4058 6344
282 290 424 350 1415

280 410 458 475 postea
484 416 503 453 :
528 398 606 452 Ab
627 393 849 450 occultis
877 392 1233 475 meisnmunda
1256 405 1361 475 ine,
1398 386 1641 475 Domine,
1681 392 1735 437 et
1772 382 1841 436 ab
1870 387 1918 442 Α

282 456 471 527 alienis
497 481 658 537 parce
684 479 839 520 servo
860 472 978 537 tuo.
1009 461 1209 537 Deinde
1234 458 1548 537 dicendum;
1578 456 1844 537 EgoIver‘o

279 523 579 597 ὀῖᾱιιυηὲιη
612 551 786 589 meam
809 535 874 587 ad
903 542 975 595 te,
1018 531 1497 603 Domine,_tempus
1522 523 1844 603 beneplaciti

280 612 441 668 Deus.
487 609 541 662 ln
572 604 913 660 multitudine
960 600 1342 654 misericordia:
1383 606 1484 668 tua:
1510 597 1703 657 exaudi
1734 605 1840 668 me,

280 661 596 750 invveritate
631 675 962 750 salutis_tu:_e_.
992 671 1152 750 Eripe
1180 685 1265 750 me
1290 669 1362 750 de.
1382 667 1494 719 luto
1532 674 1590 750 ui
1616 661 1842 750 noniu-

279 733 435 818 ilgar,
470 746 637 800 libera
665 758 750 797 me
795 742 865 818 ab
903 743 987 795 bis
1015 733 1106 818 qui
1143 738 1370 818 oderunt
1398 751 1503 799 me,
1534 742 1588 818 et
1711 744 1842 818 pru-

279 811 456 873 l'tindis
481 828 761 885 aquarum.
796 812 911 866 Non
938 825 1024 885 me
1051 811 1326 885 demergat
1358 812 1842 885 tetnpestas‘aquae,

280 902 453 957 neque
475 878 765 939 absorbeat
787 896 871 935 me
893 878 1239 957 mofuudum,
1271 890 1449 957 neque.
1474 879 1661 943 urgeat
1682 882 1845 957 super

281 944 380 1010 me.
393 964 587 1025 puteus
613 968 674 1007 os
703 966 877 1025 suum.
896 944 1114 1025 'Euaudi
1145 962 1249 1008 me,
1300 944 1544 1025 Domine,
1586 944 1844 1025 quoniam

281 1005 516 1094 benigna
533 1005 637 1077 est
657 1005 1037 1094 misericordia
1078 1026 1191 1079 tua,
1227 1005 1537 1094 secundum
1554 1005 1846 1094 multitudi—

281 1083 435 1149 nem"
453 1093 854 1146 miserationum
904 1097 1112 1142 tuarum
1165 1085 1372 1152 respice
1420 1083 1474 1152 in
1515 1093 1639 1140 me,
1671 1084 1844 1152 _et_ne

279 1144 492 1216 avertas
512 1144 707 1215 faciem
736 1169 880 1213 tuam
912 1173 941 1211 a
968 1169 1136 1225 puero
1164 1144 1289 1225 tuo,
1316 1150 1568 1220 quoniam
1615 1144 1844 1225 tribulor

279 1215 533 1286 velociter
570 1229 763 1284 exaudi
810 1242 915 1281 me.
938 1215 1157 1281 Intende
1205 1215 1396 1275 animm
1425 1232 1558 1273 mea:
1588 1224 1642 1270 et
1672 1215 1844 1286 libera

276 1283 667 1370 eiimi‘rbptei
696 1298 943 1370 inimicos
970 1308 1119 1348 meos
1144 1292 1292 1359 eripe
1321 1304 1403 1370 me
1424 1328 1440 1353 ,
1491 1287 1734 1341 Domine.
1766 1283 1843 1335 Ac

277 1367 475 1440 postea,
503 1367 891 1440 Citriste,_audi
904 1379 1017 1440 _nos
1045 1372 1143 1424 ter,
1170 1371 1216 1413 et
1257 1368 1445 1440 cateia
1473 1373 1590 1440 quia
1619 1370 1846 1440 sequitu-

279 1425 386 1503 iur,
403 1425 533 1492 siéut
562 1425 734 1506 prius;
748 1436 788 1489 Τ
791 1452 891 1489 um:
904 1435 1064 1506 Pater
1082 1439 1283 1506 noster,
1299 1439 1344 1482 et
1376 1425 1550 1506 Credo
1576 1425 1637 1506 in
1650 1425 1840 1502 Deum.

278 1492 408 1561 11ωέ
437 1492 573 1560 enini
602 1507 777 1559 omnia
800 1507 971 1574 prima
1010 1502 1113 1554 diei
1134 1501 1265 1574 hora
1285 1496 1499 1574 agenda
1519 1502 1639 1548 sunt
1669 1492 1845 1574 priua-

279 1559 713 1637 iisﬁioratiouibus,
742 1559 812 1627 ac.
832 1582 1009 1643 postea
1048 1559 1692 1643 ouationespeculiareset
1722 1559 1846 1643 lita:-

276 1647 367 1699 πᾶα
410 1644 637 1714 plenitus
660 1631 960 1714 peragtitur.
991 1670 1064 1680 —-
1086 1631 1379 1714 Diligenter
1402 1631 1732 1714 pensandum
1759 1635 1845 1714 esi.

1264 275 1601 335 APPENDIX
1639 274 1725 330 IV.
1767 302 1837 314 —
1876 267 2205 325 LlBELLlLS
2242 264 2539 320 PRECUM.

3376 260 3513 317 HN

2156 376 2317 430 Fides
2354 374 2552 429 Aurelii
2599 372 2870 440 Augustini
2901 372 2965 424 de
3000 371 3140 435 Filio
3187 372 3301 426 Dei.

2015 471 2140 526 llzec
2166 480 2249 524 est
2271 470 2425 531 ﬁdes,
2454 484 2573 538 qua:
2597 470 2781 537 paucis
2807 466 2987 522 verbis
3021 467 3249 520 tenenda
3282 467 3333 520 iu
3367 482 3513 538 sym-

1943 540 2067 594 bolo
2116 540 2340 595 novellis
2385 539 2707 593 Christianis
2749 540 3079 604 datur;qu:e
3126 551 3298 604 pauca
3346 538 3511 591 verba

1945 610 2188 664 ﬁdelibus
2229 619 2352 663 nota
2383 618 2528 673 sunt,
2561 615 2619 660 ut
2647 608 2916 663 credendo
2942 604 3231 673 subjugati,
3262 615 3407 660 recte
3433 606 3516 659 vi-

1945 691 2093 741 vant,
2123 688 2269 734 recte
2294 678 2523 733 vivendo
2571 693 2666 732 cor
2705 678 3000 739 mundent,
3040 675 3203 728 corde
3252 677 3514 729 mandato

1943 749 2086 827 quod
2107 750 2349 827 credunt
2376 746 2871 827 intelligant...iin.us
2895 746 3036 826 Deus
3071 743 3229 827 Pater
3256 755 3309 799 et
3347 745 3515 827 filius

1943 815 1999 872 et
2027 818 2263 885 Spiritus
2300 826 2518 870 sanctus
2556 815 2850 871 invisibilis
2872 856 2885 879 ,
2937 815 3511 885 incomprehensibilis,

1944 883 2299 948 inviolabilis,
2348 887 2845 953 incoinquinabilis,
2895 885 2985 951 qui
3035 883 3178 937 solus
3222 885 3383 938 habet
3415 886 3516 938 ima

1943 956 2326 1031 mortalitatem
2346 994 2359 1018 ,
2386 961 2458 1031 et.
2476 955 2647 1008 lucem
2680 953 3371 1031 habitat_inaceessibilem.
3396 953 3515 1022 Ipse

1942 1025 2122 1080 lumen
2154 1039 2338 1077 verum
2357 1063 2369 1083 ,
2410 1023 2517 1075 vita
2542 1034 2597 1076 et
2624 1023 2844 1086 veritas,
2895 1024 3068 1076 bonus
3092 1030 3148 1076 et
3173 1038 3434 1087 summus,
3457 1031 3514 1077 et

1942 1108 2275 1165 quaecunque
2320 1094 2385 1146 de
2428 1092 2517 1145 illo
2567 1092 2831 1165 humanus
2889 1107 3068 1145 sermo
3102 1092 3304 1165 poterit
3344 1107 3515 1165 ennu-

1945 1161 2103 1219 tiare.
2143 1161 2273 1229 Quae
2317 1171 2496 1215 tamen
2552 1163 2619 1215 ab
2665 1177 2730 1215 eo
2772 1164 2987 1224 dantur,
3027 1169 3087 1214 ut
3138 1161 3318 1231 aliquo
3356 1162 3515 1216 modo

1944 1235 2050 1289 dici
2104 1233 2465 1302 possint;rex
2509 1245 2630 1302 _quo
2673 1233 2893 1295 omnia,
2937 1245 3037 1302 per
3082 1244 3240 1302 quem
3295 1232 3511 1302 omnia,

1944 1305 2057 1357 sive
2095 1300 2285 1365 sedes,
2334 1301 2447 1355 sive
2491 1300 2918 1362 dominationes,
2973 1300 3085 1353 sive
3112 1300 3471 1369 principatus
3496 1338 3512 1365 ,

1944 1374 2056 1427 sive
2084 1378 2397 1439 potestates,
2422 1377 2475 1423 et
2499 1370 2676 1422 omnia
2700 1385 2795 1439 per
2826 1370 2997 1438 ipsum
3022 1377 3077 1422 et
3109 1368 3513 1439 inripsocreata

1944 1436 2099 1505 sunt,
2130 1441 2267 1495 sicut
2293 1440 2349 1492 in
2372 1445 2599 1507 utroque
2623 1436 2944 1492 testamento
2990 1436 3300 1507 humilibus,
3343 1447 3399 1492 et
3425 1439 3514 1507 pie

1944 1510 2308 1581 qumrentihus
2333 1506 2724 1561 manifestatur.
2754 1508 2856 1578 Ipsi
2895 1506 3062 1576 gloria
3094 1506 3148 1558 in
3187 1507 3380 1560 saecula
3412 1506 3512 1562 sieo

1945 1578 2211 1635 culorum.
2240 1578 2430 1631 Amen.

2015 1651 2156 1703 Deus
2191 1648 2244 1702 in
2283 1646 2603 1713 adiutorium
2653 1661 2828 1699 meum
2861 1645 3078 1698 intende
3116 1644 3282 1697 tribus
3317 1644 3514 1698 vicibus

275 1700 569 1783 unicuique
602 1700 1072 1785 Chri_stiapo,_ac__
1101 1700 1327 1785 sollicite
1372 1700 1842 1785 cogitanduuiput

1949 1700 2281 1773 cur—nvCloria
2304 1700 2364 1770 et.
2380 1716 2540 1785 Kyrie
2562 1715 2782 1769 eleison.
2818 1715 2978 1785 Pater
3005 1723 3214 1785 noster,
3236 1726 3283 1766 et
3312 1730 3511 1783 preces.

277 1768 520 1837 sanctam
548 1785 599 1836 in
626 1797 685 1837 se
716 1768 996 1835 Trinitatis
1010 1778 1225 1854 divinae
1254 1768 1542 1854 imaginem
1578 1768 1842 1854 condigne

277 1862 566 1907 veneretur
595 1854 796 1906 honore
822 1864 837 1902 :
868 1865 986 1919 qua:
1009 1848 1185 1919 imago
1215 1846 1269 1897 in
1294 1839 1472 1919 anima
1497 1845 1727 1919 constat.
1745 1839 1844 1917 hu-

276 1937 473 1985 mana,
519 1922 659 1989 quod
707 1929 792 1973 est
837 1910 1061 1973 interior
1106 1910 1269 1989 homo
1315 1912 1536 1981 spiritus
1586 1910 1839 1989 hominis.

280 1991 417 2045 Nam
440 1978 595 2045 sicuti
618 1992 758 2044 Deus
777 2005 914 2042 unus
938 2001 1152 2055 semper
1179 1978 1377 2050 ubique
1404 1988 1549 2055 totus
1578 1985 1631 2032 et
1652 1978 1845 2055 plenus

277 2070 382 2123 est,
410 2061 590 2113 omnia
641 2059 937 2119 viviﬁcans,
983 2048 1222 2116 movens,
1258 2048 1312 2106 et
1340 2052 1665 2121 gubernans,
1704 2048 1845 2100 sicut

277 2129 565 2195 Apostolus
608 2128 703 2192 ait,
735 2127 874 2197 quod
898 2127 967 2197 iit
994 2142 1053 2197 eo
1080 2125 1319 2183 vivimus,
1363 2133 1628 2197 movemur
1656 2125 1717 2195 et.
1754 2131 1844 2167 su-

279 2188 424 2262 πίω,
457 2200 534 2252 sic
562 2188 999 2251 aninia'hominis
1019 2195 1071 2248 in
1099 2204 1323 2260 corpore
1350 2203 1451 2243 suo
1479 2188 1676 2254 ubique
1704 2188 1758 2262 i_n
1780 2198 1844 2238 eo

281 2277 394 2322 tota
412 2255 585 2336 'vigct,
638 2266 917 2319 viviticans
962 2279 1123 2336 eum,
1169 2255 1224 2316 et
1269 2265 1606 2336 movensnet
1649 2255 1844 2336 guber-

278 2353 443 2393 nans:
477 2324 742 2390 nee'enitn
773 2337 825 2388 in
872 2332 1168 2400 majoribus
1195 2329 1438 2403 corporis
1465 2325 1556 2403 sui
1590 2324 1844 2403 membris

277 2408 469 2476 major,
501 2415 555 2458 et
581 2407 633 2459 in
665 2394 974 2476 minoribus
996 2404 1201 2476 minor;
1235 2394 1328 2453 sed
1349 2398 1404 2451 in
1430 2394 1666 2476 minimis
1708 2400 1843 2473 tota,

280 2476 336 2528 in
366 2464 621 2529 maximis
653 2480 795 2538 tota;
844 2482 899 2527 et
931 2473 1047 2526 haec
1066 2479 1152 2524 est
1188 2470 1364 2537 imago
1414 2464 1634 2538 unitatis
1672 2464 1845 2516 omni-

278 2546 514 2614 potentis
572 2536 914 2614 Deiaq'uam
975 2542 1137 2595 habet
1184 2536 1589 2614 a_nima__in.se
1622 2546 1844 2614 "magna

280 2600 471 2667 batura
517 2622 571 2666 et
610 2600 819 2666 nobilis.
873 2610 1122 2664 Fortasse
1173 2608 1303 2662 dicit
1347 2604 1585 2673 aliquis:
1622 2600 1678 2656 Si
1715 2600 1844 2669 ergo

279 2684 442 2736 unius
482 2683 576 2737 Dei
636 2684 811 2751 imago
857 2689 959 2751 est,
1010 2678 1278 2751 quomodo
1329 2688 1457 2743 ergo
1508 2680 1603 2751 est.
1644 2680 1845 2750 sanctae

282 2753 562 2806 Trinitatis
608 2741 821 2820 imago?
864 2750 961 2804 Cui
999 2741 1286 2820 dicendum
1336 2741 1423 2820 est
1460 2760 1474 2797 :
1518 2742 1698 2820 Primo
1732 2741 1844 2820 sic-

282 2830 343 2875 ut
380 2824 521 2876 Deus
565 2830 667 2883 est,
710 2810 842 2873 vivit
884 2827 938 2871 et
984 2818 1142 2887 sapit.
1196 2816 1397 2869 Deinde
1441 2811 1684 2880 quamvis
1730 2810 1845 2887 ipsa

282 2901 465 2945 sancta
491 2879 728 2943 Trinitas
757 2890 915 2942 unius
944 2890 1015 2942 sit
1047 2879 1280 2947 natura),
1312 2899 1417 2939 non
1446 2879 1557 2935 tres
1587 2888 1764 2933 tamen
1792 2879 1844 2932 in

282 2975 342 3014 se
392 2960 678 3029 dignitates
708 2960 887 3029 habet,
931 2958 983 3011 id
1013 2964 1095 3011 est
1124 2955 1485 3029 ‘inteliectum,
1514 2949 1845 3004 voluntatem

281 3039 337 3084 et
366 3022 681 3083 memoriam
709 3043 723 3080 :
755 3028 1001 3081 similiter
1050 3025 1229 3079 anima
1272 3022 1506 3077 hominis
1536 3035 1643 3073 una
1692 3032 1845 3072 mens

280 3107 385 3161 est,
412 3113 515 3150 una
566 3099 695 3159 vita,
729 3113 832 3150 una
863 3095 1183 3157 substantia,
1235 3092 1374 3147 sicut
1427 3105 1565 3161 unus
1598 3089 1742 3161 Deus
1789 3087 1843 3139 in

281 3157 455 3221 tribus
480 3157 743 3236 personis,
777 3167 829 3219 in
856 3182 961 3219 una
1001 3173 1179 3236 tamen
1216 3160 1549 3224 substantia;
1585 3157 1678 3212 sed
1729 3157 1845 3236 hinc

282 3237 387 3290 tria
437 3225 554 3305 uiue
589 3225 750 3290 habet
798 3237 977 3305 anima
1018 3235 1072 3286 in
1125 3247 1210 3295 se,
1245 3248 1351 3305 non
1395 3237 1521 3305 sunt
1560 3236 1667 3280 tres
1698 3225 1842 3305 vitae,

282 3307 422 3359 sicut
445 3299 548 3358 non
577 3314 683 3359 tres
713 3306 816 3369 Dii,
848 3304 941 3359 sed
970 3318 1075 3356 una
1121 3310 1203 3355 est
1248 3302 1379 3363 vita,
1420 3299 1559 3352 sicut
1582 3310 1723 3348 unus
1763 3303 1848 3350 est

282 3376 458 3438 Deus;
502 3391 600 3428 nec
628 3384 735 3427 tres
762 3382 989 3436 mentes,
1019 3372 1113 3425 sed
1140 3386 1247 3423 una
1277 3383 1427 3423 mens
1454 3373 1847 3438 consequenter

284 3436 489 3511 utique,
523 3459 626 3495 nou
658 3451 768 3495 tres
790 3442 1122 3503 substantiae,
1152 3438 1379 3511 seduna
1402 3436 1702 3511 substantia
1721 3440 1804 3486 est
1828 3448 1842 3495 ;

282 3503 508 3583 proinde
557 3512 669 3564 haec
708 3511 811 3583 tria
853 3525 1018 3583 unum
1071 3508 1298 3583 s_unt,_id
1331 3503 1711 3583 est-unavita,
1742 3517 1846 3554 una

283 3573 458 3645 incus,
512 3596 616 3633 uua
670 3579 967 3632 substantia
1022 3577 1202 3629 anima
1230 3575 1482 3636 hominis,
1524 3573 1849 3645 sicut_uuus

284 3640 635 3704 Deus'Pater
680 3660 733 3701 et
766 3649 934 3702 Filius
977 3654 1033 3698 et
1077 3646 1311 3714 Spiritus
1359 3651 1579 3714 sanctus
1617 3658 1628 3692 :
1681 3640 1845 3693 habet

282 3721 427 3773 cuim
451 3728 505 3772 et
530 3719 630 3771 alia
657 3717 757 3770 tria
788 3718 965 3771 anima
997 3716 1048 3768 in
1075 3711 1152 3777 se,
1178 3714 1230 3767 id
1260 3720 1344 3766 est
1378 3711 1726 3771 intellectum,
1757 3723 1850 3762 vo-

284 3789 568 3851 luntatem,
608 3797 769 3856 atque
811 3786 1171 3856 memoriam:
1220 3781 1314 3856 sed
1361 3790 1537 3856 tamen
1582 3780 1697 3833 hzec
1746 3779 1848 3831 tria

284 3873 389 3910 una
423 3850 598 3910 anima
624 3850 706 3910 esi
735 3878 745 3908 ;
776 3858 901 3925 quia
943 3854 1245 3925 intellectus
1269 3852 1387 3906 sine
1414 3850 1710 3925 _voluntate
1733 3862 1849 3925 _non

285 3935 386 3987 est,
410 3928 549 3980 sicut
589 3926 747 3979 Pater
784 3916 897 3979 sine
921 3924 1075 3986 Filio,
1110 3937 1379 3991 nunquam
1408 3919 1507 3973 fuit
1534 3933 1646 3991 _ncc
1664 3916 1851 3991 voiun-

286 3986 381 4050 tas
402 3997 515 4050 sine
546 3996 833 4059 intellectu,
862 3994 1000 4048 sicut
1033 4007 1132 4046 nec
1174 3986 1341 4044 Filius
1369 3991 1483 4043 sine
1534 3988 1692 4059 Patre
1709 3986 1743 4059 ;'_
1764 4000 1851 4039 ne-

284 4080 391 4134 que
420 4065 735 4125 intellectus,
762 4057 1211 4134 nequevoluntas
1235 4060 1350 4114 sine
1395 4057 1677 4134 memoria,
1704 4057 1849 4109 sicut

288 4127 389 4188 nec
417 4134 575 4187 Pater
601 4150 697 4187 nec
725 4127 889 4186 Filius
916 4133 1031 4185 sine
1058 4130 1259 4199 Spiritu
1284 4136 1499 4199 sancto,
1519 4127 1609 4196 qui
1643 4141 1707 4179 ex
1734 4140 1850 4177 am-

288 4203 460 4259 bobus
484 4204 739 4272 procedit.
772 4202 863 4257 Sic
888 4210 943 4255 et
978 4198 1242 4272 memoria
1264 4214 1330 4253 ex
1358 4198 1629 4252 intellectu
1667 4203 1720 4248 et
1759 4209 1852 4247 vo-

288 4268 500 4326 luntate
545 4273 803 4340 procedit,
834 4272 958 4340 quia
1006 4272 1050 4324 si
1098 4268 1400 4340 intellectus
1429 4282 1534 4321 non
1562 4273 1853 4340 esset,_vo—

287 4343 470 4396 luntas
495 4333 678 4408 utique
708 4333 812 4395 non
841 4333 1052 4404 fuisset,
1083 4355 1146 4393 ac
1177 4339 1220 4393 si
1250 4333 1551 4408 inl'ellectus
1587 4346 1642 4389 et
1667 4333 1853 4387 volun-

289 4420 375 4464 tas
400 4427 506 4465 non
536 4382 737 4472 essent,
769 4382 1210 4477 memoria’cujus
1242 4406 1435 4461 luisset
1451 4406 1631 4477 {Quae
1672 4412 1850 4477 tanien
1882 4382 1929 4441 ί)

289 4481 394 4533 tria
417 4495 521 4534 una
550 4489 632 4533 est
659 4471 869 4542 anima;
903 4479 985 4533 sic
1008 4471 1146 4532 unus
1178 4485 1262 4532 est
1298 4478 1438 4530 Deus
1468 4476 1630 4528 Pater
1657 4481 1712 4527 et
1759 4471 1851 4542 Fi-

290 4549 393 4603 lius
414 4559 466 4603 et
492 4548 724 4617 Spiritus
749 4557 986 4611 sanctus,
1025 4548 1167 4616 quod
1206 4547 1257 4599 in
1283 4545 1571 4617 Evangelio
1592 4544 1729 4617 bene
1754 4541 1850 4593 de-

291 4612 643 4681 monstraiur,
683 4619 805 4671 dum
836 4619 966 4671 dicit
994 4636 1006 4670 :
1032 4612 1229 4685 Diliges
1271 4612 1551 4685 Domitium
1580 4612 1744 4664 Deum
1789 4625 1855 4662 ea:

290 4698 396 4741 toto
433 4686 586 4740 corde
632 4697 739 4747 tuo,
772 4689 825 4740 id
870 4697 943 4740 est
987 4703 1050 4739 ea:
1097 4683 1203 4738 toto
1246 4683 1526 4744 intellectu,
1560 4690 1607 4734 et
1653 4696 1717 4733 ea:
1743 4688 1854 4731 tota

290 4758 467 4810 anima
492 4767 601 4821 tua,
627 4757 681 4809 id
702 4767 773 4810 est
794 4766 840 4810 et
862 4772 926 4809 ea:
945 4765 1052 4808 tota
1080 4754 1342 4808 voluntate
1366 4766 1383 4803 :
1407 4762 1452 4805 et
1474 4767 1537 4804 ex
1558 4759 1666 4803 tota
1689 4757 1857 4821 mente

292 4836 407 4889 tua,
438 4824 492 4877 id
530 4817 624 4889 est,
653 4842 717 4878 ea:
763 4826 904 4877 οηιηὶ
947 4825 1217 4878 memoria.
1249 4821 1359 4877 Nec
1395 4822 1539 4875 enim
1569 4827 1651 4873 est
1673 4817 1853 4889 anima

291 4887 407 4948 sine
440 4894 523 4947 his
548 4887 735 4954 tribus,
770 4895 862 4948 scd
901 4895 1076 4946 anima
1113 4892 1436 4953 intellectus,
1460 4891 1637 4943 anima
1667 4887 1857 4940 volun-

294 4972 375 5016 tas
410 4972 511 5027 est,
531 4964 706 5016 anima
736 4964 992 5016 memoria
1022 4970 1124 5025 est,
1163 4977 1267 5015 non
1299 4970 1475 5016 tamen
1507 4969 1618 5013 tres
1641 4958 1854 5027 animae,

293 5034 388 5085 sed
416 5048 520 5086 una
552 5033 729 5085 anima
759 5032 887 5085 istas
913 5040 1023 5084 tres
1050 5032 1100 5083 in
1130 5046 1188 5084 se
1231 5031 1519 5099 dignitates
1552 5027 1778 5099 habens,
1804 5026 1858 5078 in

274 5102 489 5173 [quibus
517 5101 804 5173 imaginem
827 5101 919 5154 Dei
951 5103 1110 5173 geritt
1150 5096 1485 5167 Quapropter
1511 5096 1738 5173 sollicite
1776 5102 1862 5173 e__st

292 5164 750 5239 perpendenditm,
797 5178 856 5223 ut
882 5164 1249 5237 unusquisque
1270 5164 1330 5220 in
1356 5164 1412 5239 se
1457 5166 1644 5239 prima:
1671 5164 1859 5218 condi-

296 5235 459 5311 iiotiis
484 5240 1013 5311 smerexcelleutiam,
1042 5235 1100 5291 et
1118 5235 1474 5311 venerandam
1503 5235 1555 5288 in
1577 5249 1634 5288 se
1658 5240 1858 5311 sancte

297 5310 577 5364 Trinitatis
600 5299 885 5378 imaginem
910 5299 1278 5377 recognoscat,
1302 5313 1356 5359 et
1383 5301 1781 5378 honoremDei,
1795 5299 1862 5353 ad

296 5394 457 5447 quem
485 5369 830 5436 ci-eatusvest.
863 5369 1141 5432 nobilifate
1190 5389 1433 5447 morum,
1480 5371 1740 5426 exercitio
1769 5369 1864 5447 bo-

297 5439 491 5504 norum
520 5463 764 5518 operum,
791 5445 1414 5518 dignitateimeritorum,
1446 5457 1658 5518 summi)
1685 5439 1863 5518 studio

297 5508 571 5573 venerare
593 5508 900 5580 contendat,
927 5525 987 5570 ut
1007 5516 1073 5569 ad
1105 5523 1360 5569 aeternam
1388 5527 1569 5566 coram
1616 5510 1725 5565 Deo
1748 5508 1864 5577 glo-

299 5588 439 5642 riam
476 5596 532 5642 et
560 5588 942 5642 beatitudinem
981 5584 1262 5653 pervenire
1297 5590 1583 5637 mercatur.

1942 1790 2010 1843 Et
2030 1803 2097 1841 ne
2126 1803 2223 1841 nos
2251 1784 2490 1840 inducas.
2518 1786 2629 1854 Ego
2649 1786 2783 1849 dixi,
2810 1784 3054 1854 Domine,
3074 1784 3345 1854 miserere
3383 1786 3509 1854 inci.

1942 1858 2288 1917 Convertere,
2318 1852 2587 1917 Domine,—
2602 1869 2898 1976 uswtequo.
2930 1852 3085 1907 Oculi
3117 1853 3345 1905 Domini.
3373 1852 3515 1906 Con-

1944 1928 2197 1976 ﬁteantnr
2228 1925 2359 1976 tibi.
2396 1925 2641 1976 Domine.
2721 1938 2750 1976 e
2797 1923 3142 1976 derelinquas
3176 1935 3294 1976 me.
3336 1923 3515 1975 Domi-

1943 1928 2197 1981 ﬁteantur
2228 1925 2359 1989 tibi,
2396 1925 2641 1979 Domine.
2676 1923 2750 1978 Ne
2797 1923 3142 1991 derelinquas
3176 1935 3294 1983 me,
3336 1923 3516 1975 Domi-

1942 2012 2028 2051 ne.
2062 1997 2279 2050 Intende
2306 1996 2357 2048 in
2405 1992 2730 2061 adjutorium
2774 2006 2972 2054 meum,
3009 1991 3231 2061 Domine
3256 1991 3398 2045 Deus
3427 2008 3515 2046 εει-

1944 2066 2070 2120 Iutis
2107 2081 2258 2120 meae.
2313 2058 2657 2132 Complaceat
2685 2062 2817 2124 tibi,
2855 2061 3101 2132 Domine.
3150 2058 3233 2113 Ab
3284 2062 3515 2132 occultis

1944 2137 2080 2191 meis
2108 2136 2305 2189 munda
2331 2130 2712 2197 mefDomine.
2743 2132 2907 2195 Pone,
2942 2130 3185 2190 Domine,
3213 2130 3515 2185 custodiam

1943 2207 2024 2261 ori
2056 2220 2193 2260 meo.
2228 2204 2353 2257 Non
2375 2201 2612 2258 declines
2652 2217 2747 2256 cor
2770 2215 2970 2254 meum.
3006 2199 3124 2253 Non
3150 2198 3318 2252 intres
3347 2199 3399 2252 in
3423 2200 3518 2269 ju-

1944 2276 2162 2330 dicium.
2216 2273 2509 2341 Repleatur
2548 2286 2852 2341 osrmeum
2904 2270 3089 2341 laude,
3148 2275 3422 2331 attamen,
3483 2283 3518 2323 ο

1943 2345 2197 2406 Domine,
2249 2337 2453 2397 salvum
2490 2356 2576 2396 me
2627 2340 2740 2403 fac;
2790 2340 2997 2408 respice
3040 2337 3095 2391 in
3142 2352 3327 2390 servos
3372 2344 3516 2401 tuos,

1943 2422 1998 2469 et
2045 2415 2116 2467 sit
2160 2410 2670 2483 splendoeromini
2720 2410 2814 2483 Dei
2855 2408 3023 2483 n_ostri
3079 2418 3242 2483 super
3270 2420 3406 2483 _nos,
3438 2409 3519 2461 di-

1943 2484 2058 2553 rige
2081 2523 2095 2547 ,
2134 2476 2391 2546 Domine,
2436 2481 2595 2535 hodie
2642 2480 2825 2533 corda.
2863 2476 3052 2531 Postea
3076 2517 3089 2541 ,
3135 2476 3389 2531 Dominus
3429 2492 3520 2533 vo-

1943 2552 2175 2608 hiscum.

2548 2618 2684 2672 Item
2723 2616 2910 2671 oratio.

2015 2710 2239 2766 Domine
2278 2717 2480 2773 sancte,
2516 2706 2677 2760 Pater
2724 2705 3083 2773 omnipotens,
3112 2711 3308 2756 :eterue
3353 2703 3516 2769 Deus,

1945 2782 2038 2851 qui
2075 2797 2134 2835 es
2164 2781 2366 2851 doctor
2393 2788 2733 2851 sanctorum,
2766 2783 2821 2828 ct
2848 2774 3036 2851 dirigis
3079 2774 3271 2851 itinera
3298 2784 3517 2851 sancto:

1948 2843 2089 2915 rum,
2122 2850 2294 2918 dirige
2324 2847 2568 2916 angelum
2620 2846 2767 2918 pacis
2821 2844 3097 2918 nobiscum
3122 2883 3151 2918 ,_
3185 2843 3274 2910 qui
3308 2857 3404 2918 nos
3450 2843 3519 2897 ad

1948 2912 2357 2973 loca'destinata
2386 2912 2666 2985 perducat.
2698 2914 2783 2968 Sit
2812 2913 2977 2985 nobis
3014 2912 3303 2985 comitatus
3324 2912 3520 2985 jucunf

1949 2990 2067 3052 dus,
2090 2998 2150 3042 ut
2186 2988 2363 3043 nullus
2386 2982 2484 3040 via:
2514 2993 2711 3040 nostra:
2741 2983 3006 3050 subripiat
3030 2982 3299 3055 inimicus.
3326 2982 3519 3055 Procul

1871 3046 1918 3111 C
1948 3076 1977 3112 a
2018 3046 2175 3113 nobis
2204 3057 2275 3111 sit
2323 3056 2679 3125 malignorum
2732 3046 3087 3125 accessuSLei
3133 3066 3318 3125 _comcs
3360 3052 3516 3107 nobis

1944 3129 2192 3200 dignetur
2214 3142 2333 3182 esse
2364 3120 2576 3194 semper
2603 3131 2840 3200 sanctus.
2866 3121 2970 3174 Per
2996 3120 3300 3175 Dominum.

2321 3217 2504 3270 Oratio
2552 3198 2644 3285 pro
2684 3214 2785 3267 iter
2830 3211 3121 3281 agentibus.

2010 3308 2255 3372 Domine,
2287 3314 2473 3360 sancte
2492 3346 2505 3371 ,
2552 3304 2711 3358 Pater
2738 3303 3101 3370 omnipotens,
3129 3309 3328 3372 mterne
3354 3299 3514 3372 Deus,

1941 3378 2235 3447 propitiare
2261 3376 2496 3444 digneris
2522 3373 2996 3447 supplicationibus
3037 3371 3257 3447 nostris,
3282 3379 3336 3423 et
3366 3371 3520 3447 mitie

1944 3440 2191 3515 ang-clum
2234 3440 2379 3498 tuuin
2407 3440 2651 3498 sanctum
2673 3443 2979 3515 nobiscum,_
2997 3441 3088 3515 qui
3117 3454 3214 3493 nos
3236 3454 3266 3515 a
3305 3440 3517 3515 cunctis

1945 3508 2361 3568 adversitatibus
2394 3520 2662 3581 protegat,
2688 3511 2814 3581 etin
2842 3509 3061 3581 servitio
3087 3509 3256 3581 sancti
3285 3508 3518 3561 nominis

1946 3584 2023 3636 tui
2055 3583 2252 3650 ubique
2274 3577 2573 3642 custodiat;
2592 3591 2649 3650 ut
2675 3579 2851 3632 nullus
2892 3592 2991 3630 nos
3021 3580 3072 3629 in
3091 3577 3244 3650 _viam
3274 3584 3516 3650 nostram

1946 3645 2182 3719 decipiat
2221 3651 2505 3713 inimicus,
2560 3648 2654 3703 sed
2695 3662 3023 3719 mereamur_
3056 3647 3122 3719 ab
3172 3646 3319 3719 omni
3342 3645 3519 3719 _hoste

1948 3714 2299 3789 triumphum,
2341 3727 2396 3789 et
2424 3728 2526 3772 tua:
2551 3732 2763 3789 semper
2788 3716 3148 3789 miserationis
3176 3714 3479 3789 subsidium
3502 3733 3515 3768 :

1947 3784 2214 3859 quatenus
2246 3798 2332 3841 tua
2379 3784 2906 3859 jussa_compleutes,
2938 3785 3177 3859 sospites
3197 3784 3517 3859 adpropria

1949 3854 2247 3921 redeamus,
2279 3854 2475 3927 perte,
2514 3854 2729 3911 Christe
2772 3854 2923 3920 Jesu,
2974 3854 3215 3924 quicum
3264 3855 3421 3907 Patre
3465 3862 3521 3908 et

1952 3928 2171 3999 Spiritu
2185 3936 2372 3981 sancto
2396 3928 2551 3999 vivis.

2018 3996 2368 4066 Omnipotens
2394 4006 2449 4049 et
2491 3994 2797 4048 misericors
2823 3996 2984 4055 Deus,
3031 4001 3182 4066 tuum
3231 4006 3393 4066 super
3420 4007 3519 4066 nos

1950 4082 2144 4122 nomen
2180 4061 2454 4134 supplices
2502 4066 2829 4126 invocemus,
2884 4074 2941 4117 ut
2990 4072 3074 4115 tua
3112 4062 3371 4131 largiente
3406 4061 3518 4116 cle-

1950 4136 2151 4191 mentia
2182 4138 2316 4189 bene
2343 4136 2675 4189 ambulemus
2714 4134 2766 4186 in
2814 4134 3112 4203 prosperis,
3144 4141 3199 4185 et
3232 4139 3297 4203 ut
3324 4146 3520 4203 nomen

1953 4217 2106 4261 tuum
2137 4206 2207 4260 sit
2245 4220 2458 4273 semper
2486 4205 2539 4258 iu
2587 4201 3022 4273 cogitationibus,
3050 4202 3105 4255 in
3134 4201 3333 4273 verbis,
3379 4208 3435 4254 et
3463 4202 3520 4254 in

1952 4276 2205 4345 operibus
2243 4271 2463 4337 nostris,
2503 4271 2674 4345 angeli
2722 4272 2796 4325 tui
2850 4272 3019 4345 sancti
3054 4271 3383 4345 comitentur
3417 4286 3518 4323 no-

1954 4340 2193 4409 biscum;
2233 4340 2714 4412 archangelorum,
2760 4341 3187 4412 patriarcharum
3236 4340 3531 4407 prophetai

1955 4431 2074 4469 rum
2101 4455 2114 4477 ,
2172 4410 2534 4482 apostolorum
2560 4451 2574 4476 ,
2627 4410 3367 4482 martyrumiiiconfessoritm
3392 4449 3405 4471 ,
3466 4418 3521 4463 et

1952 4485 2190 4538 omnium
2207 4478 2528 4536 sanctorum
2584 4489 2795 4533 tuorum
2829 4479 3152 4532 auxilientur
3203 4478 3355 4531 nobis
3398 4494 3523 4531 ora-

1954 4555 2143 4607 tiones.
2178 4553 2395 4613 Emitte,
2424 4550 2667 4612 Domine,
2697 4563 2859 4617 super
2884 4564 2983 4601 nos
3007 4549 3252 4618 spiritum
3298 4549 3518 4618 castita-

1953 4624 2045 4686 tis,
2074 4622 2436 4688 benignitatis,
2464 4629 2518 4674 et
2540 4616 2801 4679 veritatis,
2826 4616 3203 4688 misericordia:
3229 4627 3280 4670 et
3305 4616 3523 4688 largitaf

1957 4693 2045 4756 tis,
2077 4686 2287 4759 ttueque
2324 4700 2593 4759 perpetuae
2642 4688 2945 4759 charitatis,
2984 4686 3119 4759 lucis
3147 4695 3201 4759 et
3228 4686 3521 4759 pacis,’qui

1956 4754 2056 4815 nos
2086 4754 2254 4832 regat,
2286 4754 2549 4832 piotégat,
2577 4766 2737 4825 atque
2780 4758 2849 4810 ab
2872 4757 3201 4832 omni_tualo
3223 4754 3521 4832 _ideiendat,

1957 4840 2016 4885 ut
2045 4824 2476 4900 per'vias'plana's
2491 4824 2733 4900 etrecias
2754 4839 2874 4879 cum
2902 4826 3048 4900 omni
3080 4826 3268 4880 ﬁducia
3295 4824 3523 4900 sineim—

1955 4894 2260 4983 pedimeuto
2287 4894 2494 4983 loca
2512 4896 2823 4983 desiderata
2845 4896 3110 4983 possimus
3136 4894 3437 4983 pervenire,
3467 4900 3524 4946 et

1958 4963 2011 5025 in
2045 4970 2260 5023 nomine
2289 4976 2380 5020 tuo
2401 4974 2586 5019 sancto
2612 4980 2731 5018 cum
2761 4964 2990 5018 sanitate
3017 4974 3071 5017 et
3096 4964 3277 5017 hetitia
3301 4963 3367 5014 ad
3400 4977 3522 5030 pro-

1958 5039 2072 5109 pria
2101 5038 2368 5109 possimus
2387 5035 2686 5089 habitacula
2706 5048 2967 5087 remeare.
2990 5033 3095 5087 Per
3118 5032 3398 5087 Dominum
3422 5047 3524 5086 no-

1960 5105 2131 5161 strum
2158 5105 2360 5159 Jesum.

2031 5176 2255 5228 Domine
2280 5172 2408 5227 Jesu
2444 5172 2677 5238 Christe,
2706 5173 2987 5227 mitissime
3022 5172 3182 5233 Deus,
3209 5169 3301 5239 qui
3339 5168 3526 5224 dixisti
3556 5172 3561 5185 '

1965 5243 2356 5326 paenitentiam.
2386 5252 2437 5297 te
2482 5244 2634 5326 malle
2670 5252 3044 5326 peccaioruuh
3074 5255 3234 5326 quam
3274 5247 3526 5326 mortem,

1969 5310 2281 5368 immensam
2311 5312 2647 5366 clementiam
2671 5310 2825 5365 tuam
2844 5310 3136 5364 hmnillime
3154 5310 3431 5379 deprecor,
3460 5310 3528 5365 de

1968 5382 2219 5437 omnibus
2239 5383 2475 5449 peccatis
2504 5391 2558 5434 et
2578 5383 2786 5437 delictis
2815 5381 2947 5433 meis
2965 5378 3287 5448 capitalibus
3311 5378 3393 5433 vel
3428 5380 3516 5431 mi-

1969 5453 2135 5513 nutis,
2170 5466 2489 5520 quocunque
2531 5454 2688 5507 modo
2724 5454 2775 5505 in
2813 5449 3050 5518 quolibet
3079 5465 3264 5501 eorum
3297 5449 3528 5520 pollutus
3610 5516 3615 5519 _

1972 5518 2211 5583 fuissem,
2244 5530 2336 5574 aut
2357 5518 2530 5574 adhuc
2554 5524 2676 5583 sim,
2702 5521 2783 5573 vel
2805 5520 2996 5572 noxius
3021 5533 3203 5571 coram
3228 5528 3298 5580 te,
3330 5518 3443 5571 sive
3474 5520 3527 5569 in

1972 5592 2229 5657 cogitatu,
2258 5592 2369 5643 sive
2397 5591 2448 5643 in
2482 5593 2669 5651 verbo,
2695 5591 2807 5641 sive
2850 5590 2903 5641 iu
2933 5602 3113 5657 opere,
3164 5588 3396 5641 scienter
3436 5590 3527 5657 aut

1975 5655 2304 5729 ignoranter,
2345 5669 2532 5730 sponte
2563 5660 2642 5712 vel
2673 5658 2889 5725 invitus,
2937 5656 3208 5711 dormiens
3260 5666 3351 5710 aut
3398 5655 3505 5723 vigi
