4058 6344
560 312 699 369 1M5

1562 300 1653 358 AD
1692 304 1913 359 OPERA
1957 305 2014 359 Β.
2058 303 2331 360 ALCUlNl
2370 304 2808 360 APPENDICES.

3680 305 3825 358 HIS

558 425 697 489 lans,
728 430 785 477 tu
830 420 959 475 mihi
982 433 1177 491 puram
1208 431 1389 471 coram
1423 424 1474 469 te
1503 423 1770 491 et_coram
1798 413 1999 469 sanctis
2025 430 2122 467 an—
2156 420 2200 476 Α
2228 414 2414 491 qn_am_
2435 414 2683 491 deberem
2706 455 2720 478 ,
2764 422 2859 491 aut
2904 428 3025 491 cum
3063 428 3167 491 non
3203 412 3441 491 jejunavi
3484 428 3613 491 eum
3644 414 3820 480 valui,

594 485 693 549 elis
723 494 830 546 tuis
867 485 1255 545 confessionem
1304 500 1463 555 agere
1516 485 1707 555 tribue,
1738 493 1794 537 et
1842 499 2027 537 veram
2062 497 2127 555 ac

584 553 887 619 ructuosam
936 557 1309 627 pmnitentiam
1344 553 1906 627 emendationemque
1933 553 2128 627 _condi-

558 648 718 702 gnam
748 640 871 702 ante
894 623 1033 702 diem
1058 627 1235 679 exitus
1258 625 1385 702 _mci_,
1417 625 1528 678 sive
1554 623 1623 702 s_i_t
1649 625 1702 676 in
1732 623 1982 702 superbia
2008 637 2128 702 mau-

556 693 641 756 t're
666 699 903 754 omnium
934 697 1208 757 vitiorum,
1226 695 1339 749 sive
1369 695 1420 746 in
1444 693 1704 763 sacrilego
1743 693 1922 761 aliquo
1945 693 2122 763 modo,

558 771 672 825 sive
693 770 746 822 in
776 766 1061 820 homicidio
1082 764 1345 834 corporali
1366 763 1450 817 vel
1482 761 1726 831 spiritali,
1767 763 1878 816 sive
1902 763 1953 834 in
1980 761 2129 834 adulf

559 839 700 899 terio
730 846 784 891 et
810 836 862 889 in
894 836 1040 905 omni
1072 830 1410 888 immunditia
1428 830 1613 905 cordis
1639 842 1703 905 Aet
1739 832 2003 905 corporis,
2044 830 2128 905 vel

558 910 723 964 etiam
752 908 807 960 in
831 902 1123 973 voluptatis
1150 919 1333 957 amore
1352 944 1366 967 ,
1396 904 1508 957 sive
1545 903 1597 956 in
1631 902 1765 957 falso
1797 902 2126 973 testimonio,

557 978 641 1033 vel
669 978 835 1031 verbo
884 969 1171 1038 mendacii,
1198 982 1289 1027 aut
1316 974 1476 1027 etiam
1503 973 1697 1033 otioso,
1720 973 1832 1025 sive
1860 973 1914 1025 in
1949 969 2130 1040 perjn-

557 1049 672 1110 rio,
712 1054 808 1100 aut
843 1045 896 1097 in
929 1042 1262 1111 juramento,
1287 1044 1399 1097 sive
1428 1044 1480 1096 in
1526 1042 1670 1095 furto
1695 1042 1893 1110 aliquo,
1932 1043 2044 1094 sive
2076 1042 2128 1111 in

557 1118 744 1185 rapina
769 1115 853 1169 vel
873 1110 1082 1185 fraude,
1114 1114 1228 1166 sive
1250 1114 1448 1185 inodio
1464 1113 1546 1165 vel
1569 1112 1768 1185 invidia
1793 1110 2129 1185 ergaproxi-

560 1181 708 1241 mum
734 1198 913 1239 meum
966 1184 1221 1251 aliquem,
1248 1182 1330 1236 vel
1374 1183 1425 1235 in
1472 1183 1821 1236 meditatione
1857 1181 1962 1233 doli
1994 1198 2005 1232 :
2038 1186 2130 1233 aut

555 1256 612 1310 in
640 1254 753 1309 zelo
789 1253 946 1317 malo,
972 1253 1086 1307 sive
1116 1253 1167 1305 in
1200 1252 1548 1314 detractione,
1567 1252 1647 1303 vel
1682 1251 2125 1313 murmuratione,

560 1325 673 1379 sive
702 1325 755 1377 in
782 1323 1146 1384 animositate,
1181 1321 1264 1374 vel
1292 1322 1343 1374 in
1369 1322 1643 1375 iracundia
1671 1322 1891 1390 injusta,
1917 1322 1999 1374 vel
2028 1320 2128 1372 im-

559 1394 857 1455 moderata,
895 1392 1006 1445 sive
1038 1393 1109 1445 sit
1132 1392 1187 1444 in
1225 1390 1449 1443 avaritia
1477 1392 1714 1445 omnium
1755 1391 2018 1444 malorum
2044 1404 2130 1442 ra-

556 1463 690 1520 dice.
724 1462 835 1515 sive
879 1461 932 1514 in
961 1461 1099 1529 gula,
1122 1459 1204 1513 vel
1249 1461 1526 1519 ebrietate,
1559 1461 1611 1513 in
1650 1460 1903 1529 omnique
1934 1474 2129 1529 concuf

559 1532 821 1611 piscentia
851 1528 1013 1610 mala,
1052 1538 1212 1611 atque
1239 1530 1700 1611 tenacia,_sive‘in
1737 1528 2018 1609 jactantia,
2042 1528 2127 1609 vel

562 1599 738 1655 inanis
760 1599 942 1669 gloriae
968 1599 1227 1669 appetitu,
1257 1599 1308 1651 in
1341 1599 1592 1669 omnique
1616 1599 1907 1667 hypocrisi,
1938 1599 2048 1652 sive
2073 1599 2127 1650 in

559 1668 877 1732 acedia,vel
901 1677 1139 1737 torpore,
1178 1668 1231 1721 in
1257 1668 1511 1736 omnique
1544 1668 1778 1738 pigritia,
1810 1669 2127 1738 negligentia

557 1738 738 1806 aperis
763 1738 876 1800 Dei,
906 1735 1019 1790 sive
1054 1738 1105 1789 in
1142 1735 1526 1805 supplicatione
1548 1735 1735 1792 fratris
1775 1735 2019 1804 alicujus,
2048 1737 2126 1791 vel

557 1809 614 1862 in
662 1815 968 1874 contemptu
1011 1806 1146 1875 ejus,
1198 1808 1310 1860 sive
1360 1807 1559 1876 injusto
1600 1807 1825 1875 judicio,
1876 1808 1955 1861 vel
1994 1823 2125 1861 con-

558 1877 902 1931 demnatione
932 1877 1296 1935 innocentum,
1346 1878 1459 1930 sive
1506 1877 1559 1930 in
1615 1893 1680 1931 eo
1728 1876 1869 1945 quod
1914 1877 2129 1945 corpori

558 1960 681 2000 meo
718 1946 838 2014 plus
862 1946 1062 1999 laboris
1091 1946 1309 2007 indulsi,
1338 1962 1499 2014 quam
1520 1947 1676 2000 debui
1706 1948 1757 1999 in
1780 1948 1924 2000 omni
1955 1955 2131 2000 trans-

554 2016 827 2087 gressione
848 2015 1224 2087 mandatorum
1251 2015 1482 2087 Domini.
1516 2016 1716 2071 Deinde
1749 2018 1911 2070 etiam
1937 2019 2002 2071 de
2030 2016 2130 2069 mi-

557 2085 705 2155 nutis
733 2085 971 2155 peccatis
1009 2093 1212 2153 quanta
1244 2085 1323 2139 vel
1344 2087 1521 2153 qualia
1549 2087 1677 2151 sint,
1711 2096 1969 2155 quantum
2001 2102 2126 2140 seu»

555 2154 633 2209 tio
660 2165 714 2208 et
754 2154 1015 2224 intelligo,
1042 2155 1124 2208 vel
1154 2165 1353 2222 quanta
1379 2170 1445 2208 ex
1486 2157 1565 2209 eis
1590 2154 1929 2211 dinumerare
1955 2157 2129 2221 valeo,

560 2224 988 2296 quotiescunque
1025 2224 1281 2296 instinctu
1310 2225 1446 2294 gula:
1477 2226 1529 2278 in
1548 2225 1695 2296 icibo,
1723 2226 1805 2280 vel
1852 2236 1981 2295 potu
2007 2227 2128 2296 plus

553 2294 940 2364 sumpsiquam
975 2294 1105 2364 mihi
1161 2303 1306 2348 esset
1356 2295 1671 2359 necessitas,
1716 2296 1799 2349 vel
1850 2294 1971 2349 cum
2008 2294 2128 2364 plus

555 2361 784 2442 dormivi
811 2378 973 2442 quam
996 2362 1245 2440 deberem
1264 2405 1277 2426 ,
1308 2364 1393 2416 vel
1429 2380 1550 2442 cum
1575 2365 1692 2442 plus
1737 2361 2025 2442 loquebar,
2044 2366 2130 2421 vel

556 2429 679 2503 plus
710 2429 850 2503 tacui
867 2446 1026 2500 quam
1043 2429 1245 2498 justum
1277 2442 1438 2496 esset,
1466 2435 1548 2487 vel
1566 2429 1683 2503 plus
1709 2429 1981 2503 quassatio
2003 2429 2129 2491 exe-

555 2500 840 2571 gisset,’vel
856 2515 1174 2569 quocunque
1198 2503 1354 2557 modo
1372 2500 1705 2571 iniquitatem
1724 2500 2125 2571 consenseram,

555 2578 611 2622 et
636 2570 1008 2646 delinquentes
1029 2586 1133 2624 non
1165 2573 1429 2641 corripui,
1466 2570 1901 2644 quandocunque
1932 2570 2131 2646 paupe-

556 2653 646 2717 res
668 2640 733 2693 ad
758 2655 843 2694 me
870 2641 1167 2717 clamantes
1187 2640 1512 2717 exasperare
1538 2660 1643 2697 non
1666 2640 1835 2709 timui,
1851 2640 2023 2717 neque
2038 2640 2130 2717 ge-

557 2709 746 2779 mitum
766 2724 952 2763 eorum
980 2709 1180 2774 audivi,
1201 2709 1372 2779 neque
1393 2712 1656 2767 dolentem
1684 2709 1994 2769 consolatus
2010 2709 2129 2770 sum

554 2792 678 2853 eum
703 2776 856 2853 juxta
885 2780 1026 2853 vires
1075 2788 1130 2833 et
1173 2776 1480 2837 facultatem
1535 2798 1708 2853 m_eam
1756 2793 1918 2853 atque
1952 2786 2169 2852 scieng

555 2841 719 2920 tiam,
742 2848 1123 2920 indigentibus,
1155 2859 1209 2904 et
1258 2853 1434 2905 minus
1482 2841 1791 2920 potentibus
1830 2841 2131 2909 ‘subVenire

556 2916 788 2987 neglexi,
814 2916 873 2974 et
896 2918 1290 2989 eleemosyuam
1335 2916 1514 2976 minus
1553 2932 1646 2975 aut
1677 2924 1887 2978 arctius
1915 2924 2132 2981 exercui

2228 485 2312 539 vel
2333 485 2513 546 debui,
2545 500 2666 538 eum
2693 485 2898 537 tardius
2927 484 2993 536 ad
3023 484 3295 537 orationes
3312 493 3365 537 et
3391 483 3610 553 vigilias
3634 501 3825 538 resuro

2228 555 2379 617 rexi,
2402 570 2563 622 quam
2596 568 2713 608 mea
2734 562 2879 607 esset
2906 555 3220 616 necessitas,
3245 561 3337 606 aut
3364 569 3491 607 cum
3523 553 3581 607 in
3623 565 3820 610 sancta

2229 624 2456 679 ecclesia
2485 624 2571 687 vel
2594 624 2647 677 in
2673 639 2995 691 quocunque
3019 623 3280 677 orationis
3306 623 3423 678 loco
3451 623 3539 676 vel
3564 632 3822 692 tempore

2230 694 2283 747 in
2313 695 2513 748 otiosas
2541 702 2594 748 et
2618 695 2831 762 iniquas
2859 708 2945 745 me
2973 692 3183 747 fabulas
3225 693 3511 761 occupavi,
3540 702 3596 746 et
3645 695 3817 748 iusta-

2229 762 2352 833 bilis
2402 771 2456 833 et
2489 779 2655 833 vagus
2709 779 2858 817 eram
2885 762 2939 814 in
2978 762 3158 815 animo
3190 777 3331 825 meo,
3359 778 3482 833 cum
3527 779 3692 817 orare
3727 765 3818 821 vel

2230 832 2396 886 Deum
2425 832 2644 886 laudare
2672 833 2990 895 debueram;
3025 840 3119 885 aut
3164 848 3285 886 cum
3327 833 3382 886 in
3428 832 3687 895 vinculis,
3726 834 3817 889 vel

2231 901 2283 954 in
2316 902 2770 963 tribulationibus,
2800 904 2912 955 sive
2940 902 2989 954 in
3021 901 3336 955 inﬁrmitate
3359 903 3553 970 positis
3574 918 3687 956 non
3707 904 3817 958 mi-

2229 970 2475 1042 nistravi,
2515 988 2687 1042 neque
2715 986 2807 1026 eos
2836 971 3073 1042 visitavi,
3105 986 3229 1025 cum
3277 972 3559 1025 discordes
3612 980 3671 1025 ct
3706 974 3819 1028 dis-

2230 1040 2466 1096 sidentes
2509 1043 2576 1095 ad
2599 1040 2963 1096 'concordiam
3016 1056 3123 1094 non
3168 1042 3437 1105 revocavi,
3466 1042 3515 1095 si
3563 1043 3817 1099 seniores

2230 1126 2396 1174 meos,
2429 1112 2513 1165 vel
2552 1114 2854 1166 cont'ratrcs
2882 1111 2963 1162 vel
2993 1124 3341 1181 quascunque
3387 1126 3654 1179 personas
3696 1113 3820 1181 plus

2229 1183 2540 1250 exasperavi
2571 1196 2735 1249 quam
2778 1180 3167 1250 oportetmihi’,
3198 1181 3283 1233 vel
3322 1195 3445 1234 cum
3487 1180 3734 1249 aliquem
3762 1192 3821 1237 et

2228 1249 2440 1318 injustis
2480 1251 2754 1305 blanditiis
2794 1249 3036 1313 delinivi,
3066 1249 3150 1302 vel
3178 1265 3300 1303 cum
3330 1250 3667 1304 maledicere
3694 1252 3820 1307 aliis

2228 1336 2333 1374 non
2360 1322 2532 1383 timui,
2564 1334 2737 1389 neque
2766 1321 2898 1373 alios
2920 1319 3323 1387 blasphemare;
3355 1328 3600 1374 autcum
3626 1321 3821 1376 inobe-

2228 1390 2379 1443 diens
2424 1391 2499 1445 fui
2529 1392 2621 1444 Dei
2651 1389 2957 1460 przeceptis,
2997 1389 3091 1460 vel
3136 1390 3371 1443 hominis
3422 1391 3492 1443 ad
3536 1389 3819 1457 justitiam

2227 1468 2321 1512 aut
2352 1460 2578 1514 aliorum
2612 1459 2875 1514 bonorum
2916 1459 3119 1512 monita
3166 1460 3493 1528 contempsi,
3538 1475 3669 1513 cum
3700 1460 3821 1528 plus

2226 1530 2566 1599 prtcsumpsi,
2597 1538 2691 1583 aut
2712 1530 2941 1598 amplius
2967 1528 3023 1581 in
3052 1529 3399 1599 contentione
3423 1530 3615 1597 iniqua
3652 1530 3743 1582 vel
3767 1531 3821 1584 in

2227 1598 2523 1669 pertinacia
2578 1600 2849 1668 permansi
2881 1613 3042 1668 quam
3093 1598 3387 1669 deberem,
3443 1599 3720 1669 velrcum
3768 1600 3821 1653 in

2230 1668 2464 1738 ineptam
2498 1670 2737 1723 laetitiam
2758 1704 2773 1733 ,
2820 1678 2877 1723 et
2914 1669 2966 1721 in
2994 1668 3401 1733 scurrilitatem,
3436 1669 3493 1721 in
3522 1668 3724 1729 risum,
3771 1677 3825 1722 et

2233 1739 2283 1792 in
2310 1739 2494 1805 joeum
2517 1755 2714 1793 vanum
2741 1753 2827 1792 me
2843 1739 3102 1807 occupavi
3119 1778 3133 1802 ,
3166 1738 3252 1791 vel
3269 1754 3392 1791 cum
3418 1738 3823 1793 contumeliosa

2230 1810 2352 1863 aliis
2381 1810 2543 1863 verba
2568 1810 2713 1877 loqui
2742 1825 2847 1863 non
2876 1809 3075 1872 metui,
3122 1817 3215 1861 aut
3252 1808 3387 1862 alios
3415 1808 3669 1877 despexi,
3706 1809 3823 1862 sive

2231 1894 2352 1931 cum
2390 1880 2455 1933 de
2505 1880 2717 1949 injuriis
2752 1879 2837 1933 vel
2867 1878 3271 1932 contumeliosis
3318 1892 3450 1948 erga
3500 1893 3593 1931 me
3626 1879 3818 1949 verbis

2230 1949 2488 2003 ultionem
2521 1947 2727 2003 reddidi
2774 1949 2857 2003 vel
2887 1948 3111 2018 reddere
3137 1947 3402 2018 cogitavi,
3451 1955 3508 2000 et
3562 1947 3823 2015 injustam

2232 2019 2649 2073 amaritudinem
2675 2020 2731 2072 in
2752 2019 2917 2073 corde
2942 2017 3160 2081 retinui,
3189 2019 3304 2071 sive
3327 2032 3453 2071 cum
3488 2018 3621 2087 plus
3666 2034 3825 2071 mun-

2231 2089 2356 2143 dum
2396 2090 2540 2142 hunc
2585 2104 2747 2158 quam
2794 2091 2959 2143 Deum
3001 2088 3198 2151 dilexi;
3231 2088 3299 2141 de
3329 2088 3453 2141 istis
3490 2102 3720 2156 quoque
3770 2093 3831 2158 et

2233 2159 2298 2213 de
2328 2159 2445 2213 aliis
2477 2157 2632 2213 malis
2656 2158 2906 2212 omnibus
2931 2158 3229 2227 majoribus
3265 2158 3348 2211 vel
3376 2158 3714 2219 minoribus,
3737 2157 3821 2210 vel

2233 2242 2461 2297 quorum
2485 2230 2760 2291 recordor,
2800 2237 2894 2282 aut
2926 2243 3032 2281 nou
3076 2228 3353 2290 recordor,
3398 2228 3456 2279 iu
3486 2227 3825 2295 quibuscun-

2233 2312 2337 2366 que
2366 2299 2449 2353 vel
2476 2313 2798 2368 quocunque
2828 2299 2985 2352 modo
3015 2298 3255 2366 peccavi,
3290 2297 3661 2368 aut‘deliqui,
3693 2297 3819 2368 tibi;

2234 2365 2473 2436 piissime
2494 2365 2813 2423 Dominator
2838 2369 2997 2431 Deus,
3021 2365 3237 2436 pariter
3272 2365 3553 2421 confiteor
3589 2382 3605 2419 :
3638 2378 3695 2420 tu
3726 2367 3824 2420 Do-

2235 2440 2399 2502 mine,
2457 2452 2553 2506 per
2601 2436 2926 2493 ineffabilem
2978 2438 3320 2491 clementiam
3369 2446 3526 2490 tuam
3555 2474 3571 2500 ,
3629 2437 3698 2489 de
3744 2436 3825 2489 bis

2235 2510 2485 2562 omnibus
2512 2508 2564 2561 in
2605 2510 2706 2562 hac
2744 2508 2856 2560 vita
2888 2508 3136 2577 praesenti
3175 2507 3584 2561 confessionem
3610 2520 3819 2574 puram,

2235 2585 2291 2631 et
2314 2593 2496 2631 veram
2526 2593 2590 2631 ac
2613 2578 2942 2631 fructuosam
2970 2577 3340 2646 pmnitentiam
3368 2591 3539 2646 agere
3560 2577 3816 2636 concede.

2235 2654 2291 2702 et
2321 2649 2407 2701 hic
2441 2661 2537 2715 per
2583 2647 3011 2701 misericordiam
3065 2655 3213 2700 tuam
3260 2661 3384 2699 cum
3435 2646 3816 2701 emendatione

2236 2718 2500 2787 condigna
2525 2718 2738 2771 veniam
2782 2716 3099 2786 promereri,
3149 2730 3352 2787 perque
3398 2716 3824 2787 intercessiones

2236 2796 2291 2841 et
2322 2786 2512 2839 merita
2538 2794 2849 2841 sanctorum
2882 2795 3096 2839 tuorum
3137 2786 3205 2839 ad
3230 2795 3497 2840 :eternam
3526 2801 3619 2839 me
3651 2786 3821 2838 tribue

2238 2856 2624 2911 beatitudinem
2670 2856 2972 2926 pervenire,
3006 2856 3097 2923 qui
3153 2871 3364 2926 manes,
3391 2865 3451 2909 et
3499 2856 3649 2909 vivis
3688 2855 3825 2909 Dem

2238 2939 2470 2995 regnans
2502 2928 2556 2980 in
2584 2925 2779 2981 saecula
2819 2926 3160 2980 saeculorum.
3187 2925 3382 2980 Amen.

570 3057 3817 3109 ——'———-—-————--—-—————————-——————————-———————-—-—'————

1217 3175 1243 3203 α
1281 3159 1649 3221 ANNALES
1680 3166 1708 3204 ι’
1752 3163 1855 3223 UT
1898 3164 2253 3225 VlDETUR
2299 3164 2642 3227 ALCUINI.
2689 3166 2818 3226 AN.
2855 3164 3150 3225 782-797.

1750 3303 1941 3367 (Pertz,
1966 3303 2278 3355 Monumenta
2306 3306 2474 3357 Germ.
2500 3308 2638 3371 hist.)

1986 3408 2374 3431 —-—-—n

560 3472 696 3526 Pars
728 3470 891 3541 prior,
919 3487 1007 3524 an.
1034 3470 1290 3541 782-787,
1314 3488 1378 3526 ea:
1404 3471 1519 3527 cod.
1546 3473 1602 3527 S.
1637 3472 1884 3529 Germani
1912 3484 1962 3529 et
1993 3476 2133 3530 Ann.
2161 3479 2208 3540 C
2312 3479 2432 3534 790.
2474 3480 2557 3535 Ad
2582 3476 2957 3535 Wormatiam.

1141 3540 1541 3596 Juvavensibus.

628 3632 751 3687 782.
780 3631 839 3686 In
869 3630 1160 3686 Carisiaco.

629 3703 751 3757 78³5.
787 3701 840 3755 1η
870 3698 1278 3755 Theudunvilla.

630 3770 732 3825 784
760 3770 926 3840 (786).
957 3770 1013 3824 1η
1041 3770 1313 3825 Aristalle.

630 3772 732 3825 784
760 3772 926 3905 (786).
957 3772 1013 3824 1η
1041 3772 1313 3825 Aristalle.

629 3840 731 3894 785
776 3840 928 3910 787).
958 3840 1012 3894 In
1040 3840 1352 3910 Eresburgi.

628 3910 730 3980 786
764 3910 933 3980 (788).
968 3910 1235 3980 Attinago.

626 3979 728 4034 787
760 3978 927 4048 (790).
963 3979 1144 4032 Romae
1167 3978 1459 4033 celebravit
1488 3979 1695 4034 Pascha
1726 3982 1973 4036 domnus.

628 4068 765 4124 Pars
791 4069 977 4134 altera,
1008 4084 1095 4123 an.
1123 4068 1378 4131 788-797,
1403 4085 1468 4123 ea:
1495 4070 1632 4123 Ann.
1658 4071 2060 4127 Juvavensibus.

627 4162 749 4217 788.
795 4162 1031 4216 Domnus
1074 4176 1168 4216 rex
1214 4159 1438 4215 Carolus
1485 4161 1776 4216 celebravit
1828 4164 2033 4218 Pascha
2077 4163 2133 4219 in

554 4230 911 4286 lnalimhaim.

662 4301 751 4356 89.
792 4302 849 4354 ln
875 4300 1063 4369 Aquis.

628 4444 657 4503 ξ
688 4431 764 4484 Ex
794 4429 979 4503 codice
1008 4428 1348 4503 bibliothecae
1375 4422 1574 4503 Regiae,
1605 4449 1659 4487 n.
1687 4433 1812 4498 989,
1841 4450 2001 4489 manu
2031 4450 2133 4489 saa-

554 4497 662 4553 culi
695 4501 823 4568 noni
852 4500 1085 4553 ineuntis
1110 4501 1334 4568 scripto.

628 4568 655 4608 δ
689 4567 747 4622 Id
775 4576 861 4622 est
887 4576 1027 4621 nota:
1051 4567 1289 4623 locorum
1317 4570 1514 4638 quibus
1540 4570 1764 4626 Carolus
1802 4588 1894 4626 rex
1925 4573 2132 4628 Pascha

576 4711 3422 4744 .__.________________.____.___________________

2316 3550 2438 3604 791.
2478 3550 2701 3605 Carolus
2727 3551 2778 3603 in
2811 3550 3103 3605 Pannonia.

2317 3619 2438 3690 792.
2479 3620 2560 3690 Ad
2592 3620 2989 3690 Ragenesburc.

2317 3681 2436 3743 795.
2477 3689 2558 3744 Ad
2589 3681 3034 3743 Fravitehonofurt.

2313 3758 2437 3828 794.
2476 3760 2558 3813 Ad
2583 3759 2771 3828 Aquis.

2316 3827 2440 3881 795.
2480 3829 2561 3883 Ad
2587 3827 2774 3897 Aquis.

2316 3897 2437 3950 796.
2476 3898 2557 3951 Ad
2582 3898 2766 3967 Aquis.

2308 3966 2429 4021 797.
2467 3967 2547 4021 Ad
2569 3968 2758 4036 Aquis.

2289 4107 2483 4165 Manus
2510 4110 2688 4165 seaculi
2715 4121 2769 4164 ix
2793 4112 3021 4165 ineuntis
3049 4112 3103 4165 in
3135 4110 3253 4165 (ad.
3284 4110 3341 4167 S.
3373 4111 3557 4168 Germ.
3584 4116 3737 4170 addi:
3756 4131 3778 4173 :

2234 4241 2426 4364 “gilii.
2456 4257 2489 4295 v
2516 4240 2630 4295 Kal.
2659 4242 2816 4297 Febr.
2843 4242 2975 4297 obiit
3016 4241 3241 4299 Carolus
3282 4244 3537 4316 [Magnus
3559 4248 3614 4319 ε]
3657 4255 3803 4319 imp.
3828 4284 3829 4291 η

2263 4346 2371 4364 ιιιυι
2386 4349 2399 4363 ο
2746 4346 2779 4379 ⁸

2237 4439 2544 4496 celebravit.

2309 4522 2331 4549 ε
2370 4512 2485 4566 Vox
2515 4511 2742 4583 Magnus
2767 4529 2927 4570 manu
2956 4517 3135 4572 saeculi
3164 4535 3198 4572 ι
3223 4519 3467 4573 ineuntis
3491 4520 3704 4576 addita.

3423 4726 3786 4753 -Ψ

1146 4827 1591 4955 EWGIUM
1673 4826 2297 4954 HISTORICUM
2387 4828 2701 4955 BEATI
2789 4832 3222 4962 ALCUINL

1671 4990 1905 5055 (Mabill.,
1932 4990 2039 5041 Act.
2066 4992 2155 5041 SS.
2180 4991 2287 5039 0rd.
2313 4991 2366 5040 S.
2394 4992 2694 5051 Benedicti.)

1072 5130 1298 5188 CAPUT
1336 5131 1628 5190 PRIMUM.

554 5221 729 5275 Albini
768 5233 1013 5292 quatuor,
1042 5222 1253 5279 Alcuim’
1291 5227 1436 5279 varia
1481 5229 1715 5292 nomina,
1750 5230 1923 5299 patria
1953 5240 2000 5284 et
2040 5246 2134 5304 pa-

1250 5306 1435 5349 rentes.

627 5401 678 5453 i.
720 5398 832 5456 Hoc
888 5403 938 5482 in
975 5404 1186 5482 limine__
1209 5405 1566 5482 distinguendi
1602 5419 1738 5482 sunt
1772 5408 1951 5466 Albini
1998 5430 2131 5482 qua-

553 5478 697 5551 tuor,
730 5486 796 5525 ne
823 5475 948 5551 quis
965 5475 1395 5551 cum_aliqui_bus
1429 5479 1561 5551 viris
1602 5480 1775 5535 doctis
1802 5483 1858 5535 in
1888 5475 2129 5537 errorem

555 5541 835 5622 impingat.
862 5541 1073 5622 P_rim_us
1097 5544 1200 5622 fuit
1214 5541 1445 5622 Alpinus
1470 5549 1636 5622 abbas
1660 5553 1973 5622 monasterii
1997 5553 2131 5607 Can-

557 5612 1144 5689 tuariensis,_lau_datus
1188 5616 1241 5669 in
1283 5616 1532 5689 Historige
1561 5618 1779 5689 prologo
1808 5623 2131 5677 venerabilis

554 5677 731 5743 lie-dae,
760 5690 814 5734 et
863 5683 916 5736 in
959 5681 1050 5738 lib.
1079 5701 1129 5749 v,
1172 5700 1287 5754 cap.
1316 5686 1407 5751 2|,
1442 5687 1508 5741 ad
1553 5677 1928 5756 quemvcxstat
1976 5692 2130 5748 Beda:

2164 5147 2212 5205 υ
2238 5139 2666 5221 epistola.‘Alter
2692 5140 3039 5221 fuit_Albin_us
3065 5157 3163 5221 seu
3192 5143 3476 5221 Alcuinus,
3505 5147 3574 5221 de
3606 5164 3722 5217 quo
3753 5151 3841 5206 hic

2240 5210 2470 5279 agimus,
2499 5209 2656 5284 lopge
2693 5211 2877 5284 junior
2903 5213 3081 5284 primo
3110 5213 3201 5266 illo
3223 5215 3440 5277 Albino,
3459 5209 3569 5284 qui
3602 5209 3676 5272 ἑο
3706 5230 3841 5274 tem-

2238 5296 2503 5350 porequo
2543 5280 2685 5350 Beda
2730 5280 3023 5335 Historiam
3066 5298 3216 5337 suam
3257 5280 3507 5339 scribere
3539 5302 3841 5350 aggressus

2237 5349 2341 5410 est,
2374 5349 2485 5415 jam
2513 5363 2543 5402 e
2572 5349 2709 5404 vivis
2733 5351 2959 5412 abierat,
2990 5361 3051 5405 ut
3077 5354 3210 5406 satis
3240 5369 3304 5407 ex
3333 5352 3493 5408 Beda:
3533 5349 3729 5411 verbis
3760 5360 3842 5411 in-

2237 5418 2516 5487 telligitur,
2548 5434 2669 5473 cum
2699 5419 2958 5473 Alcuinus
3005 5422 3238 5475 nondum
3283 5434 3442 5477 natus
3467 5434 3615 5479 erat.
3650 5427 3723 5480 Et
3753 5437 3841 5482 ta-

2237 5491 2939 5561 men_uuu_m_eumdemque_
2978 5489 3144 5546 fuisse
3187 5494 3394 5561 putavit
3424 5494 3842 5551 illustrissimus

2238 5557 2526 5612 cardinalis
2551 5557 2834 5622 Baronius,
2853 5557 3011 5626 cujus
3045 5557 3342 5616 auctoritas
3371 5563 3510 5617 alios
3542 5567 3843 5621 nonnullos

2239 5629 2405 5681 traxit
2431 5629 2482 5681 in
2508 5643 2770 5682 errorem.
2808 5629 3024 5685 Tertius
3065 5629 3165 5687 fuit
3189 5632 3414 5687 Albinus
3443 5633 3651 5689 Leonis

2241 5652 2405 5681 traxit
2431 5652 2482 5681 ιιι
2508 5652 2770 5682 errorem.
2817 5652 3024 5685 neruus
3065 5652 3165 5687 Iun.
3189 5652 3414 5687 AIDInus
3444 5652 3651 5689 Leonas

2240 5697 2382 5752 tertii
2427 5697 2808 5765 cubicularius,
2849 5714 2912 5752 ex
2955 5700 3239 5772 Eginhardi
3269 5701 3572 5758 Annalibus
3621 5652 3697 5760 ad
3742 5722 3842 5760 an-
