4058 6344
541 289 682 350 ηπ
1553 281 1646 337 AD
1683 279 1909 338 OPERA
1947 277 2008 332 Β.
2048 275 2329 334 ALCUINI
2366 273 2812 332 APPENDICES.
3695 276 3842 335 “id

538 402 667 474 151)
696 399 766 474 ad
786 399 1062 474 Carolum,
1107 393 1165 452 in
1210 409 1318 474 qua
1345 394 1461 449 haec
1507 394 1700 474 verba:
1750 413 1769 445 ι
1807 391 1954 474 Nam
2001 391 2117 446 fere
2143 391 2196 452 Δ
2222 397 2334 474 tres
2355 390 2752 456 Eboracenses,
2803 384 2950 457 quod
2999 384 3066 442 ad
3095 386 3406 458 pangendos
3447 400 3650 442 versus
3705 388 3840 445 hor-

540 463 667 532 anté
735 473 838 528 hoc
897 463 1323 540 quinquennium
1350 464 1665 540 secuiares
1710 463 2113 540 occupationes,

537 545 710 603 Deum
740 534 931 605 testor;
957 534 1062 594 non
1087 538 1212 592 ﬁcto
1237 535 1400 590 corde
1420 534 1692 606 declinare
1733 534 1995 606 cogitavi:
2023 534 2115 606 sed

541 624 735 672 vestrae
773 611 876 683 piae
919 607 1271 683 providentiae
1313 605 1537 683 consilio
1567 605 1878 683 translatus
1913 605 2114 683 suntin

538 675 814 743 servitium
834 675 1005 735 san'cti
1035 677 1273 741 Martini,
1330 675 1452 730 ﬁdei
1476 677 1756 733 catholica:
1785 684 1840 730 et
1859 677 2116 731 ecclesia-

537 757 686 812 sticae
713 749 978 808 sanctioni
1015 749 1251 805 donante
1277 749 1387 802 Deo
1417 748 1738 817 proﬁcuum.
1793 746 1909 801 Non
1939 761 2116 802 reces-

538 829 610 882 sit
663 833 842 879 tamen
878 822 944 876 de
969 821 1132 876 corde
1155 819 1352 890 prioris
1382 817 1673 890 voluntatis
1704 817 2148 890 aﬁectus,_sicut.

537 901 811 952 transacto
836 907 977 960 anno
1008 888 1202 946 vestrae
1244 890 1430 960 pietati
1457 889 1570 958 jam
1596 889 1841 960 pneditti.
1877 907 1894 938 ι
1945 888 2117 960 Εῑᾼίη-

534 965 649 1022 Ira:
706 985 724 1016 ι
762 964 906 1020 inter
945 958 1144 1017 fratres
1172 958 1504 1016 in'eeclesia
1540 958 1710 1015 sancti
1748 959 1962 1014 Martini
2005 958 2117 1013 Deo

535 1037 767 1093 ﬁdeliter
791 1034 1088 1090 servientes
1126 1033 1308 1087 vivere
1354 1032 1436 1086 vel
1468 1031 1808 1099 requiescere
1845 1031 1962 1085 sine
2009 1029 2120 1085 ulla

534 1106 868 1166 dubitatione
897 1105 1161 1160 desidero.
1201 1124 1218 1156 ι
1278 1101 1376 1158 Hic
1402 1103 1508 1158 duo
1527 1101 1890 1157 observanda:
1927 1117 2118 1167 unum,

531 1178 820 1234 Alcuinum
837 1177 1104 1242 cogitasse
1133 1172 1402 1230 declinare
1429 1172 1707 1228 δίκαιαι-εδ
1730 1173 2117 1242 occupationes,

532 1250 731 1321 quibus
756 1249 812 1303 in
838 1243 961 1321 aula
985 1247 1293 1321 implicatus
1315 1254 1460 1310 erat;
1517 1243 1776 1321 alterum,
1798 1251 2118 1321 _optass_e_ut

532 1313 748 1392 quietus
776 1317 1044 1392 reliquum
1056 1313 1190 1392 :vitae
1212 1323 1510 1392 perageret,
1542 1330 1659 1392 non
1683 1313 1882 1392 uldaé,
1917 1313 2120 1392 sedin-

532 1385 618 1447 t'er
657 1390 855 1446 fratres
876 1385 1120 1445 ecclesiae
1145 1387 1320 1442 sancti
1342 1385 1577 1440 Martini.
1642 1386 1697 1440 ld
1720 1399 1848 1439 vero
1903 1385 2118 1440 tandem

529 1461 786 1526 obtinuit,
809 1461 921 1514 voti
945 1475 1166 1529 compos
1186 1456 1377 1518 factus,
1407 1468 1466 1512 ut
1494 1466 1682 1529 postea
1705 1457 1977 1529 dicemus._
1993 1455 2120 1529 Haec

521 1531 900 1603 responsionis
921 1526 1149 1585 summa.
1209 1528 1466 1583 Alcuinus
1503 1527 1641 1603 aulae
1666 1526 1900 1598 negotiis
1927 1527 2122 1581 identi-

532 1599 655 1660 dem
683 1603 994 1667 distractus,
1025 1603 1298 1656 'secessum
1313 1599 1649 1670 peroptabat,
1681 1614 1786 1652 non
1815 1613 1922 1667 quo
1936 1613 2120 1670 siccu—

527 1673 640 1729 lum
665 1673 1013 1743 relinqueret,
1070 1671 1164 1727 sed
1193 1668 1482 1743 simulares
1505 1671 1889 1743 occupationes,
1936 1668 1989 1722 id
2037 1675 2118 1743 est

530 1759 637 1800 non
657 1760 765 1814 quo
811 1739 938 1799 vitae
971 1742 1284 1798 monastica:
1306 1755 1501 1814 nomen
1532 1741 1769 1809 primum
1806 1740 1982 1803 daret,
2025 1739 2118 1795 sed

527 1830 637 1886 quo
667 1812 955 1885 pristinum
981 1815 1110 1886 vitae
1130 1828 1301 1884 genus
1320 1827 1388 1867 ex
1411 1812 1624 1881 integro
1651 1818 1940 1882 repeteret,
1958 1826 1990 1864 a
2019 1826 2118 1865 saa-

525 1885 636 1942 culi
668 1886 898 1955 negotiis
927 1885 1228 1955 expeditus.

596 1955 688 2012 25.
726 1953 1010 2028 Hzecsunt
1035 1973 1155 2028 qua:
1194 1957 1262 2028 ad
1308 1954 1644 2028 probandam
1672 1953 1885 2008 Alcuini
1931 1969 2119 2028 mona-

523 2027 720 2100 sticam
747 2024 1139 2100 professionem
1167 2024 1456 2100 observare
1495 2026 1646 2100 potui
1679 2044 1690 2078 :
1752 2041 1872 2095 quae
1916 2025 1962 2100 si
1999 2024 2114 2094 qni-

523 2096 765 2169 busdam'
802 2100 1098 2169 prolixiora
1147 2097 1473 2169 videbuntur
1503 2138 1518 2162 ,
1569 2098 1838 2168 integrum
1868 2096 1973 2150 erit
2010 2111 2117 2169 pro

522 2168 678 2242 iibito
705 2166 1003 2242 przeterire.
1056 2170 1208 2242 Hanc
1232 2166 1736 2242 certe_diﬁgent_iain
1760 2184 1790 2222 a
1825 2183 1910 2242 me
1937 2166 2119 2235 exige-

522 2241 618 2297 bat
636 2238 724 2296 et~
745 2242 849 2297 viri
869 2241 1184 2302 celebritas,
1237 2248 1292 2294 et
1334 2238 1640 2294 ofﬁcii’mei
1665 2239 1984 2293 necessitas.

1144 2350 1376 2407 CAPUT
1415 2351 1502 2406 IV.

735 2423 947 2478 Alcuini
969 2439 1207 2478 accessus
1239 2423 1293 2475 in.
1322 2420 1576 2488 Galliam,
1618 2438 1698 2476 res
1719 2433 1894 2492 geslw.

591 2513 680 2572 26.
715 2513 944 2572 Unicum
971 2514 1183 2570 Alcuini
1215 2529 1489 2569 accessum
1518 2514 1570 2568 in
1594 2512 1823 2569 Galliam
1853 2515 2114 2570 hactenus

521 2588 859 2644 admiserunt
882 2586 986 2642 viri
1019 2586 1254 2641 eruditi:
1307 2585 1574 2654 duplicem
1613 2595 1706 2639 aut
1729 2585 1998 2654 triplicem
2027 2586 2112 2640 di-

520 2660 798 2716 stinguere
831 2672 1053 2715 necesse
1071 2666 1172 2713 est.
1231 2656 1290 2712 Si
1325 2655 1544 2710 Albinus
1587 2656 1676 2711 ille
1705 2656 1984 2711 deliriosus
2034 2673 2116 2711 re-

554 2731 597 2786 is
622 2726 833 2801 Caroli,
888 2729 936 2785 is
964 2744 1126 2801 quem
1151 2745 1285 2801 tuna
1315 2743 1448 2801 cu_m_
1491 2726 1770 2801 Gult'ardo
1806 2728 2001 2801 abbate
2045 2729 2115 2801 ad

567 2800 816 2866 drianum
855 2797 1053 2870 papam
1090 2800 1314 2856 missum
1376 2799 1547 2870 fuisse,
1590 2797 1883 2870 indictione
1909 2799 1969 2870 11
2004 2840 2019 2864 ,
2059 2797 2113 2853 id

517 2881 604 2928 est
647 2888 790 2928 anno
834 2869 958 2934 775’,
996 2873 1250 2941 vulgatus
1300 2869 1626 2925 Anastasius
1662 2869 1881 2941 scribit:
1908 2869 1978 2941 si,
2024 2870 2111 2924 in-

555 2959 703 3010 uam,
741 2942 965 2996 Albinus
994 2940 1216 2998 illenon
1237 2949 1320 2998 est
1367 2941 1506 2996 alius
1549 2942 1616 2996 ab
1644 2940 1893 3005 Alcuino,
1925 2940 2113 2996 dicen-

555 3030 645 3068 um
668 3022 752 3068 est
772 3014 948 3083 ipsum
977 3014 1032 3068 in
1070 3013 1298 3069 Galliam
1345 3013 1661 3083 accessisse,
1710 3020 1764 3066 et
1796 3011 1990 3066 Carolo
2010 3011 2109 3066 ad-

518 3085 743 3140 haesisse
763 3082 888 3138 ante
909 3085 1054 3139 hunc
1085 3099 1307 3138 annum.
1349 3083 1506 3138 Certe
1529 3082 1843 3153 Sigebertus
1869 3084 1922 3136 in
1939 3083 2110 3137 Chro-

520 3156 643 3210 nico
665 3163 720 3210 et
754 3156 807 3208 in
838 3153 976 3207 libro
1014 3156 1081 3209 de
1109 3153 1256 3209 Viris
1284 3149 1614 3216 illustribus;
1627 3153 1915 3208 Alcuinum
1940 3153 2106 3223 impe-
2135 3149 2183 3212 C

519 3226 712 3305 ratqris
757 3223 1440 3305 deliciqsumnappellatum
1462 3238 1588 3305 esse
1631 3231 1879 3305 testatur.
1957 3225 2014 3305 l_d
2047 3225 2108 3305 __si

519 3296 802 3366 probatur,
825 3292 1023 3363 triplex
1044 3292 1258 3350 Alcuini
1281 3297 1543 3349 adventus
1572 3294 1628 3348 in
1657 3292 1885 3350 Galliam
1915 3293 2111 3348 admit-

518 3367 718 3422 tendus
741 3373 842 3421 est.

585 3435 678 3491 27.
720 3435 855 3492 Nam
900 3453 1042 3493 anno
1075 3436 1181 3493 780
1202 3452 1326 3492 cum
1376 3444 1592 3491 mortuo
1619 3433 1869 3491 jElberto
1904 3435 2111 3491 Ebora-

513 3509 668 3566 censi
694 3508 949 3579 episcopo
997 3524 1096 3579 pro
1120 3507 1381 3564 Eanbaldi
1440 3507 1771 3579 successoris
1815 3507 2111 3563 obtinendo

553 3581 680 3635 allio
711 3578 939 3634 Romam
962 3578 1159 3636 missus
1191 3580 1315 3635 inde
1346 3579 1568 3644 rediret,
1619 3578 1828 3632 Parmae
1871 3579 2114 3634 occurrit

553 3596 680 3635 anno
711 3596 939 3634 nontam
962 3596 1159 3636 missus
1191 3596 1315 3635 mue
1346 3596 1568 3644 rediret,
1619 3596 1828 3632 rarmae
1871 3596 2110 3634 OCCllI'l'Il

514 3596 712 3708 Carolo
736 3650 968 3722 Magno,
1005 3653 1099 3722 qui
1142 3653 1316 3722 ipsum
1349 3650 1402 3704 in
1432 3649 1725 3722 Franciant
1751 3649 2021 3722 invitavit,
2051 3658 2110 3703 ut

515 3738 585 3778 ex
625 3719 899 3794 superiori
932 3719 1053 3777 Vita
1079 3719 1446 3794 intelligimus.
1500 3719 1617 3776 Huc
1630 3719 1925 3794 referenda
1959 3721 2123 3794 vide-'

515 3802 606 3850 tur
627 3790 853 3864 epistola
876 3792 947 3848 23
969 3794 1135 3861 (nunc
1174 3790 1322 3864 15Ῑ),
1372 3793 1427 3846 in
1486 3808 1591 3862 qua
1618 3790 1871 3846 Carolum
1901 3792 2106 3858 laudat,

515 3863 676 3936 quod,
711 3883 730 3916 ι
765 3881 836 3920 ex
869 3864 1096 3920 diversis
1125 3863 1311 3936 mundi
1357 3863 1601 3936 partibus
1638 3872 1959 3936 amatores;
2025 3879 2112 3919 sa-

515 3933 735 4008 pientiae
749 3950 1050 4008 convocare
1067 3934 1334 4008 studuerit
1357 3952 1368 3986 :
1402 3953 1420 3983 ι
1451 3934 1594 4008 inter
1621 3950 1778 4008 quos,
1801 3933 2011 4008 inquit,
2023 3948 2112 3990 me

515 4004 680 4063 etiam
708 4007 951 4062 intimum
973 4005 1209 4074 ejusdem
1231 4012 1434 4060 sanctze
1462 4004 1742 4074 sapientia:
1757 4006 2110 4061 vernaculum

515 4078 584 4134 de
619 4077 824 4134 ultimis
851 4075 1144 4132 Britannia:
1186 4077 1383 4132 ﬁnibus
1432 4076 1739 4131 adsciscere
1789 4077 2043 4133 curastis.
2084 4097 2102 4128 ι

515 4147 630 4218 Nisi
661 4147 800 4204 forte
825 4147 880 4203 id
903 4147 1108 4204 referas
1129 4149 1198 4203 ad
1258 4155 1594 4218 postiemum
1633 4147 1843 4202 Alcuiui
1898 4147 2003 4204 iter
2053 4147 2110 4202 in

515 4215 770 4290 Galliam,
795 4219 940 4290 quod
956 4227 1137 4274 tamen
1161 4215 1346 4275 divino
1369 4219 1598 4282 monitu,
1630 4220 1814 4275 nescio
1849 4234 1917 4272 an
1939 4220 2109 4275 etiam

517 4288 697 4346 Caroli
721 4288 939 4346 hortatu
971 4290 1228 4360 suscepit.
1273 4290 1332 4344 ln
1363 4290 1532 4360 priori
1557 4304 1707 4355 vero,
1767 4291 1832 4346 de
1859 4305 1968 4360 quo
2019 4290 2110 4346 hic

515 4362 731 4430 agimus
756 4377 1054 4433 ,_rac_cessu
1103 4361 1231 4433 illud
1261 4361 1551 4433 contigisse
1595 4369 1760 4433 puto,
1787 4362 1932 4433 quod
1976 4361 2110 4418 scri-

516 4438 671 4504 ptttm
718 4431 953 4504 reliquit_
975 4430 1325 4504 Alcuinus_in
1360 4430 1696 4504 epistola—15
1741 4430 2058 4504 (nunc‘IO-i)
2091 4449 2104 4485 :

2222 469 2276 516 ta
2285 469 2392 518 tur.

2342 547 2476 600 Talia
2504 557 2714 609 namque
2738 544 2930 609 placent
2953 550 3120 609 vestro
3137 542 3250 609 quia
3274 555 3480 594 munera
3505 542 3672 606 Patri,

2344 610 2438 671 Qui
2459 621 2587 659 nunc
2610 604 2847 671 egregias
2871 604 3126 671 regalibus
3153 604 3343 654 insonat
3366 612 3507 654 artes

2345 668 2575 732 Auribus,
2601 668 2666 718 et
2683 670 2885 732 Patrum
2905 668 3037 716 eum
3061 679 3151 728 per
3177 674 3312 726 prata
3338 676 3646 732 sequentem

2350 728 2664 796 Praepulehro
2686 731 2872 793 sophiae
2899 738 3194 790 regnantem
3223 737 3486 779 stemmate
3511 728 3688 780 celse.

2293 817 2371 873 Eo
2397 825 2640 886 tempore
2668 814 2929 886 Alcuinus
2959 829 3080 867 cum
3112 811 3348 886 Homero
3377 828 3473 886 seu
3497 813 3838 886 Angilberto

2222 883 2526 944 amicitiam
2549 885 2688 947 iniit.
2723 885 2879 954 eique
2903 883 3016 956 jam
3037 883 3361 956 primicerio
3385 884 3580 956 palatii
3609 883 3834 956 Pippini

2221 958 2389 1014 Italia:
2421 958 2564 1036 regis
2594 953 2816 1036 scripsit
2857 954 3140 1036 epistolam
3169 953 3237 1007 42
3284 954 3574 1036 (ηυηοβϐ)
3608 953 3837 1036 circiter

2223 999 2740 1108 ξὲἱίιίιμᾷἷ
2755 999 3086 1108 fere-Finani
3105 999 3600 1108 tempore'scripﬂsit
3626 1028 3836 1108 episto-

2223 1101 2331 1156 lam
2357 1102 2426 1157 9'5
2453 1095 2738 1171 (nunc—45)
2772 1099 2838 1171 ad
2871 1097 3172 1171 Damcetatn
3214 1111 3307 1171 seu
3348 1095 3626 1171 Ricolt‘um
3657 1095 3714 1152 in
3743 1115 3835 1153 ex-

2223 1166 3075 1242 peditioni'em_Saxoiiicam‘tcum
3104 1166 3460 1242 Garolo_rege
3487 1168 3830 1242 profectum,

2223 1229 2511 1312 antequam
2556 1238 2799 1312 Ricoll‘us
2825 1229 2978 1312 [allio
3006 1239 3057 1312 in
3085 1239 3269 1312 sedem
3301 1229 3680 1312 Magum-tinam
3709 1229 3830 1296 suc;

2223 1308 2444 1369 cederet
2491 1328 2633 1366 anno
2681 1311 2803 1365 787.
2845 1308 3163 1381 Epistolam
3179 1309 3452 1381 etiamad
3489 1309 3828 1381 Ludgerum,

2225 1394 2338 1439 tum
2369 1384 2552 1439 Casini
2583 1392 2906 1444 morantem,
2943 1379 3123 1451 Caroli
3146 1379 3322 1449 Magni
3346 1379 3508 1451 jussu
3537 1379 3830 1451 scripsisse

2223 1454 2425 1510 dicitur
2459 1455 2511 1510 in
2541 1453 2714 1508 sancti
2745 1451 2998 1522 Liudgeri
3039 1450 3174 1504 Vita:
3224 1451 3476 1523 secunda:
3501 1450 3599 1506 lib.
3632 1450 3675 1514 ιζ
3707 1470 3823 1523 cap.

2225 1527 2316 1592 M,
2345 1534 2404 1580 ut
2424 1542 2546 1581 eum
2576 1525 2629 1577 in
2656 1520 2943 1578 Franciain
2993 1529 3295 1576 revocaret.
3325 1520 3383 1575 ld
3411 1523 3458 1577 si
3499 1538 3698 1578 verum
3724 1520 3820 1589 εεῖι,

2222 1591 2485 1651 Aleninus
2512 1610 2655 1650 anno
2681 1593 2784 1648 786
2807 1594 2861 1647 in
2893 1591 3064 1648 Gallia
3087 1599 3222 1647 erat.

2295 1668 2383 1722 28.
2418 1668 2546 1722 Post
2566 1665 2898 1735 aliquantam
2931 1664 2983 1716 in
3011 1663 3212 1732 palatio
3243 1679 3451 1719 moram
3475 1665 3747 1720 Alcuinus
3775 1667 3822 1720 in

2225 1739 2454 1808 patriam
2485 1751 2736 1792 reversus
2758 1746 2864 1800 est,
2894 1751 2958 1790 ex
2999 1736 3134 1808 Vitae
3165 1751 3328 1808 num:
3350 1735 3437 1808 15.
3470 1735 3528 1789 ld
3559 1739 3824 1808 accidisse

2224 1805 2438 1864 videtur
2466 1824 2608 1863 anno
2635 1808 2760 1872 790,
2801 1821 2909 1875 quo
2939 1805 3164 1875 cpistola
3197 1806 3265 1860 ad
3292 1805 3517 1860 Colcum
3567 1807 3824 1862 lectorem

2225 1881 2277 1934 in
2309 1879 2492 1934 Scotia
2541 1879 2743 1948 scripta
2791 1886 2896 1948 est.
2929 1885 2988 1931 ut
3035 1886 3220 1946 postea
3270 1877 3512 1947 probabo
3551 1894 3708 1933 num.
3739 1880 3824 1934 87.

2221 1950 2492 2005 Reversus
2516 1947 2713 2021 quippe
2739 1963 2801 2003 ex
2822 1947 3016 2014 Gallia,
3048 1949 3199 2002 varia
3229 1963 3456 2002 munera
3492 1950 3752 2021 ecclesiis
3778 1959 3828 2003 et

2220 2020 2882 2081 monasteriisdistribuit,
2909 2028 3018 2074 tam
3047 2034 3148 2088 pro
3177 2034 3234 2073 se
3279 2034 3441 2088 quam
3490 2035 3594 2088 pro
3635 2020 3828 2076 Carolo

2221 2109 2347 2162 rege
2367 2135 2381 2157 ,
2413 2108 2444 2147 a
2472 2109 2578 2161 quo
2618 2107 2789 2161 nuper
2810 2099 3130 2162 recesserat.
3161 2088 3612 2162 _Signiﬁcat_vero
3634 2092 3810 2146 dissen

2217 2160 2425 2218 sionem
2483 2160 2762 2219 Sultortam
2819 2162 2964 2216 inter
3017 2160 3270 2216 Carolum
3325 2169 3380 2216 et
3433 2160 3616 2217 Oﬁ'am
3655 2179 3823 2227 reges,

2227 2254 2245 2284 ‹
2275 2235 2348 2288 ita
2382 2243 2441 2288 ut
2490 2234 2742 2302 utrinque
2772 2233 3046 2304 navigatio
3095 2232 3385 2286 interdicta
3414 2243 3593 2288 esset.
3628 2253 3649 2282 ι
3698 2232 3828 2289 Tum

2220 2305 2370 2360 addit
2400 2319 2414 2358 :
2451 2324 2466 2353 ε
2505 2305 2642 2358 Sunt
2669 2304 2762 2373 qui
2788 2304 2973 2358 dicunt
3005 2319 3106 2358 nos
3151 2317 3411 2373 propaee
3454 2319 3582 2359 esse
3627 2305 3684 2358 in
3714 2304 3828 2360 illas

2215 2386 2402 2447 partes
2431 2372 2798 2447 mittendus.)
2833 2372 3337 2447 Qumfuerit’hujus
3365 2375 3675 2447 simultatis
3705 2392 3826 2430 cau-

2217 2443 2300 2511 sa,
2333 2447 2589 2516 discimus
2617 2461 2682 2500 ex
2733 2443 2990 2516 Chronici
3035 2443 3469 2516 Fontanellensis
3521 2461 3646 2516 cap.
3681 2447 3746 2501 15
3778 2449 3828 2501 in

2223 2518 2402 2583 editis,
2433 2517 2524 2571 ubi
2549 2515 2777 2572 Carolus
2811 2515 3034 2587 Magnus
3065 2515 3175 2570 ﬁlio
3217 2531 3315 2570 suo
3341 2515 3634 2587 :equivoco
3666 2518 3826 2571 ﬁliam

2217 2589 2349 2645 Oﬁ'aa
2395 2588 2540 2659 regis
2566 2607 2584 2638 ι
2642 2588 2696 2640 ἱιι
2740 2587 3052 2659 eonjngium
3097 2587 3474 2659 expostulasse
3511 2608 3539 2659 t
3583 2589 3824 2643 dicitur:

2217 2661 2312 2716 sed
2339 2661 2431 2715 illo
2458 2656 2564 2714 non
2610 2656 3009 2729 acquiescente,
3038 2657 3217 2729 «nisi
3263 2656 3428 2712 Berta
3484 2658 3600 2713 ﬁlia
3653 2659 3827 2715 Caroli

2216 2730 2395 2804 Magni
2443 2731 2560 2802 ejus
2598 2728 2711 2784 ﬁlio
2740 2728 2931 2804 nuptui
2976 2728 3304 2804 traderetur,
3337 2749 3374 2804 ξ
3403 2729 3670 2804 Carolum
3712 2731 3830 2804 inde

2217 2800 2546 2858 commotum
2576 2800 2917 2870 praecepisse,
2950 2818 2969 2849 ε
2998 2809 3052 2854 ut
3076 2815 3234 2854 nemo
3250 2801 3317 2854 de
3339 2800 3632 2856 Britannia
3657 2803 3828 2856 insula

2217 2891 2280 2929 ac
2304 2883 2464 2945 gente
2506 2872 2801 2945 Anglorum
2822 2871 3195 2945 _m_e_rcinton_ii
3227 2887 3395 2926 causa
3426 2872 3582 2945 littus
3627 2872 3827 2928 Oceani

2216 2940 2384 3000 maris
2411 2940 2704 3015 attingeret
2719 2943 2786 3015 in
2812 2941 3023 3015 Gallia._
3040 2940 3146 2997 Sed
3167 2944 3286 3015 hoc
3307 2960 3394 3015 ne
3431 2943 3612 3006 ﬁeret,
3643 2946 3828 2998 admo-

2216 3017 2421 3072 nitione
2449 3031 2520 3080 ac,
2557 3013 2949 3084 supplicatione
2984 3013 3238 3069 Gervoldi
3268 3014 3485 3071 abbatis
3533 3015 3827 3070 inhibita

2216 3102 2358 3143 esse.
2394 3108 2412 3139 ι
3543 3129 3552 3136 .
3642 3095 3658 3106 ’

2282 3159 2374 3213 29.
2405 3157 2665 3212 Alcuinus
2696 3156 2818 3211 dein
2848 3165 2972 3226 post
3000 3165 3112 3212 tres
3141 3171 3336 3220 annos,
3367 3165 3596 3227 accepta
3622 3160 3828 3227 episeo-

2255 3229 2271 3283 i
2301 3230 2383 3283 sui
2415 3228 2652 3291 licentia,
2681 3236 2817 3282 nutu
2861 3227 3044 3282 divino
3068 3228 3279 3282 revenit
3322 3229 3378 3281 in
3409 3227 3736 3293 Franciam,
3771 3237 3826 3283 ut

2265 3299 2464 3370 lipandi
2497 3307 2554 3355 et
2581 3297 2778 3370 Felicis
2806 3300 2980 3354 errori
3004 3299 3057 3353 in
3087 3297 3385 3353 Ecclesiam
3417 3299 3683 3369 gliscenti
3707 3315 3822 3355 sese

2215 3369 2532 3442 opponeret.
2559 3371 2640 3442 leta
2674 3369 2934 3442 enim__de
2963 3371 3167 3442 seipse
3197 3371 3364 3442 tradit
3389 3371 3466 3442 fin
3507 3371 3826 3440 praefatione

2214 3439 2491 3512 librorum
2520 3441 2783 3512 adversus
2817 3439 3137 3512 Elipandu’m
3165 3458 3178 3494 :
3219 3460 3236 3491 ι
3281 3439 3526 3505 Divina,’
3551 3453 3611 3496 ut
3639 3442 3821 3508 credo,

2209 3513 2433 3584 jubeute
2462 3510 2868 3584 dispensatione
2903 3510 2970 3584 ad
3009 3511 3304 3584 gloriosum
3333 3520 3388 3567 et
3434 3515 3590 3566 omni
3621 3514 3830 3584 honore

2217 3583 2602 3638 nominandum
2632 3583 2792 3653 hujus
2819 3583 2969 3653 regni
3020 3583 3319 3654 principem
3347 3592 3404 3636 et
3430 3599 3620 3654 regem
3651 3583 3821 3638 Caro-

2215 3655 2325 3709 lum
2355 3663 2584 3709 vocatus
2606 3654 2800 3708 adveni
2827 3672 2838 3706 :
2873 3654 3167 3708 sicut'mihi
3190 3653 3413 3722 quidam
3438 3653 3828 3709 sanctissimus

2213 3725 2315 3785 vir,
2350 3725 2755 3796 prophetiazque
2781 3726 2975 3794 spiritu
3018 3725 3296 3796 praeditus,
3341 3723 3441 3778 Dei
3469 3739 3597 3781 esse
3625 3727 3823 3781 volun-

2217 3805 2382 3851 tatem
2414 3797 2468 3851 in
2499 3810 2616 3850 mea
2642 3795 2971 3865 praedixerat
2994 3796 3189 3865 patria.
3237 3795 3416 3849 Etiam
3448 3806 3504 3850 et
3531 3805 3590 3850 ut
3617 3799 3709 3851 vir
3739 3811 3826 3850 ve-

2214 3867 2476 3924 nerabilis
2513 3874 2766 3938 totusque
2813 3867 2925 3922 Deo
2957 3867 3171 3922 deditus
3203 3881 3355 3938 meus
3405 3867 3544 3922 mihi
3599 3866 3829 3922 manda-

2215 3947 2329 3994 tum
2362 3939 2586 3994 dederat
2633 3937 2912 4009 magister,
2961 3945 3020 3990 ut
3053 3939 3098 3992 si
3142 3937 3336 3992 alicubi
3373 3953 3552 3994 novas
3579 3941 3828 3993 audirem

2214 4011 2348 4066 oriri
2381 4018 2562 4066 sectas
2591 4009 2905 4080 apostolicis
2939 4009 3242 4080 contrarias
3267 4009 3558 4080 doctrinis.
3593 4025 3722 4064 mox
3749 4019 3829 4065 to-

2213 4091 2329 4137 tum
2375 4095 2463 4136 me
2508 4083 2562 4135 in
2610 4079 2892 4136 catholicae
2937 4079 3250 4135 defensione
3295 4079 3419 4134 ﬁdei
3469 4081 3771 4138 dedissem.
3805 4101 3822 4133 ι

2215 4152 2470 4226 Magister
2494 4153 2595 4207 iste
2621 4150 2943 4226 Alcuiniest
2969 4149 3267 4226 Ailbertus,
3291 4167 3359 4206 ex
3387 4152 3528 4226 ~Vita:
3548 4169 3704 4226 nunt.
3733 4153 3816 4207 11.

2321 4225 2373 4278 0.
2409 4223 2644 4293 Tempus
2671 4239 2778 4293 quo
2808 4223 2980 4279 altera
3010 4223 3112 4278 hac
3138 4224 3258 4278 vice
3291 4223 3531 4279 accessit
3562 4225 3618 4278 in
3653 4224 3827 4279 Fran-

2215 4295 2357 4350 ciam
2386 4295 2564 4365 signat
2605 4293 2864 4349 Alcuinus
2891 4295 3006 4365 ipse
3032 4294 3087 4348 in
3119 4293 3213 4350 lib.
3243 4311 3260 4348 ι
3308 4293 3580 4350 adversus
3605 4295 3830 4365 Eiipan-

2215 4365 2382 4436 dum:
2414 4385 2433 4416 ‹
2490 4365 2790 4436 Antequam
2846 4381 2949 4436 ego
2995 4365 3186 4420 eodem
3236 4365 3647 4434 sapientissimo
3699 4381 3827 4436 nega

2214 4435 2411 4493 Carolo
2449 4435 2676 4507 jubente
2717 4435 2986 4492 venissem
3034 4437 3090 4491 in
3135 4437 3444 4500 Franciam,
3476 4439 3598 4492 haec
3630 4435 3824 4493 eadem

523 4500 542 4552 ι
595 4501 736 4582 Dttm
759 4500 1213 4582 egonadulescens.
1233 4501 1464 4582 Romam
1487 4502 1723 4582 perrexi,
1752 4500 1760 4504 ’
1783 4513 1835 4556 et
1863 4500 2109 4582 aliquan-
2133 4512 2186 4574 D
2215 4508 2420 4582 erroris
2446 4500 2613 4562 vestri
2643 4508 3032 4582 secta,‘eodem
3071 4508 3308 4582 glorioso
3353 4510 3610 4582 principe
3635 4509 3826 4582 praesi-

521 4570 748 4643 tosfdies
769 4571 823 4643 in
853 4569 1018 4643 Papia
1051 4571 1216 4642 regali
1239 4571 1461 4626 civitate
1486 4569 1800 4626 demorarer
1819 4614 1833 4637 ,
1885 4569 2106 4643 quidam

515 4640 990 4714 JudteusLJulius
1017 4640 1254 4706 nomine,
1297 4659 1420 4714 cum
1445 4643 1605 4698 Petro
1635 4640 1920 4714 magistro,
1941 4653 1973 4695 ‘t
2019 4644 2107 4700 Pi-

517 4729 653 4771 sano
679 4713 918 4787 scilicet,
954 4712 1131 4787 Caroli
1162 4713 1340 4787 Magni
1369 4723 1700 4787 praeceptore
1730 4712 1810 4769 _in
1839 4731 2111 4787 gramma-

516 4787 648 4856 tica,
695 4804 715 4836 ι
758 4783 1417 4856 habuitdisputationem.
1456 4806 1474 4836 ι
1531 4783 1788 4841 Alcuinus
1838 4783 1890 4840 in
1937 4785 2111 4842 Gallia

515 4857 597 4913 sic
621 4855 892 4926 detentus,
925 4855 1235 4926 aliquandiu
1269 4867 1517 4912 versatus
1535 4867 1615 4911 est
1643 4857 1696 4911 in
1722 4857 1942 4926 palatio,
1970 4865 2112 4912 tum-

517 4941 624 4997 que
673 4925 873 4984 l‘actum
895 4935 993 4998 est
1019 4925 1082 4982 ut
1125 4925 1351 4998 Carolus
1377 4944 1469 4982 rex
1501 4969 1515 4994 ,
1544 4927 1638 4998 qui
1700 4925 1806 4983 {in
1856 4929 2111 4985 discenda

516 4997 1114 5070 grammaticaiPetrum
1150 4997 1404 5052 Pisanum
1432 4997 1709 5054 diaconem
1740 5015 1922 5055 senem
1954 5001 2107 5056 audi-

515 5069 614 5134 vit,
647 5089 664 5120 ›
693 5079 828 5125 teste
842 5069 1151 5140 Eginhardo
1180 5087 1198 5118 ‹
1233 5071 1284 5123 in
1310 5071 1521 5124 caeteris
1542 5070 1840 5139 disciplinis
1854 5072 2104 5126 Albinum

515 5148 876 5210 cognomento
895 5139 1206 5204 Alcuinum,
1231 5139 1363 5195 item
1389 5141 1668 5195 diaconeln
1701 5142 1767 5196 de
1803 5142 2102 5206 Britannia,

515 5209 774 5284 Saxonici
799 5211 1016 5280 generis
1044 5211 1356 5284 hominem,
1401 5211 1577 5284 virum
1609 5212 1966 5284 undecunque
2005 5214 2105 5284 tio--

514 5281 816 5353 ctissimum
842 5290 1230 5353 praeceptorem
1249 5282 1528 5353 habuerit:
1562 5285 1702 5353 apud
1716 5281 1955 5353 quem'et
1978 5283 2103 5340 ibe-

516 5350 702 5422 toricae
743 5359 800 5422 et
847 5350 1162 5422 dialecticae,
1202 5352 1472 5422 praecipue
1519 5350 1696 5410 tamen
1734 5350 2107 5410 astronomia:

513 5420 848 5494 ediscendis,
875 5421 1162 5494 plurimum
1203 5420 1263 5478 et
1295 5420 1553 5494 temporis
1577 5433 1632 5479 et
1670 5425 1872 5483 laboris
1895 5427 2099 5494 imper-

515 5490 621 5546 tiit.
660 5509 680 5544 ι
733 5491 886 5548 Unde
937 5507 1043 5548 non
1095 5493 1367 5549 immerito
1406 5490 1641 5550 'Carolus
1674 5512 1798 5551 eum
1852 5517 1870 5546 ι
1901 5490 2102 5551 charis-

515 5562 714 5648 simum
735 5562 790 5618 in
819 5562 1034 5648 Christo
1061 5575 1456 5648 prtecepterem.
1476 5588 1494 5618 ι
1532 5575 1692 5648 vocat
1714 5567 1767 5648 in
1799 5567 2102 5648 fragmento

514 5631 953 5712 epistolaa_relato
1007 5631 1080 5690 in'
1107 5631 1342 5712 Alcuini
1374 5637 1600 5712 epistola
1654 5637 1687 5712 β
1742 5631 1911 5712 (nunc
1952 5637 2096 5709 162),

514 5703 777 5780 quidquid
817 5703 873 5761 in
906 5705 1240 5780 contrarium
1265 5703 1436 5780 dicat
1475 5703 1758 5780 Baroniusl
1837 5709 1952 5764 Huc
1986 5703 2102 5780 spe-

513 5779 666 5827 ctant
695 5788 883 5831 versus
903 5775 1308 5846 epigrammatis
1341 5779 1444 5836 199
1493 5779 1656 5850 (nunc
1719 5779 1834 5851 115)
1869 5781 1934 5835 ad
1993 5775 2101 5835 fra-

2216 4579 2398 4642 dente,
2425 4589 2691 4649 praesente
2721 4578 2920 4642 Felice,
2943 4594 3106 4649 quem
3136 4578 3364 4633 multum
3395 4578 3819 4642 laudares-oles,

2216 4658 2412 4721 vestrae
2454 4652 2627 4721 partis
2657 4657 2784 4704 tunc
2817 4650 3077 4721 temporis
3109 4649 3410 4721 defensore,
3442 4650 3712 4705 ventilata
3743 4661 3822 4705 est

2217 4721 2272 4776 in
2295 4719 2670 4802 celeberrimo
2711 4721 2848 4802 loco,
2901 4719 2995 4802 qui
3028 4720 3228 4802 dicitur
3250 4721 3642 4802 Raginisburg.
3675 4722 3823 4802 »κελε-

2218 4792 2311 4875 qui
2335 4807 2401 4847 ex
2424 4790 2722 4875 Antiatibus
2750 4790 2944 4875 incerti
2970 4791 3226 4875 auctoris,
3250 4790 3674 4875 cuimnnaclltts‘

2217 4861 2492 4918 lismensis
2519 4863 2576 4917 in
2602 4863 2724 4917 Vita
2766 4861 2942 4918 Caroli
2980 4871 3296 4929 attestatur,
3333 4883 3350 4913 ε
3388 4879 3536 4917 anno
3568 4863 3677 4918 792
3714 4865 3822 4919 ba:-

2219 4934 2358 4989 resis
2387 4932 2706 4997 Feliciana,
2730 4933 2846 5003 ipso
2881 4942 3102 4989 auctore
3131 4950 3253 4990 eam
3298 4935 3626 5004 abnegante,
3679 4933 3820 5004 apud

2207 5005 2594 5075 Rageaeshurg
2647 5006 2881 5074 primum
2916 5005 3172 5060 damnata
3222 5015 3324 5062 est.
3371 5027 3390 5058 ι
3447 5005 3639 5075 Itaque
3690 5020 3816 5061 cum

2207 5075 2467 5130 Alcuinus
2515 5077 2746 5130 concilio
2793 5075 3239 5132 Francol'urtensi
3285 5091 3428 5131 anno
3461 5075 3567 5130 794
3619 5083 3814 5129 metra

2209 5146 2458 5218 eamdem
2486 5146 2734 5218 haeresim
2777 5159 3123 5218 congregato,
3150 5147 3475 5206 interfuerit,
3502 5142 3816 5218 dicendum

2208 5227 2292 5272 est
2321 5217 2496 5286 ipsum
2541 5218 2642 5271 sub
2682 5217 2844 5272 ﬁnem
2877 5215 3006 5271 anni
3036 5217 3141 5272 79‘2
3182 5227 3274 5266 aut
3309 5229 3455 5268 anno
3499 5215 3814 5284 insequenti

2208 5288 2262 5344 in
2293 5287 2579 5343 Franciam
2617 5287 2924 5342 revertisse.

2280 5357 2368 5408 3L
2404 5357 2482 5408 De
2503 5360 2606 5408 hoc
2633 5353 2826 5408 itinere
2856 5367 3022 5424 agens
3055 5353 3319 5423 Rogerius
3363 5355 3716 5424 Hovedenus,
3743 5362 3814 5415 ita

2210 5426 2437 5483 scribit:
2475 5444 2493 5475 ε
2535 5424 2693 5479 Anno
2717 5425 2783 5478 ab
2811 5423 3180 5480 incarnatione
3213 5427 3426 5482 Domini
3451 5429 3558 5484 792
3585 5429 3817 5486 Carolus

2207 5513 2304 5553 rex
2332 5495 2665 5567 Francorum
2694 5494 2839 5550 misit
2889 5495 3200 5567 synodalem
3249 5497 3449 5554 librum
3478 5500 3547 5554 ad
3597 5502 3816 5558 Britan-

2209 5568 2376 5642 niam,
2413 5566 2518 5642 sibi
2545 5582 2574 5642 a
2606 5565 3070 5642 Constantinopoli
3101 5568 3390 5642 directum,
3425 5571 3482 5626 in
3507 5587 3621 5642 quo
3647 5573 3811 5636 libro.

2210 5641 2336 5703 heu,
2376 5639 2513 5710 proh
2544 5637 2697 5693 dolor
2722 5638 2734 5690 !
2763 5637 2932 5694 multa
2963 5637 3399 5696 inconvenientia
3429 5650 3488 5698 et
3507 5637 3656 5700 vene
3683 5645 3816 5701 ﬁdei

2210 5710 2481 5784 contraria
2515 5717 2726 5784 reperta
2757 5718 2921 5764 sunt:
2955 5711 3190 5784 maxime
3213 5711 3358 5784 quod
3384 5728 3522 5784 pene
3561 5717 3814 5771 omnium

2211 5779 2588 5838 Orientalium
2611 5779 2914 5846 doctorum,
2965 5796 3068 5836 non
3101 5779 3281 5838 minus
3325 5779 3492 5852 quam
3535 5792 3818 5844 trecento-
