4058 6344
269 348 411 409 “25

1260 339 1603 398 APPENDIX
1641 340 1732 395 IV.
1775 369 1844 380 —
1880 337 2189 395 ELOGIUM
2229 335 2523 395 ALCUINI.

3411 332 3550 390 “26

268 483 389 525 rum
412 465 495 522 vel
516 480 581 521 eo
604 463 833 535 amplius
860 465 1258 535 episcoporum,
1283 454 1524 517 unanimi
1555 461 1858 535 assertione
1882 459 1937 521 Δ
1962 459 2265 535 videbimus
2309 475 2457 535 num.
2503 458 2631 535 §6_._
2652 458 2793 535 Idem
2844 459 3037 535 probat
3077 456 3311 527 diploma
3338 454 3554 535 Pippiui

267 530 965 606 conflrmatumﬁimagines
994 530 1473 606 adoraridehere;
1509 531 1650 606 quod
1682 530 1861 606 omni-

266 607 618 688 llQHECCIBSip
666 605 763 688 I_)ei
813 601 1147 688 exsecratur.
1177 605 1398 688 Contra
1448 602 1592 688 quod
1618 601 1859 688 scripsit

264 678 490 736 Albinus
509 677 794 748 epistolam
814 692 882 731 ex
906 676 1226 748 auctoritate
1248 676 1431 730 divina
1455 673 1862 748 Scripturarum

265 743 593 806 mirabiliter
622 748 945 803 atlirmatam
975 762 989 800 :
1044 747 1300 817 illamque
1337 760 1459 817 cum
1500 747 1689 799 eodem
1720 743 1861 797 libro

264 837 331 876 ex
378 834 611 891 persona
661 820 1042 891 episcoporum
1084 827 1140 873 et
1188 816 1497 888 principum
1548 822 1861 870 nostrorum

268 888 395 965 regi
415 890 751 945 Francorum
778 888 980 944 attulit.
1010 908 1029 941 ι

910 999 1137 1056 CAPUT
1168 1001 1232 1055 V.

512 1072 721 1127 Alcuini
748 1073 1026 1143 prtesentia
1053 1072 1109 1124 in
1130 1069 1334 1124 duobus
1359 1066 1613 1122 conciliis.

335 1163 423 1238 ἓξὲξ
455 1162 840 1238 Regressusjn
888 1162 1284 1238 Fra_nciam_vir_
1309 1160 1449 1228 pios,
1484 1172 1625 1238 anno
1653 1154 1754 1210 794
1782 1155 1866 1209 in-

266 1234 452 1290 terfuit
480 1231 710 1289 concilio
760 1233 1223 1295 Francofurtensi,
1272 1231 1327 1284 in
1376 1244 1484 1298 quo
1526 1231 1642 1295 ejus
1692 1240 1861 1295 opera

266 1315 477 1361 tantum
504 1305 693 1369 valuit,
730 1312 790 1357 ut
816 1303 1005 1357 Patres
1033 1304 1207 1374 ipsum
1239 1302 1294 1354 in
1326 1299 1710 1374 suﬁ'ragi_orum
1741 1312 1865 1367 par-

267 1386 375 1431 tem
406 1376 736 1444 acceperint,
768 1374 914 1428 edito
942 1370 1182 1444 decreto,
1224 1371 1375 1444 quod
1407 1370 1862 1444 concilii.postre-

266 1461 414 1501 mum
437 1438 551 1510 est,
568 1446 619 1498 in
644 1438 759 1499 haec
781 1446 945 1497 verba
971 1462 982 1496 :
1015 1461 1033 1493 ‹
1060 1438 1405 1498 Comnionuit
1427 1441 1591 1494 etiam
1616 1438 1862 1510 Carolus,

266 1526 327 1597 u_t
368 1508 656 1597 Alcuinum
689 1516 802 1597 ipsa
836 1523 1023 1596 sancta
1061 1514 1300 1597 synodus
1330 1512 1383 1565 in
1424 1525 1522 1565 suo
1562 1508 1862 1597 consojrtio,

266 1588 380 1642 sive
405 1587 460 1640 in
490 1579 827 1640 orationibus
860 1579 1105 1652 recipere
1132 1583 1484 1652 dignaretur,
1508 1595 1573 1634 eo
1603 1579 1745 1652 quod
1772 1593 1863 1652 es-

270 1666 354 1712 set
390 1657 475 1710 vir
522 1657 575 1711 in
620 1647 1004 1710 ecclesiasticis
1052 1653 1312 1707 doctrinis
1358 1647 1637 1705 eruditusf
1674 1647 1865 1704 Omnis

264 1742 499 1796 namque
545 1726 783 1797 synodus
837 1725 1133 1797 secundum
1188 1722 1608 1797 admonitionem
1661 1719 1864 1797 domini

1966 530 2270 598 Aquitaniae
2323 530 2467 598 regis
2503 528 2784 596 Fridegiso
2831 527 3010 583 abbati
3040 541 3377 598 concessum,
3406 527 3555 598 apud

1966 547 2007 584 Α
2052 547 2270 586 uitaniaa
2323 547 2382 585 re
2420 547 2467 583 IS
2507 547 2784 596 rrioegiso
2831 547 3010 583 annau
3040 547 3377 587 concessum,
3412 547 3555 598 apuu

1965 547 2237 657 inlbbeum
2282 602 2335 657 in
2362 547 2718 655 biiscellaneis
2756 600 3021 653 curiosis:
3053 600 3105 654 in
3131 614 3239 668 quo
3267 615 3286 647 ι
3321 596 3558 656 ltherius

1966 674 2234 742 quondam
2282 673 2420 727 abba
2470 670 2684 725 Erlaldo
2714 691 2731 724 ι
2783 669 3055 742 Ludovici
3097 668 3324 742 Augusti
3375 683 3561 724 senes-

1965 739 2105 797 callo
2133 763 2152 794 ‹
2184 744 2369 798 villam
2423 742 2749 812 Marciagum
2782 762 2798 792 ι
2851 740 3095 812 precario
3116 739 3336 812 dedisse
3361 756 3377 804 ;
3407 755 3554 812 eam-

2004 830 2071 868 ne
2098 832 2116 863 ι
2153 823 2337 883 postea
2378 814 2607 868 domnus
2632 810 2901 867 Alcoinus
2948 810 3028 883 [in
3060 810 3236 883 editis,
3287 810 3555 883 mendose,

2015 881 2241 956 lcriniis]
2273 900 2553 956 successor
2580 884 2820 956 ejusdem
2862 881 3175 956 monasterii
3197 890 3407 956 rector,
3437 900 3455 932 ι
3480 881 3561 956 _ad

1963 950 2283 1026 petitionem
2326 955 2494 1026 ipsius
2528 950 2784 1026 Ludovici
2831 954 3087 1026 praedicto
3123 951 3336 1026 Erlaldo
3366 950 3561 1026 confir-

1965 1022 2144 1083 inasse
2172 1022 2387 1081 dicitur.
2416 1024 2514 1078 Hic
2535 1033 2619 1079 est
2641 1022 2896 1089 ltherius,
2919 1024 3004 1078 cui
3029 1025 3081 1077 in
3104 1022 3364 1077 extremis
3384 1022 3561 1091 posito

1963 1097 2225 1153 Alcuinus
2253 1095 2450 1167 direxit
2479 1096 2761 1167 epistolam
2792 1094 2859 1149 75
2885 1093 3050 1167 (nunc
3078 1092 3166 1167 32)
3219 1091 3560 1167 dilectissimo

1968 1168 2121 1222 Patri
2165 1167 2363 1220 ltherio
2412 1162 2744 1234 inscriptam.
2779 1162 2903 1234 qua
2936 1180 3060 1220 eum
3099 1165 3153 1218 in
3190 1171 3437 1219 extremo
3468 1162 3561 1218 illo

1968 1254 2137 1309 agone
2164 1236 2473 1293 consolatur
2500 1246 2554 1289 et
2580 1237 2846 1309 accendit.

2037 1309 2125 1365 58.
2168 1308 2243 1362 Eo
2275 1309 2327 1362 in
2356 1322 2581 1362 munere
2608 1307 2774 1360 multa
2806 1306 3062 1375 praeclare
3097 1306 3267 1375 gessit
3300 1305 3387 1359 vir
3418 1304 3559 1360 inte-

1968 1382 2256 1451 gerrimus.
2288 1378 2579 1433 Monachus
2608 1378 2825 1500 quippe,
2851 1393 3080 1447 quorum
3117 1376 3206 1430 alii
3239 1392 3298 1430 se
3333 1375 3560 1431 canoni-

1968 1466 2097 1500 cos.
2142 1450 2229 1500 alii
2286 1464 2343 1500 se
2393 1450 2687 1500 monachos
2750 1449 3014 1500 'erenant.
3063 1463 3093 1500 a
3148 1446 3395 1500 solutiori
3439 1446 3560 1500 vita!

1967 1446 2097 1516 cos,
2142 1450 2229 1503 alii
2286 1464 2343 1503 se
2393 1446 3014 1511 monachosferedant,
3063 1463 3093 1500 a
3148 1446 3395 1501 solutiori
3439 1446 3565 1516 vitae

1967 1536 2163 1592 genere
2206 1519 2274 1574 ad
2316 1519 2629 1592 religiosum
2669 1516 2983 1592 revocavit:
3018 1517 3317 1592 ctenobitas
3356 1515 3569 1592 induxit

1968 1587 2025 1645 in
2082 1587 2495 1647 Cormaricense
2547 1591 2936 1644 monasterium
2994 1589 3061 1643 ab
3115 1587 3317 1642 ltherio
3374 1587 3569 1643 abbate

1969 1664 2129 1717 condi
2160 1669 2394 1731 emptum
2424 1678 2436 1712 :
2470 1660 2789 1729 hospitalem
2819 1660 3037 1731 domum
3072 1660 3124 1713 in
3144 1657 3386 1728 gratiam
3415 1672 3566 1731 pere-

1969 1728 2518 1805 grinorum'condidit
2555 1728 2610 1784 in
2639 1746 2777 1805 pago
2805 1730 3149 1805 Tricassino;
3184 1728 3568 1805 et_oratoriu_m

266 1791 729 1879 regis—consensit,
766 1804 821 1850 ct
858 1809 980 1848 eum
1008 1796 1061 1848 in
1108 1809 1298 1848 eorum
1340 1793 1619 1847 consortio
1667 1792 1782 1846 sive
1807 1791 1861 1845 in

1980 1791 2238 1886 iuoddam
2279 1802 2513 1886 Turonis
2544 1791 2656 1886 χᾳὲ
2694 1791 2927 1886 denique
2951 1791 3206 1886 publicas
3244 1800 3298 1882 in
3331 1815 3408 1886 ea.
3436 1798 3571 1880 urbe

265 1868 603 1922 orationibus
634 1875 973 1936 receperunt.
1003 1885 1021 1916 ι

340 1938 428 1991 55.
462 1937 530 1991 Et
550 1946 699 1992 certe
739 1933 1000 2007 quantum
1026 1934 1553 2007 lahorjssusceperit
1589 1933 1657 1988 ad
1683 1933 1862 2007 debel-

264 2008 484 2063 landam
515 2004 771 2062 haeresim
794 2007 1043 2077 Elipandi
1070 2016 1125 2060 et
1154 2005 1351 2077 Felicis
1383 2005 1761 2077 episcoporum
1795 2004 1863 2059 de

266 2077 824 2161 adoptione‘Christi,
870 2075 1156 2161 testantur.
1189 2076 1315 2161 libri
1356 2084 1563 2161 septem
1602 2075 1865 2161 adversus

264 2144 500 2203 Felicem
527 2165 541 2212 ;
572 2156 842 2203 testantur
868 2148 1033 2202 etiam
1070 2147 1159 2201 alii
1190 2155 1423 2215 quatuor
1460 2146 1722 2200 adversus
1752 2144 1864 2199 Eli—

264 2218 515 2300 pandum
539 2220 691 2300 ed‘iti,
724 2218 816 2300 qui
846 2226 1052 2300 septem
1079 2236 1097 2268 ‹
1135 2217 1260 2300 lecti
1292 2224 1435 2300 sunt
1464 2224 1519 2297 et
1563 2216 1778 2300 probati
1810 2215 1865 2270 in

265 2286 552 2358 praesentia
581 2286 761 2343 domui
806 2286 946 2359 regis
968 2296 1032 2359 et
1058 2288 1401 2342 sacerdotum
1436 2286 1573 2356 ejus,
1604 2307 1623 2338 ι
1658 2294 1721 2340 ιιι
1753 2286 1868 2355 ipse

265 2360 343 2413 ait
368 2360 423 2412 in
444 2359 538 2413 lib.
565 2375 581 2413 ι
612 2358 883 2413 adversus
899 2358 1238 2428 Elipandum.

336 2429 425 2483 54.
468 2428 604 2484 Tum
648 2427 997 2483 mentionem’
1022 2428 1151 2483 facit
1179 2429 1370 2499 synodi
1414 2427 1871 2499 Aquisgranensis

272 2515 415 2554 anno
446 2500 569 2564 799,
601 2509 910 2555 convocata:
951 2509 1072 2569 post
1120 2498 1548 2568 Orgellitanam:
1590 2518 1607 2550 ‹
1658 2498 1766 2553 Sed
1816 2506 1873 2569 et

269 2570 410 2625 idem
444 2570 617 2634 Felix,
654 2590 672 2621 ›
709 2570 905 2640 inquit,
937 2568 963 2620 ί
994 2586 1138 2625 anno
1168 2570 1378 2640 praefati
1409 2569 1630 2640 gloriosi
1668 2568 1874 2639 princi-

267 2641 351 2711 pis
379 2642 657 2696 tricesimo
688 2639 927 2695 secundo
963 2641 1257 2695 advocatus
1298 2639 1605 2695 voluntarie
1643 2640 1872 2711 veniens

269 2709 338 2792 ad
367 2711 538 2792 Aquis
564 2711 847 2792 palatium,
883 2712 1063 2792 ibique
1096 2712 1148 2765 in
1176 2712 1468 2792 praesentia
1500 2710 1684 2792 domui
1732 2709 1875 2792 regis

270 2791 326 2837 et
352 2780 673 2850 optimatum
705 2782 871 2845 illius,
902 2781 1018 2835 sive
1049 2780 1398 2835 sacerdotum
1426 2782 1521 2835 Dei
1547 2780 1879 2835 rationabili-

256 2862 355 2911 .ter
382 2853 618 2915 auditus,
649 2861 706 2907 et
729 2852 1001 2906 veraciter
1029 2853 1307 2906 convictus
1336 2869 1351 2917 ;
1404 2862 1563 2921 atque
1594 2851 1703 2906 Deo
1742 2851 1878 2907 dans

309 2923 527 2987 loriam,
552 2938 845 2991 veramque
872 2922 1154 2978 confessus
1179 2922 1361 2985 fidem,
1388 2923 1441 2976 in
1471 2938 1659 2993 pacem
1689 2923 1880 2977 catho-

294 2993 391 3048 icaa
421 2995 797 3048 unanimitatis
847 3009 1100 3048 reversus
1136 3001 1219 3048 est
1265 3008 1386 3047 cum
1430 2995 1541 3048 suis
1578 2993 1877 3062 discipulis,

269 3064 364 3132 qui
406 3064 478 3118 ibi
511 3075 637 3119 tunc
686 3066 952 3135 temporis
976 3073 1134 3119 erant
1182 3074 1497 3135 praesentes.
1531 3085 1549 3116 ι
1593 3063 1651 3118 ld
1678 3062 1880 3118 factum

271 3148 435 3204 opera
467 3143 523 3189 et
551 3134 1202 3204 disputationeAlcuini,
1255 3136 1345 3204 qui
1391 3150 1456 3189 eo
1503 3137 1555 3188 in
1604 3143 1875 3189 conventu

272 3183 1202 3277 iisiissaiatait'éi'vﬁa;
1230 3183 1875 3272 γῖῖὸιιὶἑιεῗίάᾜὶὸδέέὶὲ
1904 3183 1951 3247 C

278 3275 656 3330 dissimulavit.

920 3346 1148 3403 CAPUT
1180 3347 1267 3403 Vl.

401 3437 732 3507 Praefectura
755 3441 810 3493 in
838 3441 996 3494 variis
1031 3441 1390 3505 monasteriis,
1416 3448 1550 3493 recte
1578 3438 1744 3508 facta.

346 3550 438 3605 '55.
461 3551 642 3605 Variis
664 3551 1009 3605 monasteriis
1030 3550 1318 3621 praefectus
1332 3566 1361 3605 a
1376 3549 1570 3621 Carolo
1585 3557 1684 3612 est,
1704 3557 1759 3602 ut
1775 3550 1878 3605 hoc

272 3621 429 3693 quasi
457 3622 671 3675 vinculo
703 3622 753 3675 in
784 3621 955 3676 Gallia
1007 3620 1352 3693 retinerciur.
1386 3620 1521 3693 Nam
1552 3630 1672 3693 post
1710 3621 1879 3693 breve

275 3690 490 3762 tempus
519 3706 549 3745 a
577 3701 854 3762 postremo
885 3707 1106 3747 accessu
1138 3692 1193 3745 in
1233 3690 1539 3753 Franciam,
1570 3709 1589 3740 ε
1624 3690 1772 3744 dedit
1802 3690 1878 3745 illi

276 3762 503 3819 Carolus
540 3763 647 3817 duo
698 3764 1051 3829 monasteria,
1084 3762 1401 3817 Bethlehem
1449 3762 1679 3826 scilicet,
1730 3762 1877 3831 quod

275 3834 383 3891 alio
414 3834 632 3888 nomine
669 3834 951 3888 Ferrarias
981 3843 1204 3889 vocatur
1229 3850 1243 3898 ;
1273 3841 1328 3886 et
1354 3833 1529 3886 sancti
1557 3832 1691 3902 Lupi
1735 3832 1879 3902 apud

280 3905 506 3975 Trecas,
532 3925 551 3956 )
588 3907 641 3959 in
671 3906 805 3959 Vitae
832 3921 952 3975 cap.
981 3905 1033 3959 6.
1067 3904 1280 3975 Adjecit
1299 3904 1462 3975 etiam
1490 3904 1680 3975 cellam
1703 3902 1879 3957 sancti

278 3974 492 4040 Judoci,
524 3984 578 4030 et
595 3974 986 4031 monasterium
1018 3974 1190 4030 sancti
1216 3974 1429 4028 Martini
1456 3991 1470 4038 ;
1502 3974 1643 4044 quod
1674 3983 1882 4043 postre-

282 4061 429 4100 mum
457 4063 565 4116 quo
599 4055 844 4116 tempore
874 4046 1173 4116 susceperit
1196 4045 1477 4111 Alcuinus,
1510 4046 1709 4114 quidve
1728 4046 1783 4100 in
1812 4059 1879 4100 eo

277 4118 530 4189 gesserit,
560 4118 938 4188 explicandum
969 4129 1070 4173 est.

350 4187 437 4241 56.
471 4187 545 4243 De
568 4185 860 4244 commisso
881 4189 983 4244 sibi
1013 4188 1276 4260 regimine
1293 4186 1616 4260 _Mart_ini_ani
1644 4185 1878 4260 emnobii

276 4259 537 4340 Alcuinus
593 4260 961 4340 ita_loquitur
1014 4256 1343 4340 in'epistola
1389 4256 1471 4340 25‘
1511 4258 1680 4329 (nunc
1709 4257 1874 4327 129):

284 4349 301 4380 ι
333 4328 468 4383 Fere
510 4342 633 4385 ante
684 4328 809 4387 hoc_
834 4328 1265 4401 quinquennium
1314 4328 1601 4401 saeculares
1647 4344 1877 4399 occupa-

278 4402 471 4461 tiones,
505 4403 671 4455 Deum
700 4400 893 4466 testor,
926 4417 1030 4457 non
1075 4402 1199 4455 ficto
1238 4402 1402 4455 corde
1430 4400 1701 4454 declinare
1731 4401 1879 4470 cogi-

278 4473 532 4544 tavi,_scd
564 4480 757 4544 vestrae
802 4475 901 4544 pia:
930 4472 1285 4544 providentia:
1320 4471 1548 4544 consilio
1581 4470 1876 4544 translatus

1966 1868 2181 1931 scholas
2201 1872 2432 1943 aperuit.
2466 1872 2541 1927 De
2563 1872 2648 1927 his
2669 1868 2920 1926 omnibus
2933 1868 3220 1926 dicendum
3234 1868 3566 1941 singillatim.

2580 1986 2811 2042 CAPUT
2847 1985 2957 2041 VII.

2081 2060 2266 2116 Status
2293 2059 2600 2113 monasterii
2630 2059 2799 2112 sancti
2832 2056 3055 2112 Martini
3082 2058 3177 2111 sub
3208 2056 3453 2111 Alcuino.

2039 2149 2129 2204 39.
2169 2146 2561 2203 Monasterium
2586 2148 2761 2201 sancti
2790 2144 3005 2200 Martini
3034 2145 3252 2201 nomine
3282 2152 3338 2200 et
3367 2145 3573 2199 tumulo

1970 2218 2313 2283 illustratum,
2360 2217 2643 2272 monachis
2691 2217 3055 2272 Benedictinis
3102 2215 3299 2272 saeculo
3344 2217 3575 2286 septimo

1968 2290 2216 2361 paruisse
2246 2297 2474 2361 constat
2501 2303 2580 2361 ex
2604 2288 2823 2361 litteris
2858 2288 3075 2361 lbbonis
3104 2287 3434 2361 Turonensis
3453 2287 3576 2361 epi-

1971 2357 2141 2430 scopi,
2166 2360 2260 2428 qui
2287 2358 2647 2430 immanitatis
2668 2358 3010 2430 privilegium
3037 2360 3286 2430 concedit
3313 2357 3574 2430 fratribus

1972 2427 2090 2499 eius
2119 2427 2259 2495 loci,
2294 2448 2312 2480 ‹
2350 2429 2442 2483 ubi
2487 2427 2739 2483 monachi
2781 2429 3080 2500 secundum
3123 2428 3577 2500 regulamisancti

1972 2498 2254 2555 Benedicti
2297 2500 2610 2555 conversari
2653 2500 2926 2553 videntur.
2974 2520 2992 2552 ι
3042 2499 3100 2555 ln
3142 2498 3321 2554 libello
3359 2498 3426 2553 de
3461 2499 3579 2553 \ita

1975 2572 2149 2628 sancti
2190 2570 2426 2625 Pardulli
2457 2569 2665 2625 abbatis
2694 2568 3089 2636 Waractensis,
3124 2579 3366 2639 tempore
3398 2568 3579 2639 Caroli

1974 2642 2236 2713 principis
2274 2649 2631 2713 cognomento
2663 2640 2891 2713 Martelli
2913 2681 2927 2706 ,
2960 2641 3163 2713 mentio
3190 2638 3253 2713 lii
3279 2638 3579 2713 Audelandi

1978 2709 2180 2767 abbatis
2209 2721 2256 2765 et
2298 2709 2675 2766 monachorum
2716 2710 2956 2780 ejusdem
2998 2710 3125 2777 loci,
3158 2720 3214 2766 et
3242 2712 3296 2765 in
3322 2709 3579 2765 Chronici

1977 2782 2408 2839 Fontanellensis
2438 2796 2559 2850 cap.
2593 2784 2626 2837 9
2652 2784 2704 2836 in
2730 2782 2893 2837 editis
2920 2782 3169 2837 laudatur
3200 2800 3217 2833 ι
3250 2780 3581 2835 Teutsindus

1979 2854 2141 2908 Pater
2170 2853 2401 2908 ccenobii
2432 2853 2601 2907 sancti
2631 2852 2872 2918 Martini,
2909 2873 2926 2903 ι
2958 2853 3037 2906 uti
3067 2862 3121 2907 et
3146 2850 3581 2907 Fontanellensis

1981 2925 2051 2978 ab
2078 2939 2221 2977 anno
2251 2923 2378 2985 854,
2411 2942 2429 2973 ι
2461 2924 2553 2993 qui
2584 2924 2767 2977 dicere
2806 2924 2997 2978 solitus
3034 2933 3153 2978 erat
3185 2922 3445 2977 fratribus
3473 2920 3583 2976 Tu-

1982 2995 2181 3049 ronicm
2214 2993 2456 3048 ecclesite
2487 3011 2500 3047 :
2535 2993 2647 3049 Nisi
2677 3003 2915 3049 vestram
2946 2995 3293 3049 correxeritis
3320 2994 3484 3048 vitam
3518 3004 3585 3048 ac

1984 3080 2188 3129 mores,
2216 3065 2564 3119 Erinharium
2597 3081 2774 3135 meum
2806 3068 3152 3136 praepositum
3182 3081 3248 3119 ex
3279 3062 3582 3136 Fontineiia

1984 3136 2089 3191 huc
2117 3136 2404 3201 adducam,
2437 3135 2526 3205 qui
2571 3134 2761 3189 aratra
2783 3134 2967 3191 vestra
3011 3146 3216 3191 rectum
3248 3136 3439 3190 doceat
3468 3134 3582 3189 sul-

1983 3222 2131 3261 care.
2167 3227 2185 3258 ι
2218 3206 2299 3259 An
2323 3207 2375 3260 id
2405 3207 2719 3276 praestiterit
2742 3205 3090 3270 Tentsindus,
3115 3208 3385 3262 incertum
3412 3224 3424 3259 :
3454 3218 3583 3260 con-

1982 3286 2092 3359 stat
2117 3292 2249 3359 vnero
2286 3279 2449 3331 etiam
2470 3277 2783 3359 principatu
2801 3277 2989 3359 ,βληθῇ
3019 3277 3196 3348 Magni
3228 3276 3408 3359 ita
3437 3276 3585 3332 solu-

1982 3357 2094 3404 tam
2137 3349 2302 3402 fuisse
2333 3347 2599 3418 regularis
2627 3347 2752 3403 vitce
2782 3347 3126 3418 disciplinam
3142 3390 3157 3415 ,
3198 3356 3256 3402 ut
3285 3347 3373 3401 alii
3406 3361 3463 3401 se
3490 3362 3586 3401 ca-

1982 3420 2228 3482 nonicos,
2264 3418 2355 3473 alii
2385 3434 2443 3472 se
2476 3421 2774 3474 monachos
2814 3420 3077 3484 dicerent,
3120 3427 3179 3471 ut
3204 3428 3357 3487 patet
3381 3435 3447 3471 ex
3476 3433 3580 3487 ms.

1980 3490 2209 3559 epistola
2242 3488 2423 3542 Caroli
2452 3490 2519 3559 ad
2557 3489 2677 3559 illos
2711 3489 2935 3557 scripta,
2966 3490 3019 3542 in
3042 3486 3274 3559 gratiam
3301 3486 3584 3559 Theodulli

1981 3557 2391 3629 Aurelianensis
2429 3558 2696 3628 episcopi,
2744 3573 2901 3629 reum
2938 3557 3228 3629 quemdam
3265 3557 3582 3629 repetentis,

1982 3630 2074 3698 qui
2104 3628 2173 3682 ad
2206 3628 2469 3681 tumulum
2512 3627 2690 3683 sani-ti
2735 3627 2968 3683 Martini
2992 3627 3340 3697 confugerati
3368 3627 3449 3681 Ex
3476 3641 3585 3697 quo

1985 3699 2354 3768 intelligimus,
2395 3698 2449 3751 in
2484 3714 2549 3753 eo
2585 3699 2918 3754 monasterio
2943 3698 3232 3769 contigisse
3264 3699 3315 3752 id
3346 3699 3491 3768 quod
3518 3698 3584 3752 de

1983 3770 2630 3840 Dionysianohtestantur
2660 3770 2934 3840 Ludovici
2977 3768 3205 3839 Augusti
3253 3768 3480 3832 litterte,
3527 3777 3586 3821 ut

1983 3838 2259 3903 monachi,
2284 3838 2373 3894 alii
2406 3855 2515 3893 suae
2545 3839 2900 3909 professionis
2929 3838 3295 3903 immemores,
3321 3847 3413 3892 aut
3435 3846 3584 3892 certe

1982 3914 2331 3982 pmnitentes,
2359 3927 2416 3967 se
2439 3911 2734 3965 canonicos
2757 3910 3101 3981 praeferrent,
3124 3910 3212 3964 alii
3245 3909 3539 3965 monachos
3564 3924 3578 3962 :

1983 3982 2134 4035 vario
2174 3990 2389 4053 utentes
2428 3982 2869 4036 indumentorum
2908 3984 3126 4053 etivita:
3163 3995 3383 4053 genere,
3423 3984 3587 4049 prout

1983 4068 2081 4108 sua
2112 4052 2515 4124 cuiquelibido
2556 4053 2905 4124 suggerebat.
2950 4052 3077 4107 Herc
3108 4051 3380 4124 inprimis
3419 4063 3583 4124 causa

1982 4123 2154 4178 movit
2181 4121 2432 4177 Carolum
2467 4121 2741 4193 Magnum,
2786 4131 2848 4178 ut
2887 4132 3104 4177 mortuo
3143 4121 3345 4178 ltherio
3387 4121 3587 4175 abbate

1981 4194 2270 4265 Alcuinum
2298 4209 2364 4248 eo
2387 4194 2649 4264 dirigeret
2677 4195 2745 4249 ad
2770 4194 3121 4265 corrigendos
3145 4209 3333 4248 eorum
3365 4206 3579 4265 mores;

1982 4273 2037 4320 et
2074 4264 2335 4336 Alcuinus
2374 4262 2516 4318 ante
2541 4265 2595 4336 id_
2635 4276 2848 4336 tempus
2884 4262 2997 4333 jam
3045 4266 3114 4319 ad
3155 4280 3249 4320 eos
3291 4262 3586 4336 scripserat

1982 4334 2351 4409 epistolam?“
2387 4337 2552 4409 (nunc
2570 4334 2683 4409 25),
2717 4334 2822 4409 φ]γᾷ
2849 4351 2944 4391 eos
2971 4336 3221 4391 hortatur
3253 4336 3319 4388 ad
3343 4334 3585 4409 charita-

1983 4403 2114 4471 tem,
2154 4403 2516 4460 obedientiam
2546 4414 2602 4460 et
2627 4403 2986 4461 humilitatem
3017 4426 3029 4460 :
3078 4427 3095 4458 ε
3140 4422 3258 4475 quae
3288 4405 3410 4467 tria,
3448 4424 3483 4475 ε
3506 4403 3586 4458 in-

1982 4478 2121 4559 quit:
2156 4497 2185 4559 μ
2222 4486 2491 4546 prmcepta
2535 4478 2827 4559 monachis.
2857 4477 3110 4559 aperient
3144 4473 3519 4559 portas_cmli;
3560 4494 3580 4527 ι

277 4558 397 4618 sum
426 4542 479 4618 in
525 4541 1007 4618 servitium'isancti
1051 4542 1289 4618 Martini.
1324 4563 1340 4618 ξ
1387 4541 1601 4618 Scripta
1635 4550 1726 4618 est_
1760 4542 1875 4611 cpi-
1906 4554 1955 4615 ι)
1979 4541 2239 4618 praefatus
2261 4566 2278 4596 ί
2310 4541 2416 4600 non
2446 4562 2566 4618 esse
2593 4548 2863 4602 laudabile
2886 4541 2949 4618 in
2979 4541 3314 4603 vestimentis
3339 4544 3585 4601 habitum

278 4612 415 4667 stola
466 4614 581 4668 hmc
632 4614 684 4667 in
720 4616 895 4669 reditu
939 4613 1117 4668 Caroli
1165 4612 1341 4684 Magni
1368 4628 1435 4667 ex
1485 4611 1764 4684 ltaliaaln
1811 4627 1875 4665 ea

279 4684 477 4753 quippe
504 4683 761 4740 Alcuinus
790 4687 863 4740 ait
888 4700 947 4739 se
988 4686 1055 4739 de
1084 4683 1273 4738 Caroli
1303 4698 1369 4738 ex
1407 4683 1557 4737 Italia
1583 4683 1757 4738 reditu
1785 4698 1877 4735 an-

280 4754 427 4806 xium
454 4754 620 4810 fuisse
644 4773 659 4821 ;
689 4757 1037 4825 tandemque,
1061 4754 1310 4824 quamvis
1336 4770 1480 4818 sero,
1506 4769 1695 4809 vocem
1723 4763 1877 4877 opta-

284 4829 394 4877 tam
437 4829 874 4877 concurrentium
916 4825 1221 4877 insenuisse
1249 4827 1471 4877 auribus
1515 4826 1666 4877 suis:
1699 4842 1717 4874 ι
1789 4839 1874 4877 am

284 4829 394 4877 tam
437 4829 874 4882 concurrentium
916 4825 1221 4881 insenuisse
1249 4827 1471 4882 auribus
1515 4826 1666 4879 suis:
1699 4842 1717 4874 ι
1755 4825 1874 4877 Jam

276 4893 495 4967 jamque
523 4902 720 4960 veniet,
743 4897 856 4967 jam
880 4899 1043 4966 Alpes
1075 4897 1383 4967 transivit.)
1414 4896 1567 4963 Quod
1596 4897 1649 4949 in
1674 4911 1876 4949 annum

282 4962 482 5038 Christi
505 4962 1009 5038 octingentesimum
1028 4969 1263 5037 primum
1290 4962 1492 5023 referre
1513 4976 1744 5037 oportet,
1772 4979 1879 5037 quo

283 5032 507 5110 Carolus
534 5032 828 5110 imperator
857 5032 1052 5098 dictus,
1100 5038 1270 5092 Roma
1314 5040 1418 5093 huc
1460 5032 1742 5110 regressus
1772 5032 1876 5110 est.

282 5102 468 5179 i‘ieque
494 5102 637 5162 enim
664 5109 715 5163 id
742 5110 983 5163 revocari
1011 5117 1188 5178 potest
1217 5110 1269 5162 in
1311 5102 1667 5179 penultimum
1710 5109 1881 5179 ipsius

284 5175 390 5229 iter
428 5186 580 5249 trans
608 5180 788 5249 Alpes,
823 5180 965 5248 quod
1012 5175 1213 5249 accidit
1260 5175 1401 5233 anno
1436 5179 1559 5242 786,
1612 5175 1879 5249 siquidem

284 5260 394 5300 non
431 5246 537 5299 nisi
563 5246 690 5315 post
708 5246 995 5303 concilium
1024 5247 1475 5303 Francofurtense
1504 5246 1764 5303 Aleuinus
1794 5248 1882 5303 ab-

283 5316 447 5389 batite
473 5315 817 5389 Martiniaure
844 5318 1106 5389 praelatus
1138 5318 1405 5389 est._Cum
1430 5334 1558 5387 ergo
1581 5320 1884 5389 quinquen-

286 5388 379 5443 nio
409 5396 535 5442 ante
561 5403 760 5442 annum
787 5386 990 5443 Christi
1016 5386 1113 5441 801
1153 5386 1205 5441 id
1246 5387 1447 5442 factum
1476 5386 1566 5455 sit,
1594 5386 1880 5444 dicendum

288 5458 342 5513 id
364 5460 665 5530 contigisse
689 5472 829 5514 anno
867 5457 989 5513 796.

358 5528 448 5585 37.
494 5527 1008 5586 sancta-Marthani
1043 5527 1267 5585 Garulfo
1319 5530 1642 5585 Martiniano
1698 5530 1883 5586 abbati

288 5599 576 5657 Alcuinum
606 5602 941 5658 substituunt
971 5621 983 5655 :
1017 5612 1074 5657 at
1113 5610 1327 5656 constat
1350 5617 1475 5656 eum
1500 5618 1605 5656 non
1639 5600 1880 5667 Garulfo,

289 5672 384 5744 sed
409 5671 609 5729 ltherio
653 5673 1002 5731 successisse.
1053 5671 1282 5728 Carolus
1328 5674 1383 5728 in
1413 5674 1704 5744 diplomate
1740 5674 1885 5742 quod

290 5741 515 5816 Alcuino
534 5760 634 5816 pro
655 5745 1052 5803 Cormariceusi
1080 5746 1410 5802 monasterio
1432 5741 1720 5810 concessit,
1747 5741 1886 5801 lthe-

291 5813 432 5868 rium
459 5813 709 5872 abbatem
748 5816 891 5872 illius
943 5826 1321 5872 antecessorem
1368 5824 1545 5881 vocat,
1591 5824 1648 5872 ut
1694 5818 1884 5885 pbstea

1982 4618 2185 4673 imitari
2215 4617 2439 4672 Patrum
2472 4617 2590 4672 sine
2620 4617 3001 4673 observatione
3032 4619 3433 4681 mandatorum,
3465 4630 3586 4686 qua:

1981 4690 2059 4744 illi
2090 4697 2398 4745 statuerunt
2426 4686 2538 4742 Deo
2569 4689 2950 4744 servientibus.
2985 4707 3001 4739 ι
3038 4689 3172 4743 Dein
3206 4697 3394 4758 rogat,
3431 4695 3488 4758 ut
3517 4700 3586 4739 ne

1982 4775 2039 4815 se
2087 4779 2105 4809 ‹
2154 4767 2645 4829 ρι’ςιξδμηιριυοςυω
2690 4779 2708 4810 ι
2754 4759 3049 4824 aestiment,
3098 4760 3241 4827 quod
3280 4757 3422 4828 ipsis
3468 4757 3587 4813 haec

1982 4828 2203 4886 scribat.
2236 4848 2252 4878 ι
2283 4828 2556 4900 Charitas,
2602 4829 2812 4897 inquit,
2860 4844 2947 4884 me
2969 4830 3229 4900 compulit
3254 4830 3306 4883 in
3334 4829 3432 4881 has
3458 4840 3587 4897 pro-

1984 4914 2237 4969 rumpere
2281 4899 2513 4953 litteras.
2551 4918 2571 4951 ι
2603 4900 2737 4967 Qme
2780 4900 2951 4969 verba
2995 4899 3127 4955 satis
3173 4901 3409 4969 innuuut
3461 4911 3584 4969 eam

1983 4967 2264 5041 epistolam
2296 4969 2557 5041 scriptam
2587 4971 2655 5025 ab
2680 4985 2740 5024 se
2768 4968 2934 5027 fuisse
2962 4980 3087 5026 ante
3116 4984 3279 5041 quam
3313 4967 3414 5021 loci
3444 4967 3585 5041 regi-

1986 5037 2425 5111 nieniobtineretl
2455 5039 2569 5095 Hoc
2592 5042 2835 5111 adeptus,
2863 5042 3056 5097 iisdem
3083 5037 3283 5111 direxit
3298 5037 3585 5111 epistolam

1983 5113 2047 5165 de
2083 5109 2426 5182 Confessione
2465 5108 2829 5182 peccatorum,
2872 5108 3585 5182 inscriptamaitectissimis

1983 5128 2047 5165 ae
2087 5128 2426 5179 conjessione
2502 5128 2829 5179 eccatorum,
2872 5128 3188 5182 inscriptam
3230 5128 3585 5163 auecusstmu

1982 5183 2038 5255 in
2064 5180 2272 5255 Christo
2304 5180 2431 5255 ﬁliis
2456 5128 2702 5255 fameque
2731 5186 2839 5255 spei
2867 5178 3285 5255 adolescentulis,
3309 5179 3397 5255 qui
3426 5179 3481 5255 in
3501 5195 3587 5255 ec-_

1985 5251 2151 5324 c_l_esiai
2199 5248 2392 5324 summi
2444 5248 2705 5324 pontiﬁcis
2756 5248 3161 5324 protectorisque
3212 5248 3392 5321 magni
3441 5248 3587 5324 beati

1989 5321 2212 5393 Martini
2240 5319 2463 5393 Domino
2492 5319 2619 5376 Jesu
2648 5319 2902 5378 deservire
2928 5319 3199 5393 videntur,
3221 5319 3373 5393 atque
3398 5319 3462 5373 ab
3497 5335 3583 5372 ec-

1986 5392 2292 5446 clesiasticis
2321 5392 2636 5463 erudiuntur
2662 5393 2927 5463 magistris
2962 5392 3017 5445 in
3050 5389 3453 5463 Domino'Deo;
3496 5401 3584 5441 ra-

1988 5471 2096 5527 tus,
2124 5462 2188 5535 id
2221 5462 2364 5535 quod
2393 5477 2480 5517 res
2508 5472 2613 5535 est,
2636 5462 2869 5535 primam
2910 5463 3051 5535 hanc
3076 5475 3198 5517 esse
3229 5462 3372 5535 viam
3400 5472 3583 5515 rever-

1989 5534 2136 5587 tendi
2185 5530 2252 5586 ad
2298 5530 2488 5587 Deum.
2535 5530 2719 5603 Neque
2760 5547 2889 5587 vero
2940 5532 3151 5587 irritam
3197 5531 3341 5603 ejus_
3358 5543 3582 5603 operam

1987 5603 2154 5687 fuisse
2181 5603 2413 5687 probant
2434 5601 2778 5687 epistolie‘ifi
2818 5603 3161 5687 (nunc‘129),
3199 5604 3266 5657 ad
3299 5601 3580 5687 Cat-tioium:

1988 5676 2104 5730 haec
2130 5675 2295 5729 verba
2327 5693 2339 5727 :
2376 5693 2394 5725 ι
2430 5670 2577 5729 Inter
2601 5675 2797 5730 fratres
2826 5670 2880 5730 in
2907 5670 3336 5745 ccclesiagsancti
3363 5670 3581 5745 Mar_tini

1985 5746 2097 5802 Deo
2123 5744 2356 5817 fideliter
2397 5743 3423 5817 servientesviverevelirequiescere
3464 5743 3578 5799 Deo

1987 5818 2282 5871 miserante
2315 5816 2434 5872 sine
2462 5815 2569 5870 ulla
2599 5816 2939 5872 dubitatione
2963 5815 3229 5873 desidero.
3270 5834 3291 5868 ι
