4058 6344
247 1393 265 1504 1

286 317 417 374 1M1

1291 315 1636 374 APPENDIX
1673 315 1762 372 IV.
1802 346 1871 358 --
1907 299 2219 372 ELOGIUM
2256 313 2553 370 ALCUINI.

3423 312 3565 370 1412

286 433 440 504 cujus
461 429 826 504 fragmentum
857 432 1034 504 infra.
1057 429 1407 504 Homiliarum
1443 435 1547 490 duo
1568 434 1873 500 volumina;
1905 439 1952 496 Α
1979 448 2174 504 papam
2201 431 2446 504 Romam.
2498 429 2698 504 Canisii
2726 429 3094 500 conjecturam
3135 428 3379 504 Andreas
3399 427 3568 504 Ches-

287 502 665 575 Expositiones
697 503 762 575 i_n_
782 502 1446 575 Proverbia_et_Cantica,
1498 522 1617 575 quae
1643 522 1880 562 comme-

288 582 570 644 morantur
607 572 661 626 in
703 572 840 628 Vitae
882 589 1000 644 cap.
1041 573 1126 627 12.
1177 573 1272 630 His
1315 572 1560 631 addenda
1597 576 1880 632 Confessio

291 643 416 698 fidei
462 653 698 714 quatuor
724 643 971 714 partibus
997 654 1275 711 constans,
1307 655 1361 702 et
1385 647 1522 701 liber
1546 649 1612 701 de
1636 647 1758 702 Vita
1779 645 1881 702 Ca-

291 714 644 839 rolidMagni,
693 715 759 770 de
807 731 915 786 quo
948 724 1179 786 utroque
1213 733 1377 786 opere
1404 719 1648 788 quaedam
1694 718 1881 772 obser-

291 802 395 840 van
437 801 488 839 a.

360 856 449 912 84.
477 855 760 912 Confessio
787 857 903 912 haec
936 873 964 911 a
989 857 1149 912 Petro
1171 857 1462 915 Francisco
1491 858 1758 914 Chilﬁetio
1784 858 1880 914 So—

292 928 506 1002 cietatis
544 927 672 982 Jesu
701 930 1019 1002 presbytero
1063 930 1274 985 erudito
1316 932 1452 1002 typis
1477 931 1710 1002 primum
1737 930 1883 1002 edita

294 998 520 1071 Divione
547 1007 631 1071 est
674 1014 815 1052 anno
859 998 994 1053 1656
1021 1016 1087 1054 ex
1115 998 1425 1071 pervetusto
1452 998 1638 1056 codice
1674 1001 1884 1071 Lugdu—

294 1069 479 1141 nensi,
522 1070 614 1138 qui
659 1069 1140 1141 nomeniauctoris
1189 1070 1425 1141 praefert.
1485 1071 1567 1124 An
1605 1069 1885 1126 Confessio

294 1140 412 1212 haec
440 1139 511 1194 sit
536 1139 804 1210 genuinus
825 1140 1034 1195 Alcuini
1065 1139 1225 1204 fetus,
1254 1143 1502 1196 dubitant
1523 1142 1739 1212 quidam
1764 1157 1886 1197 eru-

296 1210 414 1273 diti,
459 1225 688 1276 quorum
719 1212 1017 1279 prmcipuas
1053 1213 1290 1266 rationes
1320 1213 1500 1266 videre
1541 1210 1675 1266 licet
1703 1212 1756 1266 in
1801 1212 1886 1266 In-

297 1280 416 1336 dice
445 1281 725 1343 historico,
752 1282 844 1350 qui
861 1280 1054 1336 Ofticio
1073 1283 1139 1336 de
1167 1283 1508 1337 sanctissimo
1533 1281 1888 1339 Sacramenta

298 1352 572 1424 subjectus
592 1361 694 1424 est.
736 1351 991 1405 Censurae
1035 1353 1147 1407 hzec
1177 1369 1408 1424 summa.
1450 1353 1666 1408 Priores
1706 1362 1889 1424 partes

298 1421 417 1476 duae
453 1423 727 1491 prmclarze
776 1433 901 1476 sunt
943 1431 998 1476 et
1027 1424 1148 1492 piae,
1191 1423 1284 1478 sed
1327 1424 1618 1492 plurimum
1659 1421 1724 1478 ei
1769 1425 1890 1479 aliis

297 1492 510 1563 Alcuini
539 1493 814 1563 operibus,
863 1495 1133 1562 pracipue
1163 1509 1229 1546 ex
1275 1495 1611 1548 orationibus
1639 1495 1892 1563 deprom-

299 1571 422 1633 ptae.
456 1562 590 1617 Pars
625 1564 783 1617 tertia
811 1578 915 1617 non
949 1565 1183 1619 cohaeret
1207 1579 1331 1618 cum
1361 1565 1568 1618 duabus
1595 1562 1888 1633 prioribus,

300 1648 366 1686 ex
397 1633 592 1703 quibus
628 1633 794 1686 multa
847 1635 1040 1702 repetit
1085 1633 1152 1687 ad
1203 1633 1425 1704 verbum
1457 1649 1470 1688 :
1501 1636 1644 1704 quod
1684 1636 1738 1690 in
1785 1652 1892 1691 uno

299 1705 599 1772 eodemque
618 1718 780 1772 opere
806 1705 984 1758 nullus
1011 1714 1201 1759 auctor
1229 1703 1434 1758 fecerit.
1481 1703 1750 1761 Praeterea
1776 1707 1892 1762 haec

300 1789 428 1898 Βίης
447 1790 512 1827 ex
541 1774 892 1829 Conl'essione
929 1774 1132 1843 Pelagii
1177 1783 1232 1828 et
1258 1791 1323 1830 ex
1354 1775 1492 1831 libro
1534 1777 1600 1830 de
1628 1777 1893 1846 dogmati—

339 1860 401 1896 us
432 1845 817 1898 ecclesiasticis
841 1845 1122 1898 desumpta
1161 1856 1262 1898 est.
1309 1847 1572 1898 correctis
1609 1855 1788 1898 tamen
1828 1848 1893 1898 iis

339 1860 401 1915 us
432 1845 817 1899 ecclesiasticis
841 1845 1122 1915 desumpta
1161 1856 1262 1910 est,
1309 1847 1572 1901 correctis
1609 1845 1788 1903 tatnen
1828 1848 1895 1903 iis

301 1911 472 1988 locis,
491 1931 612 1988 qua:
635 1915 974 1988 Pelagianam
999 1911 1246 1971 hicresim
1277 1917 1512 1986 sapiunt.
1548 1918 1682 1972 Pars
1707 1927 1899 1988 quarta

304 1984 504 2060 desinit
533 1987 585 2040 in
616 1984 850 2060 capite9
878 2003 891 2048 ;
921 2003 1044 2041 nam
1069 2003 1186 2060 quae
1217 1984 1538 2060 sequuntur,
1567 1984 1782 2060 farrago
1817 1998 1901 2046 est

302 2053 636 2131 diversarum
657 2053 970 2131 orationum
995 2053 1142 2131 male
1166 2053 1572 2131 cohaerentium.
1604 2058 1659 2113 SI
1668 2053 1789 2131 yl'ns
1810 2077 1900 2116 ae—

269 2131 272 2134 ’
304 2126 448 2199 cedit
472 2126 539 2182 ad
567 2127 764 2199 stylum
796 2129 1029 2194 Alcuini,
1078 2145 1186 2184 non
1215 2129 1373 2198 plane
1403 2138 1605 2184 tersum
1631 2126 1684 2184 ei
1708 2147 1896 2187 emen-

304 2195 513 2258 datum,
538 2195 634 2270 sed
657 2199 850 2270 fortem
875 2217 938 2254 ac
964 2201 1165 2270 pietate
1187 2195 1506 2255 ferventem.
1539 2201 1686 2255 Vixit
1710 2212 1900 2256 auctor

305 2276 432 2336 ante
463 2269 912 2323 scholasticorum
941 2269 1178 2336 nitatem,
1213 2287 1342 2325 usus
1366 2271 1642 2326 nonnullis
1668 2274 1900 2327 vocabu-

303 2335 394 2400 lis,
423 2355 542 2406 qua:
570 2339 1015 2394 scholasticorum
1051 2335 1183 2395 artas
1226 2357 1331 2395 non
1373 2340 1529 2396 facile
1570 2344 1896 2398 admisisset.

307 2407 551 2482 Denique
610 2410 816 2482 fatetur
851 2410 1049 2482 Indicis
1093 2420 1283 2466 auctor
1329 2425 1394 2465 ex
1440 2413 1524 2466 his
1573 2413 1901 2482 conjecturis

303 2479 439 2552 nihil
475 2490 684 2535 certum
723 2480 932 2535 definiri
959 2497 1137 2550 posse.
1165 2482 1382 2537 Addunt
1409 2482 1571 2552 aliqui
1600 2479 1761 2538 aliam
1795 2486 1898 2539 du-

303 2549 512 2605 bitandi
555 2553 842 2614 rationem,
891 2549 1034 2620 quod
1073 2553 1126 2606 in
1171 2568 1233 2606 ea
1263 2549 1614 2609 Confessi—one
1643 2555 1898 2610 nonnulla

305 2629 556 2690 excerpta
600 2621 710 2676 sint
749 2638 813 2676 ex
843 2621 1280 2678 Meditationibus
1329 2625 1502 2679 sancti
1534 2625 1792 2680 Anselmi.
1831 2627 1901 2681 At

305 2691 426 2770 quis
456 2693 578 2770 scit,
604 2692 1032 2770 numAnseImus
1057 2694 1456 2770 ex__A_l_cuino_ea
1487 2705 1763 2770 mutuatus
1787 2697 1902 2770 sit?
1943 2717 1950 2724 ·

306 2759 422 2814 Non
463 2763 661 2817 mirum
698 2763 742 2817 si
785 2763 1045 2818 Alcuinus
1075 2764 1327 2818 adhibeat
1362 2765 1765 2822 Confessionem
1795 2767 1900 2823 Pe-

305 2831 452 2902 lagii,
477 2849 598 2903 quae
625 2843 736 2888 tum
769 2834 941 2889 sancti
979 2834 1293 2904 Hieronymi
1319 2852 1438 2892 esse
1465 2837 1808 2903 credebatur,
1843 2849 1902 2893 ut

305 2912 544 2979 patet_ex
575 2905 668 2958 lib.
700 2921 770 2979 ιιι
790 2905 1024 2960 Carolini
1053 2908 1234 2976 Operis
1260 2916 1448 2961 contra
1472 2908 1753 2978 imagines,
1778 2924 1898 2979 cap.

308 2973 395 3027 10.
438 2974 587 3041 Quou
615 2977 861 3049 quaadam
891 2991 995 3030 non
1027 2973 1160 3049 satis
1187 2979 1517 3044 cohaereant,
1562 2973 1902 3049 répetantu'r-

306 3060 412 3122 que
442 3047 720 3122 imminuti,
775 3048 828 3101 id
855 3047 1141 3116 provenire
1183 3057 1362 3122 potest
1404 3057 1517 3103 tum
1561 3047 1641 3103 ex:
1659 3064 1726 3105 eo
1757 3052 1902 3122 quod

308 3116 422 3170 haec
456 3114 734 3188 Confessio
783 3114 993 3174 constet
1030 3133 1098 3172 ex
1145 3114 1312 3173 variis
1339 3120 1557 3185 Patrum
1589 3114 1895 3188 sententiis,

309 3202 436 3260 quae
455 3188 505 3239 in
535 3187 672 3260 idem
703 3190 945 3243 recidunt
973 3207 984 3242 :
1019 3197 1131 3243 tum
1157 3206 1223 3244 ex
1253 3200 1400 3245 motu
1425 3191 1686 3246 ferventis
1707 3187 1897 3260 animi,

309 3257 478 3331 quiin
501 3257 764 3331 ejusmodi
795 3261 1178 3331 agitationibus
1209 3261 1355 3315 nullo
1381 3262 1570 3316 ordine
1599 3263 1652 3317 in
1683 3257 1897 3319 diversa

311 3328 536 3398 rapitur.
587 3328 790 3404 Auctor
807 3328 868 3404 in
903 3332 1074 3404 partis
1113 3348 1163 3385 ιν
1192 3348 1311 3402 cap.
1347 3333 1410 3386 15
1431 3349 1470 3404 ra
1501 3333 1612 3387 Deo
1639 3333 1896 3404 postulat,

310 3414 367 3473 se
397 3418 415 3447 ‹
451 3403 773 3473 necessariis
799 3401 1172 3456 famulantium
1216 3403 1492 3472 obsequiis
1517 3412 1572 3458 et
1601 3401 1842 3473 impensa
1867 3422 1900 3459 a

308 3468 570 3544 fratribus
620 3475 917 3544 reverentia
946 3488 1220 3542 nunquam
1265 3468 1492 3544 extolli:
1529 3493 1548 3526 ι
1592 3468 1709 3544 (ιιιώ
1735 3476 1899 3529 verba

310 3539 446 3593 satis
467 3547 651 3609 aperte
675 3541 902 3595 innuunt
922 3539 1200 3597 auctorem
1227 3543 1476 3598 abbatem
1515 3539 1699 3609 fuisse,
1731 3546 1900 3599 multo

310 3626 590 3685 servorum
618 3619 673 3665 et
697 3613 1084 3685 monachorum
1115 3629 1341 3685 numero
1366 3624 1422 3670 ct
1448 3616 1707 3669 comitatu
1735 3617 1901 3685 stipa-

311 3687 448 3756 tum.
489 3679 545 3734 Id
576 3696 701 3735 vero
723 3683 887 3756 plane
906 3684 1158 3756 convenit
1179 3685 1235 3756 in
1256 3684 1565 3746 Alcuinum,
1597 3687 1690 3756 qui
1719 3679 1900 3756 viginti

311 3750 480 3826 millia
511 3750 784 3826 servarunt
807 3754 1057 3826 habuisse
1084 3754 1302 3826 dicitur,
1334 3764 1396 3810 ut
1429 3750 1678 3826 superius
1695 3750 1896 3811 notavi.

314 3819 517 3898 Subdit
546 3822 1123 3898 Confessionisauctor
1152 3825 1211 3898 in_
1225 3819 1473 3898 ejusdem
1493 3819 1672 3898 partis
1701 3843 1754 3882 ιν
1779 3843 1897 3898 cap.

315 3892 401 3945 17.
441 3911 459 3941 ι
491 3891 660 3946 Amisi
692 3895 864 3949 locum
901 3896 1110 3949 dilecta:
1137 3891 1460 3963 solitudinis,
1498 3891 1730 3954 amicum
1767 3891 1902 3953 md:-

313 3963 474 4027 roris,
504 3964 788 4038 quietiset
802 3967 1169 4035 pmnitndinis,
1199 3985 1362 4038 quem
1393 3971 1460 4023 ah
1489 3969 1707 4024 ineunte
1743 3978 1902 4024 actate

314 4049 527 4108 semper
557 4035 741 4108 dilexi.
773 4036 979 4092 Idcirco
1007 4038 1059 4091 in
1091 4035 1340 4108 angustia
1379 4049 1434 4094 et
1463 4056 1696 4096 man-ore
1732 4041 1901 4096 multo

314 4106 488 4183 posita
513 4107 804 4183 est_anima
846 4124 986 4174 mea,
1027 4106 1186 4183 tuum“
1203 4125 1364 4183 super
1389 4127 1446 4166 se
1473 4112 1727 4183 ignorans
1750 4111 1900 4181 judi-

315 4176 460 4230 cium
487 4195 498 4228 :
532 4178 662 4252 quia
687 4189 956 4252 secretum
987 4180 1158 4252 solitae
1185 4176 1384 4250 quietis
1410 4192 1467 4236 et
1488 4176 1803 4252 opportuna:
1833 4183 1902 4237 ad

315 4255 369 4302 te
399 4247 717 4319 vacationis,
754 4251 897 4319 quod
923 4250 1086 4305 semel
1117 4247 1365 4306 incautus
1404 4247 1583 4318 amisi,
1619 4255 1795 4308 denuo
1821 4254 1904 4308 in-

265 4373 272 4388 ,
318 4318 504 4372 venire
552 4334 658 4372 non
690 4318 857 4395 potui.
910 4321 1022 4395 Hoc
1061 4331 1241 4395 autem
1286 4332 1414 4393 opto
1445 4325 1640 4389 adhuc,
1693 4326 1903 4395 suspiro

269 4445 271 4447 _
315 4396 366 4442 et
395 4403 577 4466 quaaro
605 4409 617 4442 :
647 4392 752 4466 sed
773 4393 1221 4466 prtepedicntihus
1242 4392 1479 4466 peccatis
1501 4396 1636 4450 meis
1666 4392 1905 4466 reperire

315 4473 422 4536 non
443 4459 622 4536 _v_aIe_o.
650 4479 667 4512 ι
713 4459 968 4516 Eamdem
994 4465 1164 4536 animi
1201 4459 1285 4518 sui
1305 4468 1672 4536 agitationem
1698 4459 1902 4522 descri-

1926 3176 1974 3240 C

1987 3825 2116 3896 '57).
2159 3825 2359 3882 Eodem
2399 3833 2609 3897 spectat
2636 3824 2862 3896 epistola
2894 3827 2956 3882 91
2994 3826 3159 3898 (nunc
3185 3825 3276 3881 38)
3317 3825 3386 3881 ad

1982 497 2105 559 hius
2130 503 2184 558 in
2226 503 2459 557 editione
2488 501 2696 555 Alcuini
2723 497 2945 570 operum
2975 499 3299 570 approbasse
3330 497 3564 554 videtur.

1980 573 2072 630 Ivo
2114 573 2463 630 Carnotensis
2508 571 2790 642 episcopus
2833 571 2886 625 in
2934 570 3239 642 Panormita
3275 576 3438 642 parte
3468 583 3568 626 vm

1982 645 2200 715 adducit
2252 639 2724 715 fragmentumeis
2771 642 2926 715 gestis
2969 639 3144 696 Caroli
3185 639 3365 715 Magni
3408 639 3570 715 juata

1982 712 2271 770 Alcwinum
2317 710 2369 768 in
2400 714 2514 768 haec
2544 713 2705 768 verba
2737 710 2819 766 τ’(
2851 712 3060 784 Rogata
3100 719 3155 766 et
3180 710 3429 784 precibus
3463 710 3573 766 Ad-

1984 783 2123 854 riani
2152 786 2408 842 Romana:
2438 786 2588 840 urbis
2630 785 2867 854 episcopi
2901 780 3156 854 eioratns
3181 780 3406 854 Carolus
3454 797 3570 854 rex,

1982 853 2183 909 bellum
2236 863 2424 911 contra
2481 851 2864 925 Longobardos
2914 853 3195 922 suscepit:
3237 851 3378 922 quod
3425 852 3576 921 prius

1985 925 2287 997 quidemet
2334 925 2666 994 supplicante
2694 941 2831 996 papa
2859 926 2926 981 ab
2969 927 3084 997 ejus
3113 931 3276 997 patre
3293 938 3416 977 cum
3461 938 3575 997 ma-

1986 993 2089 1064 gna
2118 993 2448 1052 difﬁcultate
2477 993 2782 1065 susceptum
2823 1004 2926 1052 est.
2967 993 3099 1050 {At
3146 993 3576 1065 totidem__verba

1987 1063 2204 1122 exstant
2252 1068 2305 1121 in
2352 1067 2489 1122 libro
2530 1063 2820 1137 Eginbardi
2867 1067 2934 1122 de
2985 1067 3104 1123 Vita
3150 1064 3326 1121 Caroli
3376 1063 3575 1136 Magni,

1988 1153 2149 1207 quem
2179 1137 2372 1192 librum
2406 1137 2699 1207 Eginhardi
2731 1153 2850 1194 esse
2872 1146 3104 1194 constat.

2060 1207 2148 1263 86.
2183 1207 2243 1282 In
2270 1207 2568 1282 _SpiciI_egii_
2593 1215 2738 1282 to_mo
2766 1209 2878 1282 IV,_
2901 1225 3024 1282 pag.
3067 1208 3200 1282 4875,
3232 1209 3322 1282 ubi
3353 1209 3581 1282 habetur

1989 1279 2230 1351 thesauri
2259 1278 2602 1351 Centnlensis
2628 1278 2919 1350 descriptio
2941 1278 3082 1351 anno
3108 1281 3208 1351 851
3232 1281 3386 1351 jussu
3408 1279 3582 1351 Ludo-

1989 1349 2097 1403 vici
2126 1348 2351 1419 Augusti
2382 1349 2541 1414 faeta,
2575 1348 2946 1404 memorantur
2977 1369 2996 1399 ι
3035 1348 3266 1406 Missalis
3291 1348 3580 1419 Gregoria—

1991 1436 2095 1474 nus
2120 1430 2175 1474 ct
2222 1419 2542 1475 Gelasianus
2583 1419 2858 1476 modernis
2903 1421 3232 1489 temporibus
3279 1421 3346 1475 ab
3387 1419 3583 1474 Albino

1992 1491 2293 1561 ordinatus,
2344 1499 2399 1546 et
2445 1491 2819 1546 Lectionarius
2859 1490 3131 1561 plenarius
3165 1508 3195 1546 a
3238 1507 3400 1561 supra
3440 1490 3585 1546 dicto

1992 1559 2188 1643 Albino
2213 1562 2515 1643 ordinatus,
2551 1582 2602 1643 ρ.
2625 1561 2832 1643 scilicet
2858 1559 3223 1643 Epistolarum
3239 1559 3318 1643 et
3341 1561 3584 1643 Evange-

1995 1631 2212 1698 Iiornm,
2261 1641 2320 1687 nt
2345 1648 2411 1686 ex
2454 1632 2635 1686 verbis
2664 1647 2729 1686 eo
2768 1631 2871 1687 loci
2904 1631 3209 1687 intersertis
3237 1631 3584 1702 interpretor.

1995 1702 2216 1758 Librum
2242 1703 2476 1773 denique
2508 1703 2576 1758 de
2616 1702 2945 1772 Imaginibus
2972 1704 3252 1772 scripsisse
3277 1702 3475 1757 dicitur
3500 1717 3589 1756 su-

1923 1799 1970 1861 B
1995 1789 2092 1861 pra
2120 1791 2266 1829 num.
2299 1775 2361 1829 51
2395 1793 2406 1827 :
2436 1773 2579 1861 quod
2609 1773 2790 1861 nescio
2817 1789 2884 1828 an
2903 1790 3099 1861 partim
3127 1774 3464 1861 cxplgratu'r‘n
3495 1773 3585 1861 sit.

2001 1844 2223 1900 Certum
2271 1861 2400 1900 vero
2429 1853 2511 1900 est
2551 1860 2675 1898 eum
2711 1844 2876 1899 libros
2903 1843 3112 1900 Veteris
3155 1843 3219 1898 ac
3246 1843 3375 1898 Novi
3404 1843 3591 1898 Testa-

2001 1917 2168 1971 menti
2199 1917 2424 1986 jubente
2447 1915 2641 1970 Carolo
2667 1914 3005 1980 emendasse,
3033 1930 3195 1986 supra
3232 1930 3380 1986 num.
3412 1912 3499 1986 75.

2071 1988 2158 2042 87.
2202 1984 2509 2055 Antequam
2557 1986 2963 2041 observationes
3006 1987 3072 2041 de
3099 1984 3325 2040 'Alcuini
3374 1984 3592 2055 scriptis

1999 2056 2148 2121 finio,
2198 2073 2302 2112 non
2333 2056 2402 2112 ab
2432 2071 2502 2127 re,
2519 2057 2623 2110 erit
2667 2057 2756 2111 hic
2799 2070 3069 2127 exponere
3102 2057 3298 2112 seriem
3331 2069 3590 2127 quarum-

2001 2129 2124 2183 dam
2163 2129 2281 2198 ejus
2316 2125 3021 2198 epistolarum,secundum
3059 2127 3305 2198 ordinem
3333 2125 3595 2198 temporis

2001 2213 2108 2268 quo
2134 2196 2364 2268 scripta!
2381 2205 2545 2253 sunt:
2597 2197 2773 2268 qualis
2815 2198 2948 2253 mihi
2978 2213 3070 2253 eas
3107 2197 3406 2270 perlegeuti
3448 2196 3595 2252 venit

2001 2270 2057 2324 in
2088 2279 2343 2324 mentem.
3297 2311 3302 2316 ,

2071 2340 2229 2394 Αιιηο
2271 2339 2374 2394 790
2419 2340 2476 2394 in
2517 2340 2707 2411 Anglia
2739 2340 2940 2408 scripta
2968 2348 3051 2394 est
3086 2337 3314 2411 epistola
3363 2339 3434 2411 ad
3469 2337 3592 2411 Col-

2003 2426 2149 2475 cum,
2196 2411 2450 2466 nimirum
2481 2407 2626 2466 anno
2649 2407 2896 2481 proximo
2919 2419 3041 2480 post
3069 2407 3312 2465 devictos
3341 2425 3371 2463 a
3401 2407 3595 2464 Carolo

2003 2481 2243 2546 Sclavos,
2295 2482 2363 2536 ad
2393 2495 2552 2550 quem
2582 2498 2641 2537 se
2667 2482 2988 2536 mittendum
3023 2495 3144 2536 esse
3173 2481 3305 2535 dicit
3333 2495 3432 2550 pro
3459 2493 3593 2549 pace

2001 2552 2144 2606 inter
2169 2553 2344 2622 ipsum
2387 2552 2637 2607 Carolum
2667 2560 2724 2608 et
2752 2552 2926 2607 Otl'am
2956 2566 3110 2623 reges
3143 2551 3598 2623 procuranda,_ut

2001 2621 2205 2686 legitur
2249 2624 2302 2678 in
2347 2638 2408 2694 ea
2456 2623 2705 2694 epistola,
2749 2638 2914 2692 quam
2962 2621 3104 2677 inter
3151 2621 3471 2694 Hibernicas
3517 2621 3598 2694 in:

2004 2701 2212 2764 tegram
2260 2693 2430 2764 edidit
2463 2691 2732 2757 Usserius,
2768 2691 2865 2764 qui
2905 2709 3025 2750 eam
3052 2708 3158 2764 non
3172 2693 3325 2764 bene
3354 2693 3493 2749 locat
3529 2691 3596 2747 ad
3657 2701 3662 2706 ·

2004 2763 2206 2818 annum
2233 2763 2356 2828 795,
2390 2773 2449 2835 ut
2475 2765 2655 2832 notavi
2681 2763 2933 2835 superius
2954 2780 3103 2818 num.
3124 2763 3213 2818 28.

2072 2835 2229 2890 Anno
2259 2835 2362 2906 794
2388 2833 2624 2890 Adriano
2654 2833 2805 2906 papa:
2819 2835 3011 2890 scribit
3033 2834 3316 2906 epistolam
3341 2833 3411 2889 65
3432 2834 3598 2906 (nunc
3693 2881 3702 2885 _

2005 2906 2094 2976 18)
2122 2921 2220 2976 per
2260 2905 2668 2977 Angilbertum,
2717 2905 2809 2976 qui
2853 2914 2973 2960 acta
3008 2905 3222 2960 concilii
3267 2905 3596 2961 Francofur-

2004 2977 2174 3032 tensis
2218 2976 2443 3032 Romam
2473 2976 2683 3032 detulit.
2734 2977 2906 3032 Aliam
2953 2977 3082 3047 item
3111 2977 3329 3047 scripsit
3359 2977 3424 3031 de
3467 2990 3600 3047 nece

2005 3047 2280 3118 Ethelredi
2328 3049 2493 3118 regis,
2539 3047 2696 3116 cujus
2739 3047 2980 3118 epistola:
3024 3045 3383 3118 fragmentum
3429 3045 3600 3118 refert

2007 3116 2315 3175 Willelmus
2365 3116 2860 3174 Malmesburiensis
2903 3116 3202 3174 monachus
3240 3117 3295 3172 in
3343 3117 3439 3174 lib.
3488 3117 3599 3174 Ide

2005 3188 2244 3313 Reginus
2277 3189 2592 3272 Anglorum,
2629 3206 2748 3261 cap.
2778 3189 2834 3245 '5.

2124 3276 2231 3313 nno
2255 3260 2357 3313 796
2395 3261 2561 3313 Leoni
2605 3276 2758 3313 pana:
2799 3277 2834 3313 s

2124 3276 2231 3315 nno
2255 3259 2561 3333 796’Leoni
2605 3259 2758 3333 papa:
2779 3261 3000 3333 scribit
3019 3260 3302 3333 epistolam
3329 3259 3400 3314 72
3433 3261 3601 3329 (nunc

2003 3331 2095 3402 24)
2143 3347 2240 3400 per
2267 3331 2795 3402 Angilbertum.’Ad
2843 3334 2944 3387 hoc
2991 3331 3095 3388 iter
3140 3333 3302 3402 etiam
3353 3337 3598 3402 spectant

2003 3401 2183 3474 Caroli
2201 3403 2439 3474 epistolae
2453 3403 2522 3474 85
2539 3412 2593 3457 et
2608 3401 2676 3474 84
2692 3401 2817 3474 (Pal
2827 3403 2931 3474 tot.
2944 3402 3172 3468 XCVIII,
3194 3401 3320 3473 907)
3335 3401 3477 3474 inter
3491 3403 3601 3474 epi-

2004 3473 2171 3528 stolas
2199 3472 2656 3527 Alcuini.1therio
2684 3472 2866 3542 abbati
2886 3473 3210 3528 Martiniano
3235 3472 3396 3526 mOrti
3415 3472 3599 3542 proii-

2004 3558 2094 3596 mo
2147 3543 2332 3612 dirigit
2377 3542 2661 3612 epistolam
2708 3541 2775 3595 75
2809 3543 2828 3612 (
2851 3558 2992 3598 nunc
3035 3543 3164 3612 52).
3221 3541 3457 3597 Homero
3503 3558 3598 3612 seu

2003 3611 2322 3683 Angilberto
2354 3611 2538 3667 Remaa
2566 3612 2850 3684 exsistenti
2877 3611 3159 3684 epistolam
3190 3612 3259 3668 92
3290 3613 3456 3684 (nunc
3480 3611 3596 3684 25).

2004 3682 2199 3739 Carolo
2226 3686 2508 3754 aegrotanti
2536 3683 2806 3748 condolet,
2856 3682 2926 3738 et‘
2949 3684 3018 3754 ob
3062 3682 3378 3754 Hunnorum
3414 3682 3598 3750 subje—

2005 3756 2238 3810 ctionem
2277 3749 2527 3824 captivos
2573 3754 2793 3810 liberari
2842 3753 3076 3824 postulat
3115 3755 3272 3824 epist.
3319 3749 3388 3810 90
3433 3749 3599 3824 (nunc

3465 3825 3602 3895 ippi-

2004 3913 2154 3953 num.

2074 3968 2230 4024 Anno
2273 3967 2375 4023 797
2407 3968 2473 4024 de
2509 3969 2774 4040 electione
2803 3968 3066 4040 Eanbaldi
3104 3968 3336 4040 junioris
3360 3966 3597 4039 episcopi

2004 4039 2372 4112 Eboracensis
2389 4040 2548 4110 epist.
2579 4039 2654 4095 88
2675 4038 2840 4112 (nunc
2859 4039 3077 4112 54);de
3100 4038 3251 4112 Saltu
3289 4038 3598 4112 lunaranno

2005 4111 2196 4166 ultimo
2240 4109 2378 4182 cycIi
2405 4108 2871 4182 decemnoveriajis
2907 4108 3076 4182 epist.
3122 4111 3157 4166 5
3183 4110 3350 4182 (nunc
3380 4109 3499 4182 76).
3527 4108 3598 4182 In

2006 4183 2236 4252 epistola
2267 4179 2370 4235 112
2393 4181 2544 4250 (nunt
2578 4181 2670 4252 '59)
2695 4181 2761 4236 ad
2787 4179 3072 4252 Paulinum
3103 4179 3352 4236 meminit
3379 4179 3602 4251 legatio-

2007 4251 2091 4307 nis
2120 4255 2187 4307 ab
2212 4252 2406 4307 Avaris
2432 4253 2534 4306 hoc
2559 4251 2703 4307 anno
2733 4253 2910 4307 missa:
2937 4253 3002 4307 ad
3029 4251 3302 4307 Carolum.

2075 4324 2232 4379 Anno
2258 4323 2360 4378 799
2387 4322 2644 4388 libellum,
2693 4330 2753 4378 ut
2789 4332 2966 4388 vocat,
3018 4333 3208 4378 contra
3237 4321 3490 4378 haeresim
3533 4321 3600 4376 de

2006 4396 2294 4464 adoptione
2319 4393 2486 4448 mittit
2510 4410 2630 4449 cum
2653 4394 2878 4464 epistola
2909 4393 2976 4448 15
3005 4393 3171 4464 (nunc
3197 4394 3340 4465 101).
3367 4393 3441 4465 De
3465 4391 3601 4446 Leo-

2009 4467 2092 4538 nis
2111 4463 2270 4538 papa:
2287 4465 2646 4538 mutilatione
2675 4463 2786 4535 agit
2809 4466 2862 4521 in
2887 4463 3130 4536 epistolis
3158 4465 3225 4519 12
3252 4463 3307 4521 et
3335 4463 3400 4519 15
3433 4468 3599 4536 (nunc

314 4529 392 4584 bit
427 4529 686 4612 Altini-nus
715 4548 876 4612 supra
915 4549 1062 4587 num.
1111 4535 1178 4589 60
1208 4543 1263 4590 et
1290 4529 1499 4612 61:_Ex
1522 4538 1718 4612 quibus
1747 4538 1899 4612 aliis—
1927 4537 1981 4598 D
2004 4536 2074 4592 96
2099 4529 2156 4612 et
2181 4529 2328 4612 109)2

316 4599 1102 4724 quelcolligiturfipsummet
1157 4621 1278 4662 esse
1330 4607 1485 4662 istius
1533 4599 1902 4664 Confessionis

317 4686 419 4724 auc
445 4687 616 4724 orem.

317 4686 616 4727 anetorem.

279 4761 284 4794 .'
509 4743 1432 4821 CaroliMagniVitamabeodem
1479 4751 1735 4821 scriptam
1782 4766 1904 4807 esse

272 4801 280 4820 ”
315 4813 590 4890 probat_in
620 4787 1905 4890 primisosubscriptio-IVitar

316 4893 466 4963 ctare
493 4883 817 4963 E3inhardo,
849 4883 1064 4963 adjecta
1087 4893 1136 4944 in
1163 4892 1346 4948 codice
1371 4883 1651 4959 'Thuaneo,
1681 4903 1736 4949 et
1763 4894 1903 4963 apud

316 4951 607 5036 Cbesniu'm
645 4956 697 5008 in
725 4965 868 5012 tumo
897 4951 938 5013 II
965 4961 1109 5016 edita
1131 4963 1186 5016 in
1211 4964 1356 5036 hunc
1381 4965 1598 5036 modum
1632 4951 1650 5018 ξ
1680 4951 1903 5036 Reliqua

317 5035 529 5106 acutum
551 5040 666 5106 ejus
688 5037 854 5096 gesta,
873 5047 974 5106 seu
997 5041 1043 5106 et
1062 5050 1178 5106 qua:
1203 5033 1259 5106 in
1287 5035 1606 5090 carminibus
1628 5035 1781 5106 vulgo
1806 5033 1900 5090 ca-

319 5104 515 5174 nuntur
542 5100 712 5175 (ιε-ευ,
739 5114 842 5151 non
863 5100 949 5175 hic
971 5100 1197 5175 pleniter
1223 5104 1484 5175 descripta
1513 5115 1637 5160 sunt
1663 5123 1677 5171 ;
1701 5100 1793 5160 sed
1823 5122 1905 5160 re-

316 5164 461 5253 qtti-re
483 5164 895 5253 ἑρμγίιιιηῳιαιῃ
917 5164 1174 5253 [ﬁrmatis
1196 5174 1260 5227 de
1279 5191 1340 5253 eo_
1364 5164 1541 5253 scribit
1566 5194 1584 5241 ;
1611 5164 1674 5230 et.
1696 5176 1902 5231 Bahcus

317 5236 481 5290 etiam
513 5235 688 5316 Vitam
716 5235 893 5294 Caroli
925 5239 1097 5309 Magni
1130 5243 1271 5316 inter
1313 5245 1524 5299 Alcuini
1558 5235 1721 5316 opera
1749 5262 1901 5302 com-

318 5316 598 5388 memorat:
628 5308 744 5388 Qua
791 5326 847 5366 re
877 5308 1178 5388 commotus
1226 5314 1505 5388 Henricus,
1528 5308 1776 5372 Ca'nisius
1805 5317 1900 5370 Al-

315 5377 480 5434 cuino
506 5377 697 5434 tribuit
738 5397 958 5437 carmen
983 5385 1049 5439 de
1072 5383 1319 5441 Adventu
1351 5387 1528 5442 Caroli
1569 5389 1637 5443 ad
1664 5388 1899 5445 Leonem

2080 4610 2244 4680 Anno
2267 4606 2373 4680 800
2406 4607 2727 4680 Liudgardae
2763 4609 2968 4680 reginae
2993 4607 3200 4680 obitum
3249 4607 3398 4680 luget
3438 4607 3596 4678 epist.

2009 4680 2073 4734 21
2107 4689 2163 4735 et
2187 4679 2259 4734 22
2283 4678 2449 4750 (nunc
2496 4677 2598 4734 106
2635 4690 2691 4735 et
2733 4677 2878 4749 107).
2918 4678 3044 4750 gNon
3069 4679 3200 4750 vult
3241 4677 3326 4750 ire
3370 4677 3596 4750 Romam

2010 4752 2169 4821 epist.
2197 4746 2506 4822 13.17.19
2532 4753 2698 4822 (nunc
2728 4746 2851 4822 107,
2883 4749 3004 4813 152,
3036 4749 3179 4822 154).
3225 4747 3464 4804 Centulaa
3502 4746 3596 4800 Vi-

2010 4829 2120 4893 tam
2147 4823 2334 4893 sanctiq
2355 4821 2596 4893 Richarii
2626 4821 2870 4893 scribere
2895 4830 3136 4893 rogatus.

2079 4892 2237 4947 Anno
2279 4891 2374 4947 801
2410 4891 2605 4946 Carolo
2649 4908 2716 4948 ex
2761 4891 2910 4946 Italia
2956 4887 3249 4948 revertenti
3296 4887 3600 4960 gratulatur

2007 4964 2165 5034 epist.
2193 4963 2265 5017 25
2289 4963 2455 5034 (nunc
2490 4962 2629 5032 129).
2677 4963 2939 5034 Eumdem
2969 4965 3036 5017 ab
3066 4959 3406 5034 expeditione
3428 4959 3598 5015 Bene-

2008 5031 2245 5106 ventana
2268 5031 2596 5088 dehortatur
2610 5034 2766 5106 epist.
2791 5033 2862 5106 24
2888 5033 3056 5106 (nunc
3093 5031 3235 5106 155).

2373 5113 2497 5188 sunt
2530 5102 2658 5188 qusi
2678 5105 2744 5162 de
2787 5102 3002 5188 Alcuini
3047 5102 3597 5188 scriptis‘obserlvare

2003 5176 2173 5248 potui.
2200 5176 2462 5246 Superest
2487 5171 2932 5249 ut'fragmentum
2956 5173 3074 5244 ejus
3101 5171 3340 5244 epistola:
3365 5173 3432 5226 ad
3453 5171 3599 5228 Can-

2006 5247 2190 5324 didum
2205 5256 2274 5324 et
2295 5245 3002 5324 .Nathanaelemeshibeam
3032 5261 3099 5300 ex
3121 5244 3341 5324 schedis
3370 5245 3594 5324 nostris,

2007 5320 2084 5373 uti
2132 5318 2596 5393 pollicit_us__s_um.
2650 5319 2806 5393 (Vide
2849 5319 2994 5374 inter
3047 5314 3306 5388 epistolas
3355 5313 3592 5379 Alcuini,

2005 5399 2138 5446 tom.
2171 5390 2235 5447 C.
2265 5390 2366 5447 col.
2397 5389 2548 5463 408.)

1531 5665 1584 5670 ---
2342 5663 2356 5673 ο
