1881 3077
476 263 578 340 ΙΝ
666 258 1006 340 ΟΡΕΒΑ
1059 260 1397 339 ΡΗΟΤΙΙ

683 408 790 440 NUNC
810 407 970 440 PRIMUM
991 407 1202 439 COLLECTA

175 498 517 553 EDITORUM
556 498 989 552 PATBOLOGIZE
1027 497 1278 552 GBIECJE
1315 497 1680 551 PBJEFATIO.

847 597 1045 604 _—_—_——

692 645 713 673 1.
725 662 760 668 —
776 646 815 674 De
829 655 943 681 persona
962 650 988 674 et
1005 646 1086 682 gestis
1104 644 1206 673 Photii.

158 700 275 728 Photius
292 699 458 735 scriptorum
474 707 587 727 suorum
600 701 680 736 copia
695 706 723 729 et
735 702 860 730 doctrina
874 701 1000 736 celebris,
1026 707 1055 729 at
1072 702 1253 734 facinoribus,
1272 701 1373 736 quibus
1388 701 1436 728 diu
1451 700 1601 728 Ecclesiam
1620 700 1765 735 perturba—

122 745 174 774 vit.
189 750 217 771 et
229 744 401 771 teterrimum
416 744 535 772 schisma
556 745 742 780 inauguravit,
757 746 838 781 longe
862 745 996 774 celebrior
1010 746 1107 774 evasit.
1123 746 1208 781 Cujus
1229 745 1328 773 indolis
1344 748 1372 772 et
1392 744 1491 780 agendi
1512 744 1627 772 rationis
1642 743 1764 771 notitiam

125 793 156 815 ut
167 788 255 815 lector
266 788 302 814 ab
314 787 394 814 initio
408 792 580 823 perspectam
595 789 707 822 habeat,
726 794 802 825 gesta
817 789 878 824 ejus
891 789 1062 817 brevissimis
1079 790 1170 817 verbis
1185 789 1388 817 euarrabimus.

163 831 286 866 Ignatius
302 831 444 858 Michaelis
459 831 642 867 Curopalatae,
659 834 833 868 imperatoris
843 832 1138 868 Constantinopolitani
1162 833 1245 865 titius,
1259 832 1305 860 sed
1322 832 1356 859 ab
1377 830 1490 858 infantia
1508 838 1524 858 a
1539 830 1631 858 Leone
1646 830 1766 858 Armeno

126 876 260 906 cviratus,
276 875 382 910 nejura
402 876 479 910 regni
499 876 550 903 sibi
572 884 693 911 unquam
717 877 878 910 vindicaret.
900 877 1049 905 monachus
1074 877 1103 905 S.
1129 876 1218 912 Satyri
1240 881 1266 904 et
1288 876 1417 903 sacerdos
1441 875 1539 907 factus,
1563 881 1637 901 anno
1660 874 1723 905 διδ,
1739 875 1765 900 in

126 919 312 954 patriarcham
328 920 664 954 Constantinopolitanum
689 921 790 949 electus
804 925 856 953 est,
870 926 898 949 et
913 921 1004 949 sedem
1027 920 1237 956 patriarchaiem
1259 919 1343 947 Novae
1363 919 1466 951 Romae,
1492 918 1616 946 omnium
1633 919 1765 946 virtutum

124 963 340 990 sacerdotalium
356 963 502 998 splendore
519 964 676 992 illustravit.
695 964 773 992 Tunc
786 966 918 1000 temporis
939 965 1083 1000 imperium
1099 964 1319 997 administrabat,
1340 964 1423 991 veluti
1444 963 1492 990 lilii
1508 963 1551 990 sui
1576 963 1660 990 tutrix
1678 962 1767 990 Theo-

124 1008 204 1039 dora,
218 1006 361 1034 Michaelis
374 1006 445 1034 ebrii
461 1012 559 1040 mater,
577 1015 638 1043 quae
651 1016 724 1035 anno
749 1009 812 1041 842,
835 1009 962 1037 haeresim
986 1009 1230 1042 lconoclastarum,
1258 1013 1404 1044 postquam
1427 1015 1475 1042 per
1495 1014 1584 1035 annos
1606 1010 1717 1034 centum
1739 1011 1767 1033 et

124 1050 220 1085 viginti
240 1051 347 1077 vineam
365 1049 474 1078 Domini
491 1056 638 1083 vastasset,
654 1052 765 1079 tandem
782 1052 938 1080 suti‘ocavit.

160 1093 288 1126 Michael,
309 1101 372 1121 cum
392 1102 494 1122 annum
517 1095 679 1131 vigesimum
703 1097 821 1131 primum
835 1097 923 1125 natalis
939 1104 996 1125 suae
1016 1097 1162 1132 attigisset,
1182 1104 1254 1124 anno
1278 1097 1382 1125 scilicet
1403 1095 1466 1128 857,
1490 1102 1573 1122 suasu
1588 1094 1684 1121 Barda:
1699 1094 1760 1120 (Σπε-

124 1138 208 1170 saris,
234 1143 262 1166 et
287 1139 417 1166 avunculi
442 1139 497 1173 sui,
522 1139 634 1167 tutelam
659 1140 755 1168 matris
779 1141 910 1174 excussit,
933 1145 962 1168 et
983 1149 1038 1176 quo
1062 1141 1172 1168 facilius
1191 1140 1283 1176 pravis
1302 1140 1360 1168 suis
1379 1139 1576 1174 cupiditatibus
1601 1138 1764 1173 indulgeret,

125 1188 242 1208 matrem
264 1186 292 1209 et
311 1189 420 1210 sorores
443 1183 470 1210 in
495 1184 693 1211 monasterium
718 1185 827 1212 detrudi
861 1192 894 1213 ac
924 1185 1028 1213 tonderi
1050 1185 1142 1221 jussit.
1163 1186 1199 1212 At
1224 1185 1325 1220 iniqua
1350 1192 1406 1212 suae
1438 1183 1580 1211 sententia
1609 1182 1767 1209 consentire

126 1225 215 1252 noluit
230 1225 354 1260 ignatius
370 1226 540 1261 patriarcha.
552 1228 595 1254 vir
609 1227 672 1262 pius
690 1231 717 1255 et
726 1227 829 1263 justus,
843 1229 890 1263 qui
905 1229 957 1256 hac
971 1229 1005 1256 de
1034 1236 1118 1257 causa
1138 1228 1298 1257 Michaelem
1320 1228 1494 1256 vehementer
1505 1226 1618 1254 otfendit
1631 1230 1659 1252 et
1672 1232 1688 1251 a
1702 1225 1768 1252 sedc

88 1267 91 1270 ”
127 1269 318 1303 patriarchali,
330 1269 375 1297 die
388 1269 423 1297 ‘25
437 1269 600 1299 Novembris
614 1279 686 1299 anno
697 1271 761 1304 857,
773 1280 827 1299 non
840 1273 900 1300 sine
912 1272 951 1305 vi,
963 1273 1093 1308 expulsus
1108 1277 1162 1301 est.

163 1312 284 1341 Sceleris
299 1313 382 1348 hujus
399 1313 527 1349 praecipui
544 1319 672 1343 auctores
689 1315 800 1343 fuerunt
815 1315 918 1344 Bai-das
932 1315 1023 1344 Caesar
1037 1321 1064 1344 et
1076 1315 1192 1344 Michael
1214 1316 1380 1351 imperator;
1396 1319 1424 1342 at
1437 1314 1561 1350 ejusdem
1577 1317 1769 1348 cooperatores

127 1360 208 1383 erant
222 1356 348 1391 Photius,
361 1357 450 1385 adhuc
464 1358 564 1390 laicus,
589 1359 635 1393 qui
652 1359 744 1387 sedem
760 1359 969 1394 patriarchaiem
983 1360 1116 1392 ambibat,
1130 1365 1156 1387 et
1171 1359 1319 1395 Gregorius
1330 1359 1442 1392 Abeste,
1457 1359 1602 1393 episcopus
1619 1357 1768 1393 Syracusa-

128 1407 191 1433 nus,
205 1408 288 1435 quem
306 1401 440 1436 lgnatius,
453 1410 499 1429 an.
515 1402 580 1435 847,
593 1402 628 1430 ob
647 1402 769 1431 facinora
787 1411 847 1437 sua,
863 1404 1011 1440 episcopali
1025 1404 1157 1439 dignitate
1169 1404 1343 1438 spoliaverat.
1354 1402 1512 1438 Gregorius,
1525 1402 1604 1437 jussu
1622 1401 1770 1436 imperato-

129 1445 178 1478 ris,
193 1444 324 1472 Pbotium
337 1445 448 1479 laicum,
461 1446 478 1474 5
490 1446 596 1474 dierum
608 1447 697 1482 spatio
711 1447 744 1475 ad
760 1455 854 1476 sacros
867 1447 977 1476 ordines
993 1452 1020 1475 et
1033 1448 1067 1479 ad
1082 1448 1171 1483 ipsum
1188 1448 1388 1482 episcopatum,
1403 1447 1430 1473 in
1445 1450 1630 1480 contemptum
1650 1444 1702 1472 SS.
1719 1452 1768 1472 ca-

130 1495 246 1522 nonum,
262 1489 409 1524 promovit,
424 1490 462 1517 ita
476 1495 506 1517 ut
520 1489 633 1518 Photius
648 1491 692 1519 die
708 1491 743 1519 25
758 1491 914 1520 Decembris
922 1492 1044 1527 ejusdem
1061 1492 1124 1519 anni
1137 1491 1188 1518 857
1198 1492 1326 1519 thronum
1341 1489 1552 1526 patriarchalem
1563 1489 1771 1517 conscenderet"

164 1531 295 1568 Episcopi
319 1533 467 1568 pr0vincite
490 1534 800 1570 Constantinopolitana:
824 1543 931 1569 omnes,
954 1537 1076 1572 exceptis
1109 1540 1215 1563 tantum
1239 1535 1335 1571 viginti
1358 1539 1385 1562 et
1405 1542 1473 1567 uno,
1505 1541 1567 1560 mox
1598 1533 1626 1560 in
1654 1532 1769 1560 ecclesia

131 1575 162 1603 Β.
191 1575 284 1604 lrenes
303 1576 541 1613 Constantinopoli
569 1584 765 1613 convenerunt,
790 1583 818 1607 et
834 1578 963 1608 Photium
991 1586 1121 1616 tanquam
1141 1586 1277 1608 canonum
1296 1583 1511 1613 contemptorem
1531 1582 1559 1605 et
1583 1577 1656 1605 sedis
1672 1577 1768 1604 alienae

130 1621 299 1653 tnvasorem,
314 1620 501 1656 deposuerunt
516 1626 543 1649 et
557 1623 732 1650 anathemate
747 1629 954 1658 percusserunt.

165 1665 203 1691 At
222 1664 338 1693 Photius
364 1666 528 1694 auctoritate
549 1667 643 1695 Barda:
653 1672 681 1696 et
701 1667 840 1697 Michaelis
870 1669 966 1702 fretus,
978 1668 1074 1705 viginti
1094 1671 1122 1695 et
1138 1675 1222 1695 unum
1246 1666 1390 1701 episcopos
1405 1666 1457 1694 sibi
1472 1666 1643 1694 adhwrentes
1656 1671 1770 1700 congre-

131 1709 207 1744 gavit
220 1708 248 1735 in
265 1709 366 1744 templo
383 1709 435 1737 SS.
451 1710 654 1745 Apostolorum,
671 1715 698 1738 et
720 1711 854 1747 Ignatium
872 1712 906 1739 ob
921 1711 984 1740 {icta
1001 1712 1117 1739 crimina
1135 1710 1270 1746 deposuit,
1288 1710 1369 1744 eique
1389 1711 1534 1737 anathema
1549 1709 1627 1737 dixit.

168 1751 328 1781 Conventus
343 1753 383 1780 illi
397 1753 463 1786 duo,
475 1761 548 1781 anno
563 1754 616 1782 859
625 1754 754 1784 celebrati
769 1761 845 1789 sunt;
859 1760 886 1784 at
898 1756 997 1784 nedum
1007 1763 1102 1791 pacem
1114 1758 1312 1787 restaurarent,
1328 1754 1493 1782 discordiam
1505 1753 1582 1781 novis
1596 1751 1770 1780 incrementis

134 1802 282 1824 IIIXCI'IHII.

171 1841 234 1869 Ideo
247 1841 361 1870 Photius
379 1842 572 1870 auctoritatem
586 1843 682 1878 prima:
696 1844 769 1872 sedis
784 1844 836 1872 sibi
856 1844 1057 1873 conciliandam
1075 1851 1137 1872 esse
1153 1843 1269 1879 putavit,
1286 1850 1341 1878 quo
1361 1841 1469 1870 tandem
1494 1841 1664 1868 adversarios
1677 1839 1771 1874 Oppri-

135 1890 233 1917 meret,
246 1890 274 1913 et
287 1886 379 1920 quiete
394 1894 443 1914 sua
460 1888 639 1922 usurpatione
655 1887 792 1916 frueretur

171 1929 245 1958 Misit
258 1930 352 1964 itaque
367 1930 401 1958 ad
414 1930 558 1959 Nicolaum
574 1931 584 1958 l
598 1932 753 1959 Romanum
776 1932 932 1967 pontificem
946 1932 1052 1959 litteras
1069 1931 1265 1964 venerationis,
1283 1929 1449 1958 humilitatis
1469 1937 1501 1955 ac
1520 1927 1698 1963 subiectionis
1714 1927 1771 1961 plc-

136 1982 198 2006 nas,
219 1974 320 2009 quibus
334 1975 483 2009 postulavit
499 1979 528 2003 ut
543 1983 669 2003 summus
690 1976 814 2017 pontifex
834 1975 1100 2012 Constantinopolim
1117 1975 1222 2012 legatos
1237 1975 1368 2007 mitteret,
1383 1974 1431 2009 qui
1455 1972 1618 2000 diSsidcntes
1630 1972 1773 2006 cpisropos

135 2018 272 2049 audirent,
283 2023 312 2046 et
323 2019 511 2053 perturbatam
532 2027 627 2054 pacem
641 2021 826 2048 restituerent.

172 2061 303 2089 Nicotaus
312 2062 383 2090 votis
395 2062 483 2090 Photii
493 2064 590 2090 annuit
603 2068 640 2096 et,
651 2071 724 2090 anno
736 2063 799 2096 860,
812 2063 893 2099 hujus
907 2064 1009 2101 negotii
1026 2063 1160 2092 tractandi
1172 2070 1256 2091 causa
1269 2058 1535 2095 Constantinopolim
1548 2058 1622 2086 misit
1633 2057 1774 2085 Rhodoal-

135 2107 201 2134 dum
215 2111 241 2133 et
252 2105 412 2134 Zachariam
426 2107 579 2142 episcopos,
591 2107 639 2143 qui
655 2116 716 2135 cum
735 2116 747 2134 a
760 2107 858 2135 Photio
877 2107 993 2136 fuissent
1013 2107 1203 2140 circumventi,
1222 2107 1320 2141 partim
1333 2113 1365 2132 ex
1379 2106 1487 2135 timore,
1501 2103 1599 2138 partim
1614 2110 1646 2129 ex
1661 2102 1772 2136 pusilla-

136 2150 271 2181 nimitate.
285 2151 311 2177 in
332 2150 450 2178 concilio
467 2151 519 2178 5l8
529 2152 719 2187 episcoporum
730 2159 800 2187 quos
811 2151 923 2180 Photius
938 2156 1147 2184 convocaverat,
1161 2152 1187 2178 in
1200 2149 1398 2185 depositionem
1410 2147 1506 2183 lgnatii
1526 2150 1736 2175 consenserunt.

166 2194 209 2221 ’Δί
224 2193 320 2221 eodem
337 2201 410 2220 anno
424 2194 487 2226 86l,
499 2194 639 2229 Nicotaus,
657 2201 802 2231 postquam
816 2198 967 2232 legatorum
982 2203 1093 2223 suorum
1105 2194 1356 2230 prmvaricationem
1370 2191 1555 2227 cognovisset,
1568 2190 1662 2217 Romae
1678 2189 1774 2216 conci~

136 2238 204 2265 lium
224 2237 388 2265 coadunavit
399 2241 436 2270 et,
451 2245 544 2265 coram
559 2239 649 2273 legato
662 2239 802 2268 Michaelis
816 2239 991 2275 imperatoris
1007 2238 1072 2271 CP.,
1088 2238 1239 2266 declaravit
1260 2245 1289 2265 se
1303 2244 1370 2265 suos
1385 2236 1488 2271 legatos
1507 2233 1772 2268 Constantinopolim

137 2289 192 2308 non
210 2281 320 2308 misisse
332 2285 361 2308 ut
377 2281 577 2316 depositionein
597 2283 695 2317 lgnatii
707 2288 735 2311 et
748 2284 953 2319 usurpationem
968 2283 1059 2311 Photii
1074 2288 1149 2310 ratas
1162 2282 1304 2313 haberent,
1320 2281 1366 2309 sed
1381 2285 1413 2308 ut
1430 2285 1530 2308 statum
1549 2287 1639 2306 rerum
1661 2277 1775 2312 indaga-

118 2331 198 2365 _,rent
211 2332 239 2354 et
253 2326 287 2354 de
305 2327 433 2354 remediis
453 2327 486 2354 ad
507 2329 659 2355 sanandam
683 2329 751 2356 cieri
773 2329 937 2357 discordiam
959 2329 1030 2364 aptis
1050 2328 1210 2356 sententiam
1237 2326 1401 2361 proferrent.
1424 2339 1459 2345 —
1481 2324 1584 2351 Deinde
1610 2326 1670 2357 post.
1696 2322 1773 2348 bien-

138 2371 227 2403 nium,
250 2378 312 2397 cum
336 2370 450 2398 Photius
470 2379 485 2398 a
506 2370 623 2399 fovendo
638 2373 786 2401 sebismate
801 2372 1113 2407 Constantinopolitano.
1138 2375 1166 2398 et
1178 2371 1212 2398 ab
1232 2369 1384 2398 exercenda
1411 2367 1553 2404 tyrannide
1570 2373 1623 2393 non
1642 2369 1773 2396 cessaret.

137 2414 268 2442 Nicolaus
282 2416 303 2447 i,
320 2422 366 2442 an.
383 2415 447 2447 865,
461 2415 489 2442 in
505 2416 623 2443 concilio
634 2415 770 2450 Romano,
784 2425 815 2444 ea
832 2425 946 2452 quman.
961 2416 1009 2443 861
1027 2420 1120 2443 contra
1145 2414 1278 2450 lgnatium
1295 2418 1356 2441 acta
1369 2412 1478 2439 fuerant
1494 2410 1634 2442 rescindit,
1649 2409 1773 2436 l’hotium

139 2464 331 2493 usurpatorem
356 2459 453 2486 alienae
475 2459 548 2487 sedis
563 2459 722 2494 declaravit,
740 2464 767 2488 et
786 2461 890 2496 legatos
914 2468 991 2493 suos,
1005 2460 1051 2495 qui
1072 2458 1329 2494 praevaricaverant,
1356 2457 1515 2492 episcopatu
1539 2459 1568 2481 et
1581 2453 1776 2480 communione

137 2502 324 2530 ecclesiastica
336 2502 464 2536 privavit.

173 2546 280 2573 Nedum
298 2545 411 2573 Photius
423 2554 559 2582 supremae
574 2547 744 2576 auctoritatis
756 2547 872 2583 judicio,
885 2548 957 2583 quod
973 2550 1181 2583 provocaverat,
1193 2545 1389 2581 acquiesceret,
1400 2544 1427 2570 in
1439 2542 1504 2570 illud
1515 2543 1647 2570 audacter
1661 2541 1776 2569 rebella-

138 2590 187 2622 vit,
198 2594 226 2617 et
239 2597 272 2617 eo
287 2591 450 2618 temeritatis
461 2591 581 2624 devenit,
596 2596 627 2619 ut
646 2592 758 2627 proprio
771 2598 859 2620 marte
873 2597 934 2620 acta
945 2593 1089 2628 cujusdam
1104 2590 1213 2620 concilii
1227 2588 1389 2618 meumenici
1401 2595 1434 2615 ex
1446 2587 1534 2622 capite
1548 2587 1672 2622 lingeret,
1684 2586 1711 2612 in
1721 2593 1776 2620 quo

138 2633 283 2662 Nicolaum
305 2634 316 2661 l
336 2635 598 2669 excommunicaret,
617 2635 768 2664 Ecclesiam
798 2636 922 2664 Latinam
946 2636 1076 2664 conviciis
1101 2640 1129 2664 et
1149 2633 1295 2662 calumniis
1314 2633 1466 2667 impeteret,
1492 2630 1683 2666 exprobrando
1709 2629 1777 2665 ipsis

142 2680 212 2714 quod
227 2678 389 2715 Symbolum
410 2679 471 2706 tidei
486 2685 670 2714 mutaverant,
694 2685 848 2717 cretei-aque
863 2681 1022 2717 gravamina
1039 2680 1096 2716 jam
1111 2679 1228 2715 prolata,
1253 2677 1455 2712 exaggerando.
1477 2676 1515 2704 De
1534 2675 1634 2704 Photio
1653 2674 1778 2702 scribens

141 2727 306 2754 Anastasius
322 2725 550 2755 Bibliothecarius
568 2737 575 2754 :

180 2771 295 2800 uV’erum
306 2772 357 2799 iste
372 2772 511 2807 falsarius,
522 2774 571 2806 ait,
582 2774 713 2802 falsorum
723 2782 885 2803 excessuum
893 2774 1026 2802 adversus
1040 2773 1175 2800 insontem
1185 2771 1327 2799 absentem
1339 2774 1366 2797 ct
1379 2770 1523 2802 invictum,
1533 2768 1692 2796 mendacem
1703 2767 1780 2795 codi-

143 2823 203 2844 cem
217 2816 358 2847 compilat,
378 2816 453 2843 mille
464 2817 575 2845 circiter
592 2817 749 2847 antistitum
767 2818 988 2854 subscriptiones
1002 2817 1087 2846 falsas
1097 2815 1247 2849 interserit,
1256 2814 1309 2844 sibi
1326 2815 1438 2843 nemine
1449 2820 1565 2849 prorsus
1584 2813 1775 2840 consentit-nte

244 2864 382 2894 Parant.
402 2863 460 2894 Gn.
485 2863 533 2895 Cl.
1539 2868 1559 2888 α

857 2999 1096 3056 ἂ964“
