1881 3077
117 139 135 160 II
653 135 851 166 PR/EFATIO
867 135 907 166 IN
928 135 1059 168 PHOTlI
1077 137 1211 169 OPERA.

115 201 156 228 vel
169 199 362 228 conscribente
385 208 419 228 ex
433 199 478 228 illa
494 207 641 229 numerosa
659 201 856 241 episcoporum
872 200 1059 236 multitudine,
1079 203 1133 232 nisi
1148 211 1204 231 uno
1222 207 1249 231 et
1270 203 1368 238 vlginti
1393 202 1569 238 praesulibus.
1588 201 1666 230 Unde
1680 201 1737 236 jam

113 244 254 279 profusius
271 244 360 272 sancti
379 244 488 272 habitus
503 245 555 273 viri
577 252 640 273 euttt
658 245 777 280 fugiunt,
795 249 822 273 et
838 245 917 280 quasi
935 247 1093 281 squalorem
1110 248 1256 282 quemdam
1274 247 1423 279 declinant,
1445 247 1562 274 alterum
1578 246 1738 274 Dioscorum

113 289 186 315 hunc
206 288 384 323 appellantes,
400 292 428 316 et
447 296 644 324 praecursorem
660 288 836 321 Antichristi,
852 289 908 317 imo
932 289 1022 325 ipsum
1037 290 1238 319 Antichristum
1257 291 1458 323 existimantes,
1471 298 1552 325 quem
1569 290 1674 317 scilicet
1690 291 1740 316 ho-

113 332 213 359 minem
228 332 332 366 peccati
345 332 486 367 liliumque
500 332 661 367 perditionis
674 332 821 367 Apostolus
836 333 1010 368 appellasset,
1025 335 1073 370 qui
1088 334 1211 369 profecto
1220 335 1401 363 extolleretur
1416 342 1498 369 supra
1515 341 1595 361 omne
1608 333 1680 368 quod
1697 333 1740 360 di-

112 375 186 402 citur
204 375 274 403 Deus
287 379 335 402 aut
350 375 423 410 quod
438 375 540 402 colitur
555 375 571 392 "‘
588 375 636 411 (ιι).
646 384 660 402 «ι

147 419 275 455 Episcopi
288 419 421 452 Orientis,
437 420 558 455 exceptis
574 420 668 455 viginti
691 424 719 448 et
735 427 801 454 uno,
822 426 918 450 contra
944 422 1086 450 audaciam
1115 422 1205 450 Photii
1229 422 1422 456 rcclamarunt,
1445 421 1568 450 dicentes
1588 421 1740 448 inauditum

111 473 183 498 esse,
201 473 250 493 nec
269 465 386 500 justum,
405 466 568 493 sententiam
587 466 623 494 ab
645 465 768 494 inferiori
787 467 815 494 in
841 468 1008 502 superiorem
1033 468 1117 502 ferri;
1141 468 1188 496 sed
1206 468 1319 496 Photius
1334 468 1369 496 ab
1390 468 1514 502 inemptis
1529 474 1583 494 non
1599 467 1741 499 abstinuit,

111 510 161 537 sed
172 510 200 537 in
215 509 367 544 pervicacia
383 509 511 544 perstitit,
523 509 610 538 donec
623 510 704 545 paulo
718 514 780 546 post
793 515 897 538 mtttato
912 519 1004 539 rerum
1027 516 1112 544 statu,
1135 511 1248 539 Photius
1260 519 1275 539 a
1293 511 1394 539 Basilio
1409 510 1556 539 Macedone
1578 518 1613 538 ex
1627 511 1742 539 ecclesia

112 554 166 582 GP.
191 554 295 589 ejcctus
319 559 371 582 est.
388 554 469 581 Anno
490 554 594 582 scilicet
616 555 679 587 867.
697 563 750 590 quo
767 555 881 583 Photius
891 555 957 583 Acta
967 556 1178 590 pseudoconcilii
1207 556 1334 588 ﬁnxerat,
1355 555 1473 583 Michael
1497 555 1655 590 imperator,
1668 555 1742 590 gravi

114 598 271 633 suspicione
286 601 387 631 motus,
402 597 518 626 Bardam
541 598 705 627 avunculum
723 599 869 627 trucidavit
889 606 970 634 opera
986 599 1079 627 Basilii
1099 599 1264 632 Macedonis,
1281 607 1362 634 quem
1388 606 1449 626 cum
1468 598 1582 633 imperio
1601 606 1651 625 suo
1667 605 1743 626 asso-

112 642 224 675 ciasset,
237 641 437 669 interfectorem
458 648 587 677 expertus
599 647 652 670 est.
675 642 794 670 Basilius
808 650 914 670 summa
937 643 1100 670 auctoritate
1123 643 1237 678 potitus,
1258 642 1386 670 Photium
1401 642 1492 677 ejecit,
1508 646 1535 669 et
1559 642 1692 677 lgnatium
1708 642 1743 669 ab

112 685 211 713 exsilio
225 689 382 713 revocatum
396 685 453 713 sedi
474 686 647 721 patriarchali
662 686 792 719 restituit,
810 693 930 720 moxque
955 684 1122 713 Hadrianum
1139 685 1171 719 ll,
1186 686 1233 721 qui
1259 686 1356 713 eodem
1378 693 1452 713 anno
1464 685 1515 713 867
1532 685 1644 712 Nicolao
1656 684 1666 712 ι
1678 693 1742 713 suc-

113 732 244 762 cesserat,
261 728 337 761 adiit,
353 734 383 756 ut
394 728 487 756 missis
501 729 598 764 legatis
617 733 718 756 statum
734 729 859 757 ecclesia:
871 728 962 762 C.-P.,
978 729 1038 756 diro
1055 730 1203 757 schismate
1218 729 1418 764 perturbatum,
1430 733 1618 763 componeret.

150 771 312 807 Postquam,
329 776 478 800 convocato
501 772 619 800 concilio
642 771 778 804 Romano,
794 772 947 801 Hadrianus
975 773 1114 807 Photium,
1140 773 1176 802 ob
1199 774 1405 808 pronuntiatum
1428 773 1456 800 in
1473 772 1614 800 Nicolaum
1635 772 1658 806 l,
1675 780 1743 800 ana-

114 815 216 848 thema,
228 814 345 842 solemni
357 815 492 842 sententia
513 815 789 849 excommunicasset,
804 820 829 843 et
854 823 886 843 ea
906 823 968 851 quae
980 824 1028 851 pro
1045 824 1112 852 pace
1134 816 1263 845 Ecclesiae
1289 816 1600 851 Constantinopolitanae
1615 823 1630 843 a
1651 820 1744 843 sancta

113 858 178 886 sede
193 858 343 894 apostolica
357 859 464 886 decreta
485 858 601 892 fuerant,
616 859 817 891 conﬁrmasset,
827 858 1091 896 Constantinopolim
1109 861 1212 896 legatos
1227 860 1313 894 misit,
1332 865 1362 888 ut
1379 860 1544 888 interessent
1562 863 1659 887 octavo
1677 865 1744 886 con-

112 902 176 930 cilio
197 902 377 933 mcutnenico,
390 903 462 936 quod
475 901 527 929 Cl’.
539 903 704 930 celebratum
719 906 762 930 est
776 910 790 929 a
804 902 847 930 die
863 902 881 929 5
894 903 1019 932 Oelobris
1035 912 1080 932 an.
1096 904 1159 937 869,
1174 905 1207 932 ad
1220 905 1255 932 28
1266 904 1405 932 Februarii
1425 911 1470 931 an.
1485 903 1549 931 870.

148 946 178 972 In
193 952 226 972 eo
242 945 369 978 concilio,
381 945 458 980 juxta
471 946 586 973 formam
604 954 618 973 a
633 946 721 973 sacris
734 945 885 974 canonibus
899 948 1095 982 praescriptam,
1106 947 1221 976 Photius
1233 955 1248 975 a
1259 948 1444 983 patriarchatu
1458 951 1485 975 et
1501 955 1516 974 a
1531 945 1684 974 sacerdotio
1698 953 1746 974 so-

112 988 242 1017 lemniter
260 988 399 1023 depositus
417 990 476 1022 fuit,
486 994 513 1017 et
521 989 554 1016 ad
565 990 784 1017 communionem
802 989 898 1017 laicam
917 990 1054 1024 redactus,
1068 991 1216 1019 dummodo
1228 991 1408 1025 resipisceret.
1422 991 1489 1018 Cum
1503 995 1594 1018 autem
1602 997 1632 1018 se
1648 995 1746 1017 aucto-

112 1031 187 1059 ritati
205 1032 314 1060 concilii
332 1032 467 1066 subjicere
482 1033 628 1065 renuisset,
652 1034 824 1061 anathemate
837 1034 980 1068 perculsus
992 1038 1044 1062 est.
1057 1033 1087 1062 In
1107 1035 1222 1070 singulis
1244 1035 1412 1062 sessionibns
1426 1034 1519 1062 Patres
1535 1034 1586 1069 ipsi
1600 1034 1746 1063 anathema

114 1075 280 1109 Indixerunt,
296 1075 340 1103 his
363 1076 453 1104 verbis
467 1084 475 1104 :
500 1076 598 1104 Photio
615 1077 744 1108 invasori,
758 1076 855 1104 Photio
879 1077 1003 1105 saeculari
1018 1082 1045 1106 et
1059 1077 1172 1111 forensi,
1198 1078 1295 1106 Photio
1311 1078 1446 1113 neophyto
1457 1082 1484 1105 et
1500 1083 1627 1113 tyranno,
1648 1077 1746 1105 Photio

112 1119 288 1146 schismatico
298 1123 326 1147 et
339 1119 479 1152 damnato,
488 1120 584 1148 Photio
596 1121 703 1148 mcecho
711 1125 738 1147 et
748 1120 901 1155 parricidae,
913 1121 1008 1148 Photio
1019 1120 1175 1148 fabricatori
1193 1121 1406 1155 mendaciorum,
1418 1120 1516 1148 Photio
1526 1121 1650 1148 adultero
1660 1125 1687 1150 et
1700 1121 1746 1148 in-

111 1161 262 1194 terfectm-i,
274 1161 372 1190 Photio
389 1163 723 1198 inventoriperversorum
740 1164 1017 1199 dogmatumyPhOtio
1035 1171 1105 1191 novo
1117 1163 1258 1198 Dioscoro,
1275 1164 1372 1192 Photio
1389 1171 1461 1192 novo
1478 1163 1564 1198 Judae,
1584 1164 1744 1192 anathema!

149 1205 218 1234 Cum
235 1205 333 1234 Photio
346 1208 576 1236 excommunicati
592 1213 619 1235 et
635 1208 752 1244 depositi
766 1213 831 1236 sunt
845 1209 968 1236 nonnulli
982 1208 1115 1243 episcopi,
1129 1208 1176 1243 qui
1198 1215 1308 1235 causam
1324 1215 1407 1235 suam
1433 1215 1449 1234 a
1467 1215 1551 1235 causa
1571 1208 1632 1243 ejus
1651 1208 1747 1242 sejun-

118 1257 181 1286 gere
196 1250 360 1285 noluerunt;
375 1252 421 1279 sed
437 1260 488 1286 pax
507 1252 612 1280 interea
626 1253 755 1280 restituta
765 1257 818 1284 est,
835 1253 922 1280 donec
937 1252 1042 1287 lgnatio
1057 1253 1111 1279 vita
1128 1251 1233 1283 functo,
1249 1251 1364 1280 Photius
1386 1252 1467 1280 novis
1492 1252 1602 1279 artibus
1625 1252 1746 1280 benevo-

113 1292 225 1321 lentiam
239 1294 413 1329 imperatoris
434 1295 528 1324 Basilii
542 1296 672 1331 captavit,
687 1301 713 1324 et
729 1297 764 1324 ab
780 1297 839 1331 ipso
859 1295 977 1323 obtinuit
993 1299 1023 1323 ut
1039 1296 1067 1322 in
1086 1295 1178 1323 sedem
1197 1295 1406 1330 patriarchalem
1425 1296 1625 1323 restitueretur.
1650 1295 1679 1323 ld
1698 1303 1744 1331 an.

115 1336 168 1364 877
185 1338 369 1373 accidit,jam
390 1346 444 1366 non
460 1340 611 1367 obsistente
627 1339 734 1368 Joanne
753 1339 813 1367 Vill
833 1339 957 1368 Romano
974 1339 1113 1374 pontiﬁce.
1135 1338 1195 1373 qui,
1218 1339 1254 1366 ob
1278 1338 1449 1372 iniquitatem
1478 1343 1631 1374 temporum
1657 1343 1685 1366 rt
1710 1339 1745 1366 ad

113 1381 238 1408 cavenda
253 1381 357 1417 majora
375 1383 460 1416 mala,
478 1382 609 1411 Photium
627 1383 733 1413 restitui
751 1383 885 1419 permisit,
900 1391 933 1411 eo
955 1386 1046 1409 tatnen
1065 1386 1156 1416 pacto,
1172 1386 1202 1409 ut
1216 1381 1417 1416 praeteritorum
1436 1381 1588 1409 facinorum
1605 1382 1712 1410 veniam
1728 1390 1744 1410 :t

113 1425 233 1453 concilio
249 1431 354 1460 peteret
367 1431 394 1454 et
406 1427 552 1454 obtineret.
569 1426 598 1454 ln
612 1428 730 1462 genuina
745 1427 818 1456 enim
832 1426 946 1462 epistola
962 1432 1044 1460 quam
1055 1424 1175 1453 Joannes
1197 1424 1255 1452 Vlll
1277 1424 1309 1452 ad
1323 1424 1466 1460 episcopos
1484 1424 1602 1453 Orientis
1624 1426 1744 1461 scripsit,

115 1467 153 1496 ita
173 1473 292 1496 mentem
312 1477 390 1497 suam
407 1470 516 1506 aperit:
535 1479 545 1496 ι
558 1469 638 1498 Nunc
658 1472 749 1506 itaque
763 1471 824 1498 aliis
842 1469 1014 1506 patriarchis,
1038 1468 1221 1496 Alexandrino
1233 1468 1359 1496 videlicet
1372 1472 1400 1495 et
1421 1469 1592 1497 Antiocheno
1607 1473 1635 1496 et
1649 1468 1746 1497 Hiero-

119 1511 298 1547 solymitano,
317 1516 401 1548 atque
413 1513 544 1541 omnibus
560 1513 775 1549 archiepiscopis
789 1512 980 1548 metropolitis,
995 1512 1132 1548 episcopis
1146 1516 1174 1540 et
1189 1512 1389 1546 sacerdotibus,
1403 1515 1557 1547 cunctoque
1579 1512 1652 1540 clero
1671 1512 1745 1542 Con-

113 1556 361 1591 stantinopolitanae
386 1557 482 1590 sedis,
507 1557 554 1592 qui
576 1557 610 1586 de
631 1558 804 1586 ordinatione
829 1557 916 1585 beata:
936 1558 1075 1585 memoria
1099 1557 1228 1585 Methodii
1249 1560 1277 1584 et
1309 1556 1404 1591 lgnatii
1418 1576 1426 1589 ,
1453 1556 1744 1585 reverendissimorum

113 1600 346 1634 patriarcharum,
363 1601 511 1634 exsistunt,
526 1609 580 1629 una
595 1601 745 1634 voluntate,
764 1601 879 1636 parique
900 1605 964 1629 voto
979 1601 1226 1635 consentientibus,
1247 1601 1368 1628 eumdem
1389 1600 1513 1628 Photium
1537 1601 1741 1636 satisfaciendo,

114 1644 326 1672 misericordiam
339 1653 430 1673 coram
447 1645 562 1682 synodo,
577 1647 721 1674 secundum
735 1646 951 1673 consuetudinem
966 1645 1160 1680 postulantem,
1181 1645 1208 1672 in
1225 1652 1289 1673 vera
1305 1644 1452 1671 dilectione
1470 1644 1594 1678 fratrem,
1608 1644 1634 1671 in
1651 1645 1744 1679 ponti-

113 1688 184 1715 iirali
205 1688 296 1716 olllcio
316 1690 550 1721 comministrum,
568 1694 651 1724 atque
669 1698 758 1717 coram
774 1690 874 1725 synodo
891 1689 1102 1717 misericordiam
1115 1689 1268 1723 quwrendo,
1281 1688 1308 1714 in
1324 1688 1455 1722 pastorali
1469 1688 1629 1723 magisterio
1645 1695 1746 1717 consa-

114 1731 265 1765 cerdotem,
282 1739 333 1767 pro
348 1733 477 1761 Ecclesiae
493 1733 540 1760 Dei
554 1740 622 1767 pace
637 1737 664 1760 et
675 1733 793 1761 utilitate
807 1733 907 1760 amodo
923 1732 1034 1760 Christo
1045 1732 1163 1765 favente,
1177 1732 1326 1766 recipimus
1341 1735 1368 1758 et
1385 1731 1518 1759 habemus
1536 1730 1587 1766 (b).
1607 1740 1616 1757 ι

152 1773 280 1808 Photius,
294 1775 372 1811 jussa
389 1775 505 1804 Romani
522 1777 663 1804 Pontilicis
679 1776 748 1803 nihil
763 1780 898 1809 moratus,
914 1776 1057 1812 epistolam
1083 1775 1198 1804 Joannis
1213 1775 1272 1803 V‘lll
1293 1775 1455 1811 suppressit,-
1472 1778 1500 1802 et
1511 1782 1609 1802 n0vam
1622 1775 1702 1803 finxit
1718 1776 1744 1804 in

113 1824 167 1852 qua
184 1817 324 1846 Romanus
347 1819 469 1854 pontifex
485 1827 608 1848 summas
639 1819 736 1848 laudes
755 1819 854 1848 Photio
872 1819 978 1852 tribuit,
997 1824 1127 1854 tanquam
1151 1819 1212 1847 viro
1228 1819 1404 1854 integerrimo
1429 1823 1457 1846 et
1481 1818 1631 1853 inculpato,
1650 1826 1666 1846 a
1690 1827 1745 1854 quo

115 1861 237 1897 episcopi
269 1862 333 1889 olim
354 1862 458 1898 lgnatio
479 1863 649 1892 adhaerentes
671 1864 778 1891 veniant
801 1869 893 1898 petere
918 1864 1027 1897 debent,
1047 1864 1150 1900 quique
1172 1863 1207 1891 ab
1228 1863 1357 1891 omnibus
1380 1862 1464 1891 veluti
1486 1862 1625 1897 legitimus
1650 1868 1746 1898 pastor

113 1906 218 1941 absque
240 1906 404 1942 ambagibus
419 1907 611 1942 suscipiendus
629 1911 681 1936 est.
704 1907 809 1936 Deinde
823 1908 895 1935 idem
911 1907 1037 1941 Photius,
1057 1915 1120 1936 cum
1145 1907 1243 1936 fuisset
1258 1907 1403 1935 restitutus
1420 1907 1447 1934 in
1465 1906 1556 1934 sedem
1575 1906 1745 1941 patriarcha-

113 1949 166 1978 lem
179 1950 245 1982 CP.,
262 1950 354 1978 denuo
366 1958 399 1979 ex
415 1959 466 1979 suo
481 1951 571 1987 capite
591 1951 670 1980 tinxit
685 1955 747 1980 acta
769 1951 867 1988 synodi
891 1951 1080 1984 mcumenicae,
1101 1958 1134 1979 eo
1156 1955 1262 1978 tantum
1290 1950 1343 1978 line
1365 1954 1397 1978 ut
1422 1950 1614 1978 auctoritatem
1636 1950 1744 1978 concilii

113 1994 279 2022 meumenici
299 1993 389 2022 octavi
404 1995 536 2029 aboleret,
551 2000 579 2023 et
593 1995 685 2024 omnia
700 2004 762 2032 quae
777 2001 872 2025 contra
889 1995 979 2031 ipsum
994 1995 1060 2022 olim
1076 1994 1210 2022 canonice
1226 1998 1288 2021 acta
1304 1993 1413 2020 fuerant
1427 1993 1605 2021 rescinderet.
1621 1993 1700 2021 Hunc
1716 1994 1744 2022 in

115 2037 196 2065 linem
215 2045 300 2066 ausus
316 2043 360 2066 est
373 2039 454 2066 etiam
471 2038 574 2074 ﬁngere
589 2039 813 2068 circumstantias
826 2047 888 2074 quae
903 2046 959 2067 non
976 2043 1084 2066 tantum
1118 2046 1134 2065 a
1149 2038 1275 2071 veritate,
1289 2037 1336 2065 sed
1352 2037 1435 2064 etiam
1449 2036 1484 2064 ab
1498 2037 1571 2065 omni
1593 2038 1650 2065 veri
1667 2038 1745 2066 simi-

113 2080 227 2108 litudine
240 2081 336 2110 alienae
349 2087 425 2110 sunt.
448 2082 570 2114 lnduxit,
584 2083 702 2118 exempli
718 2083 817 2119 gratia,
837 2083 942 2119 legatos
959 2081 1076 2110 Joannis
1091 2081 1150 2109 Vill
1166 2081 1299 2113 dicentes,
1311 2080 1455 2116 episcopos
1467 2081 1515 2117 qui
1525 2081 1554 2108 in
1570 2081 1743 2109 tecumenica

112 2125 218 2160 synodo
246 2133 294 2154 vni
321 2127 413 2154 locum
439 2127 658 2163 patriarcharum
675 2127 864 2160 Alexandrini,
879 2126 1041 2155 Antiocheni
1059 2130 1087 2154 et
1108 2125 1348 2161 lljerosolymitani
1364 2128 1458 2153 tenere
1472 2125 1665 2158 censebantur,
1687 2132 1744 2152 non

112 2169 147 2196 ab
161 2169 284 2199 ecclesiis
299 2170 346 2199 sed
360 2178 375 2198 a
390 2171 536 2199 Saracenis
555 2172 654 2200 missos
669 2170 755 2200 fuisse
775 2180 783 2198 :
809 2171 892 2206 idque
913 2171 1015 2199 dictum
1034 2170 1120 2198 fuisse
1148 2169 1226 2197 finxit
1243 2176 1337 2197 coram
1354 2169 1420 2204 ipsis
1444 2170 1540 2204 legatis
1561 2169 1608 2204 qui
1632 2169 1744 2199 nomine

112 2214 332 2249 patriarcharum
356 2219 460 2243 octavae
477 2215 574 2251 synodi
599 2214 795 2243 interfuerantl
820 2214 975 2242 Falsarium
995 2215 1095 2242 Photio
1119 2214 1296 2242 audaciorem
1320 2218 1347 2241 et
1370 2213 1612 2248 impudentioretn,
1636 2212 1741 2240 nullum

111 2262 331 2285 commemorant
344 2258 474 2287 Ecclesia:
490 2259 614 2287 annales.
638 2258 708 2286 Acta
729 2257 826 2294 synodi
843 2265 924 2293 quam
940 2265 1014 2286 anno
1036 2257 1088 2285 867
1112 2265 1175 2285 cuin
1192 2257 1268 2285 mille
1288 2256 1540 2291 subscriptionibus
1560 2256 1743 2291 supposititiis

112 2302 228 2329 tinxerat
238 2306 264 2330 et
276 2302 427 2331 artificiose
441 2303 561 2332 describi
580 2307 736 2336 curaverat,
752 2303 779 2330 in
797 2302 916 2330 concilio
928 2309 977 2329 vnt
993 2307 1112 2328 cremata
1125 2305 1189 2328 sunt
1202 2300 1265 2328 :sed
1280 2305 1341 2328 acta
1356 2300 1572 2335 pseudo-synodi
1591 2307 1653 2334 quae
1670 2306 1744 2327 anno

113 2343 165 2371 878
183 2352 217 2372 ex
232 2345 322 2380 capite
344 2346 511 2382 composuit,
526 2347 660 2374 hactenus
678 2345 832 2379 habentur;
850 2345 905 2372 imo
928 2352 978 2380 pro
1003 2346 1071 2373 actis
1095 2345 1182 2380 ipsius
1204 2349 1306 2372 octavae
1329 2344 1427 2379 synodi
1451 2343 1647 2378 meumenicae;,
1670 2345 1743 2379 apud

111 2387 222 2416 Graecos
237 2389 430 2417 schismaticos
452 2390 616 2425 plerumque
639 2389 823 2425 recipiuntur,
840 2389 983 2423 repudiata
1007 2395 1071 2416 vera
1096 2388 1201 2424 synodo
1226 2394 1323 2416 octava
1345 2388 1372 2414 in
1392 2395 1446 2422 qtta
1471 2387 1586 2415 Photius
1612 2388 1744 2418 canonice

111 2432 254 2467 depasitus
276 2438 303 2462 et
317 2434 571 2462 excommunicatus
587 2438 639 2463 est.
668 2433 754 2462 Porro
783 2437 843 2462 acta
865 2433 911 2461 illa
944 2433 1054 2467 legenti,
1087 2432 1109 2459 si
1140 2431 1227 2459 Photii
1251 2431 1388 2459 scribendi
1411 2435 1440 2458 et
1463 2430 1582 2465 fingendi
1608 2431 1742 2459 rationein

115 2482 286 2511 perspectam
304 2477 413 2511 habeat,
427 2478 486 2513 ipsa
502 2478 597 2508 lictitia
613 2486 685 2511 esse,
701 2479 762 2514 ipso
776 2485 827 2506 suo
841 2482 979 2511 .contextu
1003 2476 1189 2503 manifestam.
1214 2474 1296 2502 Juvat
1317 2479 1407 2502 tamen
1430 2474 1556 2502 conferre
1578 2476 1743 2502 docutnenta

113 2521 231 2555 genuina
257 2529 320 2556 quae
341 2527 460 2556 exstant,
483 2530 547 2550 cum
572 2522 674 2550 eisdem
700 2522 874 2550 decumentis
893 2529 909 2550 a
930 2520 1029 2548 Photio
1051 2519 1136 2553 fictis,
1165 2523 1195 2546 ut
1217 2526 1262 2546 ex.
1297 2526 1339 2554 gr.
1369 2517 1512 2553 epistolam
1543 2518 1658 2546 Joannis
1685 2517 1741 2546 VIII

116 2571 218 2596 veram,
236 2572 297 2599 quae
315 2565 410 2593 Latine
424 2572 531 2594 servata
546 2571 599 2599 est,
616 2573 679 2594 cum
694 2566 809 2602 epistola
824 2565 939 2594 Joannis
955 2564 1060 2599 fictilia,
1074 2571 1157 2600 quam
1178 2563 1292 2591 Photius
1309 2562 1377 2590 actis
1394 2563 1453 2591 suis
1466 2563 1595 2597 inseruit,
1609 2567 1639 2590 ut
1652 2563 1742 2598 impu-

111 2606 203 2634 dentia
219 2607 321 2636 fals:.rii
338 2608 395 2636 sole
412 2609 513 2638 clarius
525 2610 655 2638 lucescat.

148 2650 189 2678 Ne
200 2657 291 2679 autem
311 2653 432 2687 partium
446 2654 536 2682 studio
551 2654 655 2689 abrepti
669 2653 822 2687 videamur,
835 2652 900 2688 quid
910 2652 944 2680 de
956 2651 1055 2679 Photio
1069 2651 1206 2683 senserint
1222 2649 1353 2678 coaztanei
1368 2654 1396 2678 et
1410 2655 1549 2686 gestorum
1562 2651 1623 2686 ejus
1637 2651 1741 2678 oculati

111 2697 204 2726 testes,
219 2694 246 2722 in
262 2697 351 2723 medio
363 2696 485 2731 proferre
500 2698 639 2725 volumus.
656 2696 772 2725 Mentem
789 2696 899 2724 concilii
917 2695 1080 2723 mcumenici
1100 2695 1202 2726 octavi,
1214 2702 1248 2722 ex
1266 2694 1509 2730 imprecationibus
1532 2701 1560 2723 et
1580 2695 1741 2722 anathema-

111 2737 213 2771 tistnis,
228 2747 312 2774 supra
329 2740 484 2775 recensitis,
501 2742 692 2777 unusquisque
707 2741 849 2776 intelliget.
867 2741 901 2766 At
917 2747 1006 2775 opera:
1028 2739 1146 2775 pretium
1166 2743 1208 2766 est
1232 2738 1287 2766 huc
1310 2738 1553 2768 etiam.adducere
1575 2739 1740 2767 sententiam

146 2793 162 2809 ⁸
177 2794 197 2821 ll
212 2794 309 2822 Thess.
326 2803 355 2823 ιι.

147 2794 162 2809 ⁸
177 2794 197 2821 ll
237 2795 283 2822 hes
302 2815 309 2822 .
348 2815 355 2823 .

147 2841 184 2872 tu)
199 2794 299 2871 ditias:
312 2803 377 2871 bli'bl.
397 2841 478 2877 Prw].
497 2841 578 2870 Cone.
593 2849 687 2870 tecum.
714 2840 778 2868 VII.
798 2839 881 2868 llard.
899 2839 931 2873 V.
949 2839 1012 2868 752.
1054 2839 1091 2874 (bi
1119 2839 1174 2868 Act.
1193 2840 1294 2869 Concil.
1313 2840 1385 2870 VIII
1398 2849 1491 2869 aecum.
1511 2841 1593 2870 llard.
1610 2842 1642 2876 γ,
1660 2841 1738 2870 “66.
