1881 3077
611 149 811 180 ΡΒΛΕΕΑΤΙΟ
828 149 870 180 IN

965 150 1022 180 ΤῙΙ
1037 149 1174 181 OPERA.
1678 151 1709 171 ιιι

84 202 176 232 Hicetas
191 200 390 237 Paphlagonis,
403 201 455 228 viri
473 201 523 237 pii,
545 201 630 234 docti,
647 202 782 230 moderati
806 201 908 237 ingenii
928 207 956 230 et
981 206 1012 230 ut
1033 202 1142 230 videtur
1161 208 1276 237 prorsus
1298 201 1423 236 ingenui,
1443 200 1501 237 qui,
1525 199 1590 228 dum
1625 198 1711 225 vitam

83 247 236 283 patriarchae
250 245 346 281 lgnatii
358 245 454 273 sedulo
465 250 492 273 et
507 249 635 273 accurate
649 245 826 278 describeret,
849 246 884 274 de
898 247 1004 274 meritis
1021 254 1053 274 ac
1068 246 1142 274 vitiis
1165 245 1254 273 Photii
1271 250 1362 273 tacere
1383 253 1437 272 non
1461 244 1560 279 potuit.
1583 243 1609 270 Is
1637 241 1705 277 quid

84 291 177 319 valeret
193 290 308 317 Photius
324 289 473 321 natalibus,
489 289 591 321 studio.
617 289 742 317 doctrina
762 295 790 318 et
805 290 940 322 moribus,
966 294 1062 325 sponte
1079 293 1201 322 enarrat,
1216 289 1262 317 sed
1279 293 1374 324 postea
1394 288 1477 316 etiam
1492 288 1520 314 in
1540 294 1596 322 quo
1616 293 1714 321 pecca-

86 336 149 362 verit
160 335 269 363 sincere
282 334 406 369 exponit.
422 333 557 361 Audiatur
571 333 657 368 igitur
680 334 726 362 ille
748 335 827 363 testis
844 342 926 370 quem
951 341 1003 362 nec
1024 333 1119 361 odium
1143 341 1194 361 nec
1215 339 1303 365 amor,
1327 331 1375 360 sed
1398 332 1523 359 veritatis
1541 330 1715 366 exponenda:

85 381 240 409 desiderium
256 381 339 407 unice
354 379 450 407 movit.

119 438 128 454 ι
145 426 256 461 Ἐπειδὴ
266 426 358 454 τοίνυν
370 426 395 452 οἱ
413 425 489 461 παρὰ
505 424 553 452 τοῦ
569 425 700 461 βασιλέως
713 426 774 453 τότε
787 426 873 453 πολλὰ

85 475 270 510 πειράσαντες,
303 471 334 498 τὸ
363 471 432 507 πρὸς
463 471 638 507 παρανομίαν
655 471 796 507 ἐνδόσιμον
821 472 872 508 οὐχ

85 517 160 547 οἷοίτε
173 518 347 553 ὲγεγόνεισαν
366 517 443 552 παρὰ
465 516 513 544 τοῦ
533 517 667 551 Ἰγνατίου
694 517 796 551 λαϐεῖν,
809 526 874 552 γεν-

85 566 172 597 ναίαις
187 564 329 591 ὲνστάσεσι
349 562 572 598 παραιτήσασθαι
587 562 626 599 μὴ
640 563 874 599 καταδεξαμένου,

86 611 148 646 παρ’
164 609 270 636 ἑαυτῶν
284 608 382 635 ἔλαϐον
396 607 475 634 τοῦτο
489 608 584 635 λοιπόν
599 616 607 624 ·
619 608 667 635 καὶ
687 609 802 636 πλεῖστα
813 609 875 636 καθ’

86 657 196 687 ἑαυτοὺς
209 654 422 689 συσκεψάμενοι,
444 654 492 681 καὶ
511 654 602 681 πᾶσαν
617 656 796 688 κεκινηκότες
812 655 876 690 βου-

87 701 140 736 λὴν,
161 700 265 727 Φώτιον
279 699 529 735 πρωτοσπαθάριόν
546 708 578 726 τε
605 699 671 727 ὄντα
690 700 738 728 καὶ
763 710 876 736 πρωτα-

88 747 226 782 σηκρῆτιν,
242 747 284 777 είς
302 745 433 781 ἀρχιερέα
456 745 507 779 τῆς
522 744 659 780 βασιλίδος
688 746 877 782 προχειρίζον-

86 801 138 820 ται.
150 791 204 819 Ἦν
213 792 242 818 δὲ
253 788 331 824 οὗτος
353 791 368 817 ὁ
384 789 486 822 Φὼτιος
498 790 529 817 οὺ
545 790 602 817 τῶν
634 791 759 825 ἀγεννῶν
782 801 813 819 τε
827 792 875 819 καὶ

87 838 242 873 ἀνωνύμων,
250 837 321 865 ἀλλὰ
328 838 377 865 καὶ
389 838 444 865 τῶν
453 838 574 873 εὐγενῶν
581 839 653 866 κατὰ
661 839 761 874 σάρκα,
772 840 819 867 καὶ
828 848 877 867 πε-

89 884 215 920 ριφανῶν,
233 885 316 921 σοφίᾳ
330 893 360 912 τε
368 886 487 921 κοσμικῇ
502 886 550 912 xui.
566 886 673 913 συνέσει
687 886 741 913 τῶν
750 887 780 913 ὲν
787 888 821 923 τῇ
829 896 879 914 πο-

87 930 172 963 licet;
196 930 391 965 στρεφομένων
416 930 634 966 εὐδοκιμώτατος
653 931 765 959 πάντων
787 933 878 968 ἐνομί-

90 975 157 1006 ζετο.
175 975 380 1010 Γραμματικῆς
399 977 448 1011 μὲν
458 976 513 1013 γὰρ
534 978 583 1004 καὶ
604 978 752 1013 ποιήσεως,
767 979 879 1014 ῥητορι-

87 1021 135 1056 κῆς
160 1029 191 1048 τε
222 1022 270 1049 xui.
298 1022 469 1058 φιλοσοφίας,
489 1023 536 1050 vui
550 1023 583 1059 δὴ
596 1024 644 1051 καὶ
663 1025 803 1060 ἰατρικῆς,
830 1026 878 1052 καὶ

86 1067 175 1102 πάσης
189 1067 282 1102 ὀλίγου
310 1068 366 1095 δεῖν
377 1069 536 1105 ἐπιστήμης
552 1070 607 1097 τῶν
620 1070 738 1107 θύραθεν
752 1071 878 1098 τοσοῦτον

86 1113 158 1149 αὐτῷ
190 1113 221 1140 τὸ
248 1115 355 1150 περιὸν,
380 1115 419 1147 ὡς
435 1115 472 1151 μὴ
500 1116 582 1150 μόνον
598 1116 692 1152 σχεδὸν
713 1117 797 1152 φάναι
824 1118 879 1145 τῶν

85 1159 153 1185 κατὰ
168 1159 220 1194 τὴν
237 1159 320 1186 αὐτοῦ
344 1160 442 1194 γενεὰν
467 1161 578 1189 πάντων
595 1162 755 1196 διενεγκεῖν,
772 1163 823 1198 ήδη
850 1163 879 1190 δὲ

86 1204 212 1239 καὶπρὸς
227 1205 291 1235 τοὺς
310 1205 444 1237 παλαιοὺς
459 1206 542 1233 αὐτὸν
566 1206 770 1242 διαμιλλᾶσθαι.
786 1208 880 1236 Πάντα

87 1250 139 1285 γὰρ
159 1250 322 1286 συνέτρεχεν
345 1251 390 1277 ἐπ’
405 1251 490 1287 αὐτῷ,
511 1252 529 1285 ἡ
557 1252 748 1288 ἐπιτηδειότης
767 1254 818 1288 τῆς
829 1253 881 1288 φύ-

89 1305 165 1328 σεως,
184 1297 201 1332 ἡ
231 1296 345 1332 σπουδὴ,
370 1297 384 1324 δ
399 1297 525 1330 πλοῦτος,
557 1298 592 1324 δι’
609 1297 638 1324 ὃν
655 1298 700 1324 xui
715 1298 807 1334 βίϐλος
826 1299 871 1325 ἐπ’

87 1343 167 1369 αὐτὸν
186 1343 263 1378 ἔρρει
291 1344 365 1369 πᾶσα
379 1351 386 1358 ·
413 1343 537 1370 πλέον-δὲ
563 1343 676 1370 πάντων
695 1344 710 1370 ὁ
733 1344 784 1379 τῆς
801 1344 882 1381 δόξης

87 1387 173 1423 ἔρως,
200 1388 233 1414 δι’
263 1387 294 1415 ὃν
322 1387 396 1423 αὐτῷ
430 1390 479 1415 καὶ
503 1388 601 1421 νύκτες
626 1389 724 1416 ἄϋπνοι
744 1389 809 1425 περὶ
832 1390 882 1426 τὴν

88 1433 243 1467 ἀνάγνωσιν
261 1434 390 1469 ἐμμελῶς
420 1434 593 1470 ὲσχολακότι.
613 1435 690 1461 Ἐπεὶ
704 1435 733 1462 δὲ
751 1436 799 1462 xui.
815 1436 883 1472 προς

88 1478 137 1513 τὴν
151 1478 319 1514 Ἐκκλησίαν
346 1479 443 1516 αὐτὴν,
464 1480 503 1512 ὡς
524 1480 562 1516 μὴ
584 1480 699 1516 ὤφελεν,
714 1481 883 1509 ἐπεισελθεῖν

88 1523 153 1557 ἔδει,
168 1525 217 1552 xui.
233 1525 288 1553 τῶν
301 1525 538 1561 ὲκκλησιαστικῶν
554 1526 596 1554 διὰ
613 1526 694 1554 τοῦτο
711 1527 822 1563 βιϐλίων
835 1529 885 1563 τῆς

88 1571 269 1604 ἀναγνώσεως
282 1572 311 1598 οὺ
329 1572 400 1599 κατὰ
416 1572 556 1608 πάρεργον
570 1573 738 1608 ὲπεμελήθη⁰
755 1573 885 1609 ἀγνόημα

90 1617 118 1644 δὲ
133 1618 282 1653 ἠγνόησεν,
299 1618 333 1644 ἵν’
347 1619 417 1645 εῖπω
429 1618 604 1653 θεολογικῶς,
618 1619 722 1655 σφόδρα
735 1619 787 1655 τῆς
801 1619 885 1646 αὐτοῦ

91 1663 187 1697 σοφίας
205 1664 325 1696 ἀνάξιον.
343 1664 380 1691 Οὐ
398 1664 453 1700 γὰρ
468 1664 584 1700 ἠθέλησε
597 1665 741 1700 προσέχειν
755 1665 802 1692 τὸν
811 1665 884 1696 νοῦν.

89 1709 141 1737 ὅτι·
168 1709 205 1736 El
220 1718 267 1743 τις
281 1710 360 1737 θέλει
389 1709 485 1745 σοφός
513 1712 654 1746 γενέσθαι
675 1711 711 1738 ὲν
739 1711 779 1745 τῷ
803 1711 888 1739 αίῶνι

91 1757 200 1789 τούτῳ,
212 1757 312 1791 μωρὸς
327 1756 472 1791 γενέσθω,
487 1757 538 1785 ἳνα
553 1756 676 1792 γένηται
690 1758 800 1792 σοφός.
817 1758 887 1785 Οὐδὲ

90 1803 142 1836 τὴν
172 1802 233 1829 ὁδὸν
245 1802 334 1829 εἵλετο
349 1803 399 1837 τῆς
417 1803 681 1839 ταπεινοφροσύνης,
696 1803 730 1830 δι’
745 1801 778 1840 ἧς
792 1805 809 1839 ὴ
840 1813 890 1839 με.

92 1847 166 1882 γὰλη
196 1847 244 1873 τοῦ
260 1847 330 1874 Θεοῦ
355 1848 445 1883 χάρις,
462 1848 510 1874 xui.
527 1847 662 1884 ἡάληθὴς
688 1848 768 1883 σοφία
785 1849 889 1876 δίδοται

91 1895 141 1921 xui
150 1893 332 1929 κατορθοῦται
350 1901 357 1909 ·
373 1894 433 1921 οὐδὲ
454 1893 610 1928 στραφῆναι
622 1894 670 1920 καὶ
694 1894 822 1929 γενέσθαι
851 1895 890 1926 ὡς

92 1940 124 1967 τδ
144 1941 252 1967 παιδίον
273 1940 318 1967 διὰ
337 1940 387 1976 τὴν
408 1940 456 1967 τοῦ
481 1940 550 1967 Θεοῦ
577 1941 728 1976 βασιλείαν,
753 1941 791 1973 ὡς
806 1942 822 1976 ἡ
839 1941 887 1968 τοῦ

91 1987 198 2023 Κυρίου
210 1986 406 2023 διαμαρτυρία,
426 1986 590 2019 κατεδέξατο
605 1994 613 2002 ·
631 1988 689 2015 ἀλλ’
705 1988 767 2015 οὐδὲ
785 1988 890 2022 σκάψαι
905 1998 911 2003 ”

91 2033 143 2068 τὴν
170 2033 247 2068 αὐτῷ
261 2033 362 2068 ψυχὴν,
379 2033 427 2059 καὶ
446 2032 561 2067 βαθῦναι
580 2033 630 2069 τὴν
642 2033 762 2061 διάνοιαν
781 2034 825 2061 διὰ
838 2034 891 2061 πά-

91 2087 146 2114 σης
167 2079 322 2115 ὑποταγῆς,
335 2079 407 2106 κατά
431 2079 545 2114 Κύριον,
562 2079 611 2106 xui.
636 2079 803 2115 ἀτιμοτέρας
818 2080 892 2114 ἀγω-

89 2126 145 2161 γῆς
160 2126 210 2153 καὶ
224 2125 449 2161 ταπεινόφρονος,
466 2124 515 2152 καὶ
525 2125 558 2152 δι’
568 2125 704 2157 ἀπαθείας
718 2125 791 2152 οὕτω
803 2127 835 2161 τῇ
846 2126 892 2152 πέ-

89 2181 146 2208 ἐιη⁵
173 2171 357 2208 προσεγγίσαι
371 2171 494 2208 Χριστῷ,
520 2172 568 2199 xui
583 2172 627 2200 ἐπ’
641 2172 717 2207 αὑτῷ
737 2172 823 2199 θεῖναι
848 2172 892 2199 θε-

91 2221 189 2256 μέλιον
221 2220 340 2252 πίστεως
358 2220 481 2256 ἀρραγῆ,
507 2220 555 2247 καὶ
575 2220 611 2247 δι’
624 2219 737 2254 ἀγαθῶν
762 2219 890 2256 πράξεων

89 2266 166 2293 οὕτω
188 2265 242 2301 τῆς
269 2265 366 2301 σοφίας
377 2265 432 2302 [ῖσ.
451 2267 485 2302 τῇ
510 2265 603 2302 σοφίᾳ]
617 2265 714 2292 ἑαυτὸν
727 2266 890 2301 οἰκοδομεῖν.

90 2313 131 2340 οὗ
146 2312 235 2339 ταῦτα
248 2312 418 2347 διανενόηται
432 2311 447 2338 ό
467 2311 549 2347 σοφός
563 2319 570 2326 ·
590 2311 688 2338 πολλοῦ
706 2319 739 2345 γε
765 2310 808 2337 δεῖ
823 2319 830 2326 ·
841 2310 891 2337 καὶ

90 2357 172 2384 οὐδὲν
187 2356 291 2384 τούτων
304 2357 351 2384 ἐπὶ
361 2356 424 2383 νοῦν
442 2354 525 2392 ἦλθεν
556 2356 642 2392 αὐτῷ,
661 2355 719 2383 ἀλλ’
736 2356 783 2382 ἐπὶ
799 2355 892 2392 σαθρῷ

90 2403 216 2438 θεμελίῳ
247 2403 295 2430 καὶ
322 2402 460 2438 ἀμμώδει,
473 2404 507 2438 τῇ
523 2403 645 2438 κοσμικῇ
668 2401 763 2437 σοφίᾳ,
789 2401 836 2428 xui.
857 2402 891 2437 τῇ

90 2450 243 2485 ἀλαζονεία
256 2449 304 2477 τοῦ
322 2450 360 2485 μὴ
379 2449 451 2476 κατὰ
480 2448 599 2485 Χριστὸν
613 2448 833 2483 πεπαιδευμένου
848 2448 893 2474 λό-

90 2505 144 2531 γου
158 2497 210 2532 τὴν
235 2496 334 2523 ἑαυτοῦ
352 2496 467 2531 καρδίαν
479 2495 610 2530 στηρίξας
631 2494 737 2522 καὶτὸν
752 2493 825 2528 νοῦν,
845 2494 894 2520 xui.

92 2543 151 2574 τοῖς
173 2543 263 2573 κενοῖς
277 2540 332 2568 τῶν
344 2541 496 2576 ἀνθρώπων
515 2541 638 2572 ὲπαίνοις
655 2539 703 2567 καὶ
717 2539 826 2575 κρότοις
839 2548 892 2574 φυ-

90 2588 252 2622 σιούμενος.
280 2587 329 2614 καὶ
358 2587 405 2613 ἐπὶ
418 2586 486 2613 πολὺ
500 2588 534 2623 τῇ
565 2585 705 2622 κενοδοξία
726 2586 894 2622 μετεωριζόο

92 2642 190 2668 μενος,
215 2634 250 2660 δι’
277 2633 364 2668 αὐτῆς
386 2634 420 2669 τῇ
449 2633 535 2669 ἐχθρᾷ
563 2632 611 2660 τοῦ
635 2633 703 2660 Θεοῦ
718 2632 895 2668 ὑπερηφανία

95 2680 298 2714 προσεπέλασε,
315 2678 389 2716 δι’ἦς
401 2681 570 2716 κακουργίαν
587 2689 617 2707 τε
629 2681 730 2712 πᾶσαν,
747 2679 795 2706 xui.
803 2679 895 2706 πᾶσαν

93 2727 257 2754 σκανδάλων
273 2727 403 2754 ὑπόθεσιν
418 2729 650 2763 μυσταγωγεῖται.
663 2727 747 2753 Ὅθεν
762 2726 894 2761 ἀδόκιμον

93 2772 173 2808 αὐτῷ
186 2773 236 2809 τὴν
247 2773 298 2808 τῆς
313 2773 456 2810 ἱεραρχίας
471 2773 693 2809 καταϐαλόμενος
720 2773 819 2809 ἀρχὴν,
830 2772 895 2800 ἀκό-

131 2857 143 2865 ⁹
157 2855 165 2882 I
179 2854 244 2882 Cor.
258 2861 299 2882 tu.
339 2855 360 2864 “
370 2852 464 2880 Matth.
479 2859 556 2879 mu.

964 436 974 453 ι
986 426 1135 462 Postquam
1148 427 1229 462 igitur
1238 425 1392 454 administri
1404 425 1471 460 regii
1480 431 1551 459 saepe
1558 427 1660 450 tentata
1673 429 1715 455 re,

926 481 981 501 non
997 477 1146 509 potuerunt
1165 473 1274 501 ﬂectere
1290 472 1422 508 lgnatium
1443 471 1476 498 ad
1490 471 1517 498 id
1534 469 1606 505 quod
1623 470 1717 503 inique

926 521 1066 556 petebant,
1083 528 1162 549 suam
1180 520 1227 548 illo
1244 519 1409 555 dignitatem
1422 518 1530 546 fortiter
1547 522 1574 544 et
1585 520 1717 544 constan-

927 571 968 594 ter
982 571 1084 600 tuente,
1094 574 1109 592 a
1121 574 1152 594 se
1160 566 1211 601 ipsi
1224 565 1371 592 consilium
1382 564 1416 591 de
1428 568 1528 591 caetero
1540 561 1694 597 petiverunt
1708 568 1716 593 ;

927 612 1065 647 rebusque
1081 611 1152 639 inter
1171 619 1202 639 se
1217 611 1263 638 diu
1283 610 1403 646 agitatis,
1426 614 1592 642 omnemque
1610 607 1637 633 in
1657 613 1719 640 parv-

928 660 982 684 tem
997 656 1125 689 versatis,
1142 655 1253 683 tandem
1271 654 1397 682 Photium
1412 651 1676 689 prolospatharium,
1693 654 1720 676 et

928 703 1047 737 primum
1061 709 1076 728 a
1092 701 1218 732 secretis.
1243 700 1428 736 patriarcham
1445 699 1521 726 urbis
1548 697 1627 732 regia:
1644 695 1720 723 desi-

928 749 1033 781 gnant;
1055 745 1193 772 hominem
1206 752 1274 772 sane
1289 743 1402 771 minime
1415 743 1562 779 obscurum
1577 744 1605 768 et
1619 739 1721 774 ignobi-

929 793 992 825 lem,
1008 791 1055 820 sed
1070 791 1155 819 claris
1175 799 1207 818 ac
1222 790 1377 818 illustribus
1398 789 1547 817 oriundum
1568 786 1719 817 natalibus,

929 846 1077 872 rerumque
1091 837 1212 864 civilium
1226 841 1252 864 et
1266 836 1438 871 politicarnm
1451 842 1512 866 usu,
1522 831 1722 868 prudentiaque

929 888 956 912 et
969 884 1085 912 scientia
1102 883 1298 910 clarissimum.
1312 879 1503 909 Grammaticas
1516 878 1600 911 enim,
1617 877 1722 904 littera-

931 936 999 959 turte
1013 935 1040 958 et
1051 930 1182 958 carminis
1198 928 1344 964 pangendi,
1359 926 1523 960 dicendique
1543 924 1635 955 laude,
1653 922 1721 957 quin

930 981 957 1004 et
972 975 1153 1010 philosophiae
1167 980 1194 1002 et
1211 973 1365 1006 medicina,
1378 977 1405 1000 et
1416 971 1537 1000 onmium
1558 977 1642 1005 prope
1654 969 1722 996 lihe-

930 1021 1029 1048 ralium
1047 1019 1257 1054 disciplinarum
1278 1023 1455 1045 externarum
1474 1015 1565 1043 studio
1585 1013 1722 1049 cognitio~

930 1073 1019 1101 neque
1032 1069 1176 1100 tantopere
1191 1064 1317 1096 florebat,
1338 1067 1367 1090 ut
1379 1062 1429 1090 aevi
1443 1062 1486 1090 sui
1502 1060 1583 1088 facile
1596 1059 1723 1094 princeps

930 1113 1089 1143 haberetur,
1100 1112 1156 1139 imo
1171 1115 1199 1138 et
1222 1118 1284 1138 cum
1300 1109 1440 1137 veteribus
1465 1108 1522 1143 jam
1536 1110 1642 1134 certare
1656 1113 1722 1140 pos-

931 1164 982 1187 set.
1003 1158 1101 1186 Omnia
1121 1158 1223 1193 quippe
1239 1157 1266 1183 in
1291 1156 1339 1183 illo
1361 1157 1559 1182 concurrerant
1576 1162 1582 1180 :
1601 1150 1724 1187 aptitudo

931 1205 1054 1241 quaedam
1067 1209 1094 1232 et
1111 1208 1216 1231 naturae
1236 1202 1279 1230 vis
1290 1209 1323 1229 ac
1348 1200 1476 1233 felicitas,
1497 1199 1628 1230 studium,
1645 1204 1723 1232 opes,

931 1252 1032 1286 quibus
1061 1250 1114 1278 sibi
1142 1250 1275 1277 librorum
1304 1247 1427 1275 omnium
1454 1245 1601 1273 maximam
1617 1242 1723 1278 copiam

932 1296 1111 1332 comparabat
1125 1305 1133 1324 :
1153 1300 1192 1328 et,
1209 1295 1282 1330 quod
1301 1301 1358 1329 prre
1378 1292 1497 1325 cunctis,
1513 1290 1605 1327 gloria:
1620 1289 1725 1316 laudis-

932 1351 986 1380 que
1001 1343 1114 1378 cupido,
1126 1349 1180 1377 qua
1199 1341 1331 1368 incensus
1349 1343 1423 1366 totas
1446 1341 1553 1369 noctes,
1574 1339 1604 1363 ut
1617 1334 1724 1363 lectioni

934 1391 1044 1418 assidue
1059 1391 1183 1420 vacaret.
1198 1387 1316 1415 ducebat
1342 1385 1496 1412 insomnes.
1510 1382 1645 1416 Quoniam
1663 1388 1727 1408 vero

934 1443 1044 1464 sacrum
1060 1435 1143 1463 etiam
1160 1433 1244 1469 (quod
1261 1433 1364 1460 utinam
1380 1437 1519 1464 nunquam
1532 1427 1640 1461 fuisset)
1651 1426 1727 1453 thro-

936 1490 1002 1510 num
1020 1480 1150 1509 Ecclesiae
1167 1485 1373 1507 conscensurus
1389 1480 1458 1509 erat,
1477 1481 1556 1502 sacra
1578 1479 1687 1508 quoque
1702 1477 1729 1498 ot

935 1526 1124 1556 ecclesiastica
1138 1524 1277 1553 volumina
1293 1523 1416 1551 studiose
1427 1521 1511 1556 coepit
1531 1519 1665 1547 lectitare.
1679 1516 1729 1544 Ve-

936 1581 996 1601 rum
1011 1577 1041 1600 ut
1052 1571 1181 1606 Theologi
1198 1569 1363 1597 Nazianzeni
1378 1568 1435 1596 ritu
1449 1567 1558 1601 loquar,
1574 1564 1649 1599 quod
1663 1570 1729 1591 sane

937 1620 1024 1656 ipsius
1041 1618 1175 1653 sapientia
1191 1617 1332 1652 indignum
1351 1615 1414 1647 fuit,
1432 1613 1633 1649 ignorationem
1650 1611 1729 1646 igno-

939 1655 1018 1694 ravit.
1043 1664 1138 1692 Noluit
1161 1663 1235 1691 enim
1260 1660 1491 1692 animadvertere,
1516 1658 1673 1693 quoniam:
1699 1655 1729 1683 Si

938 1712 996 1748 quis
1007 1711 1062 1738 vult
1074 1711 1179 1745 sapiens
1200 1709 1258 1744 ﬁeri
1272 1709 1299 1735 in
1313 1708 1361 1735 hoc
1388 1706 1498 1738 mundo,
1519 1705 1617 1732 stultus
1638 1703 1681 1734 sit,
1700 1706 1731 1729 ut

937 1757 1042 1792 sapiens
1055 1757 1131 1791 ﬁat”.
1142 1755 1236 1790 Neque
1249 1755 1320 1782 viam
1340 1752 1481 1780 modestia:
1494 1755 1521 1778 et
1536 1749 1732 1779 submissionis

938 1805 1082 1838 ingressus
1095 1806 1147 1835 est,
1164 1808 1219 1836 qua
1233 1800 1267 1827 ad
1280 1800 1422 1827 caelestem
1437 1797 1555 1833 gratiam
1581 1801 1732 1828 veramque

939 1849 1102 1884 sapientiam
1118 1847 1294 1883 pervenitur:
1312 1852 1401 1880 neque
1415 1843 1541 1878 deposito
1558 1842 1629 1869 fastu
1645 1840 1732 1867 voluit

939 1895 1073 1927 converti,
1091 1898 1119 1921 et
1136 1893 1193 1920 ﬁeri
1209 1897 1238 1919 ut
1253 1891 1398 1927 parvulus.
1414 1893 1526 1924 propter
1541 1894 1655 1922 regnum
1674 1885 1731 1916 Dei,

937 1943 1017 1978 juxta
1031 1940 1137 1968 Domini
1146 1940 1268 1967 vocem“
1278 1947 1285 1965 :
1296 1944 1386 1973 neque
1395 1936 1514 1963 animam
1525 1941 1602 1962 suam
1615 1937 1642 1960 et
1657 1940 1733 1959 tuen-

941 1995 994 2017 tem
1011 1989 1094 2016 altius
1122 1985 1226 2018 fodere,
1240 1989 1267 2013 et
1284 1984 1359 2012 omni
1385 1981 1557 2017 subiectione
1576 1979 1732 2009 demittere,

941 2040 972 2063 ut
983 2036 1062 2071 jubet
1078 2033 1224 2065 Dominus,
1240 2039 1288 2067 per
1301 2029 1479 2065 abjectiorem
1501 2026 1734 2059 humilioremque

941 2083 1067 2111 semitam
1083 2089 1090 2114 ;
1111 2085 1193 2115 atque
1207 2079 1244 2106 ita
1263 2085 1312 2113 per
1331 2077 1478 2104 affectuum
1494 2072 1734 2101 mortificationem

941 2132 1026 2165 petrae
1041 2127 1152 2155 Christo
1167 2124 1308 2160 conjungi,
1329 2127 1357 2151 et
1382 2129 1465 2157 super
1478 2121 1567 2157 ipsum
1585 2119 1735 2146 inconcu9<

943 2162 1004 2200 sum
1022 2172 1086 2199 fidei
1110 2171 1320 2198 fundamentum
1345 2174 1458 2202 ponere,
1480 2169 1508 2193 et
1529 2165 1582 2200 piis
1605 2162 1737 2199 operibus

944 2220 1065 2255 seipsum
1088 2217 1256 2245 domicilium
1288 2213 1430 2250 sapientiae
1451 2212 1634 2240 constituere.
1664 2209 1737 2236 Nihil

943 2267 1042 2295 horum
1065 2265 1131 2293 huic
1146 2263 1222 2292 venit
1241 2262 1268 2289 in
1295 2265 1427 2291 mentem.
1445 2259 1498 2286 alia
1521 2258 1614 2286 omnia
1634 2257 1737 2291 cogita-

943 2314 989 2341 bat
1003 2321 1010 2346 ;
1028 2311 1118 2347 fragili
1132 2315 1160 2338 et
1172 2316 1301 2340 arenoso,
1315 2315 1392 2334 vanae
1401 2305 1578 2342 profanaeque
1598 2301 1738 2338 sapientia:

944 2359 1124 2387 fundamento
1138 2361 1166 2384 et
1179 2353 1345 2387 insolentiae,
1360 2360 1416 2380 non
1428 2350 1578 2379 secundum
1595 2347 1737 2376 Christum

945 2405 1078 2434 doctrina:
1092 2411 1141 2431 cor
1165 2410 1244 2430 suum
1267 2404 1443 2434 mentemque
1457 2399 1635 2427 confirmans,
1657 2394 1737 2422 vanis

946 2452 1087 2480 hominum
1103 2449 1232 2477 laudibus
1250 2452 1276 2476 et
1291 2446 1433 2482 plausibus
1459 2443 1581 2475 inflatus,
1594 2442 1739 2475 elatusque

946 2497 1021 2526 inani
1033 2496 1130 2532 gloria,
1147 2503 1196 2530 per
1222 2495 1310 2529 ipsam
1329 2491 1446 2519 inimicae
1470 2488 1525 2516 Deo
1549 2485 1687 2521 superbiae
1708 2491 1739 2512 se

947 2543 1093 2579 conjunxit
1112 2551 1119 2570 :
1141 2550 1174 2569 ex
1200 2549 1254 2576 quo
1269 2539 1359 2567 omnis
1378 2535 1539 2571 impietatis,
1560 2535 1739 2566 omniumque

948 2589 1131 2618 offensionum
1153 2586 1296 2615 materiem
1309 2584 1424 2612 edoctus
1439 2585 1492 2610 est.
1509 2580 1580 2615 Ergo
1594 2578 1677 2614 jactis
1692 2583 1739 2604 sa-

949 2634 1065 2662 cerdotii
1097 2633 1140 2661 sui
1168 2630 1357 2666 improbandis
1388 2626 1587 2658 fundamentis,
1614 2627 1739 2651 extrema

951 2681 1035 2709 initiis
1047 2683 1233 2708 consentanea
1249 2677 1365 2704 sortitus
1378 2680 1429 2703 est.
1449 2673 1504 2702 Nec
1519 2673 1592 2700 enim
1608 2668 1739 2705 repudia-

951 2726 988 2753 vit
1004 2725 1168 2757 Ecclesiam,
1195 2729 1326 2758 tanquam
1349 2729 1364 2749 a
1389 2719 1514 2756 profanis
1534 2714 1740 2752 magistratibus

949 2772 1065 2808 profane
1081 2774 1109 2800 ct
1120 2770 1253 2806 sacrilege
1269 2769 1322 2798 sibi
1334 2766 1526 2796 demandatam
1539 2773 1548 2799 ;
1564 2769 1652 2799 neque
1666 2759 1741 2788 velut
