  <div class='ocr_page' id='page_1' title='image "/cluster/home/n/w/nwhite01/storage/ocr_20150623/101/njp.32101077772877/015.png"; bbox 0 0 1881 3077; ppageno 0'>
   <div class='ocr_carea' id='block_1_1' title="bbox 145 174 1244 214">
    <p class='ocr_par' dir='ltr' id='par_1_1' title="bbox 145 174 1244 214">
     <span class='ocr_line' id='line_1_1' title="bbox 145 174 1244 214; baseline 0.01 -11"><span class='ocrx_word' id='word_1_1' title='bbox 145 184 173 204; x_wconf 77' lang='grc' dir='ltr'><strong>ιν</strong></span> <span class='ocrx_word' id='word_1_2' title='bbox 674 179 874 211; x_wconf 78' lang='lat' dir='ltr'><strong>PRIEFATIO</strong></span> <span class='ocrx_word' id='word_1_3' title='bbox 894 181 936 213; x_wconf 85' lang='lat' dir='ltr'><strong>IN</strong></span> <span class='ocrx_word' id='word_1_4' title='bbox 952 182 1085 214; x_wconf 82' lang='lat' dir='ltr'><strong>PHOTII</strong></span> <span class='ocrx_word' id='word_1_5' title='bbox 1102 174 1244 214; x_wconf 59' lang='lat' dir='ltr'><strong>oranti:</strong></span> 
     </span>
    </p>
   </div>
   <div class='ocr_carea' id='block_1_2' title="bbox 144 234 936 270">
    <p class='ocr_par' dir='ltr' id='par_1_2' title="bbox 144 234 936 270">
     <span class='ocr_line' id='line_1_2' title="bbox 144 234 936 270; baseline 0.003 -8"><span class='ocrx_word' id='word_1_6' title='bbox 144 235 222 263; x_wconf 88' lang='lat' dir='ltr'><strong>alteri</strong></span> <span class='ocrx_word' id='word_1_7' title='bbox 236 235 296 262; x_wconf 87' lang='lat' dir='ltr'><strong>viro</strong></span> <span class='ocrx_word' id='word_1_8' title='bbox 317 237 441 270; x_wconf 83' lang='lat' dir='ltr'><strong>nuptam,</strong></span> <span class='ocrx_word' id='word_1_9' title='bbox 460 234 512 263; x_wconf 82' lang='lat' dir='ltr'><strong>sibi</strong></span> <span class='ocrx_word' id='word_1_10' title='bbox 528 242 577 270; x_wconf 89' lang='lat' dir='ltr'><strong>per</strong></span> <span class='ocrx_word' id='word_1_11' title='bbox 591 234 757 263; x_wconf 98' lang='lat' dir='ltr'><strong>adulterium</strong></span> <span class='ocrx_word' id='word_1_12' title='bbox 770 235 936 270; x_wconf 80' lang='lat' dir='ltr'><strong>desponderi</strong></span> 
     </span>
    </p>
   </div>
   <div class='ocr_carea' id='block_1_3' title="bbox 145 281 938 315">
    <p class='ocr_par' dir='ltr' id='par_1_3' title="bbox 145 281 938 315">
     <span class='ocr_line' id='line_1_3' title="bbox 145 281 938 315; baseline 0 -5"><span class='ocrx_word' id='word_1_13' title='bbox 145 283 248 310; x_wconf 87' lang='lat' dir='ltr'><strong>veritus</strong></span> <span class='ocrx_word' id='word_1_14' title='bbox 260 287 312 315; x_wconf 88' lang='lat' dir='ltr'><strong>est,</strong></span> <span class='ocrx_word' id='word_1_15' title='bbox 328 281 480 314; x_wconf 71' lang='lat' dir='ltr'><strong>sed,contra</strong></span> <span class='ocrx_word' id='word_1_16' title='bbox 496 281 588 315; x_wconf 91' lang='lat' dir='ltr'><strong>potius</strong></span> <span class='ocrx_word' id='word_1_17' title='bbox 610 281 841 314; x_wconf 80' lang='lat' dir='ltr'><strong>exsultabundus,</strong></span> <span class='ocrx_word' id='word_1_18' title='bbox 859 282 938 310; x_wconf 84' lang='lat' dir='ltr'><strong>avide</strong></span> 
     </span>
    </p>
   </div>
   <div class='ocr_carea' id='block_1_4' title="bbox 145 326 939 362">
    <p class='ocr_par' dir='ltr' id='par_1_4' title="bbox 145 326 939 362">
     <span class='ocr_line' id='line_1_4' title="bbox 145 326 939 362; baseline 0 -8"><span class='ocrx_word' id='word_1_19' title='bbox 145 327 371 362; x_wconf 87' lang='lat' dir='ltr'><strong>impudenterque</strong></span> <span class='ocrx_word' id='word_1_20' title='bbox 385 327 411 354; x_wconf 95' lang='lat' dir='ltr'><strong>in</strong></span> <span class='ocrx_word' id='word_1_21' title='bbox 428 327 502 354; x_wconf 88' lang='lat' dir='ltr'><strong>illius</strong></span> <span class='ocrx_word' id='word_1_22' title='bbox 525 326 697 361; x_wconf 81' lang='lat' dir='ltr'><strong>complexum</strong></span> <span class='ocrx_word' id='word_1_23' title='bbox 721 327 790 359; x_wconf 92' lang='lat' dir='ltr'><strong>ruit,</strong></span> <span class='ocrx_word' id='word_1_24' title='bbox 807 327 939 355; x_wconf 90' lang='lat' dir='ltr'><strong>alienam-</strong></span> 
     </span>
    </p>
   </div>
   <div class='ocr_carea' id='block_1_5' title="bbox 145 373 939 409">
    <p class='ocr_par' dir='ltr' id='par_1_5' title="bbox 145 373 939 409">
     <span class='ocr_line' id='line_1_5' title="bbox 145 373 939 409; baseline 0.001 -9"><span class='ocrx_word' id='word_1_25' title='bbox 145 381 199 408; x_wconf 94' lang='lat' dir='ltr'><strong>que</strong></span> <span class='ocrx_word' id='word_1_26' title='bbox 224 378 353 408; x_wconf 87' lang='lat' dir='ltr'><strong>tanquam</strong></span> <span class='ocrx_word' id='word_1_27' title='bbox 375 373 513 408; x_wconf 89' lang='lat' dir='ltr'><strong>propriam</strong></span> <span class='ocrx_word' id='word_1_28' title='bbox 537 373 627 408; x_wconf 83' lang='lat' dir='ltr'><strong>palam</strong></span> <span class='ocrx_word' id='word_1_29' title='bbox 653 373 805 408; x_wconf 80' lang='lat' dir='ltr'><strong>arrogavit,</strong></span> <span class='ocrx_word' id='word_1_30' title='bbox 832 381 939 409; x_wconf 88' lang='lat' dir='ltr'><strong>suaque</strong></span> 
     </span>
    </p>
   </div>
   <div class='ocr_carea' id='block_1_6' title="bbox 145 418 938 453">
    <p class='ocr_par' dir='ltr' id='par_1_6' title="bbox 145 418 938 453">
     <span class='ocr_line' id='line_1_6' title="bbox 145 418 938 453; baseline 0.003 -7"><span class='ocrx_word' id='word_1_31' title='bbox 145 419 262 447; x_wconf 81' lang='lat' dir='ltr'><strong>infantia</strong></span> <span class='ocrx_word' id='word_1_32' title='bbox 277 424 304 446; x_wconf 89' lang='lat' dir='ltr'><strong>et</strong></span> <span class='ocrx_word' id='word_1_33' title='bbox 325 419 460 446; x_wconf 74' lang='lat' dir='ltr'><strong>dedecore</strong></span> <span class='ocrx_word' id='word_1_34' title='bbox 480 418 661 453; x_wconf 78' lang='lat' dir='ltr'><strong>gloriabatur,</strong></span> <span class='ocrx_word' id='word_1_35' title='bbox 679 423 707 447; x_wconf 87' lang='lat' dir='ltr'><strong>et</strong></span> <span class='ocrx_word' id='word_1_36' title='bbox 729 419 895 447; x_wconf 85' lang='lat' dir='ltr'><strong>laudabatur</strong></span> <span class='ocrx_word' id='word_1_37' title='bbox 910 421 938 448; x_wconf 92' lang='lat' dir='ltr'><strong>in</strong></span> 
     </span>
    </p>
   </div>
   <div class='ocr_carea' id='block_1_7' title="bbox 146 466 938 501">
    <p class='ocr_par' dir='ltr' id='par_1_7' title="bbox 146 466 938 501">
     <span class='ocr_line' id='line_1_7' title="bbox 146 466 938 501; baseline 0.003 -8"><span class='ocrx_word' id='word_1_38' title='bbox 146 466 290 501; x_wconf 83' lang='lat' dir='ltr'><strong>iniquitate</strong></span> <span class='ocrx_word' id='word_1_39' title='bbox 314 473 383 497; x_wconf 76' lang='lat' dir='ltr'><strong>sua;</strong></span> <span class='ocrx_word' id='word_1_40' title='bbox 408 466 539 500; x_wconf 88' lang='lat' dir='ltr'><strong>itttraque</strong></span> <span class='ocrx_word' id='word_1_41' title='bbox 563 473 609 493; x_wconf 85' lang='lat' dir='ltr'><strong>sex</strong></span> <span class='ocrx_word' id='word_1_42' title='bbox 637 473 691 494; x_wconf 90' lang='lat' dir='ltr'><strong>non</strong></span> <span class='ocrx_word' id='word_1_43' title='bbox 721 466 840 501; x_wconf 80' lang='lat' dir='ltr'><strong>amplius</strong></span> <span class='ocrx_word' id='word_1_44' title='bbox 867 467 938 501; x_wconf 87' lang='lat' dir='ltr'><strong>dies,</strong></span> 
     </span>
    </p>
   </div>
   <div class='ocr_carea' id='block_1_8' title="bbox 146 510 940 547">
    <p class='ocr_par' dir='ltr' id='par_1_8' title="bbox 146 510 940 547">
     <span class='ocr_line' id='line_1_8' title="bbox 146 510 940 547; baseline 0.004 -9"><span class='ocrx_word' id='word_1_45' title='bbox 146 511 274 539; x_wconf 88' lang='lat' dir='ltr'><strong>tttanihus</strong></span> <span class='ocrx_word' id='word_1_46' title='bbox 297 511 439 538; x_wconf 77' lang='lat' dir='ltr'><strong>hominum</strong></span> <span class='ocrx_word' id='word_1_47' title='bbox 461 510 596 544; x_wconf 90' lang='lat' dir='ltr'><strong>ittitiatus,</strong></span> <span class='ocrx_word' id='word_1_48' title='bbox 618 512 791 547; x_wconf 89' lang='lat' dir='ltr'><strong>concupitam</strong></span> <span class='ocrx_word' id='word_1_49' title='bbox 816 513 940 541; x_wconf 68' lang='lat' dir='ltr'><strong>ecclesia:</strong></span> 
     </span>
    </p>
   </div>
   <div class='ocr_carea' id='block_1_9' title="bbox 145 556 940 592">
    <p class='ocr_par' dir='ltr' id='par_1_9' title="bbox 145 556 940 592">
     <span class='ocr_line' id='line_1_9' title="bbox 145 556 940 592; baseline 0.001 -7"><span class='ocrx_word' id='word_1_50' title='bbox 145 558 305 585; x_wconf 82' lang='lat' dir='ltr'><strong>cathedram</strong></span> <span class='ocrx_word' id='word_1_51' title='bbox 324 557 435 585; x_wconf 83' lang='lat' dir='ltr'><strong>invasit.</strong></span> <span class='ocrx_word' id='word_1_52' title='bbox 449 556 571 592; x_wconf 84' lang='lat' dir='ltr'><strong>Eratque</strong></span> <span class='ocrx_word' id='word_1_53' title='bbox 590 565 654 585; x_wconf 90' lang='lat' dir='ltr'><strong>vere</strong></span> <span class='ocrx_word' id='word_1_54' title='bbox 667 565 791 591; x_wconf 89' lang='lat' dir='ltr'><strong>cernere,</strong></span> <span class='ocrx_word' id='word_1_55' title='bbox 808 563 838 586; x_wconf 89' lang='lat' dir='ltr'><strong>ut</strong></span> <span class='ocrx_word' id='word_1_56' title='bbox 853 558 940 586; x_wconf 86' lang='lat' dir='ltr'><strong>fertur</strong></span> 
     </span>
    </p>
   </div>
   <div class='ocr_carea' id='block_1_10' title="bbox 147 603 940 639">
    <p class='ocr_par' dir='ltr' id='par_1_10' title="bbox 147 603 940 639">
     <span class='ocr_line' id='line_1_10' title="bbox 147 603 940 639; baseline 0.004 -9"><span class='ocrx_word' id='word_1_57' title='bbox 147 604 256 638; x_wconf 76' lang='lat' dir='ltr'><strong>adagio,</strong></span> <span class='ocrx_word' id='word_1_58' title='bbox 267 603 480 638; x_wconf 81' lang='lat' dir='ltr'><strong>extemporalem</strong></span> <span class='ocrx_word' id='word_1_59' title='bbox 497 603 691 639; x_wconf 84' lang='lat' dir='ltr'><strong>lictitiumque,</strong></span> <span class='ocrx_word' id='word_1_60' title='bbox 700 612 748 632; x_wconf 92' lang='lat' dir='ltr'><strong>seu</strong></span> <span class='ocrx_word' id='word_1_61' title='bbox 764 609 940 639; x_wconf 87' lang='lat' dir='ltr'><strong>personatum</strong></span> 
     </span>
    </p>
   </div>
   <div class='ocr_carea' id='block_1_11' title="bbox 148 647 942 684">
    <p class='ocr_par' dir='ltr' id='par_1_11' title="bbox 148 647 942 684">
     <span class='ocr_line' id='line_1_11' title="bbox 148 647 942 684; baseline 0.004 -8"><span class='ocrx_word' id='word_1_62' title='bbox 148 653 287 677; x_wconf 87' lang='lat' dir='ltr'><strong>sanctum.</strong></span> <span class='ocrx_word' id='word_1_63' title='bbox 304 647 371 676; x_wconf 87' lang='lat' dir='ltr'><strong>Nam</strong></span> <span class='ocrx_word' id='word_1_64' title='bbox 385 649 474 684; x_wconf 89' lang='lat' dir='ltr'><strong>printo</strong></span> <span class='ocrx_word' id='word_1_65' title='bbox 484 648 527 676; x_wconf 84' lang='lat' dir='ltr'><strong>die</strong></span> <span class='ocrx_word' id='word_1_66' title='bbox 541 649 695 678; x_wconf 84' lang='lat' dir='ltr'><strong>monachus</strong></span> <span class='ocrx_word' id='word_1_67' title='bbox 710 657 744 678; x_wconf 83' lang='lat' dir='ltr'><strong>ex</strong></span> <span class='ocrx_word' id='word_1_68' title='bbox 755 650 839 683; x_wconf 90' lang='lat' dir='ltr'><strong>laico,</strong></span> <span class='ocrx_word' id='word_1_69' title='bbox 853 651 942 679; x_wconf 84' lang='lat' dir='ltr'><strong>altero</strong></span> 
     </span>
    </p>
   </div>
   <div class='ocr_carea' id='block_1_12' title="bbox 147 693 941 731">
    <p class='ocr_par' dir='ltr' id='par_1_12' title="bbox 147 693 941 731">
     <span class='ocr_line' id='line_1_12' title="bbox 147 693 941 731; baseline 0.004 -11"><span class='ocrx_word' id='word_1_70' title='bbox 147 693 244 724; x_wconf 82' lang='lat' dir='ltr'><strong>lector,</strong></span> <span class='ocrx_word' id='word_1_71' title='bbox 262 697 320 720; x_wconf 89' lang='lat' dir='ltr'><strong>tum</strong></span> <span class='ocrx_word' id='word_1_72' title='bbox 336 693 557 729; x_wconf 81' lang='lat' dir='ltr'><strong>ltypodiaconus.</strong></span> <span class='ocrx_word' id='word_1_73' title='bbox 573 700 606 721; x_wconf 89' lang='lat' dir='ltr'><strong>ac</strong></span> <span class='ocrx_word' id='word_1_74' title='bbox 618 694 764 727; x_wconf 84' lang='lat' dir='ltr'><strong>diaconus,</strong></span> <span class='ocrx_word' id='word_1_75' title='bbox 784 699 812 723; x_wconf 95' lang='lat' dir='ltr'><strong>et</strong></span> <span class='ocrx_word' id='word_1_76' title='bbox 826 696 941 731; x_wconf 83' lang='lat' dir='ltr'><strong>presby-</strong></span> 
     </span>
    </p>
   </div>
   <div class='ocr_carea' id='block_1_13' title="bbox 147 738 942 776">
    <p class='ocr_par' dir='ltr' id='par_1_13' title="bbox 147 738 942 776">
     <span class='ocr_line' id='line_1_13' title="bbox 147 738 942 776; baseline 0.005 -11"><span class='ocrx_word' id='word_1_77' title='bbox 147 742 191 766; x_wconf 87' lang='lat' dir='ltr'><strong>ter</strong></span> <span class='ocrx_word' id='word_1_78' title='bbox 208 747 215 765; x_wconf 89' lang='lat'><strong>:</strong></span> <span class='ocrx_word' id='word_1_79' title='bbox 232 742 311 766; x_wconf 80' lang='lat' dir='ltr'><strong>sexto</strong></span> <span class='ocrx_word' id='word_1_80' title='bbox 325 738 434 771; x_wconf 84' lang='lat' dir='ltr'><strong>deinde,</strong></span> <span class='ocrx_word' id='word_1_81' title='bbox 450 738 497 774; x_wconf 92' lang='lat' dir='ltr'><strong>qui</strong></span> <span class='ocrx_word' id='word_1_82' title='bbox 513 738 564 766; x_wconf 88' lang='lat' dir='ltr'><strong>fuit</strong></span> <span class='ocrx_word' id='word_1_83' title='bbox 579 739 681 767; x_wconf 84' lang='lat' dir='ltr'><strong>Christi</strong></span> <span class='ocrx_word' id='word_1_84' title='bbox 707 740 819 772; x_wconf 84' lang='lat' dir='ltr'><strong>natalis,</strong></span> <span class='ocrx_word' id='word_1_85' title='bbox 836 744 863 767; x_wconf 89' lang='lat' dir='ltr'><strong>et</strong></span> <span class='ocrx_word' id='word_1_86' title='bbox 884 741 942 776; x_wconf 88' lang='lat' dir='ltr'><strong>ipse</strong></span> 
     </span>
    </p>
   </div>
   <div class='ocr_carea' id='block_1_14' title="bbox 149 784 942 821">
    <p class='ocr_par' dir='ltr' id='par_1_14' title="bbox 149 784 942 821">
     <span class='ocr_line' id='line_1_14' title="bbox 149 784 942 821; baseline 0.003 -9"><span class='ocrx_word' id='word_1_87' title='bbox 149 792 259 812; x_wconf 87' lang='lat' dir='ltr'><strong>sacrum</strong></span> <span class='ocrx_word' id='word_1_88' title='bbox 274 784 465 812; x_wconf 86' lang='lat' dir='ltr'><strong>conscendens</strong></span> <span class='ocrx_word' id='word_1_89' title='bbox 481 785 614 818; x_wconf 78' lang='lat' dir='ltr'><strong>tribunal,</strong></span> <span class='ocrx_word' id='word_1_90' title='bbox 632 792 727 820; x_wconf 88' lang='lat' dir='ltr'><strong>pacem</strong></span> <span class='ocrx_word' id='word_1_91' title='bbox 744 786 859 821; x_wconf 87' lang='lat' dir='ltr'><strong>populo,</strong></span> <span class='ocrx_word' id='word_1_92' title='bbox 870 787 942 814; x_wconf 87' lang='lat' dir='ltr'><strong>nihil</strong></span> 
     </span>
    </p>
   </div>
   <div class='ocr_carea' id='block_1_15' title="bbox 147 829 798 865">
    <p class='ocr_par' dir='ltr' id='par_1_15' title="bbox 147 829 798 865">
     <span class='ocr_line' id='line_1_15' title="bbox 147 829 798 865; baseline 0 -9"><span class='ocrx_word' id='word_1_93' title='bbox 147 837 212 856; x_wconf 89' lang='lat' dir='ltr'><strong>vera</strong></span> <span class='ocrx_word' id='word_1_94' title='bbox 227 837 292 863; x_wconf 89' lang='lat' dir='ltr'><strong>pace</strong></span> <span class='ocrx_word' id='word_1_95' title='bbox 311 829 424 865; x_wconf 74' lang='lat' dir='ltr'><strong>dignum</strong></span> <span class='ocrx_word' id='word_1_96' title='bbox 437 830 572 865; x_wconf 76' lang='lat' dir='ltr'><strong>cogitans,</strong></span> <span class='ocrx_word' id='word_1_97' title='bbox 588 829 724 857; x_wconf 86' lang='lat' dir='ltr'><strong>nuntiavit</strong></span> <span class='ocrx_word' id='word_1_98' title='bbox 734 829 798 865; x_wconf 68' lang='lat' dir='ltr'><strong>(c).r</strong></span> 
     </span>
    </p>
   </div>
   <div class='ocr_carea' id='block_1_16' title="bbox 989 237 1778 279">
    <p class='ocr_par' dir='ltr' id='par_1_16' title="bbox 989 237 1778 279">
     <span class='ocr_line' id='line_1_16' title="bbox 989 237 1778 279; baseline 0.008 -15"><span class='ocrx_word' id='word_1_99' title='bbox 989 237 1083 265; x_wconf 85' lang='grc' dir='ltr'>λουθον</span> <span class='ocrx_word' id='word_1_100' title='bbox 1103 238 1166 274; x_wconf 74' lang='grc' dir='ltr'><strong>ἔσχε</strong></span> <span class='ocrx_word' id='word_1_101' title='bbox 1179 240 1212 274; x_wconf 75' lang='grc' dir='ltr'>τῇ</span> <span class='ocrx_word' id='word_1_102' title='bbox 1229 239 1299 274; x_wconf 78' lang='grc' dir='ltr'><strong>ἀρχῇ</strong></span> <span class='ocrx_word' id='word_1_103' title='bbox 1315 239 1345 266; x_wconf 72' lang='grc' dir='ltr'><strong>τὸ</strong></span> <span class='ocrx_word' id='word_1_104' title='bbox 1361 238 1446 271; x_wconf 72' lang='grc' dir='ltr'>τέλος.</span> <span class='ocrx_word' id='word_1_105' title='bbox 1468 238 1505 267; x_wconf 85' lang='grc' dir='ltr'><strong>οὗ</strong></span> <span class='ocrx_word' id='word_1_106' title='bbox 1521 239 1576 276; x_wconf 80' lang='grc' dir='ltr'>γὰρ</span> <span class='ocrx_word' id='word_1_107' title='bbox 1601 241 1778 279; x_wconf 76' lang='grc' dir='ltr'><strong>παρῃτήσατο</strong></span> 
     </span>
    </p>
   </div>
   <div class='ocr_carea' id='block_1_17' title="bbox 988 282 1780 322">
    <p class='ocr_par' dir='ltr' id='par_1_17' title="bbox 988 282 1780 322">
     <span class='ocr_line' id='line_1_17' title="bbox 988 282 1780 322; baseline 0.006 -13"><span class='ocrx_word' id='word_1_108' title='bbox 988 283 1038 318; x_wconf 84' lang='grc' dir='ltr'>τὴν</span> <span class='ocrx_word' id='word_1_109' title='bbox 1051 282 1089 314; x_wconf 78' lang='grc' dir='ltr'>ὼς</span> <span class='ocrx_word' id='word_1_110' title='bbox 1099 283 1176 319; x_wconf 83' lang='grc' dir='ltr'>παρὰ</span> <span class='ocrx_word' id='word_1_111' title='bbox 1189 283 1330 319; x_wconf 72' lang='grc' dir='ltr'>κωμικῶν</span> <span class='ocrx_word' id='word_1_112' title='bbox 1346 284 1486 320; x_wconf 83' lang='grc' dir='ltr'><strong>ἀρχόντων</strong></span> <span class='ocrx_word' id='word_1_113' title='bbox 1506 284 1637 320; x_wconf 74' lang='grc' dir='ltr'>ἀκόσμως</span> <span class='ocrx_word' id='word_1_114' title='bbox 1650 287 1725 322; x_wconf 77' lang='grc' dir='ltr'>αὐτῷ</span> <span class='ocrx_word' id='word_1_115' title='bbox 1735 288 1780 314; x_wconf 83' lang='grc' dir='ltr'>καὶ</span> 
     </span>
    </p>
   </div>
   <div class='ocr_carea' id='block_1_18' title="bbox 989 327 1780 367">
    <p class='ocr_par' dir='ltr' id='par_1_18' title="bbox 989 327 1780 367">
     <span class='ocr_line' id='line_1_18' title="bbox 989 327 1780 367; baseline 0.006 -14"><span class='ocrx_word' id='word_1_116' title='bbox 989 327 1117 362; x_wconf 71' lang='grc' dir='ltr'><strong>ἀθέσμως</strong></span> <span class='ocrx_word' id='word_1_117' title='bbox 1133 328 1302 364; x_wconf 66' lang='grc' dir='ltr'><strong>ἐνδιδομένην</strong></span> <span class='ocrx_word' id='word_1_118' title='bbox 1313 328 1489 364; x_wconf 82' lang='grc' dir='ltr'>Ἐκκλησίαν,</span> <span class='ocrx_word' id='word_1_119' title='bbox 1507 329 1562 356; x_wconf 83' lang='grc' dir='ltr'>οὐδ’</span> <span class='ocrx_word' id='word_1_120' title='bbox 1577 329 1616 362; x_wconf 87' lang='grc' dir='ltr'>ὡς</span> <span class='ocrx_word' id='word_1_121' title='bbox 1629 331 1715 367; x_wconf 78' lang='grc' dir='ltr'>ἑτέρῳ</span> <span class='ocrx_word' id='word_1_122' title='bbox 1734 333 1780 359; x_wconf 59' lang='grc' dir='ltr'><strong>ἀνι</strong></span> 
     </span>
    </p>
   </div>
   <div class='ocr_carea' id='block_1_19' title="bbox 989 373 1780 412">
    <p class='ocr_par' dir='ltr' id='par_1_19' title="bbox 989 373 1780 412">
     <span class='ocr_line' id='line_1_19' title="bbox 989 373 1780 412; baseline 0.005 -12"><span class='ocrx_word' id='word_1_123' title='bbox 989 373 1033 408; x_wconf 81' lang='grc' dir='ltr'>δρὶ</span> <span class='ocrx_word' id='word_1_124' title='bbox 1049 373 1283 410; x_wconf 76' lang='grc' dir='ltr'>καθηρμοσμένην</span> <span class='ocrx_word' id='word_1_125' title='bbox 1299 374 1430 410; x_wconf 84' lang='grc' dir='ltr'>μοιχικὼς</span> <span class='ocrx_word' id='word_1_126' title='bbox 1454 375 1545 410; x_wconf 82' lang='grc' dir='ltr'>ἐαυτῷ</span> <span class='ocrx_word' id='word_1_127' title='bbox 1575 377 1780 412; x_wconf 81' lang='grc' dir='ltr'><strong>κατεγγυᾶσθαι</strong></span> 
     </span>
    </p>
   </div>
   <div class='ocr_carea' id='block_1_20' title="bbox 988 418 1779 459">
    <p class='ocr_par' dir='ltr' id='par_1_20' title="bbox 988 418 1779 459">
     <span class='ocr_line' id='line_1_20' title="bbox 988 418 1779 459; baseline 0.006 -14"><span class='ocrx_word' id='word_1_128' title='bbox 988 418 1131 455; x_wconf 76' lang='grc' dir='ltr'>ηὐλαϐήθη</span> <span class='ocrx_word' id='word_1_129' title='bbox 1149 426 1157 434; x_wconf 81' lang='grc'><strong><em>⁸</em></strong></span> <span class='ocrx_word' id='word_1_130' title='bbox 1185 420 1342 448; x_wconf 79' lang='grc' dir='ltr'>τούναντίον</span> <span class='ocrx_word' id='word_1_131' title='bbox 1360 421 1410 454; x_wconf 80' lang='grc' dir='ltr'>μὲν</span> <span class='ocrx_word' id='word_1_132' title='bbox 1436 418 1483 448; x_wconf 83' lang='grc' dir='ltr'>οὖν</span> <span class='ocrx_word' id='word_1_133' title='bbox 1500 422 1548 448; x_wconf 75' lang='grc' dir='ltr'>καὶ</span> <span class='ocrx_word' id='word_1_134' title='bbox 1565 423 1734 458; x_wconf 85' lang='grc' dir='ltr'>περιχαρῶς,</span> <span class='ocrx_word' id='word_1_135' title='bbox 1763 423 1779 459; x_wconf 82' lang='grc' dir='ltr'>ἦ</span> 
     </span>
    </p>
   </div>
   <div class='ocr_carea' id='block_1_21' title="bbox 989 464 1781 504">
    <p class='ocr_par' dir='ltr' id='par_1_21' title="bbox 989 464 1781 504">
     <span class='ocr_line' id='line_1_21' title="bbox 989 464 1781 504; baseline 0.004 -12"><span class='ocrx_word' id='word_1_136' title='bbox 989 464 1107 496; x_wconf 81' lang='grc' dir='ltr'><strong>ἀναιδῶς</strong></span> <span class='ocrx_word' id='word_1_137' title='bbox 1132 464 1243 501; x_wconf 80' lang='grc' dir='ltr'>μᾶλλον,</span> <span class='ocrx_word' id='word_1_138' title='bbox 1270 466 1474 502; x_wconf 79' lang='grc' dir='ltr'><strong>κατησπάζετο,</strong></span> <span class='ocrx_word' id='word_1_139' title='bbox 1502 467 1549 494; x_wconf 76' lang='grc' dir='ltr'>καὶ</span> <span class='ocrx_word' id='word_1_140' title='bbox 1572 467 1610 499; x_wconf 84' lang='grc' dir='ltr'>ὡς</span> <span class='ocrx_word' id='word_1_141' title='bbox 1642 468 1711 500; x_wconf 75' lang='grc' dir='ltr'>ιδίας</span> <span class='ocrx_word' id='word_1_142' title='bbox 1733 468 1781 504; x_wconf 72' lang='grc' dir='ltr'>τῆς</span> 
     </span>
    </p>
   </div>
   <div class='ocr_carea' id='block_1_22' title="bbox 990 511 1781 551">
    <p class='ocr_par' dir='ltr' id='par_1_22' title="bbox 990 511 1781 551">
     <span class='ocr_line' id='line_1_22' title="bbox 990 511 1781 551; baseline 0.003 -12"><span class='ocrx_word' id='word_1_143' title='bbox 990 511 1136 547; x_wconf 75' lang='grc' dir='ltr'><strong>ἀλλοτρίας</strong></span> <span class='ocrx_word' id='word_1_144' title='bbox 1166 512 1261 547; x_wconf 80' lang='grc' dir='ltr'>σαφῶς</span> <span class='ocrx_word' id='word_1_145' title='bbox 1279 513 1460 546; x_wconf 78' lang='grc' dir='ltr'>ἀντεποιεῖτο,</span> <span class='ocrx_word' id='word_1_146' title='bbox 1487 513 1576 541; x_wconf 70' lang='grc' dir='ltr'>καὶέν</span> <span class='ocrx_word' id='word_1_147' title='bbox 1601 515 1635 550; x_wconf 84' lang='grc' dir='ltr'>τῇ</span> <span class='ocrx_word' id='word_1_148' title='bbox 1666 514 1781 551; x_wconf 79' lang='grc' dir='ltr'><strong>αἰσχύνῃ</strong></span> 
     </span>
    </p>
   </div>
   <div class='ocr_carea' id='block_1_23' title="bbox 991 557 1775 596">
    <p class='ocr_par' dir='ltr' id='par_1_23' title="bbox 991 557 1775 596">
     <span class='ocr_line' id='line_1_23' title="bbox 991 557 1775 596; baseline 0.004 -12"><span class='ocrx_word' id='word_1_149' title='bbox 991 557 1066 593; x_wconf 80' lang='grc' dir='ltr'><strong>αὑτῷ</strong></span> <span class='ocrx_word' id='word_1_150' title='bbox 1082 558 1198 594; x_wconf 78' lang='grc' dir='ltr'>ὲγαυρία</span> <span class='ocrx_word' id='word_1_151' title='bbox 1213 558 1401 594; x_wconf 78' lang='grc' dir='ltr'><strong>δοξαζόμενος,</strong></span> <span class='ocrx_word' id='word_1_152' title='bbox 1431 559 1480 586; x_wconf 77' lang='grc' dir='ltr'><strong>καὶ</strong></span> <span class='ocrx_word' id='word_1_153' title='bbox 1498 560 1528 587; x_wconf 81' lang='grc' dir='ltr'>ὲν</span> <span class='ocrx_word' id='word_1_154' title='bbox 1541 561 1574 596; x_wconf 85' lang='grc' dir='ltr'>τῇ</span> <span class='ocrx_word' id='word_1_155' title='bbox 1587 560 1682 596; x_wconf 80' lang='grc' dir='ltr'>ἀδικίᾳ</span> <span class='ocrx_word' id='word_1_156' title='bbox 1693 559 1775 587; x_wconf 80' lang='grc' dir='ltr'>αὐτοῦ</span> 
     </span>
    </p>
   </div>
   <div class='ocr_carea' id='block_1_24' title="bbox 991 603 1778 642">
    <p class='ocr_par' dir='ltr' id='par_1_24' title="bbox 991 603 1778 642">
     <span class='ocr_line' id='line_1_24' title="bbox 991 603 1778 642; baseline 0.003 -12"><span class='ocrx_word' id='word_1_157' title='bbox 991 603 1159 638; x_wconf 71' lang='grc' dir='ltr'>ἐνευλογείτο</span> <span class='ocrx_word' id='word_1_158' title='bbox 1183 605 1230 631; x_wconf 82' lang='grc' dir='ltr'>καὶ</span> <span class='ocrx_word' id='word_1_159' title='bbox 1253 605 1282 631; x_wconf 76' lang='grc' dir='ltr'>ὲν</span> <span class='ocrx_word' id='word_1_160' title='bbox 1307 604 1337 638; x_wconf 77' lang='grc' dir='ltr'><strong>ἒξ</strong></span> <span class='ocrx_word' id='word_1_161' title='bbox 1359 606 1421 637; x_wconf 79' lang='grc' dir='ltr'>ταῖς</span> <span class='ocrx_word' id='word_1_162' title='bbox 1444 605 1520 638; x_wconf 85' lang='grc' dir='ltr'>ὅλαις</span> <span class='ocrx_word' id='word_1_163' title='bbox 1545 606 1666 642; x_wconf 77' lang='grc' dir='ltr'><strong>ἡμέραις</strong></span> <span class='ocrx_word' id='word_1_164' title='bbox 1685 606 1778 642; x_wconf 80' lang='grc' dir='ltr'>χερσὶν</span> 
     </span>
    </p>
   </div>
   <div class='ocr_carea' id='block_1_25' title="bbox 991 649 1781 688">
    <p class='ocr_par' dir='ltr' id='par_1_25' title="bbox 991 649 1781 688">
     <span class='ocr_line' id='line_1_25' title="bbox 991 649 1781 688; baseline 0.003 -12"><span class='ocrx_word' id='word_1_165' title='bbox 991 649 1144 685; x_wconf 82' lang='grc' dir='ltr'>ἀνθρώπων</span> <span class='ocrx_word' id='word_1_166' title='bbox 1165 650 1365 686; x_wconf 82' lang='grc' dir='ltr'>τελειούμενος,</span> <span class='ocrx_word' id='word_1_167' title='bbox 1394 651 1444 685; x_wconf 81' lang='grc' dir='ltr'>τῆς</span> <span class='ocrx_word' id='word_1_168' title='bbox 1472 651 1697 688; x_wconf 78' lang='grc' dir='ltr'>ὲπιθυμουμένης</span> <span class='ocrx_word' id='word_1_169' title='bbox 1732 653 1781 678; x_wconf 77' lang='grc' dir='ltr'><strong>ἑπ-</strong></span> 
     </span>
    </p>
   </div>
   <div class='ocr_carea' id='block_1_26' title="bbox 992 695 1782 734">
    <p class='ocr_par' dir='ltr' id='par_1_26' title="bbox 992 695 1782 734">
     <span class='ocr_line' id='line_1_26' title="bbox 992 695 1782 734; baseline 0.005 -12"><span class='ocrx_word' id='word_1_170' title='bbox 992 695 1164 729; x_wconf 80' lang='grc' dir='ltr'>ελαμσάνετο</span> <span class='ocrx_word' id='word_1_171' title='bbox 1176 696 1322 733; x_wconf 84' lang='grc' dir='ltr'>καθέδρας.</span> <span class='ocrx_word' id='word_1_172' title='bbox 1347 697 1402 724; x_wconf 79' lang='grc' dir='ltr'><strong>Καὶ</strong></span> <span class='ocrx_word' id='word_1_173' title='bbox 1417 695 1452 733; x_wconf 84' lang='grc' dir='ltr'>ἦν</span> <span class='ocrx_word' id='word_1_174' title='bbox 1463 697 1570 732; x_wconf 85' lang='grc' dir='ltr'>ἀληθῶς</span> <span class='ocrx_word' id='word_1_175' title='bbox 1590 698 1694 725; x_wconf 81' lang='grc' dir='ltr'>ἐκεῖνον</span> <span class='ocrx_word' id='word_1_176' title='bbox 1717 699 1782 734; x_wconf 78' lang='grc' dir='ltr'>ὀρᾲν</span> 
     </span>
    </p>
   </div>
   <div class='ocr_carea' id='block_1_27' title="bbox 992 741 1778 779">
    <p class='ocr_par' dir='ltr' id='par_1_27' title="bbox 992 741 1778 779">
     <span class='ocr_line' id='line_1_27' title="bbox 992 741 1778 779; baseline 0.003 -11"><span class='ocrx_word' id='word_1_177' title='bbox 992 741 1150 777; x_wconf 81' lang='grc' dir='ltr'>αὐθήμερον</span> <span class='ocrx_word' id='word_1_178' title='bbox 1161 741 1240 776; x_wconf 76' lang='grc' dir='ltr'>ἅγιον</span> <span class='ocrx_word' id='word_1_179' title='bbox 1251 742 1437 778; x_wconf 84' lang='grc' dir='ltr'>πλαττόμενον</span> <span class='ocrx_word' id='word_1_180' title='bbox 1466 744 1537 770; x_wconf 85' lang='grc' dir='ltr'>κατὰ</span> <span class='ocrx_word' id='word_1_181' title='bbox 1553 744 1603 778; x_wconf 82' lang='grc' dir='ltr'>τὴν</span> <span class='ocrx_word' id='word_1_182' title='bbox 1617 744 1778 779; x_wconf 73' lang='grc' dir='ltr'>παροιμίαν.</span> 
     </span>
    </p>
   </div>
   <div class='ocr_carea' id='block_1_28' title="bbox 993 787 1783 826">
    <p class='ocr_par' dir='ltr' id='par_1_28' title="bbox 993 787 1783 826">
     <span class='ocr_line' id='line_1_28' title="bbox 993 787 1783 826; baseline 0.005 -13"><span class='ocrx_word' id='word_1_183' title='bbox 993 787 1093 823; x_wconf 73' lang='grc' dir='ltr'>Πρώτη</span> <span class='ocrx_word' id='word_1_184' title='bbox 1108 787 1163 823; x_wconf 80' lang='grc' dir='ltr'><strong>γὰρ</strong></span> <span class='ocrx_word' id='word_1_185' title='bbox 1175 789 1267 825; x_wconf 81' lang='grc' dir='ltr'>ἡμέρᾳ</span> <span class='ocrx_word' id='word_1_186' title='bbox 1279 789 1395 825; x_wconf 77' lang='grc' dir='ltr'>μοναχὸς</span> <span class='ocrx_word' id='word_1_187' title='bbox 1408 789 1469 817; x_wconf 79' lang='grc' dir='ltr'>ἀντὶ</span> <span class='ocrx_word' id='word_1_188' title='bbox 1489 789 1596 824; x_wconf 80' lang='grc' dir='ltr'>λαῖκοῦ,</span> <span class='ocrx_word' id='word_1_189' title='bbox 1616 791 1648 826; x_wconf 85' lang='grc' dir='ltr'>τῇ</span> <span class='ocrx_word' id='word_1_190' title='bbox 1670 790 1783 826; x_wconf 68' lang='grc' dir='ltr'>δευτέρᾳ</span> 
     </span>
    </p>
   </div>
   <div class='ocr_carea' id='block_1_29' title="bbox 994 833 1774 873">
    <p class='ocr_par' dir='ltr' id='par_1_29' title="bbox 994 833 1774 873">
     <span class='ocr_line' id='line_1_29' title="bbox 994 833 1774 873; baseline 0.005 -13"><span class='ocrx_word' id='word_1_191' title='bbox 994 833 1023 860; x_wconf 78' lang='grc' dir='ltr'>δὲ</span> <span class='ocrx_word' id='word_1_192' title='bbox 1034 834 1224 869; x_wconf 81' lang='grc' dir='ltr'>ἀναγνώστης,</span> <span class='ocrx_word' id='word_1_193' title='bbox 1237 836 1285 862; x_wconf 77' lang='grc' dir='ltr'>καὶ</span> <span class='ocrx_word' id='word_1_194' title='bbox 1296 836 1473 869; x_wconf 81' lang='grc' dir='ltr'>ὐποδιάκονος</span> <span class='ocrx_word' id='word_1_195' title='bbox 1488 838 1520 873; x_wconf 79' lang='grc' dir='ltr'><strong>τῇ</strong></span> <span class='ocrx_word' id='word_1_196' title='bbox 1550 836 1625 872; x_wconf 78' lang='grc' dir='ltr'><strong>ἑξῆς,</strong></span> <span class='ocrx_word' id='word_1_197' title='bbox 1646 834 1706 864; x_wconf 77' lang='grc' dir='ltr'>εἶτα</span> <span class='ocrx_word' id='word_1_198' title='bbox 1730 837 1774 864; x_wconf 79' lang='grc' dir='ltr'>διὰ</span> 
     </span>
    </p>
   </div>
   <div class='ocr_carea' id='block_1_30' title="bbox 148 874 1781 920">
    <p class='ocr_par' dir='ltr' id='par_1_30' title="bbox 148 874 1781 920">
     <span class='ocr_line' id='line_1_30' title="bbox 148 874 1781 920; baseline 0.006 -18"><span class='ocrx_word' id='word_1_199' title='bbox 148 884 236 910; x_wconf 81' lang='grc' dir='ltr'>κονος,</span> <span class='ocrx_word' id='word_1_200' title='bbox 252 874 311 904; x_wconf 74' lang='grc' dir='ltr'>εἶτα</span> <span class='ocrx_word' id='word_1_201' title='bbox 326 876 511 912; x_wconf 78' lang='grc' dir='ltr'>πρεσϐύτερος</span> <span class='ocrx_word' id='word_1_202' title='bbox 524 885 530 892; x_wconf 90' lang='grc'><strong>·</strong></span> <span class='ocrx_word' id='word_1_203' title='bbox 550 876 647 903; x_wconf 72' lang='grc' dir='ltr'>ἔπειτα</span> <span class='ocrx_word' id='word_1_204' title='bbox 659 877 693 912; x_wconf 81' lang='grc' dir='ltr'>τῇ</span> <span class='ocrx_word' id='word_1_205' title='bbox 705 877 773 913; x_wconf 73' lang='grc' dir='ltr'>ἕκτῃ</span> <span class='ocrx_word' id='word_1_206' title='bbox 789 884 798 893; x_wconf 88' lang='grc'><strong>·</strong></span> <span class='ocrx_word' id='word_1_207' title='bbox 813 878 935 914; x_wconf 75' lang='grc' dir='ltr'>Χριστοῦ</span> <span class='ocrx_word' id='word_1_208' title='bbox 949 879 978 906; x_wconf 78' lang='grc' dir='ltr'>δὲ</span> <span class='ocrx_word' id='word_1_209' title='bbox 987 877 1021 915; x_wconf 83' lang='grc' dir='ltr'>ἦν</span> <span class='ocrx_word' id='word_1_210' title='bbox 1033 880 1068 907; x_wconf 85' lang='grc' dir='ltr'><strong>τὰ</strong></span> <span class='ocrx_word' id='word_1_211' title='bbox 1093 882 1220 914; x_wconf 81' lang='grc' dir='ltr'>γενέθλια</span> <span class='ocrx_word' id='word_1_212' title='bbox 1234 891 1242 899; x_wconf 75' lang='grc' dir='ltr'><strong>ι</strong></span> <span class='ocrx_word' id='word_1_213' title='bbox 1275 883 1323 909; x_wconf 78' lang='grc' dir='ltr'><strong>καὶ</strong></span> <span class='ocrx_word' id='word_1_214' title='bbox 1346 883 1428 915; x_wconf 79' lang='grc' dir='ltr'>αὐτὸς</span> <span class='ocrx_word' id='word_1_215' title='bbox 1437 883 1478 919; x_wconf 87' lang='grc' dir='ltr'>τῷ</span> <span class='ocrx_word' id='word_1_216' title='bbox 1503 883 1633 919; x_wconf 75' lang='grc' dir='ltr'>ἱερατικῷ</span> <span class='ocrx_word' id='word_1_217' title='bbox 1659 883 1781 920; x_wconf 76' lang='grc' dir='ltr'>προσϐὰς</span> 
     </span>
    </p>
   </div>
   <div class='ocr_carea' id='block_1_31' title="bbox 153 924 1520 967">
    <p class='ocr_par' dir='ltr' id='par_1_31' title="bbox 153 924 1520 967">
     <span class='ocr_line' id='line_1_31' title="bbox 153 924 1520 967; baseline 0.005 -15"><span class='ocrx_word' id='word_1_218' title='bbox 153 925 252 961; x_wconf 75' lang='grc' dir='ltr'>θρόνῳ,</span> <span class='ocrx_word' id='word_1_219' title='bbox 266 926 316 960; x_wconf 78' lang='grc' dir='ltr'><strong>τὴν</strong></span> <span class='ocrx_word' id='word_1_220' title='bbox 330 925 442 961; x_wconf 74' lang='grc' dir='ltr'>εἰρήνην</span> <span class='ocrx_word' id='word_1_221' title='bbox 454 925 493 960; x_wconf 88' lang='grc' dir='ltr'>τῷ</span> <span class='ocrx_word' id='word_1_222' title='bbox 509 924 567 960; x_wconf 85' lang='grc' dir='ltr'>λαῷ</span> <span class='ocrx_word' id='word_1_223' title='bbox 587 924 769 960; x_wconf 80' lang='grc' dir='ltr'>προσεφώνει,</span> <span class='ocrx_word' id='word_1_224' title='bbox 786 927 870 961; x_wconf 85' lang='grc' dir='ltr'>μηδὲν</span> <span class='ocrx_word' id='word_1_225' title='bbox 884 927 934 962; x_wconf 77' lang='grc' dir='ltr'><strong>τῆς</strong></span> <span class='ocrx_word' id='word_1_226' title='bbox 945 928 1079 964; x_wconf 76' lang='grc' dir='ltr'>ἀληθινῆς</span> <span class='ocrx_word' id='word_1_227' title='bbox 1091 930 1204 966; x_wconf 79' lang='grc' dir='ltr'>εἰρήνης</span> <span class='ocrx_word' id='word_1_228' title='bbox 1214 931 1288 964; x_wconf 74' lang='grc' dir='ltr'>ἀξιον</span> <span class='ocrx_word' id='word_1_229' title='bbox 1302 932 1488 967; x_wconf 81' lang='grc' dir='ltr'>ἐννοούμενος.</span> <span class='ocrx_word' id='word_1_230' title='bbox 1509 942 1520 959; x_wconf 75' lang='grc' dir='ltr'><strong>ι</strong></span> 
     </span>
    </p>
   </div>
   <div class='ocr_carea' id='block_1_32' title="bbox 184 982 1773 1024">
    <p class='ocr_par' dir='ltr' id='par_1_32' title="bbox 184 982 1773 1024">
     <span class='ocr_line' id='line_1_32' title="bbox 184 982 1773 1024; baseline 0.003 -12"><span class='ocrx_word' id='word_1_231' title='bbox 184 984 328 1013; x_wconf 81' lang='lat' dir='ltr'><strong>Nectarius</strong></span> <span class='ocrx_word' id='word_1_232' title='bbox 347 983 500 1019; x_wconf 86' lang='lat' dir='ltr'><strong>patriarcha</strong></span> <span class='ocrx_word' id='word_1_233' title='bbox 519 982 784 1019; x_wconf 82' lang='lat' dir='ltr'><strong>Hierosolymitanus</strong></span> <span class='ocrx_word' id='word_1_234' title='bbox 801 984 848 1019; x_wconf 88' lang='lat' dir='ltr'><strong>qui</strong></span> <span class='ocrx_word' id='word_1_235' title='bbox 868 985 969 1013; x_wconf 68' lang='lat' dir='ltr'><strong>saeculo</strong></span> <span class='ocrx_word' id='word_1_236' title='bbox 993 994 1061 1020; x_wconf 85' lang='lat' dir='ltr'><strong>xvu,</strong></span> <span class='ocrx_word' id='word_1_237' title='bbox 1083 987 1110 1015; x_wconf 90' lang='lat' dir='ltr'><strong>itt</strong></span> <span class='ocrx_word' id='word_1_238' title='bbox 1130 988 1201 1016; x_wconf 90' lang='lat' dir='ltr'><strong>libro</strong></span> <span class='ocrx_word' id='word_1_239' title='bbox 1213 988 1251 1016; x_wconf 82' lang='lat' dir='ltr'><strong>De</strong></span> <span class='ocrx_word' id='word_1_240' title='bbox 1267 989 1377 1023; x_wconf 81' lang='lat' dir='ltr'><strong>imperio</strong></span> <span class='ocrx_word' id='word_1_241' title='bbox 1391 997 1478 1023; x_wconf 76' lang='lat' dir='ltr'><strong>papw,</strong></span> <span class='ocrx_word' id='word_1_242' title='bbox 1494 997 1551 1024; x_wconf 89' lang='lat' dir='ltr'><strong>quo</strong></span> <span class='ocrx_word' id='word_1_243' title='bbox 1565 989 1685 1017; x_wconf 88' lang='lat' dir='ltr'><strong>schisma</strong></span> <span class='ocrx_word' id='word_1_244' title='bbox 1699 988 1773 1017; x_wconf 88' lang='lat' dir='ltr'><strong>fovet</strong></span> 
     </span>
    </p>
   </div>
   <div class='ocr_carea' id='block_1_33' title="bbox 148 1029 1778 1074">
    <p class='ocr_par' dir='ltr' id='par_1_33' title="bbox 148 1029 1778 1074">
     <span class='ocr_line' id='line_1_33' title="bbox 148 1029 1778 1074; baseline 0.002 -15"><span class='ocrx_word' id='word_1_245' title='bbox 148 1037 177 1060; x_wconf 86' lang='lat' dir='ltr'><strong>et</strong></span> <span class='ocrx_word' id='word_1_246' title='bbox 190 1039 220 1059; x_wconf 87' lang='lat' dir='ltr'><strong>se</strong></span> <span class='ocrx_word' id='word_1_247' title='bbox 234 1030 340 1074; x_wconf 78' lang='lat' dir='ltr'><strong>Latinis</strong></span> <span class='ocrx_word' id='word_1_248' title='bbox 355 1029 563 1057; x_wconf 89' lang='lat' dir='ltr'><strong>infestissimum</strong></span> <span class='ocrx_word' id='word_1_249' title='bbox 581 1030 701 1063; x_wconf 77' lang='lat' dir='ltr'><strong>exhibet,</strong></span> <span class='ocrx_word' id='word_1_250' title='bbox 718 1030 833 1058; x_wconf 89' lang='lat' dir='ltr'><strong>candide</strong></span> <span class='ocrx_word' id='word_1_251' title='bbox 849 1030 953 1059; x_wconf 82' lang='lat' dir='ltr'><strong>fatetur</strong></span> <span class='ocrx_word' id='word_1_252' title='bbox 967 1030 1095 1060; x_wconf 87' lang='lat' dir='ltr'><strong>Photium</strong></span> <span class='ocrx_word' id='word_1_253' title='bbox 1111 1041 1145 1061; x_wconf 78' lang='lat' dir='ltr'><strong>ex</strong></span> <span class='ocrx_word' id='word_1_254' title='bbox 1160 1042 1235 1062; x_wconf 91' lang='lat' dir='ltr'><strong>mera</strong></span> <span class='ocrx_word' id='word_1_255' title='bbox 1252 1035 1403 1063; x_wconf 86' lang='lat' dir='ltr'><strong>ambitione</strong></span> <span class='ocrx_word' id='word_1_256' title='bbox 1428 1034 1578 1063; x_wconf 87' lang='lat' dir='ltr'><strong>Ecclesiam</strong></span> <span class='ocrx_word' id='word_1_257' title='bbox 1596 1036 1778 1063; x_wconf 84' lang='lat' dir='ltr'><strong>universalent</strong></span> 
     </span>
    </p>
   </div>
   <div class='ocr_carea' id='block_1_34' title="bbox 150 1074 800 1112">
    <p class='ocr_par' dir='ltr' id='par_1_34' title="bbox 150 1074 800 1112">
     <span class='ocr_line' id='line_1_34' title="bbox 150 1074 800 1112; baseline -0.002 -9"><span class='ocrx_word' id='word_1_258' title='bbox 150 1084 198 1112; x_wconf 89' lang='lat' dir='ltr'><strong>per</strong></span> <span class='ocrx_word' id='word_1_259' title='bbox 213 1075 312 1102; x_wconf 87' lang='lat' dir='ltr'><strong>multos</strong></span> <span class='ocrx_word' id='word_1_260' title='bbox 326 1082 413 1102; x_wconf 90' lang='lat' dir='ltr'><strong>annos</strong></span> <span class='ocrx_word' id='word_1_261' title='bbox 426 1074 600 1101; x_wconf 86' lang='lat' dir='ltr'><strong>vehementer</strong></span> <span class='ocrx_word' id='word_1_262' title='bbox 614 1074 800 1108; x_wconf 79' lang='lat' dir='ltr'><strong>perturhasse.</strong></span> 
     </span>
    </p>
   </div>
   <div class='ocr_carea' id='block_1_35' title="bbox 186 1117 1784 1156">
    <p class='ocr_par' dir='ltr' id='par_1_35' title="bbox 186 1117 1784 1156">
     <span class='ocr_line' id='line_1_35' title="bbox 186 1117 1784 1156; baseline 0.001 -9"><span class='ocrx_word' id='word_1_263' title='bbox 186 1119 263 1147; x_wconf 82' lang='lat' dir='ltr'><strong>Mitto</strong></span> <span class='ocrx_word' id='word_1_264' title='bbox 279 1123 391 1147; x_wconf 63' lang='lat' dir='ltr'><strong>ueteres</strong></span> <span class='ocrx_word' id='word_1_265' title='bbox 406 1119 552 1153; x_wconf 85' lang='lat' dir='ltr'><strong>scriptores</strong></span> <span class='ocrx_word' id='word_1_266' title='bbox 566 1118 695 1146; x_wconf 66' lang='lat' dir='ltr'><strong>Ecclesiae</strong></span> <span class='ocrx_word' id='word_1_267' title='bbox 715 1117 818 1147; x_wconf 64' lang='lat' dir='ltr'><strong>Creticae</strong></span> <span class='ocrx_word' id='word_1_268' title='bbox 839 1119 886 1155; x_wconf 89' lang='lat' dir='ltr'><strong>qui</strong></span> <span class='ocrx_word' id='word_1_269' title='bbox 907 1127 958 1155; x_wconf 89' lang='lat' dir='ltr'><strong>pro</strong></span> <span class='ocrx_word' id='word_1_270' title='bbox 974 1119 1077 1148; x_wconf 88' lang='lat' dir='ltr'><strong>unione</strong></span> <span class='ocrx_word' id='word_1_271' title='bbox 1090 1120 1285 1154; x_wconf 87' lang='lat' dir='ltr'><strong>Ecclesiarum,</strong></span> <span class='ocrx_word' id='word_1_272' title='bbox 1303 1126 1365 1156; x_wconf 90' lang='lat' dir='ltr'><strong>post</strong></span> <span class='ocrx_word' id='word_1_273' title='bbox 1382 1126 1478 1149; x_wconf 88' lang='lat' dir='ltr'><strong>natum</strong></span> <span class='ocrx_word' id='word_1_274' title='bbox 1495 1122 1640 1149; x_wconf 90' lang='lat' dir='ltr'><strong>dissidium</strong></span> <span class='ocrx_word' id='word_1_275' title='bbox 1658 1121 1784 1150; x_wconf 82' lang='lat' dir='ltr'><strong>laboran-</strong></span> 
     </span>
    </p>
   </div>
   <div class='ocr_carea' id='block_1_36' title="bbox 150 1162 1783 1200">
    <p class='ocr_par' dir='ltr' id='par_1_36' title="bbox 150 1162 1783 1200">
     <span class='ocr_line' id='line_1_36' title="bbox 150 1162 1783 1200; baseline 0.002 -10"><span class='ocrx_word' id='word_1_276' title='bbox 150 1163 336 1196; x_wconf 79' lang='lat' dir='ltr'><strong>tes,Photium</strong></span> <span class='ocrx_word' id='word_1_277' title='bbox 353 1162 438 1190; x_wconf 90' lang='lat' dir='ltr'><strong>veluti</strong></span> <span class='ocrx_word' id='word_1_278' title='bbox 453 1162 590 1189; x_wconf 88' lang='lat' dir='ltr'><strong>malorum</strong></span> <span class='ocrx_word' id='word_1_279' title='bbox 608 1162 732 1189; x_wconf 91' lang='lat' dir='ltr'><strong>omnium</strong></span> <span class='ocrx_word' id='word_1_280' title='bbox 746 1170 858 1191; x_wconf 86' lang='lat' dir='ltr'><strong>causam</strong></span> <span class='ocrx_word' id='word_1_281' title='bbox 875 1169 1024 1198; x_wconf 87' lang='lat' dir='ltr'><strong>accusant;</strong></span> <span class='ocrx_word' id='word_1_282' title='bbox 1038 1165 1124 1193; x_wconf 85' lang='lat' dir='ltr'><strong>solius</strong></span> <span class='ocrx_word' id='word_1_283' title='bbox 1139 1164 1232 1196; x_wconf 82' lang='lat' dir='ltr'><strong>Vecci,</strong></span> <span class='ocrx_word' id='word_1_284' title='bbox 1256 1166 1421 1200; x_wconf 67' lang='lat' dir='ltr'><strong>patriarcha:</strong></span> <span class='ocrx_word' id='word_1_285' title='bbox 1434 1165 1488 1193; x_wconf 75' lang='grc' dir='ltr'><strong>ΟΡ.</strong></span> <span class='ocrx_word' id='word_1_286' title='bbox 1508 1165 1598 1193; x_wconf 85' lang='lat' dir='ltr'><strong>medio</strong></span> <span class='ocrx_word' id='word_1_287' title='bbox 1614 1165 1715 1193; x_wconf 70' lang='lat' dir='ltr'><strong>saeculo</strong></span> <span class='ocrx_word' id='word_1_288' title='bbox 1737 1173 1783 1193; x_wconf 79' lang='lat' dir='ltr'><strong>xm</strong></span> 
     </span>
    </p>
   </div>
   <div class='ocr_carea' id='block_1_37' title="bbox 150 1205 1783 1245">
    <p class='ocr_par' dir='ltr' id='par_1_37' title="bbox 150 1205 1783 1245">
     <span class='ocr_line' id='line_1_37' title="bbox 150 1205 1783 1245; baseline 0.001 -10"><span class='ocrx_word' id='word_1_289' title='bbox 150 1207 314 1235; x_wconf 85' lang='lat' dir='ltr'><strong>sententiam</strong></span> <span class='ocrx_word' id='word_1_290' title='bbox 332 1205 478 1241; x_wconf 81' lang='lat' dir='ltr'><strong>proferant,</strong></span> <span class='ocrx_word' id='word_1_291' title='bbox 491 1206 538 1241; x_wconf 89' lang='lat' dir='ltr'><strong>qui</strong></span> <span class='ocrx_word' id='word_1_292' title='bbox 555 1206 656 1234; x_wconf 88' lang='lat' dir='ltr'><strong>asserit</strong></span> <span class='ocrx_word' id='word_1_293' title='bbox 669 1206 796 1234; x_wconf 90' lang='lat' dir='ltr'><strong>Photiqu</strong></span> <span class='ocrx_word' id='word_1_294' title='bbox 814 1207 933 1242; x_wconf 92' lang='lat' dir='ltr'><strong>primum</strong></span> <span class='ocrx_word' id='word_1_295' title='bbox 962 1208 990 1235; x_wconf 93' lang='lat' dir='ltr'><strong>in</strong></span> <span class='ocrx_word' id='word_1_296' title='bbox 1009 1209 1126 1236; x_wconf 85' lang='lat' dir='ltr'><strong>ecclesia</strong></span> <span class='ocrx_word' id='word_1_297' title='bbox 1147 1208 1281 1237; x_wconf 89' lang='lat' dir='ltr'><strong>Orientali</strong></span> <span class='ocrx_word' id='word_1_298' title='bbox 1297 1209 1423 1244; x_wconf 85' lang='lat' dir='ltr'><strong>posuisse</strong></span> <span class='ocrx_word' id='word_1_299' title='bbox 1439 1209 1605 1237; x_wconf 79' lang='lat' dir='ltr'><strong>fermentum</strong></span> <span class='ocrx_word' id='word_1_300' title='bbox 1623 1209 1783 1245; x_wconf 87' lang='lat' dir='ltr'><strong>pessimum,</strong></span> 
     </span>
    </p>
   </div>
   <div class='ocr_carea' id='block_1_38' title="bbox 149 1249 1347 1288">
    <p class='ocr_par' dir='ltr' id='par_1_38' title="bbox 149 1249 1347 1288">
     <span class='ocr_line' id='line_1_38' title="bbox 149 1249 1347 1288; baseline 0.002 -9"><span class='ocrx_word' id='word_1_301' title='bbox 149 1251 223 1288; x_wconf 89' lang='lat' dir='ltr'><strong>quod</strong></span> <span class='ocrx_word' id='word_1_302' title='bbox 244 1250 359 1278; x_wconf 81' lang='lat' dir='ltr'><strong>Michael</strong></span> <span class='ocrx_word' id='word_1_303' title='bbox 379 1249 545 1278; x_wconf 68' lang='lat' dir='ltr'><strong>Caerularins</strong></span> <span class='ocrx_word' id='word_1_304' title='bbox 561 1253 623 1285; x_wconf 89' lang='lat' dir='ltr'><strong>post</strong></span> <span class='ocrx_word' id='word_1_305' title='bbox 635 1254 745 1278; x_wconf 89' lang='lat' dir='ltr'><strong>centum</strong></span> <span class='ocrx_word' id='word_1_306' title='bbox 759 1253 786 1277; x_wconf 90' lang='lat' dir='ltr'><strong>et</strong></span> <span class='ocrx_word' id='word_1_307' title='bbox 811 1251 983 1287; x_wconf 75' lang='lat' dir='ltr'><strong>septuaginta</strong></span> <span class='ocrx_word' id='word_1_308' title='bbox 998 1260 1086 1280; x_wconf 88' lang='lat' dir='ltr'><strong>annos</strong></span> <span class='ocrx_word' id='word_1_309' title='bbox 1101 1253 1193 1281; x_wconf 90' lang='lat' dir='ltr'><strong>denuo</strong></span> <span class='ocrx_word' id='word_1_310' title='bbox 1208 1254 1347 1281; x_wconf 82' lang='lat' dir='ltr'><strong>excitavit.</strong></span> 
     </span>
    </p>
   </div>
   <div class='ocr_carea' id='block_1_39' title="bbox 665 1307 1258 1340">
    <p class='ocr_par' dir='ltr' id='par_1_39' title="bbox 665 1307 1258 1340">
     <span class='ocr_line' id='line_1_39' title="bbox 665 1307 1258 1340; baseline 0.01 -6"><span class='ocrx_word' id='word_1_311' title='bbox 665 1307 698 1335; x_wconf 88' lang='lat' dir='ltr'><strong>ll.</strong></span> <span class='ocrx_word' id='word_1_312' title='bbox 715 1322 751 1327; x_wconf 88' lang='lat'><em>—</em></span> <span class='ocrx_word' id='word_1_313' title='bbox 764 1308 803 1335; x_wconf 84' lang='lat' dir='ltr'><strong>De</strong></span> <span class='ocrx_word' id='word_1_314' title='bbox 819 1309 940 1336; x_wconf 83' lang='lat' dir='ltr'><strong>doctrina</strong></span> <span class='ocrx_word' id='word_1_315' title='bbox 955 1315 981 1338; x_wconf 79' lang='lat' dir='ltr'><strong>et</strong></span> <span class='ocrx_word' id='word_1_316' title='bbox 994 1312 1142 1340; x_wconf 80' lang='lat' dir='ltr'><strong>eruditione</strong></span> <span class='ocrx_word' id='word_1_317' title='bbox 1158 1312 1258 1340; x_wconf 72' lang='lat' dir='ltr'><strong>Pharii.</strong></span> 
     </span>
    </p>
   </div>
   <div class='ocr_carea' id='block_1_40' title="bbox 186 1353 1785 1392">
    <p class='ocr_par' dir='ltr' id='par_1_40' title="bbox 186 1353 1785 1392">
     <span class='ocr_line' id='line_1_40' title="bbox 186 1353 1785 1392; baseline 0.001 -10"><span class='ocrx_word' id='word_1_318' title='bbox 186 1354 250 1382; x_wconf 76' lang='lat' dir='ltr'><strong>llaec</strong></span> <span class='ocrx_word' id='word_1_319' title='bbox 264 1354 298 1382; x_wconf 88' lang='lat' dir='ltr'><strong>de</strong></span> <span class='ocrx_word' id='word_1_320' title='bbox 313 1353 412 1381; x_wconf 86' lang='lat' dir='ltr'><strong>Photio</strong></span> <span class='ocrx_word' id='word_1_321' title='bbox 427 1353 542 1381; x_wconf 89' lang='lat' dir='ltr'><strong>dicenda</strong></span> <span class='ocrx_word' id='word_1_322' title='bbox 553 1357 643 1385; x_wconf 85' lang='lat' dir='ltr'><strong>erant,</strong></span> <span class='ocrx_word' id='word_1_323' title='bbox 658 1360 692 1380; x_wconf 89' lang='lat' dir='ltr'><strong>ne</strong></span> <span class='ocrx_word' id='word_1_324' title='bbox 705 1353 748 1380; x_wconf 88' lang='lat' dir='ltr'><strong>vir</strong></span> <span class='ocrx_word' id='word_1_325' title='bbox 760 1354 840 1388; x_wconf 87' lang='lat' dir='ltr'><strong>cujus</strong></span> <span class='ocrx_word' id='word_1_326' title='bbox 856 1355 959 1389; x_wconf 84' lang='lat' dir='ltr'><strong>scripta</strong></span> <span class='ocrx_word' id='word_1_327' title='bbox 971 1355 1028 1390; x_wconf 86' lang='lat' dir='ltr'><strong>jam</strong></span> <span class='ocrx_word' id='word_1_328' title='bbox 1045 1357 1207 1391; x_wconf 73' lang='lat' dir='ltr'><strong>collegimus</strong></span> <span class='ocrx_word' id='word_1_329' title='bbox 1227 1364 1241 1384; x_wconf 89' lang='lat' dir='ltr'><strong>a</strong></span> <span class='ocrx_word' id='word_1_330' title='bbox 1256 1357 1336 1384; x_wconf 88' lang='lat' dir='ltr'><strong>nobis</strong></span> <span class='ocrx_word' id='word_1_331' title='bbox 1353 1361 1451 1392; x_wconf 64' lang='lat' dir='ltr'><strong>pratter</strong></span> <span class='ocrx_word' id='word_1_332' title='bbox 1467 1357 1596 1384; x_wconf 90' lang='lat' dir='ltr'><strong>meritum</strong></span> <span class='ocrx_word' id='word_1_333' title='bbox 1619 1360 1667 1384; x_wconf 86' lang='lat' dir='ltr'><strong>aut</strong></span> <span class='ocrx_word' id='word_1_334' title='bbox 1683 1357 1785 1392; x_wconf 86' lang='lat' dir='ltr'><strong>vitupe-</strong></span> 
     </span>
    </p>
   </div>
   <div class='ocr_carea' id='block_1_41' title="bbox 150 1396 1787 1435">
    <p class='ocr_par' dir='ltr' id='par_1_41' title="bbox 150 1396 1787 1435">
     <span class='ocr_line' id='line_1_41' title="bbox 150 1396 1787 1435; baseline -0.001 -8"><span class='ocrx_word' id='word_1_335' title='bbox 150 1400 205 1428; x_wconf 88' lang='lat' dir='ltr'><strong>rari</strong></span> <span class='ocrx_word' id='word_1_336' title='bbox 227 1403 275 1426; x_wconf 88' lang='lat' dir='ltr'><strong>aut</strong></span> <span class='ocrx_word' id='word_1_337' title='bbox 291 1397 398 1426; x_wconf 87' lang='lat' dir='ltr'><strong>laudari</strong></span> <span class='ocrx_word' id='word_1_338' title='bbox 418 1397 568 1425; x_wconf 83' lang='lat' dir='ltr'><strong>videretur.</strong></span> <span class='ocrx_word' id='word_1_339' title='bbox 586 1396 681 1424; x_wconf 84' lang='lat' dir='ltr'><strong>Fuerit</strong></span> <span class='ocrx_word' id='word_1_340' title='bbox 693 1397 787 1432; x_wconf 89' lang='lat' dir='ltr'><strong>utique</strong></span> <span class='ocrx_word' id='word_1_341' title='bbox 803 1398 930 1431; x_wconf 85' lang='lat' dir='ltr'><strong>callidus,</strong></span> <span class='ocrx_word' id='word_1_342' title='bbox 948 1399 1099 1435; x_wconf 89' lang='lat' dir='ltr'><strong>hypocrita,</strong></span> <span class='ocrx_word' id='word_1_343' title='bbox 1117 1400 1292 1431; x_wconf 85' lang='lat' dir='ltr'><strong>ambitiosus.</strong></span> <span class='ocrx_word' id='word_1_344' title='bbox 1311 1399 1450 1432; x_wconf 82' lang='lat' dir='ltr'><strong>falsarios,</strong></span> <span class='ocrx_word' id='word_1_345' title='bbox 1471 1400 1675 1433; x_wconf 85' lang='lat' dir='ltr'><strong>schismaticus,</strong></span> <span class='ocrx_word' id='word_1_346' title='bbox 1692 1404 1787 1435; x_wconf 85' lang='lat' dir='ltr'><strong>tyran-</strong></span> 
     </span>
    </p>
   </div>
   <div class='ocr_carea' id='block_1_42' title="bbox 151 1439 1788 1479">
    <p class='ocr_par' dir='ltr' id='par_1_42' title="bbox 151 1439 1788 1479">
     <span class='ocr_line' id='line_1_42' title="bbox 151 1439 1788 1479; baseline 0.001 -9"><span class='ocrx_word' id='word_1_347' title='bbox 151 1451 215 1476; x_wconf 87' lang='lat' dir='ltr'><strong>nus,</strong></span> <span class='ocrx_word' id='word_1_348' title='bbox 231 1447 351 1470; x_wconf 85' lang='lat' dir='ltr'><strong>attamen</strong></span> <span class='ocrx_word' id='word_1_349' title='bbox 369 1441 481 1477; x_wconf 80' lang='lat' dir='ltr'><strong>ingenio</strong></span> <span class='ocrx_word' id='word_1_350' title='bbox 495 1445 524 1468; x_wconf 90' lang='lat' dir='ltr'><strong>et</strong></span> <span class='ocrx_word' id='word_1_351' title='bbox 542 1441 700 1468; x_wconf 87' lang='lat' dir='ltr'><strong>eruditione</strong></span> <span class='ocrx_word' id='word_1_352' title='bbox 714 1449 769 1468; x_wconf 92' lang='lat' dir='ltr'><strong>non</strong></span> <span class='ocrx_word' id='word_1_353' title='bbox 783 1442 884 1473; x_wconf 82' lang='lat' dir='ltr'><strong>caruit.</strong></span> <span class='ocrx_word' id='word_1_354' title='bbox 905 1449 938 1469; x_wconf 89' lang='lat' dir='ltr'><strong>ac</strong></span> <span class='ocrx_word' id='word_1_355' title='bbox 955 1449 1098 1479; x_wconf 86' lang='lat' dir='ltr'><strong>propterea</strong></span> <span class='ocrx_word' id='word_1_356' title='bbox 1110 1452 1125 1472; x_wconf 91' lang='lat' dir='ltr'><strong>e</strong></span> <span class='ocrx_word' id='word_1_357' title='bbox 1141 1444 1227 1471; x_wconf 91' lang='lat' dir='ltr'><strong>cltoro</strong></span> <span class='ocrx_word' id='word_1_358' title='bbox 1239 1444 1404 1479; x_wconf 87' lang='lat' dir='ltr'><strong>scriptorum</strong></span> <span class='ocrx_word' id='word_1_359' title='bbox 1421 1444 1468 1479; x_wconf 93' lang='lat' dir='ltr'><strong>qui</strong></span> <span class='ocrx_word' id='word_1_360' title='bbox 1490 1439 1570 1471; x_wconf 87' lang='lat' dir='ltr'><strong>iibris</strong></span> <span class='ocrx_word' id='word_1_361' title='bbox 1587 1443 1645 1471; x_wconf 82' lang='lat' dir='ltr'><strong>suis</strong></span> <span class='ocrx_word' id='word_1_362' title='bbox 1659 1443 1788 1471; x_wconf 59' lang='lat' dir='ltr'><strong>Ecclesia</strong></span> 
     </span>
    </p>
   </div>
   <div class='ocr_carea' id='block_1_43' title="bbox 150 1485 1787 1524">
    <p class='ocr_par' dir='ltr' id='par_1_43' title="bbox 150 1485 1787 1524">
     <span class='ocr_line' id='line_1_43' title="bbox 150 1485 1787 1524; baseline -0.001 -9"><span class='ocrx_word' id='word_1_363' title='bbox 150 1488 317 1524; x_wconf 86' lang='lat' dir='ltr'><strong>profuerunt</strong></span> <span class='ocrx_word' id='word_1_364' title='bbox 337 1495 392 1514; x_wconf 89' lang='lat' dir='ltr'><strong>tton</strong></span> <span class='ocrx_word' id='word_1_365' title='bbox 409 1487 522 1514; x_wconf 86' lang='lat' dir='ltr'><strong>omnino</strong></span> <span class='ocrx_word' id='word_1_366' title='bbox 537 1485 689 1521; x_wconf 86' lang='lat' dir='ltr'><strong>ejiciendus</strong></span> <span class='ocrx_word' id='word_1_367' title='bbox 704 1491 757 1514; x_wconf 85' lang='lat' dir='ltr'><strong>est.</strong></span> <span class='ocrx_word' id='word_1_368' title='bbox 778 1486 881 1514; x_wconf 69' lang='lat' dir='ltr'><strong>Praeter</strong></span> <span class='ocrx_word' id='word_1_369' title='bbox 902 1487 1044 1522; x_wconf 87' lang='lat' dir='ltr'><strong>epistolam</strong></span> <span class='ocrx_word' id='word_1_370' title='bbox 1060 1492 1087 1514; x_wconf 85' lang='lat' dir='ltr'><strong>et</strong></span> <span class='ocrx_word' id='word_1_371' title='bbox 1102 1487 1201 1514; x_wconf 89' lang='lat' dir='ltr'><strong>librum</strong></span> <span class='ocrx_word' id='word_1_372' title='bbox 1217 1495 1288 1522; x_wconf 88' lang='lat' dir='ltr'><strong>quos</strong></span> <span class='ocrx_word' id='word_1_373' title='bbox 1303 1487 1338 1514; x_wconf 86' lang='lat' dir='ltr'><strong>ad</strong></span> <span class='ocrx_word' id='word_1_374' title='bbox 1351 1487 1566 1522; x_wconf 80' lang='lat' dir='ltr'><strong>impugnandam</strong></span> <span class='ocrx_word' id='word_1_375' title='bbox 1583 1487 1787 1522; x_wconf 87' lang='lat' dir='ltr'><strong>processiouetn</strong></span> 
     </span>
    </p>
   </div>
   <div class='ocr_carea' id='block_1_44' title="bbox 150 1529 1788 1568">
    <p class='ocr_par' dir='ltr' id='par_1_44' title="bbox 150 1529 1788 1568">
     <span class='ocr_line' id='line_1_44' title="bbox 150 1529 1788 1568; baseline -0.002 -8"><span class='ocrx_word' id='word_1_376' title='bbox 150 1532 274 1568; x_wconf 88' lang='lat' dir='ltr'><strong>Spiritus</strong></span> <span class='ocrx_word' id='word_1_377' title='bbox 290 1531 378 1559; x_wconf 89' lang='lat' dir='ltr'><strong>sancti</strong></span> <span class='ocrx_word' id='word_1_378' title='bbox 392 1531 475 1558; x_wconf 90' lang='lat' dir='ltr'><strong>etiam</strong></span> <span class='ocrx_word' id='word_1_379' title='bbox 489 1538 503 1558; x_wconf 92' lang='lat' dir='ltr'><strong>a</strong></span> <span class='ocrx_word' id='word_1_380' title='bbox 520 1529 592 1557; x_wconf 86' lang='lat' dir='ltr'><strong>Filio</strong></span> <span class='ocrx_word' id='word_1_381' title='bbox 605 1529 738 1564; x_wconf 79' lang='lat' dir='ltr'><strong>exaravit,</strong></span> <span class='ocrx_word' id='word_1_382' title='bbox 750 1534 777 1558; x_wconf 91' lang='lat' dir='ltr'><strong>et</strong></span> <span class='ocrx_word' id='word_1_383' title='bbox 792 1534 854 1558; x_wconf 88' lang='lat' dir='ltr'><strong>acta</strong></span> <span class='ocrx_word' id='word_1_384' title='bbox 869 1531 1096 1565; x_wconf 84' lang='lat' dir='ltr'><strong>pseudo-concilii</strong></span> <span class='ocrx_word' id='word_1_385' title='bbox 1111 1531 1153 1559; x_wconf 89' lang='lat' dir='ltr'><strong>sui</strong></span> <span class='ocrx_word' id='word_1_386' title='bbox 1168 1538 1231 1558; x_wconf 91' lang='lat' dir='ltr'><strong>cunt</strong></span> <span class='ocrx_word' id='word_1_387' title='bbox 1245 1531 1419 1558; x_wconf 82' lang='lat' dir='ltr'><strong>documentis</strong></span> <span class='ocrx_word' id='word_1_388' title='bbox 1428 1530 1542 1557; x_wconf 77' lang='lat' dir='ltr'><strong>adnexis</strong></span> <span class='ocrx_word' id='word_1_389' title='bbox 1555 1537 1617 1564; x_wconf 81' lang='lat' dir='ltr'><strong>quae</strong></span> <span class='ocrx_word' id='word_1_390' title='bbox 1628 1537 1661 1557; x_wconf 82' lang='lat' dir='ltr'><strong>ex</strong></span> <span class='ocrx_word' id='word_1_391' title='bbox 1674 1529 1788 1556; x_wconf 87' lang='lat' dir='ltr'><strong>arbitrio</strong></span> 
     </span>
    </p>
   </div>
   <div class='ocr_carea' id='block_1_45' title="bbox 149 1573 1788 1610">
    <p class='ocr_par' dir='ltr' id='par_1_45' title="bbox 149 1573 1788 1610">
     <span class='ocr_line' id='line_1_45' title="bbox 149 1573 1788 1610; baseline -0.002 -6"><span class='ocrx_word' id='word_1_392' title='bbox 149 1581 178 1604; x_wconf 87' lang='lat' dir='ltr'><strong>et</strong></span> <span class='ocrx_word' id='word_1_393' title='bbox 193 1577 263 1604; x_wconf 87' lang='lat' dir='ltr'><strong>satis</strong></span> <span class='ocrx_word' id='word_1_394' title='bbox 279 1575 405 1610; x_wconf 86' lang='lat' dir='ltr'><strong>imperite</strong></span> <span class='ocrx_word' id='word_1_395' title='bbox 422 1576 511 1607; x_wconf 84' lang='lat' dir='ltr'><strong>tinxit,</strong></span> <span class='ocrx_word' id='word_1_396' title='bbox 526 1574 596 1602; x_wconf 91' lang='lat' dir='ltr'><strong>ttihil</strong></span> <span class='ocrx_word' id='word_1_397' title='bbox 609 1574 667 1602; x_wconf 89' lang='lat' dir='ltr'><strong>fere</strong></span> <span class='ocrx_word' id='word_1_398' title='bbox 681 1575 708 1602; x_wconf 94' lang='lat' dir='ltr'><strong>in</strong></span> <span class='ocrx_word' id='word_1_399' title='bbox 727 1582 840 1602; x_wconf 89' lang='lat' dir='ltr'><strong>causam</strong></span> <span class='ocrx_word' id='word_1_400' title='bbox 853 1575 1010 1603; x_wconf 88' lang='lat' dir='ltr'><strong>schismatis</strong></span> <span class='ocrx_word' id='word_1_401' title='bbox 1027 1575 1157 1610; x_wconf 87' lang='lat' dir='ltr'><strong>scripsit;</strong></span> <span class='ocrx_word' id='word_1_402' title='bbox 1177 1580 1205 1602; x_wconf 88' lang='lat' dir='ltr'><strong>et</strong></span> <span class='ocrx_word' id='word_1_403' title='bbox 1221 1575 1323 1610; x_wconf 88' lang='lat' dir='ltr'><strong>scripta</strong></span> <span class='ocrx_word' id='word_1_404' title='bbox 1344 1574 1405 1609; x_wconf 88' lang='lat' dir='ltr'><strong>ejus</strong></span> <span class='ocrx_word' id='word_1_405' title='bbox 1420 1574 1511 1607; x_wconf 89' lang='lat' dir='ltr'><strong>hodie,</strong></span> <span class='ocrx_word' id='word_1_406' title='bbox 1528 1578 1558 1601; x_wconf 94' lang='lat' dir='ltr'><strong>ut</strong></span> <span class='ocrx_word' id='word_1_407' title='bbox 1576 1573 1656 1601; x_wconf 90' lang='lat' dir='ltr'><strong>nobis</strong></span> <span class='ocrx_word' id='word_1_408' title='bbox 1671 1573 1788 1606; x_wconf 72' lang='lat' dir='ltr'><strong>videtur,</strong></span> 
     </span>
    </p>
   </div>
   <div class='ocr_carea' id='block_1_46' title="bbox 150 1617 1788 1655">
    <p class='ocr_par' dir='ltr' id='par_1_46' title="bbox 150 1617 1788 1655">
     <span class='ocr_line' id='line_1_46' title="bbox 150 1617 1788 1655; baseline -0.002 -7"><span class='ocrx_word' id='word_1_409' title='bbox 150 1628 239 1655; x_wconf 87' lang='lat' dir='ltr'><strong>neque</strong></span> <span class='ocrx_word' id='word_1_410' title='bbox 253 1619 373 1652; x_wconf 84' lang='lat' dir='ltr'><strong>veritati,</strong></span> <span class='ocrx_word' id='word_1_411' title='bbox 391 1626 481 1654; x_wconf 88' lang='lat' dir='ltr'><strong>neque</strong></span> <span class='ocrx_word' id='word_1_412' title='bbox 502 1618 562 1653; x_wconf 84' lang='lat' dir='ltr'><strong>paci</strong></span> <span class='ocrx_word' id='word_1_413' title='bbox 581 1617 709 1646; x_wconf 67' lang='lat' dir='ltr'><strong>Ecclesia:</strong></span> <span class='ocrx_word' id='word_1_414' title='bbox 722 1619 778 1647; x_wconf 90' lang='lat' dir='ltr'><strong>ulla</strong></span> <span class='ocrx_word' id='word_1_415' title='bbox 793 1620 900 1646; x_wconf 89' lang='lat' dir='ltr'><strong>ratione</strong></span> <span class='ocrx_word' id='word_1_416' title='bbox 912 1619 1010 1647; x_wconf 89' lang='lat' dir='ltr'><strong>obesse</strong></span> <span class='ocrx_word' id='word_1_417' title='bbox 1026 1623 1152 1654; x_wconf 86' lang='lat' dir='ltr'><strong>possunt,</strong></span> <span class='ocrx_word' id='word_1_418' title='bbox 1174 1619 1240 1646; x_wconf 91' lang='lat' dir='ltr'><strong>dum</strong></span> <span class='ocrx_word' id='word_1_419' title='bbox 1258 1625 1273 1646; x_wconf 88' lang='lat' dir='ltr'><strong>e</strong></span> <span class='ocrx_word' id='word_1_420' title='bbox 1287 1623 1382 1646; x_wconf 87' lang='lat' dir='ltr'><strong>contra</strong></span> <span class='ocrx_word' id='word_1_421' title='bbox 1400 1617 1434 1645; x_wconf 90' lang='lat' dir='ltr'><strong>ad</strong></span> <span class='ocrx_word' id='word_1_422' title='bbox 1452 1618 1595 1645; x_wconf 88' lang='lat' dir='ltr'><strong>historiam</strong></span> <span class='ocrx_word' id='word_1_423' title='bbox 1609 1617 1745 1652; x_wconf 85' lang='lat' dir='ltr'><strong>dogmatis</strong></span> <span class='ocrx_word' id='word_1_424' title='bbox 1760 1623 1788 1644; x_wconf 87' lang='lat' dir='ltr'><strong>et</strong></span> 
     </span>
    </p>
   </div>
   <div class='ocr_carea' id='block_1_47' title="bbox 149 1660 1789 1697">
    <p class='ocr_par' dir='ltr' id='par_1_47' title="bbox 149 1660 1789 1697">
     <span class='ocr_line' id='line_1_47' title="bbox 149 1660 1789 1697; baseline -0.003 -5"><span class='ocrx_word' id='word_1_425' title='bbox 149 1663 355 1692; x_wconf 86' lang='lat' dir='ltr'><strong>vicissitudines</strong></span> <span class='ocrx_word' id='word_1_426' title='bbox 377 1661 535 1689; x_wconf 85' lang='lat' dir='ltr'><strong>schismatis</strong></span> <span class='ocrx_word' id='word_1_427' title='bbox 551 1662 728 1690; x_wconf 85' lang='lat' dir='ltr'><strong>delineandas</strong></span> <span class='ocrx_word' id='word_1_428' title='bbox 747 1662 817 1690; x_wconf 89' lang='lat' dir='ltr'><strong>ntire</strong></span> <span class='ocrx_word' id='word_1_429' title='bbox 840 1663 1004 1690; x_wconf 88' lang='lat' dir='ltr'><strong>inserviunt.</strong></span> <span class='ocrx_word' id='word_1_430' title='bbox 1024 1662 1087 1689; x_wconf 87' lang='lat' dir='ltr'><strong>Ideo</strong></span> <span class='ocrx_word' id='word_1_431' title='bbox 1106 1669 1172 1689; x_wconf 87' lang='lat' dir='ltr'><strong>sane</strong></span> <span class='ocrx_word' id='word_1_432' title='bbox 1184 1665 1245 1689; x_wconf 86' lang='lat' dir='ltr'><strong>acta</strong></span> <span class='ocrx_word' id='word_1_433' title='bbox 1265 1660 1480 1697; x_wconf 84' lang='lat' dir='ltr'><strong>pseudo-synodi</strong></span> <span class='ocrx_word' id='word_1_434' title='bbox 1501 1660 1641 1688; x_wconf 76' lang='lat' dir='ltr'><strong>Photianae</strong></span> <span class='ocrx_word' id='word_1_435' title='bbox 1666 1668 1728 1696; x_wconf 86' lang='lat' dir='ltr'><strong>quae</strong></span> <span class='ocrx_word' id='word_1_436' title='bbox 1755 1660 1789 1687; x_wconf 86' lang='lat' dir='ltr'><strong>ad</strong></span> 
     </span>
    </p>
   </div>
   <div class='ocr_carea' id='block_1_48' title="bbox 150 1705 1789 1742">
    <p class='ocr_par' dir='ltr' id='par_1_48' title="bbox 150 1705 1789 1742">
     <span class='ocr_line' id='line_1_48' title="bbox 150 1705 1789 1742; baseline -0.002 -7"><span class='ocrx_word' id='word_1_437' title='bbox 150 1715 253 1735; x_wconf 88' lang='lat' dir='ltr'><strong>annum</strong></span> <span class='ocrx_word' id='word_1_438' title='bbox 267 1706 319 1734; x_wconf 86' lang='lat'><strong>877</strong></span> <span class='ocrx_word' id='word_1_439' title='bbox 334 1705 462 1738; x_wconf 89' lang='lat' dir='ltr'><strong>refertur,</strong></span> <span class='ocrx_word' id='word_1_440' title='bbox 479 1706 599 1740; x_wconf 88' lang='lat' dir='ltr'><strong>primutn</strong></span> <span class='ocrx_word' id='word_1_441' title='bbox 615 1706 721 1742; x_wconf 73' lang='lat' dir='ltr'><strong>integra</strong></span> <span class='ocrx_word' id='word_1_442' title='bbox 736 1706 808 1734; x_wconf 83' lang='lat' dir='ltr'><strong>edita</strong></span> <span class='ocrx_word' id='word_1_443' title='bbox 820 1710 885 1734; x_wconf 92' lang='lat' dir='ltr'><strong>sunt</strong></span> <span class='ocrx_word' id='word_1_444' title='bbox 896 1714 911 1734; x_wconf 92' lang='lat' dir='ltr'><strong>a</strong></span> <span class='ocrx_word' id='word_1_445' title='bbox 927 1705 961 1734; x_wconf 74' lang='lat' dir='ltr'><strong>lt.</strong></span> <span class='ocrx_word' id='word_1_446' title='bbox 977 1706 1007 1733; x_wconf 83' lang='grc' dir='ltr'><strong>Ρ.</strong></span> <span class='ocrx_word' id='word_1_447' title='bbox 1023 1705 1163 1733; x_wconf 81' lang='lat' dir='ltr'><strong>liarduino</strong></span> <span class='ocrx_word' id='word_1_448' title='bbox 1177 1705 1317 1733; x_wconf 84' lang='lat' dir='ltr'><strong>societatis</strong></span> <span class='ocrx_word' id='word_1_449' title='bbox 1326 1705 1392 1733; x_wconf 85' lang='lat' dir='ltr'><strong>.lesu</strong></span> <span class='ocrx_word' id='word_1_450' title='bbox 1411 1705 1586 1741; x_wconf 86' lang='lat' dir='ltr'><strong>presbytero,</strong></span> <span class='ocrx_word' id='word_1_451' title='bbox 1598 1712 1660 1733; x_wconf 92' lang='lat' dir='ltr'><strong>cum</strong></span> <span class='ocrx_word' id='word_1_452' title='bbox 1673 1711 1789 1732; x_wconf 82' lang='lat' dir='ltr'><strong>assensu</strong></span> 
     </span>
    </p>
   </div>
   <div class='ocr_carea' id='block_1_49' title="bbox 149 1749 689 1784">
    <p class='ocr_par' dir='ltr' id='par_1_49' title="bbox 149 1749 689 1784">
     <span class='ocr_line' id='line_1_49' title="bbox 149 1749 689 1784; baseline -0.006 -5"><span class='ocrx_word' id='word_1_453' title='bbox 149 1750 301 1780; x_wconf 84' lang='lat' dir='ltr'><strong>Clementis</strong></span> <span class='ocrx_word' id='word_1_454' title='bbox 319 1749 356 1777; x_wconf 81' lang='lat' dir='ltr'><strong>XI</strong></span> <span class='ocrx_word' id='word_1_455' title='bbox 367 1749 469 1777; x_wconf 88' lang='lat' dir='ltr'><strong>summi</strong></span> <span class='ocrx_word' id='word_1_456' title='bbox 485 1749 624 1783; x_wconf 87' lang='lat' dir='ltr'><strong>p0utilicis</strong></span> <span class='ocrx_word' id='word_1_457' title='bbox 638 1749 689 1784; x_wconf 75' lang='grc' dir='ltr'><strong>(Δ).</strong></span> 
     </span>
    </p>
   </div>
   <div class='ocr_carea' id='block_1_50' title="bbox 186 1793 1790 1831">
    <p class='ocr_par' dir='ltr' id='par_1_50' title="bbox 186 1793 1790 1831">
     <span class='ocr_line' id='line_1_50' title="bbox 186 1793 1790 1831; baseline -0.003 -7"><span class='ocrx_word' id='word_1_458' title='bbox 186 1796 247 1824; x_wconf 81' lang='lat' dir='ltr'><strong>Non</strong></span> <span class='ocrx_word' id='word_1_459' title='bbox 264 1800 307 1824; x_wconf 85' lang='lat' dir='ltr'><strong>est</strong></span> <span class='ocrx_word' id='word_1_460' title='bbox 320 1795 405 1830; x_wconf 76' lang='lat' dir='ltr'><strong>igitur</strong></span> <span class='ocrx_word' id='word_1_461' title='bbox 425 1802 476 1823; x_wconf 87' lang='lat' dir='ltr'><strong>cur</strong></span> <span class='ocrx_word' id='word_1_462' title='bbox 490 1795 554 1830; x_wconf 88' lang='lat' dir='ltr'><strong>quis</strong></span> <span class='ocrx_word' id='word_1_463' title='bbox 569 1794 698 1823; x_wconf 85' lang='lat' dir='ltr'><strong>formidet</strong></span> <span class='ocrx_word' id='word_1_464' title='bbox 717 1802 753 1823; x_wconf 91' lang='lat' dir='ltr'><strong>ne</strong></span> <span class='ocrx_word' id='word_1_465' title='bbox 773 1802 856 1831; x_wconf 81' lang='lat' dir='ltr'><strong>opera</strong></span> <span class='ocrx_word' id='word_1_466' title='bbox 874 1794 964 1822; x_wconf 87' lang='lat' dir='ltr'><strong>Photii</strong></span> <span class='ocrx_word' id='word_1_467' title='bbox 985 1799 1033 1822; x_wconf 88' lang='lat' dir='ltr'><strong>aut</strong></span> <span class='ocrx_word' id='word_1_468' title='bbox 1051 1794 1160 1823; x_wconf 89' lang='lat' dir='ltr'><strong>veritati</strong></span> <span class='ocrx_word' id='word_1_469' title='bbox 1176 1795 1319 1823; x_wconf 61' lang='lat' dir='ltr'><strong>catholicae</strong></span> <span class='ocrx_word' id='word_1_470' title='bbox 1334 1795 1438 1829; x_wconf 88' lang='lat' dir='ltr'><strong>obsint,</strong></span> <span class='ocrx_word' id='word_1_471' title='bbox 1453 1798 1501 1822; x_wconf 89' lang='lat' dir='ltr'><strong>aut</strong></span> <span class='ocrx_word' id='word_1_472' title='bbox 1520 1801 1612 1822; x_wconf 64' lang='lat' dir='ltr'><strong>causa:</strong></span> <span class='ocrx_word' id='word_1_473' title='bbox 1631 1793 1790 1821; x_wconf 84' lang='lat' dir='ltr'><strong>scltismatis</strong></span> 
     </span>
    </p>
   </div>
   <div class='ocr_carea' id='block_1_51' title="bbox 151 1840 1648 1876">
    <p class='ocr_par' dir='ltr' id='par_1_51' title="bbox 151 1840 1648 1876">
     <span class='ocr_line' id='line_1_51' title="bbox 151 1840 1648 1876; baseline -0.005 -8"><span class='ocrx_word' id='word_1_474' title='bbox 151 1841 284 1876; x_wconf 85' lang='lat' dir='ltr'><strong>prodesse</strong></span> <span class='ocrx_word' id='word_1_475' title='bbox 299 1840 416 1876; x_wconf 81' lang='lat' dir='ltr'><strong>possint.</strong></span> <span class='ocrx_word' id='word_1_476' title='bbox 1644 1849 1648 1850; x_wconf 54' lang='grc' dir='ltr'><em>ν</em></span> 
     </span>
    </p>
   </div>
   <div class='ocr_carea' id='block_1_52' title="bbox 187 1879 1791 1918">
    <p class='ocr_par' dir='ltr' id='par_1_52' title="bbox 187 1879 1791 1918">
     <span class='ocr_line' id='line_1_52' title="bbox 187 1879 1791 1918; baseline -0.004 -6"><span class='ocrx_word' id='word_1_477' title='bbox 187 1884 298 1918; x_wconf 62' lang='lat' dir='ltr'><strong>Quaeret</strong></span> <span class='ocrx_word' id='word_1_478' title='bbox 307 1884 370 1918; x_wconf 91' lang='lat' dir='ltr'><strong>quis</strong></span> <span class='ocrx_word' id='word_1_479' title='bbox 381 1883 499 1911; x_wconf 84' lang='lat' dir='ltr'><strong>fortasse</strong></span> <span class='ocrx_word' id='word_1_480' title='bbox 513 1882 653 1918; x_wconf 89' lang='lat' dir='ltr'><strong>quomodo</strong></span> <span class='ocrx_word' id='word_1_481' title='bbox 680 1881 872 1910; x_wconf 77' lang='lat' dir='ltr'><strong>orthodoxiam</strong></span> <span class='ocrx_word' id='word_1_482' title='bbox 895 1881 995 1914; x_wconf 82' lang='lat' dir='ltr'><strong>Photii,</strong></span> <span class='ocrx_word' id='word_1_483' title='bbox 1016 1882 1044 1909; x_wconf 93' lang='lat' dir='ltr'><strong>in</strong></span> <span class='ocrx_word' id='word_1_484' title='bbox 1065 1882 1178 1917; x_wconf 88' lang='lat' dir='ltr'><strong>scriptis</strong></span> <span class='ocrx_word' id='word_1_485' title='bbox 1198 1890 1260 1917; x_wconf 67' lang='lat' dir='ltr'><strong>qua:</strong></span> <span class='ocrx_word' id='word_1_486' title='bbox 1291 1882 1325 1910; x_wconf 88' lang='lat' dir='ltr'><strong>ad</strong></span> <span class='ocrx_word' id='word_1_487' title='bbox 1341 1882 1461 1910; x_wconf 85' lang='lat' dir='ltr'><strong>schisma</strong></span> <span class='ocrx_word' id='word_1_488' title='bbox 1470 1879 1791 1916; x_wconf 87' lang='lat' dir='ltr'><strong>nonpertinent,anohis</strong></span> 
     </span>
    </p>
   </div>
   <div class='ocr_carea' id='block_1_53' title="bbox 151 1924 1791 1962">
    <p class='ocr_par' dir='ltr' id='par_1_53' title="bbox 151 1924 1791 1962">
     <span class='ocr_line' id='line_1_53' title="bbox 151 1924 1791 1962; baseline -0.004 -6"><span class='ocrx_word' id='word_1_489' title='bbox 151 1933 297 1960; x_wconf 84' lang='lat' dir='ltr'><strong>assertam,</strong></span> <span class='ocrx_word' id='word_1_490' title='bbox 313 1927 492 1955; x_wconf 89' lang='lat' dir='ltr'><strong>conciliemus</strong></span> <span class='ocrx_word' id='word_1_491' title='bbox 509 1934 572 1954; x_wconf 88' lang='lat' dir='ltr'><strong>cunt</strong></span> <span class='ocrx_word' id='word_1_492' title='bbox 589 1926 841 1959; x_wconf 85' lang='lat' dir='ltr'><strong>actisconciliivttt,</strong></span> <span class='ocrx_word' id='word_1_493' title='bbox 857 1927 928 1961; x_wconf 89' lang='lat' dir='ltr'><strong>quod</strong></span> <span class='ocrx_word' id='word_1_494' title='bbox 940 1926 967 1953; x_wconf 90' lang='lat' dir='ltr'><strong>in</strong></span> <span class='ocrx_word' id='word_1_495' title='bbox 978 1925 1105 1954; x_wconf 84' lang='lat' dir='ltr'><strong>Photium</strong></span> <span class='ocrx_word' id='word_1_496' title='bbox 1125 1926 1635 1962; x_wconf 72' lang='lat' dir='ltr'><strong>perveraorumdogmatuminreutorem</strong></span> <span class='ocrx_word' id='word_1_497' title='bbox 1645 1924 1791 1952; x_wconf 88' lang='lat' dir='ltr'><strong>anathema</strong></span> 
     </span>
    </p>
   </div>
   <div class='ocr_carea' id='block_1_54' title="bbox 154 1972 363 2008">
    <p class='ocr_par' dir='ltr' id='par_1_54' title="bbox 154 1972 363 2008">
     <span class='ocr_line' id='line_1_54' title="bbox 154 1972 363 2008; baseline 0 -9"><span class='ocrx_word' id='word_1_498' title='bbox 154 1972 342 2008; x_wconf 86' lang='lat' dir='ltr'><strong>pronuntiavit</strong></span> <span class='ocrx_word' id='word_1_499' title='bbox 352 1972 363 1999; x_wconf 83' lang='lat'><strong>?</strong></span> 
     </span>
    </p>
   </div>
   <div class='ocr_carea' id='block_1_55' title="bbox 188 2011 1789 2050">
    <p class='ocr_par' dir='ltr' id='par_1_55' title="bbox 188 2011 1789 2050">
     <span class='ocr_line' id='line_1_55' title="bbox 188 2011 1789 2050; baseline -0.001 -10"><span class='ocrx_word' id='word_1_500' title='bbox 188 2013 243 2042; x_wconf 81' lang='lat' dir='ltr'><strong>Res</strong></span> <span class='ocrx_word' id='word_1_501' title='bbox 262 2013 338 2041; x_wconf 91' lang='lat' dir='ltr'><strong>omni</strong></span> <span class='ocrx_word' id='word_1_502' title='bbox 353 2012 512 2041; x_wconf 87' lang='lat' dir='ltr'><strong>dillicultate</strong></span> <span class='ocrx_word' id='word_1_503' title='bbox 528 2016 612 2039; x_wconf 86' lang='lat' dir='ltr'><strong>caret.</strong></span> <span class='ocrx_word' id='word_1_504' title='bbox 630 2011 729 2039; x_wconf 76' lang='lat' dir='ltr'><strong>Narrat</strong></span> <span class='ocrx_word' id='word_1_505' title='bbox 741 2012 814 2039; x_wconf 88' lang='lat' dir='ltr'><strong>enim</strong></span> <span class='ocrx_word' id='word_1_506' title='bbox 828 2013 989 2040; x_wconf 75' lang='lat' dir='ltr'><strong>Anastasius</strong></span> <span class='ocrx_word' id='word_1_507' title='bbox 1012 2012 1242 2043; x_wconf 85' lang='lat' dir='ltr'><strong>Bibliothecarius</strong></span> <span class='ocrx_word' id='word_1_508' title='bbox 1254 2023 1308 2050; x_wconf 90' lang='lat' dir='ltr'><strong>qua</strong></span> <span class='ocrx_word' id='word_1_509' title='bbox 1328 2015 1398 2042; x_wconf 84' lang='lat' dir='ltr'><strong>mira</strong></span> <span class='ocrx_word' id='word_1_510' title='bbox 1420 2014 1580 2046; x_wconf 87' lang='lat' dir='ltr'><strong>calliditate,</strong></span> <span class='ocrx_word' id='word_1_511' title='bbox 1595 2021 1649 2040; x_wconf 89' lang='lat' dir='ltr'><strong>non</strong></span> <span class='ocrx_word' id='word_1_512' title='bbox 1667 2012 1700 2040; x_wconf 89' lang='lat' dir='ltr'><strong>ad</strong></span> <span class='ocrx_word' id='word_1_513' title='bbox 1713 2019 1789 2040; x_wconf 88' lang='lat' dir='ltr'><strong>asse-</strong></span> 
     </span>
    </p>
   </div>
   <div class='ocr_carea' id='block_1_56' title="bbox 154 2055 1789 2094">
    <p class='ocr_par' dir='ltr' id='par_1_56' title="bbox 154 2055 1789 2094">
     <span class='ocr_line' id='line_1_56' title="bbox 154 2055 1789 2094; baseline -0.001 -10"><span class='ocrx_word' id='word_1_514' title='bbox 154 2057 269 2084; x_wconf 86' lang='lat' dir='ltr'><strong>rendam</strong></span> <span class='ocrx_word' id='word_1_515' title='bbox 286 2064 364 2084; x_wconf 89' lang='lat' dir='ltr'><strong>suant</strong></span> <span class='ocrx_word' id='word_1_516' title='bbox 379 2056 549 2090; x_wconf 87' lang='lat' dir='ltr'><strong>opinionem,</strong></span> <span class='ocrx_word' id='word_1_517' title='bbox 566 2055 615 2082; x_wconf 87' lang='lat' dir='ltr'><strong>sed</strong></span> <span class='ocrx_word' id='word_1_518' title='bbox 631 2055 665 2082; x_wconf 88' lang='lat' dir='ltr'><strong>ad</strong></span> <span class='ocrx_word' id='word_1_519' title='bbox 678 2055 842 2083; x_wconf 82' lang='lat' dir='ltr'><strong>&#39;tentandam</strong></span> <span class='ocrx_word' id='word_1_520' title='bbox 858 2057 1022 2090; x_wconf 87' lang='lat' dir='ltr'><strong>pastoralem</strong></span> <span class='ocrx_word' id='word_1_521' title='bbox 1037 2058 1205 2093; x_wconf 67' lang='lat' dir='ltr'><strong>vigilantiam</strong></span> <span class='ocrx_word' id='word_1_522' title='bbox 1223 2058 1330 2094; x_wconf 81' lang='lat' dir='ltr'><strong>lgnatii,</strong></span> <span class='ocrx_word' id='word_1_523' title='bbox 1348 2058 1464 2086; x_wconf 89' lang='lat' dir='ltr'><strong>Photius</strong></span> <span class='ocrx_word' id='word_1_524' title='bbox 1480 2065 1543 2086; x_wconf 92' lang='lat' dir='ltr'><strong>cum</strong></span> <span class='ocrx_word' id='word_1_525' title='bbox 1574 2057 1696 2084; x_wconf 80' lang='lat' dir='ltr'><strong>maximo</strong></span> <span class='ocrx_word' id='word_1_526' title='bbox 1707 2064 1789 2084; x_wconf 79' lang='lat' dir='ltr'><strong>scan-</strong></span> 
     </span>
    </p>
   </div>
   <div class='ocr_carea' id='block_1_57' title="bbox 155 2098 1792 2136">
    <p class='ocr_par' dir='ltr' id='par_1_57' title="bbox 155 2098 1792 2136">
     <span class='ocr_line' id='line_1_57' title="bbox 155 2098 1792 2136; baseline -0.001 -7"><span class='ocrx_word' id='word_1_527' title='bbox 155 2101 217 2129; x_wconf 87' lang='lat' dir='ltr'><strong>dalo</strong></span> <span class='ocrx_word' id='word_1_528' title='bbox 239 2100 357 2128; x_wconf 85' lang='lat' dir='ltr'><strong>fidelium</strong></span> <span class='ocrx_word' id='word_1_529' title='bbox 378 2099 501 2127; x_wconf 86' lang='lat' dir='ltr'><strong>docuerit</strong></span> <span class='ocrx_word' id='word_1_530' title='bbox 530 2098 666 2134; x_wconf 70' lang='lat' dir='ltr'><strong>singulos,</strong></span> <span class='ocrx_word' id='word_1_531' title='bbox 689 2098 817 2126; x_wconf 85' lang='lat' dir='ltr'><strong>homines</strong></span> <span class='ocrx_word' id='word_1_532' title='bbox 850 2099 918 2127; x_wconf 85' lang='lat' dir='ltr'><strong>duas</strong></span> <span class='ocrx_word' id='word_1_533' title='bbox 937 2101 1037 2129; x_wconf 83' lang='lat' dir='ltr'><strong>habere</strong></span> <span class='ocrx_word' id='word_1_534' title='bbox 1060 2103 1186 2136; x_wconf 89' lang='lat' dir='ltr'><strong>animas,</strong></span> <span class='ocrx_word' id='word_1_535' title='bbox 1208 2111 1290 2130; x_wconf 90' lang='lat' dir='ltr'><strong>unatn</strong></span> <span class='ocrx_word' id='word_1_536' title='bbox 1311 2103 1471 2131; x_wconf 87' lang='lat' dir='ltr'><strong>rationalem</strong></span> <span class='ocrx_word' id='word_1_537' title='bbox 1486 2107 1514 2130; x_wconf 86' lang='lat' dir='ltr'><strong>et</strong></span> <span class='ocrx_word' id='word_1_538' title='bbox 1533 2102 1614 2129; x_wconf 89' lang='lat' dir='ltr'><strong>aliam</strong></span> <span class='ocrx_word' id='word_1_539' title='bbox 1634 2101 1792 2128; x_wconf 86' lang='lat' dir='ltr'><strong>animalem.</strong></span> 
     </span>
    </p>
   </div>
   <div class='ocr_carea' id='block_1_58' title="bbox 193 2144 1789 2184">
    <p class='ocr_par' dir='ltr' id='par_1_58' title="bbox 193 2144 1789 2184">
     <span class='ocr_line' id='line_1_58' title="bbox 193 2144 1789 2184; baseline -0.001 -10"><span class='ocrx_word' id='word_1_540' title='bbox 193 2157 204 2173; x_wconf 82' lang='grc' dir='ltr'>ι</span> <span class='ocrx_word' id='word_1_541' title='bbox 215 2146 362 2178; x_wconf 62' lang='lat' dir='ltr'><strong>Praeterea,</strong></span> <span class='ocrx_word' id='word_1_542' title='bbox 378 2146 416 2172; x_wconf 90' lang='lat' dir='ltr'><strong>ait</strong></span> <span class='ocrx_word' id='word_1_543' title='bbox 429 2145 604 2177; x_wconf 82' lang='lat' dir='ltr'><strong>Anastasius,</strong></span> <span class='ocrx_word' id='word_1_544' title='bbox 622 2149 650 2172; x_wconf 90' lang='lat' dir='ltr'><strong>et</strong></span> <span class='ocrx_word' id='word_1_545' title='bbox 662 2144 737 2171; x_wconf 89' lang='lat' dir='ltr'><strong>aliud</strong></span> <span class='ocrx_word' id='word_1_546' title='bbox 753 2145 905 2180; x_wconf 83' lang='lat' dir='ltr'><strong>iniquitatis</strong></span> <span class='ocrx_word' id='word_1_547' title='bbox 920 2153 976 2174; x_wconf 82' lang='lat' dir='ltr'><strong>suae</strong></span> <span class='ocrx_word' id='word_1_548' title='bbox 988 2148 1160 2181; x_wconf 83' lang='lat' dir='ltr'><strong>retiaculum,</strong></span> <span class='ocrx_word' id='word_1_549' title='bbox 1175 2157 1229 2184; x_wconf 88' lang='lat' dir='ltr'><strong>quo</strong></span> <span class='ocrx_word' id='word_1_550' title='bbox 1240 2153 1346 2177; x_wconf 87' lang='lat' dir='ltr'><strong>mentes</strong></span> <span class='ocrx_word' id='word_1_551' title='bbox 1360 2149 1525 2183; x_wconf 90' lang='lat' dir='ltr'><strong>simplicium</strong></span> <span class='ocrx_word' id='word_1_552' title='bbox 1541 2150 1662 2182; x_wconf 84' lang='lat' dir='ltr'><strong>caperet,</strong></span> <span class='ocrx_word' id='word_1_553' title='bbox 1680 2150 1789 2177; x_wconf 80' lang='lat' dir='ltr'><strong>texens.</strong></span> 
     </span>
    </p>
   </div>
   <div class='ocr_carea' id='block_1_59' title="bbox 156 2187 1794 2228">
    <p class='ocr_par' dir='ltr' id='par_1_59' title="bbox 156 2187 1794 2228">
     <span class='ocr_line' id='line_1_59' title="bbox 156 2187 1794 2228; baseline -0.001 -10"><span class='ocrx_word' id='word_1_554' title='bbox 156 2193 291 2225; x_wconf 88' lang='lat' dir='ltr'><strong>quotquot</strong></span> <span class='ocrx_word' id='word_1_555' title='bbox 311 2189 344 2216; x_wconf 88' lang='lat' dir='ltr'><strong>ad</strong></span> <span class='ocrx_word' id='word_1_556' title='bbox 375 2189 541 2216; x_wconf 81' lang='lat' dir='ltr'><strong>exteriorem</strong></span> <span class='ocrx_word' id='word_1_557' title='bbox 556 2187 590 2215; x_wconf 88' lang='lat' dir='ltr'><strong>ab</strong></span> <span class='ocrx_word' id='word_1_558' title='bbox 609 2195 642 2215; x_wconf 90' lang='lat' dir='ltr'><strong>eo</strong></span> <span class='ocrx_word' id='word_1_559' title='bbox 661 2188 836 2223; x_wconf 87' lang='lat' dir='ltr'><strong>disciplinam</strong></span> <span class='ocrx_word' id='word_1_560' title='bbox 854 2189 1007 2218; x_wconf 89' lang='lat' dir='ltr'><strong>instruendi</strong></span> <span class='ocrx_word' id='word_1_561' title='bbox 1030 2192 1188 2226; x_wconf 87' lang='lat' dir='ltr'><strong>veniebant,</strong></span> <span class='ocrx_word' id='word_1_562' title='bbox 1211 2193 1324 2228; x_wconf 89' lang='lat' dir='ltr'><strong>proprio</strong></span> <span class='ocrx_word' id='word_1_563' title='bbox 1349 2192 1454 2227; x_wconf 86' lang='lat' dir='ltr'><strong>scripto</strong></span> <span class='ocrx_word' id='word_1_564' title='bbox 1472 2191 1608 2227; x_wconf 87' lang='lat' dir='ltr'><strong>spondere</strong></span> <span class='ocrx_word' id='word_1_565' title='bbox 1635 2190 1751 2226; x_wconf 75' lang='lat' dir='ltr'><strong>cogebat</strong></span> <span class='ocrx_word' id='word_1_566' title='bbox 1763 2197 1794 2217; x_wconf 90' lang='lat' dir='ltr'><strong>se</strong></span> 
     </span>
    </p>
   </div>
   <div class='ocr_carea' id='block_1_60' title="bbox 106 2231 1794 2270">
    <p class='ocr_par' dir='ltr' id='par_1_60' title="bbox 106 2231 1794 2270">
     <span class='ocr_line' id='line_1_60' title="bbox 106 2231 1794 2270; baseline -0.001 -9"><span class='ocrx_word' id='word_1_567' title='bbox 106 2241 109 2246; x_wconf 60' lang='grc' dir='ltr'><em>ν</em></span> <span class='ocrx_word' id='word_1_568' title='bbox 157 2232 309 2262; x_wconf 86' lang='lat' dir='ltr'><strong>secundum</strong></span> <span class='ocrx_word' id='word_1_569' title='bbox 330 2232 410 2260; x_wconf 84' lang='lat' dir='ltr'><strong>fidem</strong></span> <span class='ocrx_word' id='word_1_570' title='bbox 427 2231 516 2259; x_wconf 76' lang='lat' dir='ltr'><strong>l’hotii</strong></span> <span class='ocrx_word' id='word_1_571' title='bbox 531 2232 571 2259; x_wconf 92' lang='lat' dir='ltr'><strong>.de</strong></span> <span class='ocrx_word' id='word_1_572' title='bbox 594 2235 693 2259; x_wconf 71' lang='lat' dir='ltr'><strong>caetero</strong></span> <span class='ocrx_word' id='word_1_573' title='bbox 718 2232 873 2260; x_wconf 79' lang='lat' dir='ltr'><strong>credituros</strong></span> <span class='ocrx_word' id='word_1_574' title='bbox 890 2242 897 2266; x_wconf 91' lang='lat'>;</span> <span class='ocrx_word' id='word_1_575' title='bbox 917 2235 997 2268; x_wconf 88' lang='lat' dir='ltr'><strong>quasi</strong></span> <span class='ocrx_word' id='word_1_576' title='bbox 1017 2235 1079 2263; x_wconf 74' lang='lat' dir='ltr'><strong>duae</strong></span> <span class='ocrx_word' id='word_1_577' title='bbox 1104 2236 1172 2265; x_wconf 86' lang='lat' dir='ltr'><strong>fides</strong></span> <span class='ocrx_word' id='word_1_578' title='bbox 1191 2240 1297 2270; x_wconf 88' lang='lat' dir='ltr'><strong>essent,</strong></span> <span class='ocrx_word' id='word_1_579' title='bbox 1320 2243 1375 2264; x_wconf 92' lang='lat' dir='ltr'><strong>una</strong></span> <span class='ocrx_word' id='word_1_580' title='bbox 1395 2235 1502 2264; x_wconf 90' lang='lat' dir='ltr'><strong>scilicet</strong></span> <span class='ocrx_word' id='word_1_581' title='bbox 1520 2234 1634 2267; x_wconf 83' lang='lat' dir='ltr'><strong>Christi,</strong></span> <span class='ocrx_word' id='word_1_582' title='bbox 1654 2238 1682 2261; x_wconf 88' lang='lat' dir='ltr'><strong>et</strong></span> <span class='ocrx_word' id='word_1_583' title='bbox 1707 2234 1794 2260; x_wconf 85' lang='lat' dir='ltr'><strong>altera</strong></span> 
     </span>
    </p>
   </div>
   <div class='ocr_carea' id='block_1_61' title="bbox 157 2275 1792 2316">
    <p class='ocr_par' dir='ltr' id='par_1_61' title="bbox 157 2275 1792 2316">
     <span class='ocr_line' id='line_1_61' title="bbox 157 2275 1792 2316; baseline 0 -12"><span class='ocrx_word' id='word_1_584' title='bbox 157 2276 247 2304; x_wconf 86' lang='lat' dir='ltr'><strong>Photii</strong></span> <span class='ocrx_word' id='word_1_585' title='bbox 265 2286 272 2304; x_wconf 86' lang='lat'><strong>:</strong></span> <span class='ocrx_word' id='word_1_586' title='bbox 300 2280 328 2304; x_wconf 88' lang='lat' dir='ltr'><strong>et</strong></span> <span class='ocrx_word' id='word_1_587' title='bbox 356 2276 408 2303; x_wconf 89' lang='lat' dir='ltr'><strong>ltoc</strong></span> <span class='ocrx_word' id='word_1_588' title='bbox 425 2276 605 2303; x_wconf 87' lang='lat' dir='ltr'><strong>nihilominus</strong></span> <span class='ocrx_word' id='word_1_589' title='bbox 625 2275 724 2303; x_wconf 87' lang='lat' dir='ltr'><strong>callide</strong></span> <span class='ocrx_word' id='word_1_590' title='bbox 740 2277 865 2308; x_wconf 90' lang='lat' dir='ltr'><strong>molitus,</strong></span> <span class='ocrx_word' id='word_1_591' title='bbox 882 2281 912 2304; x_wconf 85' lang='lat' dir='ltr'><strong>ut</strong></span> <span class='ocrx_word' id='word_1_592' title='bbox 932 2281 1134 2309; x_wconf 87' lang='lat' dir='ltr'><strong>communionis</strong></span> <span class='ocrx_word' id='word_1_593' title='bbox 1160 2289 1217 2309; x_wconf 72' lang='lat' dir='ltr'><strong>sua:</strong></span> <span class='ocrx_word' id='word_1_594' title='bbox 1232 2288 1413 2316; x_wconf 88' lang='lat' dir='ltr'><strong>quoscunque</strong></span> <span class='ocrx_word' id='word_1_595' title='bbox 1429 2280 1473 2307; x_wconf 89' lang='lat' dir='ltr'><strong>vel</strong></span> <span class='ocrx_word' id='word_1_596' title='bbox 1484 2278 1734 2314; x_wconf 88' lang='lat' dir='ltr'><strong>quomodocunque</strong></span> <span class='ocrx_word' id='word_1_597' title='bbox 1751 2278 1792 2304; x_wconf 86' lang='lat' dir='ltr'><strong>Ia-</strong></span> 
     </span>
    </p>
   </div>
   <div class='ocr_carea' id='block_1_62' title="bbox 157 2320 1795 2359">
    <p class='ocr_par' dir='ltr' id='par_1_62' title="bbox 157 2320 1795 2359">
     <span class='ocr_line' id='line_1_62' title="bbox 157 2320 1795 2359; baseline 0 -11"><span class='ocrx_word' id='word_1_598' title='bbox 157 2321 236 2356; x_wconf 88' lang='lat' dir='ltr'><strong>qucis</strong></span> <span class='ocrx_word' id='word_1_599' title='bbox 250 2321 368 2348; x_wconf 83' lang='lat' dir='ltr'><strong>irretiret</strong></span> <span class='ocrx_word' id='word_1_600' title='bbox 385 2329 392 2353; x_wconf 92' lang='lat'><strong>;</strong></span> <span class='ocrx_word' id='word_1_601' title='bbox 406 2325 434 2347; x_wconf 90' lang='lat' dir='ltr'><strong>et</strong></span> <span class='ocrx_word' id='word_1_602' title='bbox 447 2324 519 2347; x_wconf 88' lang='lat' dir='ltr'><strong>esset</strong></span> <span class='ocrx_word' id='word_1_603' title='bbox 533 2320 703 2355; x_wconf 85' lang='lat' dir='ltr'><strong>impossibile</strong></span> <span class='ocrx_word' id='word_1_604' title='bbox 719 2327 750 2347; x_wconf 86' lang='lat' dir='ltr'><strong>se</strong></span> <span class='ocrx_word' id='word_1_605' title='bbox 761 2327 881 2355; x_wconf 85' lang='lat' dir='ltr'><strong>unquam</strong></span> <span class='ocrx_word' id='word_1_606' title='bbox 896 2322 984 2356; x_wconf 82' lang='lat' dir='ltr'><strong>evelli,</strong></span> <span class='ocrx_word' id='word_1_607' title='bbox 1000 2332 1082 2359; x_wconf 84' lang='lat' dir='ltr'><strong>quem</strong></span> <span class='ocrx_word' id='word_1_608' title='bbox 1097 2325 1228 2352; x_wconf 77' lang='lat' dir='ltr'><strong>nimirum</strong></span> <span class='ocrx_word' id='word_1_609' title='bbox 1240 2328 1380 2352; x_wconf 77' lang='lat' dir='ltr'><strong>constaret</strong></span> <span class='ocrx_word' id='word_1_610' title='bbox 1396 2327 1435 2351; x_wconf 88' lang='lat' dir='ltr'><strong>tot</strong></span> <span class='ocrx_word' id='word_1_611' title='bbox 1452 2323 1513 2350; x_wconf 75' lang='lat' dir='ltr'><strong>lixis</strong></span> <span class='ocrx_word' id='word_1_612' title='bbox 1523 2323 1626 2349; x_wconf 66' lang='lat' dir='ltr'><strong>haerere</strong></span> <span class='ocrx_word' id='word_1_613' title='bbox 1639 2321 1795 2353; x_wconf 89' lang='lat' dir='ltr'><strong>radicibus,</strong></span> 
     </span>
    </p>
   </div>
   <div class='ocr_carea' id='block_1_63' title="bbox 158 2363 1793 2404">
    <p class='ocr_par' dir='ltr' id='par_1_63' title="bbox 158 2363 1793 2404">
     <span class='ocr_line' id='line_1_63' title="bbox 158 2363 1793 2404; baseline -0.001 -13"><span class='ocrx_word' id='word_1_614' title='bbox 158 2366 223 2394; x_wconf 85' lang='lat' dir='ltr'><strong>dum</strong></span> <span class='ocrx_word' id='word_1_615' title='bbox 244 2365 288 2392; x_wconf 86' lang='lat' dir='ltr'><strong>his</strong></span> <span class='ocrx_word' id='word_1_616' title='bbox 303 2372 354 2392; x_wconf 90' lang='lat' dir='ltr'><strong>nec</strong></span> <span class='ocrx_word' id='word_1_617' title='bbox 370 2364 451 2391; x_wconf 89' lang='lat' dir='ltr'><strong>aliant</strong></span> <span class='ocrx_word' id='word_1_618' title='bbox 468 2363 560 2397; x_wconf 83' lang='lat' dir='ltr'><strong>fidem,</strong></span> <span class='ocrx_word' id='word_1_619' title='bbox 575 2363 628 2391; x_wconf 90' lang='lat' dir='ltr'><strong>nisi</strong></span> <span class='ocrx_word' id='word_1_620' title='bbox 643 2370 725 2398; x_wconf 90' lang='lat' dir='ltr'><strong>quam</strong></span> <span class='ocrx_word' id='word_1_621' title='bbox 739 2363 798 2398; x_wconf 88' lang='lat' dir='ltr'><strong>ipse</strong></span> <span class='ocrx_word' id='word_1_622' title='bbox 813 2368 930 2398; x_wconf 88' lang='lat' dir='ltr'><strong>teneret,</strong></span> <span class='ocrx_word' id='word_1_623' title='bbox 946 2366 1045 2395; x_wconf 88' lang='lat' dir='ltr'><strong>habere</strong></span> <span class='ocrx_word' id='word_1_624' title='bbox 1062 2376 1173 2404; x_wconf 88' lang='lat' dir='ltr'><strong>qttoquo</strong></span> <span class='ocrx_word' id='word_1_625' title='bbox 1188 2368 1270 2396; x_wconf 90' lang='lat' dir='ltr'><strong>modo</strong></span> <span class='ocrx_word' id='word_1_626' title='bbox 1286 2368 1410 2396; x_wconf 88' lang='lat' dir='ltr'><strong>licuisset</strong></span> <span class='ocrx_word' id='word_1_627' title='bbox 1426 2376 1433 2395; x_wconf 87' lang='lat'>:</span> <span class='ocrx_word' id='word_1_628' title='bbox 1453 2367 1528 2402; x_wconf 88' lang='lat' dir='ltr'><strong>quod</strong></span> <span class='ocrx_word' id='word_1_629' title='bbox 1541 2366 1691 2393; x_wconf 83' lang='lat' dir='ltr'><strong>maximum</strong></span> <span class='ocrx_word' id='word_1_630' title='bbox 1710 2371 1793 2392; x_wconf 86' lang='lat' dir='ltr'><strong>scan-</strong></span> 
     </span>
    </p>
   </div>
   <div class='ocr_carea' id='block_1_64' title="bbox 157 2406 1796 2444">
    <p class='ocr_par' dir='ltr' id='par_1_64' title="bbox 157 2406 1796 2444">
     <span class='ocr_line' id='line_1_64' title="bbox 157 2406 1796 2444; baseline -0.001 -10"><span class='ocrx_word' id='word_1_631' title='bbox 157 2408 251 2435; x_wconf 89' lang='lat' dir='ltr'><strong>dalum</strong></span> <span class='ocrx_word' id='word_1_632' title='bbox 270 2408 436 2435; x_wconf 87' lang='lat' dir='ltr'><strong>mortalibus</strong></span> <span class='ocrx_word' id='word_1_633' title='bbox 450 2406 590 2440; x_wconf 78' lang='lat' dir='ltr'><strong>excitavit,</strong></span> <span class='ocrx_word' id='word_1_634' title='bbox 608 2406 783 2435; x_wconf 86' lang='lat' dir='ltr'><strong>dicentibus:</strong></span> <span class='ocrx_word' id='word_1_635' title='bbox 799 2408 886 2439; x_wconf 83' lang='lat' dir='ltr'><strong>Itane,</strong></span> <span class='ocrx_word' id='word_1_636' title='bbox 903 2410 927 2435; x_wconf 88' lang='lat' dir='ltr'><strong>si</strong></span> <span class='ocrx_word' id='word_1_637' title='bbox 943 2409 1058 2438; x_wconf 82' lang='lat' dir='ltr'><strong>Photius</strong></span> <span class='ocrx_word' id='word_1_638' title='bbox 1074 2411 1257 2439; x_wconf 64' lang='lat' dir='ltr'><strong>hazrcsiarcha</strong></span> <span class='ocrx_word' id='word_1_639' title='bbox 1274 2411 1368 2444; x_wconf 83' lang='lat' dir='ltr'><strong>fuerit,</strong></span> <span class='ocrx_word' id='word_1_640' title='bbox 1384 2411 1485 2438; x_wconf 86' lang='lat' dir='ltr'><strong>debent</strong></span> <span class='ocrx_word' id='word_1_641' title='bbox 1500 2410 1548 2437; x_wconf 88' lang='lat' dir='ltr'><strong>lilii</strong></span> <span class='ocrx_word' id='word_1_642' title='bbox 1563 2409 1652 2436; x_wconf 88' lang='lat' dir='ltr'><strong>nostri</strong></span> <span class='ocrx_word' id='word_1_643' title='bbox 1665 2412 1712 2434; x_wconf 89' lang='lat' dir='ltr'><strong>aut</strong></span> <span class='ocrx_word' id='word_1_644' title='bbox 1730 2407 1796 2434; x_wconf 83' lang='lat' dir='ltr'><strong>ﬁdet</strong></span> 
     </span>
    </p>
   </div>
   <div class='ocr_carea' id='block_1_65' title="bbox 157 2450 1796 2488">
    <p class='ocr_par' dir='ltr' id='par_1_65' title="bbox 157 2450 1796 2488">
     <span class='ocr_line' id='line_1_65' title="bbox 157 2450 1796 2488; baseline -0.002 -10"><span class='ocrx_word' id='word_1_645' title='bbox 157 2452 303 2479; x_wconf 75' lang='lat' dir='ltr'><strong>catholica:</strong></span> <span class='ocrx_word' id='word_1_646' title='bbox 319 2453 476 2479; x_wconf 85' lang='lat' dir='ltr'><strong>desertores</strong></span> <span class='ocrx_word' id='word_1_647' title='bbox 505 2459 577 2483; x_wconf 86' lang='lat' dir='ltr'><strong>esse,</strong></span> <span class='ocrx_word' id='word_1_648' title='bbox 595 2457 642 2478; x_wconf 91' lang='lat' dir='ltr'><strong>aut</strong></span> <span class='ocrx_word' id='word_1_649' title='bbox 655 2451 806 2486; x_wconf 86' lang='lat' dir='ltr'><strong>jurantettti</strong></span> <span class='ocrx_word' id='word_1_650' title='bbox 821 2453 863 2480; x_wconf 89' lang='lat' dir='ltr'><strong>vel</strong></span> <span class='ocrx_word' id='word_1_651' title='bbox 877 2453 920 2480; x_wconf 92' lang='lat' dir='ltr'><strong>sui</strong></span> <span class='ocrx_word' id='word_1_652' title='bbox 936 2453 1112 2487; x_wconf 76' lang='lat' dir='ltr'><strong>chirographi</strong></span> <span class='ocrx_word' id='word_1_653' title='bbox 1129 2452 1372 2488; x_wconf 77' lang='lat' dir='ltr'><strong>transgressores?</strong></span> <span class='ocrx_word' id='word_1_654' title='bbox 1389 2455 1467 2479; x_wconf 90' lang='lat' dir='ltr'><strong>erant</strong></span> <span class='ocrx_word' id='word_1_655' title='bbox 1489 2452 1562 2477; x_wconf 87' lang='lat' dir='ltr'><strong>enim</strong></span> <span class='ocrx_word' id='word_1_656' title='bbox 1577 2450 1648 2477; x_wconf 89' lang='lat' dir='ltr'><strong>ittter</strong></span> <span class='ocrx_word' id='word_1_657' title='bbox 1659 2456 1706 2476; x_wconf 86' lang='lat' dir='ltr'><strong>eos</strong></span> <span class='ocrx_word' id='word_1_658' title='bbox 1723 2456 1796 2475; x_wconf 85' lang='lat' dir='ltr'><strong>non-</strong></span> 
     </span>
    </p>
   </div>
   <div class='ocr_carea' id='block_1_66' title="bbox 159 2495 1796 2531">
    <p class='ocr_par' dir='ltr' id='par_1_66' title="bbox 159 2495 1796 2531">
     <span class='ocr_line' id='line_1_66' title="bbox 159 2495 1796 2531; baseline -0.003 -7"><span class='ocrx_word' id='word_1_659' title='bbox 159 2497 227 2524; x_wconf 92' lang='lat' dir='ltr'><strong>nulli</strong></span> <span class='ocrx_word' id='word_1_660' title='bbox 251 2497 415 2525; x_wconf 88' lang='lat' dir='ltr'><strong>clarissimis</strong></span> <span class='ocrx_word' id='word_1_661' title='bbox 439 2497 577 2524; x_wconf 82' lang='lat' dir='ltr'><strong>natalibus</strong></span> <span class='ocrx_word' id='word_1_662' title='bbox 603 2496 713 2523; x_wconf 88' lang='lat' dir='ltr'><strong>oriuttdi</strong></span> <span class='ocrx_word' id='word_1_663' title='bbox 730 2505 737 2523; x_wconf 90' lang='lat'>:</span> <span class='ocrx_word' id='word_1_664' title='bbox 753 2504 816 2524; x_wconf 92' lang='lat' dir='ltr'><strong>nam</strong></span> <span class='ocrx_word' id='word_1_665' title='bbox 834 2501 861 2524; x_wconf 88' lang='lat' dir='ltr'><strong>et</strong></span> <span class='ocrx_word' id='word_1_666' title='bbox 881 2501 945 2524; x_wconf 86' lang='lat' dir='ltr'><strong>ante</strong></span> <span class='ocrx_word' id='word_1_667' title='bbox 966 2504 1054 2524; x_wconf 89' lang='lat' dir='ltr'><strong>annos</strong></span> <span class='ocrx_word' id='word_1_668' title='bbox 1071 2497 1178 2531; x_wconf 84' lang='lat' dir='ltr'><strong>aliquot</strong></span> <span class='ocrx_word' id='word_1_669' title='bbox 1203 2496 1275 2523; x_wconf 86' lang='lat' dir='ltr'><strong>idem</strong></span> <span class='ocrx_word' id='word_1_670' title='bbox 1293 2496 1409 2523; x_wconf 86' lang='lat' dir='ltr'><strong>Photins</strong></span> <span class='ocrx_word' id='word_1_671' title='bbox 1433 2495 1550 2523; x_wconf 88' lang='lat' dir='ltr'><strong>duarqu</strong></span> <span class='ocrx_word' id='word_1_672' title='bbox 1566 2499 1796 2528; x_wconf 83' lang='lat' dir='ltr'><strong>unumquemque</strong></span> 
     </span>
    </p>
   </div>
   <div class='ocr_carea' id='block_1_67' title="bbox 160 2537 1795 2575">
    <p class='ocr_par' dir='ltr' id='par_1_67' title="bbox 160 2537 1795 2575">
     <span class='ocr_line' id='line_1_67' title="bbox 160 2537 1795 2575; baseline -0.003 -8"><span class='ocrx_word' id='word_1_673' title='bbox 160 2541 297 2568; x_wconf 92' lang='lat' dir='ltr'><strong>hominem</strong></span> <span class='ocrx_word' id='word_1_674' title='bbox 312 2541 468 2567; x_wconf 90' lang='lat' dir='ltr'><strong>attimarutn</strong></span> <span class='ocrx_word' id='word_1_675' title='bbox 485 2541 639 2568; x_wconf 85' lang='lat' dir='ltr'><strong>consistere</strong></span> <span class='ocrx_word' id='word_1_676' title='bbox 665 2541 842 2575; x_wconf 77' lang='lat' dir='ltr'><strong>praedicabat.</strong></span> <span class='ocrx_word' id='word_1_677' title='bbox 855 2540 907 2574; x_wconf 87' lang='lat' dir='ltr'><strong>Qui</strong></span> <span class='ocrx_word' id='word_1_678' title='bbox 924 2548 987 2568; x_wconf 85' lang='lat' dir='ltr'><strong>cuin</strong></span> <span class='ocrx_word' id='word_1_679' title='bbox 1008 2549 1022 2567; x_wconf 88' lang='lat' dir='ltr'><strong>a</strong></span> <span class='ocrx_word' id='word_1_680' title='bbox 1038 2540 1219 2568; x_wconf 78' lang='lat' dir='ltr'><strong>Constantino</strong></span> <span class='ocrx_word' id='word_1_681' title='bbox 1236 2540 1402 2575; x_wconf 89' lang='lat' dir='ltr'><strong>philos0pho</strong></span> <span class='ocrx_word' id='word_1_682' title='bbox 1419 2546 1525 2575; x_wconf 70' lang='lat' dir='ltr'><strong>magnae</strong></span> <span class='ocrx_word' id='word_1_683' title='bbox 1550 2537 1705 2566; x_wconf 86' lang='lat' dir='ltr'><strong>sanctitatis</strong></span> <span class='ocrx_word' id='word_1_684' title='bbox 1720 2537 1795 2570; x_wconf 85' lang='lat' dir='ltr'><strong>viro,</strong></span> 
     </span>
    </p>
   </div>
   <div class='ocr_carea' id='block_1_68' title="bbox 159 2581 1796 2624">
    <p class='ocr_par' dir='ltr' id='par_1_68' title="bbox 159 2581 1796 2624">
     <span class='ocr_line' id='line_1_68' title="bbox 159 2581 1796 2624; baseline -0.004 -12"><span class='ocrx_word' id='word_1_685' title='bbox 159 2585 314 2613; x_wconf 84' lang='lat' dir='ltr'><strong>fortissimo</strong></span> <span class='ocrx_word' id='word_1_686' title='bbox 328 2585 387 2620; x_wconf 80' lang='lat' dir='ltr'><strong>ejus</strong></span> <span class='ocrx_word' id='word_1_687' title='bbox 401 2586 501 2617; x_wconf 77' lang='lat' dir='ltr'><strong>amico,</strong></span> <span class='ocrx_word' id='word_1_688' title='bbox 516 2586 674 2620; x_wconf 79' lang='lat' dir='ltr'><strong>increpatus</strong></span> <span class='ocrx_word' id='word_1_689' title='bbox 689 2585 788 2613; x_wconf 79' lang='lat' dir='ltr'><strong>fuisset</strong></span> <span class='ocrx_word' id='word_1_690' title='bbox 805 2586 913 2613; x_wconf 88' lang='lat' dir='ltr'><strong>dieettte</strong></span> <span class='ocrx_word' id='word_1_691' title='bbox 923 2595 930 2612; x_wconf 88' lang='lat'><strong>:</strong></span> <span class='ocrx_word' id='word_1_692' title='bbox 940 2585 997 2612; x_wconf 88' lang='lat' dir='ltr'><strong>Cur</strong></span> <span class='ocrx_word' id='word_1_693' title='bbox 1012 2589 1118 2624; x_wconf 78' lang='lat' dir='ltr'><strong>tantum</strong></span> <span class='ocrx_word' id='word_1_694' title='bbox 1135 2592 1258 2612; x_wconf 89' lang='lat' dir='ltr'><strong>errorem</strong></span> <span class='ocrx_word' id='word_1_695' title='bbox 1274 2585 1301 2611; x_wconf 92' lang='lat' dir='ltr'><strong>in</strong></span> <span class='ocrx_word' id='word_1_696' title='bbox 1324 2584 1454 2619; x_wconf 90' lang='lat' dir='ltr'><strong>populum</strong></span> <span class='ocrx_word' id='word_1_697' title='bbox 1470 2590 1613 2619; x_wconf 78' lang='lat' dir='ltr'><strong>spargens,</strong></span> <span class='ocrx_word' id='word_1_698' title='bbox 1631 2585 1672 2609; x_wconf 89' lang='lat' dir='ltr'><strong>tot</strong></span> <span class='ocrx_word' id='word_1_699' title='bbox 1686 2581 1796 2607; x_wconf 83' lang='lat' dir='ltr'><strong>animas</strong></span> 
     </span>
    </p>
   </div>
   <div class='ocr_carea' id='block_1_69' title="bbox 161 2623 1795 2664">
    <p class='ocr_par' dir='ltr' id='par_1_69' title="bbox 161 2623 1795 2664">
     <span class='ocr_line' id='line_1_69' title="bbox 161 2623 1795 2664; baseline -0.004 -8"><span class='ocrx_word' id='word_1_700' title='bbox 161 2629 349 2656; x_wconf 80' lang='lat' dir='ltr'><strong>interfecisti?</strong></span> <span class='ocrx_word' id='word_1_701' title='bbox 365 2629 507 2664; x_wconf 89' lang='lat' dir='ltr'><strong>respondit</strong></span> <span class='ocrx_word' id='word_1_702' title='bbox 524 2638 532 2656; x_wconf 86' lang='lat'><strong>:</strong></span> <span class='ocrx_word' id='word_1_703' title='bbox 551 2628 610 2656; x_wconf 82' lang='lat' dir='ltr'><strong>Non</strong></span> <span class='ocrx_word' id='word_1_704' title='bbox 624 2629 718 2656; x_wconf 84' lang='lat' dir='ltr'><strong>studio</strong></span> <span class='ocrx_word' id='word_1_705' title='bbox 730 2636 896 2664; x_wconf 87' lang='lat' dir='ltr'><strong>quemquam</strong></span> <span class='ocrx_word' id='word_1_706' title='bbox 910 2628 1037 2662; x_wconf 65' lang='lat' dir='ltr'><strong>laedendi,</strong></span> <span class='ocrx_word' id='word_1_707' title='bbox 1054 2628 1129 2661; x_wconf 78' lang='lat' dir='ltr'><strong>talia,</strong></span> <span class='ocrx_word' id='word_1_708' title='bbox 1149 2628 1249 2663; x_wconf 87' lang='lat' dir='ltr'><strong>inquit,</strong></span> <span class='ocrx_word' id='word_1_709' title='bbox 1271 2629 1344 2655; x_wconf 84' lang='lat' dir='ltr'><strong>dicta</strong></span> <span class='ocrx_word' id='word_1_710' title='bbox 1355 2628 1497 2663; x_wconf 80' lang='lat' dir='ltr'><strong>proposui,</strong></span> <span class='ocrx_word' id='word_1_711' title='bbox 1511 2626 1560 2654; x_wconf 87' lang='lat' dir='ltr'><strong>sed</strong></span> <span class='ocrx_word' id='word_1_712' title='bbox 1577 2624 1710 2660; x_wconf 86' lang='lat' dir='ltr'><strong>probandi</strong></span> <span class='ocrx_word' id='word_1_713' title='bbox 1725 2623 1795 2658; x_wconf 87' lang='lat' dir='ltr'><strong>quid</strong></span> 
     </span>
    </p>
   </div>
   <div class='ocr_carea' id='block_1_70' title="bbox 162 2671 1796 2708">
    <p class='ocr_par' dir='ltr' id='par_1_70' title="bbox 162 2671 1796 2708">
     <span class='ocr_line' id='line_1_70' title="bbox 162 2671 1796 2708; baseline -0.003 -10"><span class='ocrx_word' id='word_1_714' title='bbox 162 2673 320 2706; x_wconf 71' lang='lat' dir='ltr'><strong>patriarcha</strong></span> <span class='ocrx_word' id='word_1_715' title='bbox 333 2671 453 2708; x_wconf 72' lang='lat' dir='ltr'><strong>lgnatius</strong></span> <span class='ocrx_word' id='word_1_716' title='bbox 469 2677 572 2708; x_wconf 79' lang='lat' dir='ltr'><strong>ageret,</strong></span> <span class='ocrx_word' id='word_1_717' title='bbox 589 2673 613 2699; x_wconf 88' lang='lat' dir='ltr'><strong>si</strong></span> <span class='ocrx_word' id='word_1_718' title='bbox 628 2680 679 2700; x_wconf 87' lang='lat' dir='ltr'><strong>suo</strong></span> <span class='ocrx_word' id='word_1_719' title='bbox 690 2676 814 2706; x_wconf 90' lang='lat' dir='ltr'><strong>tetnpore</strong></span> <span class='ocrx_word' id='word_1_720' title='bbox 829 2672 957 2706; x_wconf 68' lang='lat' dir='ltr'><strong>quaelibet</strong></span> <span class='ocrx_word' id='word_1_721' title='bbox 973 2672 1086 2700; x_wconf 68' lang='lat' dir='ltr'><strong>haeresis</strong></span> <span class='ocrx_word' id='word_1_722' title='bbox 1101 2679 1150 2706; x_wconf 89' lang='lat' dir='ltr'><strong>per</strong></span> <span class='ocrx_word' id='word_1_723' title='bbox 1165 2673 1339 2708; x_wconf 80' lang='lat' dir='ltr'><strong>syllogismos</strong></span> <span class='ocrx_word' id='word_1_724' title='bbox 1357 2671 1585 2707; x_wconf 87' lang='lat' dir='ltr'><strong>philosophorum</strong></span> <span class='ocrx_word' id='word_1_725' title='bbox 1602 2674 1698 2696; x_wconf 78' lang='lat' dir='ltr'><strong>exorta</strong></span> <span class='ocrx_word' id='word_1_726' title='bbox 1717 2673 1796 2702; x_wconf 87' lang='lat' dir='ltr'><strong>pate-</strong></span> 
     </span>
    </p>
   </div>
   <div class='ocr_carea' id='block_1_71' title="bbox 159 2709 1797 2752">
    <p class='ocr_par' dir='ltr' id='par_1_71' title="bbox 159 2709 1797 2752">
     <span class='ocr_line' id='line_1_71' title="bbox 159 2709 1797 2752; baseline -0.003 -9"><span class='ocrx_word' id='word_1_727' title='bbox 159 2720 261 2749; x_wconf 83' lang='lat' dir='ltr'><strong>sceret,</strong></span> <span class='ocrx_word' id='word_1_728' title='bbox 276 2718 322 2751; x_wconf 91' lang='lat' dir='ltr'><strong>qui</strong></span> <span class='ocrx_word' id='word_1_729' title='bbox 340 2717 447 2745; x_wconf 91' lang='lat' dir='ltr'><strong>scilicet</strong></span> <span class='ocrx_word' id='word_1_730' title='bbox 463 2718 538 2744; x_wconf 86' lang='lat' dir='ltr'><strong>viros</strong></span> <span class='ocrx_word' id='word_1_731' title='bbox 552 2717 702 2744; x_wconf 78' lang='lat' dir='ltr'><strong>exterioris</strong></span> <span class='ocrx_word' id='word_1_732' title='bbox 716 2716 859 2750; x_wconf 69' lang='lat' dir='ltr'><strong>sapientiae</strong></span> <span class='ocrx_word' id='word_1_733' title='bbox 875 2716 1022 2751; x_wconf 79' lang='lat' dir='ltr'><strong>repulisset</strong></span> <span class='ocrx_word' id='word_1_734' title='bbox 1039 2726 1046 2743; x_wconf 93' lang='lat'>:</span> <span class='ocrx_word' id='word_1_735' title='bbox 1063 2724 1158 2744; x_wconf 91' lang='lat' dir='ltr'><strong>verum</strong></span> <span class='ocrx_word' id='word_1_736' title='bbox 1183 2709 1307 2752; x_wconf 77' lang='lat' dir='ltr'><strong>ignoravi</strong></span> <span class='ocrx_word' id='word_1_737' title='bbox 1327 2725 1369 2744; x_wconf 83' lang='lat' dir='ltr'><strong>itte</strong></span> <span class='ocrx_word' id='word_1_738' title='bbox 1385 2716 1438 2744; x_wconf 89' lang='lat' dir='ltr'><strong>sub</strong></span> <span class='ocrx_word' id='word_1_739' title='bbox 1453 2715 1536 2750; x_wconf 88' lang='lat' dir='ltr'><strong>hujus</strong></span> <span class='ocrx_word' id='word_1_740' title='bbox 1551 2714 1647 2741; x_wconf 88' lang='lat' dir='ltr'><strong>fomite</strong></span> <span class='ocrx_word' id='word_1_741' title='bbox 1666 2712 1797 2747; x_wconf 80' lang='lat' dir='ltr'><strong>proposi-</strong></span> 
     </span>
    </p>
   </div>
   <div class='ocr_carea' id='block_1_72' title="bbox 160 2754 1796 2796">
    <p class='ocr_par' dir='ltr' id='par_1_72' title="bbox 160 2754 1796 2796">
     <span class='ocr_line' id='line_1_72' title="bbox 160 2754 1796 2796; baseline -0.002 -10"><span class='ocrx_word' id='word_1_742' title='bbox 160 2760 244 2788; x_wconf 89' lang='lat' dir='ltr'><strong>tionis</strong></span> <span class='ocrx_word' id='word_1_743' title='bbox 259 2765 298 2789; x_wconf 89' lang='lat' dir='ltr'><strong>tot</strong></span> <span class='ocrx_word' id='word_1_744' title='bbox 311 2761 419 2789; x_wconf 84' lang='lat' dir='ltr'><strong>animas</strong></span> <span class='ocrx_word' id='word_1_745' title='bbox 436 2761 647 2789; x_wconf 71' lang='lat' dir='ltr'><strong>forelatsurum.</strong></span> <span class='ocrx_word' id='word_1_746' title='bbox 666 2760 705 2787; x_wconf 81' lang='lat' dir='ltr'><strong>Ad</strong></span> <span class='ocrx_word' id='word_1_747' title='bbox 717 2759 792 2795; x_wconf 87' lang='lat' dir='ltr'><strong>quod</strong></span> <span class='ocrx_word' id='word_1_748' title='bbox 806 2759 851 2787; x_wconf 91' lang='lat' dir='ltr'><strong>ille</strong></span> <span class='ocrx_word' id='word_1_749' title='bbox 866 2769 874 2787; x_wconf 89' lang='lat'><strong>:</strong></span> <span class='ocrx_word' id='word_1_750' title='bbox 892 2760 914 2787; x_wconf 90' lang='lat'><strong>0</strong></span> <span class='ocrx_word' id='word_1_751' title='bbox 932 2760 1068 2796; x_wconf 86' lang='lat' dir='ltr'><strong>sapientia</strong></span> <span class='ocrx_word' id='word_1_752' title='bbox 1085 2761 1180 2788; x_wconf 89' lang='lat' dir='ltr'><strong>ntuttdi</strong></span> <span class='ocrx_word' id='word_1_753' title='bbox 1194 2769 1256 2796; x_wconf 68' lang='lat' dir='ltr'><strong>quae</strong></span> <span class='ocrx_word' id='word_1_754' title='bbox 1273 2760 1427 2789; x_wconf 88' lang='lat' dir='ltr'><strong>infatuatur</strong></span> <span class='ocrx_word' id='word_1_755' title='bbox 1447 2764 1475 2788; x_wconf 88' lang='lat' dir='ltr'><strong>et</strong></span> <span class='ocrx_word' id='word_1_756' title='bbox 1490 2758 1641 2786; x_wconf 84' lang='lat' dir='ltr'><strong>destruitur</strong></span> <span class='ocrx_word' id='word_1_757' title='bbox 1655 2756 1661 2783; x_wconf 88' lang='lat' dir='ltr'><strong>l</strong></span> <span class='ocrx_word' id='word_1_758' title='bbox 1679 2754 1796 2783; x_wconf 74' lang='lat' dir='ltr'><strong>Jactasti</strong></span> 
     </span>
    </p>
   </div>
   <div class='ocr_carea' id='block_1_73' title="bbox 159 2826 950 2899">
    <p class='ocr_par' dir='ltr' id='par_1_73' title="bbox 159 2826 950 2899">
     <span class='ocr_line' id='line_1_73' title="bbox 159 2826 950 2899; baseline 0.001 -43"><span class='ocrx_word' id='word_1_759' title='bbox 159 2867 186 2890; x_wconf 59' lang='lat' dir='ltr'>ﬂ</span> <span class='ocrx_word' id='word_1_760' title='bbox 197 2829 317 2899; x_wconf 41' lang='lat' dir='ltr'><strong>(sugq-Vita</strong></span> <span class='ocrx_word' id='word_1_761' title='bbox 342 2829 373 2857; x_wconf 85' lang='lat' dir='ltr'><strong>S.</strong></span> <span class='ocrx_word' id='word_1_762' title='bbox 389 2828 501 2865; x_wconf 80' lang='lat' dir='ltr'><strong>Ignatii,</strong></span> <span class='ocrx_word' id='word_1_763' title='bbox 520 2836 564 2864; x_wconf 88' lang='lat' dir='ltr'><strong>ap.</strong></span> <span class='ocrx_word' id='word_1_764' title='bbox 578 2826 662 2856; x_wconf 78' lang='lat' dir='ltr'><strong>Hard.</strong></span> <span class='ocrx_word' id='word_1_765' title='bbox 679 2828 746 2856; x_wconf 76' lang='lat' dir='ltr'><strong>Acta</strong></span> <span class='ocrx_word' id='word_1_766' title='bbox 761 2836 838 2856; x_wconf 78' lang='lat' dir='ltr'><strong>conc.</strong></span> <span class='ocrx_word' id='word_1_767' title='bbox 852 2827 884 2861; x_wconf 89' lang='lat' dir='ltr'><strong>V,</strong></span> <span class='ocrx_word' id='word_1_768' title='bbox 899 2827 950 2857; x_wconf 85' lang='lat'><strong>959</strong></span> 
     </span>
    </p>
   </div>
   <div class='ocr_carea' id='block_1_74' title="bbox 197 2898 948 2935">
    <p class='ocr_par' dir='ltr' id='par_1_74' title="bbox 197 2898 948 2935">
     <span class='ocr_line' id='line_1_74' title="bbox 197 2898 948 2935; baseline 0.004 -11"><span class='ocrx_word' id='word_1_769' title='bbox 197 2898 240 2934; x_wconf 52' lang='lat' dir='ltr'><strong>(il)</strong></span> <span class='ocrx_word' id='word_1_770' title='bbox 255 2899 418 2935; x_wconf 75' lang='lat' dir='ltr'><strong>Beveregius</strong></span> <span class='ocrx_word' id='word_1_771' title='bbox 434 2899 460 2926; x_wconf 96' lang='lat' dir='ltr'><strong>in</strong></span> <span class='ocrx_word' id='word_1_772' title='bbox 482 2898 623 2926; x_wconf 74' lang='lat' dir='ltr'><strong>Pandectis</strong></span> <span class='ocrx_word' id='word_1_773' title='bbox 638 2907 768 2926; x_wconf 78' lang='lat' dir='ltr'><strong>canonum</strong></span> <span class='ocrx_word' id='word_1_774' title='bbox 779 2919 785 2931; x_wconf 91' lang='lat'><strong>,</strong></span> <span class='ocrx_word' id='word_1_775' title='bbox 803 2903 821 2926; x_wconf 73' lang='grc' dir='ltr'>ι.</span> <span class='ocrx_word' id='word_1_776' title='bbox 840 2898 870 2931; x_wconf 84' lang='grc' dir='ltr'>ιι,</span> <span class='ocrx_word' id='word_1_777' title='bbox 888 2904 948 2927; x_wconf 82' lang='lat' dir='ltr'><strong>acta</strong></span> 
     </span>
    </p>
   </div>
   <div class='ocr_carea' id='block_1_75' title="bbox 1005 2825 1798 2866">
    <p class='ocr_par' dir='ltr' id='par_1_75' title="bbox 1005 2825 1798 2866">
     <span class='ocr_line' id='line_1_75' title="bbox 1005 2825 1798 2866; baseline -0.006 -10"><span class='ocrx_word' id='word_1_778' title='bbox 1005 2829 1050 2856; x_wconf 90' lang='lat' dir='ltr'><strong>illa</strong></span> <span class='ocrx_word' id='word_1_779' title='bbox 1068 2830 1242 2866; x_wconf 85' lang='lat' dir='ltr'><strong>supposititia</strong></span> <span class='ocrx_word' id='word_1_780' title='bbox 1253 2837 1285 2857; x_wconf 81' lang='lat' dir='ltr'><strong>ex</strong></span> <span class='ocrx_word' id='word_1_781' title='bbox 1299 2834 1375 2864; x_wconf 89' lang='lat' dir='ltr'><strong>parte</strong></span> <span class='ocrx_word' id='word_1_782' title='bbox 1389 2829 1522 2866; x_wconf 85' lang='lat' dir='ltr'><strong>ediderat.</strong></span> <span class='ocrx_word' id='word_1_783' title='bbox 1537 2826 1736 2866; x_wconf 55' lang='lat' dir='ltr'><strong>Harduinusejt</strong></span> <span class='ocrx_word' id='word_1_784' title='bbox 1752 2825 1798 2852; x_wconf 86' lang='lat' dir='ltr'><strong>in-</strong></span> 
     </span>
    </p>
   </div>
   <div class='ocr_carea' id='block_1_76' title="bbox 1005 2861 1740 2901">
    <p class='ocr_par' dir='ltr' id='par_1_76' title="bbox 1005 2861 1740 2901">
     <span class='ocr_line' id='line_1_76' title="bbox 1005 2861 1740 2901; baseline -0.007 -8"><span class='ocrx_word' id='word_1_785' title='bbox 1005 2869 1078 2901; x_wconf 73' lang='lat' dir='ltr'><strong>tcgra</strong></span> <span class='ocrx_word' id='word_1_786' title='bbox 1094 2861 1198 2901; x_wconf 70' lang='lat' dir='ltr'><strong>primus</strong></span> <span class='ocrx_word' id='word_1_787' title='bbox 1214 2861 1327 2901; x_wconf 82' lang='lat' dir='ltr'><strong>protulit</strong></span> <span class='ocrx_word' id='word_1_788' title='bbox 1338 2865 1409 2893; x_wconf 85' lang='lat' dir='ltr'><strong>inter</strong></span> <span class='ocrx_word' id='word_1_789' title='bbox 1425 2864 1492 2892; x_wconf 82' lang='lat' dir='ltr'><strong>Acta</strong></span> <span class='ocrx_word' id='word_1_790' title='bbox 1508 2863 1603 2891; x_wconf 79' lang='lat' dir='ltr'><strong>concil.</strong></span> <span class='ocrx_word' id='word_1_791' title='bbox 1619 2861 1662 2895; x_wconf 85' lang='lat' dir='ltr'><strong>Vl,</strong></span> <span class='ocrx_word' id='word_1_792' title='bbox 1677 2861 1740 2889; x_wconf 74' lang='lat'><strong>215.</strong></span> 
     </span>
    </p>
   </div>
  </div>
