1881 3077
635 163 835 194 ΡΒᾹΞΕΑΤΙΟ
851 163 893 194 ΙΝ
910 162 1047 194 ΡΗΟΤΙΙ
1058 163 1195 194 OPERA.

1002 162 1047 194 l'II
1058 163 1195 194 OPERA.
1728 168 1744 188 '

99 217 223 252 sagittas
238 218 267 244 In
279 215 484 244 multitudinem
499 215 618 251 copiosa:
631 215 730 248 turbat,
743 220 772 244 et
783 215 916 253 ignorasti
929 217 1078 252 quemlibet
1095 224 1129 245 ex
1143 217 1185 244 his
1195 218 1324 247 omnibus
1336 219 1548 248 vulnerandum.
1561 218 1642 247 Certo
1654 218 1746 246 omni-

98 262 161 290 bus
177 262 274 298 liquet,
286 261 353 297 quia
372 261 445 289 sicut
457 261 541 295 oculi,
554 261 762 296 quantumlibet
783 262 837 289 sint
857 258 947 296 magni
961 265 988 289 et
1001 261 1100 296 aperti,
1116 261 1139 289 si
1152 261 1243 291 fumus
1257 262 1397 297 palearum
1425 263 1625 298 interjacuerit.
1654 262 1747 290 videre

100 307 181 334 ultra
194 313 249 334 non
264 309 383 341 possunt
396 313 405 338 ;
420 305 457 332 ita
472 305 543 333 oculi
562 305 706 340 sapientia
720 309 784 338 tua,
798 305 1003 340 quantumlibet
1016 305 1074 333 sint
1092 306 1184 340 magni
1198 309 1226 334 et
1242 306 1338 341 patuli,
1353 307 1475 334 avaritiae
1492 311 1582 334 tamen
1596 310 1623 334 et
1636 306 1746 334 invidia:

100 350 185 378 furno
198 350 308 385 penitus
320 349 464 381 obcaecati,
479 349 620 377 tramitem
634 349 751 384 iustitiae
764 349 859 378 videre
873 357 928 378 non
944 354 1062 385 possunt
1077 358 1085 383 ;
1099 357 1131 377 ac
1144 357 1192 385 per
1209 350 1236 378 id
1250 358 1346 378 verum
1361 355 1405 379 est
1424 351 1497 386 quod
1509 350 1591 383 dicis,
1608 350 1744 377 neminem

100 395 166 422 ictu
177 399 225 422 tuo
243 398 357 429 putasse
371 400 433 421 esse
444 392 611 425 laedendum,
623 401 687 421 cum
703 394 745 422 sic
759 394 928 422 obcaecatum
942 402 1055 423 sensum
1081 395 1223 431 praedictis
1238 396 1383 424 adversum
1401 396 1586 432 patriarcham
1606 395 1745 432 passioni-

101 438 162 468 bus
177 439 292 471 habens,
307 445 359 466 nec
372 437 440 472 quid
456 438 744 474 emiserisiprazvidisti
763 438 810 474 (ε).
830 447 841 464 ›

140 492 205 521 Non
217 493 314 521 dubito
324 493 389 528 quin
402 493 436 520 ad
449 492 507 520 haec
521 491 611 520 Photii
625 491 754 520 scandala
772 491 875 520 alludat
888 493 1036 520 concilium
1051 500 1152 521 uacum.
1165 501 1226 527 vui,
1248 494 1294 522 ubi
1315 494 1442 522 Pbotium
1456 493 1539 526 veluti
1552 500 1742 529 perversorum

100 537 271 573 dogmatum
286 536 456 564 inventorem
471 535 639 572 perstringit.
651 535 738 563 Porro
751 543 839 571 neque
851 535 885 564 de
895 535 964 564 falsa
985 537 1036 564 hac
1049 537 1110 571 eius
1124 537 1261 570 doctrina,
1276 546 1327 566 nec
1338 539 1373 566 de
1383 538 1445 566 aliis
1458 537 1595 573 perversis
1607 536 1745 572 dogmati-

99 576 160 610 btis
175 582 206 609 in
217 581 294 617 libris
303 581 361 616 eius
375 581 468 615 editis,
480 581 554 616 quod
570 580 669 614 sciam,
686 580 839 616 quidquam
856 580 988 608 occurrit.
1005 579 1140 608 Inoli'enso
1156 580 1237 617 igitur
1250 581 1318 616 pede
1334 582 1459 617 percurri
1475 585 1601 617 possunt.

515 635 561 664 Ill.
575 651 612 657 —-
624 636 663 664 De
678 637 787 664 lentam
800 636 962 665 editionibua
981 637 1100 664 omnium
1113 645 1223 672 operum
1238 636 1339 665 Photii.
1559 675 1561 678 ι

136 684 248 718 Quanta
261 691 277 712 e
298 689 396 713 contra
414 683 519 712 utilitas
536 691 570 712 ex
583 683 684 712 iisdem
703 683 814 719 scriptis
825 683 929 711 hauriri
943 683 1040 718 possit,
1059 688 1195 711 testantur
1214 683 1293 719 juges
1319 687 1435 713 conatus
1451 684 1576 713 virorum
1595 683 1742 712 doctorum

99 730 216 764 saepius,
230 729 277 757 sed
293 728 397 756 frustra
408 728 437 756 in
448 728 500 757 hoc
515 728 644 764 impensi,
657 732 687 756 ut
701 728 805 764 scripta
815 726 907 756 Photii
922 727 951 756 in
966 735 1052 755 unum
1063 727 1148 755 veluti
1159 735 1260 762 corpus
1272 728 1386 757 collecta
1400 729 1559 762 ederentur,
1572 733 1601 757 et
1611 730 1742 757 emenda-

102 774 160 801 tius
171 780 256 808 quam
272 772 380 807 pridem
398 773 427 799 in
441 772 531 800 lucem
548 772 702 808 prodirent.

137 817 230 845 Testis
242 821 283 845 est
298 816 330 844 D.
344 815 568 852 Hergenrmtber,
583 815 611 843 in
630 815 825 844 dissertatione
834 822 917 851 quam
931 815 1002 843 infra
1012 815 1131 848 edimus,
1148 815 1298 844 Antonium
1317 815 1479 850 Catiforum,
1503 815 1568 844 huic
1585 815 1661 851 operi
1675 816 1741 844 olim

99 861 256 888 insudasse.
280 868 291 886 ι
307 859 445 887 Antonius
458 859 598 888 Catiforus
614 859 792 896 Zacynthius,
807 859 857 893 ait,
874 860 944 887 mira
965 867 1028 887 cum
1045 859 1209 887 assiduitate
1228 860 1357 888 universa
1379 859 1470 887 Photii
1485 867 1568 895 opera
1586 860 1739 894 colligenda

98 904 228 936 curavit;
246 903 400 931 editionem
415 908 508 931 tamen
519 903 664 939 diligenter
674 908 857 939 praeparatam
875 903 909 931 ad
924 903 1005 931 linem
1023 903 1173 939 perducere
1189 911 1244 931 non
1260 904 1350 939 potuit
1362 903 1409 939 (f).
1426 912 1436 930 ι
1457 903 1564 938 Scripta
1583 903 1698 931 Catifori
1714 901 1741 931 ei

98 956 185 983 opera
204 949 240 976 ab
253 956 288 976 eo
304 947 447 979 translata.
464 947 492 975 in
507 947 674 976 bibliotheca
688 947 718 976 S.
734 947 818 976 Marci
832 947 954 976 Venetils
974 952 1129 980 servantur,
1145 947 1194 975 ubi
1210 947 1242 975 Ι).
1256 946 1469 982 Ηθτεεητωιιιει·
1480 947 1575 974 eadem
1591 946 1739 977 consuluit.

95 991 184 1020 Nobis
198 996 290 1019 tamen
305 992 401 1020 datum
416 999 472 1019 non
484 995 538 1024 est,
550 991 587 1019 ob
603 991 760 1026 angustiam
775 991 918 1026 temporis,
932 995 960 1019 et
976 991 1103 1019 locorum
1115 990 1286 1024 distantiam,
1301 999 1335 1020 ex
1352 991 1492 1019 laboribus
1500 990 1653 1019 doctissimi
1666 990 1741 1018 Cati-

95 1040 165 1071 fori,
181 1039 327 1066 utilitatem
341 1038 462 1074 aliquam
477 1038 506 1066 in
521 1039 593 1066 hanc
604 1039 755 1066 editionem
768 1043 892 1066 nostram
906 1038 1047 1066 derivare.

131 1084 171 1112 Ex
182 1083 336 1112 Annalibus
350 1083 582 1112 Trivultiensihus
597 1091 664 1112 ann.
681 1083 751 1111 I724
771 1083 898 1111 novimus
912 1082 1061 1110 editionem
1077 1081 1201 1110 omnium
1227 1088 1343 1117 operum
1367 1081 1458 1110 Photii
1474 1086 1541 1110 tunc
1558 1080 1691 1118 temporis
1704 1081 1740 1108 ab

94 1129 192 1165 Anglis
201 1128 288 1156 fuisse
303 1133 439 1163 paratam,
453 1135 515 1162 qua:
527 1134 617 1156 tamen
633 1128 667 1156 ad
684 1135 802 1163 unguem
818 1127 952 1162 perducta
967 1133 1022 1153 non
1038 1129 1087 1153 est
1102 1124 1152 1160 (g).

127 1173 264 1200 Martinus
274 1172 435 1204 Gerbertus,
452 1172 539 1200 abbas
552 1171 781 1206 Congregationis
797 1171 827 1198 S.
846 1170 930 1198 Blasii
949 1169 977 1197 in
993 1168 1066 1196 Silva
1080 1167 1175 1204 Nigra,
1198 1175 1273 1196 anno
1295 1166 1365 1196 I759
1386 1169 1440 1195 lter
1454 1167 1588 1195 Gallicum
1605 1167 1737 1204 suscepit,

94 1219 121 1245 in
136 1225 193 1252 quo
209 1216 310 1245 editori
327 1216 452 1244 omnium
464 1223 578 1251 operum
593 1214 685 1243 Photii
697 1214 824 1242 incurrit.
842 1214 981 1241 Enarrans
993 1214 1067 1241 enim
1082 1220 1115 1240 ea
1133 1220 1196 1248 quae
1209 1211 1324 1240 Parisiis
1334 1212 1538 1244 observaverat,
1559 1212 1599 1239 sic
1611 1211 1711 1239 scribit
1726 1222 1733 1238 :

95 1271 105 1287 ι
127 1262 159 1290 Ρ.
179 1260 272 1289 Castel
289 1268 402 1296 operam
423 1260 470 1288 dat
492 1259 608 1288 editioni
625 1259 731 1291 Photii.
755 1259 804 1288 sed
816 1266 864 1294 per
878 1259 1027 1287 decursum
1044 1257 1155 1286 demum
1175 1257 1324 1285 multorum
1342 1264 1478 1284 annorum
1492 1256 1681 1292 perfecturum
1704 1264 1736 1284 se

93 1311 186 1342 sperat
199 1306 242 1334 vir
256 1306 285 1333 in
302 1305 370 1333 liore
387 1304 475 1332 aetatis
490 1304 657 1333 constitutus
669 1311 678 1337 ;
690 1304 725 1331 de
737 1311 793 1338 quo
808 1310 860 1339 ego
875 1303 996 1338 insignia
1009 1303 1112 1338 quaevis
1124 1302 1263 1330 ominatos
1276 1309 1338 1330 sum
1359 1308 1394 1330 ex
1404 1301 1511 1330 erudita
1530 1301 1734 1338 placidissima-

92 1359 147 1386 que
164 1350 377 1378 conversatione
389 1349 419 1377 in
430 1348 599 1377 monasterio
623 1347 653 1376 S.
673 1347 797 1383 Dionysii
815 1355 878 1376 cum
891 1354 926 1375 eo
940 1347 1034 1375 habita
1051 1346 1104 1382 (Ii).
1122 1356 1133 1372 ι

126 1402 264 1435 Tandem,
277 1406 346 1431 teste
360 1402 436 1430 card.
450 1401 484 1430 Δ.
499 1401 566 1434 Mai,
581 1401 759 1430 doctissimus
768 1400 919 1434 Morellius,
934 1399 963 1427 in
979 1398 1109 1433 Catalogo
1125 1397 1245 1425 codicum
1260 1397 1429 1431 Venetorum,
1446 1405 1507 1434 pag.
1522 1397 1569 1432 95,
1584 1405 1667 1434 quem
1691 1398 1732 1426 ln-

92 1447 199 1483 spicere
215 1446 297 1475 nobis
310 1453 368 1475 non
383 1445 483 1474 licuit:
501 1453 511 1472 ι
529 1445 714 1481 Conspectum
729 1444 857 1473 editionis
866 1443 992 1472 omnium
1006 1449 1123 1478 operum
1143 1441 1231 1469 Photii
1247 1442 1437 1470 concinnavit.
1452 1452 1463 1469 υ

504 1499 550 1529 IV.
566 1515 602 1522 -—
616 1500 652 1528 De
667 1501 756 1535 prima
769 1501 819 1528 hac
838 1500 954 1529 editione
967 1499 1086 1527 omnium
1101 1506 1209 1534 operum
1222 1497 1325 1526 Photii.

126 1550 214 1578 Nemo
226 1550 311 1586 igitur
327 1550 460 1577 hactenus
476 1556 561 1585 opera
574 1549 667 1577 omnia
684 1548 777 1577 lli‘botii
796 1548 908 1584 collegit
924 1555 931 1575 :
951 1547 1023 1584 quod
1040 1554 1102 1581 nos,
1116 1547 1206 1582 quoad
1220 1547 1308 1581 licuit,
1320 1547 1377 1581 iam
1400 1552 1574 1583 praestamus.
1589 1547 1627 1576 Ea
1643 1553 1733 1576 autem

91 1596 120 1623 in
131 1595 255 1630 quinque
266 1597 360 1628 partes
371 1592 529 1627 divisimus,
542 1600 660 1628 quarum
672 1593 762 1628 prima
771 1592 964 1627 complectitur
980 1599 1063 1626 opera
1081 1591 1108 1618 in
1123 1590 1154 1619 S.
1170 1590 1342 1626 Scripturam
1356 1598 1405 1619 seu
1420 1592 1578 1627 exegetica;
1596 1593 1731 1623 secunda.

91 1644 177 1672 opera
191 1635 364 1671 dogmatica;
383 1634 474 1668 tertia,
488 1641 571 1670 opera
585 1634 768 1669 paraenetica;
783 1638 892 1669 quarta,
913 1632 998 1670 oper'a
1018 1635 1150 1663 historica
1166 1643 1175 1669 ;
1195 1635 1291 1670 quinta
1304 1642 1388 1670 opera
1398 1636 1533 1664 canonica
1550 1643 1558 1663 :
1575 1635 1669 1663 omnia
1682 1644 1731 1663 au-

93 1686 146 1708 tem
156 1684 278 1716 quatuor
289 1678 475 1708 voluminibus
486 1699 495 1713 ,
509 1679 553 1712 CI,
566 1678 621 1711 Cll,
634 1677 692 1707 CIII
704 1683 732 1706 et
742 1677 811 1712 CIV,
825 1678 991 1714 Patrologiw
1002 1683 1103 1707 nostra:
1119 1678 1222 1707 Graecae
1234 1678 1439 1708 describentur.

129 1726 168 1755 De
181 1727 300 1764 singulis
316 1727 444 1762 quaedam
466 1727 637 1762 notabimus,
657 1727 758 1756 dicturi
772 1727 914 1762 deinceps.
929 1727 964 1755 de
974 1727 1103 1763 operibus
1113 1727 1216 1761 Photii,
1234 1727 1356 1759 inoditis.
1371 1727 1532 1763 depcrditis,
1552 1731 1636 1762 atque
1649 1727 1732 1756 etiam

93 1772 128 1801 de
139 1771 264 1806 omissis,
278 1772 321 1800 vel
332 1771 398 1807 quia
411 1771 563 1808 argumenti
579 1779 655 1800 mere
668 1771 778 1807 profani
807 1776 885 1805 sunt,
905 1772 955 1801 vel
968 1772 1043 1808 quod
1057 1773 1113 1801 alio
1127 1773 1239 1801 nomine
1250 1773 1308 1809 jam
1319 1780 1335 1801 a
1351 1773 1431 1801 nobis
1452 1773 1526 1802 edita
1541 1774 1608 1802 sint.

597 1826 631 1856 γ.
646 1842 681 1849 -
692 1827 731 1856 De
742 1828 829 1864 primo
848 1829 979 1857 uolumine
994 1829 1074 1864 huius
1092 1829 1228 1857 editionis.

129 1881 262 1910 Volumen
276 1882 395 1917 primum
409 1881 469 1910 sola
485 1888 568 1917 opera
582 1882 610 1909 in
625 1880 656 1910 S.
672 1880 842 1916 Scripturam
857 1883 989 1916 continet,
1010 1883 1081 1911 inter
1095 1890 1155 1918 quae
1167 1882 1287 1911 eminent
1303 1881 1474 1919 Quaestiones
1487 1883 1731 1919 Amphilochianzr,

94 1934 154 1963 qua:
171 1926 234 1960 etsi,
254 1927 345 1962 quoad
358 1926 490 1961 majorem
503 1930 620 1962 partem,
636 1925 710 1954 circa
726 1925 756 1954 ὃ.
768 1926 939 1962 Scripturam
954 1931 1108 1959 versentur,
1122 1926 1251 1954 nonnulla
1264 1930 1356 1955 tamen
1371 1932 1531 1962 argumenta
1544 1927 1731 1962 philosophica

92 1976 118 1998 et
131 1970 266 1999 historica
281 1971 433 2005 attingunt.
446 1970 527 1998 Nullo
540 1970 615 1998 enim
632 1970 739 2003 ordine,
757 1970 812 1998 nisi
823 1969 943 1999 fortasse
962 1970 1095 2006 temporis
1110 1978 1166 2006 quo
1177 1970 1288 2005 scripta:
1303 1969 1424 2004 fuerunt,
1440 1971 1468 1998 in
1481 1971 1625 1999 codicibus
1638 1971 1730 2006 dispo-

92 2019 212 2047 nuntur,
227 2013 275 2043 sed
289 2014 454 2049 promiscue,
468 2013 507 2042 ita
521 2017 552 2042 ut
569 2020 625 2041 non
642 2017 745 2041 temere
759 2013 996 2048 inquisiverimus,
1009 2013 1084 2049 quid,
1098 2013 1227 2042 omnibus
1240 2014 1393 2050 perpensis,
1406 2014 1494 2049 magis
1512 2014 1666 2049 expediret,
1685 2020 1731 2042 aut

91 2058 200 2087 codices
224 2058 306 2087 caecis
332 2058 422 2086 oculis
449 2057 607 2086 exscribere
629 2061 657 2085 et
678 2057 767 2092 sequi,
790 2062 839 2085 aut
861 2059 1029 2094 quaestiones
1057 2057 1301 2094 Amphilochianas
1332 2058 1411 2094 juxta
1441 2058 1567 2086 ordinem
1600 2058 1731 2086 libroruin

92 2102 122 2132 S.
135 2103 297 2138 Scriptura,
310 2102 413 2138 quibus
425 2102 602 2139 respondent,
615 2102 782 2138 disponere?

126 2159 222 2187 Primo
232 2160 303 2195 apud
319 2167 370 2187 nos
384 2160 437 2188 hoc
450 2161 590 2195 posterius
602 2159 749 2188 consilium
763 2158 918 2194 praevaluit,
933 2158 997 2194 quia
1011 2158 1074 2186 libri
1085 2165 1154 2187 usus
1170 2157 1278 2186 facilior
1288 2157 1399 2186 futurus
1411 2157 1566 2191 videbatur,
1584 2158 1608 2186 si
1617 2158 1730 2193 quidem

92 2203 149 2232 fere
165 2208 223 2232 tota
236 2204 362 2232 collectio
375 2203 590 2232 Commentariis
605 2203 633 2231 in
651 2203 681 2231 ὃ.
697 2203 868 2237 Scripturam
889 2207 1012 2236 constat;
1028 2207 1087 2230 tum
1101 2202 1185 2230 etiam
1215 2204 1281 2238 quia
1296 2202 1396 2230 mirum
1414 2202 1500 2231 videri
1522 2207 1631 2238 poterat
1654 2210 1729 2238 qua:-

91 2247 196 2276 stiones
213 2246 355 2283 profanus,
378 2251 427 2276 aut
437 2247 652 2284 philosophicas,
668 2247 867 2282 questionibus
882 2246 1095 2282 scripturisticis
1109 2246 1210 2282 passim
1223 2246 1344 2275 misceri.

126 2296 316 2331 Nihilominus
331 2303 442 2331 tandem
454 2303 599 2340 praevaluit
611 2303 706 2340 opinio
718 2303 871 2332 doctissimi
884 2302 1106 2338 Hergenrmtber,
1119 2302 1168 2337 qui
1186 2309 1250 2330 cum
1267 2302 1507 2337 diligentissimam
1520 2309 1631 2338 operam
1645 2302 1728 2331 collo-

91 2351 181 2375 casset
197 2347 227 2374 in
239 2346 412 2382 colligendis,
427 2347 609 2375 emendandis
620 2351 648 2375 et
664 2347 836 2375 elucidandis
861 2346 953 2375 Photii
969 2346 1169 2381 quaestionibus
1186 2345 1433 2380 Amphilochianis,
1448 2346 1558 2374 facilius
1575 2346 1727 2381 diiudicare

91 2390 180 2425 potuit
193 2397 320 2425 quaenam
334 2389 419 2418 fuerit
434 2390 556 2419 auctoris
575 2397 654 2419 mens
670 2395 697 2419 et
709 2391 835 2418 intentio.
853 2389 889 2423 Is,
906 2390 1058 2426 quastione
1073 2393 1182 2417 mature
1195 2397 1341 2425 perpensa,
1358 2391 1465 2426 putavit
1484 2390 1610 2418 ordinem
1626 2390 1726 2418 codicis

92 2433 215 2462 Vaticani
226 2434 273 2469 qui
283 2434 408 2462 omnium
420 2434 666 2469 praestantissimus
676 2434 758 2462 estad
765 2434 897 2462 amussim
908 2433 1078 2469 sequendum
1087 2441 1158 2467 esse,
1171 2438 1199 2461 et
1213 2438 1325 2462 secutus
1336 2438 1388 2467 est,
1400 2434 1536 2469 praecipue
1545 2434 1609 2469 quia
1618 2433 1726 2461 Photii»

91 2477 148 2513 ipse
156 2478 324 2513 quaestiones
339 2485 355 2505 a
365 2485 395 2505 se
408 2478 525 2511 solutas,
535 2478 588 2505 hoc
604 2478 701 2506 ordine
714 2485 747 2505 ex
759 2477 894 2506 industria
905 2478 1077 2513 disposuisse
1093 2478 1208 2512 videtur,
1221 2485 1276 2512 quo
1290 2479 1422 2506 varietate
1438 2479 1528 2513 potius
1541 2486 1623 2513 quam
1638 2478 1726 2513 rigore

92 2521 213 2549 methodi
226 2521 322 2549 lectori
341 2521 499 2557 placerent;
525 2521 619 2550 minus
643 2528 710 2549 sane
729 2521 876 2556 placitura,
893 2521 917 2549 si
933 2522 1061 2557 quamvis
1074 2522 1110 2550 ad
1122 2522 1193 2550 idem
1211 2522 1376 2550 eruditionis
1388 2529 1475 2557 genus
1492 2526 1627 2556 spectent,
1644 2523 1727 2550 veluti

93 2565 216 2593 membra
227 2565 312 2593 unius
323 2565 449 2601 corporis
465 2566 613 2601 discerpta,
634 2566 759 2594 diversas
781 2571 809 2594 et
829 2567 969 2600 sejunctas
988 2566 1067 2594 sedes
1086 2565 1159 2593 inter
1174 2566 1295 2594 auctoris
1309 2572 1392 2600 opera
1404 2572 1598 2600 occupassent.
1614 2565 1728 2594 Accedit

93 2609 175 2644 quod,
191 2616 245 2645 ope
259 2609 427 2644 tabularum,
438 2617 507 2645 quas
519 2610 550 2638 D.
566 2610 779 2645 Hergenrmtbcr
794 2610 924 2644 confecit,
932 2609 1025 2638 omnia
1037 2609 1182 2638 commoda
1197 2609 1303 2637 ordinis
1318 2609 1465 2637 methodici
1477 2609 1595 2639 obtineri
1611 2610 1720 2645 possint

128 2707 256 2743 (eiApud
280 2706 366 2735 Ilard.
379 2708 446 2736 Acta
457 2708 553 2736 concil.
570 2707 674 2743 V,752,
687 2708 749 2742 75.5,
763 2708 790 2736 in
804 2708 884 2736 Praef.
935 2709 1107 2736 scribebatur
1127 2717 1134 2736 :
1155 2717 1166 2735 ‹
1183 2706 1223 2736 0n
1249 2708 1372 2736 travaille
1390 2708 1424 2737 ici
1448 2708 1465 2737 ξι
1488 2716 1543 2737 une
1565 2708 1668 2736 edition
1693 2708 1725 2736 de

94 2742 272 2779 conciliivni.
293 2777 302 2779 _
352 2778 365 2779 γ
935 2744 1051 2772 Photius
1070 2745 1130 2779 plus
1153 2744 1242 2778 ample
1257 2752 1310 2778 que
1326 2748 1415 2773 toutes
1431 2745 1514 2773 celles
1527 2745 1608 2779 qu‘on
1629 2751 1645 2770 a
1659 2751 1724 2771 vocs

127 2777 165 2818 (⁸1)
186 2776 246 2804 Vid.
259 2777 332 2818 infra
346 2778 539 2818 Prolegomeno
558 2779 761 2818 adqttcestiones
776 2779 886 2818 Amp/if-
932 2776 1079 2818 jusqu'ici:
1093 2789 1104 2818 ρ
1123 2776 1460 2818 dignun-esusTrévouag,
1478 2776 1558 2818 1⁵12έί,
1579 2788 1645 2818 pag.
1662 2779 1725 2807 765.

127 2787 165 2818 ιι)
190 2787 246 2804 nu.
259 2787 332 2805 intra
347 2787 539 2819 rrotegomeno
558 2787 592 2806 aa
602 2787 761 2819 quastione:
776 2787 837 2814 mn;

95 2811 241 2853 locI_t_t_a_nas_,
267 2821 307 2853 p_._
323 2814 368 2853 II,
393 2819 421 2842 et
446 2812 555 2843 Fabric.
569 2814 650 2843 .Btbl.
675 2815 769 2843 Graeca
793 2820 813 2842 t.

978 2787 1073 2840 Ῠαιει.
1094 2789 1104 2805 ι
1124 2787 1263 2806 memon-es
1276 2787 1309 2806 ae
1331 2787 1460 2812 u-evoux,
1478 2787 1558 2813 1124,
1579 2788 1640 2815 pag.
1666 2787 1720 2807 tua

978 2813 1129 2853 jt_)__Ma_rtit_ii
1144 2813 1266 2853 Gerberti
1280 2815 1354 2853 abb.,
1365 2815 1496 2853 eth/er
1504 2815 1720 2853 Alemaiipictgn,

98 2856 122 2882 p.
134 2848 267 2887 5-i7hedit.
283 2848 362 2887 llai‘l.
428 2885 444 2887 __
493 2885 508 2887 μ
665 2886 670 2887 γ
765 2885 785 2887 _
852 2886 856 2887 γ
875 2848 878 2849 ⁷
934 2848 1035 2887 accedit
1050 2849 1181 2887 γινιιιιρεαῃι
1196 2850 1382 2887 etgallicum,
1400 2860 1427 2887 p.
1442 2850 1505 2885 522,
1529 2850 1595 2878 edit.
1610 2850 1654 2878 29.
1671 2850 1720 2885 Ty-

131 2883 225 2918 (9)13:
250 2883 375 2913 Londino
403 2885 554 2914 editoribus
584 2886 732 2914 Annalium
765 2885 881 2914 Trivult.
934 2886 977 2920 pis
992 2885 1179 2914 Sunhlasianis
1197 2885 1276 2914 1775.
