1881 3077
155 184 181 205 γι
701 181 897 213 ΡΒΛΞΡΑΤΙΟ

701 181 898 213 ΡΒΛΞΡΑΤΙΟ
918 182 957 212 ΙΝ
973 182 1105 213 ΡΗΟΤΙΙ
1121 183 1255 216 OPERA.

196 235 289 263 Set-nti
310 243 405 264 sumus
422 243 488 272 ergo
511 236 637 264 ordinem
654 237 758 265 codicis
776 237 900 265 Vaticani
912 237 960 272 qui
978 238 1048 266 l92‘5
1061 239 1196 272 signatus,
1223 239 1357 273 omnium,
1375 245 1404 267 ut
1421 239 1451 266 l).
1466 237 1676 273 llergenroathcr
1699 243 1780 267 autu-

158 283 224 312 mat,
239 280 467 314 praestantissimi,
491 281 538 315 qui
563 281 662 308 saeculo
685 289 733 308 xm
757 285 885 309 exaratus
902 284 953 315 est,
969 283 996 307 et
1009 280 1173 314 quastiones
1194 280 1246 309 515
1270 281 1392 308 continet
1407 300 1415 313 ,
1440 284 1539 315 pratter
1559 279 1626 307 alias
1642 281 1788 308 nonnullas

158 330 220 356 quae
237 331 350 350 numero
374 328 479 351 carent.
506 323 651 358 Nunquam
678 329 767 352 tamen
792 325 938 353 ascendent
957 324 991 351 ad
1011 330 1155 350 numerum
1171 323 1225 351 441
1237 331 1318 358 quem
1336 323 1485 351 Cotelerius
1498 330 1527 350 se
1540 322 1674 358 reperisse
1690 323 1787 351 scribit

159 366 187 392 in
205 367 299 394 codice
319 367 477 395 Golbertino
500 366 550 402 (i);
566 367 624 399 sed,
643 367 670 394 ni
686 367 776 401 fallor,
791 368 967 396 doctissimus
990 367 1033 395 vir
1047 374 1193 395 numerum
1216 368 1401 403 quaestionum
1430 368 1557 395 incautus
1581 366 1706 395 confudit
1722 375 1786 395 cum

161 419 275 438 numero
289 418 344 446 quo
358 411 415 445 ipse
427 410 514 438 codex
531 412 558 438 in
579 411 747 439 bibliotheca
765 412 922 440 Colbertina
937 412 1156 446 inscribebatur;
1174 419 1256 440 nemo
1273 413 1346 441 enim
1363 416 1466 440 tantam
1481 411 1664 447 quaestionum
1679 412 1785 447 copiam

159 455 188 482 in
215 455 278 482 ullis
300 454 441 481 codicibus
457 454 623 482 observavit.

195 498 268 532 Quot
281 499 447 534 quaestiones
459 499 598 533 sigillatim
611 506 626 526 a
640 497 750 531 Wollio,
768 498 803 527 ab
819 498 884 525 Ant.
899 497 1006 532 Scotto,
1022 506 1037 526 a
1051 499 1128 526 card.
1146 498 1226 532 Maio,
1242 498 1322 527 editae
1343 499 1466 532 fuerunt,
1482 506 1538 534 quo
1551 505 1625 527 anno
1639 503 1668 527 et
1683 503 1785 533 quanta

159 543 242 570 cura?
254 547 320 577 quot
336 543 500 576 quaestiones
517 543 574 577 ipse
592 542 624 569 D.
641 542 854 578 Hergenrmther
869 549 902 569 ex
926 541 1065 569 codicibus
1076 542 1271 577 manuscriptis
1288 542 1333 570 hic
1345 543 1463 578 primum
1477 541 1601 577 profert?
1616 546 1683 578 quot
1697 542 1787 570 adhuc

158 586 271 614 edendae
282 591 437 620 supersunt,
451 586 568 619 reperiet
582 586 668 613 lector
681 586 708 613 in
724 585 941 613 luculentissima
955 584 985 612 Ι).
996 584 1209 620 llergenrmther
1222 585 1429 620 dissertatione,
1441 593 1524 621 quam
1536 586 1625 621 primo
1639 585 1699 613 loco
1712 585 1784 613 inter

159 630 350 665 prolegomene
372 630 452 664 primi
470 629 618 656 voluminis
632 637 746 665 operum
767 629 856 657 Photii
871 628 1016 657 edidimus.

194 673 355 701 Nolabimus
379 678 495 706 tantum,
521 678 619 708 praeter
633 674 742 701 codices
762 673 974 708 manuscriptos.
996 672 1024 699 in
1047 671 1149 707 quibus
1164 672 1330 707 quaestiones
1349 672 1585 707 Amphilochiana!
1602 672 1785 700 continentur

159 722 185 744 et
200 724 215 743 a
234 717 266 744 D.
287 716 497 752 Hergenrmther
510 716 591 750 infra,
608 725 668 752 pag.
685 717 729 748 H,
747 720 933 749 recensentur,
949 716 1007 743 dari
1025 716 1135 743 codices
1158 716 1306 744 nonnullos
1323 723 1394 751 quos
1416 716 1460 744 his
1476 716 1569 744 verbis
1588 720 1785 743 commemorat

161 760 191 788 υ.
212 759 282 787 llase
297 761 324 787 in
338 761 409 788 notis
427 761 484 788 suis
499 761 532 788 ad
546 761 683 795 dialogum
712 769 792 796 quem
815 760 920 788 Manucl
940 759 1107 794 Palaeologus
1121 759 1330 794 Coustantinop.
1346 759 1493 794 imperator
1507 759 1621 794 Ancyrae
1635 759 1662 785 iu
1678 758 1784 786 Galatia

160 804 254 831 habuit
263 812 325 832 eum
338 805 456 840 quodam
466 804 558 837 Persa,
571 805 604 833 de
618 805 775 840 praestantia
789 804 928 840 religionis
937 803 1099 831 Christianae
1116 807 1143 830 et
1150 802 1268 830 falsitate
1284 802 1345 830 fidei
1353 802 1561 831 Mahumetanze.
1572 812 1581 829 ‹
1594 802 1783 837 Amphilochia

159 848 259 879 Photii,
280 849 328 881 ait,
343 855 358 876 a
375 849 467 876 multis
492 848 601 876 laudata
614 853 640 876 et
652 853 766 881 tentata,
783 849 830 876 sed
846 848 880 875 ad
891 847 942 875 hoc
957 852 1064 881 tempus
1080 846 1136 882 (au.
1151 845 1231 881 1807)
1247 853 1389 881 nunquam
1402 846 1486 879 edita,
1502 850 1611 874 exstant
1623 846 1652 873 in
1667 850 1785 881 quatuor

159 893 238 921 hornis
258 894 399 921 codicibus
416 894 588 922 bibliothecae
610 893 713 922 Caesar.
737 893 899 921 Parisiensis

1040 889 1120 922 iiano,
1143 894 1174 916 ην
1192 888 1245 916 270
1260 890 1370 925 optima:
1389 894 1473 923 noue,
1491 889 1590 917 Photio
1609 888 1667 917 fere
1680 896 1782 923 coaevo,

157 936 192 963 de
207 944 262 971 quo
277 936 471 966 Montefalcon.
491 936 622 966 Biblioth.
637 937 718 965 Coisl.
733 937 821 965 Paris.
842 935 920 969 l7l5,
934 943 961 970 p.
982 934 1051 967 325;
1071 934 1156 961 altero
1171 932 1266 969 Regio,
1278 942 1308 961 n.
1318 933 1399 967 l228,
1415 941 1478 962 sese.
1496 941 1540 967 xt;
1557 933 1636 961 tertio
1650 933 1714 962 item
1729 933 1784 961 Re—

158 980 203 1014 gio
220 980 299 1013 l229,
323 980 462 1015 descripto
483 987 517 1007 ex
541 980 604 1008 cod.
621 981 723 1007 montis
739 980 822 1013 Atho,
842 979 921 1015 jussu
930 977 1075 1013 Chrysanti
1095 976 1214 1009 Notarae,
1234 978 1281 1013 qui
1307 981 1365 1005 erat
1387 977 1587 1013 Hierosolymis
1612 978 1784 1013 patriarcha,

158 1031 205 1051 an.
229 1024 300 1051 1717
315 1023 391 1058 (Vid.
413 1023 451 1050 Le
464 1023 561 1057 Quien,
575 1023 669 1051 Oriens
679 1024 778 1051 Christ.
794 1023 882 1051 Paris.
900 1023 980 1056 1740,
994 1025 1014 1048 t.
1028 1020 1072 1053 111,
1084 1021 1138 1048 col.
1152 1020 1232 1056 5‘26);
1246 1024 1354 1056 quarto,
1369 1029 1397 1048 n.
1412 1020 1454 1056 60,
1464 1021 1664 1056 Supplementi,
1677 1020 1785 1049 duobus

158 1065 251 1096 tomis.
269 1065 404 1099 descripto
419 1072 532 1092 avorum
549 1070 706 1093 nostrorum
728 1069 817 1098 aetate,
832 1072 864 1092 ex
885 1064 969 1100 Regio
984 1063 1065 1095 1228,
1076 1071 1158 1098 quem
1177 1071 1260 1098 supra
1273 1064 1328 1091 dixi
1349 1064 1415 1099 (j).i

196 1107 290 1135 Codex
308 1108 456 1136 Vaticanus
477 1108 548 1136 l92'5
572 1116 650 1142 quem
666 1108 809 1143 sequimur
831 1109 901 1136 inter
921 1108 1086 1142 quaestiones
1120 1108 1364 1143 Amphilochianas
1380 1108 1490 1136 exhibet
1504 1115 1557 1135 non
1582 1114 1684 1143 paucas
1695 1107 1785 1135 Photii

159 1152 299 1187 epistolas,
312 1160 380 1187 quas
405 1152 589 1181 Montacutins
619 1153 703 1180 veluti
726 1153 856 1188 epistolas
873 1151 967 1180 edidit.
984 1149 1021 1178 Ut
1041 1151 1127 1178 series
1142 1151 1327 1186 quastionum
1354 1151 1548 1186 oompleretur,
1570 1152 1701 1186 epistolas
1724 1151 1787 1180 illas

157 1202 191 1222 ex
208 1195 278 1223 libro
293 1196 472 1230 epistolarum
488 1196 559 1223 inter
570 1196 735 1231 quaestiones
745 1195 987 1230 Ampliiloehianas
998 1195 1190 1223 transtulimus
1201 1199 1230 1223 et
1241 1202 1292 1223 suo
1306 1195 1367 1223 loco
1379 1195 1532 1229 edidimus;
1551 1195 1681 1230 epistolas
1693 1199 1783 1223 autem

157 1239 288 1274 reliquas,
303 1244 333 1266 ut
350 1239 442 1267 statim
458 1239 591 1272 dicemus,
617 1246 688 1267 novo
701 1239 798 1267 ordine
813 1239 1013 1274 disposuimus.

191 1282 221 1309 1n
245 1283 287 1310 his
307 1282 506 1317 quaestionibus
527 1283 764 1318 Amphilochianis
789 1282 938 1315 solvendis,
957 1282 1073 1311 Photius
1099 1289 1153 1310 non
1177 1289 1285 1318 semper
1300 1290 1335 1311 ex
1358 1283 1471 1319 proprio
1494 1282 1570 1311 fonte
1590 1282 1784 1318 responsiones

158 1325 262 1358 hausit,
280 1325 327 1353 sed
341 1325 376 1352 ab
397 1326 557 1354 auctoribus
573 1326 620 1361 qui
639 1330 703 1353 ante
718 1326 809 1361 ipsum
824 1327 996 1361 scripserunt
1017 1333 1065 1353 eas
1079 1330 1223 1354 mutuatus
1247 1330 1300 1354 est.
1317 1326 1485 1354 Theodoreti
1508 1327 1662 1361 praesertim
1683 1327 1784 1360 scripta

157 1369 270 1404 expilat,
288 1369 354 1404 quin
369 1377 432 1397 eum
448 1370 591 1402 nominet;
610 1369 679 1397 alios
705 1369 867 1404 interpretes
885 1369 915 1397 S.
933 1369 1083 1405 Scriptura:
1098 1369 1132 1397 ad
1144 1369 1264 1397 litteram
1277 1370 1419 1404 exscribit,
1438 1370 1523 1398 tacito
1537 1377 1632 1398 eorum
1655 1370 1785 1403 nomine;

158 1413 281 1447 adeoque
295 1413 377 1448 plagii
393 1420 457 1441 reus
472 1420 532 1441 esse
548 1413 666 1442 videtur.

190 1456 269 1484 Absit
281 1460 311 1484 ut
322 1456 449 1484 Photium
461 1456 494 1484 ab
506 1457 580 1485 omni
593 1457 683 1492 plagio
698 1457 814 1485 liberum
825 1464 886 1486 esse
899 1458 998 1493 dicam,
1009 1468 1072 1488 cum
1088 1467 1103 1488 a
1118 1460 1193 1488 furto
1206 1459 1333 1488 excusari
1344 1467 1398 1487 non
1408 1459 1504 1494 possit,
1515 1458 1542 1486 id
1554 1458 1626 1494 quod
1636 1458 1663 1486 in
1674 1457 1783 1486 Petrum

160 1500 283 1528 Siculum
296 1501 446 1534 commisit,
459 1506 488 1528 ut
503 1501 574 1528 infra
591 1502 749 1535 ostendam;
763 1506 790 1530 et
806 1507 936 1536 praeterea
947 1508 1063 1538 veteres,
1080 1504 1235 1540 suppressis
1251 1503 1422 1537 nominibus,
1436 1503 1656 1536 trauscribeudo,
1669 1509 1780 1537 gravem

158 1545 345 1581 suspicionem
363 1545 397 1574 de
411 1546 483 1573 bona
502 1545 555 1574 fide
569 1554 619 1574 sua
633 1546 792 1574 omnimoda
813 1547 931 1575 excitet!

193 1600 376 1629 Nihilominus
393 1601 426 1629 ad
442 1600 602 1629 clevandam
624 1601 827 1629 accusationem
843 1602 870 1629 in
889 1603 977 1637 ipsum
990 1603 1073 1630 latam
1093 1602 1169 1638 facit,
1195 1602 1268 1639 quod
1281 1603 1449 1639 quaestiones
1470 1610 1531 1637 quae
1551 1601 1786 1637 Amphilochianae

160 1645 342 1679 appellantur,
362 1652 417 1672 non
437 1652 533 1672 omnes
547 1645 582 1672 ab
603 1644 795 1680 Amphilochia
809 1646 862 1681 ipsi
879 1647 1023 1681 propositae
1036 1646 1148 1681 fuerint,
1163 1648 1210 1675 sed
1225 1647 1259 1674 ab
1271 1647 1334 1675 aliis
1350 1647 1415 1675 viris
1437 1647 1495 1674 sive
1518 1645 1715 1673 ecclesiasticis
1728 1645 1786 1672 sive

159 1688 346 1721 stecnlaribus,
359 1688 405 1723 qui
420 1689 448 1716 in
462 1688 638 1716 meditatione
649 1696 790 1716 sacrarum
801 1688 978 1723 Litterarum,
987 1691 1029 1718 vel
1041 1691 1132 1718 studio
1147 1691 1288 1726 theologia;
1299 1695 1346 1718 aut
1358 1690 1489 1723 historiae,
1501 1689 1656 1723 haerebant;
1671 1688 1786 1723 ideoque

158 1739 193 1760 ex
208 1736 329 1768 tempore
347 1732 513 1767 respondere
529 1732 632 1765 debuit,
650 1732 717 1767 quin
739 1732 772 1760 ad
794 1733 975 1768 indagandam
990 1735 1133 1763 veritatem
1148 1735 1337 1764 necessarium
1354 1741 1461 1770 tempus
1481 1735 1604 1767 haberet,
1622 1741 1654 1762 ac
1670 1733 1786 1769 proinde

158 1776 276 1804 aliorum
298 1776 451 1804 doctrinam
466 1777 493 1804 in
509 1777 619 1812 propria
639 1783 771 1810 responsa
786 1777 920 1805 derivare.
935 1778 1004 1806 Cum
1022 1783 1127 1812 autem,
1147 1779 1174 1806 in
1189 1779 1302 1807 edendis
1317 1779 1469 1814 responsis,
1488 1778 1715 1814 inter-rogantium
1729 1777 1784 1804 titi-

158 1819 227 1847 litati
245 1820 365 1848 maxime
380 1820 559 1855 prospiceret,
575 1820 724 1847 verisimile
736 1827 791 1847 non
808 1825 850 1848 est
863 1828 926 1848 eum
939 1826 1004 1849 tunc
1017 1821 1118 1849 famam
1137 1823 1210 1850 docti
1231 1823 1389 1858 interpretis
1403 1822 1562 1855 ambivisse,
1579 1827 1626 1849 aut
1638 1829 1667 1850 se
1680 1821 1785 1849 meritis

158 1863 277 1891 aliorum
301 1871 401 1891 ornare
417 1863 549 1892 voluisse.
565 1863 613 1891 llla
634 1868 712 1891 aetate
732 1863 794 1891 libri
819 1865 939 1893 rariores
963 1871 1138 1901 erantquam
1157 1870 1187 1893 ut
1205 1867 1323 1902 quisque
1349 1867 1382 1894 ad
1404 1874 1452 1894 eos
1475 1866 1658 1894 consulendos
1680 1865 1785 1892 hortari

157 1913 265 1942 posset;
281 1916 334 1935 non
350 1909 422 1936 enim
440 1907 562 1935 omnium
583 1907 712 1935 manibus
726 1907 904 1941 terebantur;
925 1910 972 1944 qui
986 1917 1082 1937 eorum
1096 1910 1286 1937 auctoritatem
1304 1910 1435 1938 adbibere
1457 1909 1594 1945 cupiebat,
1616 1909 1675 1937 loca
1689 1916 1786 1936 eorum

158 1950 293 1979 laudanda
307 1952 462 1979 necessario
481 1951 637 1981 exscribere
650 1951 776 1979 debebat.
791 1950 912 1979 Tandem
930 1953 975 1980 vix
997 1953 1071 1981 credi
1101 1957 1191 1988 potest
1216 1953 1343 1981 Photium
1371 1954 1408 1981 ita
1435 1953 1598 1988 sibimetipsi
1619 1952 1739 1981 illusisse
1756 1955 1786 1979 ut

158 1999 280 2029 speraret
293 1999 397 2022 tantum
415 1994 533 2029 plagium
548 1999 680 2029 quantum
704 1994 731 2021 in
746 1994 855 2029 scriptis
875 1994 1040 2024 Theodoreti
1055 1997 1231 2025 commisisse
1246 2001 1415 2030 censeretur,
1437 1990 1486 2024 diu
1501 1996 1597 2024 doctos
1611 1996 1686 2023 viros
1701 1995 1786 2022 latere

157 2043 185 2065 et
199 2039 311 2073 impune
324 2038 476 2073 perpetrari
501 2037 634 2072 potuisse.
651 2037 701 2065 His
716 2037 801 2072 igitur
813 2038 848 2065 de
862 2039 955 2067 causis
968 2039 1082 2067 Photius
1098 2040 1272 2075 aliquatenus
1283 2048 1299 2067 a
1311 2040 1402 2076 plagio
1419 2041 1548 2068 excusari
1569 2046 1652 2075 posse
1665 2039 1784 2067 videtur.

193 2080 226 2109 Et
241 2082 298 2109 haec
319 2082 352 2109 de
367 2081 566 2116 quaestionibus
580 2080 640 2115 ejus
655 2080 895 2115 Amphilochianis
914 2082 986 2111 dicta
1002 2083 1067 2111 sint.

194 2125 295 2152 Praeter
310 2124 371 2152 illas
386 2125 562 2159 quaestiones,
580 2124 709 2151 volumen
723 2124 843 2159 primum
859 2133 973 2161 operum
996 2125 1085 2153 Photii
1106 2126 1230 2153 continet
1242 2125 1396 2161 fragmenta
1419 2125 1558 2161 exegetica
1574 2125 1709 2160 ejusdem,
1724 2131 1787 2159 qua:

157 2178 192 2197 ex
206 2169 313 2197 Catenis
325 2167 437 2195 Patrum
448 2168 559 2196 collecta
571 2171 646 2200 sunt,
661 2172 689 2195 et
699 2168 835 2204 praecipue
844 2169 927 2197 breve
941 2169 1175 2197 Commentarium
1190 2169 1218 2196 in
1228 2173 1352 2197 sanctum
1367 2169 1480 2203 Lucam,
1497 2176 1579 2204 quem
1592 2168 1667 2196 card.
1685 2168 1718 2195 A.
1732 2167 1788 2195 Mai

160 2216 266 2252 primus
288 2215 373 2244 edidit
388 2215 415 2242 in
432 2215 520 2250 prima
536 2213 655 2241 editione
667 2214 749 2248 primi
775 2215 924 2243 voluminis
936 2215 1117 2243 Collectiouis
1139 2215 1305 2250 scriptorum
1329 2220 1463 2243 veterum.

641 2258 685 2285 VI.
697 2259 779 2285 —De
797 2260 911 2286 secundo
930 2259 1061 2286 volumine
1077 2259 1155 2294 hujus
1173 2259 1307 2287 editionis.

190 2303 347 2332 Secundum
363 2303 490 2330 volumen
507 2302 587 2337 hujus
609 2302 739 2330 editionis
754 2303 876 2330 continet
888 2311 970 2338 opera
985 2303 1152 2338 dogmatica,
1169 2303 1332 2338 parzenetica
1356 2307 1384 2330 et
1401 2302 1531 2330 historica
1553 2302 1654 2335 Photii,
1673 2307 1786 2336 excepta

158 2349 334 2381 Bibliorheca,
359 2348 384 2375 id
402 2352 444 2375 est
460 2355 467 2373 :
485 2347 586 2374 Contra
608 2347 770 2374 Manichwos
785 2347 870 2375 libros
886 2352 1016 2382 quatuor,
1039 2351 1066 2375 et
1091 2347 1193 2375 librum
1206 2346 1245 2374 De
1260 2346 1378 2381 Spiritus
1400 2347 1488 2373 sancti
1503 2345 1682 2381 Mystagogia,
1696 2346 1787 2373 homi-

158 2393 209 2420 lias
222 2393 353 2427 quinque,
372 2391 438 2419 odas
461 2396 526 2424 tres,
548 2396 575 2418 et
600 2390 785 2426 Epistolarum
802 2391 886 2419 libros
908 2396 974 2418 tres.

197 2436 235 2463 De
257 2440 376 2471 quatuor
399 2435 477 2462 libris
503 2439 597 2462 contra
617 2434 794 2467 Manichasos,
815 2442 830 2461 a
845 2435 946 2469 quibus
955 2434 1083 2462 volumen
1099 2434 1216 2467 orditur,
1238 2441 1394 2463 sermonem
1414 2433 1532 2469 primum
1546 2433 1732 2461 instituemus.

193 2481 306 2508 Constat
318 2480 467 2506 Historiam
486 2478 696 2505 Manichaeorum
708 2486 756 2506 seu
776 2478 1006 2512 l’aulicianorum,
1027 2487 1088 2514 quae
1111 2479 1140 2506 in
1157 2478 1299 2506 codicibus
1312 2486 1379 2505 mss.
1398 2477 1479 2505 Petro
1506 2477 1599 2505 Siculo
1615 2478 1786 2509 inscribitur,

157 2528 185 2551 et
196 2524 247 2551 sub
263 2524 334 2550 Petri
355 2521 465 2550 nomine
489 2529 503 2548 a
526 2522 557 2549 P.
582 2521 690 2549 Radero
704 2522 776 2549 edita
796 2526 846 2554 est,
869 2522 924 2550 fere
935 2523 976 2556 ,ad
992 2523 1105 2550 verbum
1128 2529 1282 2550 consonare
1297 2529 1359 2549 cuin
1379 2521 1449 2549 libro
1463 2521 1552 2556 primo
1568 2528 1649 2556 quem
1672 2520 1786 2548 Photius

157 2573 252 2595 contra
264 2566 428 2593 Manichzeos
447 2566 579 2593 exaravit.
589 2565 616 2592 Id
630 2573 693 2593 cum
710 2565 882 2593 observasset
899 2566 974 2594 card.
993 2566 1027 2593 A.
1047 2566 1110 2599 Mai,
1132 2566 1276 2600 inquisivit
1297 2570 1388 2592 utrum
1411 2565 1508 2593 Petrus
1533 2565 1642 2593 Siculus
1659 2564 1787 2591 Photium

157 2611 342 2645 exscripserit,
355 2610 396 2637 vel
410 2618 426 2637 e
442 2617 576 2637 converso
588 2609 701 2637 Photius
712 2609 833 2641 Petrum,
850 2615 878 2637 et
893 2609 1036 2638 manifeste
1053 2609 1132 2637 l‘etro
1149 2609 1232 2641 l‘avet,
1255 2609 1384 2636 Photium
1397 2609 1478 2644 plagii
1494 2608 1626 2636 indirecte
1639 2615 1784 2636 accusans.

196 2655 344 2683 Sententiae
362 2654 438 2682 card.
456 2654 508 2682 Mai
528 2654 662 2682 adhaereo.
677 2654 712 2680 At
726 2659 791 2689 puto
807 2655 972 2688 quaestiones
986 2654 1113 2689 restringi
1135 2653 1236 2681 debere
1251 2653 1285 2680 ad
1299 2653 1419 2687 primum
1444 2653 1545 2680 librum
1562 2653 1670 2685 Photii;
1690 2652 1777 2679 libro—

157 2707 219 2726 rum
241 2699 313 2726 enim
335 2699 460 2731 secundi,
472 2699 547 2726 tertii
567 2703 594 2726 ct
612 2698 701 2733 quarti
716 2698 786 2732 apud
805 2697 921 2725 Petrum-
934 2697 1056 2726 Siculum
1077 2699 1181 2726 nullum
1197 2700 1320 2727 occurrit
1336 2700 1491 2734 vestigium.
1507 2699 1535 2727 Si
1552 2699 1677 2732 Photius,
1699 2699 1725 2725 in
1742 2698 1785 2726 his

156 2743 303 2771 cxaraudis
315 2743 391 2771 libris
407 2743 568 2778 plagiarium
581 2742 646 2776 egit,
658 2747 732 2769 certe
749 2741 830 2768 Petro
841 2741 933 2768 Siculo
943 2741 993 2769 hac
1005 2743 1032 2770 in
1047 2747 1122 2777 parte
1131 2742 1198 2769 nihil
1209 2742 1300 2776 debet,
1314 2743 1361 2771 sed
1373 2743 1450 2771 alteri
1469 2743 1596 2778 scriptori
1609 2743 1675 2769 mihi
1692 2743 1785 2777 ignoto

193 2811 223 2846 (ἰ)
235 2809 320 2846 (ΣὩιοι.
331 2809 503 2846 Monumenta
511 2807 616 2846 _Eccles.
627 2807 736 2846 crinem,
752 2812 772 2835 t.
781 2807 828 2840 Ill,
838 2814 865 2842 p.

1045 2805 1080 2834 Β.
1103 2804 1286 2846 HaseLParis
1305 2806 1431 2846 _—
1442 2806 1537 2846 Notice
1552 2806 1615 2846 άξᾳιι
1631 2814 1743 2846 ounrage
1755 2808 1787 2834 de

246 2844 559 2882 Βεειιβίιμρηηηξιςισὶνθξ
574 2851 621 2882 sur
638 2844 776 2882 iii/ferenti
787 2840 946 2870 manuscrils
1000 2842 1155 2876 l’empereur
1176 2840 1284 2882 illauucl
1306 2841 1475 2882 I’aléolqgue,
1489 2842 1596 2882 ittt'ilulg
1606 2849 1622 2882 _:
1637 2840 1784 2869 [iuuenem

158 2877 238 2910 ϐῖὲἑε
256 2882 288 2909 de
311 2881 338 2907 la
357 2878 530 2913 bibliothéquc
550 2879 686 2914 imperiale
701 2879 732 2905 de
753 2877 866 2911 France,
894 2885 943 2913 par
998 2885 1058 2904 avet:
1078 2885 1114 2904 un
1132 2877 1281 2910 profcsseur
1299 2877 1475 2910 multométan,
1503 2885 1564 2910 pag.
1582 2877 1627 2905 54.
