1881 3077
605 156 805 188 PR/EFATIO
820 155 862 186 IN
878 153 1011 185 PHOTII
1028 153 1165 184 OPERA.
1664 158 1702 179 vn

100 219 181 254 Quod
203 218 237 246 ad
253 216 372 252 primum
387 215 487 244 librum
505 218 602 242 contra
622 214 788 241 Manicltmos
801 216 916 247 spectat,
938 210 1028 238 sentio
1039 208 1171 254 Photium
1182 207 1524 254 exscripsissellistoriam
1540 208 1705 237 Manichaeo—

68 251 130 292 rum
147 272 164 290 a
177 251 260 290 Petro
271 260 366 288 Siculo
380 257 574 294 compositam;
590 258 672 293 idque
693 257 791 292 colligo
815 263 871 284 non
885 262 918 282 ex
930 261 963 282 eo
975 258 1081 281 tantum
1099 252 1172 288 quod
1189 252 1286 280 Petrus
1301 251 1411 280 Siculus
1427 253 1525 280 Photio
1537 254 1633 281 senior
1651 259 1705 288 est,

69 308 206 343 siquidem
224 303 315 332 medio
332 302 433 331 stmulo
450 310 477 329 tx
492 301 595 332 ﬂoruit.
610 305 641 328 ut
656 302 761 328 notavit
776 299 923 335 Mongitore
944 298 994 333 (De
1004 298 1129 332 scriptor.
1144 295 1256 343 Siculis,
1274 300 1301 343 ι.»
1317 296 1352 343 ll,
1371 304 1397 331 p.
1413 297 1474 343 15S)
1487 297 1572 343 ;_dum
1590 296 1706 343 Photius

69 340 158 386 usque
182 349 217 376 ad
238 349 308 376 lines
322 347 445 382 ejusdem
462 345 555 374 saeculi
578 345 706 373 ﬂoruisse
716 345 848 377 creditur,
866 350 963 378 nempe
980 343 1014 370 ad
1045 349 1149 386 annum
1231 349 1239 374 ;
1255 341 1475 386 sedetiamﬁquia
1493 340 1591 369 Petrus
1602 341 1632 386 in
1646 341 1706 386 ipsa

70 383 191 421 Historia
206 399 255 420 sua
270 394 368 419 narrat
383 397 413 418 se
427 389 589 417 relationem
608 388 682 416 illam
703 387 849 423 scripsisse
871 391 1030 422 postquam,
1048 386 1122 413 circa
1143 384 1220 412 initia
1238 384 1314 419 regni
1331 383 1425 411 Basilii
1450 384 1624 420 imperatoris
1650 384 1706 412 (ΞΡ.

70 439 96 465 in
107 436 238 464 Armenia
257 434 322 462 etin
336 434 404 462 urbe
417 432 526 460 Tibrica
539 440 555 459 a
572 431 728 460 Manichaeis
745 432 888 464 aediﬁcata,
903 431 1013 467 publica
1026 431 1165 465 legatione
1187 428 1302 457 functus
1326 429 1434 462 fuisset,
1447 434 1473 457 et
1490 429 1702 456 Manichaeorum

70 482 197 515 dogmata
211 483 241 507 et
255 484 357 511 mores,
371 483 492 513 presens
506 475 659 505 didicisset.
672 476 730 504 lmo
749 475 782 503 ad
797 475 955 511 episcopum
974 474 1108 510 Bulgaria;
1120 474 1217 503 scribit
1229 482 1259 503 se
1275 474 1335 509 ejus
1346 473 1473 508 precibus
1486 477 1591 500 motum
1607 473 1704 506 fuisse,

70 531 99 554 ut
118 526 196 554 illam
209 524 353 553 historiam
368 525 554 557 componeret.
567 519 675 556 Ubique
691 519 815 555 loquitur
828 520 913 547 veluti
933 519 1060 547 oculatus
1075 519 1164 551 testis,
1180 524 1208 546 et
1222 519 1302 554 quasi
1317 526 1361 546 res
1377 521 1518 546 enarratas
1533 517 1591 552 ipse
1602 517 1705 552 gessis‘

69 575 121 598 set.
133 569 225 597 Totus
240 568 320 604 igitur
330 570 477 594 contextus
491 564 603 592 Petrum
620 565 745 592 Siculum
759 564 843 592 veluti
859 563 919 591 libri
937 567 1077 590 auctorem
1092 562 1215 590 exhibet.

105 611 147 639 Ea
161 603 329 645 autemiquae
341 615 438 637 verum
451 611 591 635 auctorem
606 607 751 643 designant
765 606 868 635 omittit
879 606 1014 640 Photius;
1031 611 1129 634 caetera
1144 606 1202 635 fere
1215 606 1249 635 ad
1265 606 1380 634 verbum
1395 605 1561 633 transcribit
1576 613 1584 638 ;
1602 611 1657 639 qua
1673 603 1708 632 de

70 663 155 684 causa
171 662 187 682 a
198 654 289 690 plagio
303 653 349 680 vix
364 651 491 680 excusari
506 655 607 687 potest.

106 709 162 737 Pro
172 708 236 743 jure
248 706 323 734 Petri
339 705 425 734 Siculi
439 705 545 733 faciunt
560 704 641 733 etiam
656 709 711 732 tres
723 711 866 732 sermones
882 710 976 733 contra
997 705 1183 737 Paulicianos.
1202 713 1272 740 quos
1284 705 1359 733 card.
1370 705 1402 732 Α.
1432 703 1484 732 Mai
1499 704 1605 740 primus
1623 704 1709 732 edidit

73 755 101 782 ln
114 758 189 781 tomo
202 752 237 779 IV
254 751 340 780 Name
357 751 529 778 Bibliotheca
541 749 677 783 Patrum;
697 750 737 777 illi
760 750 832 778 enim
848 757 991 779 sermones
1017 750 1140 778 historia:
1153 750 1374 778 Paulicianorum
1390 749 1481 785 aliqua
1499 750 1606 777 ratione
1619 750 1709 777 cohae-

77 802 147 830 rent,
158 802 186 824 et
198 796 296 824 eodem
314 795 454 823 scribendi
467 801 566 830 genere
578 794 704 827 elucent;
715 793 766 821 etsi
779 794 869 829 quoad
890 794 996 829 copiam
1011 794 1142 822 doctrinae
1159 798 1186 822 et
1200 794 1255 821 vim
1275 793 1412 821 ratiocinii
1436 793 1549 820 minime
1564 793 1706 828 conspicui

74 841 230 868 videantur.
244 839 318 866 Sane
331 837 532 873 aliquantulum
553 837 615 872 plus
633 837 709 865 nervi
727 841 756 865 et
775 837 879 873 vigoris
901 838 1017 865 habetur
1032 838 1059 865 in
1075 838 1153 865 libris
1164 845 1194 870 tt,
1214 837 1245 865 iu
1257 841 1284 865 et
1300 845 1326 864 tv
1352 836 1452 869 Photii,
1473 845 1555 872 quam
1574 838 1601 864 in
1616 838 1707 865 tribus

76 884 252 913 sermonibus
268 882 342 911 Petri
367 882 468 916 Siculi;
485 889 643 917 quanquam
663 889 712 909 nec
737 881 799 909 libri
812 881 903 910 Photii
924 881 1089 916 aequiparari
1112 882 1219 917 possint
1244 881 1322 909 libris
1346 889 1416 916 quos
1431 886 1526 908 contra
1541 881 1712 908 Manichaeos

75 929 143 955 olim
157 927 303 955 ediderunt
315 926 481 959 Archelaus,
499 924 642 961 Didymus,
657 925 812 953 Alexander
820 925 1036 961 Lycopolitanus
1048 931 1074 954 et
1090 930 1202 954 sanctus
1215 926 1395 962 Augustinus.
1412 926 1543 953 Attamen
1563 925 1638 953 omni
1648 932 1712 960 pre-

76 972 115 999 tio
126 978 178 999 non
193 975 261 998 sunt
271 970 407 1002 destituti,
422 970 575 1004 praesertim
589 968 654 1003 quia
668 973 769 997 statuto
782 969 978 996 controversiae
992 970 1038 998 illa
1054 974 1134 997 aetate
1148 970 1257 1004 agitatae
1269 969 1423 997 declarant.

111 1014 226 1042 Librum
240 1015 361 1050 primutn
375 1014 466 1042 Photii
479 1014 536 1050 jam
552 1013 659 1048 pridem
673 1012 875 1041 Graece-Latine
891 1013 1013 1040 ediderat
1024 1013 1056 1041 D.
1083 1013 1121 1041 De
1136 1012 1318 1041 Montfaucon
1329 1013 1357 1040 in
1373 1012 1536 1040 Bibliotheca
1548 1020 1598 1040 sua
1611 1012 1712 1040 Cuisli-

75 1060 168 1086 triane.
185 1058 219 1086 D.
237 1058 368 1091 Wolﬁus,
384 1058 431 1094 qui
445 1063 563 1093 quatuor
577 1057 663 1085 libros
673 1057 755 1084 simul
771 1057 856 1084 edidit
872 1056 900 1083 in
911 1057 968 1085 suis
987 1057 1138 1091 Anecdatis,
1155 1057 1361 1085 translationem
1376 1056 1501 1084 Latinam
1517 1056 1712 1085 Montfauconii

75 1110 139 1137 quae
156 1102 247 1131 facilis
261 1108 289 1131 et
301 1103 413 1138 elegans
426 1105 468 1130 est
482 1102 632 1137 adoptavit.
645 1100 746 1129 Tribus
758 1100 873 1136 reliquis
883 1100 962 1129 libris
978 1101 1104 1136 apposuit
1128 1101 1334 1129 translationem
1353 1101 1498 1129 obscuram
1510 1104 1537 1128 et
1549 1108 1621 1136 saepe
1637 1101 1714 1128 intri-

75 1151 167 1175 eatam
183 1152 210 1175 et
225 1147 400 1182 impeditam.

112 1192 202 1220 Tanta
217 1191 373 1219 eruditione
382 1191 416 1219 de
430 1191 499 1219 libro
510 1190 598 1218 Photii
614 1189 789 1225 qui'Spiritus
801 1189 886 1216 sancti
897 1188 1064 1224 Mystagogia
1078 1188 1246 1220 inscribitur,
1261 1187 1372 1216 disserit
1387 1187 1419 1215 ι).
1445 1187 1656 1223 Hergcnroether
1666 1186 1714 1222 qui

77 1244 148 1272 opus
163 1236 216 1263 hoc
233 1235 340 1271 primus
354 1242 429 1262 anno
444 1235 513 1262 4857
525 1242 558 1262 ex
569 1234 710 1262 codicibus
721 1241 788 1261 mss.
804 1233 832 1260 in
847 1233 984 1269 publicam
1001 1235 1088 1261 lucem
1103 1233 1227 1268 protulit,
1238 1238 1268 1260 ut
1281 1232 1314 1260 de
1329 1240 1362 1260 eo
1378 1233 1465 1260 multa
1487 1233 1622 1260 disserere
1634 1231 1716 1268 plane

78 1286 315 1316 supervacaneum
329 1279 375 1308 sit.
1599 1292 1603 1294 .

110 1325 240 1352 Attamen
260 1331 352 1359 operm
375 1322 492 1358 pretium
507 1322 560 1350 erit
575 1326 604 1351 et
639 1321 684 1349 hic
702 1327 918 1349 commemorare
930 1320 1108 1357 quastionem
1128 1329 1211 1356 quam
1235 1321 1412 1351 doctissimus
1438 1321 1527 1349 editor
1551 1319 1716 1354 sibimetipsi

78 1367 235 1402 proposuit,
248 1375 283 1395 ne
304 1367 413 1402 piorum
429 1370 536 1394 mentes
551 1365 666 1394 nimium
680 1369 862 1401 pmoccupet.
878 1364 995 1400 lnquirit
1019 1373 1116 1401 nempe
1140 1370 1231 1393 utrum
1249 1366 1300 1394 sibi
1316 1367 1436 1399 licuerit,
1461 1371 1556 1395 necne,
1582 1364 1609 1391 in
1625 1363 1715 1391 lucem

78 1410 204 1446 proferre
229 1411 329 1438 librum
354 1411 401 1446 qui
424 1415 521 1439 contra
545 1411 644 1445 dogma
672 1409 736 1437 ﬁdei
749 1413 777 1437 et
791 1409 945 1437 doctrinam
958 1409 1089 1436 Ecclesiae
1105 1409 1243 1445 dirigitur,
1259 1414 1285 1438 et
1299 1409 1462 1437 alﬁrmative
1479 1407 1639 1442 respondet,
1657 1411 1715 1434 tum

78 1455 147 1490 quia
165 1459 329 1490 argumenta
345 1454 436 1482 Photii
449 1454 578 1488 ,inlirma,
595 1453 725 1481 omnibtts
738 1457 816 1485 nota,
831 1456 859 1480 et
878 1453 983 1488 pluries
995 1453 1111 1480 contrita
1127 1458 1200 1486 sunt,
1217 1459 1273 1481 tum
1287 1454 1352 1489 quia
1366 1461 1399 1481 ex
1411 1453 1527 1480 lectione
1547 1450 1642 1486 scripti
1659 1451 1717 1478 ori-

79 1498 192 1534 ginalis,
213 1498 328 1526 historia
351 1498 544 1526 controversiae
569 1498 656 1526 multo
669 1497 777 1526 facilius
797 1497 928 1524 elucidari
947 1501 1045 1531 potest.
1063 1495 1092 1524 id
1112 1497 1211 1524 merito
1227 1497 1371 1525 asseritur.
1387 1496 1519 1523 Przeterea
1545 1495 1572 1522 in
1586 1494 1715 1522 editionis

79 1549 140 1570 sua!
158 1541 345 1569 defensionem
360 1541 464 1576 profert
478 1541 633 1576 exemplum
644 1543 720 1569 card.
734 1541 768 1568 Α.
787 1540 851 1573 Mai,
883 1541 929 1576 qui
943 1541 1043 1576 scripta
1066 1540 1204 1577 Origenis,
1230 1541 1334 1577 Didymi
1350 1561 1357 1573 ,
1381 1539 1517 1568 Theodori
1532 1537 1717 1574 Mopsuesteni

79 1589 108 1613 et
123 1585 242 1613 aliorum
262 1585 456 1613 haereticorum
476 1592 492 1613 e
511 1585 624 1613 latebris
639 1585 765 1613 codicum
784 1584 812 1612 in
833 1584 969 1620 publicam
989 1585 1078 1613 lucem
1093 1586 1177 1613 traxit
1193 1586 1254 1614 sine
1266 1584 1419 1621 dispendio,
1432 1584 1488 1612 imo
1502 1591 1565 1611 cum
1590 1582 1716 1618 profectu

80 1629 219 1657 veritatis.
236 1629 269 1656 Et
283 1636 351 1657 sane
365 1636 398 1656 ex
413 1629 554 1657 erroribus
567 1629 698 1657 obsoletis
713 1629 776 1664 quis
792 1629 987 1657 detrimentum
1004 1631 1133 1665 caperet?
1149 1630 1216 1664 Quis
1230 1630 1318 1666 decipi
1333 1629 1446 1666 posset?
1461 1628 1533 1662 Quis
1548 1636 1604 1656 non
1619 1627 1717 1655 trium-

82 1673 170 1708 phum
186 1673 311 1700 veritatis
326 1672 474 1708 agnoscitt,

118 1715 211 1751 Viget,
231 1717 359 1752 equidem
376 1716 473 1749 fateor,
493 1716 627 1744 hactenus
640 1715 707 1744 falsa
722 1716 814 1751 opinio
827 1716 932 1749 Photii;
948 1716 996 1744 sed
1022 1718 1189 1753 argumentis
1205 1726 1221 1746 a
1237 1718 1335 1746 Photio
1346 1717 1460 1754 prolatis
1477 1716 1531 1752 iam
1547 1715 1594 1743 diu
1608 1714 1716 1754 defendi

83 1760 201 1788 minime
212 1764 311 1795 potest,
328 1767 380 1788 nec
390 1767 483 1788 revera
496 1759 665 1788 defenditur.
682 1759 877 1788 Controversia
889 1760 962 1788 enim
973 1768 988 1787 a
1003 1760 1101 1789 Photio
1115 1762 1237 1789 excitata
1254 1766 1311 1790 tota
1323 1761 1486 1789 versabatur
1502 1761 1529 1788 in
1546 1758 1717 1795 argumentis

83 1811 148 1838 quae
157 1810 190 1831 ex
202 1803 310 1831 ratione
328 1804 480 1839 theologica
490 1803 699 1838 depromuntur,
709 1803 893 1839 proponendis
904 1805 1091 1840 etagitandis;
1106 1806 1164 1833 lucc
1175 1810 1267 1833 autem
1277 1805 1436 1840 disputandi
1445 1804 1523 1836 ratio,
1536 1807 1719 1838 praeterquam

82 1847 158 1882 quod
173 1848 202 1875 in
217 1848 368 1875 scrutando
382 1847 512 1882 mysterio
526 1847 576 1875 SS.
589 1847 731 1875 Trinitatis
750 1847 901 1875 vanissima
916 1853 968 1880 est,
984 1853 1040 1876 tota
1053 1852 1080 1876 et
1093 1849 1197 1884 integra
1214 1849 1384 1877 subvertitur
1411 1852 1439 1875 et
1452 1847 1577 1875 obruitur
1600 1846 1720 1873 auctori-

85 1896 143 1919 tate
167 1892 418 1920 vetnstissimorum
443 1890 556 1919 Patrum
568 1892 626 1927 qui.
640 1891 688 1919 diu
705 1895 768 1920 ante
780 1892 873 1920 Photii
886 1896 1021 1927 tempora,
1036 1893 1217 1927 quaestionem
1230 1893 1264 1920 de
1277 1892 1456 1928 processione
1470 1890 1590 1926 Spiritus
1604 1889 1691 1918 sancti
1702 1897 1718 1917 a

86 1935 169 1963 Patre
184 1939 212 1963 et
224 1943 241 1963 a
256 1935 338 1968 Filio,
364 1942 413 1963 seu
426 1943 442 1962 a
454 1934 535 1962 Patre
561 1942 609 1970 per
633 1935 745 1969 Filium,
762 1935 836 1970 quod
857 1935 930 1962 idem
950 1941 1003 1969 est,
1018 1943 1072 1964 non
1088 1939 1194 1964 tantum
1208 1937 1357 1973 agitatum,
1374 1936 1422 1965 sed
1435 1936 1571 1971 expressis
1588 1935 1679 1964 verbis
1691 1935 1718 1963 in

90 1986 205 2006 sensum
225 1977 356 2006 Ecclesia:
378 1978 556 2007 occidentalis
581 1978 757 2007 deﬁnierunt.
774 1979 811 2007 Ut
823 1979 856 2007 de
874 1979 925 2006 SS.
939 1979 1069 2009 Patribus
1085 1981 1192 2010 Latinis
1219 1986 1372 2013 taceamus,
1395 1988 1512 2016 quorum
1530 1981 1719 2008 auctoritatem

86 2022 299 2056 praetermittere
310 2030 365 2049 non
376 2026 492 2057 possunt
503 2021 667 2056 Orientales,
685 2026 761 2051 certo
775 2023 878 2051 certius
893 2027 936 2052 est
950 2029 1076 2052 sanctum
1090 2024 1284 2058 Athanasium,
1298 2029 1423 2053 sanctum
1435 2024 1579 2058 Basilium,
1595 2027 1720 2052 sanctum

86 2066 253 2102 Gregorium
265 2066 431 2102 Nyssenum,
444 2071 570 2094 sanctum
586 2067 769 2102 Epiphanium
781 2070 808 2095 et
820 2071 944 2095 sanctum
959 2067 1091 2104 Cyrillum
1106 2064 1334 2102 Alexandrinum,
1348 2069 1376 2096 in
1390 2074 1563 2096 antecessum
1575 2068 1722 2097 damnasse

86 2112 250 2147 opinionem
269 2119 286 2139 a
302 2111 406 2140 Graecis
416 2116 616 2148 propugnatam
630 2112 664 2139 de
680 2113 858 2147 processione
872 2111 991 2147 Spiritus
1005 2112 1092 2140 sancti
1104 2120 1119 2140 a
1134 2113 1195 2141 solo
1212 2112 1303 2140 Patre.

122 2167 242 2201 Quando
266 2171 391 2196 veterum
402 2167 566 2202 scriptorum
590 2167 758 2200 testimonia,
771 2160 871 2194 Photio
882 2166 974 2201 ignota
988 2172 1036 2194 aut
1046 2167 1081 2195 ab
1103 2167 1164 2202 ipso
1181 2167 1278 2195 callide
1291 2167 1464 2196 dissimulata
1476 2186 1485 2200 ,
1499 2166 1527 2194 in
1539 2167 1723 2194 controversia

86 2212 211 2247 primum
231 2212 338 2246 prolata
353 2211 477 2243 fuerunt,
490 2212 684 2239 intellexerunt
694 2211 853 2239 schismatis
863 2210 982 2246 patroni,
992 2215 1154 2246 argumenta
1165 2211 1255 2238 Photii
1271 2219 1335 2239 vere
1358 2211 1430 2239 lutea
1445 2215 1472 2238 et
1485 2211 1633 2238 straminea
1651 2217 1724 2244 esse,

87 2260 115 2282 et
131 2255 167 2282 ad
184 2260 363 2283 monumenta
379 2255 534 2284 traditionis
546 2255 599 2284 sibi
609 2255 808 2283 recurrendum
826 2262 898 2287 esse,
911 2261 967 2289 quo
984 2255 1177 2283 auctoritatem
1185 2260 1309 2282 veterum
1328 2255 1382 2282 sibi
1404 2254 1608 2282 adversantium
1631 2253 1723 2282 elude-

87 2304 161 2327 rent.
171 2299 252 2332 Quod
266 2307 329 2328 eum
347 2300 416 2334 ipsis
436 2307 486 2335 pro
508 2299 581 2327 votis
600 2307 655 2326 non
675 2299 794 2330 cederet,
814 2299 973 2326 testimonia
984 2306 1000 2326 a
1014 2299 1160 2327 catholicis
1175 2299 1287 2327 laudata
1305 2306 1321 2327 e
1337 2299 1480 2327 codicibus
1492 2299 1595 2334 passim
1610 2298 1723 2325 eradere

89 2348 246 2378 cmperunt,
260 2347 292 2370 ut
315 2343 504 2371 controversia
528 2343 561 2370 de
579 2343 758 2378 processione
773 2342 893 2378 Spiritus
919 2343 1008 2371 sancti
1030 2343 1058 2371 in
1081 2345 1300 2372 controversiam
1320 2344 1355 2372 de
1377 2343 1585 2372 authentieitate
1599 2342 1724 2370 codicum

89 2391 255 2414 verteretur.
275 2386 330 2414 Sed
347 2387 412 2422 quia
429 2393 525 2415 omnes
540 2386 651 2415 codices
663 2393 840 2422 corrumpere
855 2393 912 2414 non
932 2392 1090 2422 potuerunt,
1108 2395 1161 2416 nec
1176 2388 1267 2416 omnia
1290 2393 1413 2416 veterum
1439 2387 1552 2416 Patrum
1569 2386 1724 2414 testimonia

90 2431 144 2458 sibi
168 2431 310 2459 contraria
325 2431 448 2464 eradere,
475 2436 637 2467 argumenta
657 2439 673 2459 a
685 2431 829 2459 catholicis
851 2431 956 2466 prolata
980 2431 1113 2460 invictum
1133 2432 1257 2468 vigorem
1271 2433 1458 2465 retinuerunt,
1476 2436 1503 2460 et.
1523 2431 1654 2466 iniquitas
1667 2431 1725 2458 visa

91 2478 135 2502 est
150 2475 316 2509 sibimetipsi
327 2475 448 2504 mentiri.
462 2475 518 2503 Has
535 2475 742 2503 vicissitudines
752 2476 810 2511 jam
831 2475 954 2503 subierat
977 2477 1167 2505 controversia
1184 2478 1275 2505 medio
1289 2478 1391 2506 saeculo
1406 2485 1466 2509 xtu,
1483 2480 1511 2504 nt
1529 2476 1625 2503 videre
1637 2480 1681 2503 est
1697 2475 1725 2502 in

92 2519 205 2552 scriptis
228 2518 382 2548 doctissimi
410 2522 438 2546 et
461 2519 633 2547 celeberrimi
659 2518 754 2551 Vecci,
776 2519 941 2554 patriarchae
968 2519 1279 2556 Coustantinopolitani,
1295 2521 1342 2557 qui
1357 2528 1407 2557 pro
1426 2521 1530 2548 unione
1540 2520 1725 2548 ecclesiarum

94 2569 175 2596 quam
191 2562 268 2590 cordi
284 2562 413 2595 habebat,
429 2563 514 2590 multa
529 2562 660 2599 praeclare
673 2562 784 2598 scripsit
798 2562 847 2598 (It),
861 2570 911 2591 nec
930 2571 1030 2598 parvas
1042 2565 1213 2593 calamitates
1223 2569 1251 2593 et
1264 2564 1469 2601 persecutiones
1480 2571 1578 2599 passus
1592 2569 1646 2592 est.

129 2608 282 2643 Postquam
303 2607 426 2636 fautores
437 2608 596 2636 schismatis
609 2615 700 2643 neque
723 2608 861 2643 corruptis
881 2608 1024 2637 codicibus
1041 2609 1158 2638 feliciter
1169 2610 1227 2645 jam
1247 2617 1369 2645 pugnare
1381 2614 1505 2645 possent,
1523 2609 1557 2637 ad
1572 2609 1727 2638 incredibi-

98 2652 137 2679 les
151 2652 318 2679 subtilitates
335 2655 364 2679 et
378 2651 520 2680 inauditas
542 2652 777 2688 asquivocationes
800 2652 994 2688 confugerunt,
1011 2662 1131 2690 quarum
1143 2655 1295 2690 praecipuas
1319 2654 1387 2689 ipsis
1400 2653 1585 2690 suppeditavit
1595 2654 1727 2689 Georgius

99 2694 223 2730 Cyprius,
243 2701 309 2730 post
333 2694 454 2723 Veceum
471 2695 628 2730 patriarcha
647 2695 985 2732 Constantinopolitanus,
1009 2702 1037 2726 et
1051 2699 1174 2734 ejusdem
1193 2697 1273 2726 Vecci
1293 2698 1450 2733 praeipuus
1472 2698 1658 2726 adversarius.
1677 2697 1726 2725 Ser

100 2747 187 2776 neque
202 2741 262 2769 haec
275 2745 439 2776 argumenta
451 2740 542 2769 virum
558 2749 575 2769 a
597 2741 689 2770 studio
714 2740 834 2777 partium
854 2741 976 2772 alienum
992 2750 1104 2772 movere
1128 2750 1249 2778 unquam
1269 2746 1398 2778 poterunt
1417 2752 1424 2770 :
1440 2750 1506 2778 ergo
1524 2743 1612 2771 multo
1638 2742 1726 2770 minui

100 2789 258 2821 argumenta
272 2784 377 2812 Photii.

132 2852 167 2889 (Β)
177 2853 320 2889 Praecipua
335 2852 395 2888 ejus
410 2852 510 2888 scripta
521 2851 629 2888 collegit
645 2851 762 2882 Allatius
777 2852 805 2882 in
822 2852 834 2880 Ι
853 2856 882 2881 et
894 2852 917 2880 ll
934 2859 991 2881 suae
1005 2851 1113 2881 Gratiis
1127 2850 1281 2879 orthodoxe:
1297 2853 1382 2882 tomo.
1399 2849 1494 2878 Romae
1506 2849 1586 2877 £656.
