1881 3077
170 173 218 194 vIII
732 171 932 202 PRIEFATIO
946 171 988 203 IN
1001 171 1135 204 PHOTII
1153 171 1290 204 OPERA-

207 226 374 260 Argumenta
386 225 476 264 Pliotii
489 233 540 262 pro
552 226 729 262 processione
744 228 865 263 Spiritus
878 228 966 257 sancti
980 237 995 256 a
1005 229 1065 258 solo
1084 229 1175 263 Patre,
1187 238 1249 265 qua;
1262 222 1373 258 'Veccus
1385 229 1485 258 refellit
1496 230 1539 267 (Ι),
1555 230 1692 259 habentur
1707 232 1753 261 hic
1766 235 1797 262 ad

170 270 270 298 calcem
291 270 353 298 libri
366 270 550 307 Mgslagogiaz,
564 272 610 299 sed
629 271 683 299 alio
694 273 790 300 ordine
801 273 989 308 proferuntur.
1005 273 1045 301 Ex
1060 273 1227 309 Myslagogia
1244 274 1371 309 decerpta
1382 274 1520 306 videnlur,
1537 279 1564 302 et
1577 275 1605 302 in
1620 275 1716 304 multis
1733 284 1798 304 con-

169 319 269 341 sonant
283 315 454 350 argumentis
467 323 528 350 qum
550 314 666 344 Photius
692 316 726 344 ad
749 317 876 345 tuendam
892 317 1016 345 eamdem
1031 324 1145 345 causam
1156 310 1258 345 evolvit
1269 317 1298 344 in
1314 317 1431 353 epistola
1443 325 1495 346 sua
1510 317 1545 345 ad
1560 317 1798 354 archiepiscopnles

170 359 276 385 thronos
291 367 338 393 per
354 358 499 391 Orientem,
517 367 576 394 qua!
591 368 665 388 nunc
682 366 749 388 ιιιι⁸
760 365 803 388 est
815 360 846 397 (t.
861 360 894 394 11,

316 367 338 385 ar
354 358 499 391 Orientem,
517 367 576 394 quae
591 368 665 388 nunc
682 366 749 388 xIIII
760 365 803 388 est
815 360 846 397 (t.
861 360 894 394 ll,
913 360 968 389 col.
985 360 1058 395 721).

203 403 295 429 Altera
311 411 375 437 pars
399 408 614 438 argumentorum
627 412 689 439 quae
703 404 803 432 Photio
821 405 990 437 tribuuntur,
1007 404 1095 432 serius
1107 412 1141 432 ex
1155 403 1280 439 ejusdem
1302 404 1434 440 operibus
1447 405 1592 441 desumpta
1605 410 1657 440 est,
1678 411 1798 442 tempore

169 447 274 474 scilicet
293 447 380 475 Alexii
402 447 548 480 Comneni,
565 448 612 483 qui
636 456 709 476 anno
726 448 795 476 1116
810 448 946 482 ﬂorebat;
971 456 1034 476 nam
1055 448 1098 476 his
1113 448 1204 476 verbis
1220 448 1307 476 series
1318 448 1364 476 illa
1380 454 1606 484 argumentorum
1623 450 1774 478 absolvitur
1789 460 1796 478 :

171 500 181 516 ι
201 490 285 526 quue
298 499 332 518 ex
347 491 477 519 acumine
494 492 692 526 sapientissimi
705 493 881 528 imperatoris
897 493 986 520 Alexii
1000 492 1132 520 Comneni
1152 492 1279 527 prodiit:
1297 492 1351 520 hac
1367 494 1443 521 enim
1460 494 1651 530 propositione
1663 502 1734 524 usus
1753 499 1796 523 est

168 543 230 562 cum
243 540 338 562 contra
361 534 591 564 Mediolanensem
608 536 769 572 episcopum
786 537 939 572 disputaret
953 537 1009 572 (hic
1024 541 1044 565 t.
1061 536 1093 571 ιι,
1108 537 1161 565 col.
1177 537 1253 571 399).
1273 546 1284 564 ι

203 577 340 606 llactcnus
355 578 389 606 de
401 579 531 613 operibus
545 580 633 607 Photii
651 578 824 615 dogmaticis.

203 621 291 657 Opera
305 621 364 656 ejus
379 623 541 657 paraenetica
567 623 676 651 edimus
701 631 764 659 quae
777 623 835 659 jam
852 623 968 658 pridem,
984 623 1055 660 typis
1073 623 1203 652 mandata
1220 623 1340 653 fuerunt.
1356 623 1493 653 Nonnulla
1506 624 1596 653 adhuc
1610 623 1638 652 in
1652 623 1796 653 codicibus
1843 636 1846 638 ·

168 665 362 700 manuscriptis
380 666 463 694 latere
478 666 616 694 novimus.
631 667 691 699 Quo
705 671 796 694 autem
817 674 867 702 pro
884 667 988 695 viribus
1002 668 1111 696 utilitati
1125 668 1249 696 virorum
1266 669 1411 698 doctorum
1425 670 1619 701 inserviamus,
1631 669 1797 704 protulimus

167 709 316 738 Elenchum
331 709 512 738 llomiliarum
524 711 615 738 Photii
630 719 691 746 quae
707 711 734 738 in
751 711 892 739 codicibus
901 712 1123 746 Mosqucnsihus,
1142 717 1213 740 teste
1225 712 1403 747 Combeiisio,
1416 718 1560 741 servantur
1570 712 1629 748 (nt).
1646 712 1795 740 Elenchom

167 754 242 781 illum
252 753 418 781 conferendo
425 761 487 781 cum
497 753 677 790 lndicehujus
684 754 832 783 voluminis
839 753 871 787 ll,
879 755 979 782 videbit
986 756 1176 792 unusquisque
1184 763 1251 792 quot
1263 758 1384 786 bomiliae
1396 757 1487 785 Photii
1497 757 1587 785 adhuc
1595 757 1798 785 desiderentur.

201 798 327 826 llomilia:
345 797 445 832 Photii,
465 799 516 826 etsi
539 799 573 827 ad
592 799 646 826 vim
672 805 699 826 et
712 799 874 835 elegantiatn
892 799 1070 826 homiliarum
1089 803 1213 826 veterum
1239 798 1352 826 Patrum
1377 799 1489 826 minime
1512 799 1680 834 pertingant,
1703 802 1797 825 tamen

165 841 240 867 onmi
259 841 357 868 merito
371 847 425 868 non
440 841 637 873 destituuntur,
653 842 701 869 sed
714 841 776 878 jure
802 842 901 868 merito
924 841 1087 876 aaquiparari
1105 846 1219 876 possunt
1234 842 1346 878 scriptis
1366 843 1534 878 optimorum
1555 846 1698 869 auctorum
1723 841 1799 868 illius

163 885 263 915 aetatis,
283 891 326 911 ex.
343 891 385 919 gr.
403 884 513 919 Georgii
526 884 755 918 Nicomediensis,
779 885 881 913 Nicetae
902 883 1084 921 Paphlagonis
1095 887 1121 910 et
1137 882 1238 911 Leonis
1260 883 1410 920 Sapientis.
1433 883 1560 911 Atiorum
1589 888 1680 911 autem
1695 883 1799 919 scripta

165 927 244 961 longe
260 931 402 961 superant.

202 970 239 998 Ex
254 971 332 998 libris
350 971 432 1006 ligata
445 971 571 998 oratione
582 976 610 998 et
627 976 715 998 metro
726 970 837 1006 scriptis
863 969 951 998 Pbotii
967 969 1114 998 admodum
1145 977 1233 1005 pauca
1248 974 1396 1005 supersunt
1409 978 1417 1003 ;
1433 976 1485 996 nec
1499 974 1604 997 certum
1617 973 1660 997 est
1668 968 1800 997 Photium

164 1016 265 1042 multos
278 1015 432 1050 scripsisse.
460 1015 533 1042 Odas
555 1022 653 1042 novem
673 1016 813 1043 exstitisse
835 1015 862 1043 in
880 1014 943 1042 cod.
964 1021 1016 1041 ms.
1048 1013 1161 1049 Collegii
1188 1013 1398 1041 Claromontani
1421 1013 1510 1042 Paris.
1536 1013 1599 1042 Soc.
1622 1013 1698 1047 Jesu,
1716 1014 1802 1042 tradit

162 1059 253 1086 Oudin
272 1060 304 1094 (t.
324 1058 355 1091 ll,
375 1058 428 1086 col.
444 1058 520 1094 206).
536 1058 703 1095 Collegimus
718 1059 811 1086 omnia
825 1066 886 1094 quae
899 1058 956 1093 jam
968 1057 1053 1086 semel
1071 1058 1142 1094 typis
1162 1057 1293 1085 mandata
1307 1062 1381 1085 sunt.

199 1103 220 1130 Λ
239 1111 294 1138 quo
309 1103 503 1130 constituimus
526 1102 698 1136 Quiestioncs
715 1103 958 1138 Amphilochianas
992 1102 1072 1130 edere
1085 1102 1163 1136 juxta
1174 1101 1297 1129 ordinem
1321 1109 1401 1136 quem
1416 1102 1528 1129 exhibet
1539 1102 1625 1130 codex
1650 1101 1802 1130 Vaticanus

163 1146 244 1180 I923,
260 1147 328 1174 ordo
339 1147 518 1182 epistolarum
531 1155 546 1174 a
561 1146 741 1179 Montacutio,
765 1147 801 1174 ob
819 1146 1012 1174 auctoritatem
1032 1145 1075 1172 sui
1089 1145 1204 1177 codicis,
1227 1145 1375 1172 admodum
1392 1146 1503 1178 veteris,
1518 1150 1657 1178 servatus,
1683 1154 1698 1173 a
1716 1147 1803 1174 nobis

162 1191 266 1218 servari
281 1198 334 1217 non
346 1191 446 1225 potuit,
463 1198 497 1218 eo
513 1191 586 1226 quod
606 1191 749 1226 sexaginta
759 1195 807 1218 aut
821 1190 932 1217 circiter
947 1190 1081 1225 epistolis,
1095 1189 1178 1216 veluti
1192 1188 1365 1222 Quaestiones
1377 1190 1624 1224 Amphilochianat,
1642 1190 1802 1225 injlaudato

159 1234 256 1262 codice
273 1233 407 1261 Vaticano
419 1234 591 1262 inseruntur.
608 1234 714 1262 Novum
731 1234 825 1269 itaque
838 1234 962 1262 ordinem
973 1233 1175 1268 adoptavimus,
1189 1237 1274 1260 totam
1288 1234 1387 1261 seriem
1405 1234 1583 1268 cpistolarum
1594 1235 1620 1262 in
1638 1240 1693 1262 tres
1710 1235 1802 1263 libros

161 1276 326 1310 dividentes,
341 1285 459 1312 quorum
476 1278 582 1312 primus
595 1277 727 1313 epistolas
739 1279 772 1305 ad
788 1278 943 1305 Romanum
956 1278 1125 1312 pontiﬁcem,
1136 1277 1169 1304 ad
1190 1277 1376 1313 patriarchas,
1393 1279 1426 1305 ad
1443 1279 1675 1314 archiepiscopos,
1692 1279 1726 1306 ad
1740 1280 1800 1306 im-

162 1319 302 1355 peratorﬁ
313 1325 341 1348 et
352 1321 385 1348 ad
401 1322 556 1356 principes;
576 1321 726 1352 secundus.
744 1321 874 1356 epistolas
890 1321 925 1348 ad
938 1322 1093 1356 episcopos,
1104 1321 1231 1353 clericos,
1244 1323 1396 1350 monachos
1411 1327 1438 1349 et
1453 1323 1601 1356 monialcs;
1621 1324 1718 1351 tertius
1734 1327 1802 1351 tan-

162 1369 225 1394 dem
238 1367 371 1400 I-pistolas
383 1366 416 1393 ad
427 1366 523 1399 laicos,
541 1366 722 1399 oliiciales,ct
740 1367 921 1402 magistratus
937 1367 1084 1394 saeculares
1094 1367 1297 1401 complectitur.
1312 1367 1351 1394 Ex
1368 1367 1460 1395 lndice
1479 1373 1569 1395 autem
1588 1369 1613 1395 in
1632 1377 1688 1403 quo
1707 1378 1803 1399 novus

161 1411 229 1438 ordo
242 1418 305 1438 cum
321 1411 407 1437 veteri
425 1415 603 1445 comparaIur
617 1429 625 1443 ,
642 1410 722 1438 facile
736 1410 789 1438 erit
816 1410 966 1445 unicuique
982 1410 1010 1437 in
1027 1414 1121 1438 nostra
1136 1410 1257 1446 editione
1272 1411 1393 1446 reperire
1414 1411 1546 1447 epistolas
1557 1419 1619 1446 quae
1633 1412 1710 1447 juxta
1724 1415 1805 1442 ordi-

164 1462 226 1482 nem
239 1460 359 1482 veterem
378 1454 478 1481 slicubi
496 1454 654 1482 laudantur.
1397 1473 1401 1476 μ

197 1498 300 1526 Omnes
323 1498 455 1534 epistolas
478 1498 568 1526 Photii
584 1498 718 1526 hactenus
741 1498 812 1534 typis
834 1497 999 1525 commissas
1011 1497 1130 1530 edimus,
1152 1503 1250 1533 prmter
1272 1505 1354 1526 unam
1376 1498 1410 1526 ad
1426 1499 1597 1534 patriarchas
1609 1499 1763 1529 Orientales
1774 1507 1802 1530 (ιι

161 1542 350 1571 OEconomum
367 1543 568 1570 Antiochenum
583 1551 643 1577 qua:
659 1542 755 1577 incipit
774 1551 780 1569 :
797 1541 903 1577 Μεγίστ

1061 1541 1134 1574 υοεν,
1148 1549 1210 1577 quae
1222 1541 1306 1570 semel
1321 1542 1393 1569 edita
1405 1548 1447 1570 est
1464 1551 1477 1570 a
1496 1542 1625 1572 Dositheo
1644 1544 1672 1571 in
1689 1546 1803 1573 rarissi-

163 1594 208 1613 mo
222 1586 360 1614 volumine
371 1587 445 1621 quod
457 1586 619 1614 inscribitur
637 1594 644 1613 z
661 1586 752 1622 Τόμος
772 1587 870 1622 χαρᾶς,
887 1590 915 1614 et
933 1586 1016 1614 nullis
1038 1585 1181 1621 expensis,
1204 1585 1277 1613 nulla
1305 1587 1428 1622 praestita
1444 1587 1585 1623 diligentia
1608 1587 1734 1616 obtinere
1754 1593 1801 1618 vel

161 1630 297 1664 inspicere
316 1630 467 1665 potuimus.

197 1673 291 1701 Finem
304 1674 426 1709 epistola
439 1674 457 1701 2
469 1673 503 1702 ad
520 1673 662 1702 Nicolaum
677 1672 698 1706 l,
710 1681 793 1708 quem
808 1672 895 1701 Grieci
917 1676 1120 1705 resecaverant,
1135 1672 1199 1707 quia
1215 1673 1408 1701 auctoritatem
1420 1679 1522 1702 sancta:
1536 1675 1618 1707 sedis,
1635 1677 1801 1711 apostolica:

161 1725 319 1754 supremam
334 1718 443 1751 asserit,
463 1718 544 1746 nobis
557 1718 742 1754 suppeditavit
756 1718 832 1746 card.
848 1717 901 1745 Mai
915 1718 942 1745 in
958 1716 1036 1745 Nova
1048 1717 1176 1744 Biblioth.
1193 1715 1318 1744 Patrum.
1336 1722 1356 1745 t.
1373 1717 1418 1746 IV.
1431 1718 1653 1749 Translationem
1664 1719 1799 1750 Latinam

162 1763 296 1798 integram
315 1769 331 1789 a
348 1761 468 1790 Baronio
485 1762 654 1797 accepimus.

578 1805 635 1834 VII.
648 1819 682 1825 ——-
694 1805 733 1833 De
748 1806 827 1832 tertio
838 1809 862 1832 et
875 1808 971 1840 quarto
985 1805 1118 1832 volumine
1130 1804 1211 1840 hujus
1225 1806 1364 1833 editionis.

195 1849 269 1877 inter
290 1856 371 1885 opera
388 1849 520 1878 historica
539 1849 630 1878 Photii
643 1850 832 1878 recensuimus
854 1849 1047 1876 Bibliothecam
1065 1849 1136 1884 ejus,
1159 1849 1223 1885 quia
1249 1850 1284 1877 ad
1304 1850 1446 1878 historiam
1464 1850 1639 1886 litterariam,
1660 1857 1690 1881 ut
1705 1854 1802 1888 aiunt,

161 1894 286 1928 pertinet.
299 1893 375 1929 Opus
387 1894 491 1930 grande
505 1899 532 1922 et
545 1894 683 1922 eruditum
711 1901 745 1921 ex
760 1893 872 1928 optimis
897 1893 1062 1920 editionibus
1086 1893 1131 1920 hic
1157 1893 1317 1928 repetimus.
1341 1893 1458 1922 Textum
1485 1895 1611 1924 Graecum
1633 1905 1650 1925 a
1672 1897 1804 1926 Bekkero

162 1939 339 1966 emendatum
356 1943 384 1966 et
398 1937 518 1966 Berolini
530 1945 603 1966 anno
616 1938 686 1965 1824
701 1938 866 1973 impressum
897 1937 1077 1971 obtinuimus,
1096 1937 1139 1964 cui
1161 1937 1368 1965 translationem
1385 1938 1510 1966 Latinam
1526 1941 1590 1968 Ant.
1620 1941 1735 1970 Schotto
1753 1950 1803 1970 as-

161 1983 302 2017 scriptam,
315 1983 368 2010 etsi
387 1982 474 2017 ipsius
488 1989 541 2010 non
557 1983 602 2015 sit,
621 1982 789 2014 addidimus,
805 1982 868 2018 quia
887 1982 1028 2009 meliorem
1043 1988 1130 2016 neque
1145 1981 1282 2009 coniicere
1305 1989 1396 2016 neque
1416 1984 1537 2018 reperire
1558 1986 1708 2019 potuimus.
1721 1985 1804 2014 Tex-

160 2030 218 2053 tum
232 2031 323 2054 autem
337 2026 472 2062 integrum
488 2027 597 2060 damus,
617 2027 670 2055 etsi
686 2032 814 2062 excerpta
830 2025 961 2053 nonnulla
975 2029 1096 2052 veterum
1113 2029 1257 2052 auctorum
1280 2025 1338 2053 Suis
1358 2026 1425 2053 locis
1438 2026 1493 2062 jam
1513 2035 1530 2055 a
1554 2028 1633 2056 nobis
1659 2029 1803 2065 impressa

162 2071 274 2098 iuerint.
295 2070 354 2098 Non
371 2071 486 2098 decebat
497 2072 585 2104 enim,
603 2071 638 2098 ob
663 2071 762 2099 breves
777 2076 804 2098 et
817 2073 932 2105 {paucas
949 2069 1135 2105 repetitiones,
1155 2076 1225 2104 opus
1242 2069 1317 2104 ‘tanti
1343 2071 1476 2098 momenti
1495 2072 1631 2106 scindere,
1659 2081 1687 2102 et
1711 2077 1800 2110 quasi

162 2114 354 2149 imperfectum
367 2115 456 2142 doctis
468 2115 536 2142 viris
552 2114 660 2142 oﬂ'erre.

199 2157 295 2186 Utrum
309 2158 474 2186 Bibliotheca
494 2157 596 2192 Photii,
614 2158 705 2195 qualis
731 2165 806 2186 nunc
821 2157 949 2190 habetur,
969 2161 1024 2184 tota
1043 2155 1167 2184 aPhotio
1197 2156 1258 2191 ipso
1282 2157 1383 2192 soripta
1397 2159 1452 2186 sit?
1477 2167 1510 2187 an
1538 2159 1622 2189 fuerit
1646 2162 1802 2197 posteriori

158 2210 238 2233 aetate
254 2205 426 2240 interpolata,
445 2210 475 2232 ut
499 2205 667 2240 suspicatur,
689 2206 716 2232 in
739 2205 814 2233 notis
843 2205 901 2233 suis
919 2204 952 2232 ad
967 2204 1079 2232 Suidam
1101 2202 1248 2236 Kusterus,
1265 2204 1336 2239 apud
1349 2204 1375 2232 J.
1389 2206 1423 2234 A.
1441 2206 1690 2242 Fabricium,Bibl.
1705 2209 1803 2240 Gram.

157 2250 203 2278 ed.
221 2249 327 2277 liarles.
339 2253 361 2276 t.
374 2248 409 2282 Χ,
423 2257 450 2284 ι).
467 2249 540 2277 680'!
560 2257 615 2277 non
635 2254 679 2278 est
696 2250 778 2285 hujus
794 2249 846 2277 loci
864 2248 1012 2284 inquirere.

192 2293 263 2328 Quia
277 2293 441 2321 Bibliotheca
451 2293 539 2321 Photii
552 2295 633 2322 unius
645 2294 792 2322 voluminis
808 2294 896 2329 spatio
909 2291 1042 2321 c0ntineri
1057 2299 1111 2320 non
1124 2292 1224 2328 potuit,
1242 2293 1373 2329 majorem
1383 2293 1505 2329 ejusdem
1517 2299 1634 2330 partem,
1645 2297 1671 2325 in
1684 2305 1738 2333 qua
1748 2306 1804 2327 co-

157 2338 210 2366 dex
234 2338 341 2373 primus
357 2342 385 2365 et
407 2343 552 2373 sequentes
565 2339 599 2366 ad
611 2338 829 2367 ducentesimum
851 2337 1091 2374 quadragesimum
1114 2345 1216 2366 nonum
1241 2343 1429 2372 recensentur,
1455 2341 1536 2368 tertio
1557 2341 1640 2376 hujus
1664 2343 1805 2373 editionis

159 2382 298 2409 volumine
313 2381 529 2417 descripsimus;
550 2382 663 2410 alteram
681 2389 746 2410 vero
762 2387 877 2417 partem,
893 2383 919 2408 in
935 2389 989 2417 qua
1003 2381 1089 2409 codex
1114 2381 1318 2410 ducentesimus
1333 2384 1577 2420 quinquagesimus
1598 2391 1625 2413 et
1638 2386 1805 2421 [sequentes

161 2434 248 2462 usque
263 2426 296 2453 ad
309 2426 391 2454 ﬁnem
403 2426 494 2462 operis
511 2430 703 2459 recensentur,
725 2426 805 2454 initio
828 2425 975 2454 voluminis
998 2425 1088 2461 quarti
1113 2425 1322 2454 collocavimns.
1343 2426 1476 2455 Volumen
1499 2433 1626 2464 quartum
1649 2431 1806 2466 perﬁcient

157 2478 242 2505 opera
260 2471 395 2499 canonica
409 2469 514 2502 Photii,
531 2469 633 2505 quibus
643 2469 790 2503 Monitum,
810 2469 854 2497 hic
870 2477 923 2496 non
939 2468 1128 2504 repetendum,
1156 2469 1353 2504 praemisimus.

193 2516 322 2545 Dicemus
334 2521 425 2544 tamen
441 2516 486 2544 hic
504 2516 675 2557 praetermitti
689 2524 843 2553 synagogen
858 2523 994 2544 canonum
1017 2523 1078 2551 qua:
1092 2514 1274 2551 opportunius
1288 2524 1350 2544 cum
1375 2516 1587 2546 Commentariis
1599 2518 1802 2557 ,Balsamonis,

158 2561 271 2588 Zonarze
285 2565 313 2589 et
333 2561 465 2594 Aristeni,
482 2556 553 2588 inter
568 2561 669 2596 scripta
687 2561 780 2588 saeculi
801 2567 851 2588 xIII
873 2560 986 2594 edetur;
1007 2559 1055 2587 sed
1079 2559 1237 2587 recudimus
1260 2560 1408 2596 Syntagma
1439 2570 1569 2590 canonum
1593 2568 1620 2592 et
1653 2563 1804 2594 Numam-

158 2613 263 2634 nonem.
281 2605 308 2632 in
327 2612 359 2632 ea
379 2605 483 2638 forma,
499 2610 527 2632 et
551 2611 585 2633 eo
608 2604 705 2632 ordine
726 2605 827 2640 quibus
850 2604 886 2632 ab
909 2604 970 2640 ipso
993 2603 1092 2631 Photio
1117 2604 1269 2638 composita
1286 2604 1372 2632 fuisse
1388 2605 1524 2633 videntur.
1542 2606 1612 2641 Quia
1642 2612 1733 2636 tamen
1771 2611 1804 2640 in

158 2649 201 2676 his
221 2649 429 2677 collectionibus
451 2649 628 2677 conﬁciendis
643 2654 740 2677 auctor
755 2649 851 2676 eadem
869 2650 1031 2676 documenta
1049 2647 1152 2683 pluries
1168 2647 1282 2683 profert,
1305 2653 1395 2677 textus
1411 2650 1494 2678 semel
1509 2651 1607 2685 editos,
1622 2660 1677 2681 non
1690 2656 1805 2689 repeti-

158 2700 220 2720 mus
235 2692 295 2720 aliis
311 2693 388 2725 locis,
408 2694 455 2720 sed
470 2694 516 2720 ubi
536 2693 649 2729 reperiri
669 2693 776 2728 possint
789 2698 917 2720 accurate
932 2692 1095 2720 indicamus.

194 2737 298 2764 Seriem
319 2744 431 2771 operum
450 2737 646 2764 canonicorum
659 2736 748 2764 PIIotii
765 2736 897 2764 claudunt
910 2735 1077 2767 Erotemata,
1094 2735 1380 2771 seuinterrogationes
1392 2735 1426 2768 X,
1437 2737 1463 2764 in
1480 2738 1582 2774 quibus
1597 2744 1693 2768 auctor
1704 2741 1804 2778 dep0~

156 2780 283 2809 sitionem
297 2787 376 2808 suam
395 2787 411 2807 e
436 2780 501 2808 sede
528 2781 706 2816 patriarchali
735 2780 865 2816 injustam
882 2781 968 2808 fuisse
993 2781 1183 2808 demonstrare
1208 2785 1334 2813 conatur,
1362 2784 1532 2817 argumentis
1558 2784 1709 2821 indirectis,
1743 2796 1806 2818 nec

199 2849 230 2883 (ι)
245 2848 354 2876 Gracia:
365 2849 527 2881 orthodoxar,
540 2854 560 2877 t.
578 2849 599 2883 1,
611 2857 639 2884 p,
655 2849 707 2877 154
720 2853 747 2876 et
762 2856 820 2882 seq.
838 2848 940 2875 Comm.
953 2849 984 2876 de
995 2848 1094 2883 Script.
1107 2847 1171 2876 eccl.
1187 2852 1208 2876 t.
1223 2847 1255 2882 ll,
1268 2848 1322 2876 col.
1340 2846 1404 2875 9.10.

193 2884 244 2920 (ιη)
257 2885 347 2912 Alium
357 2884 516 2920 Catalogum
530 2885 708 2914 IIomIliarum
722 2884 812 2913 l’hotii
826 2885 982 2920 suppeditat
994 2884 1129 2916 Uudinus,
