1881 3077
635 146 836 177 ΡΠΕῈΑΤΙΟ
855 146 896 177 IN
913 144 1047 176 ΡΠΟΤῙΙ
1068 144 1206 176 OPEBA.

992 145 1047 176 ΤῙΙ
1068 144 1206 176 OPERA.
1706 149 1734 170 is

104 203 166 232 bene
179 203 298 232 selectis.
314 203 481 239 Opuseuium
503 204 554 231 hoc
575 203 766 231 brevissimum
796 203 901 238 prinms
928 203 955 230 in
975 203 1063 230 lucem
1078 202 1213 236 protraxit
1243 201 1359 230 Foutanl
1375 203 1414 238 (in
1431 201 1514 229 Novis
1527 201 1632 229 deliciis
1646 202 1738 228 erudi-

105 253 198 280 torum,
211 252 231 275 t.
247 247 257 274 1
271 267 279 280 ,
303 255 331 283 p.
347 247 406 280 20),
425 248 471 282 qui
495 254 556 275 cum
579 247 671 274 lurore
688 245 885 279 Jansenistico,
898 251 925 274 ct
937 247 1057 282 pessimo
1073 246 1180 274 inﬁuxu
1206 246 1296 282 legum
1320 247 1594 275 antichristianarum
1611 246 1738 274 obca'ea-

106 296 186 324 retur,
213 291 303 318 cidem
330 291 433 318 addidit
453 290 641 326 praefationem
661 295 688 318 et
712 294 801 323 notas,
826 297 881 318 non
907 296 1012 318 tantum
1039 290 1194 324 sacerdote,
1222 290 1270 318 sed
1300 291 1398 326 quovis
1419 291 1577 319 Christiano
1598 291 1737 326 indignas.

103 336 151 363 Eas
177 335 280 364 nullius
293 335 378 371 frugis
393 343 453 363 esse
468 335 646 367 credidimus,
666 342 698 362 ac
713 335 826 370 proinde
842 335 1005 370 abjecimus.

134 380 236 408 (la-tera
265 380 368 415 scripta
386 380 518 407 canonica
534 379 625 408 Photii
644 379 742 406 merito
762 379 853 406 laudat
870 379 1049 408 doctissimus
1067 379 1094 407 J.
1109 379 1139 407 S.
1152 379 1296 408 Assemani
1320 380 1346 407 in
1360 379 1427 407 Juro
1446 387 1496 406 suo
1511 387 1573 406 can.
1592 378 1736 411 Orientali,

106 430 125 452 t.
137 423 161 456 i,
176 431 203 458 p.
220 423 257 450 55
271 427 298 451 et
326 420 398 459 seq.,
421 424 467 450 ubi
484 423 604 451 ostendit
618 423 712 457 quanti
733 423 791 451 lucc
808 423 909 458 scripta
932 424 1027 452 fecerit
1044 425 1200 457 Baisamon,
1227 424 1344 460 insignis
1367 424 1524 452 Graecorum
1539 423 1695 456 canonista,
1710 428 1738 451 et

104 472 154 494 tota
175 467 298 495 Ecclesia
319 467 479 499 Orientalis,
509 475 571 502 quae
593 467 621 494 in
650 467 750 495 tuenda
777 467 922 500 disciplina
947 469 1152 500 ecclesiastica,
1179 468 1317 503 praecipue
1340 467 1482 495 codicibus
1505 467 1606 500 Photii,
1629 467 1735 494 ea‘teris

103 511 242 545 neglectis,
262 519 310 538 usa
322 515 375 539 est.
397 505 537 539 Notitian‘i’
546 510 690 539 Assemani
708 511 827 546 complet
844 512 967 545 pradatio
987 519 1003 540 a
1019 512 1096 540 card.
1113 511 1166 539 Mai
1190 511 1360 548 Syntagmati
1376 511 1531 547 praemissa,
1553 518 1635 546 quam
1651 511 1738 539 lect0r

102 561 151 580 suo
168 554 230 581 loco
242 554 369 589 reperiet.

137 597 169 624 Et.
181 598 238 626 haec
251 598 286 626 de
302 597 393 625 Photii
410 597 521 632 scriptis
536 605 551 625 a
572 597 652 625 nobis
667 597 749 625 editis
764 597 837 625 dicta
851 597 916 625 sint.

137 640 214 669 Nunc
226 641 260 669 de
270 641 430 677 deperditis,
446 641 647 676 praetermissis,
662 641 782 673 ineditis,
793 645 841 669 aut
854 641 922 669 falso
932 642 1059 677 ascriptis
1072 642 1149 669 libris
1161 649 1247 677 pauca
1261 641 1432 669 admouenda
1444 645 1604 676 supersunt.

435 694 501 722 Vill.
517 710 553 716 -—
570 695 607 723 De
621 694 743 730 operibus
758 695 847 723 P/tolii
862 696 1015 730 deperditis,
1038 697 1223 731 praetermissis
1239 700 1264 723 et
1278 696 1396 722 ineditis.

136 738 163 766 1⁸
178 738 294 767 Photius
315 739 426 775 scripsit
440 744 500 767 acta
522 739 617 766 ﬁctitia
635 738 746 766 concilii
761 739 923 767 tecumenici
934 760 942 772 ,
958 740 1031 774 quod
1052 747 1191 774 nunquam
1205 744 1385 767 convocalum
1403 738 1463 766 fuit.
1487 738 1522 766 iis
1539 739 1613 766 mille
1627 739 1737 767 circiter

103 783 317 818 subscriptiones
336 783 415 810 ﬁctas
435 783 547 816 addidit,
563 787 594 809 ut
607 786 703 810 narrat
713 781 877 810 Anastasius
891 782 1119 810 Bibliothecarius
1131 790 1214 817 supra
1228 782 1366 810 laudatus.
1378 782 1425 808 Illa
1438 786 1497 810 acta
1512 790 1574 809 cum
1590 783 1616 809 in
1628 783 1736 810 duobus

103 827 240 854 codicibus
261 826 475 862 elegantissimis
500 831 529 854 et
550 826 667 862 depictis
694 825 795 861 scripta
818 826 945 860 fuissent,
958 826 985 853 in
1011 826 1128 854 concilio
1149 833 1198 853 rm
1220 825 1330 861 publice
1353 825 1470 853 ﬂammis
1490 826 1589 854 tradita
1609 832 1685 860 sunt,
1705 834 1738 855 ac

103 871 214 906 proinde
229 878 283 898 non
298 874 418 898 exstant.

136 913 165 940 2·
176 913 290 941 Photius
300 921 332 940 ex
347 914 435 948 capite
450 920 502 941 suo
531 914 686 948 composuit
701 913 769 940 Acta
787 912 895 941 concilii
911 912 982 948 quod
1003 912 1080 948 ﬁngit
1095 918 1167 939 anno
1184 912 1236 940 878
1253 912 1416 940 celebratum
1432 912 1517 940 fuisse
1535 921 1627 940 coram
1641 913 1738 948 legatis

104 956 215 984 Romani
235 956 372 991 pontiﬁcis
389 961 415 984 et
430 961 589 985 ceterorum
600 957 817 991 patriarcharum
831 955 951 984 Orientis
964 961 989 983 et
1007 955 1127 991 Egypti.
1140 955 1300 990 Quanquam
1320 961 1385 983 tunc
1402 956 1523 990 synodus
1542 956 1633 984 habita
1644 957 1736 989 fuerit,

104 1005 174 1027 certo
185 1000 288 1027 certius
302 1007 334 1027 ea
346 999 460 1027 minime
475 1000 532 1035 egit
543 1000 586 1027 vel
601 1000 737 1033 toleravit,
753 1007 814 1035 quae
826 1007 885 1026 eam
901 1000 987 1033 egisse
1001 1005 1029 1027 et
1042 1000 1174 1027 tolerasse
1190 1004 1283 1027 narrat
1296 999 1507 1028 Photius.i1auc
1520 1001 1609 1028 Photii
1622 1002 1738 1036 pseudo-

104 1045 236 1079 synodum
251 1043 338 1071 Graeci
353 1051 403 1078 pro
418 1048 516 1071 octavo
528 1044 647 1072 concilio
666 1044 838 1071 (ecnmenico
857 1044 967 1076 habent,
988 1044 1129 1078 repudiato
1149 1047 1245 1072 octavo
1269 1044 1388 1071 concilio
1404 1051 1479 1077 vero,
1496 1045 1523 1071 iu
1545 1052 1601 1079 quo
1622 1045 1738 1072 Pliotius

103 1087 242 1121 depositus
256 1091 283 1114 et
297 1087 553 1115 excommunicatus
565 1092 617 1115 est.
631 1087 761 1115 Nonnulli
776 1092 866 1115 tamen
883 1095 933 1115 nec
944 1095 1038 1115 verum
1053 1088 1200 1116 concilium
1216 1096 1275 1121 vui,
1287 1088 1352 1115 anni
1364 1087 1427 1119 869,
1443 1096 1494 1116 nec
1507 1089 1631 1116 ﬁctilium
1647 1089 1737 1116 Photii

102 1129 225 1157 anni878
239 1135 408 1165 receperunt,
427 1130 561 1166 siquidem
570 1131 705 1166 synodum
716 1130 1106 1159 Florentinammmini-uicum
1127 1131 1274 1159 concilium
1286 1135 1412 1158 Octavum
1425 1132 1570 1166 appellent.
1589 1132 1634 1159 Sic
1649 1141 1739 1168 neque

102 1173 208 1200 concilii
224 1172 416 1209 Lugdunensis
431 1182 462 1207 ιι,
475 1182 525 1202 nec
540 1173 713 1206 ViennenSis,
724 1182 776 1202 nec
784 1174 1006 1203 Lateranensium
1017 1176 1097 1202 ullam
1106 1175 1241 1202 rationem
1253 1176 1368 1208 habent;
1382 1175 1429 1202 sed
1445 1176 1584 1203 immerito
1606 1181 1637 1204 ut
1652 1182 1736 1211 patet.

137 1218 204 1244 Acta
218 1219 419 1254 pscudosynodi
434 1218 522 1246 Photii
540 1219 604 1246 anni
616 1219 679 1252 878,
694 1219 746 1247 etsi
762 1219 854 1247 ﬁctilia
870 1219 936 1251 sint,
948 1227 981 1246 ex
997 1220 1091 1247 codice
1110 1219 1251 1250 Vaticano.
1261 1227 1323 1246 cum
1339 1220 1520 1254 permissione
1535 1220 1738 1254 Clementile,

103 1266 132 1289 ut
154 1270 237 1297 supra
250 1263 306 1298 jam
325 1264 491 1296 notavimus,
508 1271 522 1290 a
539 1263 570 1291 P.
585 1263 725 1291 Harduino
747 1264 819 1292 edita
842 1268 925 1296 sunt;
950 1263 996 1291 sed
1023 1264 1087 1298 quia
1106 1263 1176 1290 inter
1195 1263 1263 1290 Acta
1280 1263 1457 1290 conciliorum
1482 1265 1619 1298 propriam
1646 1266 1738 1293 sedem

107 1306 217 1335 halwnt.
229 1313 254 1333 et
272 1307 307 1333 ab
321 1306 416 1333 iisdem
432 1307 538 1342 seiungi
556 1315 610 1334 non
629 1311 754 1342 possunt,
776 1308 870 1335 eadem
889 1307 933 1335 hic
963 1307 1198 1342 praetermisunus.
1216 1305 1318 1342 Supra,
1330 1306 1414 1334 variis
1429 1308 1599 1342 argumentis
1613 1309 1739 1337 ostendiv

103 1358 163 1377 mus
175 1349 242 1376 Acta
259 1350 303 1376 illa
319 1357 371 1377 non
386 1351 516 1385 genuina,
530 1351 577 1378 sed
591 1358 664 1378 mere
677 1351 771 1378 ﬁctilia
787 1358 859 1378 esse.

139 1395 168 1421 3·
181 1393 270 1420 Photii
289 1393 445 1429 Synagogen
456 1402 588 1421 canonum
602 1395 748 1422 omisimus
773 1394 808 1422 ob
829 1401 928 1422 causas
942 1402 1011 1429 quas
1027 1401 1109 1430 supra
1124 1394 1314 1430 alicgavimus.

141 1438 171 1464 ιο
187 1437 302 1464 1³Ιιοιῑυε
320 1438 431 1471 scripsit
449 1438 577 1465 humilius
602 1438 736 1472 plurimas
754 1445 871 1473 quorum
892 1439 1036 1466 elenchum
1059 1445 1092 1466 ex
1110 1438 1277 1466 Combeﬁsio
1295 1438 1441 1467 edidimus.
1471 1438 1625 1472 Quominus
1642 1448 1739 1469 omnes

103 1482 248 1508 ederemus
263 1480 338 1507 nulla
354 1480 407 1507 alia
422 1488 507 1508 causa
525 1480 586 1513 fuit,
607 1489 689 1516 quam
707 1481 779 1516 quod
793 1482 897 1508 nullum
918 1482 1057 1517 exemplar
1071 1490 1165 1509 earum
1184 1483 1265 1510 nobis
1279 1490 1438 1517 comparare
1458 1485 1637 1518 potuerimus.

140 1525 174 1551 5³
184 1523 301 1551 Photius
314 1524 415 1552 dicitur
429 1525 463 1551 de
476 1525 551 1551 cultu
570 1524 620 1551 SS.
637 1525 785 1559 imaginum
803 1526 958 1560 scripsisse,
971 1525 1017 1552 sed
1033 1525 1154 1560 ejusdem
1171 1526 1264 1561 scripti
1278 1527 1382 1553 nullum
1396 1527 1539 1562 vestigium
1553 1527 1654 1559 inveni,
1672 1535 1740 1562 pra:-

103 1574 145 1595 tt-r
157 1568 266 1594 titulum
279 1573 453 1602 sequentem,
467 1576 548 1603 quem
565 1568 691 1600 Bandini,
707 1570 734 1595 in
752 1568 843 1596 Calai.
861 1569 981 1596 bibliotlt.
997 1569 1125 1598 Laurent.
1144 1570 1264 1598 Florent.
1285 1577 1304 1598 I.
1323 1571 1345 1603 i,
1362 1579 1388 1607 p.
1409 1571 1473 1603 654,
1492 1572 1587 1600 recitat
1602 1573 1740 1609 εΧρήσεις

105 1613 175 1639 κατὰ
194 1612 387 1647 Εἰκονομάχων
406 1613 438 1639 ὲκ
454 1612 509 1639 τῶν
521 1613 746 1648 συγγραμμάτων
770 1613 932 1649 Νεκηφόρου
956 1614 1003 1640 καὶ
1027 1614 1142 1647 Φωτιου,
1158 1614 1212 1641 τῶν
1235 1615 1412 1651 πατριαρχῶν
1428 1617 1740 1650 Κωνσταντινουπόλεως

103 1656 151 1682 καὶ
167 1655 305 1691 Θεοδώρου
321 1655 459 1683 Eruet-too.
484 1655 555 1684 liinc
564 1664 631 1685 sane
646 1664 726 1684 nemo
743 1657 850 1692 colliget
863 1657 988 1685 Photiqu
1002 1665 1036 1685 ex
1058 1657 1191 1686 industria
1205 1659 1239 1686 de
1252 1659 1375 1687 colendis
1393 1660 1558 1695 imaginibus
1581 1661 1738 1696 scripsisse.

104 1699 176 1727 Fieri
189 1699 264 1726 enim
281 1699 370 1734 potuit
389 1705 420 1727 ut
435 1707 469 1728 ex
485 1700 565 1728 libris
579 1708 649 1736 quos
665 1701 698 1728 de
712 1701 766 1728 alio
781 1707 944 1736 argumento
956 1707 1126 1735 curaverat,
1142 1703 1205 1737 quis
1217 1704 1339 1738 Ιχρήσεις
1351 1703 1412 1730 illas
1424 1704 1619 1739 composuerit.

139 1743 168 1770 6°
182 1742 282 1771 Nescio
298 1751 333 1770 an
351 1751 367 1770 a
380 1743 451 1771 libro
467 1752 483 1771 a
504 1743 628 1772 Bandiuo
647 1747 740 1772 notato
752 1744 877 1772 diversus
893 1746 928 1773 sit
941 1745 986 1773 ille
1002 1753 1081 1780 quem
1099 1746 1273 1777 Lambecius,
1286 1747 1312 1773 in
1327 1746 1471 1774 Comment.
1495 1748 1520 1774 in
1539 1747 1608 1774 Bibl.
1627 1747 1739 1776 Vindob.

102 1788 146 1815 ed.
164 1786 326 1819 Kollarii.‘t.
342 1786 389 1820 iV,
400 1796 427 1823 p.
444 1788 509 1819 555,
525 1788 559 1815 ad
571 1788 633 1816 eod.
649 1788 713 1821 157,
735 1789 801 1821 n.5,
814 1789 844 1816 it:

997 1798 1004 1816 :
1020 1789 1123 1816 Φωτιου
1139 1790 1310 1825 πατριάρχου
1321 1791 1368 1817 καὶ
1381 1790 1521 1825 Θεοδώρου
1538 1791 1589 1817 τοῦ
1601 1791 1738 1819 Στυδίτυυι

104 1831 195 1857 Εἰπὼν
207 1830 317 1865 λέγεται
335 1832 412 1866 παρὰ
424 1831 455 1858 τὸ
473 1832 562 1859 ἔοικεν
573 1832 653 1859 ’ἄλλο
666 1832 705 1859 δὲ’
722 1833 824 1868 φυσικὴ

1001 1834 1008 1859 l
1027 1833 1092 1861 ἄλλο
1116 1834 1253 1869 μιμητική
1270 1842 1276 1848 ·
1296 1842 1323 1861 κ.
1343 1843 1368 1860 τ.
1380 1834 1405 1860 λ.
1438 1843 1447 1859 α
1466 1835 1556 1862 Photii
1578 1837 1743 1869 patriarchae

101 1874 157 1902 GP.
169 1879 197 1902 et.
218 1875 355 1902 Theodori
367 1875 482 1903 Studite
504 1876 662 1907 testimonia
679 1877 712 1902 de
722 1876 809 1903 sacris
825 1876 988 1911 imaginibus
1002 1881 1029 1903 et
1040 1877 1073 1904 de
1086 1877 1239 1904 diﬁ‘erentia
1257 1876 1329 1904 inter
1339 1884 1433 1904 sacras
1447 1877 1579 1912 imagines
1590 1883 1617 1905 et
1630 1879 1712 1907 idola.
1726 1889 1738 1906 ι

140 1918 170 1944 7°
184 1918 316 1946 Senebier
330 1919 357 1945 in
371 1918 517 1954 Catalogue
532 1919 657 1947 raisonné
671 1920 717 1947 de:
728 1921 889 1947 manuscrits
901 1920 933 1947 de
947 1920 1056 1954 Genera,
1076 1929 1102 1956 p.
1115 1921 1161 1953 42,
1177 1919 1287 1948 Genéve
1299 1921 1369 1948 1779
1381 1922 1436 1956 (ap.
1452 1920 1478 1948 J.
1494 1921 1526 1948 Λ.
1542 1921 1649 1950 Fabric.
1667 1923 1741 1951 Bibl.

107 1960 154 1989 Cr.
168 1967 189 1988 ι.
205 1961 252 1994 χι,
268 1970 295 1997 p.
318 1962 375 1997 19),
402 1963 496 1991 laudat
510 1962 744 1991 PhotiiHomilias
767 1967 833 1996 tres,
858 1968 886 1991 et
904 1963 1057 2000 fragmenta
1080 1964 1175 1999 scripti
1189 1964 1334 1999 cujusdam
1354 1969 1450 1992 contra
1473 1964 1648 1999 Manichaeos,
1668 1968 1741 2002 quod

105 2011 199 2033 utrum
213 2006 323 2033 diﬁ‘erat
347 2014 363 2033 a
388 2006 467 2035 libris
495 2008 616 2035 secundo
632 2008 770 2035 volumine
793 2008 876 2042 hujus
893 2008 1022 2036 editionis
1057 2008 1138 2036 editis
1158 2015 1256 2041 necne,
1282 2008 1412 2044 indagare
1437 2016 1491 2035 non
1513 2009 1600 2044 potui,
1624 2014 1651 2037 et
1675 2010 1743 2038 mihi

103 2051 307 2085 incompertum
319 2056 371 2077 est.

141 2095 170 2122 8°
198 2094 297 2129 Ignoro
323 2094 425 2129 pariter
454 2101 489 2122 an
515 2094 605 2122 Photii
629 2095 793 2130 Argumenta
821 2094 960 2121 duodecim
979 2094 1143 2131 syllogistica
1166 2100 1260 2123 contra
1294 2096 1487 2130 procationem
1512 2095 1628 2130 Spiritu:
1655 2098 1743 2124 sancti

102 2138 188 2165 etiam
200 2145 216 2164 a
231 2137 311 2169 Filio,
330 2137 365 2165 (ie
376 2138 477 2173 quibus
493 2138 605 2165 Bandini
623 2138 712 2166 ϐαϐαί.
733 2138 861 2165 Laurent.
874 2143 893 2166 ι.
909 2138 952 2172 ill,
970 2147 995 2175 p.
1011 2140 1074 2172 524,
1089 2140 1256 2167 conveniant
1272 2148 1334 2168 cum
1349 2141 1519 2175 argumentis
1536 2149 1550 2168 a
1561 2140 1650 2168 Vecco
1667 2141 1742 2168 refu-

102 2181 173 2209 tatis
188 2186 215 2209 et
230 2189 246 2208 a
263 2181 343 2209 nobis
359 2181 404 2209 hic
418 2182 509 2214 editis,
523 2183 563 2209 vel
576 2183 739 2217 opusculum
753 2183 915 2210 distinctum
932 2185 1112 2212 constituant.
1127 2184 1197 2211 Puto
1213 2191 1245 2211 ea
1259 2184 1376 2211 identica
1388 2192 1461 2212 esse.

142 2226 172 2254 9°
184 2227 310 2254 Oudinus
326 2227 428 2254 indicat
441 2235 448 2254 :
464 2227 579 2254 Φωτίου.
599 2247 606 2254 .
626 2248 633 2255 .
650 2226 773 2262 ’Δγωγαὶ
781 2228 828 2254 χαὶ
839 2228 990 2260 ἀποδείξεις
1001 2228 1125 2264 ἀκριϐεῖς
1139 2227 1346 2262 συνειλεγμέναι
1361 2227 1392 2254 ἐκ
1402 2236 1432 2254 τε
1443 2227 1589 2255 συναδικῶν
1604 2229 1651 2256 καὶ
1669 2229 1742 2256 ιστο-

108 2275 200 2311 ρικῶν
215 2274 340 2310 γραφῶν.
361 2274 521 2308 (Comment.
536 2275 568 2301 de
582 2275 683 2309 Scripl.
697 2275 789 2304 uoles.
805 2280 826 2303 t.
838 2275 871 2308 ll,
885 2283 911 2310 p.
924 2275 1000 2309 201),
1013 2282 1081 2310 quas
1096 2282 1110 2301 a
1123 2273 1148 2300 Χ
1160 2275 1411 2310 interrogationibus
1422 2275 1454 2302 de
1468 2275 1628 2310 patriarchis
1644 2276 1747 2310 injuste

101 2321 200 2354 ejectis
218 2318 426 2353 distinguendas
436 2326 497 2346 esse
510 2323 647 2346 autumat.

145 2363 191 2391 l0“
209 2363 281 2390 idem
299 2363 437 2393 Oudinus,
470 2363 618 2398 symbolum
636 2363 698 2397 ﬁdei
724 2367 838 2390 testatur
857 2363 883 2390 in
911 2363 973 2391 cod.
998 2369 1066 2390 mss.
1084 2366 1192 2390 exstare
1213 2369 1229 2390 a
1250 2361 1347 2390 Photio
1371 2363 1543 2397 compositum
1562 2371 1610 2398 pro
1635 2363 1669 2390 iis
1696 2364 1745 2399 qui

102 2407 252 2436 ordinandi
265 2407 467 2442 suntepiscopi,
485 2407 518 2434 de
536 2414 591 2441 quo
607 2407 777 2437 Lambecius.
792 2408 811 2434 l.
826 2415 885 2440 vui,
905 2415 933 2442 p.
948 2408 1011 2435 455.

147 2451 192 2478 ll"
214 2450 337 2486 Epitome
355 2449 487 2478 Historiae
495 2451 680 2478 ecclesiasticae
700 2451 884 2486 Pliilostorgii,
897 2451 951 2478 ἀπὸ
975 2451 1066 2486 φωνῆς
1081 2449 1170 2478 Photii
1186 2451 1349 2486 patriarchae
1363 2455 1452 2478 exstat
1466 2451 1537 2478 inter
1551 2451 1611 2478 cod.
1621 2458 1688 2480 mss.
1699 2451 1745 2478 bi-

103 2494 254 2521 bliothecae
281 2494 437 2523 Bodleianze
464 2495 588 2530 (Baroce.
611 2495 672 2522 cod.
694 2495 806 2529 142,110
821 2495 849 2528 7,
874 2503 902 2530 p.
927 2495 1009 2529 245);
1032 2495 1140 2522 diversa
1163 2495 1197 2522 ab
1232 2494 1278 2522 illa
1299 2502 1361 2530 qua:
1383 2495 1410 2521 in
1434 2494 1603 2530 Myriobiblio
1623 2495 1746 2522 occurrit

101 2544 133 2565 ct
155 2538 273 2573 amplior
292 2537 416 2574 (0udin.,
431 2542 452 2566 t.
469 2538 501 2572 ll,
514 2538 565 2565 col.
582 2538 659 2573 208).

147 2592 193 2619 12°
212 2592 371 2620 Michaelem
392 2593 513 2621 Pselium
549 2592 690 2628 Synopsim
714 2592 913 2620 Nontocanania
927 2593 1016 2622 Photii
1035 2593 1161 2621 \‘crsil-us
1180 2592 1327 2628 scripsisse
1340 2592 1441 2620 ferunt.
1453 2593 1526 2620 inter
1541 2593 1663 2629 quinque
1679 2593 1743 2621 Car~

103 2637 182 2664 mina
193 2637 305 2672 politica
320 2638 401 2666 Psclli
417 2638 544 2674 Synopsis
560 2639 605 2666 illa
622 2643 750 2674 quartum
768 2639 858 2666 locum
873 2645 1008 2672 occupare
1026 2637 1139 2665 dicitur.

288 2691 334 2718 IX.
349 2706 386 2712 —-
400 2692 435 2719 De
453 2691 572 2726 operibus
584 2691 673 2718 Photii
684 2699 742 2726 qun:
758 2691 816 2718 alio
830 2691 935 2717 nomine
948 2698 1026 2725 quam
1039 2698 1054 2716 τι
1069 2689 1143 2716 nobis
1160 2689 1233 2716 edita
1249 2693 1320 2721 sunt,
1341 2689 1575 2724 circumferuntur.

152 2738 196 2764 15·
217 2737 337 2764 Libellus
351 2736 384 2763 de
396 2741 493 2769 septem
510 2736 618 2771 synodi:
635 2736 682 2770 qui
699 2736 798 2769 passim
822 2734 951 2768 occurrit,
966 2739 1111 2769 execrptus
1128 2737 1170 2761 cst
1196 2741 1230 2761 ex
1254 2732 1344 2761 Photii
1362 2734 1442 2768 epist.
1461 2737 1521 2766 νιν,
1541 2733 1574 2760 ad
1588 2732 1748 2760 Micliaeicm

106 2781 249 2815 Bulgaria:
264 2780 429 2815 principem,
443 2787 504 2814 quae
526 2780 552 2816 in
571 2780 620 2806 hac
634 2779 753 2806 mlitione
768 2779 912 2814 reperitur,
930 2783 950 2806 ι.
964 2778 996 2810 ll,
1013 2779 1065 2806 col.
1084 2778 1146 2805 651.

147 2826 196 2852 H0
217 2824 332 2851 Libellus
342 2825 375 2851 de
388 2823 567 2850 consolatione
576 2823 610 2850 ad
627 2823 777 2854 Eusebium,
790 2830 870 2858 quem
886 2822 1006 2850 Conrad.
1024 2821 1223 2854 liitterhusius,
1241 2828 1313 2848 anno
1330 2822 1408 2854 l60l,
1421 2822 1469 2850 Gr.
1487 2821 1548 2850 Lat.
1564 2818 1750 2856 Nurenbergiit

104 2871 196 2899 edidit
207 2872 261 2899 sub
278 2870 391 2898 nomine
403 2869 504 2903 Photii,
521 2873 562 2897 cst
570 2869 694 2905 ejus'lem
711 2869 800 2897 Photii
815 2869 932 2905 epistola
950 2869 1014 2901 215,
1028 2868 1101 2903 apud
1121 2868 1333 2896 Montacutium.
