1881 3077
141 154 158 173 x
669 144 867 175 PRIEFATIO
882 143 923 175 IN
940 143 1072 175 PHOTII
1087 143 1222 175 OPERA.

179 203 227 231 15η
247 203 415 238 ()pusculum
439 201 477 229 De
502 201 664 237 patriurchis
679 202 779 236 injuste
788 202 891 236 ejectis,
907 201 981 236 quod
1004 201 1097 228 laudat
1110 200 1136 229 J.
1152 201 1187 228 A.
1203 200 1356 232 Fabricius,
1377 207 1430 226 non
1455 199 1678 235 distinguendum
1694 206 1760 231 esta

140 249 235 275 decem
249 245 517 281 interrogationibus,
530 253 600 280 quas
613 253 646 273 ex
664 245 748 272 Novis
765 245 868 272 deliciis
882 245 1047 272 eruditorum
1060 244 1176 272 Fontani
1194 245 1227 271 ad
1247 244 1326 271 linem
1342 243 1460 279 Operum
1477 243 1565 271 Photii
1583 245 1730 273 edidimus.

174 292 219 320 16³
239 292 329 319 Photii
342 292 475 325 Ezcerpta
489 298 522 317 ea:
533 290 658 322 Asteriis,
674 297 735 324 quae
753 288 937 317 Combeﬁsius
949 289 1044 322 edidit,
1064 296 1097 315 ex
1117 288 1207 316 Photii
1223 287 1389 315 Bibliotheca
1403 288 1546 322 desumpta
1561 292 1638 315 sunt.

175 337 220 364 17⁸³
239 336 391 363 Cotelerius
408 336 434 362 in
453 334 631 361 Monumentic
652 333 779 361 Ecclctite
797 333 906 364 Grtecte,
926 336 947 360 t.
973 331 1017 364 IlI.
1029 340 1056 367 p.
1072 332 1134 364 101,
1151 333 1257 367 primus
1274 331 1389 366 protulit
1412 332 1575 366 opusculum
1605 333 1641 359 ita
1666 332 1760 360 inscri-

137 385 212 416 ptum
228 390 234 407 :
253 379 329 412 Quod
345 387 396 406 non
412 384 532 413 oporteat
543 379 578 405 ad
593 382 733 413 marcentes
747 378 807 404 vitae
821 377 956 404 molestias
969 378 1113 403 attendere.
1127 375 1197 408 Quia
1213 376 1277 402 olim
1293 376 1363 403 inter
1372 375 1460 402 Photii
1478 374 1613 409 Epistolas
1625 381 1759 404 servatum

137 428 190 456 est,
209 423 274 450 illud
289 423 324 450 ad
341 422 423 450 liuent
439 422 500 449 libri
515 423 588 449 tertii
603 421 784 457 epistolarum
801 421 828 447 in
842 424 935 447 nostra
949 419 1067 446 editione
1082 418 1290 446 collocavimus.

173 468 222 495 18⁸³
242 467 378 497 Labbeus,
395 466 422 494 in
435 466 526 493 Calai.
543 465 601 492 cad.
619 473 695 498 ωσι,
711 472 738 499 p.
755 464 817 496 114,
834 463 927 490 laudat
942 462 1031 489 Photii
1047 462 1189 497 Synopsim
1214 462 1305 497 logica:
1316 461 1504 494 Aristolelica’,
1518 467 1546 489 et
1560 462 1713 496 Fabricius,
1729 470 1759 490 ex

136 511 256 542 Oudino,
274 511 374 538 asserit
396 509 484 537 Photii
499 508 641 544 Synopsim
661 507 856 544 categoriarnm
881 507 1029 534 itnmistam
1051 514 1110 534 esse
1127 506 1338 533 Commentariis
1353 505 1497 540 Philoponi
1519 512 1546 534 et
1565 506 1701 534 Ammonii
1732 507 1758 535 in

136 555 323 582 Aristotelem.
340 553 379 581 llli
393 557 518 580 auctores
533 551 631 579 Pholio
647 552 734 579 multo
748 551 918 586 antiquiores
931 555 1005 578 sunt.
1020 550 1106 577 Card.
1124 550 1177 577 Mai
1190 549 1290 584 Script.
1302 556 1382 582 ceter,
1398 555 1418 577 t.
1434 550 1454 582 Ι,
1467 549 1544 585 praef.
1559 559 1586 585 p.
1599 559 1656 584 xrv,
1669 556 1759 579 monet

135 599 195 627 illas
207 598 336 634 Synopses
361 604 414 624 non
436 596 645 631 distiuguendas
666 603 728 623 esse
746 604 761 623 a
782 594 980 629 Quaestionibus
1003 594 1243 629 Amphilocltianis.
1260 595 1292 621 Et
1312 602 1407 622 revera
1428 595 1596 635 quaestiones
1617 595 1758 630 Amphilo-

136 644 244 670 chianse
259 641 310 669 157
325 641 359 668 ad
373 640 422 668 M7
440 640 514 668 circa
528 640 581 668 hoc
596 644 788 674 argumentum
806 643 964 666 versantur.
976 638 1037 670 Hic.
1057 643 1076 666 t.
1094 639 1115 671 I,
1131 639 1183 666 col.
1200 638 1252 665 759
1264 643 1290 665 et
1306 646 1365 673 seq.

604 683 639 712 Χ.
656 698 691 704 ——
710 683 749 711 De
761 683 884 718 operibus
898 681 989 709 Photii
1002 683 1151 717 argumenti
1164 682 1283 717 profani.

150 730 195 758 19°
216 729 336 757 Joannes
358 728 496 756 Gerardus
515 727 630 755 Vossius
648 728 675 755 in
687 735 770 762 opere
795 726 832 754 De
851 726 994 758 Historicis
1013 725 1123 758 ercis,
1145 726 1192 753 lib.
1214 735 1243 759 ιι,
1259 733 1285 754 c.
1303 726 1339 754 25
1354 725 1459 761 (Opem,
1481 729 1501 753 t.
1520 725 1566 757 IV,
1584 733 1611 760 p.
1641 726 1704 760 N7)
1722 727 1756 755 ita

132 774 227 802 scribit
243 782 250 801 :
271 782 282 800 ι
301 773 389 801 Photii
406 772 570 807 patriarchae
592 770 744 798 Historiam
758 770 791 797 de
805 769 954 798 rhetoribus
973 770 1062 797 decem
1077 775 1186 798 exstare
1207 770 1267 805 lego
1282 770 1309 798 in
1328 771 1535 798 nomenclatori)
1553 769 1667 798 Roberti
1682 771 1757 798 Con-

133 818 258 846 stantini.
275 827 283 843 ι
305 817 342 843 De
359 817 410 843 hoc
424 816 492 842 libro
507 816 588 842 aliam
601 814 726 841 notitiam
741 814 844 841 nullam
861 814 961 849 reperi.

160 857 210 888 20°
227 860 340 887 Lexicon
356 859 478 887 ercum
498 858 550 886 sub
567 859 680 885 nomine
697 857 787 885 Photii
804 857 893 885 forma
914 857 941 884 in
954 858 994 891 ιθ,
1009 866 1082 886 anno
1095 858 1175 892 I808,
1193 858 1291 894 Lipsiae
1302 859 1387 887 edidit
1403 860 1434 887 D.
1448 860 1598 888 Hermann.
1614 860 1693 888 Liber
1708 869 1757 888 att-

129 910 183 933 tcm
198 906 278 940 paulo
294 908 356 939 post
369 904 466 931 iterum
483 903 554 938 typis
568 903 718 937 impressus
735 906 777 929 est
791 902 844 929 hoc
862 906 870 929 ι

1012 902 1074 929 »τιου
1086 902 1134 929 τοῦ
1146 903 1316 938 πατριάρχου
1332 903 1439 936 Λέξεων
1453 905 1619 940 Συναγωγή,
1639 913 1654 931 e
1668 905 1754 932 codice

130 950 248 976 (ἔοικαηο
264 948 405 983 descripsit
427 947 558 974 Ricardut
574 946 722 979 Personas,
741 946 759 972 2
770 946 824 974 vol.
838 945 878 978 8°,
892 945 1074 982 Cantabr-igne
1092 947 1168 974 1822.
1187 946 1328 975 Porsonus
1341 948 1366 974 in
1382 947 1474 975 Lezici
1490 948 1649 983 pradalione
1666 954 1756 976 monet

132 993 163 1021 D.
179 992 329 1024 Blomlield,
350 993 377 1018 in
393 991 525 1018 Censoris
538 989 735 1022 Edinensibus,
751 993 827 1024 parte
852 996 920 1023 χιιι,
935 989 969 1017 de
986 990 1083 1020 Photio
1106 991 1236 1024 praeclare
1253 992 1516 1026 scripsissc.0udin.
1529 993 1562 1026 (t.
1578 992 1610 1026 ll,
1622 993 1674 1020 eoi.
1691 993 1754 1028 206)

128 1036 224 1064 scribit
236 1036 323 1063 Photii
337 1035 452 1062 Lezicon
466 1034 547 1066 ιιι-ιο,
561 1034 664 1062 editum
679 1033 776 1067 fuisse,
790 1033 903 1066 Kilonii,
916 1041 961 1061 an.
978 1033 1059 1066 1706,
1073 1039 1101 1062 et
1120 1035 1147 1062 in
1170 1034 1252 1062 codd.
1270 1043 1338 1063 mss.
1352 1036 1465 1063 inscribi
1481 1037 1646 1071 quandoque
1664 1035 1755 1065 Photii

129 1085 201 1114 patr.
218 1078 272 1106 UP.
290 1078 503 1113 Etymologicum
516 1085 651 1112 magnum.

489 1120 535 1148 XI.
547 1135 582 1140 —
596 1120 635 1148 De
649 1121 682 1148 iis
699 1121 744 1155 qui
761 1121 789 1147 in
802 1120 969 1147 elucidandis
984 1120 1106 1155 operibus
1118 1120 1208 1148 Photii
1223 1120 1393 1148 insudarunt.

160 1169 207 1196 2t°
227 1168 328 1195 Praeter
343 1175 392 1194 eos
404 1168 451 1202 qui
469 1166 666 1195 Collectionem
681 1166 802 1201 Operum
818 1165 907 1200 Photii
929 1170 1130 1200 praepararant,
1148 1165 1276 1191 laudandi
1290 1171 1354 1193 sunt
1376 1166 1459 1193 etiam
1474 1167 1493 1193 ii
1508 1166 1555 1201 qui
1572 1174 1655 1202 opera
1669 1169 1754 1203 parti-

127 1213 231 1242 cularia
244 1213 392 1240 emendare
408 1211 450 1239 vel
458 1211 597 1239 elucidare
616 1208 708 1238 conati
716 1214 792 1238 sunt.
807 1209 835 1236 Si
853 1209 920 1236 lides
935 1207 1083 1235 Annalibus
1107 1207 1337 1242 Trivulticnsibus,
1352 1209 1504 1237 Bocrnerus
1521 1210 1554 1238 de
1571 1213 1754 1246 componenda

127 1265 195 1286 nova
210 1256 388 1284 translatione
397 1255 493 1283 Latina
503 1255 680 1290 Myriabiblii,
692 1262 741 1282 seu
753 1253 924 1281 Bibliotheca:
934 1251 1034 1284 Photii,
1045 1252 1183 1286 cogitavit.
1195 1252 1347 1287 (Memoires
1360 1254 1391 1280 de
1405 1253 1534 1286 Tréooux,
1549 1255 1628 1286 1701.
1642 1264 1666 1290 p.
1680 1257 1754 1290 286.)

159 1301 207 1328 22°
224 1300 351 1327 Eamdem
365 1304 485 1334 spartam
501 1306 601 1326 ornare
615 1302 734 1333 coeperat
745 1297 875 1325 Claudius
892 1296 1058 1331 Caperouier
1072 1296 1248 1329 Parisiensis,
1263 1297 1373 1331 adjutus
1385 1301 1405 1324 ἡ]
1423 1297 1504 1325 Patre
1526 1298 1708 1327 Tourncmine
1726 1307 1752 1327 et

125 1344 210 1372 Ellies
221 1344 352 1378 Dupin,et
360 1344 416 1377 jam
430 1343 629 1377 quinquaginta
648 1341 712 1369 folia
727 1341 1013 1377 typisimpresscrattt,
1025 1340 1174 1375 quandoE.
1187 1340 1274 1376 Dupiu
1288 1342 1315 1368 in
1333 1342 1459 1369 exsiliunt
1475 1343 1575 1370 missus
1597 1349 1637 1370 est
1659 1348 1686 1371 et
1699 1345 1753 1371 edi-

124 1390 162 1416 tio
172 1387 311 1415 derelicta.
323 1386 397 1423 (Vid.
411 1387 551 1422 Supplem.
565 1385 662 1412 Moreri
673 1385 753 1418 1749.
765 1391 785 1413 t.
800 1385 820 1417 I,
833 1393 860 1420 p.
871 1384 924 1412 228
942 1388 970 1412 et
985 1385 1014 1411 D.
1027 1384 1135 1412 Cellier.
1148 1384 1274 1412 Hist.tles
1290 1386 1370 1412 ecriu.
1386 1386 1491 1417 ecrlés.,
1505 1390 1524 1414 t.
1539 1386 1600 1412 XIX
1615 1407 1622 1418 ,
1637 1395 1662 1420 p.
1677 1387 1754 1423 431’.)

158 1432 206 1459 23°
224 1430 380 1458 Translatio
392 1429 496 1458 Gallica
505 1430 588 1457 trium
599 1429 754 1457 orationum
771 1429 859 1456 Photii
876 1436 939 1455 eum
968 1428 1052 1460 uotis,
1081 1429 1210 1456 inseritur
1230 1429 1306 1463 operi
1332 1429 1403 1464 quod
1428 1429 1587 1457 inscribitur
1605 1438 1611 1456 :
1635 1430 1754 1459 Histoire

122 1475 326 1503 del'Académie
342 1475 387 1501 des
398 1474 568 1508 inscription:
583 1479 608 1501 et
625 1473 821 1506 belles-lettres,
838 1477 859 1500 t.
874 1471 944 1506 XVI,
956 1479 983 1508 p.
996 1472 1040 1500 98.
1054 1471 1142 1506 Paris,
1163 1472 1242 1501 175i.
1256 1473 1293 1501 De
1309 1472 1408 1501 Photio
1433 1480 1524 1500 sermo
1537 1473 1653 1501 habetur
1666 1475 1694 1502 in
1708 1471 1751 1502 ca-

125 1520 187 1547 dem
203 1518 374 1550 collectione,
391 1522 411 1544 t.
429 1516 498 1550 XIV,
518 1525 545 1552 p.
560 1517 611 1544 I80
625 1521 652 1545 et
666 1524 724 1552 seq.
739 1516 826 1549 Paris,
841 1516 922 1544 1745,

153 1564 200 1592 24·
220 1563 334 1591 Annales
351 1561 536 1589 Tritmltiemes
548 1562 700 1598 (Mémoires
714 1562 745 1589 de
761 1561 889 1594 Trécouz,
908 1570 934 1597 p.
951 1561 1031 1594 1944,
1047 1570 1093 1590 an.
1117 1562 1210 1598 i722);
1221 1562 1370 1597 fragmenta
1388 1564 1548 1592 exscribunt
1568 1565 1752 1594 translationis

121 1608 232 1636 Gallicae
247 1607 425 1642 epistolarum
440 1606 472 1633 11
489 1610 517 1633 et
529 1606 563 1633 12
576 1606 610 1633 ad
629 1605 784 1634 Michaelem
797 1606 829 1633 Ill
841 1605 974 1640 Bulgaria:
985 1607 1148 1641 principem,
1160 1614 1243 1642 qualn
1261 1609 1384 1636 versibus
1398 1608 1529 1644 scriptam
1546 1609 1632 1636 edidit
1655 1615 1751 1637 auctor

122 1653 216 1680 Gallus
227 1652 280 1679 hoc
293 1651 373 1678 titulo
391 1659 397 1677 :
416 1660 425 1676 ι
450 1649 582 1677 Maxime:
601 1658 668 1685 puur
684 1651 712 1677 la
725 1650 848 1678 conduitc
861 1650 898 1677 du
921 1650 1012 1684 prince
1031 1649 1138 1682 llic/rel,
1158 1651 1198 1677 roi
1209 1651 1241 1678 tle
1254 1651 1400 1687 Bulgaria,
1416 1660 1465 1688 par
1481 1653 1606 1681 Bcrnard
1622 1653 1750 1688 Theatiu,

124 1697 205 1725 olIert
219 1696 235 1724 ὲ
250 1695 334 1723 Louis
343 1694 403 1728 XV,
415 1694 613 1726 l’aris,t7t8.i

538 1738 596 1766 XII.
608 1753 644 1758 —
658 1738 698 1766 De
716 1739 750 1767 iis
763 1741 808 1775 qui
824 1745 885 1768 aeta
902 1745 927 1768 et
943 1742 1044 1776 scripta
1062 1741 1152 1769 Photii
1166 1741 1346 1769 elucidarunt.

155 1785 288 1812 Auctores
299 1790 459 1810 enumerare
475 1782 521 1816 qui
535 1783 568 1810 de
587 1783 656 1811 actis
668 1789 695 1811 et
709 1784 818 1819 scriptis
833 1785 920 1812 Photii
935 1785 1058 1812 netitiam
1071 1785 1210 1816 exhibent,
1226 1785 1268 1812 vix
1286 1784 1415 1818 possibile
1441 1788 1494 1812 est.
1515 1784 1657 1820 Quotquot
1673 1785 1747 1813 enim

123 1827 270 1855 IlistOriam
285 1826 414 1854 Ecclesiae
425 1826 467 1854 vel
485 1826 633 1854 Historiam
649 1827 814 1861 scriptorqu
829 1828 1077 1856 ecclesiasticarum
1095 1829 1264 1862 attigerunt,
1282 1828 1371 1855 Photii
1388 1833 1463 1862 gesta
1482 1833 1650 1855 enarrarunt
1673 1833 1700 1855 et
1715 1830 1750 1857 de

122 1872 183 1906 ejus
196 1872 274 1899 libris
287 1872 450 1898 sententiam
463 1871 646 1905 protulerunt.
663 1872 734 1899 Inter
748 1877 854 1900 veteres
876 1880 957 1900 nemo
968 1891 976 1904 ,
994 1871 1065 1899 inter
1084 1872 1251 1900 recentiores
1269 1872 1319 1899 soli
1341 1876 1522 1906 protestantes
1541 1880 1604 1899 eum
1622 1872 1751 1900 laudibus

123 1915 260 1950 prosecuti
276 1920 354 1947 sunt,
371 1922 424 1942 non
439 1914 514 1950 quod
530 1914 608 1942 laude
623 1915 723 1951 dignus
739 1916 784 1950 sit,
802 1916 847 1944 sed
860 1917 925 1952 quia
943 1916 1036 1944 sedem
1055 1917 1232 1951 apostolicam
1244 1936 1252 1949 ,
1265 1924 1346 1952 quam
1364 1916 1415 1950 ipsi
1434 1915 1498 1943 odio
1512 1915 1629 1949 habent,
1660 1918 1750 1944 auda-

123 1963 181 1985 cter
193 1964 338 1992 aggressus
352 1961 404 1985 est.

157 2002 194 2028 Ea
207 2009 267 2035 qum
281 2009 296 2027 a
312 2001 408 2028 Photio
423 2001 465 2028 vel
483 2001 510 2028 in
525 2002 585 2037 ejus
600 2009 684 2030 causa
699 2006 773 2037 gesta
796 2007 862 2030 sunt
878 2002 938 2031 fuse
951 2008 1062 2031 enarrat
1080 2004 1225 2036 Baronius,
1242 2005 1322 2040 cujus
1345 2004 1417 2032 dicta
1443 2005 1587 2032 conlirmat
1606 2003 1706 2040 Pagina
1721 2006 1749 2033 in

122 2045 193 2072 notis
208 2044 265 2071 suis
279 2044 312 2071 ad
327 2043 425 2071 Annal.
440 2044 558 2077 Baronii,
574 2045 684 2073 Multam
698 2046 786 2073 lucem
801 2047 844 2074 his
857 2047 940 2082 gestis
954 2048 1099 2076 allundunt
1113 2049 1194 2076 etiam
1209 2054 1270 2076 acta
1285 2048 1476 2076 conciliorum.

155 2088 192 2115 De
205 2088 283 2115 libris
298 2087 387 2116 Photii
399 2093 526 2116 accurate
541 2089 710 2124 scripserunt
722 2089 858 2122 Labbeus,
876 2091 958 2123 Cave,
974 2092 1108 2123 Oudinus,
1124 2092 1151 2120 J.
1163 2093 1196 2120 Δ.
1212 2092 1363 2124 Fabricius,
1381 2092 1480 2127 Dupin,
1501 2093 1567 2120 Dom
1580 2093 1688 2124 Cellier,
1702 2098 1729 2121 et
1741 2114 1749 2126 ,

122 2137 151 2160 ut
168 2131 259 2164 audio,
282 2132 367 2160 etiam
391 2132 534 2160 Desitheus
552 2134 706 2168 patriarcha
728 2133 1002 2169 Ilierosolytuitauus,
1015 2143 1066 2171 pro
1089 2135 1202 2170 Graecis,
1216 2137 1243 2164 in
1266 2135 1428 2163 Prtelatione
1451 2137 1598 2165 voluminis
1615 2138 1688 2172 quod
1706 2138 1734 2165 in

122 2175 252 2203 scribitur
266 2175 354 2212 Τόμος
367 2177 465 2212 χαρᾶς,
483 2184 556 2204 anno
573 2176 643 2204 1705
661 2177 731 2213 typis
745 2177 822 2205 editi.

1042 2224 1132 2258 B"“‘,
1152 2225 1169 2252 8
1187 2224 1339 2252 decembris
1366 2224 1446 2252 1860.

1188 2267 1261 2296 1.-13.
1280 2268 1315 2295 Μ.
