1881 3077
151 169 184 202 11

730 171 771 200 IN
789 171 857 200 AMI
872 169 1059 201 UILOCHIA
1076 171 1207 202 ΡΗΟΤΠ

1760 169 1793 205 Ὠ

147 233 210 253 rum
225 229 253 253 et
261 224 458 252 catholicarum
477 225 660 260 Epistolarum
674 231 861 261 exponuntur.
877 226 946 254 Phi-
959 229 986 258 Α
998 228 1106 256 ratione
1126 235 1176 256 nec
1191 228 1249 263 pari
1265 227 1393 255 felicitate
1412 229 1605 261 enttcleanlttr,
1619 227 1793 262 quemadmo-

149 272 281 307 lologicas
300 280 371 306 είγρε
387 273 595 300 observationes
622 272 725 307 profert
740 273 853 301 Photius
877 274 948 308 (69).

154 320 284 354 reliquias
301 320 446 347 nonnullas
460 320 636 355 antiquarum
654 321 814 348 versionum
832 322 948 357 Aquilae,

150 365 308 401 Symmachi
326 371 353 392 et
367 366 564 394 Theodotionis
577 367 655 394 nobis
670 368 825 402 suppeditat
838 369 909 403 (78),
923 374 952 396 et

150 410 273 437 sobriam
305 411 469 445 plerumque
497 413 624 445 sequitur
650 412 847 447 interpretandi
865 414 951 441 ratio—

151 464 226 488 nem,
240 464 294 490 qua
311 457 530 491 allegoristarum
545 458 781 486 itlttttoderalttiam
796 464 822 486 et
838 467 951 494 perver-

150 503 259 529 sitatem
268 503 528 538 respuitaccastigat
536 504 601 539 (71).
610 512 696 539 neque
707 511 794 531 tamen
805 507 952 540 mysticum

151 557 263 576 sensum
287 549 426 584 reprobat.
444 549 502 576 lmo
528 558 716 584 smpenumero
733 551 839 579 Veteris
852 551 952 579 Testa-

152 595 238 621 menti
256 595 309 630 lypi
327 595 380 622 lato
395 595 544 622 admodum
555 596 805 632 illustrantur(7*2),
816 602 842 624 et
854 598 953 625 littera:

156 640 289 674 spiritus,
315 641 461 675 γράμματι
488 640 607 675 πνεῦμα,
635 641 777 676 praefertur
796 642 864 678 (75).
894 642 952 670 Non

151 686 366 720 cunctaquidcm
386 687 724 722 solide.verumpleraque
741 689 884 723 perspicue
907 697 955 716 ex—

154 733 317 768 planantur;
334 735 451 761 varietas
464 739 555 761 tamen
573 740 600 761 et
621 741 752 763 constans
765 736 953 771 antiquiorum

153 787 220 806 usus
236 779 285 806 hos
298 781 510 808 commentarios
521 786 705 813 exornant,“
716 782 815 816 quibus
825 783 953 816 plurima.

153 833 214 860 quae
227 825 304 853 Pauli
329 826 464 862 Epistolas
477 828 624 861 illustrant,
636 829 741 856 scholia
756 829 783 856 in
793 824 955 858 (JEcumltnii

154 873 368 900 commentarios
392 873 570 901 transierunt.

190 915 234 942 12.
255 916 295 942 Ad
318 917 431 944 alteram
450 918 549 945 serietn
566 919 638 953 quod
661 920 769 954 attinet,
790 921 899 948 circiter
916 921 951 949 50

154 962 322 995 quaestiones
339 970 502 998 argumenta
522 965 676 1000 dogmatica
692 973 908 1001 prosequuntur.
920 968 949 995 In

155 1009 198 1036 itis
213 1011 344 1046 mysteria
355 1011 496 1039 Trinitatis
507 1006 534 1040 et
549 1014 748 1042 incarnationis
763 1016 883 1050 primum
897 1017 949 1043 sibi

155 1055 246 1083 locum
261 1057 409 1090 vindicant,
425 1059 458 1085 de
468 1060 568 1092 quibus
583 1062 682 1095 saepius
699 1063 766 1097 (74),
797 1062 848 1089 etsi
869 1063 952 1090 intor-

155 1103 219 1129 dum
247 1104 375 1131 subtilius
393 1113 474 1139 quam
502 1107 594 1134 verius
606 1127 614 1139 ,
629 1107 793 1141 disseritur;
811 1109 952 1143 poleniicae

156 1155 266 1183 quoque
281 1149 307 1175 in
320 1149 430 1177 Latinos
443 1150 570 1178 Diatribae
580 1161 633 1179 non
644 1153 751 1185 desunt,
764 1155 865 1189 quibus
877 1162 953 1189 quaa-

156 1195 219 1221 dam
233 1202 328 1222 eorutn
343 1195 377 1223 de
390 1198 564 1231 processione
580 1197 698 1232 Spiritus
718 1200 807 1227 sancti
823 1209 856 1227 ex
873 1200 954 1227 Patre

156 1238 280 1275 Filioque
291 1247 453 1276 argumenta
466 1242 635 1277 impetuntttr
655 1244 723 1279 (75).
735 1244 879 1272 Tractatus
887 1253 954 1273 vero

156 1285 196 1312 De
216 1287 397 1314 voluntatibus
420 1289 549 1323 gnomicis
569 1290 662 1317 subtili
688 1292 898 1326 argumentandi
927 1296 954 1319 et

157 1332 312 1368 argutiendi
331 1334 412 1361 modo
435 1333 517 1362 facile
540 1339 656 1363 caeteros
669 1342 790 1371 supcrat.
817 1337 953 1365 Prretcrea

157 1378 256 1413 dogma
280 1379 314 1406 de
331 1381 484 1408 aeternitate
506 1389 650 1416 pt‘enarum
675 1383 848 1415 defenditur,
874 1385 954 1411 realis

157 1423 261 1452 Christi
291 1425 318 1452 in
346 1426 521 1455 Eucharistia
546 1430 710 1463 praesentia,
743 1430 896 1465 baptismns
927 1432 953 1458 in

158 1469 302 1498 Trinitatis
320 1476 427 1499 tantum
444 1474 555 1500 nomine
565 1474 812 1509 administraudus,
825 1481 954 1511 perpetua

157 1515 245 1548 beata:
272 1516 364 1545 Maria:
383 1518 525 1554 virginitas
553 1519 626 1548 haud
647 1520 795 1555 incongrue
816 1521 955 1549 vindican-

160 1567 205 1588 tur
223 1563 292 1596 (76).

195 1608 240 1635 13.
258 1607 352 1642 Tertio
363 1609 541 1638 demumloco
556 1612 671 1639 veniunt
684 1612 784 1640 diversi
800 1614 954 1648 argumenti

159 1655 335 1689 qu:estiones.
353 1656 431 1683 Modo
449 1657 607 1685 Aristotelis
625 1659 776 1693 categorias
793 1659 861 1694 (77),
874 1661 956 1688 modo

158 1701 272 1733 Patrum
289 1702 326 1736 (et
341 1703 450 1737 quidem
467 1703 592 1739 Gregorii
614 1705 795 1738 Nazianzeni,
816 1706 911 1742 Cyrilli
929 1712 957 1734 et.

158 1747 271 1778 Joannis
293 1748 417 1783 Clintaci)
440 1749 511 1776 dicta
528 1749 586 1785 (78)
614 1756 814 1778 commentatur
833 1751 955 1778 Photins.

159 1793 200 1820 Ad
223 1795 365 1826 historiam
381 1795 539 1822 litterariam
556 1801 680 1831 spectant
699 1806 759 1832 quae
784 1797 818 1825 de
840 1798 956 1826 Asteriis

159 1840 233 1867 etde
249 1840 369 1868 Eusebio
384 1840 548 1869 Caesariensi
563 1842 685 1877 disputat
702 1843 776 1878 (79);
797 1844 831 1871 ad
848 1845 954 1880 mytho-

161 1886 259 1922 logiam
277 1895 338 1922 quae
358 1889 391 1914 de
415 1887 531 1919 Hercule
551 1889 702 1917 Amaltheae.
722 1898 807 1918 cornu
833 1896 958 1926 gestante

160 1933 282 1965 disserit,
299 1935 331 1961 ad
346 1934 522 1969 philologiam
540 1935 631 1963 brevis
646 1937 679 1964 de
696 1937 769 1964 verbi
782 1937 839 1972 ειμι
854 1938 957 1965 redun-

161 1979 253 2012 dantia
262 1983 395 2006 tractatus
410 1980 478 2012 (80).
492 1980 622 2008 Rationes
631 1982 874 2017 quadragesimalis
886 1983 958 2018 jeju-

162 2027 201 2053 nii
213 2031 240 2053 et
255 2031 363 2053 statuta:
383 2027 418 2053 ab
434 2027 556 2054 Ecclesia
583 2029 793 2063 irregularitatis
804 2038 836 2057 ex
851 2030 958 2057 defectu

162 2072 288 2106 corporis
301 2073 432 2107 exquirit,
447 2073 480 2100 de
494 2073 563 2100 ideis
582 2073 732 2102 Platonicis
743 2096 750 2107 ,
769 2076 803 2102 de
819 2084 919 2110 genere
932 2080 959 2103 et

164 2119 265 2153 specie,
280 2119 312 2145 de
331 2118 496 2154 Sibyllarum
508 2127 634 2153 numero,
651 2121 685 2148 de
703 2128 841 2157 magnete,
854 2122 887 2149 de
895 2123 959 2149 anni

162 2165 261 2196 initiis,
271 2165 304 2192 de
314 2164 453 2199 Kalendis,
469 2165 554 2196 Nonis
567 2172 594 2194 et
608 2167 700 2195 Idibus
714 2169 831 2203 aliisque
842 2169 960 2196 breviter

165 2212 221 2246 agit
236 2211 302 2246 (81).
321 2211 372 2239 Tot
400 2220 432 2240 ac
459 2217 513 2240 tam
536 2213 644 2241 diversa
670 2220 832 2249 argumenta
861 2215 959 2249 partim

969 1580 988 1609 C

1003 274 1068 302 dum
1081 283 1132 302 nec
1147 275 1247 302 desunt
1263 274 1408 306 Πίσιν-ἔθει»,
1423 275 1449 302 in
1466 275 1567 310 quibus
1585 274 1699 301 Photius
1715 274 1794 302 nimis

1003 329 1054 348 suo
1069 322 1178 357 ingenio
1187 321 1308 357 indulget
1317 326 1344 349 et
1359 321 1439 349 modo
1450 321 1591 348 brevitatis
1600 321 1701 352 studio,
1713 322 1791 347 modo

1003 367 1148 394 verbOrum
1157 368 1409 402 sententiarumque
1417 368 1494 402 copia
1505 367 1640 394 obscurus
1652 367 1690 394 fit.
1702 365 1793 400 Neque

1003 413 1141 441 scribendi
1166 421 1252 449 genus
1264 414 1359 440 eodem
1380 413 1496 448 judicari
1519 414 1600 440 modo
1617 417 1722 447 potest.
1739 417 1793 438 tum

1004 460 1076 495 quod
1090 467 1123 487 ex
1137 464 1177 487 tot
1197 459 1356 487 auctoribus
1376 460 1456 494 plane
1469 459 1584 486 diversis
1610 459 1795 494 singularique

1004 505 1169 532 elocutionis
1179 504 1266 532 forma
1276 505 1412 532 distinctis
1422 504 1537 538 plurima
1546 503 1667 530 derivata
1675 502 1794 533 fuerunt,

1005 555 1063 579 tum
1076 552 1149 586 quod
1166 552 1223 585 ipse
1235 551 1360 583 Photius,
1375 551 1422 585 qui
1435 555 1489 578 tam
1510 550 1649 584 ingentem
1664 549 1795 576 libr0rum

1006 599 1110 632 eopiain
1125 598 1272 628 evolverat.
1291 605 1305 624 a
1330 597 1431 631 seipse,
1443 597 1516 631 quod
1528 596 1562 623 ad
1574 596 1722 623 dictionem
1734 602 1797 628 spe-

1005 647 1070 671 ctat.
1081 641 1218 668 interdum
1230 642 1374 676 discrepat.
1387 641 1670 676 Sanenemoignorat,
1679 644 1796 675 quanto-

1005 694 1069 720 pere
1083 686 1286 712 eruditissimus
1305 687 1345 712 vir
1358 693 1373 712 a
1388 686 1503 714 candida
1520 686 1672 720 priscorum
1690 686 1795 712 Attico-

1007 738 1067 757 rum
1091 731 1266 765 simplicitate
1283 735 1310 757 et
1331 731 1467 765 elegantia
1483 730 1639 762 deﬂexerit,
1658 739 1796 766 quantque

1006 785 1068 803 raro
1086 777 1222 811 puriorem
1237 776 1314 803 illum
1328 776 1436 804 dicendi
1447 777 1556 804 modum
1572 777 1704 811 attigerit,
1717 785 1796 812 quem

1007 831 1036 850 se
1052 823 1159 857 plurimi
1188 822 1277 849 facere
1295 830 1483 856 saepenumero
1510 827 1688 857 protestatur,
1703 831 1798 857 quem-

1008 877 1061 904 que
1076 868 1214 903 discipulis
1240 873 1369 904 lanqnam
1393 870 1545 898 studiorum
1560 874 1660 898 metam
1673 871 1799 906 proponit

971 906 991 932 Β
1009 916 1241 951 prosequendum.
1261 916 1356 943 Oratio
1370 916 1430 951 ejus
1447 924 1518 951 smpe
1542 917 1675 951 ampullas
1693 918 1800 952 projicit

1002 967 1183 997 ornatumque
1205 963 1320 990 nitnium
1339 962 1467 996 allectat;
1489 963 1552 990 alibi
1575 963 1667 990 rudior
1684 968 1798 998 apparet

1005 1014 1088 1044 atque
1104 1010 1179 1036 humi
1200 1010 1397 1044 propemodum
1411 1012 1646 1045 repens;concisa
1663 1011 1798 1038 interdum

1006 1056 1212 1082 dialecticorum
1230 1064 1316 1086 more,
1332 1056 1400 1083 alias
1415 1057 1555 1083 rhetorum
1571 1057 1732 1090 posterioris
1748 1057 1798 1083 :evi

1004 1102 1117 1129 ﬂoribus
1133 1102 1203 1129 haud
1227 1102 1443 1138 beneseolligatis
1462 1111 1544 1137 supra
1563 1103 1673 1129 modum
1689 1111 1798 1130 omnem

1005 1149 1115 1181 referta,
1129 1150 1210 1175 modo
1224 1149 1298 1176 clara
1315 1149 1429 1176 omnino
1445 1153 1472 1176 et
1485 1149 1640 1183 perspicua,
1655 1150 1735 1176 modo
1748 1149 1800 1176 ob-

1003 1195 1162 1222 scurissima
1175 1200 1201 1222 et
1214 1195 1289 1222 omni
1303 1196 1391 1230 gratia
1402 1196 1530 1223 destituta
1549 1195 1616 1230 (82).
1632 1195 1799 1230 Versipellex

1005 1241 1089 1269 homo
1103 1242 1174 1277 stylo
1190 1249 1300 1276 quoque
1314 1249 1376 1269 sese
1387 1241 1488 1276 prodit.
1516 1244 1535 1260 ο

1042 1331 1086 1359 15.
1107 1331 1175 1359 Illud
1193 1331 1304 1358 demum
1329 1331 1517 1363 monendum,
1537 1331 1669 1358 nonnulla
1687 1338 1742 1358 non
1766 1330 1802 1358 ad

1007 1379 1148 1406 catholicae
1163 1378 1293 1405 doctrina:
1316 1385 1439 1404 normam
1460 1386 1511 1405 nec
1533 1383 1661 1404 accurate
1682 1382 1709 1404 et
1724 1382 1804 1405 caute

1007 1425 1076 1452 satis
1091 1424 1225 1459 disputari
1238 1430 1264 1450 et
1282 1424 1407 1451 abstrusa
1421 1423 1545 1458 qum-dam
1558 1431 1591 1450 ex
1608 1424 1803 1458 areopagiticis

1007 1473 1116 1507 scriptis
1141 1474 1239 1499 hausta
1267 1471 1293 1498 in
1311 1471 1474 1506 Dogmatiris
1499 1470 1623 1497 diatribis
1648 1471 1800 1500 contineri.

1007 1527 1067 1554 quae
1087 1527 1180 1546 sanam
1206 1519 1457 1553 interpretationem
1469 1537 1477 1550 ,
1501 1518 1552 1545 etsi
1567 1526 1620 1544 tton
1637 1517 1798 1549 excludere,

1008 1573 1129 1595 attat-ten
1143 1568 1282 1594 dillicilem
1300 1567 1413 1594 omnino
1433 1566 1545 1593 reddere
1561 1565 1716 1592 vidcantur.
1741 1564 1804 1592 Non

1009 1622 1040 1641 ea
1055 1619 1178 1643 tantum.
1203 1621 1265 1648 quae
1292 1614 1324 1639 ad
1353 1612 1568 1640 controversiam
1589 1611 1702 1638 Latinos
1733 1611 1806 1638 inter

1009 1665 1090 1694 atque
1105 1659 1216 1686 Graecos
1238 1660 1379 1694 agitatam,
1397 1666 1456 1689 seti,
1472 1662 1502 1684 ut
1525 1657 1627 1683 rectius
1645 1656 1804 1691 loquamur,

1009 1706 1042 1734 ad
1056 1707 1153 1741 dogma
1172 1705 1205 1732 de
1223 1705 1341 1739 Spiritus
1354 1703 1441 1731 sancti
1457 1711 1490 1730 ex
1507 1703 1587 1730 Patre
1600 1702 1725 1738 Filioque
1739 1710 1806 1736 pro—

1010 1753 1136 1780 cessione
1151 1752 1317 1782 referuntur,
1331 1757 1426 1777 verum
1445 1754 1473 1776 et
1487 1751 1613 1784 quaedam
1630 1749 1693 1779 alia,
1704 1756 1765 1782 qua:
1777 1748 1806 1775 in

1011 1798 1087 1825 hisce
1099 1797 1298 1832 quaistiOnibus
1313 1800 1474 1827 occurrunt,
1491 1796 1549 1822 suis
1561 1795 1722 1829 plerumque
1737 1794 1808 1821 locis

1010 1845 1045 1872 ab
1056 1844 1210 1872 editoribus
1222 1844 1352 1870 adnotata
1369 1851 1383 1869 a
1396 1842 1527 1877 gravibus
1543 1848 1576 1868 ac
1590 1841 1711 1867 conlatis
1726 1841 1808 1866 theo-

1012 1891 1081 1926 logis
1099 1890 1150 1917 hac
1165 1890 1192 1916 in
1218 1895 1295 1924 parte
1317 1889 1523 1923 perstringenda
1547 1893 1622 1914 sunt.
1640 1887 1807 1913 Locutiones

1012 1945 1082 1971 sarpc
1094 1937 1128 1963 ab
1142 1936 1328 1963 ecclesiastico
1345 1935 1473 1969 loquendi
1496 1941 1545 1960 usu
1559 1933 1686 1960 diﬂ'ct'unt
1702 1938 1729 1960 ct
1741 1933 1810 1960 ditii-

1012 1982 1160 2010 cultatibus
1175 1986 1239 2008 sunt
1253 1981 1388 2011 obnoxiae,
1402 1987 1518 2015 quarutn
1537 1984 1627 2006 tamett
1645 1979 1732 2013 major
1744 1987 1809 2013 pars

1013 2033 1167 2062 opportune
1183 2035 1216 2054 ex
1234 2027 1296 2053 aliis
1317 2026 1407 2052 Photii
1428 2025 1496 2052 locis
1517 2025 1617 2059 exponi
1638 2025 1747 2059 poterit.
1762 2025 1810 2051 Sic

1012 2075 1123 2109 quando
1138 2075 1171 2100 de
1183 2073 1295 2100 Christo
1312 2073 1438 2107 loquens.
1461 2080 1470 2096 ι
1486 2070 1542 2098 Non
1557 2077 1646 2098 tamen
1669 2071 1810 2098 hominem

1013 2121 1100 2148 Deum
1130 2120 1254 2152 facimus,
1289 2119 1387 2154 ittquit,
1418 2118 1489 2145 absit
1518 2118 1591 2152 (S3),
1609 2128 1619 2144 ι
1641 2118 1666 2145 id
1695 2118 1812 2146 sinistro

1014 2167 1101 2202 accipi
1125 2166 1230 2201 nequit,
1243 2174 1305 2193 cum
1321 2166 1457 2192 sexcentis
1472 2165 1540 2192 locis
1555 2165 1668 2191 Pltotius
1682 2171 1760 2190 suam
1775 2164 1812 2191 de

1015 2213 1202 2240 incarnatione
1221 2212 1374 2239 doctrinam
1400 2211 1554 2238 luculenter
1574 2215 1701 2244 exponat.
1731 2210 1814 2244 Sa-pe

166 2258 328 2286 brevissima
344 2259 524 2293 responsione
539 2260 637 2294 partim
651 2261 756 2296 prolixa
768 2262 960 2289 dissertatione
977 2269 1000 2298 ι)
1013 2259 1115 2286 erroris
1136 2258 1238 2284 umbra:
1251 2259 1373 2292 quaedam
1386 2258 1514 2283 lcctorctn
1533 2255 1644 2287 feriunt,
1667 2263 1728 2282 raro
1744 2263 1814 2281 vero

165 2304 218 2332 hoc
233 2305 487 2340 Amphilochiorum
503 2315 586 2343 opere
606 2307 721 2337 Pbotius
741 2309 843 2337 evolvit
856 2314 883 2336 et
896 2309 961 2336 illu-

165 2351 273 2379 stravit.

202 2398 247 2425 M.
269 2398 296 2424 In
315 2403 389 2425 tanta
408 2400 797 2436 rerumdisceptationumque
812 2401 884 2429 mole
908 2402 962 2430 mi-

166 2452 226 2472 rutn
240 2453 307 2472 sane
325 2446 396 2476 haud
412 2451 464 2478 est,
477 2448 550 2481 quod
567 2455 621 2474 non
638 2448 730 2475 omnia
743 2448 838 2476 eadem
850 2456 962 2483 prorsus

203 2520 259 2557 (o9)
279 2520 310 2557 γ.
324 2529 365 2556 gr.
380 2530 408 2557 q.
429 2521 601 2555 1,21,155.

203 2556 260 2591 (70)
281 2556 312 2583 V.
329 2556 410 2591 gntt.
424 2557 468 2584 42.

203 2591 260 2643 ἓξὲξ
276 2592 309 2643 2·
321 2591 484 2643 199333;"
493 2601 544 2643 f".
553 2593 657 2643 $352;

203 2626 260 2668 (.22).
276 2628 310 2668 ρ-
328 2627 469 2668 ἕψω
493 2626 908 2668 P;_‘36)_;f49§.(llai.9:149)-

204 2662 263 2703 ςῐξθ)
278 2664 311 2703 ἓξ·
326 2663 360 2703 ξὲ
369 2662 451 2703 ,(Μεξίε
460 2662 554 2703 Ρίθτ)
564 2664 641 2703 εὲίέδ
658 2662 791 2703 illiti.ng
797 2663 872 2703 12.9):

166 2697 261 2760 25(⁵14)
279 2699 311 2730 ρ.
328 2697 391 2729 171,
419 2697 470 2725 ibi
486 2697 557 2734 squ,
575 2700 640 2732 195,
658 2697 720 2731 195,
737 2699 801 2732 225,
817 2699 881 2732 225,
895 2699 964 2729 228-

205 2767 262 2804 (75)
281 2767 327 2795 Sic
339 2767 465 2797 refellere
476 2775 592 2797 conatur
601 2775 795 2804 argumentum
807 2778 839 2797 ex
852 2769 963 2797 Patrum

168 2802 550 2841 locationibusdesumptum,
563 2802 663 2839 quibus
673 2805 790 2840 Spit-itus
805 2805 866 2832 Filii
876 2806 965 2841 imago

171 2838 325 2875 diciturtq.
337 2839 409 2872 255;
423 2838 488 2870 Mari.
506 2848 533 2874 ρ.
554 2838 628 2875 HS),
648 2838 841 2875 argumentum
854 2849 887 2868 ex
903 2838 966 2868 mis-

171 2873 249 2901 sione
259 2873 422 2911 derivatum
439 2876 479 2911 (q.
493 2873 554 2909 {88)
570 2873 727 2903 ac'dentum
755 2876 820 2906 illud
844 2884 964 2911 quoque,

173 2911 245 2951 quod
258 2909 284 2937 in
298 2909 432 2939 Photiana
448 2910 592 2947 hypothesi
603 2911 703 2939 Filium
719 2915 745 2939 et
761 2909 892 2948 Spit-itam
907 2909 964 2943 ira-

1012 2305 1100 2341 aperti
1115 2312 1233 2332 errores.
1252 2304 1305 2330 Sed
1329 2304 1386 2338 jam
1403 2303 1436 2330 ad
1453 2303 1602 2337 pleniorem
1618 2303 1704 2329 nostri
1717 2303 1816 2336 operis

1013 2352 1148 2384 notitiam,
1167 2351 1200 2378 ad
1211 2359 1242 2378 ea
1266 2357 1327 2384 quae
1342 2350 1374 2376 ad
1389 2354 1548 2384 praesentem
1560 2348 1705 2375 editionem
1716 2349 1815 2375 subsi~

1013 2396 1057 2423 dia
1084 2401 1166 2431 atque
1185 2395 1350 2423 adminicula
1372 2395 1569 2430 priestitcrunt,
1597 2394 1720 2421 anintutn
1748 2402 1816 2421 νει·-

1014 2447 1114 2470 tamus.

1014 2525 1070 2548 tres
1086 2520 1144 2548 fore
1159 2521 1299 2548 contendit
1316 2520 1356 2556 (q.
1374 2520 1432 2555 28).

1052 2556 1108 2591 (76)
1127 2556 1159 2590 ρ.
1174 2557 1217 2586 15.
1234 2557 1280 2586 ts.
1295 2557 1340 2586 π),
1360 2556 1423 2583 t7t.

1051 2592 1106 2626 (77)
1121 2592 1154 2625 ρ.
1172 2592 1232 2624 157,
1251 2592 1311 2619 in.

1051 2628 1106 2661 (78)
1127 2629 1160 2660 υ.
1179 2628 1224 2659 78,
1237 2628 1301 2658 255,
1318 2626 1382 2658 245,
1399 2627 1463 2654 273.

1051 2663 1108 2696 (79)
1126 2666 1158 2695 o.
1174 2663 1237 2695 an,
1250 2663 1314 2690 2°21.

1052 2699 1107 2731 (80)
1126 2698 1158 2730 ρ.
1177 2698 1313 2730 106,107.

1051 2734 1108 2766 (81)
1125 2734 1157 2766 ρ.
1175 2734 1236 2765 150,
1253 2734 1298 2766 ξὶυ,
1313 2733 1356 2765 77,
1375 2732 1511 2766 150,131.
1527 2733 1589 2763 554,
1601 2732 1666 2759 252.

1051 2768 1108 2805 (82)
1178 2777 1282 2805 eaquae
1297 2769 1417 2805 diximus
1433 2770 1457 2794 itt
1469 2768 1765 2805 Anintadversionibtts
1776 2768 1815 2795 ad

1017 2803 1106 2867 Ρὴὶέιίί
1139 2804 1178 2831 De
1202 2804 1307 2839 Spiritu
1331 2803 1362 2832 S.
1392 2810 1558 2840 mystagagta
1587 2804 1699 2837 librum,
1738 2804 1754 2841 ς
1783 2805 1814 2837 1,

1017 2850 1045 2867 Π.
1084 2860 1090 2866 ι

1017 2850 1045 2869 li.
1063 2850 1090 2867 δ.

1052 2875 1108 2913 (85)
1124 2875 1166 2903 cr.
1181 2883 1209 2912 q.
1231 2875 1292 2904 tat.
