1881 3077
152 160 186 193 I9
722 156 764 186 IN
784 154 1005 186 AMPHILOCH
1010 155 1047 184 [Α
1075 154 1208 184 PHOTII
1750 153 1786 185 ΞΟ

147 222 209 242 unus
224 220 318 240 mense
338 212 433 239 Martio
450 211 513 239 anni
535 211 602 239 1857
618 211 673 239 vita
688 211 800 240 functus
823 218 936 247 parasse
950 213 977 241 A
1023 211 1069 238 29.
1087 211 1140 238 Sed
1156 211 1180 238 is
1191 218 1244 238 non
1263 211 1339 239 solus
1352 209 1457 238 exstitit
1470 210 1582 238 fructus
1593 210 1645 237 mei
1662 210 1784 239 itineris.

147 261 289 288 dicebatur
312 259 378 289 (11),
405 259 431 285 iu
447 259 535 286 lucem
562 259 749 292 prodituram;
782 259 836 286 huc
854 265 941 293 usque

148 311 251 333 tauri-nt
266 314 297 332 ea
318 314 379 340 spes
399 305 425 332 in
449 312 505 331 rem
523 305 593 331 haud
616 305 734 336 transiit.
751 304 882 339 Equidem
895 305 940 331 diu

148 354 329 381 desideratam
346 351 491 379 editionem
509 350 609 377 frustra
623 350 796 385 praestolatus
809 350 864 384 jam
878 355 941 378 autc

151 399 312 433 collegerant
331 405 391 432 quae
409 401 562 431 opportuna
585 400 663 422 erant
688 396 722 423 ad
736 396 892 423 accuratius
908 397 942 423 de

149 442 200 470 hoc
212 450 293 477 operc
309 442 442 476 judicium
466 441 621 472 ferendum,
638 448 670 468 ac
692 441 802 468 tandem
819 441 941 468 occasio-

150 497 211 516 nem
234 494 331 516 nactus
349 496 409 515 sum
433 489 568 515 editurum
591 488 773 523 qumstionnm
796 495 941 515 numerqu

151 535 297 570 ampliaudi
319 540 345 562 et
360 535 487 570 augendi.
505 535 582 568 Quod
605 543 660 570 quo
674 539 753 570 pacto
776 535 879 562 factum
896 534 942 566 sit,

149 581 205 616 jam
222 581 315 614 paul-is
333 585 374 607 est
390 580 586 607 enarrandum.

185 627 228 654 ‘28.
248 627 316 653 Cum
333 633 426 653 mense
439 625 550 653 Octobri
566 628 630 653 anni
652 626 720 654 1857
746 626 841 654 Romae
869 627 944 654 Vati-

151 681 234 700 czrnos
249 673 383 708 quosdam
411 672 520 700 codices
544 673 718 708 inspicerem,
745 674 859 701 citatum
886 674 943 708 jam

152 719 272 746 codicem
287 728 314 746 n.
341 719 411 746 1925
431 723 566 752 notatum,
592 727 647 753 quo
679 719 738 746 Em.
764 719 854 746 Maius
876 727 943 746 usus

152 765 250 798 fuerat,
273 765 434 799 perlustrari
458 769 485 791 et
507 765 664 791 universam
693 765 874 799 qumstionum
902 772 945 792 θοα-

151 811 218 839 riem
250 819 303 838 una
319 819 380 838 cum
397 811 501 845 aliquot.
518 811 636 837 nondmn
656 810 737 838 editis
755 811 836 844 hujus
853 811 944 842 operis

152 858 276 893 partibus
293 858 437 891 descripsi.
456 857 509 884 Sed
528 857 675 884 Novembri
696 865 790 884 mense
805 856 895 884 medio
916 857 942 883 in

992 256 1065 291 quod
1079 256 1112 283 21
1132 257 1297 291 qurestiones
1317 265 1391 284 nunc
1404 257 1522 292 primum
1543 256 1654 284 edenda:
1673 258 1738 284 mihi
1757 258 1784 284 in

992 307 1119 338 promptu
1135 307 1218 333 sunt:
1240 311 1333 330 verum
1351 308 1378 330 et
1392 310 1426 330 ex
1439 303 1536 330 ordine
1557 311 1588 330 ac
1614 304 1684 331 serie
1710 312 1786 339 quaa-

992 349 1112 376 stionum
1132 349 1290 376 earumdem
1329 356 1474 376 numerum
1508 349 1717 383 probabiliorem
1739 350 1787 377 de-

994 400 1083 430 tegere
1100 395 1187 422 licuit.
1201 395 1230 422 ln
1241 395 1376 423 Vaticanc
1391 403 1473 430 porro
1485 400 1548 422 sunt
1565 396 1596 421 17
1608 398 1784 431 φέρειὶιιιιρς,

992 442 1092 476 quibus
1107 441 1295 470 Coislinianus
1315 447 1390 470 caret
1417 442 1486 478 (47),
1510 447 1537 469 et
1560 442 1708 470 Vaticanus
1739 451 1787 471 sax

993 488 1151 516 destituitur
1166 489 1379 523 quaestionibus,
1393 496 1455 524 quae
1484 489 1511 515 in
1533 488 1704 516 Coisliniano
1725 497 1789 524 pro-

994 538 1068 561 stant
1085 534 1141 570 (48)
1158 539 1185 561 et
1201 542 1253 561 una
1273 534 1330 566 illa,
1345 541 1427 568 quam
1447 533 1627 561 Taurinensis
1647 534 1787 569 propriam

995 589 1077 616 supra
1093 581 1214 608 diximus
1230 581 1298 617 (19).
1323 581 1351 608 Si
1367 580 1495 608 addimus
1512 580 1682 609 Coisliniano
1697 581 1788 608 codici

993 636 1074 663 quem
1093 628 1144 655 506
1156 628 1287 655 diatribas
1303 628 1480 664 suppeditare
1492 627 1633 658 norimus,
1660 627 1692 654 17
1711 628 1737 654 in
1754 634 1788 654 eo

995 675 1151 703 deﬁcientes
1168 683 1202 702 ex
1224 674 1356 702 Vaticano
1380 679 1407 702 et
1431 682 1512 702 unam
1545 682 1578 701 ex
1610 674 1786 705 Taurinensi,

994 721 1047 749 ’524
1066 721 1231 756 quaestiones
1244 721 1415 749 habebimus.
1429 721 1535 748 Pariter
1552 721 1573 748 si
1586 721 1718 748 Vaticano
1742 728 1789 747 eo-

995 767 1048 794 dici
1062 767 1183 794 membra
1199 767 1353 795 deﬁcientia
1371 767 1507 797 addimus.
1526 767 1559 794 ad
1583 767 1708 794 eumdem
1734 775 1788 793 nu-

996 821 1100 840 merum
1118 813 1279 840 deducimur
1297 812 1364 849 (50).
1390 813 1426 841 Ut
1448 821 1514 840 vero
1534 813 1628 840 varius
1661 812 1788 840 codicum

995 858 1062 884 ordo
1081 857 1177 885 melius
1192 858 1289 892 dispici
1303 862 1396 893 queat,
1419 858 1534 890 indices,
1560 858 1661 893 quibus
1677 859 1746 886 inter
1759 866 1789 886 se

152 904 268 938 patriam
287 903 378 930 redire
395 907 508 930 coactus
523 902 714 937 imperfectum
733 902 854 929 laborem
878 902 943 928 reli-
960 892 980 920 Β
996 908 1200 938 comparantur,
1216 904 1299 931 textui
1312 892 1504 939 isubjecimus.

152 950 209 985 qui.
224 950 352 984 Sequenti
377 958 449 977 anno
479 949 601 977 Venetiis
632 949 659 976 in
684 948 821 976 Marciana
844 948 946 975 biblio-

152 997 231 1024 theca
247 997 368 1031 ejusdem
385 995 510 1023 Vaticani
525 996 629 1023 codicis
643 995 833 1031 apographum
849 998 945 1021 nactus

153 1051 225 1075 sum,
241 1045 313 1078 quod
330 1043 381 1070 sibi
408 1043 544 1070 Antonius
562 1041 702 1070 Catiforus
725 1045 944 1076 comparaverat,

153 1090 240 1124 quiet
271 1089 393 1116 Latinam
418 1090 570 1116 versionem
599 1088 721 1115 omnium
761 1088 944 1122 quastionum

153 1136 299 1170 diligenter
317 1135 440 1162 exaravit
455 1140 481 1162 et
499 1134 722 1162 adnotationibus
740 1134 827 1160 auxit.
841 1133 946 1160 Exinde

152 1191 183 1210 ea
195 1182 332 1218 qnzemihi
349 1182 375 1209 in
394 1181 564 1216 longioribus
578 1181 729 1215 pra'sertim
747 1181 946 1215 quaestionibus

153 1230 266 1256 deerant
283 1228 417 1263 complevi
451 1233 609 1262 textumque
628 1227 753 1254 Graecum
778 1227 870 1261 quoad
892 1235 946 1254 un-

154 1274 242 1302 decim
273 1275 306 1301 de
338 1273 484 1309 Categoriis
513 1274 670 1300 Aristotelis
701 1274 946 1300 commentationes

154 1328 251 1347 rursus
280 1321 438 1355 recognovi,
459 1327 528 1354 quas
554 1324 619 1346 tunc
645 1319 720 1346 solas
742 1319 823 1346 edere
846 1326 948 1353 propo-

154 1373 272 1397 sueram,
289 1367 441 1400 eodemque
459 1372 581 1400 tempore
593 1370 619 1391 et
639 1365 763 1391 Latinam
789 1365 945 1391 versionem

154 1412 337 1446 qtnestionum
355 1411 560 1444 quatuordccim
576 1411 636 1446 (45)
661 1411 783 1438 nondum
809 1411 946 1438 edilarum

156 1458 392 1486 transcribendam
410 1458 505 1493 majori
519 1466 551 1485 ex
572 1462 648 1493 parte
667 1457 772 1490 curavi,
798 1465 859 1492 quae
886 1457 947 1485 luce

156 1504 268 1531 eninino
284 1504 365 1539 digna
380 1504 438 1530 visa
454 1509 506 1530 est.
524 1503 569 1530 Sic
593 1503 701 1530 tandem
728 1503 826 1529 iterato
853 1503 947 1529 labore

156 1550 249 1584 viginti
265 1555 288 1576 et
307 1558 388 1576 unam
416 1550 596 1584 quaestionem
612 1549 668 1583 (46)
682 1548 775 1575 Grrece
789 1548 856 1575 mihi
870 1556 948 1576 com-

156 1605 327 1634 pararet-am,
342 1605 402 1632 qua:
418 1598 540 1624 nondum
564 1597 681 1631 vulgane
700 1596 792 1628 fuere;
820 1596 854 1623 ob
880 1601 951 1623 tem-

157 1645 233 1680 poris
253 1645 394 1679 angustias
411 1651 464 1670 non
483 1651 579 1670 omnes
595 1643 713 1670 ineditas
728 1643 858 1677 colligere
873 1643 950 1669 licuit

156 1697 183 1718 et
199 1692 319 1726 reliquas
335 1691 424 1718 solum
441 1698 471 1718 ea
495 1695 585 1717 mente
603 1690 718 1724 perlegi,
748 1695 779 1716 ut
801 1690 834 1716 de
859 1689 948 1716 Pbotii

157 1738 285 1772 operibus
303 1742 426 1770 acturus,
441 1737 505 1771 quid
519 1737 634 1771 singula:
659 1737 843 1768 continerent,
868 1737 949 1763 habe-

156 1791 213 1810 rem
228 1783 417 1817 exploratum;
434 1783 498 1810 hinc
513 1791 599 1818 pauca
618 1783 684 1810 mihi
699 1783 727 1809 in
740 1782 849 1810 schedis
864 1783 950 1809 aduo-

160 1830 213 1856 tari
231 1829 295 1856 huic
308 1829 468 1856 sullicientia
482 1837 578 1863 scopo,
594 1833 692 1856 caatera
711 1828 739 1855 in
753 1828 841 1855 'aliam
869 1836 950 1855 occa-

157 1877 262 1903 sionem
282 1876 432 1907 remittens,
450 1883 503 1910 qua
517 1874 655 1908 Venetias,
681 1875 775 1902 urbem
796 1874 862 1901 mihi
885 1874 950 1901 cha-

157 1922 313 1956 rissimam,
344 1925 371 1949 et
404 1922 568 1949 Marcianum
604 1921 819 1952 bibliothecam,
849 1920 949 1955 insigni

157 1970 314 1996 Urbauitate
329 1969 475 1997 clarissimi
495 1969 526 1997 D.
548 1968 721 1996 Valentinelli
738 1968 861 2002 ejusdem
880 1974 950 2002 pra:-

156 2015 220 2042 i'ecti
236 2015 325 2042 adhuc
337 2015 562 2050 gratiorem,Deo
577 2014 697 2049 propitio
715 2012 951 2048 repeterem.Quae

158 2070 220 2096 spes
241 2063 397 2097 hucusque
421 2062 448 2088 in
479 2069 538 2088 rem
563 2069 617 2088 non
635 2061 754 2088 transiit.
782 2060 861 2087 Nunc
885 2067 950 2086 vero

158 2107 260 2142 scripta
280 2115 350 2140 mea,
365 2115 426 2142 quae
441 2114 474 2134 ex
487 2110 604 2141 utroque
631 2106 729 2133 itinere
747 2105 842 2132 Italico
857 2112 951 2139 repor-

159 2158 291 2185 taveram,
307 2152 469 2187 recolligens
482 2151 625 2179 commode
641 2150 776 2177 editarum
792 2149 844 2176 huc
864 2155 951 2182 usque

159 2198 451 2234 Amphilochianarum
466 2197 647 2232 qmcstionum
662 2203 807 2222 numerum
820 2202 890 2221 nova
903 2202 950 2221 ac-

1032 949 1077 976 30.
1099 948 1158 976 Iam
1185 957 1250 976 vero
1274 953 1337 976 ante
1362 957 1413 976 nos
1441 949 1576 976 editarum
1604 949 1788 984 qumstionum

996 1001 1099 1023 textum
1118 1003 1310 1030 recognoscere
1324 1004 1473 1030 omnesque
1486 995 1635 1023 easLatiua
1649 996 1789 1023 instruere

997 1043 1123 1070 versione
1138 1050 1187 1070 nec
1202 1042 1333 1078 temporis
1357 1044 1428 1070 1⁵31.Ῑο
1455 1051 1506 1070 nec
1530 1048 1687 1070 nostrorum
1705 1051 1789 1078 nego-

998 1090 1098 1116 tiorum
1115 1089 1260 1116 multitudo
1276 1090 1393 1122 sinebat;
1416 1090 1478 1117 hinc
1500 1090 1556 1124 jam
1577 1090 1714 1125 publicata
1732 1090 1790 1117 fere

997 1137 1090 1163 omnia
1109 1136 1210 1163 intacta
1226 1136 1417 1171 relinquimus.
1435 1137 1561 1164 Altamen
1580 1137 1641 1164 data
1661 1143 1790 1172 opportu-

998 1183 1083 1209 nitate
1097 1183 1219 1209 codicem
1236 1182 1425 1210 Monacensem
1437 1183 1500 1214 555,
1513 1183 1559 1218 qui
1572 1182 1662 1210 Photii
1679 1183 1790 1217 Episto-

998 1229 1038 1256 las
1057 1229 1179 1256 continet
1192 1229 1258 1263 (51),
1278 1227 1348 1256 cum‘
1366 1229 1532 1256 Londinensi
1555 1229 1675 1256 editione
1694 1228 1790 1256 conie-

997 1275 1086 1307 rendi,
1104 1275 1250 1302 nonnullas
1265 1276 1450 1302 correctiones
1467 1280 1495 1302 et
1511 1275 1648 1302 variantes
1660 1275 1791 1302 lectiones

998 1321 1184 1355 suggessimus
1208 1321 1300 1355 quoad
1319 1321 1486 1355 quaestiones
1504 1328 1537 1347 ex
1552 1320 1643 1347 Photii
1666 1321 1791 1356 epistolis

998 1367 1025 1394 in
1040 1367 1223 1402 Amphilochia
1247 1368 1407 1394 translatas.
1422 1367 1557 1394 Caeterum
1574 1372 1600 1394 et
1615 1368 1680 1394 alibi
1704 1367 1792 1395 adno-

998 1415 1127 1444 tavimus.
1159 1422 1220 1449 quae
1230 1415 1309 1441 nobis
1327 1413 1398 1440 inter
1420 1414 1472 1440 alia
1495 1414 1584 1441 studia
1608 1414 1792 1441 occurrebant

999 1461 1057 1489 suis
1071 1461 1139 1488 locis
1164 1465 1317 1495 opportune
1343 1460 1597 1487 animadvertenda.
1617 1459 1701 1493 Igitur
1727 1467 1791 1486 cum

999 1507 1060 1534 aliis
1076 1505 1188 1533 distenti
1213 1506 1355 1533 laboribus
1384 1513 1434 1532 nec
1462 1505 1539 1540 prius
1566 1513 1643 1532 novae
1676 1505 1794 1533 editioni

962 1565 983 1593 α
1001 1552 1245 1587 Amphilochiorum
1269 1552 1365 1579 intenti
1396 1552 1548 1579 amicorum
1566 1552 1676 1578 hortatu
1695 1551 1727 1578 ad
1749 1552 1794 1578 in-

1001 1600 1104 1634 signem
1117 1599 1187 1626 hanc
1205 1598 1315 1625 Patrum
1342 1597 1648 1632 ecclesiasticorumque
1674 1597 1794 1631 scripto-

1000 1655 1060 1673 rum
1080 1646 1268 1673 collectionem
1286 1644 1411 1672 conferre
1440 1643 1542 1679 aliquid
1560 1652 1609 1679 pro
1624 1643 1728 1671 viribus
1743 1651 1795 1670 no-

1000 1691 1065 1719 stris
1091 1691 1200 1718 tandem
1229 1689 1433 1717 decreverimus
1466 1698 1474 1715 :
1506 1696 1536 1715 ea
1566 1697 1626 1724 quae
1650 1688 1727 1715 nobis
1764 1688 1793 1714 in

1001 1741 1127 1771 promptu
1141 1739 1230 1767 erant,
1243 1735 1336 1762 libenti
1352 1735 1444 1762 animo
1471 1735 1704 1770 snppeditavimus
1729 1734 1796 1761 Am-

999 1782 1144 1818 philochia,
1160 1789 1221 1816 qua:
1232 1789 1306 1808 nunc
1315 1781 1494 1816 primumuna
1504 1789 1565 1808 cum
1578 1781 1658 1808 editis
1670 1781 1794 1807 nomium

1001 1829 1054 1857 huc
1069 1836 1157 1862 usque
1172 1829 1199 1855 in
1214 1835 1298 1855 unum
1314 1827 1436 1854 collectis
1461 1827 1488 1854 in
1503 1827 1623 1854 medium
1645 1827 1792 1862 prodeunt.

1001 1875 1102 1903 Deinde
1117 1881 1143 1902 et
1157 1874 1284 1901 undecim
1311 1873 1370 1901 illas
1397 1874 1574 1909 quaestiones,
1596 1881 1657 1908 qua:
1681 1874 1794 1901 edendae

1000 1925 1158 1956 supersunt,
1169 1920 1228 1948 suis
1240 1920 1412 1955 signavimus
1433 1920 1568 1952 numeris,
1600 1924 1630 1946 ut
1656 1923 1683 1946 et
1709 1920 1794 1947 totius

1000 1968 1091 2002 operis
1102 1971 1264 2002 prospectus
1281 1967 1378 2001 planus
1393 1966 1441 1993 iiat
1456 1971 1482 1993 et
1498 1966 1567 1993 ordo
1591 1965 1718 1993 Vaticani
1745 1975 1794 1993 co-

1000 2014 1078 2045 dicis.
1106 2014 1195 2048 quoad
1213 2013 1273 2047 ejus
1288 2012 1345 2039 ﬁeri
1361 2012 1458 2047 possit,
1481 2016 1668 2046 conseryetur.
1691 2012 1795 2046 Super-

1000 2064 1038 2087 est
1058 2064 1098 2092 ut,
1114 2060 1138 2087 si
1153 2059 1218 2094 quid
1235 2059 1287 2086 hoc
1306 2059 1333 2085 in
1349 2066 1431 2092 opere
1449 2066 1497 2093 pro
1515 2059 1647 2092 temporis
1662 2058 1795 2086 brevitate

1002 2105 1092 2132 minus
1103 2110 1256 2132 correctum
1274 2109 1300 2131 et
1311 2104 1462 2138 expolitum
1478 2104 1647 2135 dederimus.
1682 2105 1706 2132 si
1727 2104 1795 2139 quid

1002 2152 1029 2179 in
1043 2160 1073 2178 ea
1089 2153 1240 2187 provincia,
1264 2160 1345 2186 quam
1370 2151 1553 2186 suscepimus,
1582 2152 1795 2187 neglexcrimns,

1002 2199 1074 2233 quod
1093 2199 1205 2226 minime
1228 2202 1286 2225 erat
1317 2199 1547 2234 prmtereundum,
1578 2199 1651 2225 docti
1685 2198 1797 2225 lectoris

159 2245 285 2273 ecssione
310 2252 325 2271 a
350 2251 394 2271 me
413 2244 505 2277 augeri
524 2250 604 2278 posse
631 2241 812 2269 animadverti
841 2246 868 2268 et
888 2249 949 2268 cum
969 2241 989 2267 D
1005 2246 1112 2272 veniam
1140 2245 1338 2279 imploremus,
1371 2252 1452 2279 quem
1482 2244 1672 2271 dillicultatem
1702 2244 1741 2270 rei
1768 2248 1798 2270 et

159 2300 202 2324 ea,
218 2300 278 2327 qua:
303 2295 466 2326 supererant
484 2290 600 2323 edenda,
623 2289 715 2316 ornnia
739 2288 805 2315 dare
826 2288 952 2323 nequive-

159 2340 223 2370 rim,
237 2338 376 2372 complura
400 2342 491 2363 tamen
512 2336 700 2371 majoremque
726 2340 830 2369 partem
862 2333 951 2361 danda

159 2385 324 2413 existimavi.
335 2383 401 2416 Quae
415 2383 478 2410 liCct
493 2382 656 2410 brevissimo
677 2386 798 2416 tempore
813 2388 845 2407 ex
858 2388 952 2407 exeru-

159 2431 282 2466 plaribus
315 2429 511 2464 manuscriptis
537 2428 632 2455 hausta
666 2436 719 2453 non
752 2427 858 2461 ingrata
895 2425 952 2454 fore

160 2477 275 2504 eruditis
287 2483 379 2511 spero,
396 2475 496 2510 quibus
514 2481 587 2501 nunc
603 2473 656 2500 515
668 2473 834 2508 quaestiones
851 2477 951 2506 praesto

160 2529 249 2552 erunt.

198 2636 253 2672 (14)
268 2635 334 2663 Vide
348 2634 536 2672 Ephernerides
547 2635 728 2672 Augustarum,
743 2647 779 2652 —
790 2631 950 2666 Allgemeine

161 2668 284 2707 Zritung.
300 2668 375 2698 anno
389 2671 468 2702 1857,
484 2679 510 2698 n.
591 2668 732 2707 S_u_pp|_qn.

196 2704 342 2743 (451⁷811111
355 2707 520 2743 quaestiones
536 2705 578 2732 15.
601 2705 646 2735 77,
667 2704 714 2743 73,
728 2707 950 2743 creauerfense-

160 2737 330 2803 agglutaiigita
345 2737 486 2769 recensita:
500 2746 607 2775 praeter,
621 2747 648 2774 q.
663 2738 726 2771 145,
741 2738 803 2770 117,
817 2737 950 2770 154,226,

211 2813 255 2847 16)
271 2812 340 2839 Sunt
353 2811 457 2847 quS.
474 2810 518 2841 77.
535 2809 721 2844 78,137-147,
736 2809 797 2843 151,
813 2807 950 2841 226,255,

162 2846 308 2886 240.324}
322 2847 385 2878 πάι
401 2846 465 2886 ετξς

199 2876 256 2920 (17)
272 2883 342 2911 Sunt
367 2876 413 2918 qq.
440 2883 483 2917 15,
501 2881 562 2914 ne.
576 2879 638 2913 118,
656 2879 793 2914 165,221,
807 2879 871 2913 eas,
886 2876 951 2909 215,

1003 2291 1071 2318 tanti
1106 2291 1205 2325 negotii
1238 2290 1349 2321 molem,
1375 2298 1430 2325 quo
1465 2291 1590 2324 dispersa
1623 2290 1797 2324 disjectaque

1005 2337 1126 2364 membra
1145 2336 1172 2362 in
1196 2343 1279 2362 unum
1306 2343 1408 2369 corpus
1441 2336 1608 2369 colliguntur
1639 2343 1670 2362 ac
1700 2343 1799 2362 recens

1003 2383 1127 2411 detectis.
1142 2386 1287 2416 augentur,
1310 2381 1378 2408 satis
1399 2381 1456 2416 jam
1491 2382 1591 2409 habere
1625 2385 1796 2416 perspectam

1004 2429 1179 2456 confidimus.

1004 2629 1135 2662 252-254,
1149 2629 1213 2660 9.73,
1228 2627 1293 2659 276.
1310 2628 1376 2662 287,
1394 2628 1523 2656 511-517.

1006 2666 1096 2734 fa(28))
1114 2665 1184 2693 infra
1198 2673 1227 2700 q.
1242 2664 1363 2692 518-525
1379 2666 1418 2699 (q.
1432 2664 1527 2697 95-97,
1546 2664 1606 2697 108,
1627 2665 1692 2692 288.
1710 2664 1799 2693 Mont—

1036 2709 1050 2727 u
1072 2720 1078 2726 .

1017 2708 1078 2728 auc.

1042 2736 1098 2770 (ω)
1116 2735 1149 2768 ο.
1169 2735 1234 2763 524.

1042 2771 1098 2805 (50)
1120 2771 1255 2798 Nimirum
1271 2770 1369 2802 517+
1378 2771 1437 2797 7:
1446 2771 1509 2799 5‘25.

1041 2806 1097 2841 (51)
1115 2807 1160 2834 Est
1174 2808 1339 2833 chartaceus
1359 2807 1385 2833 in
1406 2807 1434 2836 4.
1454 2814 1516 2834 saec.
1532 2814 1565 2833 xv
1583 2811 1610 2833 et
1628 2813 1684 2836 xvt,
1697 2813 1711 2832 a
1728 2805 1798 2833 duo-

1006 2842 1058 2870 bus
1070 2841 1190 2878 diversis
1202 2842 1386 2878 conscriptus.
1398 2841 1442 2869 (2f.
1460 2842 1493 2870 de
1507 2849 1540 2868 eo
1552 2842 1661 2869 Aretin:
1677 2841 1800 2878 ϐδέω-ἀμ

1007 2886 1056 2905 zur
1073 2876 1224 2905 Geschichte
1239 2877 1285 2905 iter
1301 2876 1448 2912 Literatur,
1463 2882 1485 2906 t.
1502 2877 1547 2909 IX.
1565 2886 1591 2913 p.
1605 2877 1736 2905 8991)υῦ-
