  <div class='ocr_page' id='page_1' title='image "/cluster/home/n/w/nwhite01/storage/ocr_20150623/101/njp.32101077772877/032.png"; bbox 0 0 1881 3077; ppageno 0'>
   <div class='ocr_carea' id='block_1_1' title="bbox 95 144 123 175">
    <p class='ocr_par' dir='ltr' id='par_1_1' title="bbox 95 144 123 175">
     <span class='ocr_line' id='line_1_1' title="bbox 95 144 123 175; baseline 0 0"><span class='ocrx_word' id='word_1_1' title='bbox 95 144 123 175; x_wconf 70' lang='grc' dir='ltr'>ξι</span> 
     </span>
    </p>
   </div>
   <div class='ocr_carea' id='block_1_2' title="bbox 748 149 1042 181">
    <p class='ocr_par' dir='ltr' id='par_1_2' title="bbox 748 149 1042 181">
     <span class='ocr_line' id='line_1_2' title="bbox 748 149 1042 181; baseline 0.003 -1"><span class='ocrx_word' id='word_1_2' title='bbox 748 149 896 180; x_wconf 78' lang='lat' dir='ltr'><strong>PROLEG</strong></span> <span class='ocrx_word' id='word_1_3' title='bbox 899 150 1028 181; x_wconf 82' lang='lat' dir='ltr'><strong>OMENA</strong></span> <span class='ocrx_word' id='word_1_4' title='bbox 1034 173 1042 181; x_wconf 93' lang='lat'><strong>.</strong></span> 
     </span>
    </p>
   </div>
   <div class='ocr_carea' id='block_1_3' title="bbox 873 208 913 239">
    <p class='ocr_par' dir='ltr' id='par_1_3' title="bbox 873 208 913 239">
     <span class='ocr_line' id='line_1_3' title="bbox 873 208 913 239; baseline 0.025 -1"><span class='ocrx_word' id='word_1_5' title='bbox 873 208 913 239; x_wconf 88' lang='lat' dir='ltr'><strong>ll.</strong></span> 
     </span>
    </p>
   </div>
   <div class='ocr_carea' id='block_1_4' title="bbox 217 286 873 322">
    <p class='ocr_par' dir='ltr' id='par_1_4' title="bbox 217 286 873 320">
     <span class='ocr_line' id='line_1_4' title="bbox 217 286 873 320; baseline 0.003 -3"><span class='ocrx_word' id='word_1_6' title='bbox 217 286 292 318; x_wconf 81' lang='lat' dir='ltr'><strong>JOS.</strong></span> <span class='ocrx_word' id='word_1_7' title='bbox 312 286 612 319; x_wconf 79' lang='lat' dir='ltr'><strong>CHRISTOPHORI</strong></span> <span class='ocrx_word' id='word_1_8' title='bbox 632 289 782 319; x_wconf 87' lang='lat' dir='ltr'><strong>WOLFII</strong></span> <span class='ocrx_word' id='word_1_9' title='bbox 799 290 873 320; x_wconf 76' lang='grc' dir='ltr'><strong>ΡΡιᾸ</strong></span> 
     </span>
    </p>
   </div>
   <div class='ocr_carea' id='block_1_5' title="bbox 961 286 1551 322">
    <p class='ocr_par' dir='ltr' id='par_1_5' title="bbox 961 290 1551 322">
     <span class='ocr_line' id='line_1_5' title="bbox 961 290 1551 322; baseline 0.003 -2"><span class='ocrx_word' id='word_1_10' title='bbox 961 290 1012 320; x_wconf 91' lang='lat' dir='ltr'><strong>&#39;lO</strong></span> <span class='ocrx_word' id='word_1_11' title='bbox 1045 290 1086 320; x_wconf 84' lang='lat' dir='ltr'><strong>IN</strong></span> <span class='ocrx_word' id='word_1_12' title='bbox 1112 290 1251 321; x_wconf 84' lang='lat' dir='ltr'><strong>PHOTII</strong></span> <span class='ocrx_word' id='word_1_13' title='bbox 1281 290 1551 322; x_wconf 66' lang='lat' dir='ltr'><strong>PATRIARCHIE</strong></span> 
     </span>
    </p>
   </div>
   <div class='ocr_carea' id='block_1_6' title="bbox 304 338 1490 377">
    <p class='ocr_par' dir='ltr' id='par_1_6' title="bbox 304 338 1490 377">
     <span class='ocr_line' id='line_1_6' title="bbox 304 338 1490 377; baseline 0.002 -8"><span class='ocrx_word' id='word_1_14' title='bbox 304 338 568 375; x_wconf 72' lang='lat' dir='ltr'><strong>QUIESTIONES</strong></span> <span class='ocrx_word' id='word_1_15' title='bbox 589 340 947 371; x_wconf 79' lang='lat' dir='ltr'><strong>AMPHILOCHIANAS</strong></span> <span class='ocrx_word' id='word_1_16' title='bbox 969 340 1074 377; x_wconf 81' lang='lat' dir='ltr'><strong>QUAS</strong></span> <span class='ocrx_word' id='word_1_17' title='bbox 1094 341 1232 371; x_wconf 83' lang='lat' dir='ltr'><strong>EDIDIT</strong></span> <span class='ocrx_word' id='word_1_18' title='bbox 1254 341 1308 371; x_wconf 88' lang='lat' dir='ltr'><strong>AD</strong></span> <span class='ocrx_word' id='word_1_19' title='bbox 1331 341 1490 372; x_wconf 81' lang='lat' dir='ltr'><strong>CALCEM</strong></span> 
     </span>
    </p>
   </div>
   <div class='ocr_carea' id='block_1_7' title="bbox 456 389 1303 421">
    <p class='ocr_par' dir='ltr' id='par_1_7' title="bbox 456 389 1303 421">
     <span class='ocr_line' id='line_1_7' title="bbox 456 389 1303 421; baseline 0.002 -2"><span class='ocrx_word' id='word_1_20' title='bbox 456 389 549 420; x_wconf 88' lang='lat' dir='ltr'><strong>VOL.</strong></span> <span class='ocrx_word' id='word_1_21' title='bbox 575 389 600 420; x_wconf 89' lang='lat' dir='ltr'><strong>V</strong></span> <span class='ocrx_word' id='word_1_22' title='bbox 618 389 812 421; x_wconf 72' lang='lat' dir='ltr'><strong>CURARUM</strong></span> <span class='ocrx_word' id='word_1_23' title='bbox 831 390 933 419; x_wconf 82' lang='lat' dir='ltr'><strong>PHlL.</strong></span> <span class='ocrx_word' id='word_1_24' title='bbox 958 390 1008 420; x_wconf 88' lang='lat' dir='ltr'><strong>ET</strong></span> <span class='ocrx_word' id='word_1_25' title='bbox 1031 390 1137 421; x_wconf 81' lang='lat' dir='ltr'><strong>CRIT.</strong></span> <span class='ocrx_word' id='word_1_26' title='bbox 1154 391 1194 421; x_wconf 86' lang='lat' dir='ltr'><strong>IN</strong></span> <span class='ocrx_word' id='word_1_27' title='bbox 1209 392 1247 421; x_wconf 91' lang='lat' dir='ltr'><strong>N.</strong></span> <span class='ocrx_word' id='word_1_28' title='bbox 1266 392 1303 421; x_wconf 92' lang='lat' dir='ltr'><strong>T.</strong></span> 
     </span>
    </p>
   </div>
   <div class='ocr_carea' id='block_1_8' title="bbox 750 443 1044 473">
    <p class='ocr_par' dir='ltr' id='par_1_8' title="bbox 750 443 1044 473">
     <span class='ocr_line' id='line_1_8' title="bbox 750 443 1044 473; baseline 0.003 -1"><span class='ocrx_word' id='word_1_29' title='bbox 750 443 839 473; x_wconf 79' lang='lat' dir='ltr'><strong>BASI</strong></span> <span class='ocrx_word' id='word_1_30' title='bbox 845 443 932 472; x_wconf 79' lang='lat' dir='ltr'><strong>LEIE</strong></span> <span class='ocrx_word' id='word_1_31' title='bbox 955 443 1044 473; x_wconf 77' lang='lat' dir='ltr'><strong>17M.</strong></span> 
     </span>
    </p>
   </div>
   <div class='ocr_carea' id='block_1_9' title="bbox 124 598 1713 636">
    <p class='ocr_par' dir='ltr' id='par_1_9' title="bbox 124 598 1713 636">
     <span class='ocr_line' id='line_1_9' title="bbox 124 598 1713 636; baseline 0.002 -11"><span class='ocrx_word' id='word_1_32' title='bbox 124 598 249 633; x_wconf 81' lang='lat' dir='ltr'><strong>Quidquid</strong></span> <span class='ocrx_word' id='word_1_33' title='bbox 264 598 366 626; x_wconf 88' lang='lat' dir='ltr'><strong>interea</strong></span> <span class='ocrx_word' id='word_1_34' title='bbox 384 599 432 625; x_wconf 90' lang='lat' dir='ltr'><strong>otii</strong></span> <span class='ocrx_word' id='word_1_35' title='bbox 448 599 523 634; x_wconf 91' lang='lat' dir='ltr'><strong>(dum</strong></span> <span class='ocrx_word' id='word_1_36' title='bbox 544 598 628 627; x_wconf 81' lang='lat' dir='ltr'><strong>Caras</strong></span> <span class='ocrx_word' id='word_1_37' title='bbox 646 600 819 636; x_wconf 77' lang='lat' dir='ltr'><strong>philologicas</strong></span> <span class='ocrx_word' id='word_1_38' title='bbox 838 607 861 629; x_wconf 79' lang='lat' dir='ltr'><strong>et</strong></span> <span class='ocrx_word' id='word_1_39' title='bbox 878 604 900 632; x_wconf 78' lang='grc' dir='ltr'>Α</span> <span class='ocrx_word' id='word_1_40' title='bbox 914 601 1001 628; x_wconf 85' lang='lat' dir='ltr'><strong>visum</strong></span> <span class='ocrx_word' id='word_1_41' title='bbox 1025 601 1076 628; x_wconf 85' lang='lat' dir='ltr'><strong>fuit</strong></span> <span class='ocrx_word' id='word_1_42' title='bbox 1102 601 1200 630; x_wconf 86' lang='lat' dir='ltr'><strong>Franc.</strong></span> <span class='ocrx_word' id='word_1_43' title='bbox 1217 601 1393 633; x_wconf 84' lang='lat' dir='ltr'><strong>Combeﬁsio,</strong></span> <span class='ocrx_word' id='word_1_44' title='bbox 1420 601 1466 636; x_wconf 90' lang='lat' dir='ltr'><strong>qui</strong></span> <span class='ocrx_word' id='word_1_45' title='bbox 1488 609 1649 636; x_wconf 84' lang='lat' dir='ltr'><strong>responsum</strong></span> <span class='ocrx_word' id='word_1_46' title='bbox 1668 601 1713 634; x_wconf 80' lang='lat'><strong>&#39;57,</strong></span> 
     </span>
    </p>
   </div>
   <div class='ocr_carea' id='block_1_10' title="bbox 97 645 869 684">
    <p class='ocr_par' dir='ltr' id='par_1_10' title="bbox 97 645 869 684">
     <span class='ocr_line' id='line_1_10' title="bbox 97 645 869 684; baseline 0.008 -12"><span class='ocrx_word' id='word_1_47' title='bbox 97 646 189 672; x_wconf 78' lang='lat' dir='ltr'><strong>critiras</strong></span> <span class='ocrx_word' id='word_1_48' title='bbox 204 646 228 672; x_wconf 89' lang='lat' dir='ltr'><strong>in</strong></span> <span class='ocrx_word' id='word_1_49' title='bbox 244 645 279 672; x_wconf 83' lang='grc' dir='ltr'><em>Ν.</em></span> <span class='ocrx_word' id='word_1_50' title='bbox 299 645 330 672; x_wconf 87' lang='lat' dir='ltr'><strong>T.</strong></span> <span class='ocrx_word' id='word_1_51' title='bbox 349 646 533 680; x_wconf 83' lang='lat' dir='ltr'><strong>scripsissem)</strong></span> <span class='ocrx_word' id='word_1_52' title='bbox 551 648 686 681; x_wconf 85' lang='lat' dir='ltr'><strong>reliquum</strong></span> <span class='ocrx_word' id='word_1_53' title='bbox 709 650 775 676; x_wconf 91' lang='lat' dir='ltr'><strong>mihi</strong></span> <span class='ocrx_word' id='word_1_54' title='bbox 799 657 869 684; x_wconf 85' lang='lat' dir='ltr'><strong>erat,</strong></span> 
     </span>
    </p>
   </div>
   <div class='ocr_carea' id='block_1_11' title="bbox 98 689 869 727">
    <p class='ocr_par' dir='ltr' id='par_1_11' title="bbox 98 689 869 727">
     <span class='ocr_line' id='line_1_11' title="bbox 98 689 869 727; baseline 0.006 -11"><span class='ocrx_word' id='word_1_55' title='bbox 98 690 119 716; x_wconf 90' lang='lat' dir='ltr'><strong>id</strong></span> <span class='ocrx_word' id='word_1_56' title='bbox 136 690 164 716; x_wconf 85' lang='lat' dir='ltr'><strong>ad</strong></span> <span class='ocrx_word' id='word_1_57' title='bbox 177 689 364 724; x_wconf 78' lang='lat' dir='ltr'><strong>divulgandam</strong></span> <span class='ocrx_word' id='word_1_58' title='bbox 379 694 483 723; x_wconf 86' lang='lat' dir='ltr'><strong>partem</strong></span> <span class='ocrx_word' id='word_1_59' title='bbox 508 690 751 724; x_wconf 71' lang='lat' dir='ltr'><strong>Amphilochiorum</strong></span> <span class='ocrx_word' id='word_1_60' title='bbox 769 693 869 727; x_wconf 83' lang='lat' dir='ltr'><strong>Photii,</strong></span> 
     </span>
    </p>
   </div>
   <div class='ocr_carea' id='block_1_12' title="bbox 98 735 872 772">
    <p class='ocr_par' dir='ltr' id='par_1_12' title="bbox 98 735 872 772">
     <span class='ocr_line' id='line_1_12' title="bbox 98 735 872 772; baseline 0.008 -12"><span class='ocrx_word' id='word_1_61' title='bbox 98 735 174 762; x_wconf 81' lang='lat' dir='ltr'><strong>adhuc</strong></span> <span class='ocrx_word' id='word_1_62' title='bbox 198 735 358 764; x_wconf 76' lang='grc' dir='ltr'><strong>ἁνεκδότων.</strong></span> <span class='ocrx_word' id='word_1_63' title='bbox 384 743 466 769; x_wconf 80' lang='lat' dir='ltr'><strong>quam</strong></span> <span class='ocrx_word' id='word_1_64' title='bbox 495 735 522 762; x_wconf 92' lang='lat' dir='ltr'><strong>in</strong></span> <span class='ocrx_word' id='word_1_65' title='bbox 550 736 623 763; x_wconf 82' lang='lat' dir='ltr'><strong>calce</strong></span> <span class='ocrx_word' id='word_1_66' title='bbox 650 738 788 772; x_wconf 77' lang='lat' dir='ltr'><strong>conspicis</strong></span> <span class='ocrx_word' id='word_1_67' title='bbox 805 747 872 766; x_wconf 89' lang='lat' dir='ltr'><strong>con-</strong></span> 
     </span>
    </p>
   </div>
   <div class='ocr_carea' id='block_1_13' title="bbox 98 779 871 814">
    <p class='ocr_par' dir='ltr' id='par_1_13' title="bbox 98 779 871 814">
     <span class='ocr_line' id='line_1_13' title="bbox 98 779 871 814; baseline 0.008 -8"><span class='ocrx_word' id='word_1_68' title='bbox 98 780 148 807; x_wconf 89' lang='lat' dir='ltr'><strong>tuli.</strong></span> <span class='ocrx_word' id='word_1_69' title='bbox 167 779 199 806; x_wconf 91' lang='lat' dir='ltr'><strong>De</strong></span> <span class='ocrx_word' id='word_1_70' title='bbox 224 780 275 807; x_wconf 90' lang='lat' dir='ltr'><strong>hoc</strong></span> <span class='ocrx_word' id='word_1_71' title='bbox 301 787 383 814; x_wconf 87' lang='lat' dir='ltr'><strong>opere</strong></span> <span class='ocrx_word' id='word_1_72' title='bbox 403 780 439 807; x_wconf 86' lang='lat' dir='ltr'><strong>ita</strong></span> <span class='ocrx_word' id='word_1_73' title='bbox 459 780 538 807; x_wconf 78' lang='lat' dir='ltr'><strong>habe.</strong></span> <span class='ocrx_word' id='word_1_74' title='bbox 553 780 651 809; x_wconf 84' lang='lat' dir='ltr'><strong>Exstat</strong></span> <span class='ocrx_word' id='word_1_75' title='bbox 670 783 734 810; x_wconf 91' lang='lat' dir='ltr'><strong>illud</strong></span> <span class='ocrx_word' id='word_1_76' title='bbox 758 783 871 813; x_wconf 83' lang='lat' dir='ltr'><strong>Parisiis</strong></span> 
     </span>
    </p>
   </div>
   <div class='ocr_carea' id='block_1_14' title="bbox 99 824 872 859">
    <p class='ocr_par' dir='ltr' id='par_1_14' title="bbox 99 824 872 859">
     <span class='ocr_line' id='line_1_14' title="bbox 99 824 872 859; baseline 0.008 -9"><span class='ocrx_word' id='word_1_77' title='bbox 99 833 179 856; x_wconf 86' lang='lat' dir='ltr'><strong>Inanu,</strong></span> <span class='ocrx_word' id='word_1_78' title='bbox 191 833 248 859; x_wconf 64' lang='lat' dir='ltr'><strong>qua:</strong></span> <span class='ocrx_word' id='word_1_79' title='bbox 262 825 394 851; x_wconf 69' lang='lat' dir='ltr'><strong>saeculum</strong></span> <span class='ocrx_word' id='word_1_80' title='bbox 413 833 439 851; x_wconf 79' lang='grc' dir='ltr'><strong>ιιι</strong></span> <span class='ocrx_word' id='word_1_81' title='bbox 460 824 552 858; x_wconf 90' lang='lat' dir='ltr'><strong>refert,</strong></span> <span class='ocrx_word' id='word_1_82' title='bbox 574 831 718 854; x_wconf 85' lang='lat' dir='ltr'><strong>exaratum</strong></span> <span class='ocrx_word' id='word_1_83' title='bbox 736 828 762 854; x_wconf 88' lang='lat' dir='ltr'><strong>in</strong></span> <span class='ocrx_word' id='word_1_84' title='bbox 778 830 872 857; x_wconf 87' lang='lat' dir='ltr'><strong>codice</strong></span> 
     </span>
    </p>
   </div>
   <div class='ocr_carea' id='block_1_15' title="bbox 98 872 872 907">
    <p class='ocr_par' dir='ltr' id='par_1_15' title="bbox 98 872 872 907">
     <span class='ocr_line' id='line_1_15' title="bbox 98 872 872 907; baseline 0.006 -9"><span class='ocrx_word' id='word_1_85' title='bbox 98 872 289 900; x_wconf 83' lang='lat' dir='ltr'><strong>membranaceo</strong></span> <span class='ocrx_word' id='word_1_86' title='bbox 317 872 371 898; x_wconf 70' lang='lat'><strong>270</strong></span> <span class='ocrx_word' id='word_1_87' title='bbox 397 872 571 900; x_wconf 72' lang='lat' dir='ltr'><strong>bibliothecae</strong></span> <span class='ocrx_word' id='word_1_88' title='bbox 592 873 778 907; x_wconf 63' lang='lat' dir='ltr'><strong>Coislinianre,</strong></span> <span class='ocrx_word' id='word_1_89' title='bbox 806 876 872 903; x_wconf 91' lang='lat' dir='ltr'><strong>olim</strong></span> 
     </span>
    </p>
   </div>
   <div class='ocr_carea' id='block_1_16' title="bbox 100 916 872 955">
    <p class='ocr_par' dir='ltr' id='par_1_16' title="bbox 100 916 872 955">
     <span class='ocr_line' id='line_1_16' title="bbox 100 916 872 955; baseline 0.006 -11"><span class='ocrx_word' id='word_1_90' title='bbox 100 916 266 952; x_wconf 79' lang='lat' dir='ltr'><strong>Seguerianae,</strong></span> <span class='ocrx_word' id='word_1_91' title='bbox 284 918 365 952; x_wconf 88' lang='lat' dir='ltr'><strong>cujus</strong></span> <span class='ocrx_word' id='word_1_92' title='bbox 391 917 552 953; x_wconf 80' lang='lat' dir='ltr'><strong>Calalogum</strong></span> <span class='ocrx_word' id='word_1_93' title='bbox 576 919 720 947; x_wconf 64' lang='lat' dir='ltr'><strong>indefessa;</strong></span> <span class='ocrx_word' id='word_1_94' title='bbox 737 926 872 955; x_wconf 75' lang='lat' dir='ltr'><strong>pra-,stan-</strong></span> 
     </span>
    </p>
   </div>
   <div class='ocr_carea' id='block_1_17' title="bbox 100 963 872 996">
    <p class='ocr_par' dir='ltr' id='par_1_17' title="bbox 100 963 872 996">
     <span class='ocr_line' id='line_1_17' title="bbox 100 963 872 996; baseline 0.008 -7"><span class='ocrx_word' id='word_1_95' title='bbox 100 964 185 991; x_wconf 84' lang='lat' dir='ltr'><strong>tissimi</strong></span> <span class='ocrx_word' id='word_1_96' title='bbox 201 963 334 991; x_wconf 80' lang='lat' dir='ltr'><strong>Bernardi</strong></span> <span class='ocrx_word' id='word_1_97' title='bbox 350 963 553 991; x_wconf 79' lang='lat' dir='ltr'><strong>Montefalconii</strong></span> <span class='ocrx_word' id='word_1_98' title='bbox 570 965 713 993; x_wconf 76' lang='lat' dir='ltr'><strong>industriae</strong></span> <span class='ocrx_word' id='word_1_99' title='bbox 730 967 872 996; x_wconf 77' lang='lat' dir='ltr'><strong>debemus.</strong></span> 
     </span>
    </p>
   </div>
   <div class='ocr_carea' id='block_1_18' title="bbox 99 1009 875 1046">
    <p class='ocr_par' dir='ltr' id='par_1_18' title="bbox 99 1009 875 1046">
     <span class='ocr_line' id='line_1_18' title="bbox 99 1009 875 1046; baseline 0.005 -10"><span class='ocrx_word' id='word_1_100' title='bbox 99 1009 235 1043; x_wconf 87' lang='lat' dir='ltr'><strong>Inscriptio,</strong></span> <span class='ocrx_word' id='word_1_101' title='bbox 252 1018 286 1037; x_wconf 84' lang='lat' dir='ltr'><strong>ex</strong></span> <span class='ocrx_word' id='word_1_102' title='bbox 307 1010 359 1037; x_wconf 82' lang='lat' dir='ltr'><strong>fide</strong></span> <span class='ocrx_word' id='word_1_103' title='bbox 378 1010 498 1045; x_wconf 79' lang='lat' dir='ltr'><strong>Catalogi</strong></span> <span class='ocrx_word' id='word_1_104' title='bbox 528 1011 610 1043; x_wconf 74' lang='lat' dir='ltr'><strong>illius,</strong></span> <span class='ocrx_word' id='word_1_105' title='bbox 634 1019 660 1046; x_wconf 86' lang='lat' dir='ltr'><strong>p_</strong></span> <span class='ocrx_word' id='word_1_106' title='bbox 680 1012 744 1045; x_wconf 74' lang='lat'><strong>3&#39;26,</strong></span> <span class='ocrx_word' id='word_1_107' title='bbox 768 1013 804 1040; x_wconf 84' lang='lat' dir='ltr'><strong>ita</strong></span> <span class='ocrx_word' id='word_1_108' title='bbox 826 1014 875 1040; x_wconf 82' lang='lat' dir='ltr'><strong>ha-</strong></span> 
     </span>
    </p>
   </div>
   <div class='ocr_carea' id='block_1_19' title="bbox 99 1054 874 1093">
    <p class='ocr_par' dir='ltr' id='par_1_19' title="bbox 99 1054 874 1093">
     <span class='ocr_line' id='line_1_19' title="bbox 99 1054 874 1093; baseline 0.008 -13"><span class='ocrx_word' id='word_1_109' title='bbox 99 1055 153 1080; x_wconf 91' lang='lat' dir='ltr'><strong>bet:</strong></span> <span class='ocrx_word' id='word_1_110' title='bbox 171 1054 208 1080; x_wconf 73' lang='grc' dir='ltr'>Τά</span> <span class='ocrx_word' id='word_1_111' title='bbox 227 1054 401 1089; x_wconf 72' lang='grc' dir='ltr'><strong>Ἀμφιλὸχια,</strong></span> <span class='ocrx_word' id='word_1_112' title='bbox 422 1055 439 1090; x_wconf 84' lang='grc' dir='ltr'>ἢ</span> <span class='ocrx_word' id='word_1_113' title='bbox 459 1055 545 1090; x_wconf 71' lang='grc' dir='ltr'>λόγων</span> <span class='ocrx_word' id='word_1_114' title='bbox 575 1057 656 1091; x_wconf 83' lang='grc' dir='ltr'><strong>ἱερῶν</strong></span> <span class='ocrx_word' id='word_1_115' title='bbox 676 1058 722 1084; x_wconf 74' lang='grc' dir='ltr'><strong>καὶ</strong></span> <span class='ocrx_word' id='word_1_116' title='bbox 749 1058 874 1093; x_wconf 81' lang='grc' dir='ltr'><strong>ζητημά-</strong></span> 
     </span>
    </p>
   </div>
   <div class='ocr_carea' id='block_1_20' title="bbox 97 1101 876 1140">
    <p class='ocr_par' dir='ltr' id='par_1_20' title="bbox 97 1101 876 1140">
     <span class='ocr_line' id='line_1_20' title="bbox 97 1101 876 1140; baseline 0.006 -14"><span class='ocrx_word' id='word_1_117' title='bbox 97 1109 142 1126; x_wconf 84' lang='grc' dir='ltr'>των</span> <span class='ocrx_word' id='word_1_118' title='bbox 156 1101 297 1134; x_wconf 74' lang='grc' dir='ltr'><strong>ίερολογίαι</strong></span> <span class='ocrx_word' id='word_1_119' title='bbox 317 1101 385 1135; x_wconf 73' lang='grc' dir='ltr'>πρὸς</span> <span class='ocrx_word' id='word_1_120' title='bbox 401 1101 586 1136; x_wconf 75' lang='grc' dir='ltr'><strong>Ἀμφιλόχιον,</strong></span> <span class='ocrx_word' id='word_1_121' title='bbox 601 1102 646 1128; x_wconf 64' lang='grc' dir='ltr'>τὴν</span> <span class='ocrx_word' id='word_1_122' title='bbox 659 1103 807 1131; x_wconf 74' lang='grc' dir='ltr'><strong>ὁσιώτατον</strong></span> <span class='ocrx_word' id='word_1_123' title='bbox 825 1114 876 1140; x_wconf 85' lang='grc' dir='ltr'><strong>μη-</strong></span> 
     </span>
    </p>
   </div>
   <div class='ocr_carea' id='block_1_21' title="bbox 97 1147 874 1187">
    <p class='ocr_par' dir='ltr' id='par_1_21' title="bbox 97 1147 874 1187">
     <span class='ocr_line' id='line_1_21' title="bbox 97 1147 874 1187; baseline 0.008 -15"><span class='ocrx_word' id='word_1_124' title='bbox 97 1147 242 1181; x_wconf 73' lang='grc' dir='ltr'><strong>τροπολὶτην</strong></span> <span class='ocrx_word' id='word_1_125' title='bbox 260 1147 392 1179; x_wconf 77' lang='grc' dir='ltr'><strong>Νυξίκου,</strong></span> <span class='ocrx_word' id='word_1_126' title='bbox 418 1149 446 1173; x_wconf 82' lang='grc' dir='ltr'>ὲν</span> <span class='ocrx_word' id='word_1_127' title='bbox 463 1148 501 1183; x_wconf 77' lang='grc' dir='ltr'><strong>τῷ</strong></span> <span class='ocrx_word' id='word_1_128' title='bbox 521 1149 608 1184; x_wconf 81' lang='grc' dir='ltr'>καιρῷ</span> <span class='ocrx_word' id='word_1_129' title='bbox 624 1149 679 1175; x_wconf 80' lang='grc' dir='ltr'><strong>τῶν</strong></span> <span class='ocrx_word' id='word_1_130' title='bbox 702 1151 874 1187; x_wconf 76' lang='grc' dir='ltr'><strong>πειρασμῶν,</strong></span> 
     </span>
    </p>
   </div>
   <div class='ocr_carea' id='block_1_22' title="bbox 98 1193 876 1232">
    <p class='ocr_par' dir='ltr' id='par_1_22' title="bbox 98 1193 876 1232">
     <span class='ocr_line' id='line_1_22' title="bbox 98 1193 876 1232; baseline 0.006 -12"><span class='ocrx_word' id='word_1_131' title='bbox 98 1193 247 1229; x_wconf 56' lang='grc' dir='ltr'><strong>ζητημάτων</strong></span> <span class='ocrx_word' id='word_1_132' title='bbox 261 1195 413 1230; x_wconf 71' lang='grc' dir='ltr'><strong>διαφόρων,</strong></span> <span class='ocrx_word' id='word_1_133' title='bbox 431 1196 469 1226; x_wconf 67' lang='grc' dir='ltr'><strong>εἰς,</strong></span> <span class='ocrx_word' id='word_1_134' title='bbox 486 1195 603 1231; x_wconf 70' lang='grc' dir='ltr'><strong>ἀριθμὸν</strong></span> <span class='ocrx_word' id='word_1_135' title='bbox 624 1198 792 1232; x_wconf 80' lang='grc' dir='ltr'><strong>τριακοσίων</strong></span> <span class='ocrx_word' id='word_1_136' title='bbox 813 1207 876 1224; x_wconf 82' lang='grc' dir='ltr'>συν-</span> 
     </span>
    </p>
   </div>
   <div class='ocr_carea' id='block_1_23' title="bbox 97 1240 873 1278">
    <p class='ocr_par' dir='ltr' id='par_1_23' title="bbox 97 1240 873 1278">
     <span class='ocr_line' id='line_1_23' title="bbox 97 1240 873 1278; baseline 0.006 -13"><span class='ocrx_word' id='word_1_137' title='bbox 97 1240 223 1266; x_wconf 79' lang='grc' dir='ltr'><strong>τεινόντων</strong></span> <span class='ocrx_word' id='word_1_138' title='bbox 235 1241 360 1267; x_wconf 75' lang='grc' dir='ltr'><strong>ἐπίλυσιν</strong></span> <span class='ocrx_word' id='word_1_139' title='bbox 375 1242 569 1276; x_wconf 78' lang='grc' dir='ltr'><strong>αἱτησάμενον.</strong></span> <span class='ocrx_word' id='word_1_140' title='bbox 579 1242 605 1269; x_wconf 86' lang='lat' dir='ltr'><strong>Id</strong></span> <span class='ocrx_word' id='word_1_141' title='bbox 616 1248 667 1275; x_wconf 83' lang='lat' dir='ltr'><strong>est,</strong></span> <span class='ocrx_word' id='word_1_142' title='bbox 679 1243 873 1278; x_wconf 74' lang='lat' dir='ltr'><strong>Amphilochia,</strong></span> 
     </span>
    </p>
   </div>
   <div class='ocr_carea' id='block_1_24' title="bbox 98 1278 912 1324">
    <p class='ocr_par' dir='ltr' id='par_1_24' title="bbox 98 1278 912 1324">
     <span class='ocr_line' id='line_1_24' title="bbox 98 1278 912 1324; baseline 0.004 -11"><span class='ocrx_word' id='word_1_143' title='bbox 98 1295 134 1314; x_wconf 83' lang='lat' dir='ltr'><strong>seu</strong></span> <span class='ocrx_word' id='word_1_144' title='bbox 145 1295 268 1314; x_wconf 79' lang='lat' dir='ltr'><strong>sermones</strong></span> <span class='ocrx_word' id='word_1_145' title='bbox 285 1293 310 1314; x_wconf 81' lang='lat' dir='ltr'><strong>et</strong></span> <span class='ocrx_word' id='word_1_146' title='bbox 327 1289 483 1323; x_wconf 78' lang='lat' dir='ltr'><strong>qmestioues</strong></span> <span class='ocrx_word' id='word_1_147' title='bbox 497 1297 581 1315; x_wconf 68' lang='lat' dir='ltr'><strong>sacrm</strong></span> <span class='ocrx_word' id='word_1_148' title='bbox 595 1289 630 1315; x_wconf 86' lang='lat' dir='ltr'><strong>ad</strong></span> <span class='ocrx_word' id='word_1_149' title='bbox 646 1289 874 1324; x_wconf 75' lang='lat' dir='ltr'><strong>Amphilochium,</strong></span> <span class='ocrx_word' id='word_1_150' title='bbox 891 1278 912 1305; x_wconf 75' lang='grc' dir='ltr'><strong><em>Β</em></strong></span> 
     </span>
    </p>
   </div>
   <div class='ocr_carea' id='block_1_25' title="bbox 98 1332 869 1369">
    <p class='ocr_par' dir='ltr' id='par_1_25' title="bbox 98 1332 869 1369">
     <span class='ocr_line' id='line_1_25' title="bbox 98 1332 869 1369; baseline 0.004 -11"><span class='ocrx_word' id='word_1_151' title='bbox 98 1333 280 1360; x_wconf 70' lang='lat' dir='ltr'><strong>sanctissimum</strong></span> <span class='ocrx_word' id='word_1_152' title='bbox 309 1332 400 1367; x_wconf 70' lang='grc' dir='ltr'><strong><em>(Συιίσὶ</em></strong></span> <span class='ocrx_word' id='word_1_153' title='bbox 428 1334 641 1368; x_wconf 71' lang='lat' dir='ltr'><strong>metropolitani,</strong></span> <span class='ocrx_word' id='word_1_154' title='bbox 668 1335 724 1369; x_wconf 85' lang='lat' dir='ltr'><strong>qui,</strong></span> <span class='ocrx_word' id='word_1_155' title='bbox 751 1340 869 1368; x_wconf 84' lang='lat' dir='ltr'><strong>tempore</strong></span> 
     </span>
    </p>
   </div>
   <div class='ocr_carea' id='block_1_26' title="bbox 98 1379 878 1414">
    <p class='ocr_par' dir='ltr' id='par_1_26' title="bbox 98 1379 878 1414">
     <span class='ocr_line' id='line_1_26' title="bbox 98 1379 878 1414; baseline 0.004 -10"><span class='ocrx_word' id='word_1_156' title='bbox 98 1379 267 1411; x_wconf 79' lang='lat' dir='ltr'><strong>tentationum,</strong></span> <span class='ocrx_word' id='word_1_157' title='bbox 284 1380 464 1414; x_wconf 74' lang='lat' dir='ltr'><strong>quwstionum</strong></span> <span class='ocrx_word' id='word_1_158' title='bbox 487 1380 634 1411; x_wconf 76' lang='lat' dir='ltr'><strong>uariarunt,</strong></span> <span class='ocrx_word' id='word_1_159' title='bbox 658 1388 717 1414; x_wconf 78' lang='lat' dir='ltr'><strong>quw</strong></span> <span class='ocrx_word' id='word_1_160' title='bbox 737 1389 878 1407; x_wconf 84' lang='lat' dir='ltr'><strong>numerum</strong></span> 
     </span>
    </p>
   </div>
   <div class='ocr_carea' id='block_1_27' title="bbox 98 1425 880 1461">
    <p class='ocr_par' dir='ltr' id='par_1_27' title="bbox 98 1425 880 1461">
     <span class='ocr_line' id='line_1_27' title="bbox 98 1425 880 1461; baseline 0.003 -9"><span class='ocrx_word' id='word_1_161' title='bbox 98 1425 142 1452; x_wconf 82' lang='lat'><strong>500</strong></span> <span class='ocrx_word' id='word_1_162' title='bbox 156 1426 308 1460; x_wconf 77' lang='lat' dir='ltr'><strong>conficiunt,</strong></span> <span class='ocrx_word' id='word_1_163' title='bbox 325 1425 483 1452; x_wconf 80' lang='lat' dir='ltr'><strong>solutionem</strong></span> <span class='ocrx_word' id='word_1_164' title='bbox 498 1427 653 1460; x_wconf 65' lang='lat' dir='ltr'><strong>expetierat.</strong></span> <span class='ocrx_word' id='word_1_165' title='bbox 663 1427 806 1461; x_wconf 89' lang='lat' dir='ltr'><strong>Inscriptio</strong></span> <span class='ocrx_word' id='word_1_166' title='bbox 822 1427 880 1454; x_wconf 69' lang='lat' dir='ltr'><strong>haec</strong></span> 
     </span>
    </p>
   </div>
   <div class='ocr_carea' id='block_1_28' title="bbox 99 1470 879 1506">
    <p class='ocr_par' dir='ltr' id='par_1_28' title="bbox 99 1470 879 1506">
     <span class='ocr_line' id='line_1_28' title="bbox 99 1470 879 1506; baseline 0.003 -10"><span class='ocrx_word' id='word_1_167' title='bbox 99 1471 180 1497; x_wconf 77' lang='lat' dir='ltr'><strong>eadem</strong></span> <span class='ocrx_word' id='word_1_168' title='bbox 200 1472 309 1498; x_wconf 81' lang='lat' dir='ltr'><strong>ratione</strong></span> <span class='ocrx_word' id='word_1_169' title='bbox 329 1471 355 1497; x_wconf 94' lang='lat' dir='ltr'><strong>in</strong></span> <span class='ocrx_word' id='word_1_170' title='bbox 376 1472 469 1498; x_wconf 77' lang='lat' dir='ltr'><strong>codice</strong></span> <span class='ocrx_word' id='word_1_171' title='bbox 493 1470 683 1505; x_wconf 85' lang='lat' dir='ltr'><strong>Neapolitano,</strong></span> <span class='ocrx_word' id='word_1_172' title='bbox 699 1472 731 1498; x_wconf 87' lang='lat' dir='ltr'><strong>de</strong></span> <span class='ocrx_word' id='word_1_173' title='bbox 747 1479 801 1506; x_wconf 88' lang='lat' dir='ltr'><strong>quo</strong></span> <span class='ocrx_word' id='word_1_174' title='bbox 815 1479 879 1498; x_wconf 82' lang='lat' dir='ltr'><strong>mox</strong></span> 
     </span>
    </p>
   </div>
   <div class='ocr_carea' id='block_1_29' title="bbox 97 1516 877 1552">
    <p class='ocr_par' dir='ltr' id='par_1_29' title="bbox 97 1516 877 1552">
     <span class='ocr_line' id='line_1_29' title="bbox 97 1516 877 1552; baseline -0.001 -9"><span class='ocrx_word' id='word_1_175' title='bbox 97 1517 216 1547; x_wconf 78' lang='lat' dir='ltr'><strong>dicemus.</strong></span> <span class='ocrx_word' id='word_1_176' title='bbox 227 1518 363 1552; x_wconf 79' lang='lat' dir='ltr'><strong>legiturin</strong></span> <span class='ocrx_word' id='word_1_177' title='bbox 378 1517 595 1551; x_wconf 79' lang='lat' dir='ltr'><strong>Ep/iemeridibus</strong></span> <span class='ocrx_word' id='word_1_178' title='bbox 609 1517 750 1544; x_wconf 82' lang='lat' dir='ltr'><strong>litterariis</strong></span> <span class='ocrx_word' id='word_1_179' title='bbox 765 1516 877 1549; x_wconf 80' lang='lat' dir='ltr'><strong>Venetis,</strong></span> 
     </span>
    </p>
   </div>
   <div class='ocr_carea' id='block_1_30' title="bbox 98 1562 641 1597">
    <p class='ocr_par' dir='ltr' id='par_1_30' title="bbox 98 1562 641 1597">
     <span class='ocr_line' id='line_1_30' title="bbox 98 1562 641 1597; baseline 0.002 -9"><span class='ocrx_word' id='word_1_180' title='bbox 98 1562 177 1589; x_wconf 84' lang='lat' dir='ltr'><strong>ltalice</strong></span> <span class='ocrx_word' id='word_1_181' title='bbox 195 1563 289 1596; x_wconf 76' lang='lat' dir='ltr'><strong>editis,</strong></span> <span class='ocrx_word' id='word_1_182' title='bbox 309 1568 377 1590; x_wconf 91' lang='lat' dir='ltr'><strong>tom.</strong></span> <span class='ocrx_word' id='word_1_183' title='bbox 397 1562 504 1594; x_wconf 71' lang='lat' dir='ltr'><strong>XXXII,</strong></span> <span class='ocrx_word' id='word_1_184' title='bbox 519 1571 579 1597; x_wconf 77' lang='lat' dir='ltr'><strong>pag.</strong></span> <span class='ocrx_word' id='word_1_185' title='bbox 595 1562 641 1589; x_wconf 70' lang='lat'><strong>72.</strong></span> 
     </span>
    </p>
   </div>
   <div class='ocr_carea' id='block_1_31' title="bbox 127 1619 880 1655">
    <p class='ocr_par' dir='ltr' id='par_1_31' title="bbox 127 1619 880 1655">
     <span class='ocr_line' id='line_1_31' title="bbox 127 1619 880 1655; baseline 0.001 -9"><span class='ocrx_word' id='word_1_186' title='bbox 127 1619 161 1647; x_wconf 76' lang='lat' dir='ltr'><strong>Ex</strong></span> <span class='ocrx_word' id='word_1_187' title='bbox 183 1621 226 1647; x_wconf 89' lang='lat' dir='ltr'><strong>illa</strong></span> <span class='ocrx_word' id='word_1_188' title='bbox 246 1628 314 1648; x_wconf 84' lang='lat' dir='ltr'><strong>vero</strong></span> <span class='ocrx_word' id='word_1_189' title='bbox 344 1625 466 1655; x_wconf 85' lang='lat' dir='ltr'><strong>apparet,</strong></span> <span class='ocrx_word' id='word_1_190' title='bbox 489 1621 663 1655; x_wconf 73' lang='grc' dir='ltr'><strong>Ἀμφιλόχια,</strong></span> <span class='ocrx_word' id='word_1_191' title='bbox 683 1621 736 1652; x_wconf 82' lang='lat' dir='ltr'><strong>vel,</strong></span> <span class='ocrx_word' id='word_1_192' title='bbox 756 1626 784 1648; x_wconf 93' lang='lat' dir='ltr'><strong>ut</strong></span> <span class='ocrx_word' id='word_1_193' title='bbox 806 1621 880 1647; x_wconf 83' lang='lat' dir='ltr'><strong>Alla-</strong></span> 
     </span>
    </p>
   </div>
   <div class='ocr_carea' id='block_1_32' title="bbox 99 1666 879 1702">
    <p class='ocr_par' dir='ltr' id='par_1_32' title="bbox 99 1666 879 1702">
     <span class='ocr_line' id='line_1_32' title="bbox 99 1666 879 1702; baseline 0.001 -10"><span class='ocrx_word' id='word_1_194' title='bbox 99 1666 145 1693; x_wconf 88' lang='lat' dir='ltr'><strong>tius</strong></span> <span class='ocrx_word' id='word_1_195' title='bbox 158 1668 282 1702; x_wconf 58' lang='lat' dir='ltr'><strong>appellat,</strong></span> <span class='ocrx_word' id='word_1_196' title='bbox 314 1667 502 1702; x_wconf 71' lang='grc' dir='ltr'><strong>Ἀμφι),όχεια,</strong></span> <span class='ocrx_word' id='word_1_197' title='bbox 528 1667 580 1698; x_wconf 78' lang='lat' dir='ltr'><strong>vel,</strong></span> <span class='ocrx_word' id='word_1_198' title='bbox 609 1673 638 1694; x_wconf 91' lang='lat' dir='ltr'><strong>ut</strong></span> <span class='ocrx_word' id='word_1_199' title='bbox 662 1668 720 1700; x_wconf 89' lang='lat' dir='ltr'><strong>alii,</strong></span> <span class='ocrx_word' id='word_1_200' title='bbox 748 1667 879 1702; x_wconf 73' lang='grc' dir='ltr'><strong>’Λμφιλό-</strong></span> 
     </span>
    </p>
   </div>
   <div class='ocr_carea' id='block_1_33' title="bbox 99 1712 880 1749">
    <p class='ocr_par' dir='ltr' id='par_1_33' title="bbox 99 1712 880 1749">
     <span class='ocr_line' id='line_1_33' title="bbox 99 1712 880 1749; baseline 0.001 -10"><span class='ocrx_word' id='word_1_201' title='bbox 99 1713 164 1748; x_wconf 79' lang='grc' dir='ltr'>χικὰ,</span> <span class='ocrx_word' id='word_1_202' title='bbox 183 1714 243 1741; x_wconf 83' lang='lat' dir='ltr'><strong>ideo</strong></span> <span class='ocrx_word' id='word_1_203' title='bbox 269 1715 415 1749; x_wconf 81' lang='lat' dir='ltr'><strong>appellari,</strong></span> <span class='ocrx_word' id='word_1_204' title='bbox 437 1713 511 1749; x_wconf 84' lang='lat' dir='ltr'><strong>quod</strong></span> <span class='ocrx_word' id='word_1_205' title='bbox 540 1712 675 1748; x_wconf 83' lang='lat' dir='ltr'><strong>Responsa</strong></span> <span class='ocrx_word' id='word_1_206' title='bbox 704 1714 748 1740; x_wconf 88' lang='lat' dir='ltr'><strong>illa</strong></span> <span class='ocrx_word' id='word_1_207' title='bbox 765 1714 798 1740; x_wconf 85' lang='lat' dir='ltr'><strong>ad</strong></span> <span class='ocrx_word' id='word_1_208' title='bbox 815 1713 880 1740; x_wconf 84' lang='lat' dir='ltr'><strong>Am-</strong></span> 
     </span>
    </p>
   </div>
   <div class='ocr_carea' id='block_1_34' title="bbox 99 1760 881 1796">
    <p class='ocr_par' dir='ltr' id='par_1_34' title="bbox 99 1760 881 1796">
     <span class='ocr_line' id='line_1_34' title="bbox 99 1760 881 1796; baseline 0.001 -10"><span class='ocrx_word' id='word_1_209' title='bbox 99 1760 267 1794; x_wconf 85' lang='lat' dir='ltr'><strong>philochium,</strong></span> <span class='ocrx_word' id='word_1_210' title='bbox 295 1760 439 1796; x_wconf 66' lang='lat' dir='ltr'><strong>praesulem</strong></span> <span class='ocrx_word' id='word_1_211' title='bbox 465 1761 641 1796; x_wconf 77' lang='lat' dir='ltr'><strong>Cyziccnum,</strong></span> <span class='ocrx_word' id='word_1_212' title='bbox 657 1765 804 1795; x_wconf 86' lang='lat' dir='ltr'><strong>petentem,</strong></span> <span class='ocrx_word' id='word_1_213' title='bbox 825 1761 881 1788; x_wconf 91' lang='lat' dir='ltr'><strong>sint</strong></span> 
     </span>
    </p>
   </div>
   <div class='ocr_carea' id='block_1_35' title="bbox 100 1807 881 1842">
    <p class='ocr_par' dir='ltr' id='par_1_35' title="bbox 100 1807 881 1842">
     <span class='ocr_line' id='line_1_35' title="bbox 100 1807 881 1842; baseline 0.001 -9"><span class='ocrx_word' id='word_1_214' title='bbox 100 1809 250 1842; x_wconf 84' lang='lat' dir='ltr'><strong>perscripta.</strong></span> <span class='ocrx_word' id='word_1_215' title='bbox 265 1808 341 1834; x_wconf 85' lang='lat' dir='ltr'><strong>Cave</strong></span> <span class='ocrx_word' id='word_1_216' title='bbox 356 1815 422 1834; x_wconf 87' lang='lat' dir='ltr'><strong>vero</strong></span> <span class='ocrx_word' id='word_1_217' title='bbox 437 1808 543 1838; x_wconf 84' lang='lat' dir='ltr'><strong>credas.</strong></span> <span class='ocrx_word' id='word_1_218' title='bbox 567 1807 601 1834; x_wconf 85' lang='lat' dir='ltr'><strong>de</strong></span> <span class='ocrx_word' id='word_1_219' title='bbox 617 1807 747 1834; x_wconf 89' lang='lat' dir='ltr'><strong>omnibus</strong></span> <span class='ocrx_word' id='word_1_220' title='bbox 767 1807 803 1834; x_wconf 87' lang='lat' dir='ltr'><strong>ita</strong></span> <span class='ocrx_word' id='word_1_221' title='bbox 820 1814 881 1834; x_wconf 87' lang='lat' dir='ltr'><strong>esse</strong></span> 
     </span>
    </p>
   </div>
   <div class='ocr_carea' id='block_1_36' title="bbox 101 1852 881 1888">
    <p class='ocr_par' dir='ltr' id='par_1_36' title="bbox 101 1852 881 1888">
     <span class='ocr_line' id='line_1_36' title="bbox 101 1852 881 1888; baseline 0.001 -9"><span class='ocrx_word' id='word_1_222' title='bbox 101 1852 255 1881; x_wconf 77' lang='lat' dir='ltr'><strong>habendum.</strong></span> <span class='ocrx_word' id='word_1_223' title='bbox 274 1853 306 1880; x_wconf 84' lang='lat' dir='ltr'><strong>In</strong></span> <span class='ocrx_word' id='word_1_224' title='bbox 320 1853 448 1888; x_wconf 82' lang='lat' dir='ltr'><strong>Epistolis</strong></span> <span class='ocrx_word' id='word_1_225' title='bbox 462 1853 562 1885; x_wconf 79' lang='lat' dir='ltr'><strong>Photii,</strong></span> <span class='ocrx_word' id='word_1_226' title='bbox 582 1861 596 1879; x_wconf 87' lang='lat' dir='ltr'><strong>a</strong></span> <span class='ocrx_word' id='word_1_227' title='bbox 618 1853 697 1880; x_wconf 73' lang='lat' dir='ltr'><strong>lticb.</strong></span> <span class='ocrx_word' id='word_1_228' title='bbox 713 1852 881 1880; x_wconf 81' lang='lat' dir='ltr'><strong>Montacutio</strong></span> 
     </span>
    </p>
   </div>
   <div class='ocr_carea' id='block_1_37' title="bbox 101 1897 879 1933">
    <p class='ocr_par' dir='ltr' id='par_1_37' title="bbox 101 1897 879 1933">
     <span class='ocr_line' id='line_1_37' title="bbox 101 1897 879 1933; baseline 0.003 -10"><span class='ocrx_word' id='word_1_229' title='bbox 101 1897 181 1930; x_wconf 74' lang='lat' dir='ltr'><strong>editis,</strong></span> <span class='ocrx_word' id='word_1_230' title='bbox 200 1906 247 1925; x_wconf 90' lang='lat' dir='ltr'><strong>sex</strong></span> <span class='ocrx_word' id='word_1_231' title='bbox 274 1898 391 1925; x_wconf 87' lang='lat' dir='ltr'><strong>omnino</strong></span> <span class='ocrx_word' id='word_1_232' title='bbox 407 1897 591 1933; x_wconf 84' lang='lat' dir='ltr'><strong>Amphilocbii</strong></span> <span class='ocrx_word' id='word_1_233' title='bbox 621 1905 721 1924; x_wconf 86' lang='lat' dir='ltr'><strong>nomen</strong></span> <span class='ocrx_word' id='word_1_234' title='bbox 745 1897 879 1925; x_wconf 89' lang='lat' dir='ltr'><strong>referunt.</strong></span> 
     </span>
    </p>
   </div>
   <div class='ocr_carea' id='block_1_38' title="bbox 101 1943 916 1978">
    <p class='ocr_par' dir='ltr' id='par_1_38' title="bbox 101 1943 916 1978">
     <span class='ocr_line' id='line_1_38' title="bbox 101 1943 916 1978; baseline 0.002 -9"><span class='ocrx_word' id='word_1_235' title='bbox 101 1943 133 1970; x_wconf 80' lang='lat' dir='ltr'><strong>Ex</strong></span> <span class='ocrx_word' id='word_1_236' title='bbox 149 1945 187 1971; x_wconf 88' lang='lat' dir='ltr'><strong>his</strong></span> <span class='ocrx_word' id='word_1_237' title='bbox 205 1949 260 1972; x_wconf 86' lang='lat' dir='ltr'><strong>tres</strong></span> <span class='ocrx_word' id='word_1_238' title='bbox 275 1950 383 1971; x_wconf 88' lang='lat' dir='ltr'><strong>tantum</strong></span> <span class='ocrx_word' id='word_1_239' title='bbox 398 1949 508 1972; x_wconf 71' lang='lat' dir='ltr'><strong>exstant</strong></span> <span class='ocrx_word' id='word_1_240' title='bbox 524 1945 551 1971; x_wconf 92' lang='lat' dir='ltr'><strong>in</strong></span> <span class='ocrx_word' id='word_1_241' title='bbox 565 1944 767 1978; x_wconf 76' lang='lat' dir='ltr'><strong>Ampliiloc/iiis,</strong></span> <span class='ocrx_word' id='word_1_242' title='bbox 783 1952 881 1978; x_wconf 84' lang='lat' dir='ltr'><strong>nempe</strong></span> <span class='ocrx_word' id='word_1_243' title='bbox 894 1950 916 1978; x_wconf 74' lang='grc' dir='ltr'>ο</span> 
     </span>
    </p>
   </div>
   <div class='ocr_carea' id='block_1_39' title="bbox 100 1990 881 2025">
    <p class='ocr_par' dir='ltr' id='par_1_39' title="bbox 100 1990 881 2025">
     <span class='ocr_line' id='line_1_39' title="bbox 100 1990 881 2025; baseline 0.001 -10"><span class='ocrx_word' id='word_1_244' title='bbox 100 1996 151 2024; x_wconf 73' lang='lat' dir='ltr'><strong>opp.</strong></span> <span class='ocrx_word' id='word_1_245' title='bbox 168 1991 227 2024; x_wconf 76' lang='lat' dir='ltr'><strong>l57,</strong></span> <span class='ocrx_word' id='word_1_246' title='bbox 248 1991 312 2021; x_wconf 78' lang='grc'><strong>165.</strong></span> <span class='ocrx_word' id='word_1_247' title='bbox 329 1991 390 2023; x_wconf 79' lang='grc'>178,</span> <span class='ocrx_word' id='word_1_248' title='bbox 408 1999 470 2017; x_wconf 89' lang='lat' dir='ltr'><strong>cum</strong></span> <span class='ocrx_word' id='word_1_249' title='bbox 491 1991 590 2025; x_wconf 86' lang='lat' dir='ltr'><strong>quibus</strong></span> <span class='ocrx_word' id='word_1_250' title='bbox 606 1995 700 2017; x_wconf 81' lang='lat' dir='ltr'><strong>exacte</strong></span> <span class='ocrx_word' id='word_1_251' title='bbox 714 1990 881 2017; x_wconf 88' lang='lat' dir='ltr'><strong>conveniunt</strong></span> 
     </span>
    </p>
   </div>
   <div class='ocr_carea' id='block_1_40' title="bbox 98 2038 881 2071">
    <p class='ocr_par' dir='ltr' id='par_1_40' title="bbox 98 2038 881 2071">
     <span class='ocr_line' id='line_1_40' title="bbox 98 2038 881 2071; baseline 0 -7"><span class='ocrx_word' id='word_1_252' title='bbox 98 2044 216 2071; x_wconf 64' lang='lat' dir='ltr'><strong>responsa</strong></span> <span class='ocrx_word' id='word_1_253' title='bbox 236 2038 298 2070; x_wconf 73' lang='grc'><strong>162,</strong></span> <span class='ocrx_word' id='word_1_254' title='bbox 377 2042 402 2064; x_wconf 88' lang='lat' dir='ltr'><strong>et</strong></span> <span class='ocrx_word' id='word_1_255' title='bbox 420 2038 481 2064; x_wconf 73' lang='lat'><strong>178.</strong></span> <span class='ocrx_word' id='word_1_256' title='bbox 498 2038 565 2065; x_wconf 87' lang='lat' dir='ltr'><strong>’l‘res</strong></span> <span class='ocrx_word' id='word_1_257' title='bbox 580 2043 685 2065; x_wconf 61' lang='lat' dir='ltr'><strong>caetera;</strong></span> <span class='ocrx_word' id='word_1_258' title='bbox 700 2045 764 2064; x_wconf 81' lang='lat' dir='ltr'><strong>vero</strong></span> <span class='ocrx_word' id='word_1_259' title='bbox 783 2045 881 2071; x_wconf 85' lang='lat' dir='ltr'><strong>nempe</strong></span> 
     </span>
    </p>
   </div>
   <div class='ocr_carea' id='block_1_41' title="bbox 102 2083 880 2118">
    <p class='ocr_par' dir='ltr' id='par_1_41' title="bbox 102 2083 880 2118">
     <span class='ocr_line' id='line_1_41' title="bbox 102 2083 880 2118; baseline 0.001 -9"><span class='ocrx_word' id='word_1_260' title='bbox 102 2083 154 2115; x_wconf 75' lang='grc'><strong>168,</strong></span> <span class='ocrx_word' id='word_1_261' title='bbox 173 2085 221 2111; x_wconf 72' lang='lat'><strong>198</strong></span> <span class='ocrx_word' id='word_1_262' title='bbox 244 2090 271 2111; x_wconf 87' lang='lat' dir='ltr'><strong>et</strong></span> <span class='ocrx_word' id='word_1_263' title='bbox 292 2084 346 2110; x_wconf 71' lang='grc'><strong>207</strong></span> <span class='ocrx_word' id='word_1_264' title='bbox 369 2084 439 2111; x_wconf 88' lang='lat' dir='ltr'><strong>inter</strong></span> <span class='ocrx_word' id='word_1_265' title='bbox 457 2084 590 2118; x_wconf 80' lang='lat' dir='ltr'><strong>Responsa</strong></span> <span class='ocrx_word' id='word_1_266' title='bbox 612 2083 657 2111; x_wconf 86' lang='lat' dir='ltr'><strong>illa</strong></span> <span class='ocrx_word' id='word_1_267' title='bbox 680 2083 880 2111; x_wconf 80' lang='lat' dir='ltr'><strong>desiderantur.</strong></span> 
     </span>
    </p>
   </div>
   <div class='ocr_carea' id='block_1_42' title="bbox 100 2129 879 2166">
    <p class='ocr_par' dir='ltr' id='par_1_42' title="bbox 100 2129 879 2166">
     <span class='ocr_line' id='line_1_42' title="bbox 100 2129 879 2166; baseline -0.001 -10"><span class='ocrx_word' id='word_1_268' title='bbox 100 2130 134 2156; x_wconf 80' lang='lat' dir='ltr'><strong>Ab</strong></span> <span class='ocrx_word' id='word_1_269' title='bbox 146 2131 227 2157; x_wconf 87' lang='lat' dir='ltr'><strong>altera</strong></span> <span class='ocrx_word' id='word_1_270' title='bbox 250 2136 330 2166; x_wconf 84' lang='lat' dir='ltr'><strong>parte</strong></span> <span class='ocrx_word' id='word_1_271' title='bbox 353 2131 379 2157; x_wconf 87' lang='lat' dir='ltr'><strong>in</strong></span> <span class='ocrx_word' id='word_1_272' title='bbox 404 2130 597 2164; x_wconf 76' lang='lat' dir='ltr'><strong>Aiiiphilochiis</strong></span> <span class='ocrx_word' id='word_1_273' title='bbox 625 2130 798 2166; x_wconf 70' lang='lat' dir='ltr'><strong>Responsum</strong></span> <span class='ocrx_word' id='word_1_274' title='bbox 816 2129 879 2163; x_wconf 75' lang='lat' dir='ltr'><strong>Ml,</strong></span> 
     </span>
    </p>
   </div>
   <div class='ocr_carea' id='block_1_43' title="bbox 100 2176 880 2211">
    <p class='ocr_par' dir='ltr' id='par_1_43' title="bbox 100 2176 880 2211">
     <span class='ocr_line' id='line_1_43' title="bbox 100 2176 880 2211; baseline -0.001 -8"><span class='ocrx_word' id='word_1_275' title='bbox 100 2177 163 2210; x_wconf 81' lang='lat' dir='ltr'><strong>quod</strong></span> <span class='ocrx_word' id='word_1_276' title='bbox 178 2177 260 2204; x_wconf 81' lang='lat' dir='ltr'><strong>habes</strong></span> <span class='ocrx_word' id='word_1_277' title='bbox 280 2176 352 2203; x_wconf 82' lang='lat' dir='ltr'><strong>inira</strong></span> <span class='ocrx_word' id='word_1_278' title='bbox 373 2184 398 2211; x_wconf 87' lang='lat' dir='ltr'><strong>p.</strong></span> <span class='ocrx_word' id='word_1_279' title='bbox 416 2176 479 2207; x_wconf 83' lang='lat'><strong>708,</strong></span> <span class='ocrx_word' id='word_1_280' title='bbox 505 2177 664 2203; x_wconf 90' lang='lat' dir='ltr'><strong>inscribitur</strong></span> <span class='ocrx_word' id='word_1_281' title='bbox 677 2176 880 2210; x_wconf 74' lang='lat' dir='ltr'><strong>Amphilochia,</strong></span> 
     </span>
    </p>
   </div>
   <div class='ocr_carea' id='block_1_44' title="bbox 101 2220 883 2258">
    <p class='ocr_par' dir='ltr' id='par_1_44' title="bbox 101 2220 883 2258">
     <span class='ocr_line' id='line_1_44' title="bbox 101 2220 883 2258; baseline 0.001 -11"><span class='ocrx_word' id='word_1_282' title='bbox 101 2223 162 2256; x_wconf 84' lang='lat' dir='ltr'><strong>quod</strong></span> <span class='ocrx_word' id='word_1_283' title='bbox 179 2223 279 2250; x_wconf 80' lang='lat' dir='ltr'><strong>frustra</strong></span> <span class='ocrx_word' id='word_1_284' title='bbox 293 2223 396 2258; x_wconf 67' lang='lat' dir='ltr'><strong>qumris</strong></span> <span class='ocrx_word' id='word_1_285' title='bbox 408 2223 477 2250; x_wconf 75' lang='lat' dir='ltr'><strong>inter</strong></span> <span class='ocrx_word' id='word_1_286' title='bbox 491 2222 637 2257; x_wconf 79' lang='lat' dir='ltr'><strong>Epistolas.</strong></span> <span class='ocrx_word' id='word_1_287' title='bbox 652 2220 787 2249; x_wconf 66' lang='lat' dir='ltr'><strong>Prazterea</strong></span> <span class='ocrx_word' id='word_1_288' title='bbox 800 2222 883 2248; x_wconf 88' lang='lat' dir='ltr'><strong>multa</strong></span> 
     </span>
    </p>
   </div>
   <div class='ocr_carea' id='block_1_45' title="bbox 102 2268 883 2304">
    <p class='ocr_par' dir='ltr' id='par_1_45' title="bbox 102 2268 883 2304">
     <span class='ocr_line' id='line_1_45' title="bbox 102 2268 883 2304; baseline 0 -10"><span class='ocrx_word' id='word_1_289' title='bbox 102 2268 237 2302; x_wconf 68' lang='lat' dir='ltr'><strong>Responsa,</strong></span> <span class='ocrx_word' id='word_1_290' title='bbox 260 2270 288 2297; x_wconf 91' lang='lat' dir='ltr'><strong>in</strong></span> <span class='ocrx_word' id='word_1_291' title='bbox 315 2269 506 2304; x_wconf 70' lang='lat' dir='ltr'><strong>Ampliilocltiis</strong></span> <span class='ocrx_word' id='word_1_292' title='bbox 523 2270 669 2300; x_wconf 88' lang='lat' dir='ltr'><strong>exstantia,</strong></span> <span class='ocrx_word' id='word_1_293' title='bbox 682 2269 763 2296; x_wconf 87' lang='lat' dir='ltr'><strong>etiam</strong></span> <span class='ocrx_word' id='word_1_294' title='bbox 780 2269 808 2295; x_wconf 93' lang='lat' dir='ltr'><strong>in</strong></span> <span class='ocrx_word' id='word_1_295' title='bbox 824 2268 883 2302; x_wconf 77' lang='lat' dir='ltr'><strong>cpi-</strong></span> 
     </span>
    </p>
   </div>
   <div class='ocr_carea' id='block_1_46' title="bbox 101 2315 883 2352">
    <p class='ocr_par' dir='ltr' id='par_1_46' title="bbox 101 2315 883 2352">
     <span class='ocr_line' id='line_1_46' title="bbox 101 2315 883 2352; baseline -0.003 -10"><span class='ocrx_word' id='word_1_296' title='bbox 101 2316 170 2342; x_wconf 76' lang='lat' dir='ltr'><strong>stolis</strong></span> <span class='ocrx_word' id='word_1_297' title='bbox 186 2319 245 2351; x_wconf 88' lang='lat' dir='ltr'><strong>(ceu</strong></span> <span class='ocrx_word' id='word_1_298' title='bbox 265 2324 328 2344; x_wconf 72' lang='lat' dir='ltr'><strong>mox</strong></span> <span class='ocrx_word' id='word_1_299' title='bbox 342 2315 528 2352; x_wconf 80' lang='lat' dir='ltr'><strong>ostendemus)</strong></span> <span class='ocrx_word' id='word_1_300' title='bbox 546 2316 681 2351; x_wconf 80' lang='lat' dir='ltr'><strong>leguntur,</strong></span> <span class='ocrx_word' id='word_1_301' title='bbox 706 2315 753 2342; x_wconf 88' lang='lat' dir='ltr'><strong>sed</strong></span> <span class='ocrx_word' id='word_1_302' title='bbox 767 2315 883 2341; x_wconf 86' lang='lat' dir='ltr'><strong>aliorum</strong></span> 
     </span>
    </p>
   </div>
   <div class='ocr_carea' id='block_1_47' title="bbox 102 2360 884 2397">
    <p class='ocr_par' dir='ltr' id='par_1_47' title="bbox 102 2360 884 2397">
     <span class='ocr_line' id='line_1_47' title="bbox 102 2360 884 2397; baseline 0 -10"><span class='ocrx_word' id='word_1_303' title='bbox 102 2363 248 2390; x_wconf 86' lang='lat' dir='ltr'><strong>nominibus</strong></span> <span class='ocrx_word' id='word_1_304' title='bbox 265 2363 408 2396; x_wconf 85' lang='lat' dir='ltr'><strong>inscripta.</strong></span> <span class='ocrx_word' id='word_1_305' title='bbox 424 2362 463 2389; x_wconf 88' lang='lat' dir='ltr'><strong>Ita</strong></span> <span class='ocrx_word' id='word_1_306' title='bbox 479 2363 562 2397; x_wconf 81' lang='lat' dir='ltr'><strong>Resp.</strong></span> <span class='ocrx_word' id='word_1_307' title='bbox 577 2360 628 2389; x_wconf 80' lang='grc'><strong>166</strong></span> <span class='ocrx_word' id='word_1_308' title='bbox 642 2361 683 2389; x_wconf 70' lang='lat' dir='ltr'><strong>est</strong></span> <span class='ocrx_word' id='word_1_309' title='bbox 692 2361 806 2395; x_wconf 89' lang='lat' dir='ltr'><strong>epistola</strong></span> <span class='ocrx_word' id='word_1_310' title='bbox 823 2360 884 2393; x_wconf 82' lang='grc'><strong>155,</strong></span> 
     </span>
    </p>
   </div>
   <div class='ocr_carea' id='block_1_48' title="bbox 102 2406 884 2442">
    <p class='ocr_par' dir='ltr' id='par_1_48' title="bbox 102 2406 884 2442">
     <span class='ocr_line' id='line_1_48' title="bbox 102 2406 884 2442; baseline -0.004 -7"><span class='ocrx_word' id='word_1_311' title='bbox 102 2416 158 2442; x_wconf 69' lang='lat' dir='ltr'><strong>qua:</strong></span> <span class='ocrx_word' id='word_1_312' title='bbox 180 2413 270 2435; x_wconf 86' lang='lat' dir='ltr'><strong>tamen</strong></span> <span class='ocrx_word' id='word_1_313' title='bbox 297 2409 334 2435; x_wconf 91' lang='lat' dir='ltr'><strong>ibi</strong></span> <span class='ocrx_word' id='word_1_314' title='bbox 362 2408 535 2435; x_wconf 75' lang='lat' dir='ltr'><strong>(lonstantini</strong></span> <span class='ocrx_word' id='word_1_315' title='bbox 554 2408 646 2434; x_wconf 78' lang='lat' dir='ltr'><strong>fratris</strong></span> <span class='ocrx_word' id='word_1_316' title='bbox 668 2415 767 2434; x_wconf 82' lang='lat' dir='ltr'><strong>nomen</strong></span> <span class='ocrx_word' id='word_1_317' title='bbox 792 2406 884 2434; x_wconf 88' lang='lat' dir='ltr'><strong>refert.</strong></span> 
     </span>
    </p>
   </div>
   <div class='ocr_carea' id='block_1_49' title="bbox 102 2452 885 2489">
    <p class='ocr_par' dir='ltr' id='par_1_49' title="bbox 102 2452 885 2489">
     <span class='ocr_line' id='line_1_49' title="bbox 102 2452 885 2489; baseline -0.001 -10"><span class='ocrx_word' id='word_1_318' title='bbox 102 2452 241 2488; x_wconf 73' lang='lat' dir='ltr'><strong>Propterea</strong></span> <span class='ocrx_word' id='word_1_319' title='bbox 258 2456 295 2481; x_wconf 89' lang='lat' dir='ltr'><strong>ita</strong></span> <span class='ocrx_word' id='word_1_320' title='bbox 317 2455 408 2489; x_wconf 82' lang='lat' dir='ltr'><strong>potius</strong></span> <span class='ocrx_word' id='word_1_321' title='bbox 422 2453 595 2481; x_wconf 86' lang='lat' dir='ltr'><strong>statuendum</strong></span> <span class='ocrx_word' id='word_1_322' title='bbox 614 2457 691 2488; x_wconf 88' lang='lat' dir='ltr'><strong>puto,</strong></span> <span class='ocrx_word' id='word_1_323' title='bbox 708 2452 782 2487; x_wconf 87' lang='lat' dir='ltr'><strong>quod</strong></span> <span class='ocrx_word' id='word_1_324' title='bbox 803 2452 885 2479; x_wconf 69' lang='lat' dir='ltr'><strong>varia:</strong></span> 
     </span>
    </p>
   </div>
   <div class='ocr_carea' id='block_1_50' title="bbox 103 2498 886 2535">
    <p class='ocr_par' dir='ltr' id='par_1_50' title="bbox 103 2498 886 2535">
     <span class='ocr_line' id='line_1_50' title="bbox 103 2498 886 2535; baseline -0.004 -9"><span class='ocrx_word' id='word_1_325' title='bbox 103 2499 183 2527; x_wconf 82' lang='lat' dir='ltr'><strong>Photii</strong></span> <span class='ocrx_word' id='word_1_326' title='bbox 197 2501 322 2535; x_wconf 77' lang='lat' dir='ltr'><strong>epistola:</strong></span> <span class='ocrx_word' id='word_1_327' title='bbox 336 2501 402 2527; x_wconf 90' lang='lat' dir='ltr'><strong>hinc</strong></span> <span class='ocrx_word' id='word_1_328' title='bbox 419 2501 481 2527; x_wconf 89' lang='lat' dir='ltr'><strong>inde</strong></span> <span class='ocrx_word' id='word_1_329' title='bbox 498 2499 554 2526; x_wconf 87' lang='lat' dir='ltr'><strong>sint</strong></span> <span class='ocrx_word' id='word_1_330' title='bbox 565 2499 696 2530; x_wconf 65' lang='lat' dir='ltr'><strong>collecta},</strong></span> <span class='ocrx_word' id='word_1_331' title='bbox 708 2503 735 2526; x_wconf 84' lang='lat' dir='ltr'><strong>et</strong></span> <span class='ocrx_word' id='word_1_332' title='bbox 748 2498 886 2532; x_wconf 80' lang='lat' dir='ltr'><strong>Amp/tito-</strong></span> 
     </span>
    </p>
   </div>
   <div class='ocr_carea' id='block_1_51' title="bbox 104 2542 886 2580">
    <p class='ocr_par' dir='ltr' id='par_1_51' title="bbox 104 2542 886 2580">
     <span class='ocr_line' id='line_1_51' title="bbox 104 2542 886 2580; baseline -0.003 -9"><span class='ocrx_word' id='word_1_333' title='bbox 104 2546 216 2572; x_wconf 75' lang='lat' dir='ltr'><strong>cliiurum</strong></span> <span class='ocrx_word' id='word_1_334' title='bbox 233 2547 346 2574; x_wconf 87' lang='lat' dir='ltr'><strong>nomine</strong></span> <span class='ocrx_word' id='word_1_335' title='bbox 372 2546 518 2580; x_wconf 66' lang='lat' dir='ltr'><strong>insignitae,</strong></span> <span class='ocrx_word' id='word_1_336' title='bbox 536 2545 608 2577; x_wconf 84' lang='lat' dir='ltr'><strong>ideo,</strong></span> <span class='ocrx_word' id='word_1_337' title='bbox 632 2545 703 2579; x_wconf 89' lang='lat' dir='ltr'><strong>quod</strong></span> <span class='ocrx_word' id='word_1_338' title='bbox 719 2544 816 2571; x_wconf 86' lang='lat' dir='ltr'><strong>Photio</strong></span> <span class='ocrx_word' id='word_1_339' title='bbox 830 2542 886 2570; x_wconf 89' lang='lat' dir='ltr'><strong>fre-</strong></span> 
     </span>
    </p>
   </div>
   <div class='ocr_carea' id='block_1_52' title="bbox 104 2591 888 2627">
    <p class='ocr_par' dir='ltr' id='par_1_52' title="bbox 104 2591 888 2627">
     <span class='ocr_line' id='line_1_52' title="bbox 104 2591 888 2627; baseline -0.004 -7"><span class='ocrx_word' id='word_1_340' title='bbox 104 2600 183 2627; x_wconf 80' lang='lat' dir='ltr'><strong>quens</strong></span> <span class='ocrx_word' id='word_1_341' title='bbox 207 2594 361 2620; x_wconf 82' lang='lat' dir='ltr'><strong>littcrarum</strong></span> <span class='ocrx_word' id='word_1_342' title='bbox 385 2600 448 2619; x_wconf 87' lang='lat' dir='ltr'><strong>cum</strong></span> <span class='ocrx_word' id='word_1_343' title='bbox 474 2592 665 2626; x_wconf 73' lang='lat' dir='ltr'><strong>Amphilochia</strong></span> <span class='ocrx_word' id='word_1_344' title='bbox 692 2591 888 2618; x_wconf 82' lang='lat' dir='ltr'><strong>commercium</strong></span> 
     </span>
    </p>
   </div>
   <div class='ocr_carea' id='block_1_53' title="bbox 106 2637 889 2671">
    <p class='ocr_par' dir='ltr' id='par_1_53' title="bbox 106 2637 889 2671">
     <span class='ocr_line' id='line_1_53' title="bbox 106 2637 889 2671; baseline -0.001 -7"><span class='ocrx_word' id='word_1_345' title='bbox 106 2638 293 2666; x_wconf 75' lang='lat' dir='ltr'><strong>intercesserit.</strong></span> <span class='ocrx_word' id='word_1_346' title='bbox 312 2639 401 2665; x_wconf 80' lang='lat' dir='ltr'><strong>Taceo</strong></span> <span class='ocrx_word' id='word_1_347' title='bbox 426 2638 558 2665; x_wconf 88' lang='lat' dir='ltr'><strong>nonnulla</strong></span> <span class='ocrx_word' id='word_1_348' title='bbox 589 2638 616 2664; x_wconf 92' lang='lat' dir='ltr'><strong>in</strong></span> <span class='ocrx_word' id='word_1_349' title='bbox 638 2637 681 2665; x_wconf 89' lang='lat' dir='ltr'><strong>his</strong></span> <span class='ocrx_word' id='word_1_350' title='bbox 705 2637 813 2668; x_wconf 80' lang='lat' dir='ltr'><strong>haberi,</strong></span> <span class='ocrx_word' id='word_1_351' title='bbox 829 2644 889 2671; x_wconf 70' lang='lat' dir='ltr'><strong>QDEB</strong></span> 
     </span>
    </p>
   </div>
   <div class='ocr_carea' id='block_1_54' title="bbox 106 2682 891 2719">
    <p class='ocr_par' dir='ltr' id='par_1_54' title="bbox 106 2682 891 2719">
     <span class='ocr_line' id='line_1_54' title="bbox 106 2682 891 2719; baseline -0.001 -9"><span class='ocrx_word' id='word_1_352' title='bbox 106 2692 153 2711; x_wconf 91' lang='lat' dir='ltr'><strong>non</strong></span> <span class='ocrx_word' id='word_1_353' title='bbox 171 2691 223 2712; x_wconf 88' lang='lat' dir='ltr'><strong>tam</strong></span> <span class='ocrx_word' id='word_1_354' title='bbox 237 2685 383 2718; x_wconf 81' lang='lat' dir='ltr'><strong>Responsa,</strong></span> <span class='ocrx_word' id='word_1_355' title='bbox 406 2693 489 2719; x_wconf 86' lang='lat' dir='ltr'><strong>quam</strong></span> <span class='ocrx_word' id='word_1_356' title='bbox 515 2684 646 2718; x_wconf 70' lang='lat' dir='ltr'><strong>Excerpta</strong></span> <span class='ocrx_word' id='word_1_357' title='bbox 668 2684 792 2718; x_wconf 67' lang='lat' dir='ltr'><strong>qumdam</strong></span> <span class='ocrx_word' id='word_1_358' title='bbox 817 2682 891 2709; x_wconf 82' lang='lat' dir='ltr'><strong>refe-</strong></span> 
     </span>
    </p>
   </div>
   <div class='ocr_carea' id='block_1_55' title="bbox 107 2731 889 2766">
    <p class='ocr_par' dir='ltr' id='par_1_55' title="bbox 107 2731 889 2766">
     <span class='ocr_line' id='line_1_55' title="bbox 107 2731 889 2766; baseline -0.003 -7"><span class='ocrx_word' id='word_1_359' title='bbox 107 2736 173 2765; x_wconf 89' lang='lat' dir='ltr'><strong>runt,</strong></span> <span class='ocrx_word' id='word_1_360' title='bbox 188 2741 249 2766; x_wconf 78' lang='lat' dir='ltr'><strong>qua:</strong></span> <span class='ocrx_word' id='word_1_361' title='bbox 264 2731 380 2758; x_wconf 86' lang='lat' dir='ltr'><strong>Pbotius</strong></span> <span class='ocrx_word' id='word_1_362' title='bbox 391 2740 423 2758; x_wconf 86' lang='lat' dir='ltr'><strong>ex</strong></span> <span class='ocrx_word' id='word_1_363' title='bbox 441 2731 514 2764; x_wconf 88' lang='lat' dir='ltr'><strong>aliis,</strong></span> <span class='ocrx_word' id='word_1_364' title='bbox 525 2739 551 2757; x_wconf 85' lang='grc' dir='ltr'>ν.</span> <span class='ocrx_word' id='word_1_365' title='bbox 563 2739 587 2758; x_wconf 90' lang='lat' dir='ltr'><strong>c.</strong></span> <span class='ocrx_word' id='word_1_366' title='bbox 603 2731 812 2765; x_wconf 81' lang='lat' dir='ltr'><strong>Cbrysostomo,</strong></span> <span class='ocrx_word' id='word_1_367' title='bbox 824 2733 889 2762; x_wconf 85' lang='lat' dir='ltr'><strong>etc.,</strong></span> 
     </span>
    </p>
   </div>
   <div class='ocr_carea' id='block_1_56' title="bbox 108 2777 891 2813">
    <p class='ocr_par' dir='ltr' id='par_1_56' title="bbox 108 2777 891 2813">
     <span class='ocr_line' id='line_1_56' title="bbox 108 2777 891 2813; baseline -0.004 -8"><span class='ocrx_word' id='word_1_368' title='bbox 108 2779 185 2813; x_wconf 79' lang='lat' dir='ltr'><strong>petiit.</strong></span> <span class='ocrx_word' id='word_1_369' title='bbox 196 2778 266 2806; x_wconf 77' lang='lat' dir='ltr'><strong>Vide</strong></span> <span class='ocrx_word' id='word_1_370' title='bbox 283 2786 315 2805; x_wconf 85' lang='lat' dir='ltr'><strong>ex</strong></span> <span class='ocrx_word' id='word_1_371' title='bbox 330 2786 371 2813; x_wconf 74' lang='lat' dir='ltr'><strong>gr.</strong></span> <span class='ocrx_word' id='word_1_372' title='bbox 385 2777 454 2804; x_wconf 79' lang='lat' dir='ltr'><strong>infra</strong></span> <span class='ocrx_word' id='word_1_373' title='bbox 470 2786 497 2812; x_wconf 88' lang='lat' dir='ltr'><strong>p.</strong></span> <span class='ocrx_word' id='word_1_374' title='bbox 517 2777 579 2809; x_wconf 79' lang='lat'><strong>750,</strong></span> <span class='ocrx_word' id='word_1_375' title='bbox 595 2777 658 2804; x_wconf 84' lang='lat'><strong>800.</strong></span> <span class='ocrx_word' id='word_1_376' title='bbox 676 2777 705 2804; x_wconf 86' lang='lat' dir='ltr'><strong>ld</strong></span> <span class='ocrx_word' id='word_1_377' title='bbox 717 2781 823 2804; x_wconf 79' lang='lat' dir='ltr'><strong>eertum</strong></span> <span class='ocrx_word' id='word_1_378' title='bbox 837 2780 891 2806; x_wconf 84' lang='lat' dir='ltr'><strong>est.</strong></span> 
     </span>
    </p>
   </div>
   <div class='ocr_carea' id='block_1_57' title="bbox 108 2821 890 2860">
    <p class='ocr_par' dir='ltr' id='par_1_57' title="bbox 108 2821 890 2860">
     <span class='ocr_line' id='line_1_57' title="bbox 108 2821 890 2860; baseline -0.005 -8"><span class='ocrx_word' id='word_1_379' title='bbox 108 2825 302 2860; x_wconf 74' lang='lat' dir='ltr'><strong>Amphilochia,</strong></span> <span class='ocrx_word' id='word_1_380' title='bbox 327 2824 455 2858; x_wconf 82' lang='lat' dir='ltr'><strong>episcopo</strong></span> <span class='ocrx_word' id='word_1_381' title='bbox 479 2824 635 2855; x_wconf 82' lang='lat' dir='ltr'><strong>lconiensi,</strong></span> <span class='ocrx_word' id='word_1_382' title='bbox 665 2831 719 2850; x_wconf 90' lang='lat' dir='ltr'><strong>non</strong></span> <span class='ocrx_word' id='word_1_383' title='bbox 747 2821 890 2849; x_wconf 85' lang='lat' dir='ltr'><strong>tribuenda</strong></span> 
     </span>
    </p>
   </div>
   <div class='ocr_carea' id='block_1_58' title="bbox 109 2868 889 2907">
    <p class='ocr_par' dir='ltr' id='par_1_58' title="bbox 109 2868 889 2907">
     <span class='ocr_line' id='line_1_58' title="bbox 109 2868 889 2907; baseline -0.004 -7"><span class='ocrx_word' id='word_1_384' title='bbox 109 2878 173 2905; x_wconf 61' lang='lat' dir='ltr'><strong>case,</strong></span> <span class='ocrx_word' id='word_1_385' title='bbox 198 2879 260 2907; x_wconf 75' lang='lat' dir='ltr'><strong>qua:</strong></span> <span class='ocrx_word' id='word_1_386' title='bbox 282 2871 308 2898; x_wconf 89' lang='lat' dir='ltr'><strong>in</strong></span> <span class='ocrx_word' id='word_1_387' title='bbox 336 2869 527 2905; x_wconf 71' lang='lat' dir='ltr'><strong>Amphitochiis</strong></span> <span class='ocrx_word' id='word_1_388' title='bbox 544 2871 680 2906; x_wconf 75' lang='lat' dir='ltr'><strong>leguntur.</strong></span> <span class='ocrx_word' id='word_1_389' title='bbox 699 2868 755 2896; x_wconf 88' lang='lat' dir='ltr'><strong>lloc</strong></span> <span class='ocrx_word' id='word_1_390' title='bbox 778 2868 889 2904; x_wconf 84' lang='lat' dir='ltr'><strong>quidem</strong></span> 
     </span>
    </p>
   </div>
   <div class='ocr_carea' id='block_1_59' title="bbox 922 647 1714 683">
    <p class='ocr_par' dir='ltr' id='par_1_59' title="bbox 922 647 1714 683">
     <span class='ocr_line' id='line_1_59' title="bbox 922 647 1714 683; baseline 0.001 -9"><span class='ocrx_word' id='word_1_391' title='bbox 922 647 959 675; x_wconf 85' lang='lat' dir='ltr'><strong>De</strong></span> <span class='ocrx_word' id='word_1_392' title='bbox 974 648 1205 683; x_wconf 82' lang='lat' dir='ltr'><strong>incircumscripta</strong></span> <span class='ocrx_word' id='word_1_393' title='bbox 1226 647 1291 676; x_wconf 83' lang='lat' dir='ltr'><strong>Filii</strong></span> <span class='ocrx_word' id='word_1_394' title='bbox 1313 647 1417 675; x_wconf 84' lang='lat' dir='ltr'><strong>Deitate</strong></span> <span class='ocrx_word' id='word_1_395' title='bbox 1438 648 1510 674; x_wconf 91' lang='lat' dir='ltr'><strong>inter</strong></span> <span class='ocrx_word' id='word_1_396' title='bbox 1530 648 1714 682; x_wconf 80' lang='lat' dir='ltr'><strong>Amphilochii</strong></span> 
     </span>
    </p>
   </div>
   <div class='ocr_carea' id='block_1_60' title="bbox 923 695 1716 731">
    <p class='ocr_par' dir='ltr' id='par_1_60' title="bbox 923 695 1716 731">
     <span class='ocr_line' id='line_1_60' title="bbox 923 695 1716 731; baseline -0.001 -9"><span class='ocrx_word' id='word_1_397' title='bbox 923 695 1065 730; x_wconf 64' lang='lat' dir='ltr'><strong>Erret-pta,</strong></span> <span class='ocrx_word' id='word_1_398' title='bbox 1081 704 1109 731; x_wconf 90' lang='lat' dir='ltr'><strong>p.</strong></span> <span class='ocrx_word' id='word_1_399' title='bbox 1122 695 1175 722; x_wconf 70' lang='lat'><strong>226</strong></span> <span class='ocrx_word' id='word_1_400' title='bbox 1201 704 1314 731; x_wconf 89' lang='lat' dir='ltr'><strong>operum</strong></span> <span class='ocrx_word' id='word_1_401' title='bbox 1330 696 1391 730; x_wconf 88' lang='lat' dir='ltr'><strong>ejus</strong></span> <span class='ocrx_word' id='word_1_402' title='bbox 1418 695 1552 728; x_wconf 85' lang='lat' dir='ltr'><strong>exhibuit,</strong></span> <span class='ocrx_word' id='word_1_403' title='bbox 1568 700 1641 722; x_wconf 88' lang='lat' dir='ltr'><strong>recte</strong></span> <span class='ocrx_word' id='word_1_404' title='bbox 1655 695 1716 722; x_wconf 88' lang='lat' dir='ltr'><strong>ideo</strong></span> 
     </span>
    </p>
   </div>
   <div class='ocr_carea' id='block_1_61' title="bbox 923 741 1716 770">
    <p class='ocr_par' dir='ltr' id='par_1_61' title="bbox 923 741 1716 770">
     <span class='ocr_line' id='line_1_61' title="bbox 923 741 1716 770; baseline -0.001 -2"><span class='ocrx_word' id='word_1_405' title='bbox 923 748 1034 769; x_wconf 86' lang='lat' dir='ltr'><strong>notatus</strong></span> <span class='ocrx_word' id='word_1_406' title='bbox 1049 742 1083 769; x_wconf 88' lang='lat' dir='ltr'><strong>ab</strong></span> <span class='ocrx_word' id='word_1_407' title='bbox 1102 742 1201 769; x_wconf 80' lang='lat' dir='ltr'><strong>Allatio</strong></span> <span class='ocrx_word' id='word_1_408' title='bbox 1214 743 1252 769; x_wconf 89' lang='lat' dir='ltr'><strong>De</strong></span> <span class='ocrx_word' id='word_1_409' title='bbox 1271 743 1440 770; x_wconf 76' lang='lat' dir='ltr'><strong>consensione</strong></span> <span class='ocrx_word' id='word_1_410' title='bbox 1458 742 1559 769; x_wconf 81' lang='lat' dir='ltr'><strong>Eccles.</strong></span> <span class='ocrx_word' id='word_1_411' title='bbox 1580 741 1672 769; x_wconf 80' lang='lat' dir='ltr'><strong>Occid.</strong></span> <span class='ocrx_word' id='word_1_412' title='bbox 1691 747 1716 768; x_wconf 87' lang='lat' dir='ltr'><strong>et</strong></span> 
     </span>
    </p>
   </div>
   <div class='ocr_carea' id='block_1_62' title="bbox 924 784 1716 821">
    <p class='ocr_par' dir='ltr' id='par_1_62' title="bbox 924 784 1716 821">
     <span class='ocr_line' id='line_1_62' title="bbox 924 784 1716 821; baseline 0.001 -10"><span class='ocrx_word' id='word_1_413' title='bbox 924 784 1026 812; x_wconf 81' lang='lat' dir='ltr'><strong>Orient.</strong></span> <span class='ocrx_word' id='word_1_414' title='bbox 1043 793 1069 820; x_wconf 90' lang='lat' dir='ltr'><strong>p.</strong></span> <span class='ocrx_word' id='word_1_415' title='bbox 1086 786 1148 813; x_wconf 81' lang='lat'><strong>576.</strong></span> <span class='ocrx_word' id='word_1_416' title='bbox 1165 786 1200 812; x_wconf 83' lang='lat' dir='ltr'><strong>At</strong></span> <span class='ocrx_word' id='word_1_417' title='bbox 1213 786 1270 821; x_wconf 83' lang='lat' dir='ltr'><strong>ipse</strong></span> <span class='ocrx_word' id='word_1_418' title='bbox 1288 787 1472 814; x_wconf 87' lang='lat' dir='ltr'><strong>Combelisius</strong></span> <span class='ocrx_word' id='word_1_419' title='bbox 1495 794 1616 814; x_wconf 86' lang='lat' dir='ltr'><strong>errorem</strong></span> <span class='ocrx_word' id='word_1_420' title='bbox 1635 794 1716 813; x_wconf 87' lang='lat' dir='ltr'><strong>suum</strong></span> 
     </span>
    </p>
   </div>
   <div class='ocr_carea' id='block_1_63' title="bbox 924 831 1717 866">
    <p class='ocr_par' dir='ltr' id='par_1_63' title="bbox 924 831 1717 866">
     <span class='ocr_line' id='line_1_63' title="bbox 924 831 1717 866; baseline 0.001 -8"><span class='ocrx_word' id='word_1_421' title='bbox 924 833 1035 866; x_wconf 72' lang='lat' dir='ltr'><strong>agnovit</strong></span> <span class='ocrx_word' id='word_1_422' title='bbox 1047 833 1074 859; x_wconf 94' lang='lat' dir='ltr'><strong>in</strong></span> <span class='ocrx_word' id='word_1_423' title='bbox 1093 831 1237 860; x_wconf 78' lang='lat' dir='ltr'><strong>Reccnsitis</strong></span> <span class='ocrx_word' id='word_1_424' title='bbox 1254 834 1406 860; x_wconf 78' lang='lat' dir='ltr'><strong>auctoribus</strong></span> <span class='ocrx_word' id='word_1_425' title='bbox 1420 834 1590 861; x_wconf 77' lang='lat' dir='ltr'><strong>Bibliotheca:</strong></span> <span class='ocrx_word' id='word_1_426' title='bbox 1604 833 1717 859; x_wconf 81' lang='lat' dir='ltr'><strong>Patrum</strong></span> 
     </span>
    </p>
   </div>
   <div class='ocr_carea' id='block_1_64' title="bbox 924 877 1719 915">
    <p class='ocr_par' dir='ltr' id='par_1_64' title="bbox 924 877 1719 915">
     <span class='ocr_line' id='line_1_64' title="bbox 924 877 1719 915; baseline 0.001 -11"><span class='ocrx_word' id='word_1_427' title='bbox 924 877 1148 911; x_wconf 73' lang='lat' dir='ltr'><strong>Concionutorire,</strong></span> <span class='ocrx_word' id='word_1_428' title='bbox 1167 888 1194 914; x_wconf 88' lang='lat' dir='ltr'><strong>p.</strong></span> <span class='ocrx_word' id='word_1_429' title='bbox 1209 879 1270 912; x_wconf 68' lang='grc'><strong>152,</strong></span> <span class='ocrx_word' id='word_1_430' title='bbox 1287 880 1334 915; x_wconf 87' lang='lat' dir='ltr'><strong>qui</strong></span> <span class='ocrx_word' id='word_1_431' title='bbox 1350 880 1458 907; x_wconf 87' lang='lat' dir='ltr'><strong>libellus</strong></span> <span class='ocrx_word' id='word_1_432' title='bbox 1477 879 1595 907; x_wconf 88' lang='lat' dir='ltr'><strong>seorsim</strong></span> <span class='ocrx_word' id='word_1_433' title='bbox 1618 879 1719 914; x_wconf 87' lang='lat' dir='ltr'><strong>prodiit</strong></span> 
     </span>
    </p>
   </div>
   <div class='ocr_carea' id='block_1_65' title="bbox 923 923 1180 957">
    <p class='ocr_par' dir='ltr' id='par_1_65' title="bbox 923 923 1180 957">
     <span class='ocr_line' id='line_1_65' title="bbox 923 923 1180 957; baseline 0.008 -6"><span class='ocrx_word' id='word_1_434' title='bbox 923 923 1039 952; x_wconf 87' lang='lat' dir='ltr'><strong>Parisiis</strong></span> <span class='ocrx_word' id='word_1_435' title='bbox 1058 925 1138 957; x_wconf 74' lang='lat'><strong>1662,</strong></span> <span class='ocrx_word' id='word_1_436' title='bbox 1152 925 1180 953; x_wconf 90' lang='lat'><strong>8.</strong></span> 
     </span>
    </p>
   </div>
   <div class='ocr_carea' id='block_1_66' title="bbox 960 980 1718 1017">
    <p class='ocr_par' dir='ltr' id='par_1_66' title="bbox 960 980 1718 1017">
     <span class='ocr_line' id='line_1_66' title="bbox 960 980 1718 1017; baseline 0.003 -9"><span class='ocrx_word' id='word_1_437' title='bbox 960 980 1037 1014; x_wconf 88' lang='lat' dir='ltr'><strong>Quod</strong></span> <span class='ocrx_word' id='word_1_438' title='bbox 1051 982 1084 1008; x_wconf 93' lang='lat' dir='ltr'><strong>ad</strong></span> <span class='ocrx_word' id='word_1_439' title='bbox 1109 985 1302 1016; x_wconf 81' lang='lat' dir='ltr'><strong>argumentum</strong></span> <span class='ocrx_word' id='word_1_440' title='bbox 1319 981 1490 1009; x_wconf 84' lang='lat' dir='ltr'><strong>collectionis</strong></span> <span class='ocrx_word' id='word_1_441' title='bbox 1508 983 1592 1016; x_wconf 87' lang='lat' dir='ltr'><strong>hujus</strong></span> <span class='ocrx_word' id='word_1_442' title='bbox 1604 987 1718 1017; x_wconf 81' lang='lat' dir='ltr'><strong>spectat,</strong></span> 
     </span>
    </p>
   </div>
   <div class='ocr_carea' id='block_1_67' title="bbox 925 1028 1719 1063">
    <p class='ocr_par' dir='ltr' id='par_1_67' title="bbox 925 1028 1719 1063">
     <span class='ocr_line' id='line_1_67' title="bbox 925 1028 1719 1063; baseline 0 -7"><span class='ocrx_word' id='word_1_443' title='bbox 925 1029 1044 1056; x_wconf 86' lang='lat' dir='ltr'><strong>maxima</strong></span> <span class='ocrx_word' id='word_1_444' title='bbox 1062 1028 1139 1055; x_wconf 90' lang='lat' dir='ltr'><strong>illius</strong></span> <span class='ocrx_word' id='word_1_445' title='bbox 1157 1037 1222 1063; x_wconf 85' lang='lat' dir='ltr'><strong>pars</strong></span> <span class='ocrx_word' id='word_1_446' title='bbox 1236 1029 1262 1055; x_wconf 90' lang='lat' dir='ltr'><strong>in</strong></span> <span class='ocrx_word' id='word_1_447' title='bbox 1283 1028 1454 1056; x_wconf 76' lang='lat' dir='ltr'><strong>illustrandis</strong></span> <span class='ocrx_word' id='word_1_448' title='bbox 1472 1028 1577 1057; x_wconf 87' lang='lat' dir='ltr'><strong>Veteris</strong></span> <span class='ocrx_word' id='word_1_449' title='bbox 1599 1035 1626 1056; x_wconf 89' lang='lat' dir='ltr'><strong>et</strong></span> <span class='ocrx_word' id='word_1_450' title='bbox 1650 1029 1719 1056; x_wconf 88' lang='lat' dir='ltr'><strong>Novi</strong></span> 
     </span>
    </p>
   </div>
   <div class='ocr_carea' id='block_1_68' title="bbox 925 1075 1719 1110">
    <p class='ocr_par' dir='ltr' id='par_1_68' title="bbox 925 1075 1719 1110">
     <span class='ocr_line' id='line_1_68' title="bbox 925 1075 1719 1110; baseline 0.001 -8"><span class='ocrx_word' id='word_1_451' title='bbox 925 1075 1102 1102; x_wconf 88' lang='lat' dir='ltr'><strong>lnstrumenti</strong></span> <span class='ocrx_word' id='word_1_452' title='bbox 1120 1075 1238 1102; x_wconf 85' lang='lat' dir='ltr'><strong>oraculis</strong></span> <span class='ocrx_word' id='word_1_453' title='bbox 1262 1075 1461 1102; x_wconf 79' lang='lat' dir='ltr'><strong>difﬁcilioribus</strong></span> <span class='ocrx_word' id='word_1_454' title='bbox 1482 1081 1641 1110; x_wconf 86' lang='lat' dir='ltr'><strong>occupatur.</strong></span> <span class='ocrx_word' id='word_1_455' title='bbox 1661 1076 1719 1103; x_wconf 74' lang='lat' dir='ltr'><strong>[te-</strong></span> 
     </span>
    </p>
   </div>
   <div class='ocr_carea' id='block_1_69' title="bbox 926 1121 1719 1156">
    <p class='ocr_par' dir='ltr' id='par_1_69' title="bbox 926 1121 1719 1156">
     <span class='ocr_line' id='line_1_69' title="bbox 926 1121 1719 1156; baseline 0.001 -9"><span class='ocrx_word' id='word_1_456' title='bbox 926 1121 1000 1156; x_wconf 88' lang='lat' dir='ltr'><strong>liqua</strong></span> <span class='ocrx_word' id='word_1_457' title='bbox 1016 1128 1080 1155; x_wconf 87' lang='lat' dir='ltr'><strong>pars</strong></span> <span class='ocrx_word' id='word_1_458' title='bbox 1095 1129 1168 1148; x_wconf 87' lang='lat' dir='ltr'><strong>nunc</strong></span> <span class='ocrx_word' id='word_1_459' title='bbox 1180 1121 1345 1155; x_wconf 74' lang='lat' dir='ltr'><strong>theologica,</strong></span> <span class='ocrx_word' id='word_1_460' title='bbox 1362 1129 1434 1148; x_wconf 89' lang='lat' dir='ltr'><strong>nunc</strong></span> <span class='ocrx_word' id='word_1_461' title='bbox 1447 1122 1636 1156; x_wconf 82' lang='lat' dir='ltr'><strong>philosophica</strong></span> <span class='ocrx_word' id='word_1_462' title='bbox 1651 1122 1719 1148; x_wconf 88' lang='lat' dir='ltr'><strong>varii</strong></span> 
     </span>
    </p>
   </div>
   <div class='ocr_carea' id='block_1_70' title="bbox 926 1167 1721 1201">
    <p class='ocr_par' dir='ltr' id='par_1_70' title="bbox 926 1167 1721 1201">
     <span class='ocr_line' id='line_1_70' title="bbox 926 1167 1721 1201; baseline 0.003 -8"><span class='ocrx_word' id='word_1_463' title='bbox 926 1167 1045 1201; x_wconf 81' lang='lat' dir='ltr'><strong>generis,</strong></span> <span class='ocrx_word' id='word_1_464' title='bbox 1071 1175 1144 1193; x_wconf 85' lang='lat' dir='ltr'><strong>nunc</strong></span> <span class='ocrx_word' id='word_1_465' title='bbox 1170 1167 1361 1201; x_wconf 83' lang='lat' dir='ltr'><strong>grammatica,</strong></span> <span class='ocrx_word' id='word_1_466' title='bbox 1388 1175 1461 1194; x_wconf 91' lang='lat' dir='ltr'><strong>nunc</strong></span> <span class='ocrx_word' id='word_1_467' title='bbox 1487 1168 1616 1195; x_wconf 68' lang='lat' dir='ltr'><strong>Historia»:</strong></span> <span class='ocrx_word' id='word_1_468' title='bbox 1638 1168 1721 1195; x_wconf 80' lang='lat' dir='ltr'><strong>eccle-</strong></span> 
     </span>
    </p>
   </div>
   <div class='ocr_carea' id='block_1_71' title="bbox 926 1213 1544 1248">
    <p class='ocr_par' dir='ltr' id='par_1_71' title="bbox 926 1213 1544 1248">
     <span class='ocr_line' id='line_1_71' title="bbox 926 1213 1544 1248; baseline 0 -8"><span class='ocrx_word' id='word_1_469' title='bbox 926 1214 1042 1240; x_wconf 71' lang='lat' dir='ltr'><strong>siastica:</strong></span> <span class='ocrx_word' id='word_1_470' title='bbox 1059 1217 1083 1239; x_wconf 85' lang='lat' dir='ltr'><strong>et</strong></span> <span class='ocrx_word' id='word_1_471' title='bbox 1098 1213 1238 1240; x_wconf 74' lang='lat' dir='ltr'><strong>litterariw</strong></span> <span class='ocrx_word' id='word_1_472' title='bbox 1254 1214 1343 1247; x_wconf 87' lang='lat' dir='ltr'><strong>capita</strong></span> <span class='ocrx_word' id='word_1_473' title='bbox 1362 1215 1544 1248; x_wconf 87' lang='lat' dir='ltr'><strong>persequitur.</strong></span> 
     </span>
    </p>
   </div>
   <div class='ocr_carea' id='block_1_72' title="bbox 963 1259 1721 1294">
    <p class='ocr_par' dir='ltr' id='par_1_72' title="bbox 963 1259 1721 1294">
     <span class='ocr_line' id='line_1_72' title="bbox 963 1259 1721 1294; baseline 0 -8"><span class='ocrx_word' id='word_1_474' title='bbox 963 1259 1093 1286; x_wconf 85' lang='lat' dir='ltr'><strong>Collectio</strong></span> <span class='ocrx_word' id='word_1_475' title='bbox 1119 1259 1177 1294; x_wconf 83' lang='lat' dir='ltr'><strong>ipsa</strong></span> <span class='ocrx_word' id='word_1_476' title='bbox 1209 1267 1346 1294; x_wconf 80' lang='lat' dir='ltr'><strong>nunquam</strong></span> <span class='ocrx_word' id='word_1_477' title='bbox 1380 1259 1467 1286; x_wconf 78' lang='lat' dir='ltr'><strong>lucem</strong></span> <span class='ocrx_word' id='word_1_478' title='bbox 1497 1260 1572 1291; x_wconf 87' lang='lat' dir='ltr'><strong>vidit,</strong></span> <span class='ocrx_word' id='word_1_479' title='bbox 1593 1260 1721 1294; x_wconf 88' lang='lat' dir='ltr'><strong>quamvis</strong></span> 
     </span>
    </p>
   </div>
   <div class='ocr_carea' id='block_1_73' title="bbox 930 1304 1720 1332">
    <p class='ocr_par' dir='ltr' id='par_1_73' title="bbox 930 1304 1720 1332">
     <span class='ocr_line' id='line_1_73' title="bbox 930 1304 1720 1332; baseline 0 0"><span class='ocrx_word' id='word_1_480' title='bbox 930 1313 1012 1332; x_wconf 89' lang='lat' dir='ltr'><strong>manu</strong></span> <span class='ocrx_word' id='word_1_481' title='bbox 1028 1310 1139 1332; x_wconf 84' lang='lat' dir='ltr'><strong>exarata</strong></span> <span class='ocrx_word' id='word_1_482' title='bbox 1155 1305 1181 1331; x_wconf 89' lang='lat' dir='ltr'><strong>in</strong></span> <span class='ocrx_word' id='word_1_483' title='bbox 1200 1305 1283 1332; x_wconf 88' lang='lat' dir='ltr'><strong>variis</strong></span> <span class='ocrx_word' id='word_1_484' title='bbox 1296 1305 1468 1332; x_wconf 84' lang='lat' dir='ltr'><strong>bibliothecis</strong></span> <span class='ocrx_word' id='word_1_485' title='bbox 1483 1310 1580 1332; x_wconf 79' lang='lat' dir='ltr'><strong>exstet.</strong></span> <span class='ocrx_word' id='word_1_486' title='bbox 1594 1304 1622 1331; x_wconf 96' lang='lat' dir='ltr'><strong>ln</strong></span> <span class='ocrx_word' id='word_1_487' title='bbox 1634 1305 1720 1332; x_wconf 84' lang='lat' dir='ltr'><strong>Gallia</strong></span> 
     </span>
    </p>
   </div>
   <div class='ocr_carea' id='block_1_74' title="bbox 931 1351 1721 1380">
    <p class='ocr_par' dir='ltr' id='par_1_74' title="bbox 931 1351 1721 1380">
     <span class='ocr_line' id='line_1_74' title="bbox 931 1351 1721 1380; baseline 0 -2"><span class='ocrx_word' id='word_1_488' title='bbox 931 1352 1043 1380; x_wconf 80' lang='lat' dir='ltr'><strong>Parisiis</strong></span> <span class='ocrx_word' id='word_1_489' title='bbox 1056 1351 1234 1379; x_wconf 70' lang='lat' dir='ltr'><strong>bibliothocm</strong></span> <span class='ocrx_word' id='word_1_490' title='bbox 1247 1351 1406 1378; x_wconf 65' lang='lat' dir='ltr'><strong>Bolbertina</strong></span> <span class='ocrx_word' id='word_1_491' title='bbox 1418 1356 1445 1378; x_wconf 89' lang='lat' dir='ltr'><strong>et</strong></span> <span class='ocrx_word' id='word_1_492' title='bbox 1461 1351 1632 1378; x_wconf 77' lang='lat' dir='ltr'><strong>Cnisliniana</strong></span> <span class='ocrx_word' id='word_1_493' title='bbox 1649 1351 1721 1378; x_wconf 83' lang='lat' dir='ltr'><strong>illius</strong></span> 
     </span>
    </p>
   </div>
   <div class='ocr_carea' id='block_1_75' title="bbox 930 1393 1723 1431">
    <p class='ocr_par' dir='ltr' id='par_1_75' title="bbox 930 1393 1723 1431">
     <span class='ocr_line' id='line_1_75' title="bbox 930 1393 1723 1431; baseline -0.006 -6"><span class='ocrx_word' id='word_1_494' title='bbox 930 1397 1036 1431; x_wconf 85' lang='lat' dir='ltr'><strong>copiam</strong></span> <span class='ocrx_word' id='word_1_495' title='bbox 1053 1396 1169 1424; x_wconf 86' lang='lat' dir='ltr'><strong>faciunt.</strong></span> <span class='ocrx_word' id='word_1_496' title='bbox 1187 1395 1265 1422; x_wconf 86' lang='lat' dir='ltr'><strong>Prior</strong></span> <span class='ocrx_word' id='word_1_497' title='bbox 1282 1395 1309 1421; x_wconf 93' lang='lat' dir='ltr'><strong>in</strong></span> <span class='ocrx_word' id='word_1_498' title='bbox 1324 1395 1418 1422; x_wconf 81' lang='lat' dir='ltr'><strong>codice</strong></span> <span class='ocrx_word' id='word_1_499' title='bbox 1440 1395 1503 1427; x_wconf 61' lang='grc' dir='ltr'><strong>ΜΔ,</strong></span> <span class='ocrx_word' id='word_1_500' title='bbox 1517 1402 1599 1428; x_wconf 87' lang='lat' dir='ltr'><strong>quem</strong></span> <span class='ocrx_word' id='word_1_501' title='bbox 1621 1394 1658 1421; x_wconf 87' lang='lat' dir='ltr'><strong>ita</strong></span> <span class='ocrx_word' id='word_1_502' title='bbox 1675 1393 1723 1422; x_wconf 87' lang='lat' dir='ltr'><strong>de—</strong></span> 
     </span>
    </p>
   </div>
   <div class='ocr_carea' id='block_1_76' title="bbox 931 1440 1724 1477">
    <p class='ocr_par' dir='ltr' id='par_1_76' title="bbox 931 1440 1724 1477">
     <span class='ocr_line' id='line_1_76' title="bbox 931 1440 1724 1477; baseline -0.008 -5"><span class='ocrx_word' id='word_1_503' title='bbox 931 1444 1026 1472; x_wconf 87' lang='lat' dir='ltr'><strong>scribit</strong></span> <span class='ocrx_word' id='word_1_504' title='bbox 1052 1443 1095 1470; x_wconf 84' lang='lat' dir='ltr'><strong>Jo.</strong></span> <span class='ocrx_word' id='word_1_505' title='bbox 1123 1442 1244 1477; x_wconf 89' lang='lat' dir='ltr'><strong>Baptista</strong></span> <span class='ocrx_word' id='word_1_506' title='bbox 1274 1441 1427 1468; x_wconf 73' lang='lat' dir='ltr'><strong>Coteleiius</strong></span> <span class='ocrx_word' id='word_1_507' title='bbox 1457 1442 1483 1468; x_wconf 91' lang='lat' dir='ltr'><strong>in</strong></span> <span class='ocrx_word' id='word_1_508' title='bbox 1515 1440 1593 1468; x_wconf 87' lang='lat' dir='ltr'><strong>Notis</strong></span> <span class='ocrx_word' id='word_1_509' title='bbox 1618 1440 1651 1467; x_wconf 87' lang='lat' dir='ltr'><strong>ad</strong></span> <span class='ocrx_word' id='word_1_510' title='bbox 1679 1444 1724 1467; x_wconf 92' lang='lat' dir='ltr'><strong>to-</strong></span> 
     </span>
    </p>
   </div>
   <div class='ocr_carea' id='block_1_77' title="bbox 930 1484 1722 1521">
    <p class='ocr_par' dir='ltr' id='par_1_77' title="bbox 930 1484 1722 1521">
     <span class='ocr_line' id='line_1_77' title="bbox 930 1484 1722 1521; baseline -0.006 -4"><span class='ocrx_word' id='word_1_511' title='bbox 930 1498 1005 1518; x_wconf 90' lang='lat' dir='ltr'><strong>mum</strong></span> <span class='ocrx_word' id='word_1_512' title='bbox 1020 1490 1054 1516; x_wconf 91' lang='lat' dir='ltr'><strong>Ill</strong></span> <span class='ocrx_word' id='word_1_513' title='bbox 1068 1489 1298 1516; x_wconf 79' lang='lat' dir='ltr'><strong>Monumentorum</strong></span> <span class='ocrx_word' id='word_1_514' title='bbox 1314 1487 1439 1514; x_wconf 71' lang='lat' dir='ltr'><strong>Ecclesia:</strong></span> <span class='ocrx_word' id='word_1_515' title='bbox 1454 1486 1564 1519; x_wconf 64' lang='lat' dir='ltr'><strong>Grcam,</strong></span> <span class='ocrx_word' id='word_1_516' title='bbox 1585 1494 1644 1521; x_wconf 81' lang='lat' dir='ltr'><strong>pag.</strong></span> <span class='ocrx_word' id='word_1_517' title='bbox 1659 1484 1722 1514; x_wconf 75' lang='lat'><strong>556:</strong></span> 
     </span>
    </p>
   </div>
   <div class='ocr_carea' id='block_1_78' title="bbox 934 1532 1724 1563">
    <p class='ocr_par' dir='ltr' id='par_1_78' title="bbox 934 1532 1724 1563">
     <span class='ocr_line' id='line_1_78' title="bbox 934 1532 1724 1563; baseline -0.006 0"><span class='ocrx_word' id='word_1_518' title='bbox 934 1546 942 1562; x_wconf 79' lang='grc' dir='ltr'><strong>ι</strong></span> <span class='ocrx_word' id='word_1_519' title='bbox 967 1535 1106 1563; x_wconf 84' lang='lat' dir='ltr'><strong>Adversus</strong></span> <span class='ocrx_word' id='word_1_520' title='bbox 1122 1535 1320 1562; x_wconf 79' lang='lat' dir='ltr'><strong>Maniehaicam</strong></span> <span class='ocrx_word' id='word_1_521' title='bbox 1336 1534 1452 1560; x_wconf 63' lang='lat' dir='ltr'><strong>hmresin</strong></span> <span class='ocrx_word' id='word_1_522' title='bbox 1464 1533 1648 1560; x_wconf 84' lang='lat' dir='ltr'><strong>Paulicianam</strong></span> <span class='ocrx_word' id='word_1_523' title='bbox 1661 1532 1724 1558; x_wconf 88' lang='lat' dir='ltr'><strong>libri</strong></span> 
     </span>
    </p>
   </div>
   <div class='ocr_carea' id='block_1_79' title="bbox 930 1578 1725 1614">
    <p class='ocr_par' dir='ltr' id='par_1_79' title="bbox 930 1578 1725 1614">
     <span class='ocr_line' id='line_1_79' title="bbox 930 1578 1725 1614; baseline -0.004 -7"><span class='ocrx_word' id='word_1_524' title='bbox 930 1579 1019 1607; x_wconf 87' lang='lat' dir='ltr'><strong>Photii</strong></span> <span class='ocrx_word' id='word_1_525' title='bbox 1043 1583 1174 1614; x_wconf 87' lang='lat' dir='ltr'><strong>quatuor,</strong></span> <span class='ocrx_word' id='word_1_526' title='bbox 1198 1578 1343 1614; x_wconf 79' lang='lat' dir='ltr'><strong>Euthyniio</strong></span> <span class='ocrx_word' id='word_1_527' title='bbox 1372 1578 1509 1613; x_wconf 78' lang='lat' dir='ltr'><strong>Zigabeno</strong></span> <span class='ocrx_word' id='word_1_528' title='bbox 1533 1578 1594 1608; x_wconf 82' lang='lat' dir='ltr'><strong>visi,</strong></span> <span class='ocrx_word' id='word_1_529' title='bbox 1616 1581 1725 1604; x_wconf 79' lang='lat' dir='ltr'><strong>exstant</strong></span> 
     </span>
    </p>
   </div>
   <div class='ocr_carea' id='block_1_80' title="bbox 931 1623 1724 1658">
    <p class='ocr_par' dir='ltr' id='par_1_80' title="bbox 931 1623 1724 1658">
     <span class='ocr_line' id='line_1_80' title="bbox 931 1623 1724 1658; baseline -0.006 -4"><span class='ocrx_word' id='word_1_530' title='bbox 931 1627 992 1654; x_wconf 86' lang='lat' dir='ltr'><strong>cod.</strong></span> <span class='ocrx_word' id='word_1_531' title='bbox 1005 1626 1162 1653; x_wconf 87' lang='lat' dir='ltr'><strong>Colbertino</strong></span> <span class='ocrx_word' id='word_1_532' title='bbox 1182 1625 1244 1657; x_wconf 66' lang='lat' dir='ltr'><strong>4H,</strong></span> <span class='ocrx_word' id='word_1_533' title='bbox 1263 1633 1316 1652; x_wconf 82' lang='lat' dir='ltr'><strong>una</strong></span> <span class='ocrx_word' id='word_1_534' title='bbox 1337 1632 1401 1651; x_wconf 90' lang='lat' dir='ltr'><strong>cum</strong></span> <span class='ocrx_word' id='word_1_535' title='bbox 1424 1623 1548 1658; x_wconf 83' lang='lat' dir='ltr'><strong>ejusdem</strong></span> <span class='ocrx_word' id='word_1_536' title='bbox 1571 1623 1724 1650; x_wconf 83' lang='lat' dir='ltr'><strong>doctissimi</strong></span> 
     </span>
    </p>
   </div>
   <div class='ocr_carea' id='block_1_81' title="bbox 931 1669 1725 1706">
    <p class='ocr_par' dir='ltr' id='par_1_81' title="bbox 931 1669 1725 1706">
     <span class='ocr_line' id='line_1_81' title="bbox 931 1669 1725 1706; baseline -0.006 -7"><span class='ocrx_word' id='word_1_537' title='bbox 931 1673 981 1699; x_wconf 88' lang='lat' dir='ltr'><strong>viri</strong></span> <span class='ocrx_word' id='word_1_538' title='bbox 1009 1672 1213 1706; x_wconf 79' lang='lat' dir='ltr'><strong>Ampliilocltiis,</strong></span> <span class='ocrx_word' id='word_1_539' title='bbox 1244 1676 1272 1698; x_wconf 89' lang='lat' dir='ltr'><strong>ut</strong></span> <span class='ocrx_word' id='word_1_540' title='bbox 1299 1670 1463 1697; x_wconf 86' lang='lat' dir='ltr'><strong>certissimis</strong></span> <span class='ocrx_word' id='word_1_541' title='bbox 1488 1670 1598 1697; x_wconf 91' lang='lat' dir='ltr'><strong>indiciis</strong></span> <span class='ocrx_word' id='word_1_542' title='bbox 1628 1669 1725 1703; x_wconf 78' lang='lat' dir='ltr'><strong>depre-</strong></span> 
     </span>
    </p>
   </div>
   <div class='ocr_carea' id='block_1_82' title="bbox 932 1714 1724 1752">
    <p class='ocr_par' dir='ltr' id='par_1_82' title="bbox 932 1714 1724 1752">
     <span class='ocr_line' id='line_1_82' title="bbox 932 1714 1724 1752; baseline -0.008 -6"><span class='ocrx_word' id='word_1_543' title='bbox 932 1718 1025 1750; x_wconf 85' lang='lat' dir='ltr'><strong>bendi,</strong></span> <span class='ocrx_word' id='word_1_544' title='bbox 1038 1718 1164 1752; x_wconf 84' lang='lat' dir='ltr'><strong>quamvis</strong></span> <span class='ocrx_word' id='word_1_545' title='bbox 1189 1717 1282 1747; x_wconf 84' lang='lat' dir='ltr'><strong>titulo,</strong></span> <span class='ocrx_word' id='word_1_546' title='bbox 1305 1717 1404 1751; x_wconf 87' lang='lat' dir='ltr'><strong>capite,</strong></span> <span class='ocrx_word' id='word_1_547' title='bbox 1424 1715 1511 1742; x_wconf 87' lang='lat' dir='ltr'><strong>cauda</strong></span> <span class='ocrx_word' id='word_1_548' title='bbox 1541 1721 1636 1742; x_wconf 84' lang='lat' dir='ltr'><strong>trunca</strong></span> <span class='ocrx_word' id='word_1_549' title='bbox 1659 1714 1724 1741; x_wconf 80' lang='lat' dir='ltr'><strong>sint.</strong></span> 
     </span>
    </p>
   </div>
   <div class='ocr_carea' id='block_1_83' title="bbox 931 1760 1725 1796">
    <p class='ocr_par' dir='ltr' id='par_1_83' title="bbox 931 1760 1725 1796">
     <span class='ocr_line' id='line_1_83' title="bbox 931 1760 1725 1796; baseline -0.006 -5"><span class='ocrx_word' id='word_1_550' title='bbox 931 1764 1070 1791; x_wconf 84' lang='lat' dir='ltr'><strong>Posterior</strong></span> <span class='ocrx_word' id='word_1_551' title='bbox 1083 1764 1109 1791; x_wconf 92' lang='lat' dir='ltr'><strong>in</strong></span> <span class='ocrx_word' id='word_1_552' title='bbox 1128 1763 1222 1790; x_wconf 84' lang='lat' dir='ltr'><strong>codice</strong></span> <span class='ocrx_word' id='word_1_553' title='bbox 1238 1763 1302 1795; x_wconf 67' lang='lat'><strong>2&#39;10,</strong></span> <span class='ocrx_word' id='word_1_554' title='bbox 1328 1762 1396 1789; x_wconf 90' lang='lat' dir='ltr'><strong>olim</strong></span> <span class='ocrx_word' id='word_1_555' title='bbox 1423 1762 1474 1788; x_wconf 75' lang='lat' dir='ltr'><strong>l39</strong></span> <span class='ocrx_word' id='word_1_556' title='bbox 1503 1769 1535 1788; x_wconf 82' lang='lat' dir='ltr'><strong>ex</strong></span> <span class='ocrx_word' id='word_1_557' title='bbox 1560 1769 1626 1796; x_wconf 83' lang='lat' dir='ltr'><strong>quo,</strong></span> <span class='ocrx_word' id='word_1_558' title='bbox 1651 1760 1725 1794; x_wconf 89' lang='lat' dir='ltr'><strong>quod</strong></span> 
     </span>
    </p>
   </div>
   <div class='ocr_carea' id='block_1_84' title="bbox 933 1805 1727 1839">
    <p class='ocr_par' dir='ltr' id='par_1_84' title="bbox 933 1805 1727 1839">
     <span class='ocr_line' id='line_1_84' title="bbox 933 1805 1727 1839; baseline -0.006 -3"><span class='ocrx_word' id='word_1_559' title='bbox 933 1810 1014 1836; x_wconf 89' lang='lat' dir='ltr'><strong>modo</strong></span> <span class='ocrx_word' id='word_1_560' title='bbox 1033 1809 1204 1839; x_wconf 88' lang='lat' dir='ltr'><strong>monuimus,</strong></span> <span class='ocrx_word' id='word_1_561' title='bbox 1229 1807 1387 1834; x_wconf 81' lang='lat' dir='ltr'><strong>Bernardus</strong></span> <span class='ocrx_word' id='word_1_562' title='bbox 1405 1806 1636 1833; x_wconf 79' lang='lat' dir='ltr'><strong>lllontefalconius</strong></span> <span class='ocrx_word' id='word_1_563' title='bbox 1652 1810 1678 1832; x_wconf 90' lang='lat' dir='ltr'><strong>et</strong></span> <span class='ocrx_word' id='word_1_564' title='bbox 1692 1805 1727 1832; x_wconf 93' lang='lat' dir='ltr'><strong>ti-</strong></span> 
     </span>
    </p>
   </div>
   <div class='ocr_carea' id='block_1_85' title="bbox 933 1852 1727 1887">
    <p class='ocr_par' dir='ltr' id='par_1_85' title="bbox 933 1852 1727 1887">
     <span class='ocr_line' id='line_1_85' title="bbox 933 1852 1727 1887; baseline -0.008 -5"><span class='ocrx_word' id='word_1_565' title='bbox 933 1856 1005 1883; x_wconf 86' lang='lat' dir='ltr'><strong>tulos</strong></span> <span class='ocrx_word' id='word_1_566' title='bbox 1017 1859 1043 1881; x_wconf 88' lang='lat' dir='ltr'><strong>et</strong></span> <span class='ocrx_word' id='word_1_567' title='bbox 1058 1854 1134 1881; x_wconf 88' lang='lat' dir='ltr'><strong>initia</strong></span> <span class='ocrx_word' id='word_1_568' title='bbox 1157 1853 1209 1881; x_wconf 81' lang='lat'><strong>308</strong></span> <span class='ocrx_word' id='word_1_569' title='bbox 1234 1852 1440 1887; x_wconf 78' lang='lat' dir='ltr'><strong>Responsorum</strong></span> <span class='ocrx_word' id='word_1_570' title='bbox 1461 1852 1587 1878; x_wconf 82' lang='lat' dir='ltr'><strong>exhibuit</strong></span> <span class='ocrx_word' id='word_1_571' title='bbox 1603 1852 1630 1878; x_wconf 92' lang='lat' dir='ltr'><strong>in</strong></span> <span class='ocrx_word' id='word_1_572' title='bbox 1647 1852 1727 1877; x_wconf 78' lang='lat' dir='ltr'><strong>Cata-</strong></span> 
     </span>
    </p>
   </div>
   <div class='ocr_carea' id='block_1_86' title="bbox 932 1897 1725 1936">
    <p class='ocr_par' dir='ltr' id='par_1_86' title="bbox 932 1897 1725 1936">
     <span class='ocr_line' id='line_1_86' title="bbox 932 1897 1725 1936; baseline -0.008 -8"><span class='ocrx_word' id='word_1_573' title='bbox 932 1901 994 1936; x_wconf 81' lang='lat' dir='ltr'><strong>logo</strong></span> <span class='ocrx_word' id='word_1_574' title='bbox 1008 1900 1137 1927; x_wconf 85' lang='lat' dir='ltr'><strong>Bibliotb.</strong></span> <span class='ocrx_word' id='word_1_575' title='bbox 1149 1899 1334 1931; x_wconf 72' lang='lat' dir='ltr'><strong>Coislinianaa,</strong></span> <span class='ocrx_word' id='word_1_576' title='bbox 1349 1906 1409 1933; x_wconf 76' lang='lat' dir='ltr'><strong>pag.</strong></span> <span class='ocrx_word' id='word_1_577' title='bbox 1423 1898 1475 1924; x_wconf 75' lang='lat'><strong>5‘25</strong></span> <span class='ocrx_word' id='word_1_578' title='bbox 1487 1905 1575 1932; x_wconf 75' lang='lat' dir='ltr'><strong>scqq.,</strong></span> <span class='ocrx_word' id='word_1_579' title='bbox 1585 1897 1725 1931; x_wconf 80' lang='lat' dir='ltr'><strong>subjectis,</strong></span> 
     </span>
    </p>
   </div>
   <div class='ocr_carea' id='block_1_87' title="bbox 933 1943 1725 1982">
    <p class='ocr_par' dir='ltr' id='par_1_87' title="bbox 933 1943 1725 1982">
     <span class='ocr_line' id='line_1_87' title="bbox 933 1943 1725 1982; baseline -0.008 -7"><span class='ocrx_word' id='word_1_580' title='bbox 933 1946 1091 1982; x_wconf 87' lang='lat' dir='ltr'><strong>speciminis</strong></span> <span class='ocrx_word' id='word_1_581' title='bbox 1115 1947 1187 1979; x_wconf 84' lang='lat' dir='ltr'><strong>loco,</strong></span> <span class='ocrx_word' id='word_1_582' title='bbox 1208 1950 1326 1980; x_wconf 86' lang='lat' dir='ltr'><strong>quatuor</strong></span> <span class='ocrx_word' id='word_1_583' title='bbox 1350 1944 1512 1979; x_wconf 79' lang='lat' dir='ltr'><strong>Responsis.</strong></span> <span class='ocrx_word' id='word_1_584' title='bbox 1537 1951 1563 1978; x_wconf 82' lang='lat' dir='ltr'><strong>p.</strong></span> <span class='ocrx_word' id='word_1_585' title='bbox 1581 1943 1633 1970; x_wconf 68' lang='grc'><strong>546</strong></span> <span class='ocrx_word' id='word_1_586' title='bbox 1648 1951 1725 1977; x_wconf 86' lang='lat' dir='ltr'><strong>seqq.</strong></span> 
     </span>
    </p>
   </div>
   <div class='ocr_carea' id='block_1_88' title="bbox 937 1989 1727 2027">
    <p class='ocr_par' dir='ltr' id='par_1_88' title="bbox 937 1989 1727 2027">
     <span class='ocr_line' id='line_1_88' title="bbox 937 1989 1727 2027; baseline -0.004 -9"><span class='ocrx_word' id='word_1_587' title='bbox 937 2000 997 2027; x_wconf 66' lang='lat' dir='ltr'><strong>quae</strong></span> <span class='ocrx_word' id='word_1_588' title='bbox 1022 1999 1083 2018; x_wconf 86' lang='lat' dir='ltr'><strong>mox</strong></span> <span class='ocrx_word' id='word_1_589' title='bbox 1114 1991 1326 2026; x_wconf 85' lang='lat' dir='ltr'><strong>appellabimus.</strong></span> <span class='ocrx_word' id='word_1_590' title='bbox 1353 1990 1382 2017; x_wconf 87' lang='lat' dir='ltr'><strong>ln</strong></span> <span class='ocrx_word' id='word_1_591' title='bbox 1409 1990 1485 2016; x_wconf 87' lang='lat' dir='ltr'><strong>Italia</strong></span> <span class='ocrx_word' id='word_1_592' title='bbox 1512 1990 1598 2016; x_wconf 76' lang='lat' dir='ltr'><strong>Roma</strong></span> <span class='ocrx_word' id='word_1_593' title='bbox 1628 1989 1727 2023; x_wconf 78' lang='lat' dir='ltr'><strong>duplex</strong></span> 
     </span>
    </p>
   </div>
   <div class='ocr_carea' id='block_1_89' title="bbox 937 2035 1728 2073">
    <p class='ocr_par' dir='ltr' id='par_1_89' title="bbox 937 2035 1728 2073">
     <span class='ocr_line' id='line_1_89' title="bbox 937 2035 1728 2073; baseline -0.005 -8"><span class='ocrx_word' id='word_1_594' title='bbox 937 2038 1027 2073; x_wconf 84' lang='lat' dir='ltr'><strong>operis</strong></span> <span class='ocrx_word' id='word_1_595' title='bbox 1045 2038 1200 2072; x_wconf 86' lang='lat' dir='ltr'><strong>exemplum</strong></span> <span class='ocrx_word' id='word_1_596' title='bbox 1217 2036 1345 2067; x_wconf 80' lang='lat' dir='ltr'><strong>exhibet;</strong></span> <span class='ocrx_word' id='word_1_597' title='bbox 1371 2036 1487 2063; x_wconf 82' lang='lat' dir='ltr'><strong>alterum</strong></span> <span class='ocrx_word' id='word_1_598' title='bbox 1511 2035 1538 2062; x_wconf 90' lang='lat' dir='ltr'><strong>in</strong></span> <span class='ocrx_word' id='word_1_599' title='bbox 1558 2035 1728 2062; x_wconf 77' lang='lat' dir='ltr'><strong>Bibliotheca</strong></span> 
     </span>
    </p>
   </div>
   <div class='ocr_carea' id='block_1_90' title="bbox 938 2081 1727 2116">
    <p class='ocr_par' dir='ltr' id='par_1_90' title="bbox 938 2081 1727 2116">
     <span class='ocr_line' id='line_1_90' title="bbox 938 2081 1727 2116; baseline -0.005 -5"><span class='ocrx_word' id='word_1_600' title='bbox 938 2083 1080 2115; x_wconf 84' lang='lat' dir='ltr'><strong>Vaticana,</strong></span> <span class='ocrx_word' id='word_1_601' title='bbox 1097 2084 1213 2110; x_wconf 80' lang='lat' dir='ltr'><strong>alterum</strong></span> <span class='ocrx_word' id='word_1_602' title='bbox 1229 2082 1254 2109; x_wconf 93' lang='lat' dir='ltr'><strong>in</strong></span> <span class='ocrx_word' id='word_1_603' title='bbox 1277 2081 1436 2113; x_wconf 84' lang='lat' dir='ltr'><strong>Barberina,</strong></span> <span class='ocrx_word' id='word_1_604' title='bbox 1453 2088 1535 2116; x_wconf 85' lang='lat' dir='ltr'><strong>atque</strong></span> <span class='ocrx_word' id='word_1_605' title='bbox 1552 2082 1602 2108; x_wconf 90' lang='lat' dir='ltr'><strong>hoc</strong></span> <span class='ocrx_word' id='word_1_606' title='bbox 1614 2082 1727 2116; x_wconf 85' lang='lat' dir='ltr'><strong>quidem</strong></span> 
     </span>
    </p>
   </div>
   <div class='ocr_carea' id='block_1_91' title="bbox 938 2127 1730 2162">
    <p class='ocr_par' dir='ltr' id='par_1_91' title="bbox 938 2127 1730 2162">
     <span class='ocr_line' id='line_1_91' title="bbox 938 2127 1730 2162; baseline -0.006 -5"><span class='ocrx_word' id='word_1_607' title='bbox 938 2130 1077 2157; x_wconf 86' lang='lat' dir='ltr'><strong>Francisci</strong></span> <span class='ocrx_word' id='word_1_608' title='bbox 1104 2128 1216 2155; x_wconf 81' lang='lat' dir='ltr'><strong>Arcudii</strong></span> <span class='ocrx_word' id='word_1_609' title='bbox 1235 2136 1317 2155; x_wconf 89' lang='lat' dir='ltr'><strong>manu</strong></span> <span class='ocrx_word' id='word_1_610' title='bbox 1341 2128 1520 2162; x_wconf 82' lang='lat' dir='ltr'><strong>descriptum.</strong></span> <span class='ocrx_word' id='word_1_611' title='bbox 1550 2127 1586 2153; x_wconf 87' lang='lat' dir='ltr'><strong>De</strong></span> <span class='ocrx_word' id='word_1_612' title='bbox 1612 2133 1730 2161; x_wconf 82' lang='lat' dir='ltr'><strong>utroque</strong></span> 
     </span>
    </p>
   </div>
   <div class='ocr_carea' id='block_1_92' title="bbox 938 2171 1730 2202">
    <p class='ocr_par' dir='ltr' id='par_1_92' title="bbox 938 2171 1730 2202">
     <span class='ocr_line' id='line_1_92' title="bbox 938 2171 1730 2202; baseline -0.005 0"><span class='ocrx_word' id='word_1_613' title='bbox 938 2175 1014 2202; x_wconf 82' lang='lat' dir='ltr'><strong>testis</strong></span> <span class='ocrx_word' id='word_1_614' title='bbox 1028 2180 1069 2202; x_wconf 90' lang='lat' dir='ltr'><strong>est</strong></span> <span class='ocrx_word' id='word_1_615' title='bbox 1086 2174 1141 2201; x_wconf 86' lang='lat' dir='ltr'><strong>Leo</strong></span> <span class='ocrx_word' id='word_1_616' title='bbox 1155 2174 1270 2201; x_wconf 80' lang='lat' dir='ltr'><strong>Allatius</strong></span> <span class='ocrx_word' id='word_1_617' title='bbox 1291 2174 1316 2200; x_wconf 92' lang='lat' dir='ltr'><strong>in</strong></span> <span class='ocrx_word' id='word_1_618' title='bbox 1334 2173 1411 2200; x_wconf 87' lang='lat' dir='ltr'><strong>libris</strong></span> <span class='ocrx_word' id='word_1_619' title='bbox 1428 2172 1461 2199; x_wconf 93' lang='lat' dir='ltr'><strong>lll</strong></span> <span class='ocrx_word' id='word_1_620' title='bbox 1481 2172 1515 2200; x_wconf 87' lang='lat' dir='ltr'><strong>de</strong></span> <span class='ocrx_word' id='word_1_621' title='bbox 1531 2172 1657 2199; x_wconf 74' lang='lat' dir='ltr'><strong>Ecclesia:</strong></span> <span class='ocrx_word' id='word_1_622' title='bbox 1678 2171 1730 2198; x_wconf 81' lang='lat' dir='ltr'><strong>0c-</strong></span> 
     </span>
    </p>
   </div>
   <div class='ocr_carea' id='block_1_93' title="bbox 939 2220 1729 2256">
    <p class='ocr_par' dir='ltr' id='par_1_93' title="bbox 939 2220 1729 2256">
     <span class='ocr_line' id='line_1_93' title="bbox 939 2220 1729 2256; baseline -0.004 -7"><span class='ocrx_word' id='word_1_623' title='bbox 939 2222 1077 2249; x_wconf 83' lang='lat' dir='ltr'><strong>cidentalis</strong></span> <span class='ocrx_word' id='word_1_624' title='bbox 1093 2227 1117 2249; x_wconf 86' lang='lat' dir='ltr'><strong>et</strong></span> <span class='ocrx_word' id='word_1_625' title='bbox 1130 2221 1275 2249; x_wconf 84' lang='lat' dir='ltr'><strong>Orientalis</strong></span> <span class='ocrx_word' id='word_1_626' title='bbox 1293 2226 1418 2256; x_wconf 80' lang='lat' dir='ltr'><strong>perpetua</strong></span> <span class='ocrx_word' id='word_1_627' title='bbox 1430 2221 1610 2252; x_wconf 79' lang='lat' dir='ltr'><strong>consensione,</strong></span> <span class='ocrx_word' id='word_1_628' title='bbox 1625 2220 1672 2246; x_wconf 86' lang='lat' dir='ltr'><strong>lib.</strong></span> <span class='ocrx_word' id='word_1_629' title='bbox 1698 2228 1729 2249; x_wconf 82' lang='grc' dir='ltr'>ιι.</span> 
     </span>
    </p>
   </div>
   <div class='ocr_carea' id='block_1_94' title="bbox 939 2265 1773 2302">
    <p class='ocr_par' dir='ltr' id='par_1_94' title="bbox 939 2265 1773 2302">
     <span class='ocr_line' id='line_1_94' title="bbox 939 2265 1773 2302; baseline -0.006 -7"><span class='ocrx_word' id='word_1_630' title='bbox 939 2275 964 2295; x_wconf 89' lang='lat' dir='ltr'><strong>c.</strong></span> <span class='ocrx_word' id='word_1_631' title='bbox 977 2268 1004 2300; x_wconf 82' lang='lat' dir='ltr'><strong>ti,</strong></span> <span class='ocrx_word' id='word_1_632' title='bbox 1017 2275 1044 2302; x_wconf 89' lang='lat' dir='ltr'><strong>p.</strong></span> <span class='ocrx_word' id='word_1_633' title='bbox 1058 2267 1121 2302; x_wconf 49' lang='lat'><strong>5713.</strong></span> <span class='ocrx_word' id='word_1_634' title='bbox 1143 2276 1151 2292; x_wconf 75' lang='grc' dir='ltr'><strong>ι</strong></span> <span class='ocrx_word' id='word_1_635' title='bbox 1172 2265 1246 2301; x_wconf 89' lang='lat' dir='ltr'><strong>Opus</strong></span> <span class='ocrx_word' id='word_1_636' title='bbox 1266 2271 1318 2298; x_wconf 88' lang='lat' dir='ltr'><strong>est,</strong></span> <span class='ocrx_word' id='word_1_637' title='bbox 1335 2266 1434 2300; x_wconf 86' lang='lat' dir='ltr'><strong>inquit,</strong></span> <span class='ocrx_word' id='word_1_638' title='bbox 1451 2265 1560 2292; x_wconf 78' lang='lat' dir='ltr'><strong>varium</strong></span> <span class='ocrx_word' id='word_1_639' title='bbox 1583 2269 1609 2291; x_wconf 88' lang='lat' dir='ltr'><strong>et</strong></span> <span class='ocrx_word' id='word_1_640' title='bbox 1639 2265 1730 2291; x_wconf 87' lang='lat' dir='ltr'><strong>multi-</strong></span> <span class='ocrx_word' id='word_1_641' title='bbox 1771 2288 1773 2290; x_wconf 93' lang='lat'><strong>.</strong></span> 
     </span>
    </p>
   </div>
   <div class='ocr_carea' id='block_1_95' title="bbox 938 2310 1730 2349">
    <p class='ocr_par' dir='ltr' id='par_1_95' title="bbox 938 2310 1730 2349">
     <span class='ocr_line' id='line_1_95' title="bbox 938 2310 1730 2349; baseline -0.006 -8"><span class='ocrx_word' id='word_1_642' title='bbox 938 2315 1009 2349; x_wconf 88' lang='lat' dir='ltr'><strong>plice</strong></span> <span class='ocrx_word' id='word_1_643' title='bbox 1033 2313 1188 2340; x_wconf 86' lang='lat' dir='ltr'><strong>eruditione</strong></span> <span class='ocrx_word' id='word_1_644' title='bbox 1208 2313 1335 2347; x_wconf 86' lang='lat' dir='ltr'><strong>plenum,</strong></span> <span class='ocrx_word' id='word_1_645' title='bbox 1362 2312 1497 2347; x_wconf 80' lang='lat' dir='ltr'><strong>theologis</strong></span> <span class='ocrx_word' id='word_1_646' title='bbox 1522 2319 1554 2338; x_wconf 89' lang='lat' dir='ltr'><strong>ac</strong></span> <span class='ocrx_word' id='word_1_647' title='bbox 1581 2310 1730 2344; x_wconf 72' lang='lat' dir='ltr'><strong>Scriptura:</strong></span> 
     </span>
    </p>
   </div>
   <div class='ocr_carea' id='block_1_96' title="bbox 939 2355 1731 2394">
    <p class='ocr_par' dir='ltr' id='par_1_96' title="bbox 939 2355 1731 2394">
     <span class='ocr_line' id='line_1_96' title="bbox 939 2355 1731 2394; baseline -0.008 -8"><span class='ocrx_word' id='word_1_648' title='bbox 939 2359 1144 2394; x_wconf 81' lang='lat' dir='ltr'><strong>expositoribus</strong></span> <span class='ocrx_word' id='word_1_649' title='bbox 1169 2358 1289 2385; x_wconf 82' lang='lat' dir='ltr'><strong>maxime</strong></span> <span class='ocrx_word' id='word_1_650' title='bbox 1314 2357 1514 2388; x_wconf 84' lang='lat' dir='ltr'><strong>necessarium,</strong></span> <span class='ocrx_word' id='word_1_651' title='bbox 1540 2363 1627 2389; x_wconf 87' lang='lat' dir='ltr'><strong>eoque</strong></span> <span class='ocrx_word' id='word_1_652' title='bbox 1644 2355 1731 2389; x_wconf 75' lang='lat' dir='ltr'><strong>inagis</strong></span> 
     </span>
    </p>
   </div>
   <div class='ocr_carea' id='block_1_97' title="bbox 940 2393 1730 2440">
    <p class='ocr_par' dir='ltr' id='par_1_97' title="bbox 940 2393 1730 2440">
     <span class='ocr_line' id='line_1_97' title="bbox 940 2393 1730 2440; baseline -0.009 -9"><span class='ocrx_word' id='word_1_653' title='bbox 940 2393 1171 2440; x_wconf 57' lang='lat' dir='ltr'><strong>aii-plectendum,</strong></span> <span class='ocrx_word' id='word_1_654' title='bbox 1187 2403 1261 2438; x_wconf 87' lang='lat' dir='ltr'><strong>quod</strong></span> <span class='ocrx_word' id='word_1_655' title='bbox 1278 2411 1331 2430; x_wconf 90' lang='lat' dir='ltr'><strong>non</strong></span> <span class='ocrx_word' id='word_1_656' title='bbox 1347 2402 1424 2434; x_wconf 89' lang='lat' dir='ltr'><strong>alibi,</strong></span> <span class='ocrx_word' id='word_1_657' title='bbox 1443 2409 1526 2435; x_wconf 84' lang='lat' dir='ltr'><strong>quam</strong></span> <span class='ocrx_word' id='word_1_658' title='bbox 1541 2400 1567 2426; x_wconf 91' lang='lat' dir='ltr'><strong>in</strong></span> <span class='ocrx_word' id='word_1_659' title='bbox 1586 2399 1730 2429; x_wconf 81' lang='lat' dir='ltr'><strong>Vaticana,</strong></span> 
     </span>
    </p>
   </div>
   <div class='ocr_carea' id='block_1_98' title="bbox 942 2443 1731 2486">
    <p class='ocr_par' dir='ltr' id='par_1_98' title="bbox 942 2443 1731 2486">
     <span class='ocr_line' id='line_1_98' title="bbox 942 2443 1731 2486; baseline -0.01 -8"><span class='ocrx_word' id='word_1_660' title='bbox 942 2459 1014 2478; x_wconf 86' lang='lat' dir='ltr'><strong>nunc</strong></span> <span class='ocrx_word' id='word_1_661' title='bbox 1024 2456 1192 2484; x_wconf 87' lang='lat' dir='ltr'><strong>postremum</strong></span> <span class='ocrx_word' id='word_1_662' title='bbox 1204 2458 1235 2476; x_wconf 84' lang='lat' dir='ltr'><strong>ex</strong></span> <span class='ocrx_word' id='word_1_663' title='bbox 1247 2449 1323 2476; x_wconf 89' lang='lat' dir='ltr'><strong>libris</strong></span> <span class='ocrx_word' id='word_1_664' title='bbox 1334 2447 1480 2486; x_wconf 59' lang='lat' dir='ltr'><strong>Lollianis,</strong></span> <span class='ocrx_word' id='word_1_665' title='bbox 1488 2446 1539 2474; x_wconf 89' lang='lat' dir='ltr'><strong>sub</strong></span> <span class='ocrx_word' id='word_1_666' title='bbox 1550 2444 1661 2472; x_wconf 88' lang='lat' dir='ltr'><strong>Urbano</strong></span> <span class='ocrx_word' id='word_1_667' title='bbox 1672 2443 1731 2471; x_wconf 82' lang='lat' dir='ltr'><strong>Vlll</strong></span> 
     </span>
    </p>
   </div>
   <div class='ocr_carea' id='block_1_99' title="bbox 942 2487 1733 2529">
    <p class='ocr_par' dir='ltr' id='par_1_99' title="bbox 942 2487 1733 2529">
     <span class='ocr_line' id='line_1_99' title="bbox 942 2487 1733 2529; baseline -0.011 -7"><span class='ocrx_word' id='word_1_668' title='bbox 942 2497 1090 2526; x_wconf 81' lang='lat' dir='ltr'><strong>invectum,</strong></span> <span class='ocrx_word' id='word_1_669' title='bbox 1107 2494 1180 2529; x_wconf 89' lang='lat' dir='ltr'><strong>quod</strong></span> <span class='ocrx_word' id='word_1_670' title='bbox 1197 2494 1254 2527; x_wconf 89' lang='lat' dir='ltr'><strong>ipse</strong></span> <span class='ocrx_word' id='word_1_671' title='bbox 1266 2493 1363 2523; x_wconf 77' lang='lat' dir='ltr'><strong>scium,</strong></span> <span class='ocrx_word' id='word_1_672' title='bbox 1380 2495 1478 2518; x_wconf 84' lang='lat' dir='ltr'><strong>exstet.</strong></span> <span class='ocrx_word' id='word_1_673' title='bbox 1496 2499 1505 2515; x_wconf 81' lang='grc' dir='ltr'><strong>ι</strong></span> <span class='ocrx_word' id='word_1_674' title='bbox 1527 2489 1561 2516; x_wconf 85' lang='grc' dir='ltr'>Ει</span> <span class='ocrx_word' id='word_1_675' title='bbox 1580 2488 1675 2523; x_wconf 88' lang='lat' dir='ltr'><strong>paucis</strong></span> <span class='ocrx_word' id='word_1_676' title='bbox 1690 2487 1733 2514; x_wconf 88' lang='lat' dir='ltr'><strong>in-</strong></span> 
     </span>
    </p>
   </div>
   <div class='ocr_carea' id='block_1_100' title="bbox 943 2531 1734 2576">
    <p class='ocr_par' dir='ltr' id='par_1_100' title="bbox 943 2531 1734 2576">
     <span class='ocr_line' id='line_1_100' title="bbox 943 2531 1734 2576; baseline -0.014 -8"><span class='ocrx_word' id='word_1_677' title='bbox 943 2541 1065 2576; x_wconf 86' lang='lat' dir='ltr'><strong>terjectis</strong></span> <span class='ocrx_word' id='word_1_678' title='bbox 1080 2548 1086 2567; x_wconf 91' lang='lat'>:</span> <span class='ocrx_word' id='word_1_679' title='bbox 1107 2549 1116 2565; x_wconf 85' lang='grc'><strong>(</strong></span> <span class='ocrx_word' id='word_1_680' title='bbox 1138 2538 1212 2574; x_wconf 89' lang='lat' dir='ltr'><strong>Opus</strong></span> <span class='ocrx_word' id='word_1_681' title='bbox 1228 2542 1284 2565; x_wconf 85' lang='lat' dir='ltr'><strong>tam</strong></span> <span class='ocrx_word' id='word_1_682' title='bbox 1301 2537 1412 2571; x_wconf 76' lang='lat' dir='ltr'><strong>dignum</strong></span> <span class='ocrx_word' id='word_1_683' title='bbox 1426 2539 1453 2562; x_wconf 90' lang='lat' dir='ltr'><strong>et</strong></span> <span class='ocrx_word' id='word_1_684' title='bbox 1472 2535 1595 2563; x_wconf 82' lang='lat' dir='ltr'><strong>doctum,</strong></span> <span class='ocrx_word' id='word_1_685' title='bbox 1615 2541 1630 2559; x_wconf 82' lang='lat' dir='ltr'><strong>a</strong></span> <span class='ocrx_word' id='word_1_686' title='bbox 1645 2531 1734 2558; x_wconf 80' lang='lat' dir='ltr'><strong>Fran—</strong></span> 
     </span>
    </p>
   </div>
   <div class='ocr_carea' id='block_1_101' title="bbox 943 2578 1733 2617">
    <p class='ocr_par' dir='ltr' id='par_1_101' title="bbox 943 2578 1733 2617">
     <span class='ocr_line' id='line_1_101' title="bbox 943 2578 1733 2617; baseline -0.015 -2"><span class='ocrx_word' id='word_1_687' title='bbox 943 2589 1018 2616; x_wconf 86' lang='lat' dir='ltr'><strong>cisco</strong></span> <span class='ocrx_word' id='word_1_688' title='bbox 1040 2586 1185 2617; x_wconf 82' lang='lat' dir='ltr'><strong>Arcudio,</strong></span> <span class='ocrx_word' id='word_1_689' title='bbox 1206 2583 1336 2611; x_wconf 88' lang='lat' dir='ltr'><strong>Nuscano</strong></span> <span class='ocrx_word' id='word_1_690' title='bbox 1360 2582 1470 2608; x_wconf 87' lang='lat' dir='ltr'><strong>demum</strong></span> <span class='ocrx_word' id='word_1_691' title='bbox 1502 2579 1648 2614; x_wconf 89' lang='lat' dir='ltr'><strong>episcopo,</strong></span> <span class='ocrx_word' id='word_1_692' title='bbox 1677 2578 1733 2604; x_wconf 92' lang='lat' dir='ltr'><strong>viro</strong></span> 
     </span>
    </p>
   </div>
   <div class='ocr_carea' id='block_1_102' title="bbox 907 2623 1736 2666">
    <p class='ocr_par' dir='ltr' id='par_1_102' title="bbox 907 2623 1736 2666">
     <span class='ocr_line' id='line_1_102' title="bbox 907 2623 1736 2666; baseline -0.017 -3"><span class='ocrx_word' id='word_1_693' title='bbox 907 2623 927 2651; x_wconf 74' lang='grc' dir='ltr'><strong>θ</strong></span> <span class='ocrx_word' id='word_1_694' title='bbox 944 2635 1046 2662; x_wconf 66' lang='lat' dir='ltr'><strong>Graecis</strong></span> <span class='ocrx_word' id='word_1_695' title='bbox 1070 2632 1229 2666; x_wconf 71' lang='lat' dir='ltr'><strong>Latinistpie</strong></span> <span class='ocrx_word' id='word_1_696' title='bbox 1248 2628 1344 2656; x_wconf 86' lang='lat' dir='ltr'><strong>litteris</strong></span> <span class='ocrx_word' id='word_1_697' title='bbox 1362 2627 1443 2661; x_wconf 79' lang='lat' dir='ltr'><strong>longe</strong></span> <span class='ocrx_word' id='word_1_698' title='bbox 1465 2625 1637 2656; x_wconf 87' lang='lat' dir='ltr'><strong>doctissimo,</strong></span> <span class='ocrx_word' id='word_1_699' title='bbox 1654 2623 1736 2650; x_wconf 54' lang='lat' dir='ltr'><strong>mihi.</strong></span> 
     </span>
    </p>
   </div>
   <div class='ocr_carea' id='block_1_103' title="bbox 944 2669 1736 2716">
    <p class='ocr_par' dir='ltr' id='par_1_103' title="bbox 944 2669 1736 2716">
     <span class='ocr_line' id='line_1_103' title="bbox 944 2669 1736 2716; baseline -0.018 -7"><span class='ocrx_word' id='word_1_700' title='bbox 944 2689 998 2716; x_wconf 87' lang='lat' dir='ltr'><strong>que</strong></span> <span class='ocrx_word' id='word_1_701' title='bbox 1019 2679 1173 2708; x_wconf 88' lang='lat' dir='ltr'><strong>studiorum</strong></span> <span class='ocrx_word' id='word_1_702' title='bbox 1194 2674 1378 2703; x_wconf 80' lang='lat' dir='ltr'><strong>familiaritate</strong></span> <span class='ocrx_word' id='word_1_703' title='bbox 1398 2671 1637 2707; x_wconf 81' lang='lat' dir='ltr'><strong>conjunctissimo,</strong></span> <span class='ocrx_word' id='word_1_704' title='bbox 1656 2669 1736 2696; x_wconf 79' lang='lat' dir='ltr'><strong>bien-</strong></span> 
     </span>
    </p>
   </div>
   <div class='ocr_carea' id='block_1_104' title="bbox 945 2714 1736 2754">
    <p class='ocr_par' dir='ltr' id='par_1_104' title="bbox 945 2714 1736 2754">
     <span class='ocr_line' id='line_1_104' title="bbox 945 2714 1736 2754; baseline -0.019 0"><span class='ocrx_word' id='word_1_705' title='bbox 945 2714 1018 2754; x_wconf 81' lang='lat' dir='ltr'><strong>nium</strong></span> <span class='ocrx_word' id='word_1_706' title='bbox 1036 2731 1098 2753; x_wconf 85' lang='lat' dir='ltr'><strong>ante</strong></span> <span class='ocrx_word' id='word_1_707' title='bbox 1110 2724 1166 2751; x_wconf 84' lang='lat' dir='ltr'><strong>fato</strong></span> <span class='ocrx_word' id='word_1_708' title='bbox 1180 2722 1285 2754; x_wconf 86' lang='lat' dir='ltr'><strong>functo,</strong></span> <span class='ocrx_word' id='word_1_709' title='bbox 1297 2719 1505 2748; x_wconf 81' lang='lat' dir='ltr'><strong>characteribus</strong></span> <span class='ocrx_word' id='word_1_710' title='bbox 1520 2714 1736 2751; x_wconf 78' lang='lat' dir='ltr'><strong>elegantissimis</strong></span> 
     </span>
    </p>
   </div>
   <div class='ocr_carea' id='block_1_105' title="bbox 946 2762 1736 2808">
    <p class='ocr_par' dir='ltr' id='par_1_105' title="bbox 946 2762 1736 2808">
     <span class='ocr_line' id='line_1_105' title="bbox 946 2762 1736 2808; baseline -0.02 -7"><span class='ocrx_word' id='word_1_711' title='bbox 946 2771 1155 2808; x_wconf 76' lang='lat' dir='ltr'><strong>diligentissime</strong></span> <span class='ocrx_word' id='word_1_712' title='bbox 1172 2768 1349 2801; x_wconf 85' lang='lat' dir='ltr'><strong>descriptum,</strong></span> <span class='ocrx_word' id='word_1_713' title='bbox 1370 2765 1399 2792; x_wconf 91' lang='lat' dir='ltr'><strong>in</strong></span> <span class='ocrx_word' id='word_1_714' title='bbox 1414 2772 1462 2791; x_wconf 88' lang='lat' dir='ltr'><strong>sua</strong></span> <span class='ocrx_word' id='word_1_715' title='bbox 1474 2762 1641 2808; x_wconf 78' lang='lat' dir='ltr'><strong>bibliotheca</strong></span> <span class='ocrx_word' id='word_1_716' title='bbox 1657 2766 1736 2793; x_wconf 90' lang='lat' dir='ltr'><strong>repo-</strong></span> 
     </span>
    </p>
   </div>
   <div class='ocr_carea' id='block_1_106' title="bbox 946 2805 1734 2846">
    <p class='ocr_par' dir='ltr' id='par_1_106' title="bbox 946 2805 1734 2846">
     <span class='ocr_line' id='line_1_106' title="bbox 946 2805 1734 2846; baseline -0.022 0"><span class='ocrx_word' id='word_1_717' title='bbox 946 2805 1010 2846; x_wconf 35' lang='lat' dir='ltr'><strong>suit.</strong></span> <span class='ocrx_word' id='word_1_718' title='bbox 1027 2818 1160 2844; x_wconf 91' lang='lat' dir='ltr'><strong>bonarum</strong></span> <span class='ocrx_word' id='word_1_719' title='bbox 1187 2812 1310 2840; x_wconf 75' lang='lat' dir='ltr'><strong>omnium</strong></span> <span class='ocrx_word' id='word_1_720' title='bbox 1339 2810 1441 2837; x_wconf 89' lang='lat' dir='ltr'><strong>artium</strong></span> <span class='ocrx_word' id='word_1_721' title='bbox 1468 2812 1495 2836; x_wconf 88' lang='lat' dir='ltr'><strong>et</strong></span> <span class='ocrx_word' id='word_1_722' title='bbox 1525 2805 1734 2841; x_wconf 87' lang='lat' dir='ltr'><strong>disciplinarum</strong></span> 
     </span>
    </p>
   </div>
   <div class='ocr_carea' id='block_1_107' title="bbox 946 2852 1736 2896">
    <p class='ocr_par' dir='ltr' id='par_1_107' title="bbox 946 2852 1736 2896">
     <span class='ocr_line' id='line_1_107' title="bbox 946 2852 1736 2896; baseline -0.02 -3"><span class='ocrx_word' id='word_1_723' title='bbox 946 2867 1126 2896; x_wconf 81' lang='lat' dir='ltr'><strong>restaurator,</strong></span> <span class='ocrx_word' id='word_1_724' title='bbox 1152 2859 1318 2889; x_wconf 79' lang='lat' dir='ltr'><strong>Franciscus</strong></span> <span class='ocrx_word' id='word_1_725' title='bbox 1345 2855 1522 2889; x_wconf 78' lang='lat' dir='ltr'><strong>Barberinus,</strong></span> <span class='ocrx_word' id='word_1_726' title='bbox 1545 2852 1661 2890; x_wconf 79' lang='lat' dir='ltr'><strong>publicae</strong></span> <span class='ocrx_word' id='word_1_727' title='bbox 1675 2857 1736 2878; x_wconf 89' lang='lat' dir='ltr'><strong>om-</strong></span> 
     </span>
    </p>
   </div>
  </div>
