1881 3077
83 140 117 172 25
752 142 883 172 ΡΒΟΕΕλ

971 143 1051 174 ENA.
1687 148 1724 179 26

86 187 110 211 in
135 182 210 210 calce
224 182 321 210 Auerii
344 183 387 210 sni
409 182 504 211 edidit.
529 184 626 211 Postea
649 184 876 219 diligentissimus
891 192 914 218 Α
928 187 955 213 d.
982 187 1018 213 28
1043 186 1150 215 oclobr.
1178 187 1377 216 Amstelodami
1400 193 1508 216 malure
1526 189 1648 218 defuncti
1669 193 1726 228 (cui

82 229 313 258 Hontelalconius
327 229 354 256 iu
364 229 496 264 Catalogo
504 229 680 258 Bibliotheca
688 230 876 261 Coislinianae.

82 286 108 313 p.
121 277 174 304 546
186 285 250 312 sqq.
265 282 384 312 quatuor
399 277 515 304 omnino
538 277 691 312 Responsa;
715 286 813 314 nempe
824 278 877 305 125

81 325 114 350 de
128 324 253 355 Asteriis,
276 323 374 354 I29.de
389 331 471 350 cornu
497 323 654 357 Amalthea,
671 323 723 351 I60
737 324 770 352 de
788 324 879 360 Sibyl-

81 370 127 401 lis,
146 374 173 397 et
189 370 242 397 166
256 370 289 397 de
311 369 406 397 liwres‘t
425 369 534 396 Euaebii
554 370 581 397 in
603 378 779 397 communem
797 378 877 398 usum

81 417 178 444 Grzece
190 422 218 443 et
233 416 330 443 Latine
348 417 486 452 produxit.
504 415 556 443 Ubi
573 417 666 449 velim,
685 422 773 449 notes,
792 417 874 450 Itcsp.

82 463 135 490 I25
147 463 179 489 de
196 463 312 489 Asteriir
327 463 396 490 idem
414 470 485 494 esse,
498 463 572 497 quod
587 462 770 490 Combelisius
785 463 879 490 edide-

81 513 132 540 rat,
146 508 198 535 129
213 516 279 535 vero
291 513 318 535 et
332 507 394 540 166,
412 508 438 535 in
454 507 580 542 Epistolis
588 507 696 542 IPhotii,
711 508 777 535 illud
796 509 877 543 epist.

83 554 146 586 209,
167 554 221 581 hoc
236 558 328 581 autem
344 554 425 588 epist.
445 554 494 581 IM
513 554 570 588 jam
594 558 658 582 ante
682 555 786 582 editum
811 556 876 590 legi.

80 599 136 627 Nec
149 601 295 628 omittendi
312 604 378 627 sunt
397 600 456 634 alii,
472 607 544 635 quos
561 600 692 628 celeberr.
719 599 763 628 Jo.
774 600 879 627 Alberti

83 646 203 673 Fabricii
227 646 314 674 nostri
340 646 431 674 verbis
457 647 484 673 in
511 645 677 673 Bibliotheca
697 645 803 679 (ἔπεσα,
821 647 878 674 vol.

82 692 128 725 IX,
145 701 172 728 p.
189 693 251 725 562,
269 693 422 728 appellabo.
445 702 454 718 ι
472 692 588 725 Locum,
611 693 711 727 inquit,
729 701 763 720 ex
779 699 878 728 qua‘st.

83 740 129 773 83,
146 740 275 774 producit
287 740 404 767 Allatius
417 739 508 774 capite
537 740 564 771 2,
580 739 764 774 Syntagmatis
779 740 811 767 de
824 739 879 766 En-

83 787 278 822 gostrimytho;
291 787 376 813 alium
386 794 417 813 ex
429 791 529 821 quaest.
540 786 589 813 I57
600 787 626 813 in
640 786 711 814 libro
726 786 763 813 De
774 786 878 814 Simeo-

84 833 172 864 nibus,
189 841 215 868 p.
235 834 262 860 ὃ.
277 833 339 860 Alia
355 833 414 860 loca
433 833 527 859 laudat
552 832 651 860 Franc.
673 831 827 860 Turrianus
851 833 878 860 in

930 237 1028 266 praeter
1048 234 1100 260 alia
1120 233 1254 268 Alphonsi
1280 234 1421 262 Ciacconii
1446 235 1641 264 Bibliotltecam
1662 240 1727 266 uni-

929 278 1067 310 venalem,
1079 279 1170 314 quoad
1186 280 1244 312 illa,
1262 288 1344 307 manu
1367 286 1491 314 exarata,
1519 282 1725 317 circumfertur,

929 328 956 349 et
977 324 1049 358 apud
1071 331 1115 350 me
1139 331 1249 359 quoque
1265 330 1366 356 exstat,
1381 330 1408 352 et
1427 325 1576 353 Historiam
1596 327 1726 356 Criticam

931 367 1137 403 Ephemeridum
1152 371 1362 403 litterariarum,
1381 370 1453 398 Gall.
1470 371 1624 400 Amstelod.
1642 373 1724 405 1754,

930 416 957 448 8,
974 416 1089 448 editam,
1100 417 1255 452 debemus.)
1271 423 1424 453 acceperat.
1434 418 1600 446 Camusatus
1611 420 1724 454 quidem

931 466 1018 489 totum
1036 469 1106 497 opus
1124 462 1216 498 (cujus
1234 463 1322 498 prima
1336 468 1363 491 et
1380 464 1460 491 tertia
1483 472 1546 498 pars
1561 464 1664 493 frustra
1682 466 1724 493 in-

930 513 972 536 ter
990 508 1106 536 schedas
1120 509 1182 544 ejus
1197 510 1311 544 quaesita
1328 510 1380 545 est)
1399 518 1480 538 manu
1501 519 1551 539 sua
1573 519 1607 539 ex
1629 513 1728 540 codice

930 553 1104 582 Coisliniano
1118 555 1315 590 descripserat,
1332 560 1359 583 et
1372 564 1433 584 cum
1447 557 1606 585 Colbertino
1619 566 1729 594 compa-

929 604 1051 632 raverat,
1070 601 1125 628 imo
1143 605 1171 628 et
1185 601 1293 629 initium
1317 602 1552 637 interpretationis
1574 603 1691 637 Latinae,
1709 613 1726 632 a

930 653 974 673 me
986 653 1041 672 non
1067 647 1144 679 visae,
1169 647 1284 675 Iecerat.
1307 647 1336 674 Id
1361 648 1419 682 ipse
1441 648 1468 675 in
1491 648 1613 676 Historia
1632 650 1727 677 critica

930 691 1147 726 Epltemeridum,
1182 700 1210 727 p.
1242 693 1287 725 96,
1323 698 1449 726 testatur,
1491 696 1727 730 quemadmodum

930 742 995 764 ante
1010 737 1064 765 hoc
1076 739 1295 773 quinquennium
1311 747 1359 774 per
1373 741 1478 768 litteras
1498 742 1563 768 inihi
1581 743 1725 777 signitica-

930 787 1016 815 verat,
1038 791 1136 818 parare
1157 792 1186 812 se
1207 785 1331 812 omnium
1349 785 1439 813 Photii
1459 788 1497 822 (in
1520 787 1600 822 cujus
1620 787 1726 815 Biblio-

931 832 1005 856 theca
1023 830 1190 857 recensenda
1211 837 1262 865 ego
1283 839 1357 858 nunc
1373 832 1478 867 Versor)
1500 840 1626 868 operum,
1642 839 1726 869 atque

84 878 242 912 Defrusioue
257 878 430 912 epistolam»:
446 878 608 913 Pontiﬁcum
625 878 664 914 (p.
679 879 715 907 24
731 883 758 906 et
774 879 837 914 165)
853 884 881 907 et
896 875 917 902 Β
931 874 1002 902 inter
1028 875 1086 902 haec
1105 876 1269 904 nominatim
1296 877 1541 912 Amphilochiorum
1565 879 1727 906 editionem.

83 925 112 951 in
141 923 219 951 Notis
239 924 276 951 ad
302 923 518 952 Constitution“
539 925 702 958 apostolica:
726 924 808 958 (VIII,
835 926 881 958 M,

86 978 116 1005 p.
135 970 211 1005 I55),
229 978 281 997 nec
295 978 350 997 non
366 970 392 997 in
407 970 479 998 libro
505 969 545 997 De
555 969 619 1005 jure
636 970 782 998 ordinandi
802 971 885 998 mini-

83 1022 152 1044 stros
165 1017 304 1049 Ecclesiae,
316 1025 344 1052 p.
358 1017 421 1044 155.
445 1026 455 1043 ι

120 1061 266 1095 Superest,
295 1066 324 1088 ut
351 1061 386 1088 de
414 1061 449 1088 iis
475 1061 577 1094 dicam,
603 1069 666 1096 quae
693 1061 753 1096 ipse
776 1069 828 1098 ego
850 1070 883 1090 ex

83 1108 194 1143 egregio
219 1115 304 1142 opere
324 1106 353 1134 in
376 1107 452 1134 calce
474 1107 557 1143 bujns
584 1107 731 1136 voluminis
755 1108 878 1136 exhibui.

84 1155 214 1182 Pervenit
231 1155 264 1181 ad
279 1162 324 1182 me
338 1154 384 1181 illa
400 1155 643 1189 Amphilochiorum
656 1162 731 1189 pars,
744 1162 805 1190 qua:
817 1155 879 1182 inde

86 1209 101 1227 a
120 1200 203 1235 Hesp.
227 1200 272 1232 14,
297 1200 401 1227 codicis
418 1199 533 1227 Coislin.
551 1207 639 1234 usque
657 1201 690 1227 ad
719 1200 802 1236 llesp.
825 1200 876 1228 201

86 1247 196 1281 legitur.
216 1246 310 1274 Debeo
333 1247 407 1274 illam
428 1247 586 1274 liberalitati
597 1247 648 1274 viri
667 1255 725 1274 rev.
741 1251 768 1274 et
784 1247 880 1275 claris-

85 1293 158 1323 simi.
189 1292 232 1320 ιο.
258 1292 365 1320 Jacobii
386 1292 550 1325 Wetsteinii,
572 1294 643 1328 apud
666 1293 784 1321 Amstel.
815 1301 878 1321 cum

85 1341 206 1368 maxime
226 1341 332 1368 litteras
347 1341 529 1376 elegantiores
543 1341 679 1373 ornantis,
699 1341 743 1368 cui
764 1341 817 1368 hoc
831 1349 881 1368 no-

84 1387 157 1414 mine
180 1386 284 1421 gratias
304 1386 393 1414 habeo
408 1393 524 1421 agoque.
542 1386 589 1413 Ille
607 1394 673 1413 vero
687 1394 748 1413 eain
771 1394 804 1414 ex
837 1394 882 1414 se-

930 921 970 948 Ex
987 928 1019 948 ea
1034 921 1119 957 igitur
1134 921 1243 950 illorqu
1255 927 1343 958 parte,
1356 931 1439 959 quam
1453 924 1550 955 habeo.
1570 925 1615 952 illa
1631 925 1726 959 selegi,

930 975 992 1002 quat
1015 968 1049 996 ad
1075 969 1274 1003 expositionem
1298 970 1424 997 locorum
1451 971 1634 998 dilliciliorum
1656 971 1727 998 Novi

933 1013 1055 1042 Fcederis
1071 1019 1207 1049 spectant,
1223 1015 1335 1044 omissis
1351 1020 1442 1043 tamen
1462 1017 1507 1049 iis,
1528 1025 1589 1052 qua:
1602 1017 1659 1051 jam
1685 1017 1727 1044 in-

933 1065 975 1087 ter
995 1059 1133 1094 Epistolas
1156 1059 1247 1088 Photii
1265 1061 1405 1098 leguntur.
1422 1061 1482 1088 Non
1499 1061 1603 1094 omnia,
1626 1062 1727 1094 lateor,

932 1107 1058 1134 eamdem
1082 1107 1146 1134 hinc
1159 1107 1324 1141 doctrinam,
1341 1107 1406 1135 hinc
1422 1108 1589 1142 diligentiam
1603 1108 1726 1143 spirant.

931 1151 1066 1187 Pleraque
1087 1159 1179 1180 tamen
1202 1154 1240 1180 ita
1256 1159 1416 1189 comparata
1440 1160 1516 1186 sunt,
1538 1160 1567 1181 ut
1586 1154 1684 1189 juvare
1700 1159 1727 1180 et

936 1195 1075 1224 delectare
1103 1198 1212 1232 possint
1237 1199 1379 1226 lectorem.
1405 1197 1460 1225 Illis
1490 1199 1592 1233 itaque,
1615 1199 1727 1226 cordate

933 1243 1031 1276 lector,
1046 1244 1159 1277 frueris,
1174 1249 1202 1272 et
1223 1252 1278 1272 una
1302 1252 1408 1272 mecum
1433 1245 1489 1273 Deo
1515 1245 1548 1272 0.
1565 1245 1601 1272 Μ.
1622 1246 1730 1281 gratias

931 1297 1008 1326 ages,
1022 1291 1095 1326 quod
1111 1291 1186 1319 curis
1210 1291 1253 1318 his
1267 1291 1440 1326 perﬁciendis
1458 1296 1486 1318 et
1502 1292 1684 1319 valetudinem
1697 1297 1725 1320 et

935 1338 1095 1373 patientiam
1110 1338 1260 1366 clementer
1277 1338 1345 1365 mihi
1365 1338 1400 1365 sit
1414 1338 1540 1373 largitus.
1566 1338 1606 1365 Ita
1622 1341 1681 1366 vale
1697 1338 1725 1366 in

937 1385 1062 1418 Domino,
1086 1389 1115 1413 et
1135 1385 1327 1420 Iupplementa,
1350 1392 1413 1421 quae
1436 1391 1520 1420 supra
1535 1385 1660 1420 promisi,
1673 1393 1731 1412 suo

83 1433 176 1460 ctione
193 1433 326 1460 librorum
343 1432 440 1461 Franc.
451 1432 571 1468 Dionysii
587 1432 738 1466 Camusati,
750 1440 797 1460 an.
812 1431 883 1460 I752
897 1438 918 1465 α
928 1436 1058 1467 tempore
1072 1437 1213 1467 exspecta.

581 1596 765 1628 ANGELUS
781 1594 986 1626 ANTONIUS
1009 1593 1190 1626 SCOTTUS
1213 1594 1230 1609 "‘

696 1668 872 1699 LECTORI
897 1667 1116 1698 BENEVOLO

806 1743 1008 1774 SALUTEM.

121 1922 190 1950 Cum
216 1921 283 1949 illud
299 1920 335 1948 sit
360 1919 387 1946 in
415 1925 492 1946 more
527 1917 663 1953 positum,
700 1916 881 1950 institutoque
936 1914 1002 1942 mihi
1025 1913 1107 1942 liceat
1130 1922 1275 1950 usurpare,
1305 1914 1380 1950 quod
1400 1914 1562 1943 Theodorus
1588 1915 1730 1949 Balsama,

86 1970 263 2003 scriptorum,
282 1971 311 1994 ut
335 1965 451 2000 publica:
473 1964 543 1991 lucis
558 1970 668 1991 usuram
682 1963 747 1989 dum
764 1962 822 1988 suis
841 1961 882 1987 lu-
935 1961 1000 1988 dum
1013 1966 1038 1988 et
1052 1960 1139 1989 Photii
1158 1960 1375 1988 Nomocanonem
1395 1967 1637 1994 commentaretur,
1652 1964 1685 1989 de
1698 1972 1727 1990 se

86 2014 297 2042 cnbrationibus
313 2012 477 2047 largiuntur,
489 2010 543 2044 jam
562 2016 650 2044 usque
665 2008 699 2035 ab
714 2008 827 2036 exordio
841 2007 883 2034 di-

971 2008 1004 2035 iit
1028 2007 1084 2035 :El’
1106 2017 1132 2035 τι
1163 2008 1200 2044 μὴ
1218 2007 1336 2043 καῦῆκον
1363 2009 1428 2040 ἴσως
1451 2009 1678 2045 γέγραπται......
1699 2010 1733 2036 ὲν

85 2062 201 2096 ligenter
216 2062 366 2094 exponant,
383 2057 483 2091 quibus
496 2055 670 2091 potissimum
687 2054 720 2081 de
739 2054 832 2081 causis
848 2053 882 2080 ad

1086 2055 1258 2091 ἑρμηνείαις,
1278 2054 1414 2087 ἀξιοὺσοω
1442 2055 1572 2090 γνώμηςδ
1589 2055 1650 2082 οὐδὲ
1674 2056 1729 2090 γὰρ

86 2109 146 2136 illas
173 2107 298 2134 animum
322 2104 493 2141 appulerit“;
520 2103 654 2129 mouitnm
671 2105 697 2128 te
711 2099 882 2133 volo,amicc

974 2101 1066 2136 ἑτερου
1080 2101 1210 2136 τόλμημα
1229 2101 1260 2127 τὸ
1277 2100 1325 2127 τοῦ
1341 2101 1498 2136 τεο-λήματος
1518 2101 1644 2136 μέγεθος,
1662 2101 1729 2128 ἀλλὰ

87 2157 184 2187 lector,
200 2161 255 2181 non
273 2160 355 2180 unam
369 2151 467 2184 fuisse,
478 2158 539 2186 qum.
552 2149 618 2176 mihi
633 2148 705 2181 aliis,
724 2153 806 2183 atque
817 2147 880 2174 aliis

971 2155 979 2178 ;
1004 2146 1032 2179 ἐξ
1060 2146 1184 2182 ἀνάγκης
1200 2145 1325 2182 ὑπακοῆς
1348 2146 1515 2181 ἀποκύημα·
1535 2145 1566 2173 Si
1584 2146 1648 2181 quid
1672 2146 1733 2181 for,

85 2200 317 2237 occupationibus
334 2198 486 2232 implicato,
505 2196 538 2223 ad
558 2196 610 2223 hoc
621 2203 702 2230 opus.
720 2194 800 2230 quale
812 2193 878 2220 illud
894 2200 1000 2237 “tasse
1017 2196 1105 2222 minus
1127 2196 1281 2222 conreniens
1304 2196 1430 2229 scriptum
1455 2201 1529 2223 est...
1557 2196 1631 2223 in....
1648 2196 1731 2222 inter-

86 2230 197 2282 cunqite
231 2247 287 2278 sit,
327 2230 560 2278 ags—rediendnm,
605 2230 1137 2277 persequendumqueDpretationibus,
1152 2242 1228 2267 venia
1256 2240 1366 2275 dignum
1391 2240 1522 2272 Itabctor,‘
1553 2248 1635 2275 neque
1661 2242 1732 2267 enim

86 2295 209 2322 maximo
222 2292 474 2320 l'uitincitamento.
490 2288 613 2315 Primum
633 2287 668 2315 cl.
695 2286 744 2314 viri
768 2285 882 2314 Joannis
935 2291 1023 2313 noster
1037 2291 1076 2314 est
1095 2295 1176 2313 ausus
1202 2286 1254 2313 ista
1278 2286 1472 2314 lucubrationis
1498 2287 1591 2319 moles,
1617 2286 1661 2314 sed
1686 2294 1732 2313 ηε-

87 2340 215 2369 Andresii
234 2339 324 2374 Regia:
340 2336 513 2364 bibliothecae
529 2333 660 2369 pra-lecti,
683 2333 763 2368 cujus
787 2332 883 2360 erudi-
935 2333 1058 2360 cessariw
1075 2333 1232 2360 audient-La:
1242 2338 1336 2367 partus
1350 2332 1399 2368 (I).

89 2388 154 2415 tioni
177 2394 210 2414 ac
235 2383 433 2412 benevolentiae
459 2381 609 2416 plurimum
633 2387 677 2407 me
709 2379 808 2407 debere
829 2386 883 2405 non

89 2434 218 2463 dilliteor.
231 2431 384 2459 auctoritas
410 2434 437 2456 et
449 2427 594 2462 imperium
611 2425 724 2461 urgebat
740 2434 747 2452 :
766 2425 789 2452 is
800 2424 884 2457 enim,

87 2478 291 2516 pretiosissima
323 2481 439 2510 quaeque
465 2472 638 2500 bibliothecae
666 2469 797 2506 κειμήλια
821 2476 884 2497 cum

91 2527 144 2555 sibi
166 2523 345 2560 proposuerit
368 2522 395 2549 in
419 2520 543 2556 apricum
569 2517 702 2554 proferre,
725 2517 812 2544 noluit
828 2516 887 2543 haec

88 2573 178 2601 Photii
195 2566 530 2606 ‘Aprptkaxla,seu,utalii
545 2564 681 2596 scribunt,
695 2560 885 2598 ’Λμφιλοχειση

89 2620 132 2646 vel
157 2614 352 2653 ’Δμφιλοχικὰ,
368 2614 395 2641 in
416 2612 538 2640 tenebris
554 2611 648 2646 jacere
662 2619 670 2637 :
688 2616 720 2637 ac
735 2608 803 2636 mihi
820 2608 883 2644 plu-

91 2666 170 2693 rimis
198 2664 251 2692 sibi
273 2660 435 2690 nominibus
454 2656 662 2686 devinctissitno
684 2655 756 2682 lianc
775 2654 886 2689 provin-

92 2713 161 2740 ciam
173 2711 300 2743 tradidit,
311 2713 343 2736 ut
356 2707 451 2739 editio,
465 2705 610 2739 versioque
621 2702 706 2730 alacri
720 2702 814 2729 animo
825 2708 888 2729 sus-

93 2764 169 2794 cepta
194 2761 303 2785 mature
330 2755 364 2782 ad
389 2753 494 2781 exitum
520 2749 686 2786 perveniret.
703 2748 794 2781 Quare
821 2747 887 2775 illud

105 2817 110 2825 ⁵
129 2817 160 2850 ('l
175 2813 304 2842 Praefatio
320 2811 411 2850 operis
441 2809 484 2850 cui
495 2807 597 2850 lit-ullus
617 2805 659 2832 Ea:
673 2803 765 2833 Photii
778 2804 888 2839 Amp/ii-

94 2843 472 2886 iuc‘hiisqua-aaijg-apnliv
491 2843 621 2886 ίδέρολ,
652 2878 658 2883 .
691 2877 704 2886 ..

128 2877 168 2921 (Ill
182 2877 309 2914 Balsama
322 2883 350 2910 in
366 2877 513 2908 Νώιιοίαιι.
525 2877 634 2906 l‘raal'at.
652 2878 678 2906 in
691 2877 737 2904 lin.

971 2379 1105 2406 Praeterea
1129 2379 1306 2412 Graecanica,
1331 2388 1363 2407 ac
1386 2380 1545 2415 theologicae
1566 2379 1736 2406 eruditionis

936 2425 1105 2452 amatoribus
1120 2433 1164 2452 me
1176 2426 1276 2460 aliquid
1297 2425 1454 2460 voluptatis,
1476 2434 1509 2453 ne
1521 2426 1610 2453 dicam
1627 2425 1732 2452 utilita-

940 2471 987 2502 tis,
1014 2472 1162 2498 allaturum
1185 2472 1381 2506 autumabam;
1405 2472 1428 2499 ei
1452 2471 1547 2511 istbazc
1567 2471 1656 2498 Photii
1676 2471 1733 2497 λει-

936 2517 1009 2552 ψανα
1029 2518 1099 2554 typis
1113 2518 1282 2553 evulgarem,
1297 2526 1330 2546 ac
1344 2517 1441 2545 Latina
1459 2518 1592 2545 donarem
1609 2517 1734 2545 civitate.

937 2561 1026 2598 Opera
1039 2563 1111 2590 enim
1136 2563 1199 2597 viri,
1226 2564 1368 2591 nonnullis
1387 2563 1451 2590 licet
1468 2563 1610 2590 erroribus
1631 2563 1737 2596 allecti,

939 2614 1032 2637 tamen
1059 2610 1089 2636 ἑν
1120 2610 1211 2644 λόγοις
1231 2610 1459 2644 ὀνομαστοτάτω,
1480 2615 1509 2636 ιιι
1533 2609 1621 2644 inquit
1646 2610 1737 2637 Ζωπυ-

939 2664 985 2684 ras
1001 2656 1050 2692 (9),
1073 2660 1155 2691 atque
1166 2655 1213 2682 ἐπὶ
1231 2655 1313 2691 σοφίᾳ
1323 2655 1476 2691 γνωρίμου,
1492 2661 1521 2682 ιιι
1536 2656 1678 2683 Gelli-enus
1693 2656 1736 2682 Ia-

940 2708 1012 2732 tetur
1023 2704 1074 2738 (5),
1091 2703 1238 2730 maximam
1254 2702 1305 2730 sibi
1317 2709 1426 2736 semper
1455 2702 1687 2730 existimationem
1703 2711 1739 2729 ac

939 2749 1050 2777 laudent
1069 2749 1268 2781 conciliarunt;
1287 2748 1343 2775 imo
1359 2749 1507 2776 commodo
1525 2756 1576 2776 suo
1589 2748 1738 2775 consolere

977 2807 1015 2842 (‘2)
1031 2807 1127 2833 Annal.
1149 2805 1196 2842 lib.
1208 2814 1341 2842 xvr,_pag.
1357 2807 1419 2839 1‘27,
1436 2805 1504 2834 Ven.
1525 2804 1603 2833 l799.

977 2840 1015 2878 (5)
1031 2842 1136 2869 Hister.
1155 2840 1299 2877 Compend.
1317 2840 1379 2878 pag.
1398 2842 1460 2875 453,
1477 2842 1570 2869 Venet.
1585 2840 1664 2868 1⁵1ιῖ9.
