1881 3077
159 154 194 186 27
744 148 786 178 ΙΝ
807 145 1071 178 AMPHILOCHIA
1086 145 1184 175 PHOT
1187 145 1216 175 ΙΙ
1760 144 1794 175 23

160 207 331 239 tlatholicos,
353 207 377 234 si
397 209 494 234 extera
517 204 638 240 ejusdem
660 204 781 231 auctoris
803 204 906 238 scripta
927 204 954 230 in
971 207 991 232 Α
1007 202 1167 236 Scriptores.
1181 210 1213 230 ac
1233 202 1426 238 Photiusipse,
1443 207 1541 230 auctor
1553 201 1657 237 alioqui
1673 202 1797 230 disertis-

162 256 262 287 lucem,
286 259 483 288 aspectumque
505 253 698 288 producerent,
722 251 888 278 novissimus
908 250 953 277 ille

164 300 342 329 delirantium
366 299 554 327 Graeculorum
571 298 687 325 malleus
704 297 759 324 Leo
776 297 891 324 Allatius
909 297 952 323 di-

164 348 317 374 sm'tissime
333 346 427 374 docuit
443 347 493 381 (4),

197 393 301 420 Deinde
324 393 522 428 praeclarorum
547 390 729 426 quorumdam
755 391 876 417 virorum
909 397 954 416 me

159 440 315 474 exemplum
336 439 508 466 continuavit
535 446 541 464 :
569 446 631 464 cum
663 437 734 463 enim
767 444 816 470 per
838 435 952 462 Franci-

161 492 237 512 scum
256 485 449 511 Combelisium
480 484 533 519 (5),
576 482 746 509 Bernardum
780 480 952 508 Montfauco-

160 531 235 558 nium
254 532 302 566 (li),
323 535 349 558 et
361 531 590 565 Christophornm
603 528 733 555 Wollium
752 528 790 563 (7)
807 527 953 554 nonnullas

159 578 263 612 pariter
280 577 514 611 Amphilochinnas
533 575 698 608 Qitwstiones
725 575 763 601 in.
776 581 951 601 communem

161 630 241 649 usum
254 622 347 649 Giaace
371 627 397 649 et
412 622 508 648 Latine
521 621 643 656 prolatas
657 620 785 646 vidissem
803 627 809 645 :
826 626 859 645 ac
875 619 951 652 plura

159 669 328 702 reliquarum
346 667 569 702 ἀποσπασμάτια
583 675 598 693 a
619 673 708 701 nuper
722 666 831 692 laudato
853 665 952 691 Allatio

159 714 207 748 (8),
234 720 261 741 et
286 723 301 741 θ
322 711 472 741 Franciseo
491 713 627 740 Turriano
644 713 683 747 (9)
706 713 733 738 in
758 711 847 738 tnedio
862 711 951 745 posita

159 769 213 787 non
230 761 420 796 ignorassem;
447 767 599 794 eorumque
620 759 740 786 editores
761 758 844 788 bona,
865 762 895 784 ut
914 757 950 784 ita

157 806 259 839 dicam,
283 807 370 841 gratia
389 807 424 833 ab
448 806 601 833 litterarum
622 812 680 839 rep.
696 804 949 831 animadvertissem

157 857 287 887 exceptos
309 861 316 878 :
339 861 388 887 par
423 859 588 887 mquumque
609 851 675 878 duxi
696 850 730 878 ad
750 850 874 877 eamdem
889 856 951 883 gra-

1004 248 1103 281 simus,
1121 256 1136 274 a
1157 249 1246 283 prisca
1270 248 1447 283 Ἀττικισμοῦ
1470 249 1603 282 elegantia
1620 248 1795 278 desciverint,

1005 299 1032 321 et
1047 300 1148 329 quanta
1165 295 1282 330 denique
1295 296 1464 322 obscuritate
1476 302 1508 322 ex
1525 295 1620 322 eodem
1639 295 1796 329 scriptionis

1003 340 1070 367 vitio
1083 347 1224 367 sermones
1233 340 1383 374 pra-.sertim
1397 339 1583 366 διδασκαλικοὶ
1598 339 1795 366 ebvolvantur.

1005 384 1093 412 Verba
1117 385 1191 412 enim
1213 386 1337 420 τεχνικὰ,
1356 391 1386 412 et
1398 385 1508 420 quidem
1533 384 1711 419 σχολαστικὰ,
1737 393 1796 419 qua:

1005 435 1069 458 tunc
1101 433 1231 467 temporis
1259 433 1490 466 percrebuerant;
1524 433 1797 466 argumentationum

1005 477 1267 512 cavillationumque
1287 478 1464 509 subtilitatcs,
1487 478 1589 512 quibus
1614 478 1714 513 ingenii
1731 486 1797 504 aru-

1004 530 1065 548 men
1095 530 1156 550 sese
1177 523 1316 557 jactabat;
1341 531 1373 550 ac
1393 524 1566 558 periodorum
1596 523 1796 558 μεγαλοκώλων

1004 569 1143 605 implicata
1167 572 1322 606 prolixitas,
1347 572 1372 598 in
1397 579 1451 606 qua
1477 572 1633 606 praecipuus
1661 572 1796 599 Orationis

1004 617 1094 644 cultus
1111 617 1338 650 constituebatur,
1355 623 1420 644 sunt.
1438 618 1563 652 quaedam
1578 618 1660 644 veluti
1678 618 1796 652 impedi-

1004 670 1111 695 menta,
1141 672 1203 699 quae
1232 665 1327 692 lectori
1359 665 1392 691 ad
1414 673 1525 691 sensum
1553 670 1626 692 recte
1648 665 1795 692 tenendum

1003 710 1149 738 identidem
1166 710 1345 745 objiciuntur.
1358 710 1417 743 Quo
1431 710 1533 737 factum
1546 714 1588 737 est
1617 714 1645 736 ut
1665 710 1697 736 ad
1711 717 1794 736 unutn

1002 763 1098 783 omnes
1122 756 1237 783 istorum
1263 756 1421 784 Graecorum
1444 755 1617 790 interpretes.
1640 756 1705 783 dum
1727 763 1796 790 prae-

1002 801 1106 834 fantur,
1128 802 1226 828 bonam
1248 809 1270 828 a-
1287 801 1437 828 lectoribus
1455 805 1602 836 precentur
1622 801 1740 832 veniam,
1765 805 1796 828 ut

1002 848 1053 876 sibi
1075 847 1271 883 παροράματα,
1285 847 1312 874 in
1327 855 1388 882 qua:
1399 855 1448 881 pro
1468 847 1661 874 vertendorum
1679 855 1794 881 operum

157 899 222 926 tiam
233 899 391 932 iucundam,
407 899 511 926 viribus
523 899 585 925 licet
597 897 758 932 imparibus,
768 897 946 923 contendere.
964 891 986 918 Β
1001 894 1158 921 dillicultate
1179 893 1336 926 inciderint,
1362 893 1477 920 libenter
1505 893 1658 927 ignoscant.
1680 893 1795 920 Accedit

156 944 282 972 Profecto
302 945 353 972 hac
371 946 397 971 in
413 953 442 972 re
455 944 518 971 illud
529 951 579 978 ego
591 942 735 970 consilium
746 946 857 969 secutus
874 948 946 972 sum,

156 990 230 1024 quod
249 989 358 1024 plurimi
378 990 435 1024 jam
456 989 560 1024 pridem
576 989 727 1022 scriptores
750 990 946 1020 susceperant;

157 1038 188 1060 ut
205 1034 310 1061 scilicet
325 1042 408 1068 quam
426 1034 609 1061 celebritatem
629 1032 737 1060 libellus
751 1040 830 1060 meus
842 1039 874 1058 ex
888 1031 948 1058 edi-

156 1080 225 1107 toris
243 1081 341 1107 merito
362 1088 415 1107 non
436 1085 530 1114 posset
556 1079 608 1106 sibi
631 1079 788 1110 vindicare,
813 1078 884 1105 hanc
901 1085 949 1112 per

155 1124 246 1151 l’hotii
262 1134 359 1152 nomen
375 1126 519 1160 acquirere
533 1125 681 1152 videretur.

191 1172 336 1200 Postremo
351 1173 376 1199 id
393 1173 520 1205 accessit,
533 1172 562 1199 in
577 1179 642 1206 quo,
665 1170 776 1198 tametsi
789 1170 868 1198 multi
884 1178 949 1206 pue-

156 1217 235 1244 rilem
255 1219 402 1252 quamdam
416 1219 535 1245 sentient
550 1218 702 1251 levitatem;
729 1222 756 1244 tu
778 1222 880 1249 tatnen,
908 1216 947 1244 le-

155 1269 216 1291 ctor
230 1265 438 1295 humanissime,
457 1265 503 1300 qui
521 1264 660 1291 hominum
672 1268 789 1290 mentem
805 1263 949 1290 levissimis

155 1311 292 1338 interdum
315 1312 468 1338 rationibus
490 1311 604 1340 moveri.
628 1318 660 1337 ac
673 1310 777 1337 versari
798 1317 852 1336 non
868 1310 949 1337 dubi-

157 1361 209 1388 tas,
219 1360 323 1382 tantum
336 1356 430 1390 utique
442 1356 571 1390 ponderis
583 1361 729 1388 agnosces,
744 1359 876 1388 quantum
888 1353 949 1379 ani-

155 1410 201 1429 mo
222 1403 348 1429 titubanti
365 1403 403 1429 ad.
416 1401 617 1429 decernendum
639 1402 706 1428 satis
723 1408 785 1427 esse
805 1407 950 1434 perspexe-

155 1450 204 1476 ris.
219 1448 295 1476 Nosti
314 1448 443 1475 nimirum
466 1448 498 1474 ad
524 1447 688 1482 praclarum
711 1446 777 1475 illud
794 1445 885 1473 Photii
901 1445 949 1471 Φι-

155 1494 323 1529 λοτέχνημα,
340 1494 412 1529 quod
432 1493 627 1528 Μυριόὸιὸλον,
649 1500 698 1520 seu
719 1491 887 1519 Bibliotheca
909 1491 951 1517 in-

156 1541 296 1572 scribitur,
319 1539 567 1574 interpretandum,
585 1543 647 1573 post
660 1538 784 1566 Grzeeam
797 1536 949 1565 Hossdielii

155 1585 302 1613 editionem
334 1585 450 1612 alterum
487 1585 610 1612 Scottum
634 1584 745 1620 optimis
762 1583 893 1618 auspiciis
910 1583 952 1610 in-

155 1633 285 1659 cubuisse
302 1630 358 1666 (l0)
376 1638 382 1658 :
400 1635 487 1658 necte
501 1631 580 1661 fallit.
596 1638 678 1665 quam
704 1630 773 1657 bene
792 1637 823 1656 ea
846 1635 951 1664 tempe-

157 1684 230 1705 state
242 1679 269 1705 in
293 1677 419 1704 ΦΩΤΙΟΥ
444 1685 477 1705 ac
490 1676 652 1703 ΣΚΟῚἽΟΥ
666 1675 825 1703 nominibus
838 1675 954 1703 luserint

159 1725 258 1751 eruditi
279 1724 346 1759 (Ii).
363 1723 430 1750 Cum
446 1724 536 1758 itaque
553 1725 609 1749 hth
624 1730 675 1758 ego
686 1730 798 1757 quoque
810 1727 952 1757 perspecta

164 1772 306 1803 haberem,
330 1771 356 1797 ili
376 1770 500 1797 eamdem
519 1777 630 1796 arenam
650 1769 717 1796 mihi
732 1769 952 1796 descendendum

159 1817 272 1852 putavi;
292 1821 319 1843 et
338 1821 412 1843 certe
439 1816 582 1842 universas
607 1814 764 1848 hujusmodi
786 1813 922 1841 Diatribas
937 1822 953 1840 e

157 1862 292 1890 Vaticano
308 1862 402 1889 codice
423 1861 578 1896 exscriptus
594 1860 668 1888 facili
686 1860 795 1895 negotio
817 1860 953 1887 obtinuis-

156 1916 226 1942 scm,
253 1908 491 1942 prodidissemque
520 1907 548 1933 in
578 1906 678 1937 lucem,
706 1906 759 1933 nisi
791 1906 862 1933 votis
883 1906 952 1933 meis

157 1955 241 1981 multa
257 1959 281 1981 et
292 1954 385 1989 gravia
400 1953 573 1980 obstitissent
588 1953 794 1987 impedimenta.

194 1999 240 2026 lla-
258 2005 348 2026 autem
371 1999 550 2033 quaestiones,
568 2002 598 2024 ut
611 1998 638 2024 in
652 1997 780 2025 Latinutn
799 2006 952 2025 sermonem

159 2044 385 2075 transferrentur,
400 2049 534 2078 quantum
563 2044 709 2070 habuerint
730 2043 900 2070 dillicnltatis
920 2051 953 2070 ac

157 2090 270 2121 laboris,
288 2089 327 2115 illi
342 2089 436 2123 utique
452 2088 628 2123 perspicient,
645 2087 693 2122 qui
718 2088 793 2122 ipsas
817 2095 870 2113 non
890 2095 953 2122 rap-

158 2143 217 2170 t.m,
232 2136 279 2164 sed
292 2140 394 2162 attente
407 2136 496 2170 legent
509 2144 516 2168 ;
534 2142 585 2161 nec
600 2136 696 2169 quales
706 2140 767 2169 post
783 2140 903 2169 apertam
918 2133 954 2161 ad

158 2190 270 2209 senserit
285 2184 356 2208 viam
370 2183 526 2213 videantur,
541 2182 588 2208 sed
605 2181 702 2216 quales
715 2180 827 2213 fuerint,
841 2181 905 2207 dum
921 2188 953 2207 ea

1001 941 1074 975 quod
1097 939 1213 967 Photius
1230 940 1256 967 in
1272 940 1397 974 epistola,
1414 947 1496 974 quam
1514 947 1577 966 eum
1595 939 1670 966 hisce
1687 939 1795 966 Disser-

1001 987 1150 1014 tationibus
1169 986 1203 1013 ad
1225 986 1447 1021 Amphilochium
1471 986 1563 1018 mittit,
1587 987 1645 1021 ipse
1676 986 1794 1021 ingenue

1001 1032 1102 1059 fatetur
1128 1040 1158 1059 se
1182 1040 1233 1058 non
1255 1031 1420 1058 elaboratur):
1444 1031 1615 1065 locutionem,
1644 1034 1689 1059 sed
1718 1032 1795 1059 obvia

998 1087 1108 1114 quisque
1134 1078 1261 1105 vocabula
1289 1078 1447 1106 adhibuisse
1471 1079 1527 1114 (ίῖ)
1563 1088 1571 1106 :
1606 1085 1636 1106 ut
1670 1078 1797 1106 fortassis

999 1125 1097 1152 innuat
1118 1130 1278 1152 accuratam
1301 1127 1343 1152 se'
1361 1125 1512 1159 neglexisse
1535 1125 1694 1156 dictionem.
1712 1131 1797 1160 atque

1000 1171 1068 1198 adeo
1081 1171 1228 1198 lectoribus
1242 1171 1305 1206 plus
1331 1170 1433 1198 laboris
1461 1170 1605 1206 reliquisse
1633 1171 1796 1206 impenden-

1001 1217 1079 1244 dum.

1036 1263 1102 1296 Quae
1127 1271 1190 1290 cum
1214 1263 1251 1290 ita
1269 1270 1300 1290 se
1321 1262 1448 1296 habeant,
1475 1263 1614 1290 nonnullis
1629 1263 1655 1290 in
1671 1264 1750 1297 locis,
1766 1268 1797 1291 ut

1001 1307 1079 1336 Fabii
1097 1309 1188 1336 verbis
1206 1314 1279 1340 utar,
1301 1309 1537 1343 περιφραστικῶς,
1564 1318 1610 1336 δρα
1630 1310 1750 1344 pluribus
1768 1311 1796 1337 id

1001 1356 1096 1387 verbis,
1116 1355 1186 1390 quod
1198 1363 1250 1382 uno
1270 1355 1311 1382 vel
1343 1356 1512 1389 paucioribus
1526 1356 1579 1383 dici
1592 1358 1731 1391 potuisset,
1748 1365 1797 1384 ea:—

1000 1402 1155 1435 plicamlum
1172 1402 1264 1428 curavi
1283 1402 1350 1436 (15).
1369 1402 1463 1436 Neque
1483 1402 1599 1435 hujusce
1621 1411 1665 1429 tne
1686 1404 1796 1430 consilii

1001 1449 1133 1483 ptenitet;
1148 1456 1209 1476 sum
1229 1449 1301 1475 enim
1319 1448 1400 1476 Tullii
1417 1450 1572 1483 exemplum
1596 1454 1720 1483 secutus,
1746 1451 1795 1484 qui

1002 1502 1049 1520 nec
1065 1499 1163 1526 tamen,
1188 1495 1287 1528 inquit,
1309 1495 1421 1529 exprimi
1441 1496 1547 1522 verbum
1565 1503 1578 1522 e
1599 1497 1675 1522 verbo
1694 1504 1799 1523 necesse

1001 1541 1061 1570 erit.
1076 1546 1104 1566 ut
1120 1541 1275 1575 interpretes
1292 1542 1414 1568 indiserti
1431 1542 1533 1575 solent;
1547 1550 1607 1568 cum
1621 1543 1656 1568 sit
1678 1544 1798 1576 verbum,

1003 1585 1072 1620 quod
1090 1586 1158 1612 idem
1172 1587 1288 1614 declaret
1306 1587 1389 1621 magis
1422 1588 1540 1613 minusve
1558 1588 1696 1614 usitatum.
1714 1587 1799 1623 hqui-

1004 1635 1060 1659 dem
1076 1633 1147 1659 soleo
1164 1633 1256 1665 etiam,
1273 1634 1342 1668 quod
1358 1641 1409 1660 uno
1426 1633 1522 1667 erci,
1539 1635 1563 1660 si
1578 1633 1656 1660 aliter
1669 1643 1720 1662 non
1736 1643 1801 1669 pos-

1003 1686 1072 1710 sum,
1086 1679 1155 1705 idem
1168 1679 1293 1713 plurimis
1308 1681 1391 1706 verbis
1407 1688 1535 1714 exponere
1549 1681 1616 1716 (14).
1631 1680 1726 1715 Itaque
1737 1689 1800 1708 ver-

1004 1725 1109 1751 sionem
1130 1725 1200 1752 κατά
1214 1725 1298 1758 λέξιν,
1334 1731 1428 1761 utpote
1442 1728 1533 1753 minus
1552 1733 1733 1762 opportunam
1754 1727 1800 1755 in-

1005 1769 1112 1796 terdum
1135 1771 1227 1805 rejcci,
1251 1775 1308 1798 tum
1331 1772 1396 1806 quia
1414 1772 1579 1800 Grmeanicac
1597 1773 1696 1806 linguae
1721 1773 1800 1808 inge-

1005 1817 1079 1843 nimn
1100 1825 1115 1844 a
1131 1816 1228 1844 Latiali
1246 1818 1395 1845 abhorrere
1414 1818 1568 1850 videbatur,
1581 1823 1638 1845 tum
1654 1819 1718 1853 quia
1734 1827 1801 1854 per-

1007 1863 1148 1897 spicuitati
1164 1863 1263 1890 melius
1278 1864 1434 1896 consulere,
1459 1872 1492 1891 ac
1513 1865 1635 1892 molestis
1650 1865 1798 1892 verborum

1004 1910 1169 1945 ambagibus
1184 1910 1313 1938 lectorem
1330 1919 1383 1938 non
1409 1916 1536 1946 torquere
1558 1912 1625 1938 mihi
1648 1920 1802 1948 proposue-

1005 1964 1074 1984 ratn.
1089 1957 1166 1984 llanc
1177 1957 1261 1984 etiam
1273 1958 1308 1984 ob
1321 1965 1432 1985 causam
1448 1966 1647 1994 nonnunquam
1660 1960 1686 1986 in
1698 1960 1801 1987 verbo-

1005 2010 1064 2029 rum
1077 2003 1196 2034 delectu,
1214 2009 1241 2030 et
1260 2003 1451 2036 collocatione,
1476 2009 1505 2030 ut
1519 2005 1669 2038 planiorem
1686 2006 1802 2040 legenti-

1004 2050 1056 2077 bus
1086 2058 1198 2077 sensum
1230 2058 1412 2085 exponerem,
1446 2051 1480 2078 ab
1515 2052 1675 2087 incorrttpla
1709 2052 1801 2080 Latini

1005 2097 1143 2123 sermonis
1157 2096 1313 2132 integritate
1329 2097 1455 2124 consulto
1476 2099 1577 2125 recessi
1594 2107 1601 2124 :
1615 2099 1750 2134 siquidem
1765 2101 1802 2127 ab

1005 2141 1165 2176 hujusmodi
1197 2143 1326 2177 operibus
1358 2152 1411 2170 non
1445 2144 1609 2173 elocutionis
1639 2145 1731 2177 liores,
1750 2148 1801 2174 sed

1004 2189 1151 2215 verilatum
1174 2188 1282 2216 fructus
1303 2195 1463 2224 exspectant
1487 2191 1597 2218 eruditi.
1619 2190 1653 2218 Et
1667 2191 1800 2219 nimirum

158 2229 348 2269 delitescebat,
367 2228 514 2264 diligenter
538 2229 702 2263 cxpendant.
720 2227 897 2262 Compertum
913 2231 951 2254 est

1030 2234 1134 2262 leniens
1156 2235 1362 2262 Alexandrinus
1390 2242 1483 2271 aperte
1512 2239 1693 2272 protiteliatur
1715 2247 1745 2266 se
1772 2240 1800 2266 in

158 2276 232 2303 enim
258 2275 298 2302 vel
325 2275 391 2310 ipsis
416 2275 638 2308 adolescentulis,
653 2274 701 2308 qui
718 2273 827 2301 Graecas
847 2274 951 2301 litteras

159 2331 201 2350 Vix
214 2331 229 2350 a
244 2323 338 2349 limine
357 2323 523 2353 salutat-unt.
547 2326 681 2356 quantum
699 2322 732 2348 ad
751 2321 947 2356 manuscripto-

158 2377 231 2402 rum,
247 2377 307 2403 quin
320 2371 441 2395 nondum
455 2368 544 2395 lucem
567 2373 744 2403 aspexerant.
777 2373 879 2395 rectam
911 2367 950 2394 le-

158 2416 276 2443 ctionem
286 2417 460 2441 statuendam
473 2413 634 2440 insudemus
648 2422 654 2439 :
667 2419 800 2447 quantum
810 2412 890 2439 medii
901 2413 950 2439 a-vi

194 2472 232 2522 (ᾗ)
248 2471 427 2522 ρο
450 2471 543 2498 Occid.
565 2475 589 2497 et
614 2469 716 2498 Orient.
736 2471 905 2497 consensione
932 2470 950 2497 l.

159 2516 188 2538 ιι,
208 2518 232 2534 c.
248 2510 275 2538 ti,
294 2515 319 2538 ι).
338 2507 399 2534 576.

248 2515 280 2569 ii.
294 2515 492 2577 lidiiiﬁiiloc‘liii,
505 2542 618 2569 Andreae
630 2542 774 2574 Cretensis,
788 2545 814 2568 et
823 2540 952 2568 Methodii

159 2577 237 2612 Oper.
269 2577 438 2613 Responsum
467 2579 501 2605 57
527 2579 576 2606 init
604 2579 801 2613 editumﬂpag.
830 2577 952 2613 226,7“

158 2612 330 2676 ltesponisuni
351 2613 412 2646 125,
426 2616 453 2640 in
467 2615 572 2641 Asteria
589 2614 616 2642 in
629 2619 704 2641 calce
718 2612 751 2640 V.
761 2613 881 2639 ductarii
895 2612 952 2639 No-

158 2657 217 2676 vum
234 2654 252 2676 t.
284 2669 291 2676 .

158 2657 217 2676 vum
234 2654 252 2676 t.
272 2654 291 2676 I.

193 2686 231 2720 (ϋ)
250 2684 277 2710 1η
297 2683 426 2719 Catalogo
449 2684 613 2712 bibliothecw
631 2684 802 2712 Coisliniame
816 2684 952 2711 habentur

157 2725 277 2756 quatuor
302 2719 457 2753 hujusmodi
484 2728 614 2755 responsa
638 2721 784 2756 diligenter
813 2723 897 2752 edita,
923 2724 950 2747 et

158 2755 342 2790 Latinerversa
360 2763 410 2789 pag
435 2756 525 2782 541381,
536 2764 614 2790 seqq.
642 2782 644 2784 .

192 2790 231 2825 (7)
252 2789 280 2816 In
293 2790 370 2816 Curia
385 2790 550 2825 pllilologicis
576 2789 600 2818 et
615 2792 728 2822 criticis,
749 2796 815 2818 tom.
837 2790 869 2822 ν,
887 2799 949 2826 pag.

157 2825 208 2852 551
224 2831 251 2852 et
263 2834 339 2860 seqq.
358 2827 403 2852 ubi
418 2832 480 2853 sunt
501 2834 630 2861 responsa
646 2828 708 2860 123,
725 2830 773 2854 sed
794 2833 905 2860 nostris,
923 2825 950 2854 ιιι

157 2861 316 2895 plurimum,
335 2860 470 2888 breviora.

1002 2278 1147 2305 scribendo
1166 2279 1328 2314 elegantiam
1363 2281 1431 2316 μήτε
1463 2282 1693 2317 μεμελετηκέναι,
1727 2284 1800 2320 μήτε

1003 2323 1246 2359 ἑπιτηδεύειν......
1274 2326 1338 2357 τοὺς
1350 2327 1404 2362 γὰρ
1432 2327 1487 2353 τῶν
1511 2327 1611 2360 λέξεων
1635 2329 1799 2364 ἐχομένους,

1003 2371 1050 2396 καὶ
1061 2371 1126 2406 περὶ
1137 2372 1223 2400 ταῦτα
1236 2373 1450 2408 ἀσχολουμένους
1463 2374 1644 2410 διαδιδράσκει
1661 2378 1694 2403 τὰ
1709 2378 1802 2413 πράγ-

1004 2426 1087 2453 ματα,
1108 2427 1187 2454 naque
1206 2420 1355 2454 affectasse,
1373 2429 1419 2447 nec
1441 2420 1523 2455 fuisse
1555 2428 1731 2451 sectatum....
1754 2433 1801 2452 eos

1029 2473 1077 2514 .(8)
1098 2473 1133 2515 V_._
1151 2474 1297 2515 Syntagtug
1330 2476 1361 2503 de
1389 2476 1619 2514 Engastrimyl/to,
1647 2488 1706 2515 cap.
1723 2481 1740 2508 Ξ
1761 2481 1801 2509 De

1004 2507 1185 2546 Sirtteouibusﬁ,
1205 2507 1265 2546 pag.
1282 2512 1308 2539 5.

1031 2545 1077 2587 ,ςξη
1100 2545 1221 2587 lle/enata
1243 2545 1429 2587 Epistolarum
1449 2550 1619 2587 pontificum,
1645 2558 1706 2586 pag.
1720 2552 1757 2579 2-i-
1771 2557 1799 2579 et

1096 2580 1132 2607 De
1157 2581 1219 2615 jure
1243 2584 1385 2610 ordinandi
1417 2580 1553 2612 ministros
1579 2580 1714 2620 Εέειὲδὶἆξ,
1733 2596 1797 2624 pag.

1021 2622 1064 2642 ῧῦ.

1039 2650 1094 2684 (10)
1113 2651 1180 2679 Vide
1194 2653 1340 2681 editionem
1358 2653 1478 2682 Coloniae
1494 2664 1539 2683 an.
1558 2656 1636 2684 1611.

1021 2687 1094 2729 ιμί)
1112 2686 1247 2729 damotius
1271 2691 1432 2729 przehsertim,
1450 2699 1482 2718 ac
1500 2691 1701 2725 Pierscumcns,
1727 2702 1801 2729 quos

1002 2723 1077 2784 Ἡ)αὲ
1092 2724 1143 2784 niis:
1164 2724 1247 2758 piget,
1270 2725 1296 2752 in
1312 2724 1517 2761 Prolegomenis
1532 2728 1565 2754 ad
1578 2723 1726 2756 editionem
1737 2723 1768 2757 in

1002 2767 1008 2784 ί
1082 2766 1109 2784 Ut
1118 2766 1132 2784 a
1148 2768 1201 2784 al”.

1001 2764 1036 2784 (10
1054 2764 1201 2786 laudatam.

1038 2793 1094 2830 ita)
1112 2793 1176 2830 \lide
1194 2795 1320 2830 paginam
1338 2796 1365 2823 5.

1038 2829 1096 2868 μδ)
1117 2828 1299 2868 instituerat.
1316 2831 1362 2858 tib.
1379 2839 1438 2864 thl,
1456 2840 1480 2860 c.
1495 2833 1521 2868 ὃ,
1535 2840 1562 2863 et
1578 2834 1625 2863 lib.
1647 2841 1686 2868 ix,
1698 2841 1724 2863 c.
1740 2836 1772 2864 2.

1036 2866 1092 2899 μή)
1113 2865 1148 2891 Ue
1164 2865 1274 2900 ﬁnibus,
1289 2867 1335 2894 lib.
1350 2875 1391 2900 in,
1404 2868 1484 2897 0.15.
