1881 3077
83 136 119 167 29
441 132 445 136 ‘
754 132 1049 163 PROLEGOMENA.
1683 137 1720 168 ευ

83 194 165 221 cnim.
185 190 230 223 qui
246 189 439 216 edictionibus
457 190 581 223 pendent.
605 194 629 216 et
649 190 676 216 in
689 190 723 216 iis
743 197 877 224 occupan-
894 195 914 221 Α
930 189 966 215 ibi
985 193 1060 222 sunt,
1078 194 1107 215 ut
1121 189 1180 223 ipsa
1200 190 1288 224 capita
1306 195 1509 219 recense-antur.
1528 191 1563 218 At
1578 199 1628 227 ego
1644 213 1652 226 ,
1667 193 1720 220 nisi

84 244 139 265 tur.
156 238 223 271 ipsa:
239 244 279 262 res
300 235 431 271 effugiunt
451 235 518 270 (15).
543 235 613 262 Alibi
637 243 748 270 quoque
769 236 826 270 ipso
848 235 881 262 de

82 291 124 315 se,
146 282 236 317 Ἐμοὶ,
252 282 352 316 inquit,
368 282 511 316 πρόκειται
530 281 694 315 εὐγλωττίαν
716 281 822 317 μήποτε
835 281 883 316 ζη-

83 330 196 361 λοῦντα,
207 328 354 365 ἀρκεῖσθαι
367 329 440 364 μόνῳ
456 329 495 363 τῷ
512 327 668 360 αἰνίξασθαι
683 328 713 355 τὸ
725 328 881 362 νοούμενον

81 377 171 411 ὁποίῳ
187 376 215 402 δὲ
232 376 345 410 ὀνόματι
360 375 488 410 δηλοῦται
505 375 595 406 τοῦτο,
615 375 683 410 ὅπερ
704 374 881 409 παραστῆσαι

83 422 229 457 βούλομαι,
254 421 336 448 οὐθέν
357 431 402 457 μοι
426 422 512 456 μέλει.
549 421 616 448 Mihi
656 422 818 455 propositum
843 425 882 447 est

82 473 113 494 ut
135 468 313 494 elocutionem
329 476 463 503 nunquam
479 468 608 502 affectans
637 472 774 494 contentus
785 469 846 499 sim,
858 467 881 493 si

82 512 230 546 cogitatum
252 520 338 539 meum
355 513 504 544 declarent;
522 521 639 547 quanam
654 521 712 539 vero
737 513 808 539 istud
823 521 882 540 voce

81 558 243 592 explicetur,
254 558 323 592 quod
332 566 460 592 exponere
471 558 541 589 volo,
558 558 623 584 nihil
634 567 690 584 mea
700 559 880 594 ἱηιενεειμϋ).

82 604 163 636 Quod
194 608 283 631 autem
300 604 386 638 stylus
401 604 574 638 potissimum
590 605 617 631 in
633 605 762 634 curandis
777 605 881 632 versio-

84 649 170 676 ntbus
189 649 224 676 ad
248 649 406 682 huiusmodi
427 651 548 684 regulam
571 651 732 686 dirigendus
756 651 802 684 sit,
821 650 882 678 l'use

83 695 178 722 docuit
202 694 234 721 D.
251 695 435 730 Hieronymus
448 695 516 731 (17).

119 740 176 768 Nec
195 741 287 768 minus
306 741 423 769 fortasse
440 741 544 776 profuit
559 741 748 777 παρενθέσεις,
768 749 830 776 qua:
852 741 879 768 in

84 786 255 821 αὺτογράφῳ
271 786 397 820 deerant,
421 795 473 822 pro
495 795 525 815 re
543 793 608 814 nata
623 788 787 815 intersererc
801 808 808 820 ,
829 796 879 815 nec

83 841 141 860 non
165 837 193 860 et
219 833 302 860 verba
325 841 467 861 sacrarum
502 833 680 868 Litterarum,
708 834 881 870 aliorumque

933 235 1023 268 fallor,
1046 236 1073 262 in
1098 235 1259 263 minutiores
1278 236 1371 271 utique
1395 241 1487 272 partes
1510 241 1594 265 lotam
1618 240 1721 266 oratio—

933 289 994 309 nem
1021 281 1149 309 distribui
1171 290 1178 308 :
1199 290 1280 316 quam
1297 282 1496 310 institutionem
1512 283 1569 318 jam
1590 292 1675 319 usque
1688 285 1722 311 ab

933 328 1046 355 exordio
1060 334 1228 362 susceptam,
1240 333 1457 356 consentaneum
1474 328 1524 356 fuit
1538 330 1579 357 vel
1594 330 1620 356 in
1634 339 1720 365 nuper

932 379 1084 401 memorato
1104 373 1255 409 fragmento
1281 375 1428 409 persequi;
1452 381 1533 409 atque
1557 376 1626 403 adeo
1647 378 1720 412 quod

933 427 986 446 uno
1012 418 1133 446 Vaticani
1160 419 1264 446 codicis
1290 420 1379 453 capite
1399 420 1567 454 continetur,
1594 421 1619 448 id
1646 430 1719 456 saepe

932 464 1041 490 duobus
1051 464 1077 490 in
1087 469 1181 491 nostra
1191 463 1311 490 editione
1327 465 1470 499 cxplendis
1483 466 1716 493 accommodatur.

932 509 1042 536 Scilicet
1060 517 1222 543 persuasum
1240 515 1281 536 est
1305 510 1371 536 mihi
1396 517 1456 537 eam
1480 511 1646 545 voluptatem
1674 521 1721 546 pm‘

932 555 1089 589 hujusmodi
1120 555 1256 590 κεφάλαια
1278 556 1430 584 lectoribus
1453 558 1604 590 conciliari,
1639 567 1720 593 quam

932 608 980 635 per
992 601 1095 636 lapides
1111 601 1238 628 milliaria
1254 606 1379 630 notantes
1395 603 1536 638 percipere
1553 605 1641 632 solent
1662 605 1722 631 via-

932 652 1004 674 tores
1020 647 1088 682 (18).

966 691 1027 719 Jam
1037 700 1101 720 vero
1112 692 1243 727 quidquid
1260 692 1438 726 Coisliniano,
1455 693 1628 728 Taurinensi,
1649 695 1723 722 Vati-

932 746 1013 770 cano,
1034 747 1067 766 ac
1093 738 1243 766 Barberino
1268 747 1335 766 mss.
1352 746 1494 775 acceptum
1518 741 1673 773 referimus,
1695 743 1722 769 in

932 785 1033 813 notulis
1048 793 1099 812 suo
1113 786 1173 812 loco
1186 785 1315 819 subjectis
1330 786 1532 821 proﬁtcbimur.
1546 788 1582 814 At
1595 788 1649 814 duo
1661 788 1723 822 qui-

932 832 992 859 dem
1011 833 1101 867 priora
1114 833 1273 860 studuimus
1289 833 1323 860 de
1340 833 1393 860 illis
1407 834 1597 861 tantummodo
1611 835 1722 862 dubita-

83 880 264 914 snriptorum,
286 880 345 907 sive
360 880 493 915 ἀκριϐῶς,
511 881 570 908 sive
585 880 816 916 μεταφραστικῶς
830 882 878 907 ad-

967 879 1053 906 nnibus
1071 880 1230 912 consulere,
1243 887 1312 915 quas
1335 881 1414 908 nobis
1435 880 1514 915 primi
1539 882 1722 916 qua-stionum

84 925 170 951 ducta
190 926 305 956 cursivo,
334 929 364 952 ut
389 926 477 958 aiunt,
499 927 659 954 charactere
682 927 840 954 exscribere
869 936 877 954 :

85 969 141 995 hoc
153 969 238 1002 enim,
252 969 325 1003 quod
347 969 413 996 mihi
431 977 486 997 non
503 971 618 998 multum
643 971 742 1006 negotii
754 971 877 1005 facessit,

85 1013 206 1042 fortasse
229 1015 331 1042 alicubi
352 1015 449 1043 lectori
475 1017 528 1043 erit
554 1017 723 1050 adjumento.
746 1016 879 1045 Praeterea

84 1061 133 1088 abs
152 1069 183 1088 re
202 1068 256 1088 non
274 1061 340 1088 duxi
358 1062 429 1095 loca,
453 1062 525 1089 unde
548 1063 606 1098 ipsa
628 1064 711 1091 verba
735 1064 879 1098 desumpta

85 1113 160 1138 sunt,
177 1107 206 1134 in
222 1107 275 1133 ima
291 1108 398 1142 pagina:
409 1115 457 1135 ora
471 1108 593 1136 indicare
607 1118 613 1136 :
632 1116 665 1136 ac
680 1109 802 1144 denique
816 1117 879 1137 ver-

85 1155 191 1181 sionem
212 1152 283 1180 l.XK
299 1154 440 1181 seniorum
455 1162 470 1181 a
484 1153 584 1182 Pllotio
599 1155 722 1189 allatam,
736 1163 798 1183 cum
827 1164 879 1184 no-

87 1205 144 1226 stra
154 1199 282 1234 Vulgata,
299 1207 383 1234 quain
395 1200 454 1234 tibi,
472 1200 569 1233 lector,
586 1200 792 1229 falniliariorem
804 1210 877 1237 reor,

85 1252 258 1273 commutare
270 1255 277 1273 ε
291 1247 387 1280 paucis
405 1251 510 1274 tantum
527 1248 650 1282 exceptis
675 1248 752 1280 locis,
771 1249 798 1276 in
816 1249 880 1284 qui-

85 1293 145 1325 bus,
162 1295 202 1319 uti
218 1293 405 1326 monebimus,
429 1294 562 1322 orationis
575 1299 721 1322 contextus
734 1295 875 1323 adversari

86 1341 238 1367 videbatur.

119 1387 207 1413 Porro
230 1395 283 1422 ego
312 1391 444 1422 punctum
472 1387 550 1420 illud,
573 1387 647 1422 quod
671 1387 753 1421 ﬁnale
771 1392 880 1421 vocant,

82 1438 190 1467 quoties
204 1433 355 1467 perfectus,
375 1433 585 1468 completusquc
598 1433 744 1460 verborum
761 1434 880 1461 ambitus

84 1479 218 1506 absoluta:
232 1480 361 1515 περιόδου
376 1480 483 1516 signum
502 1480 669 1515 postulabat,
686 1487 748 1507 meo
760 1480 822 1515 jure
837 1480 880 1507 in-

84 1527 194 1561 terjeci;
219 1527 296 1562 quod
322 1528 433 1562 quidem
459 1535 514 1555 non
539 1528 624 1555 semel
648 1528 785 1562 agendum
811 1527 879 1555 mihi

933 934 1028 954 versus
1048 927 1216 959 attulerunt;
1239 935 1302 953 cum
1331 927 1382 954 bos
1408 927 1541 954 duntaxat
1565 927 1723 955 Bcrnardus

930 973 1152 1000 Montlauconius
1168 973 1234 1009 39),
1251 981 1282 1000 ac
1292 972 1430 1008 Josephus
1441 973 1569 1001 Pasinius
1591 973 1646 1009 (’10)
1665 975 1724 1001 edi-

930 1019 1022 1046 derint
1040 1027 1047 1045 :
1071 1018 1222 1053 posteriora
1240 1024 1331 1045 autem
1349 1019 1376 1045 in
1393 1018 1500 1045 cmteris
1516 1018 1725 1058 difﬁcultatibus

932 1064 1034 1090 mirum
1053 1068 1186 1098 quantum
1206 1062 1412 1097 nosjuverunt;
1431 1063 1566 1098 siquidem
1586 1064 1636 1090 viri
1653 1071 1723 1098 pra:-

930 1109 1079 1136 elarissimi
1098 1117 1186 1142 aeque,
1210 1114 1290 1143 atque
1321 1109 1516 1136 immanissimi
1542 1110 1725 1145 Hieronymus

929 1155 1055 1182 Atnatius
1068 1154 1204 1182 Vaticana
1224 1155 1393 1182 bibliothecae
1411 1156 1540 1190 scriptor,
1564 1161 1590 1183 et
1609 1155 1718 1183 Joaclti-

930 1209 992 1228 mus
1012 1201 1058 1228 Pla
1078 1200 1232 1228 Barberinte
1246 1201 1389 1236 praefectus
1410 1210 1452 1235 ea,
1468 1210 1529 1237 quae
1544 1203 1577 1229 ad
1593 1203 1717 1229 lectionis

930 1248 1160 1281 emendationem,
1174 1253 1227 1282 aut
1250 1248 1481 1283 complementum
1502 1249 1516 1274 ὸ
1528 1249 1598 1275 πάνυ
1611 1249 1726 1276 Andrc—

930 1294 988 1321 sius
1019 1295 1215 1328 postulaverat,
1255 1302 1316 1322 cum
1347 1303 1380 1322 eo
1413 1303 1521 1322 summa
1558 1295 1724 1330 benignitate

931 1343 1182 1369 t-mnmunirarunt.
1211 1342 1346 1369 Caeterum
1377 1342 1424 1369 ubi
1454 1342 1585 1377 σφάλμα,
1611 1342 1726 1377 ejusque

931 1387 1072 1423 διόροωμα
1091 1387 1165 1415 facili
1188 1388 1296 1423 negotio
1320 1389 1459 1422 patebant,
1476 1393 1524 1414 aut
1545 1388 1577 1415 ad
1595 1388 1723 1415 lacunam

931 1434 1092 1468 explendam
1115 1442 1214 1462 sensus
1228 1443 1278 1468 _nte
1302 1441 1375 1461 recte
1397 1434 1529 1467 (lucebat;
1551 1434 1625 1462 nolui
1652 1435 1726 1462 viros

931 1479 999 1506 adeo
1019 1480 1183 1513 conspicuos
1198 1487 1246 1514 pro
1268 1487 1296 1506 re
1315 1481 1389 1514 parvi
1409 1481 1538 1507 momenti
1558 1480 1718 1510 obtundere.

932 1526 980 1553 scd
1000 1526 1134 1553 medicam
1154 1527 1210 1561 ipse
1226 1535 1338 1554 manum
1359 1527 1445 1554 codici
1465 1527 1584 1557 admmi,
1603 1531 1683 1561 atque
1699 1527 1724 1553 id

84 1571 145 1607 fuit,
160 1580 227 1600 cum
251 1573 280 1600 in
301 1572 397 1600 codice
411 1577 519 1605 nostro,
535 1573 574 1600 uti
595 1578 622 1601 et
637 1573 664 1600 in
681 1573 788 1601 caeteris
809 1572 883 1607 ejus—
897 1568 919 1599 C
934 1571 968 1598 de
981 1579 1042 1599 meo
1059 1572 1177 1603 restitui.
1189 1573 1262 1607 quod
1275 1578 1302 1600 et
1317 1573 1343 1600 in
1365 1573 1469 1608 pagina:
1483 1573 1560 1600 calce
1577 1573 1725 1600 indicatum

82 1619 142 1646 dem
159 1619 261 1652 aetatis,
286 1627 349 1646 rara
368 1619 518 1646 admodum
534 1620 612 1653 signa
634 1619 822 1647 distinctionis
837 1626 884 1646 oc-

83 1670 208 1692 currant.
225 1664 299 1697 Quin
310 1665 394 1691 etiam
410 1664 620 1692 dissertationes
633 1664 756 1699 singulas
770 1665 797 1692 in
808 1671 883 1699 qua:-

83 1713 144 1739 dam
161 1713 248 1740 veluti
274 1712 398 1747 capitula
422 1712 618 1747 dispescendas
641 1712 754 1745 curavi;
771 1716 828 1739 tum
848 1719 883 1739 ne

82 1760 207 1786 diversas
224 1758 317 1785 Photii
331 1758 598 1788 animadversiones.
617 1758 882 1786 commentationes-

83 1813 135 1840 que
152 1805 235 1832 unica
249 1805 384 1840 συνεπείᾳ.
404 1805 532 1840 legendas
552 1811 750 1839 proponerent;
773 1809 830 1830 tum
846 1810 882 1830 ne

83 1852 226 1887 imparitas
242 1853 314 1886 ipsa,
329 1859 390 1886 quae
407 1851 478 1878 inter
494 1855 586 1878 textus
618 1857 650 1877 ac
668 1850 803 1877 Versionis
815 1858 880 1885 pro-

85 1898 216 1926 lixitatem
229 1898 392 1933 plerumque
417 1897 571 1929 intercedit,
590 1901 647 1924 tota
670 1895 698 1923 in
721 1896 879 1924 earumdem

85 1945 313 1972 dissertationum
338 1945 487 1972 terminum
511 1944 690 1978 rejicerelur,
715 1947 796 1978 atque
813 1943 879 1970 illud

85 1993 176 2020 nescio
196 1992 263 2027 quid
281 1992 415 2019 abnorme
432 1992 597 2019 intuentium
619 1991 715 2019 oculos
731 1995 823 2026 posset
836 1990 879 2016 of.

83 2039 205 2066 tendere.
234 2037 291 2065 Hos
322 2041 415 2065 autem
443 2037 653 2073 διαμερισμοὺς,
679 2037 780 2072 quibus
803 2040 878 2063 caret

84 2089 220 2117 nostrum,
241 2083 270 2110 in
286 2084 422 2111 Vaticano
435 2091 499 2116 ms.,
515 2083 587 2110 unde
606 2089 730 2117 magnam
748 2081 878 2117 questio-

84 2131 123 2158 nis
137 2131 172 2158 55
189 2135 295 2165 partem
307 2130 489 2162 obtinuimus,
503 2130 554 2156 rite
569 2136 619 2164 ego
634 2133 757 2156 servatos
770 2127 857 2161 reperi
869 2134 877 2159 ;

84 2182 136 2206 imo
155 2184 231 2205 notae
253 2177 380 2213 quaedam
404 2176 551 2204 numericze
571 2175 599 2203 in
618 2174 743 2209 margine
765 2173 880 2209 appicta:

933 1619 1098 1653 conspicies.
1114 1620 1189 1647 Alias
1203 1619 1301 1647 deinde
1320 1625 1399 1647 notas
1417 1620 1546 1654 reperies,
1568 1624 1595 1646 et
1608 1619 1727 1646 fortasse

933 1672 986 1692 non
1003 1665 1302 1700 importunas,'quibus
1315 1665 1416 1700 aliquid
1431 1666 1464 1692 de
1481 1665 1615 1692 Pltotiana
1654 1673 1728 1699 qua:-

932 1712 1033 1740 stionis
1043 1713 1181 1740 solutione
1194 1713 1340 1744 disseram,
1356 1717 1382 1739 et
1402 1712 1466 1746 quid
1482 1712 1624 1739 catholicas
1635 1711 1727 1738 Eccle-

933 1758 980 1785 sia:
996 1759 1114 1793 δόγμασι
1130 1763 1271 1793 repugnet,
1287 1758 1352 1793 quid
1371 1759 1503 1786 adversus
1516 1763 1654 1785 novatore:
1676 1765 1725 1785 no-

932 1804 975 1832 bis
989 1804 1120 1839 prodesse
1133 1805 1230 1839 possit,
1250 1805 1315 1839 quid
1335 1804 1453 1839 denique
1469 1803 1620 1839 ὀρθοὸόξων
1638 1804 1727 1838 scrip-

932 1855 1024 1878 torum
1041 1851 1118 1878 scitis
1131 1850 1304 1885 sutIragetur,
1318 1858 1361 1884 ea,
1391 1858 1444 1886 qua
1459 1858 1509 1885 par
1519 1851 1572 1878 erit
1593 1850 1728 1878 brevitate

933 1896 1090 1931 expediam.

968 1940 1105 1976 Quidquid
1124 1945 1213 1968 autem
1231 1941 1281 1968 hac
1298 1940 1331 1967 de
1348 1948 1376 1967 re
1390 1940 1435 1974 sit,
1457 1949 1467 1967 ‹
1487 1940 1565 1974 Quod
1581 1941 1649 1974 dixi,
1670 1950 1679 1966 ι
1699 1946 1726 1967 ιιι

930 1989 962 2016 D.
980 1988 1110 2016 Bernardi
1125 1988 1215 2015 verbis
1241 1992 1312 2020 utar,
1330 1996 1341 2012 ι
1359 1987 1463 2022 absque
1475 1987 1634 2022 pra-judicio
1661 1995 1728 2014 sane

930 2034 1003 2061 dicta
1032 2034 1088 2061 sint
1108 2033 1203 2061 sanius
1246 2033 1389 2068 sapientis.
1419 2032 1550 2060 Romame
1577 2034 1727 2068 praesertim

932 2081 1062 2108 Ecclesiae
1075 2079 1242 2112 auctoritati.
1257 2085 1338 2114 atque
1354 2080 1474 2107 examini
1499 2084 1586 2107 totum
1606 2080 1727 2108 ltoc......

932 2134 1059 2159 reservo;
1076 2126 1173 2161 ipsius,
1197 2127 1219 2154 si
1240 2127 1305 2161 quid
1326 2127 1406 2154 aliter
1423 2127 1512 2162 sapio,
1528 2131 1641 2164 paratus
1656 2128 1729 2162 judi-

933 2175 976 2200 cio
989 2173 1133 2200 emendare
1156 2172 1225 2207 (21).
1246 2181 1256 2198 ι

890 2253 945 2284 1V.

141 2321 384 2354 CARDINALIS
420 2319 568 2351 ANGELI
597 2319 673 2350 MAI
706 2317 873 2349 PREFAT

967 2317 991 2346 N
1014 2316 1278 2353 QUIESTIONES
1309 2315 1670 2347 AMPHILOCHIANAS

261 2374 396 2405 PHOTII
413 2371 683 2404 PATRIARCHIE
704 2370 808 2408 QUAS
831 2369 978 2400 PRIMUS
998 2368 1138 2418 EDIDIT
1164 2367 1205 2398 ΙΝ
1220 2368 1336 2399 IVOL.
1360 2369 1507 2399 SCRIPT.

405 2426 497 2457 VET.
514 2425 626 2457 NOVA
641 2423 756 2455 COLL.
774 2422 869 2453 VAT.
893 2421 960 2452 AN.
979 2421 1057 2452 1825
1074 2422 1124 2452 ET
1139 2422 1275 2452 DENUO
1299 2422 1387 2452 1831.

115 2557 135 2584 1.
157 2557 248 2585 Codex
263 2556 324 2584 Vat.
341 2556 583 2588 Amphilochiorum
598 2553 697 2581 Photii.
710 2552 880 2586 Qua’stiones

85 2604 319 2639 Ampliilochiantc
359 2607 464 2629 tantam
503 2601 699 2637 propemodum
729 2600 755 2626 in
792 2601 879 2629 sacris

87 2650 169 2678 Pbo-ji
185 2650 308 2685 scriptis,
326 2654 459 2684 quantam
481 2648 541 2683 ejus
558 2647 724 2674 Bibliotheca
742 2646 769 2672 in
786 2646 878 2681 profa-

118 2705 172 2737 (15)
191 2705 319 2736 Slromat,
336 2703 384 2730 lib.
399 2710 431 2734 It,
444 2710 506 2738 pag.
525 2701 588 2730 263.

117 2742 172 2780 uti)
191 2740 263 2780 ibid.
281 2740 365 2780 litui,
380 2737 532 2780 Inﬁdis.“
648 2772 653 2780 Ι
667 2771 672 2777 _

132 2772 173 2811 17)
191 2772 398 2811 Ενίδιοιηιιεξέι
462 2772 734 2811 adfammachiutn.

132 2776 173 2811 17)
191 2776 306 2808 Epistol.
322 2776 356 2800 49
372 2780 398 2800 et
411 2776 445 2800 57
462 2776 494 2800 ad
513 2776 734 2800 Pammactnum.

118 2776 172 2845 ita,
193 2811 221 2837 ld
234 2810 336 2837 cecinit
351 2808 472 2837 Rutilius
500 2807 685 2839 Numatianus
706 2806 802 2834 Itiner.
827 2808 875 2835 lib.

86 2851 115 2876 tt,
129 2853 198 2873 vi-rs.
212 2846 227 2871 7
243 2850 271 2873 et
291 2852 368 2880 seqq.

117 2880 172 2917 (19)
189 2877 338 2916 ϐαιαιοθιιί
350 2877 513 2908 bibliotheca:
537 2877 720 2911 Coisliniamr,
747 2885 808 2914 pag.
825 2879 877 2906 5'28

935 2555 989 2585 nis.
1009 2554 1110 2581 famam
1125 2554 1260 2581 obtinent.
1282 2553 1392 2580 Primus
1409 2553 1480 2580 sacri
1499 2553 1590 2588 operis
1609 2553 1679 2588 (sive
1704 2553 1728 2580 id

934 2600 1132 2636 Amphilochia,
1143 2600 1201 2628 sive
1212 2599 1446 2635 Amp/tilochianas
1461 2599 1625 2632 Quwstianes
1639 2600 1730 2627 dicere

935 2647 1034 2682 mavis)
1050 2646 1178 2674 notitiam
1196 2646 1317 2681 vulgavit
1340 2645 1393 2673 Leo
1408 2645 1525 2674 Allatius
1543 2646 1582 2681 (1)
1613 2646 1731 2681 ﬁxitque

933 2708 1185 2773 cm(gavdetalogus
1199 2736 1364 2765 bibliothecae
1382 2736 1566 2770 Taurinensis,
1584 2741 1604 2765 ιτ
1625 2735 1646 2768 l,
1667 2744 1728 2771 pag.

930 2774 1133 2844 μῖέῖἶ
1157 2807 1361 2844 ad-anonicos
1388 2807 1588 2844 Lugdunenses,
1613 2815 1674 2843 qua:
1689 2811 1730 2835 est

931 2842 993 2877 ﬁt,
1011 2842 1068 2878 pag.
1088 2843 1137 2870 179
1150 2844 1215 2870 edit.
1234 2842 1323 2874 Paris.
1345 2844 1424 2871 l7l9.

968 2880 1007 2914 (ι)
1024 2879 1060 2906 De
1077 2886 1151 2913 perp.
1164 2887 1236 2905 cons.
1251 2878 1283 2911 ll,
1296 2879 1323 2913 6,
1341 2887 1367 2914 p.
1385 2879 1447 2906 576.
