1881 3077
172 166 206 198 31
756 164 796 195 ΙΝ
815 163 970 194 AMPHILl

1055 163 1077 192 A
1097 164 1229 194 ΡΗΟΤΙῙ
1766 164 1801 198 32

173 231 243 259 opus
256 221 361 249 varium
379 225 407 248 et
417 219 561 255 multiplici
577 219 730 246 eruditione
744 219 865 254 plenum,
882 221 960 246 theo-
975 224 1000 252 Α
1015 227 1076 254 qua:
1091 228 1145 247 non
1161 220 1303 248 librarium
1326 219 1514 248 tantummodo
1527 220 1664 248 diversum
1683 221 1799 254 exhibet.

174 269 243 304 logis
258 276 289 295 ac
315 267 461 301 Scriptura:
476 266 672 300 interpretibus
693 266 813 293 maxime
837 273 964 293 necessa-

175 317 271 343 rium:
294 312 367 348 quod
388 319 438 347 ego
465 311 618 339 doctissimi
648 311 739 338 Allatii
766 311 800 339 de
830 311 965 339 Pltotiztno

175 360 278 394 scripto
309 359 462 393 judicium.
491 357 624 384 neoterici
651 357 740 384 critici
769 357 967 385 malevolentiae

175 405 252 432 valde
276 403 410 431 antelero.
433 403 504 430 Idem
523 403 639 429 Allatius
669 410 720 430 nos
739 402 831 430 dceuit
846 403 879 430 de
899 411 968 438 pne—

176 453 250 478 claro
266 450 509 485 Amphilochiarum
525 450 617 476 codice
632 448 773 482 Vaticano,
788 449 897 476 Urbano
909 449 966 476 Vlll

175 497 302 531 pontifice
318 495 438 522 maximo
453 503 468 522 e
485 494 582 522 Lollini
602 494 713 521 Feltrini
727 495 845 529 episc0pi
868 495 966 522 biblio-

176 545 255 570 thet-a
279 543 304 569 itt
330 541 488 569 Vaticanam
512 542 649 576 migravit.
674 541 852 568 lixistimabat
876 546 966 568 atttem

175 589 292 616 Allatius
310 589 420 614 ruricum
444 595 506 614 esse
530 587 774 622 Amphilochiorum
795 587 867 614 hunc
891 587 966 614 codi-

177 642 247 665 ct-nt,
264 633 373 667 dempto
395 631 585 666 Neapolitano,
610 633 643 659 de
664 640 718 666 quo
742 640 804 659 mox
831 633 966 664 dicemus,

177 680 340 714 fragmento.
367 678 462 705 Postea
489 683 579 704 tamen
598 678 702 712 aliquot
717 678 761 705 alii
778 678 966 710 innotuerunt,

178 725 259 751 veluti
267 723 444 750 'l‘auriuensis
451 722 551 757 Regius
559 724 588 750 51
601 724 650 758 (*2);
661 723 844 751 Coislinianus
853 724 906 752 270
917 725 966 759 (5);

177 770 351 797 Colbertinus
376 769 429 795 4M
451 769 568 803 priscos,
594 773 624 796 ut
643 770 730 801 aiunt,
755 770 846 797 saeculi
866 778 905 801 ιιι,
921 770 967 804 qui

179 824 252 843 nnttc
269 819 310 842 est
329 814 429 849 Regius
453 815 607 841 Parisiacus
630 815 699 842 1577
722 815 779 851 (4);
804 816 968 843 Sevinianus

179 869 274 889 recens
288 861 455 893 Parisiat-us,
479 860 576 887 deinde
591 865 618 888 ct
637 861 696 896 ipse
709 860 809 896 Regius
822 861 871 896 (5).
893 862 968 888 Mitto

179 907 369 942 apograpbunt
390 914 406 932 e
422 906 552 933 Vaticano
569 906 603 932 ab
625 907 745 933 Arcndio
769 907 834 934 olim
853 914 967 941 expres-

182 961 255 985 sum.
270 953 303 980 de
327 961 382 988 quo
405 952 520 980 Allatius
545 952 604 979 loco
622 953 750 988 praedicto
768 962 776 979 :
802 953 880 980 mitto
902 953 967 980 item

180 999 367 1035 apograpltum
397 1008 412 1026 a
437 1002 585 1027 liatuusato
608 1007 732 1027 curattttn
760 1007 775 1026 e
799 999 969 1027 Coisliniauo

178 1054 235 1081 quo
247 1045 364 1074 Woltlus
384 1054 455 1073 usus
467 1052 505 1073 est
523 1047 563 1081 (6)
581 1055 588 1073 :
604 1047 682 1073 mitto
697 1045 813 1078 denique
833 1045 969 1072 Miscellos

179 1092 348 1118 diversarum
365 1091 591 1118 bibliothecarum
605 1092 724 1123 codices,
741 1092 767 1117 in
783 1091 883 1125 quibus
902 1098 968 1125 ope-

181 1137 218 1164 ris
234 1137 376 1171 particulae
395 1137 498 1170 aliquot
518 1137 620 1169 insunt,
643 1136 725 1163 veluti
750 1135 873 1163 Tilianus
888 1136 969 1162 Com-

179 1182 265 1209 lietlsii
283 1182 340 1217 (7);
366 1181 514 1209 Bavaricus
533 1189 549 1209 a
571 1181 669 1209 Wolﬁo
692 1181 879 1215 Andresioqne
895 1188 969 1207 cont-

179 1233 347 1255 memoratus
364 1228 422 1263 (8);
448 1227 668 1255 Vindobonensis
689 1227 724 1255 29
740 1227 789 1262 (9),
813 1227 838 1253 in
854 1234 909 1261 quo
927 1231 969 1253 est

179 1272 270 1300 Pltotii
297 1274 424 1309 synopsis
455 1274 656 1309 categoriarum
686 1273 854 1303 Aristotelis.
884 1279 967 1307 quant

181 1318 304 1345 nonnulli
323 1319 403 1353 (quos
419 1319 490 1346 inter
504 1319 631 1353 (lavrens)
653 1318 687 1346 ab
704 1318 894 1352 Amphilochi“
918 1318 969 1344 im-

180 1367 279 1392 merito
306 1366 493 1400 distinguunt:
513 1366 632 1400 denique
652 1371 678 1393 et
700 1365 823 1392 Vaticani
846 1364 968 1392 nonnulli

178 1410 288 1437 codices
304 1411 454 1446 fragmenta
470 1411 576 1446 aliquot
590 1411 833 1445 Amphilochiorum
854 1410 969 1438 fortuito

175 1456 321 1483 continent
347 1457 373 1483 iIt
395 1456 547 1484 Miscellis:
573 1457 606 1484 de
634 1457 734 1492 quibus
755 1457 883 1484 omnibus
909 1457 969 1483 sive

181 1502 338 1536 longinquis
353 1503 411 1529 sive
426 1503 508 1530 etiam
531 1502 663 1530 Romanis
682 1510 778 1537 parum
805 1503 870 1529 milti
892 1502 968 1530 labo-

1017 273 1112 292 verum
1136 266 1216 293 etiam
1244 267 1371 301 supinum
1400 266 1540 300 Graecique
1561 267 1697 294 sermonis
1720 275 1820 305 prope,

1015 311 1153 346 ignarum.
1179 312 1252 346 gitur
1273 311 1439 339 exscribenti
1461 312 1527 338 mihi
1547 312 1727 346 quaestionem
1744 314 1801 348 pri-

1017 365 1088 384 mam
1113 357 1380 392 Amphilochiauam.
1408 357 1440 384 ad
1465 362 1557 385 vetera
1581 357 1627 384 illa
1651 357 1799 391 fragmenta

1016 403 1216 438 respiciendum
1242 411 1296 430 non
1316 403 1400 430 semel
1426 403 1476 429 fuit
1507 404 1579 438 (quae
1607 403 1634 430 in
1665 404 1801 431 volumine

1017 453 1176 477 conservata
1185 450 1240 485 jam
1258 450 1337 483 disi),
1360 454 1390 476 ut
1414 449 1516 476 librarii
1537 450 1599 477 novi
1622 450 1728 478 mendis
1742 458 1801 485 gra-

1018 497 1136 525 vissimis
1149 497 1311 524 medicinam
1329 496 1455 526 facerem.
1472 504 1587 531 meaque
1602 496 1722 523 editione
1732 497 1798 523 haut

1018 543 1105 571 labem
1124 543 1309 570 excluderem.
1325 542 1416 569 Codex
1437 549 1503 576 ergo
1528 541 1675 570 Vaticanus
1700 543 1799 577 plenis-

1017 588 1104 615 simus
1123 586 1293 620 Qua-stiones
1316 586 1557 620 Amphilochianas
1584 586 1637 612 515
1669 587 1798 613 corttinet.

1018 631 1084 658 Exin
1101 631 1127 657 in
1137 631 1232 658 codice
1245 635 1398 665 sequuntur
1410 631 1460 656 alia
1484 631 1574 658 Photii
1592 629 1698 665 Opera;
1719 631 1800 658 nimi-

1017 685 1078 704 rum
1095 677 1132 711 1.)
1148 676 1267 704 ltteditus
1283 681 1310 704 et
1324 677 1491 704 acatholicus
1502 677 1536 703 de
1549 677 1667 711 Spiritus
1682 677 1767 704 sancti
1785 686 1799 705 a

1018 724 1076 751 solo
1092 723 1171 750 Patre
1191 723 1363 757 processione
1386 723 1465 753 liber.
1483 723 1516 749 de
1535 730 1590 757 quo
1610 731 1662 750 nos
1677 723 1747 750 inl‘ra
1761 725 1799 751 lo-

1018 778 1144 805 qttemur.
1161 769 1202 805 2.)
1223 770 1300 797 Alius
1317 770 1350 796 de
1369 769 1463 796 eodem
1484 774 1646 804 argumento
1665 769 1753 798 Pltotii
1770 771 1800 798 li-

1019 816 1115 846 bellus,
1132 822 1228 849 nempe
1243 815 1301 850 ipsa
1317 815 1436 842 secunda
1454 815 1580 849 epistola.
1603 822 1664 850 quae
1684 815 1711 842 in
1727 815 1800 842 Mon-

1020 863 1114 889 tacutii
1138 862 1257 889 editione
1283 861 1413 893 occurrit,
1435 860 1480 888 hic
1508 865 1599 888 autem
1626 869 1697 888 novo
1723 862 1801 888 titulo

1019 909 1185 937 instruitur:
1205 907 1302 943 Ἑτέρα
1321 907 1427 939 ἔκδυσις
1450 906 1515 942 περὶ
1541 906 1589 933 τοῦ
1621 907 1700 940 ἁγίου
1714 907 1800 934 Πνεύ-

1011 963 1113 990 ,ματος
1122 953 1244 988 Ἐξεδόθη
1257 954 1286 979 ἐν
1299 953 1339 987 τῷ
1351 952 1539 988 πατριαρχείῳ
1555 951 1625 987 μετὰ
1636 953 1686 987 τὴν
1703 953 1801 979 ἐπανο-

1018 1001 1062 1027 δον
1075 1000 1124 1035 τῆς
1136 999 1242 1033 ὲξοριας
1254 1006 1261 1031 ;
1276 998 1393 1032 scriptus
1406 998 1534 1025 mntirum
1551 1005 1566 1024 a
1585 997 1682 1025 Photio
1695 997 1801 1025 libellus

1021 1051 1081 1081 post
1095 1046 1210 1072 reditum
1223 1045 1257 1072 ab
1272 1044 1380 1072 exsilio.
1397 1044 1437 1077 ὅ.)
1454 1043 1574 1071 Extrcrri
1590 1044 1617 1070 in
1633 1045 1728 1071 codice
1739 1050 1802 1071 sunt

1020 1092 1079 1118 libri
1092 1091 1181 1118 Pltotii
1204 1095 1322 1125 quatuor
1341 1090 1472 1117 adversus
1488 1089 1663 1122 Mattichatos,
1685 1098 1801 1125 quorum

1020 1138 1135 1172 primunt
1166 1136 1383 1164 Montl'aucouins
1406 1144 1421 1163 e
1446 1137 1539 1164 codice
1552 1136 1720 1164 Coisliniano
1734 1137 1802 1171 (11),

1019 1188 1074 1211 tres
1098 1184 1215 1218 reliquos
1236 1183 1352 1211 Wolﬁus
1380 1183 1463 1210 edidit
1489 1182 1544 1216 (12)
1568 1190 1602 1209 ex
1628 1181 1803 1209 Holsteniatto

1018 1229 1121 1262 codice,
1137 1237 1217 1264 quem
1244 1237 1258 1256 a
1279 1229 1411 1256 Vaticano
1439 1233 1534 1256 nostro
1563 1228 1648 1256 fuisse
1674 1228 1802 1257 haustum

1019 1276 1176 1310 suspicatur
1192 1275 1343 1302 rectissime
1364 1275 1464 1307 editor,
1488 1283 1538 1310 ego
1559 1283 1623 1302 vero
1642 1275 1734 1303 nullus
1753 1277 1803 1303 du-

1018 1319 1085 1352 bito,
1113 1320 1334 1354 quandoquidem
1361 1319 1442 1346 etiam
1467 1319 1601 1351 clausula|
1624 1327 1685 1354 quae
1706 1319 1803 1346 Wollia

1019 1365 1176 1400 imperfecta
1189 1365 1306 1398 videtur,
1333 1372 1387 1392 non
1414 1364 1467 1392 alia
1489 1366 1516 1391 itt
1541 1365 1636 1392 codice
1661 1364 1803 1398 Vaticano,

1018 1418 1100 1446 quant
1118 1410 1144 1437 in
1157 1409 1248 1437 Wollii
1263 1411 1385 1438 editione
1399 1415 1452 1438 est.

1054 1456 1085 1483 ll.
1118 1456 1187 1483 Pam
1220 1456 1462 1490 Amphilochium»:
1495 1455 1604 1483 antehae
1624 1456 1707 1484 edita.
1734 1456 1805 1484 Cum

1019 1503 1110 1537 plures
1125 1502 1207 1538 igitur
1219 1507 1359 1530 exstarent
1374 1503 1400 1529 in
1415 1503 1532 1537 Europa:
1551 1502 1722 1530 bibliothecis
1739 1505 1801 1529 Am-

182 1547 297 1574 randum
315 1552 367 1580 est,
382 1548 428 1582 qui
455 1548 529 1574 nulla
555 1548 652 1574 ltorum
673 1555 726 1582 ope
751 1555 828 1582 egeo,
845 1547 968 1582 quando-
982 1557 1003 1586 η
1018 1547 1207 1582 philochiorum
1221 1547 1340 1580 codices,
1353 1548 1457 1582 prituus
1473 1547 1637 1575 Franclscus
1653 1547 1806 1576 Turrianus

179 1593 292 1629 quidem
315 1593 477 1621 Vaticanum
495 1601 576 1628 quem
600 1601 683 1629 supra
701 1593 756 1620 dixi
782 1593 970 1628 plenissimo

183 1639 281 1666 habeo.
309 1639 357 1666 Est
381 1643 471 1666 autent
496 1640 538 1667 ltie
566 1639 745 1674 bombycinus
768 1639 856 1666 in-I'ol.
880 1639 971 1666 saeculi

187 1684 274 1712 ferme
295 1692 354 1716 xui.
372 1684 464 1712 Cra-ca
490 1693 572 1711 manu
595 1685 732 1719 eleganter
753 1685 882 1719 scriptus.
901 1683 971 1711 Olim

185 1737 278 1758 tamen
299 1731 363 1758 huic
383 1731 470 1758 codici
504 1731 602 1758 damna
628 1731 682 1758 duo
706 1731 892 1764 contigerant;
918 1731 973 1764 pri-

186 1785 260 1804 mum
277 1777 349 1811 quod
364 1777 423 1811 ejus
439 1776 502 1803 folia
524 1776 558 1803 ab
579 1777 678 1804 inscito
698 1776 850 1811 bibliopcgo
866 1782 972 1810 pertur-

182 1821 245 1848 lmta
260 1821 397 1855 susdeque
421 1820 544 1853 fuerant;
561 1821 659 1847 iterum
679 1821 750 1855 quod
777 1821 838 1856 ejus
854 1822 970 1849 Iudicem

182 1869 357 1902 primumque
370 1867 461 1901 operis
476 1866 571 1893 folium
589 1867 680 1893 blattae
699 1871 747 1893 aut
761 1867 856 1894 mador
872 1868 970 1901 partim

182 1917 382 1947 corruperant:
406 1920 468 1939 mox
494 1917 583 1939 tamen
609 1912 707 1939 doctus
733 1912 832 1946 aliquis
852 1914 971 1940 matr-rite

180 1958 305 1985 ordinent
324 1957 498 1989 instauravit,
525 1958 552 1984 ιιι
575 1957 749 1992 marginibus
770 1958 894 1985 scribens
918 1966 970 1992 qua

181 2005 311 2038 quodque
334 2003 428 2030 folium
452 2003 515 2030 sede
536 2008 612 2030 esset
626 2003 814 2030 collocandum
832 2013 838 2030 ε
857 2010 911 2030 tum
933 2004 969 2031 illi

183 2049 261 2076 initio
284 2049 470 2082 pessuntdato,
494 2054 546 2083 ope
568 2049 682 2076 alterius
705 2050 879 2083 exemplaris,
907 2058 972 2084 sup-

183 2098 350 2130 plcmenluut
375 2094 438 2121 fecit
463 2095 564 2121 recenti
589 2102 684 2127 manu,-
712 2095 738 2121 in
755 2095 858 2129 vulgari
876 2094 969 2121 charta

181 2141 316 2174 scriptum
332 2148 340 2167 :
359 2141 398 2167 sic
416 2145 505 2166 tanien
524 2145 554 2166 ut
575 2145 697 2167 veterum
713 2148 822 2175 quoque
843 2141 968 2167 [oliorum

183 2187 295 2214 lacinias
311 2187 423 2214 seorsiut
444 2186 470 2213 in
485 2187 622 2214 volumine
639 2187 841 2214 conservandas
858 2194 971 2213 curave-

1023 1594 1051 1622 S.
1065 1593 1090 1621 J.
1104 1602 1120 1621 e
1136 1593 1267 1621 Bavarico
1297 1594 1390 1621 codice
1408 1593 1649 1628 Amphilodtianas
1667 1602 1714 1621 sex
1733 1602 1808 1629 qua:-

1022 1640 1124 1667 stioues
1139 1640 1395 1674 iuterpretatusest;
1413 1647 1514 1672 easque
1527 1639 1638 1666 Canisio
1650 1647 1722 1666 anno
1738 1639 1807 1666 1674

1022 1685 1049 1712 itt
1071 1685 1245 1719 Antiquarum
1273 1684 1425 1712 Lectionum
1450 1685 1554 1721 sylloge
1578 1684 1674 1712 Latine
1698 1690 1805 1712 tantum

1020 1731 1139 1758 edendas
1159 1731 1294 1758 concessit
1310 1731 1376 1766 (13).
1394 1731 1439 1758 Eae
1465 1736 1529 1758 sunt
1552 1731 1579 1758 in
1605 1730 1737 1759 Vaticano
1757 1739 1808 1758 co-

1021 1778 1080 1804 dice
1093 1777 1156 1810 130,
1169 1777 1231 1810 181,
1244 1778 1305 1811 182,
1319 1777 1380 1809 185,
1397 1777 1464 1810 186;
1479 1786 1540 1805 nam
1553 1776 1677 1804 Turriani
1690 1779 1806 1811 primam

1021 1824 1048 1851 in
1070 1824 1162 1851 codice
1188 1831 1241 1850 noti
1267 1823 1392 1856 invenio;
1411 1831 1496 1858 quare
1515 1829 1543 1850 et
1564 1823 1716 1858 Basnagius
1741 1832 1806 1851 cuut

1019 1876 1093 1896 anno
1112 1868 1181 1895 1725
1194 1868 1332 1896 Cattisium
1347 1873 1489 1903 repeteret,
1516 1873 1543 1895 et
1556 1868 1677 1895 Gnaeum
1693 1873 1809 1895 caetera-

1023 1922 1082 1941 rtnn
1109 1920 1209 1942 textum
1228 1914 1319 1941 edcret
1335 1915 1402 1949 (14),
1421 1914 1535 1949 primam
1562 1914 1656 1940 Latine
1683 1919 1808 1940 tanturn-

1020 1961 1102 1987 ntodo
1111 1961 1210 1995 posuit,
1222 1961 1285 1994 quia
1300 1959 1392 1987 Graece
1403 1968 1458 1986 non
1474 1959 1579 1986 habuit.
1595 1959 1679 1986 Porro
1692 1959 1808 1986 Tull-ia-

1021 2014 1072 2032 nos
1081 2006 1144 2032 alibi
1153 2013 1260 2040 quoque
1267 2005 1444 2038 Amphilochia
1455 2010 1660 2036 memoraverat,
1669 2012 1765 2039 nempe
1773 2006 1808 2032 ad

1021 2050 1107 2085 Ερίιι.
1120 2055 1192 2084 rant.
1203 2050 1302 2085 p.124,
1317 2049 1377 2080 165.
1387 2050 1419 2076 ad
1432 2049 1522 2076 Const.
1537 2057 1580 2084 ap.
1591 2049 1685 2083 νιιι,6,
1699 2050 1736 2076 De
1746 2050 1808 2084 jur.

1021 2099 1078 2124 ard.
1090 2097 1192 2132 p.155;
1204 2097 1276 2132 quod
1286 2097 1494 2131 eruditijautdiu
1501 2097 1637 2124 dixerunt.
1651 2097 1714 2124 Post
1723 2097 1809 2124 Cani—

1020 2144 1089 2170 slum
1097 2151 1168 2169 anno
1177 2141 1343 2169 1616Petrus
1351 2142 1508 2169 Stewartius
1516 2141 1573 2169 SJ.
1581 2143 1710 2177 prolixam
1718 2142 1808 2170 Photii

1020 2187 1273 2222 Antpbilocltianaut
1291 2188 1325 2214 de
1342 2188 1443 2215 Christi
1469 2188 1651 2215 voluntatibus
1672 2188 1810 2223 gnomicis

183 2234 229 2264 rit,
248 2241 298 2260 nec
315 2233 465 2267 quidquam
483 2233 582 2260 veteris
603 2233 745 2267 scripturae
768 2233 855 2267 perire
873 2241 968 2267 passus
985 2231 1006 2257 ι’)
1022 2240 1092 2270 (quae
1106 2236 1132 2261 in
1145 2235 1203 2261 cod.
1216 2233 1273 2260 Vat.
1288 2232 1511 2269 estoctogesima)
1519 2234 1611 2261 eodem
1621 2233 1756 2260 Turriano
1765 2235 1811 2261 itt-

181 2280 228 2305 sit.
246 2278 392 2305 Instaurati
407 2278 510 2305 codicis
524 2278 648 2304 ttteritum
660 2278 811 2305 Andresius
824 2278 880 2312 (ιο)
893 2278 966 2305 Alla-

182 2330 220 2350 t.o
237 2323 342 2350 tribuit.
368 2323 435 2349 Illud
461 2328 550 2349 tamen
580 2322 727 2350 lalsissime
753 2331 769 2349 a
797 2324 889 2350 nescio
914 2331 969 2358 quo

182 2371 298 2398 relatore
315 2371 417 2398 dictttm
439 2371 574 2397 Andresio
588 2371 648 2402 fuit,
663 2371 779 2398 recentia
791 2371 894 2398 scilicet
913 2373 969 2398 ltwc

183 2418 375 2452 Supplementa
393 2417 521 2444 Allatium
539 2424 618 2443 manu
633 2425 681 2444 sua
694 2418 909 2452 conscripsisse:
928 2423 970 2444 cst

182 2471 254 2490 enim
281 2463 346 2489 milti
367 2463 502 2498 vulgoque
530 2462 673 2489 notissima
698 2463 787 2489 Allatii
817 2471 926 2494 manus,
953 2470 968 2489 a

181 2509 260 2542 cujus
272 2508 362 2535 indole
376 2507 455 2542 longe
467 2507 545 2534 abest
559 2507 810 2541 supplenteutorum
825 2507 969 2540 scriptura,

217 2592 256 2626 (‘2)
275 2592 395 2625 Catnlog.
408 2600 433 2626 ι).
449 2591 511 2620 108.

215 2625 254 2660 (5)
271 2625 416 2654 ΜυιιιΙίιυεζ
430 2626 500 2654 Bibl.
519 2628 600 2656 Coisl.
616 2632 642 2660 p.
659 2625 722 2653 5‘25.

218 2660 256 2696 (4)
275 2663 392 2689 Coteler.
411 2661 530 2690 Motuum.
547 2669 610 2690 tont‘
631 2660 675 2691 ΙΙΙ.
688 2669 713 2695 ρ.
727 2660 790 2694 556,
802 2663 830 2688 et
846 2661 968 2696 Calalog.

181 2705 248 2724 mss.
266 2697 331 2731 Reg.
348 2697 434 2724 Paris.
451 2697 498 2725 Gr.
511 2704 575 2725 tom.
595 2697 628 2729 11,
642 2705 666 2731 p.
680 2696 741 2723 259.

219 2733 258 2767 (5)
273 2732 418 2759 Montl'auc.
435 2733 505 2760 Bibl.
528 2743 589 2760 "I85.
608 2741 634 2768 p.
652 2731 731 2768 1051.

215 2769 253 2804 (ti)
268 2768 347 2804 Ifracl'.
362 2769 394 2795 ad
411 2767 474 2794 Cur.
493 2766 618 2804 philolug.
632 2773 699 2804 tont.
716 2766 762 2799 Ill,
776 2774 802 2800 p.
819 2766 846 2794 7.

219 2802 256 2837 (7)
272 2802 340 2830 Bibl.
353 2812 426 2830 conc.
448 2802 514 2832 toni.
532 2805 552 2836 Ι,
571 2802 649 2831 ιιι-ιρι.
664 2811 689 2836 p.
704 2809 821 2829 xxxvut.

217 2836 255 2873 (8)
270 2838 353 2865 Wolf.
382 2838 461 2866 Iba-1'.
483 2848 510 2874 p.
538 2848 570 2873 v;
597 2838 681 2866 Andr.
703 2838 841 2872 prodrotu.
858 2836 891 2864 ad
905 2843 972 2863 mss.

180 2873 264 2910 Neap.
276 2882 302 2909 p.
324 2875 367 2902 81.

1019 2287 1134 2316 terprcte
1142 2281 1287 2316 edidit(15)
1297 2290 1303 2313 ;
1311 2281 1388 2315 cujus
1397 2279 1518 2308 Graecum
1528 2280 1622 2307 deinde
1629 2286 1730 2307 textum
1740 2280 1810 2308 Bas-

1019 2327 1114 2362 nagius
1130 2327 1313 2361 suppeditavit
1326 2326 1395 2361 (16).
1418 2326 1478 2352 .lam
1497 2327 1562 2360 quia
1579 2325 1704 2353 Curtisius
1724 2329 1810 2360 atque

1020 2373 1180 2401 Stcwartius
1192 2373 1357 2408 quaestiones
1371 2373 1420 2400 ltas
1435 2374 1486 2399 sub
1506 2371 1594 2399 l’hotii
1612 2372 1732 2406 quidem,
1751 2379 1809 2398 non

1019 2424 1109 2447 tamen
1135 2418 1395 2453 Amphilochiorum,
1424 2417 1534 2444 nomine
1561 2417 1714 2448 ediderunt,
1743 2416 1812 2444 hinc

1019 2465 1117 2492 accidit
1129 2464 1215 2499 utqui
1227 2464 1324 2491 eruditi
1338 2464 1464 2497 deinceps
1477 2462 1510 2489 de
1524 2462 1710 2496 Antpltilacltiis
1724 2462 1810 2489 verba

1020 2511 1152 2543 fecerunt,
1171 2511 1188 2537 ii
1207 2510 1397 2545 pra’d'tctarutu
1411 2515 1512 2544 septem
1534 2510 1679 2537 editionem
1701 2509 1809 2536 nescire

1058 2590 1094 2624 (9)
1108 2589 1234 2616 Lambec.
1251 2594 1271 2615 t.
1287 2587 1344 2624 γιι,
1359 2595 1386 2622 p.
1401 2587 1461 2614 116.

1057 2626 1113 2660 (10)
1126 2625 1306 2660 Prodront.p.
1326 2623 1371 2660 8;.

1057 2658 1113 2695 (1t)
1129 2659 1197 2686 Bibl.
1212 2659 1285 2686 coisl.
1302 2666 1331 2695 p1
1342 2658 1447 2695 δείξῃς.

1057 2693 1111 2729 (12)
1128 2695 1224 2721 Anecd.
1238 2700 1304 2720 tom.
1322 2693 1374 2729 let
1385 2693 1417 2720 ll.

1057 2727 1113 2765 (15)
1129 2729 1176 2765 Ed.
1192 2734 1247 2765 vet.
1263 2733 1328 2755 lout.
1344 2728 1376 2760 ν,
1391 2737 1416 2763 p.
1429 2727 1570 2765 18§_seqq.

1058 2763 1115 2799 (14)
1129 2764 1207 2791 Tom.
1223 2764 1255 2796 ll,
1271 2769 1338 2799 part.
1358 2772 1389 2797 ll,
1403 2771 1430 2798 p.
1442 2763 1504 2789 ὀξυ.

1059 2800 1114 2852 11ῗέ
1130 2800 1244 2852 51‘1"“;
1256 2798 1360 2852 9.???

1073 2832 1114 2862 16)
1132 2836 1208 2861 'l‘oni.
1223 2832 1261 2867 ll,
1270 2839 1340 2868 part.
1355 2841 1383 2866 tt,
1396 2841 1422 2868 p.
1435 2832 1496 2861 £59.
