1881 3077
65 177 98 209 33
735 175 1028 207 PROLEGOMENA-
1660 179 1696 211 34

65 234 222 266 videantur;
244 240 364 268 quorum
387 233 414 260 in
435 239 552 260 nttmcro
570 235 635 261 sunt.
660 232 856 266 Combelisius,
871 235 894 263 Α
910 233 963 260 tuit
985 233 1040 269 (I9)
1058 242 1065 260 :
1080 239 1204 269 superest
1226 234 1308 270 igitur
1328 239 1357 263 ut
1379 234 1599 263 Montiauconius
1623 237 1694 264 scri-

64 281 186 313 Allatius,
203 279 434 312 Montiauconius,
449 279 578 312 Wolﬁus,
603 279 775 311 Gallandius,
792 280 851 306 An-

63 326 177 358 dresius,
202 325 326 353 Scottus.
347 325 426 353 Unus
452 324 569 353 fortasse
592 324 736 353 Fabricius
760 325 786 352 in
804 325 852 353 Gr.

64 372 220 399 bibliotheca
244 371 449 399 lucubrationes
473 371 534 398 illas
551 371 584 398 ad
605 370 852 406 ampltilochiorum

63 419 178 453 syllogen
222 417 361 452 pertinere
408 417 566 451 suspicatus
619 421 671 444 est.
712 416 852 443 Petavium

63 463 174 497 denique
202 463 293 498 ipsum
321 462 422 496 miror,
456 462 503 497 qui
537 469 601 489 cum
634 462 662 488 in
692 461 779 497 Opere
803 469 855 488 suo

63 509 209 544 theologica
231 508 289 543 (I7)
315 508 349 536 de
380 508 570 536 monothelilis
601 507 696 534 tanditt
725 508 853 540 disserat,

62 554 145 582 Photii
169 559 260 582 tamen
288 554 457 589 Opusculum
479 555 512 582 de
540 553 722 582 voluntatibus
751 553 855 581 Christi

61 600 196 634 genitricis,
222 599 294 634 quod
320 599 380 634 ejus
404 604 568 636 arguntento
598 599 853 627 commodissimum

61 651 126 677 o-rat,
141 646 250 681 penitus
266 646 442 681 ignoraverit,
465 650 505 673 tot
530 646 594 673 licet
617 650 680 673 ante
705 653 793 673 annos
817 646 852 673 ab

61 693 116 725 ejus
128 692 270 719 sodalibus
286 696 313 718 et
331 691 457 719 Latinum
481 691 586 719 factum
603 696 631 718 et
651 691 765 718 editum.
786 689 854 718 Ter-

62 739 112 765 tius
133 738 389 772 Amphilochiorum
407 738 497 765 editor
522 736 706 764 Combeﬁsius
730 742 783 768 est,
805 735 853 771 qui

62 792 130 810 anno
145 783 214 811 1644
224 791 239 811 e
254 783 398 812 Gallicano
409 783 471 810 Tilii
488 782 583 811 codice
595 782 852 818 Amphilochianam

60 831 235 865 quaestionem
251 831 366 864 protulit
389 834 484 857 contra
502 829 664 864 ubiquistas,
680 836 741 864 qua:
752 828 779 855 in
801 828 853 855 V’a-

61 877 150 903 ticano
161 877 255 904 codice
275 875 415 904 tricesima
433 879 529 903 octava
551 879 602 902 est.
618 875 744 902 Graviter
761 878 852 902 tamen

904 279 1076 313 ptiunculam
1092 279 1126 307 de
1151 279 1263 315 Sibyllis
1283 281 1389 316 primus
1415 282 1568 316 protulerit.
1596 281 1694 310 Utrum

904 325 1031 359 quintum
1040 326 1294 361 Amphilochiorutn
1305 327 1438 355 editorem
1449 327 1585 362 Spierium
1594 328 1695 362 dicam,

905 371 978 399 ltaud
999 372 1065 400 satis
1081 372 1153 405 scio;
1168 377 1196 399 et
1211 373 1309 401 merito
1335 373 1362 400 id
1386 373 1490 401 dubito.
1516 373 1584 401 Nam
1604 373 1696 402 Theo-

906 415 997 450 pltilus
1011 416 1121 450 quidem
1145 416 1286 444 Harlesius
1307 418 1391 445 semel
1406 423 1434 445 et
1454 419 1552 446 iterum
1573 419 1611 446 ait
1637 420 1695 454 (20)

905 469 915 486 ί
935 460 1044 488 Justum
1073 461 1209 496 Spierium
1233 470 1305 490 anno
1333 463 1404 491 I758
1429 464 1547 499 quodam
1574 465 1600 492 in
1625 465 1696 493 libro

905 505 1068 534 Germanica
1091 508 1182 542 lingua
1199 509 1300 544 scripto
1323 509 1432 537 dedisse
1451 510 1640 539 adnotationes
1662 513 1695 539 ad

907 551 994 580 Pholii
1008 554 1205 589 Amphilochia,
1219 559 1248 581 et
1265 555 1291 582 in
1309 554 1361 582 ﬁne
1375 556 1498 589 quaedam
1514 564 1547 583 ex
1568 557 1610 584 his
1634 557 1696 583 Am-

905 598 1045 632 philochiis
1059 601 1178 626 nondum
1200 600 1282 628 edita.
1304 610 1313 627 ι
1331 600 1390 628 Jam
1407 609 1472 629 vero
1491 602 1556 637 quid
1574 602 1697 637 Spierius

906 643 932 670 in
946 651 979 671 eo
995 643 1158 672 Germanico
1172 645 1253 678 libro,
1268 654 1324 681 quo
1336 655 1417 674 careo
1431 649 1562 682 posuerit,
1579 651 1671 678 nescio
1687 660 1695 678 :

905 690 951 717 sed
965 690 1093 724 quoniam
1109 691 1188 719 video
1201 692 1365 720 Germanum
1384 694 1521 721 hominem
1542 695 1698 724 eruditissi-

905 742 980 761 mum
1006 734 1135 762 Wollium
1165 737 1283 766 triennio
1312 743 1373 773 post
1400 739 1499 773 Spierii
1525 739 1626 767 librum
1649 741 1696 768 vix

905 781 998 815 elapso
1018 781 1258 815 Amphilochianas
1278 785 1442 819 quaestiones
1457 786 1628 820 depromere,
1650 788 1696 814 ni-

906 826 1000 862 hilque
1015 827 1049 854 de
1073 827 1172 862 Spierii
1196 830 1282 862 curis,
1303 829 1330 857 in
1349 830 1511 858 l’rml‘alione
1528 833 1695 868 caeteroquin

905 873 1025 905 curiosa,
1040 874 1141 906 dicere,
1159 875 1262 907 nescio,
1287 875 1409 911 inquam,
1434 878 1500 910 quid
1520 885 1570 913 ego
1584 879 1695 906 demum

59 922 160 948 erravit
186 929 240 948 non
270 921 408 948 intellecto
430 920 534 948 codicis
561 920 641 947 titulo
659 919 851 951 Cuntbeﬁsius,
868 909 890 937 Β
905 918 1072 953 temporibus
1087 919 1201 955 locoque
1216 909 1370 949 distans—de
1396 909 1494 957 Spierii
1518 909 1600 958 opere
1619 924 1696 959 judi-

59 966 94 993 ita
109 970 138 992 ut
150 966 280 1000 scriptam
295 965 328 992 ad
342 964 564 999 Amphilochium
580 971 594 991 a
606 963 705 990 Photio
721 964 852 998 quaestio-

59 1018 131 1043 nem,
147 1018 195 1045 pro
216 1010 398 1044 Amphilochii
415 1011 517 1045 scripto
533 1010 696 1044 vulgaverit.
721 1009 775 1037 Sed
789 1010 852 1038 dein

58 1056 215 1083 admonitus
231 1056 265 1082 ab
283 1056 382 1083 Allatio
397 1055 580 1083 Combeﬁsius
603 1056 762 1084 retractavit
776 1064 854 1084 erro-

59 1108 125 1132 rem,
141 1105 224 1135 atque
238 1100 352 1127 alteram
371 1100 407 1127 ab
425 1101 521 1127 eodem
543 1100 645 1127 Allatio
661 1105 802 1136 acceptam
817 1101 852 1128 de

58 1145 174 1173 Asteriis
189 1145 263 1180 (qute
276 1146 302 1173 in
317 1145 381 1173 cod.
397 1144 456 1172 Vat.
473 1150 516 1172 est
531 1145 594 1181 312)
611 1145 696 1173 edidit
713 1145 853 1181 Amphilo~

57 1192 182 1219 cltiauam
202 1192 229 1218 in
249 1191 408 1218 Auctarium
427 1191 551 1224 Patrum,
566 1192 670 1226 p.279;
694 1200 750 1219 rem
772 1197 851 1220 caste-

59 1237 135 1272 roqui
157 1242 211 1264 tant
234 1245 330 1272 parum
349 1237 439 1265 adhuc
454 1238 579 1268 edoctus.
604 1243 634 1266 ut
651 1239 773 1266 scribere
795 1247 850 1267 non

59 1282 198 1309 erubuerit
216 1283 356 1316 ambigere
371 1290 401 1310 se
415 1282 543 1318 quisnam
560 1284 606 1311 hic
623 1283 739 1312 Pltotius
756 1284 850 1319 fuerit,

59 1328 103 1363 qui
116 1328 149 1355 ad
164 1327 386 1363 Amphilochium
404 1328 569 1363 quaestiones
584 1329 698 1356 miserit.
709 1329 852 1364 Ignoraltat

58 1375 162 1402 scilicet
180 1374 370 1407 Combclisius,
388 1382 448 1410 qute
462 1374 577 1402 Allatius
596 1376 623 1402 in
648 1375 717 1403 libro
734 1375 770 1402 De
787 1384 852 1403 con-

58 1429 135 1448 sensu
151 1428 229 1455 super
243 1419 436 1454 Atnpltilochiit
453 1421 617 1454 scripserat;
634 1421 697 1456 quia
721 1421 850 1448 nimirum

59 1468 152 1494 eodem
168 1474 242 1493 anno
259 1466 325 1494 I648
340 1471 395 1493 tum
407 1466 591 1494 Combelisius
604 1466 775 1499 Auctarium,
793 1471 850 1495 tum

58 1513 173 1541 Allatius
190 1513 319 1539 volumen
341 1520 421 1540 suum
443 1512 481 1540 De
497 1521 626 1540 consensu
645 1513 851 1548 iutprimebant.

58 1558 178 1591 Quartus
220 1558 465 1593 Amphilocltiorum
502 1559 592 1586 editor
630 1559 852 1588 Montlauconius

57 1608 98 1631 est
114 1604 182 1638 (I8),
203 1605 251 1639 qui
267 1612 342 1631 anno
368 1604 436 1632 I715
462 1605 581 1640 vulgavit
601 1611 730 1640 quatuor,
754 1613 853 1641 nempe

57 1649 90 1676 de
106 1649 223 1677 Ilercule
238 1647 391 1677 Amalthea;
413 1657 498 1677 cornu
521 1656 656 1685 gestante,
676 1651 709 1678 de
730 1651 851 1686 Sibyllis,

58 1694 91 1722 de
101 1694 282 1722 Caesariensis
300 1694 411 1722 Eusebii
431 1695 540 1727 haeresi,
556 1695 591 1722 de
607 1695 724 1723 Asteriis
739 1696 777 1730 (in
791 1695 852 1724 Vat.

57 1741 118 1767 cod.
137 1740 200 1770 107.
216 1741 279 1772 150,
299 1741 364 1773 221,
383 1741 459 1776 512).
480 1740 609 1769 Proiecto
632 1740 852 1769 Montfauconius

57 1785 90 1811 de
103 1785 233 1812 universo
250 1785 385 1812 Pltotiano
397 1793 480 1820 opere
495 1786 564 1813 bene
577 1787 691 1814 tneritus
703 1791 756 1818 est,
772 1786 853 1821 cujus

59 1829 197 1865 integrant
220 1829 368 1865 descripsit
391 1830 521 1863 indicem,
540 1831 726 1866 quaestionum
749 1831 854 1858 scilicet

59 1880 120 1901 octo
135 1879 163 1902 et
178 1880 364 1903 trecentarum
382 1883 388 1901 :
405 1876 453 1903 sed
468 1875 541 1903 idem
559 1884 726 1911 magnopere
739 1877 853 1910 erravit,

60 1922 177 1955 primum
193 1921 258 1956 quia
273 1929 304 1948 se
323 1921 391 1948 dixit
407 1922 489 1950 edere
512 1929 545 1949 ex
559 1922 763 1957 Ampltilochiis
777 1930 853 1957 quaa-

59 1969 162 1996 stioues
180 1969 250 2000 illas,
265 1977 326 2003 quae
339 1969 452 2004 majoris
463 1971 593 1997 momenti
603 1978 663 1998 esse
676 1970 853 2004 videbantur;

59 2024 112 2051 quo
124 2016 230 2051 judicio
248 2015 316 2042 nihil
328 2015 568 2048 inconsideratius,
591 2015 658 2043 nilnil
684 2015 781 2044 falsius
795 2016 853 2043 ﬁeri

59 2062 159 2096 potuit.
177 2060 247 2087 Nam
268 2061 291 2087 si
310 2061 372 2095 quis
382 2061 575 2096 Amphilochia
591 2069 604 2087 a
624 2069 667 2088 tne
682 2069 755 2088 nunc
769 2061 853 2094 edita,

58 2107 176 2142 itemque
196 2107 241 2133 illa
257 2114 273 2133 a
293 2105 387 2133 Scotto
403 2105 559 2141 Wollioque
583 2107 703 2142 vulgata,
722 2114 786 2134 cum
811 2107 854 2134 his

58 2153 206 2181 breviculis
220 2160 254 2180 ac
270 2152 350 2180 valde
373 2152 481 2181 levibus
505 2152 702 2180 Montiauconii
720 2152 853 2185 conferet,

57 2205 254 2235 praeposteram
269 2199 366 2227 llercle
377 2200 484 2227 laudem
497 2200 672 2234 praedicat-am
690 2200 853 2235 contperiet.

903 970 974 995 cem,
990 964 1064 998 quod
1079 969 1158 992 aetate
1181 973 1229 1000 par
1243 971 1270 994 et
1291 966 1318 994 in
1339 967 1434 995 limine
1451 976 1564 996 versans
1579 969 1696 998 Wolﬁus

903 1015 958 1035 non
976 1010 1097 1044 agnovit.
1115 1009 1245 1045 Sequitur
1257 1011 1315 1047 jam
1329 1016 1422 1040 sextus
1448 1015 1535 1040 multo
1558 1015 1696 1049 praedictis

903 1055 1042 1090 copiosior
1051 1056 1307 1091 Amphilocltiorum
1321 1058 1409 1085 editor
1423 1058 1550 1093 Wollius,
1567 1068 1582 1087 a
1595 1069 1650 1096 quo
1666 1061 1693 1088 in

903 1100 1075 1134 pbilologicis
1087 1102 1162 1129 euris
1177 1101 1414 1137 Amphilochium:
1434 1105 1602 1139 quaestiones
1623 1114 1696 1141 qua-

903 1146 1028 1181 draginta
1048 1155 1096 1175 sex
1122 1147 1148 1182 (a
1168 1148 1201 1175 74
1218 1149 1251 1175 ad
1274 1149 1336 1184 119)
1362 1157 1434 1177 anno
1456 1150 1522 1178 1741
1549 1152 1695 1185 publicatae

903 1190 1034 1226 fuerunt;
1059 1200 1120 1227 quae
1140 1193 1236 1222 deinde
1264 1202 1338 1222 anno
1359 1195 1429 1223 I779
1457 1195 1483 1222 in
1512 1196 1695 1224 Gallandianu

903 1237 1067 1265 Bibliotheca
1081 1243 1100 1266 t.
1123 1238 1191 1271 XIII,
1204 1241 1324 1275 repetita:
1337 1245 1410 1269 sunt.
1426 1242 1460 1269 Et
1472 1243 1582 1277 quidem
1595 1244 1694 1272 adver-

903 1292 952 1312 sus
969 1283 1141 1312 Gallandium
1155 1286 1335 1320 expostulare
1351 1287 1457 1319 liceret.
1473 1296 1523 1316 cur
1537 1294 1632 1316 contra
1651 1289 1695 1317 in-

903 1331 1029 1358 stitutum
1045 1339 1126 1359 suuut
1144 1332 1251 1360 minora
1268 1333 1379 1360 Patrum
1396 1333 1484 1369 Opera
1502 1337 1694 1370 coacervandi,

903 1378 1068 1412 quaestiones
1092 1385 1107 1406 a
1136 1377 1234 1406 Wolﬁo
1262 1379 1520 1414 editas.receperit,
1552 1382 1694 1418 antiquius

902 1423 991 1450 editas
1015 1424 1237 1459 praetermiserit;
1265 1425 1317 1452 nisi
1339 1425 1396 1460 jam
1424 1426 1554 1455 dixissem
1587 1428 1695 1464 ignotas

903 1467 1046 1496 Gallandio
1070 1469 1155 1497 fuisse
1183 1475 1314 1504 ceteras,
1336 1471 1362 1498 id
1388 1472 1461 1506 quod
1492 1472 1552 1508 ejus
1585 1480 1696 1508 quoque

904 1512 1031 1541 Prad‘atio
1044 1514 1112 1541 satis
1121 1514 1299 1542 demonstrat.
1316 1515 1388 1543 Inter
1404 1524 1451 1544 eos
1473 1518 1518 1552 qui
1535 1517 1568 1546 de
1581 1518 1694 1553 Amphi-

905 1557 998 1585 locln'is
1020 1559 1163 1594 vulgandis
1183 1560 1292 1588 solliciti
1313 1560 1433 1595 fuerunt,
1454 1563 1594 1598 proximus
1615 1563 1695 1592 nobis

905 1610 985 1632 male
999 1605 1052 1633 fuit
1064 1605 1211 1642 πολυϊστηρ
1223 1606 1383 1642 Andrcsius,
1397 1609 1439 1636 vir
1452 1617 1568 1645 magnus
1588 1611 1696 1647 meique

904 1650 969 1677 dum
985 1651 1054 1678 vixit
1072 1652 1288 1685 amantissimus,
1307 1654 1354 1688 qui
1370 1654 1404 1682 de
1418 1655 1558 1682 anecdotis
1568 1655 1695 1691 Neapoli-

904 1700 976 1724 tana:
998 1696 1170 1725 bibliotheca:
1195 1698 1374 1726 Prodromum
1399 1700 1535 1734 scribens,
1549 1700 1695 1736 Amphilo-

904 1743 1029 1770 chiorum
1046 1744 1184 1778 quoddam
1209 1745 1392 1779 fragmentum
1411 1747 1457 1774 diu
1482 1749 1694 1781 commendavit,

904 1792 986 1823 atque
1009 1793 1040 1815 ut
1062 1789 1122 1816 luce
1144 1789 1303 1821 donaretur,
1328 1798 1495 1826 magnopere
1512 1797 1609 1820 auctor
1632 1793 1694 1821 fuit.

905 1834 981 1868 Quod
996 1838 1087 1862 autem
1103 1834 1160 1862 ﬁeri
1172 1836 1277 1870 optavit
1288 1836 1449 1869 Andresius,
1468 1837 1494 1864 id
1516 1845 1580 1865 mox
1596 1845 1695 1872 magna

905 1890 967 1910 eum
996 1881 1076 1910 laude
1105 1883 1232 1917 praestitit
1266 1883 1308 1909 vir
1341 1883 1546 1912 illustrissimus
1574 1885 1695 1920 Angelus

906 1927 1027 1959 Scottus,
1044 1927 1214 1957 bibliothecae
1229 1932 1290 1963 post
1301 1927 1466 1956 Andresium
1480 1937 1592 1964 praeses,
1605 1935 1632 1958 et
1650 1939 1695 1959 re-

905 1974 1010 2008 giorum
1031 1973 1185 2008 principum
1207 1973 1234 2000 in
1258 1973 1356 2001 litteris
1386 1973 1535 2001 institutor.
1559 1974 1695 2003 Nimirum

905 2019 939 2052 is,
956 2019 1002 2054 qui
1023 2019 1132 2055 septimi
1145 2019 1259 2047 editoris
1272 2019 1364 2047 locum
1377 2019 1492 2053 obtinet,
1511 2021 1696 2054 amphiloehia

905 2065 1103 2101 duodeviginti,
1121 2072 1219 2101 praeter
1235 2065 1437 2100 Praefationem,
1454 2075 1516 2096 cum
1541 2076 1589 2096 sua
1614 2069 1697 2097 inter-

906 2111 1057 2146 pretatione
1072 2112 1244 2147 Scltoliisque
1263 2111 1377 2147 Neapoli
1397 2113 1466 2148 typis
1488 2114 1612 2148 excudit;
1629 2123 1697 2143 usus

905 2157 988 2184 etiam
1004 2156 1126 2185 Vaticani
1149 2158 1253 2186 codicis
1282 2159 1416 2194 suppetiis
1437 2159 1552 2195 aliquot,
1579 2168 1648 2195 quas
1661 2161 1696 2188 cl.

906 2207 1000 2231 noster
1030 2203 1156 2231 Amatins
1181 2203 1216 2231 ad
1239 2211 1304 2231 eum
1337 2203 1475 2232 submisit.
1506 2205 1697 2239 Amphilochia

56 2246 124 2273 Nam
139 2253 207 2279 ergo
219 2244 443 2273 Montiauconius
458 2253 539 2281 quem
553 2247 671 2282 vulgavit
685 2247 802 2274 indicem
817 2247 852 2274 ab
868 2248 890 2278 D
905 2249 987 2284 igitur
1010 2254 1074 2277 ante
1097 2257 1140 2277 tne
1162 2257 1210 2277 sex
1233 2250 1317 2278 edidit
1340 2250 1477 2282 Canisius,
1500 2250 1662 2279 Stewartius
1677 2250 1697 2284 l,

55 2293 221 2320 amanuvnsi
241 2292 335 2326 aliquo
349 2292 465 2326 accepit,
491 2292 550 2326 ipse
574 2299 638 2319 vero
664 2292 786 2319 codicem
806 2292 852 2319 vix

55 2338 178 2374 aspexit?
200 2337 329 2371 AliOquin
347 2336 391 2363 vix
412 2336 469 2364 lieri
493 2341 600 2371 poterat
622 2341 652 2364 ut
665 2337 707 2364 vir
727 2344 852 2364 summus

56 2390 93 2412 tot
106 2385 287 2421 longissimas
307 2388 390 2420 atque
404 2385 523 2419 optintas
540 2384 660 2412 lustrans
675 2384 851 2419 qmestiones,

55 2433 189 2468 neglectis
206 2432 261 2464 his,
278 2430 418 2458 breviores
433 2431 494 2458 illas
510 2438 542 2458 ac
558 2431 710 2459 levidenses
730 2431 852 2467 eligeret,

56 2485 162 2513 suoque
182 2477 321 2512 praeconio
335 2481 418 2511 atque
431 2477 535 2504 honore
557 2483 684 2512 typorum
710 2482 851 2505 mactaret.

57 2522 108 2549 Sed
126 2531 162 2549 en
187 2531 283 2550 rursus
310 2521 534 2550 Montfauconius
561 2522 685 2557 peccavit
708 2522 773 2549 duttt
803 2523 854 2550 Itas

55 2568 275 2602 quaestiunculas
295 2576 345 2595 ceu
361 2568 479 2596 inedilas
499 2576 595 2597 omnes
618 2568 750 2604 vulgavit.
771 2569 853 2604 Atqui

55 2616 88 2642 de
100 2615 221 2643 Asteriis
237 2616 418 2650 quaestionem
434 2616 491 2651 jam
511 2615 612 2651 publici
626 2616 697 2650 juris
718 2615 854 2643 Combeﬁ—

56 2661 114 2689 sius
131 2660 253 2689 fecerat:
279 2662 447 2697 qumlioncs
463 2662 497 2689 de
520 2662 619 2690 haeresi
644 2661 755 2690 Eusebii
774 2666 802 2689 et
820 2662 854 2689 de

57 2704 172 2734 llcrcnle
185 2708 214 2733 in
227 2705 316 2734 Photii
330 2707 454 2742 epistolis
473 2708 560 2734 multo
575 2712 639 2735 ante
654 2715 670 2735 a
685 2706 853 2735 Monlacutio

56 2751 136 2779 editis
148 2753 352 2787 occurrebant;
368 2753 395 2780 id
406 2753 478 2788 quod
495 2752 626 2784 Wolﬁum
648 2758 722 2782 certe
741 2761 795 2782 non
811 2754 852 2781 la-

108 2819 149 2855 17)
167 2819 205 2846 De
216 2821 321 2855 incum.
339 2820 386 2847 lib.
402 2828 441 2847 Ix.

106 2855 148 2891 is)
164 2854 243 2891 om.
256 2854 338 2891 C0551:
356 2863 382 2890 p.
396 2855 527 2891 ate—548.
549 2890 578 2891 κν

107 2890 151 2926 19)
169 2890 252 2918 Praef.
269 2891 302 2918 ad
317 2890 381 2918 Cur.
398 2890 430 2918 Τ.
449 2891 494 2921 Ill.
508 2899 524 2926 p
547 2890 574 2919 7.

226 2939 362 2970 PATIIOL.
382 2939 441 2970 Gn.
468 2939 517 2970 Cl.

907 2295 1089 2323 Combeﬁsius
1112 2295 1145 2327 Il,
1163 2295 1385 2324 Montiauronius
1402 2295 1423 2328 l,
1445 2295 1562 2324 Wolﬁus
1577 2297 1698 2331 quadra-

907 2340 981 2375 ginta
1006 2348 1054 2368 sex
1070 2340 1206 2374 breviora,
1224 2342 1335 2369 Scottus
1361 2342 1558 2378 duodeviginti.
1586 2343 1698 2370 Summa

908 2387 1000 2421 itaque
1013 2391 1076 2413 ante
1090 2394 1133 2414 me
1143 2387 1278 2415 editorum
1290 2388 1545 2422 Ampltilocltiorum,
1562 2388 1605 2415 74.
1618 2387 1700 2415 Octa-

909 2441 959 2461 vus
978 2433 1087 2461 demum
1103 2434 1190 2462 editor
1212 2442 1263 2469 ego
1287 2442 1360 2467 sum,
1383 2435 1430 2470 qui
1446 2434 1547 2470 -Viginli
1562 2434 1699 2469 amphilo-

908 2479 969 2506 cltia
999 2479 1052 2507 hoc
1073 2480 1212 2508 volumine
1239 2480 1356 2508 exhibeo
1381 2489 1390 2507 :
1417 2488 1502 2515 quare
1524 2480 1699 2508 centenarius

905 2524 962 2558 jam
980 2532 1111 2552 numerus
1136 2525 1333 2560 propemodum
1355 2525 1489 2559 expletur.
1508 2524 1591 2559 Atqui
1613 2525 1700 2553 codex

910 2570 1059 2599 Vaticanus
1080 2571 1210 2599 tredecim
1235 2572 1355 2599 continet
1382 2578 1465 2606 supra
1490 2574 1620 2598 trecenta.
1646 2570 1699 2599 Sed

909 2620 999 2643 tamen
1016 2617 1118 2644 scimus
1141 2617 1245 2651 reliqua
1264 2623 1297 2643 ex
1323 2616 1366 2644 his
1386 2616 1526 2651 complura
1549 2620 1620 2643 inter
1641 2616 1700 2651 epi-

908 2662 993 2690 stolas
1008 2670 1023 2689 a
1041 2661 1208 2690 Montacutio
1222 2662 1308 2690 editas
1324 2662 1431 2696 jamdiu
1448 2667 1567 2690 exstare.
1587 2661 1701 2697 Insuper

908 2714 959 2742 ego
974 2707 1034 2735 dedi
1052 2715 1163 2741 operam
1180 2711 1210 2735 ut
1224 2707 1409 2741 Amphilochia
1425 2707 1584 2743 plerumque
1597 2707 1700 2741 longis-

908 2753 989 2787 sima,
1009 2753 1101 2782 dilatis
1124 2753 1308 2786 brevioribus,
1327 2754 1360 2782 ad
1385 2753 1521 2782 edendum
1540 2753 1699 2788 deligerem.

945 2820 1001 2882 (207)
1018 2821 1167 2862 Supplema
1176 2821 1209 2849 ad
1228 2821 1335 2851 I-ntrarl.
1351 2822 1496 2862 Ιιίδίπιίηρ.
1518 2821 1565 2849 Gr.
1584 2826 1650 2849 tom.
1667 2821 1700 2862 ll,

907 2865 934 2892 p.
952 2856 981 2892 Α
1011 2864 1019 2890 ;
1047 2860 1074 2884 et
1105 2856 1190 2884 addit.
1223 2857 1257 2885 ad
1285 2857 1367 2886 Fabr.
1391 2857 1463 2884 Bibl.
1489 2857 1536 2885 Gr.
1563 2863 1628 2884 tom.
1653 2857 1700 2890 ιλ,

949 2856 1019 2918 94&7;
1047 2860 1074 2884 et
1105 2856 1190 2884 addit.
1223 2857 1257 2885 ad
1285 2857 1367 2886 Fabr.
1391 2856 1536 2885 BiblfGr.
1563 2863 1628 2884 tom.
1653 2857 1700 2890 1X,

907 2899 934 2919 ι).
949 2899 994 2918 10.

1497 2941 1516 2969 ‘2
