1881 3077
179 163 215 195 35
761 158 803 189 IN
824 156 1089 188 AMPHILOCHIA
1110 158 1243 190 PHOTII
1771 161 1802 193 36

178 219 284 253 Quibus
309 217 361 245 rite
385 216 538 253 perpensis,
562 215 704 244 dimidiam
730 215 787 243 fere
807 214 904 250 Operis
917 214 1016 247 par-A
1032 220 1088 243 tum
1105 216 1276 248 vicesimam,
1305 219 1361 244 tum
1387 215 1456 245 alias
1480 215 1595 252 aliquot,
1620 217 1678 244 tum
1699 216 1802 252 denique

178 270 232 293 tem
248 268 309 299 post
322 270 365 290 me
379 263 469 290 adhuc
485 262 616 290 ineditam
628 269 773 297 superesse
787 260 890 296 judico.

214 312 258 340 lll.
280 312 317 339 De
332 319 390 338 mea
404 311 528 338 editione.
539 309 597 337 Jam
610 309 741 338 editionis
752 316 819 336 meae
833 307 903 335 ratio
917 307 970 334 etsi

177 358 293 393 simplex
306 362 358 389 est,
372 357 465 384 labore
479 361 571 384 tamen
581 363 614 383 ac
623 355 782 382 difficultate
795 361 850 381 non
869 353 970 381 caruit.

176 404 246 431 Nam
271 404 298 431 in
325 403 423 438 primis
442 406 545 429 tantam
570 401 662 436 operis
682 405 787 435 partetn
810 407 842 426 ex
855 398 970 434 antiquo

176 450 272 478 codice
279 447 449 479 exscribere,
463 452 525 483 apte
540 447 675 481 digerere,
693 445 888 480 orthographia
902 451 971 479 pauâ€”

176 496 273 531 sisque
291 495 496 529 interpungere,
521 492 628 520 mendis
639 492 721 520 etiam
740 491 845 526 aliquot
860 497 972 526 perpur-

176 549 251 578 gare,
269 549 324 568 non
343 540 513 567 levissimum
538 538 677 573 negotium
701 537 763 564 fuit.
793 536 832 564 Eo
857 535 973 563 accessit

176 587 281 615 Latinae
306 585 542 621 interpretationis
555 584 739 617 clucubratio,
765 591 817 618 qua
843 582 970 610 Photium

177 633 335 662 necessario
349 632 543 660 declarandum
570 631 683 666 putavi.
714 634 824 665 propter
852 637 900 656 eos
925 628 971 664 qui

176 678 271 706 Graece
293 678 418 706 nesciunt
441 677 484 705 vel
510 677 557 713 qui
584 676 677 705 Graece
698 684 727 703 se
743 676 813 703 seire
830 674 970 702 simulant.

179 726 233 753 Sed
257 730 349 752 tamen
373 730 402 752 ut
424 724 505 752 citior
527 723 616 751 editor
631 720 971 757 lierem,pau|oincultior

177 772 313 807 interpres
328 771 411 798 videri
436 770 521 798 malui
535 779 543 797 :
562 769 645 805 igitur
667 768 800 804 quidquid
816 767 899 795 menti
916 766 972 801 pri-

177 825 252 845 mum
262 817 393 849 occurrit,
412 816 439 843 id
455 816 512 844 fere
523 815 630 843 calamo
643 814 731 850 pinxi,
747 813 864 848 expoliri
877 817 970 840 autem

177 871 269 891 sermo
298 871 353 891 non
382 867 483 898 potest,
510 862 561 889 nisi
576 855 659 897 quem
674 861 775 888 decens
793 866 869 887 mora
887 859 968 885 lima-

177 910 257 937 verit.
278 908 378 936 Curavi
396 913 486 936 tamen
498 908 611 943 ubique,
630 911 661 935 ut
680 906 804 934 Graecam
825 904 970 932 veri'eutem

173 955 273 982 Latina
289 959 412 983 servaret
426 955 582 982 translatio.
606 952 805 980 Adnotationes
817 958 895 978 raras
906 949 972 978 sub-

179 1001 271 1034 texui;
304 1001 348 1028 his
366 1001 440 1028 enim
457 1000 577 1028 lectores
589 1006 684 1026 carere
701 997 809 1025 facilius
824 999 967 1032 poterant:

178 1047 342 1075 flihlicarum
360 1051 451 1074 autem
467 1046 673 1077 auctoritatum,
692 1051 753 1078 quae
781 1047 822 1070 tot
844 1049 859 1069 a
875 1040 972 1068 Photio

177 1093 335 1127 laudantur,
361 1093 439 1121 sedes
469 1092 595 1127 proprias
617 1091 645 1118 in
659 1090 721 1117 libri
739 1087 910 1124 marginibus
925 1086 972 1113 de-

178 1139 341 1167 monstravi.
372 1137 544 1172 Quaestiones
559 1137 645 1172 ipsas,
670 1143 731 1171 quae
750 1135 778 1162 in
793 1134 888 1161 codice
903 1139 970 1160 con-

177 1187 298 1214 tinenter
322 1186 494 1218 scribuntur,
523 1185 549 1212 in
567 1183 699 1211 articulos
711 1181 833 1210 minores
844 1179 969 1211 distinxi,

178 1239 234 1267 quo
252 1231 360 1259 scilicet
382 1229 573 1266 perspicuitati
592 1228 730 1257 sermonis
744 1226 929 1256 consulerem,
944 1228 972 1252 et

178 1278 213 1305 iis
233 1277 280 1311 qui
309 1277 386 1304 locos
416 1276 542 1303 cilabunt
560 1283 619 1302 rem
641 1273 816 1302 commodam
838 1271 969 1299 facerem.

177 1322 331 1356 Creteroqui
352 1321 503 1349 ordinalcm
535 1327 692 1352 numerttm,
721 1326 775 1354 quo
801 1324 972 1352 unaquaeque

179 1367 294 1404 qmestio
320 1371 432 1394 notatur
452 1367 478 1393 in
501 1366 608 1398 codice,
630 1365 734 1393 idcirco
758 1364 877 1395 servavi,
895 1368 972 1390 utne

179 1418 237 1441 tum
255 1412 366 1448 quidem
380 1411 483 1439 cilandi
503 1411 574 1438 ratio
587 1411 721 1441 varietur,
735 1417 797 1437 cum
811 1408 970 1436 universum

179 1466 248 1494 opus
271 1457 402 1485 exstabit.
430 1456 499 1485 illud
521 1455 665 1483 verissime
681 1455 773 1483 testari
784 1461 865 1488 queo,
880 1461 925 1480 me
938 1452 972 1480 de

178 1504 273 1532 codice
283 1502 419 1531 Vaticano
436 1502 624 1537 Amphilochia
646 1501 771 1528 omnium
791 1499 877 1527 ferme
891 1498 973 1534 potis-

179 1550 249 1577 sima
264 1549 453 1584 decerpsisse;
464 1556 527 1583 qua:
544 1547 674 1575 nimirum
687 1546 730 1574 vel
747 1546 806 1581 ipsa
816 1545 972 1581 prolixitate

179 1605 240 1630 sua,
274 1596 317 1624 vel
336 1599 498 1630 argumento
510 1594 586 1630 gravi
603 1599 630 1622 et
650 1593 803 1629 theologica
815 1613 822 1626 ,
849 1592 893 1620 vel
919 1591 971 1619 do-

179 1643 277 1669 ctrina:
290 1641 446 1673 altitudine,
458 1641 499 1668 vel
509 1640 630 1668 novitate
643 1639 734 1673 aliqua
743 1637 974 1666 commendaban-

180 1695 235 1722 tur,
249 1693 277 1716 et
295 1696 356 1723 qum
379 1695 468 1722 neque
481 1695 542 1715 cutn
562 1686 757 1721 Amp/tilochiis
772 1684 865 1716 editis,
884 1689 974 1718 neque

180 1743 277 1763 rursus
285 1742 348 1762 cum
364 1733 489 1768 epistolis
506 1732 705 1768 congruebant.
731 1729 860 1758 Profecto
883 1729 910 1756 in
929 1728 972 1756 his

179 1786 253 1809 tanta
268 1781 306 1808 rei
325 1780 403 1807 bona
428 1778 507 1813 copia
532 1783 585 1809 est,
619 1782 648 1805 ut
671 1784 741 1812 quas
765 1776 798 1804 de
813 1776 865 1803 hoc
880 1774 972 1810 Opere

178 1829 273 1856 laudes
283 1827 412 1858 Allatius.
425 1825 555 1858 Wolfius,
569 1824 733 1856 Andresius,
750 1824 863 1852 Scottus
871 1822 973 1857 aliique

177 1875 258 1911 pleno
281 1881 329 1901 ore
353 1873 590 1909 przedicaverunt,
622 1879 670 1899 eas
700 1877 793 1902 nemo,
817 1874 848 1897 ut
876 1875 970 1904 spero,

177 1920 276 1948 nimias
289 1919 463 1955 iudicaturus
478 1919 525 1946 sit.
556 1917 622 1945 Mihi
643 1925 708 1945 vero
723 1916 855 1952 cogitanti
871 1914 972 1950 permi-

178 1974 239 1995 rum
255 1965 341 1992 videri
358 1965 438 1997 solet,
469 1963 518 1999 qui
542 1963 602 1990 fieri
626 1962 750 1998 potuerit
766 1967 795 1990 ut
809 1961 924 1988 Photius
943 1960 970 1987 in

178 2011 358 2040 szecularibus
374 2010 448 2038 curis
461 2009 606 2036 muneribu
617 2016 685 2043 sque
694 2013 817 2036 versatus
832 2014 921 2042 usque
937 2006 971 2034 ad

177 2057 378 2092 episcopatum,
406 2056 440 2083 ad
463 2063 546 2090 quem
577 2055 664 2082 laicus
681 2055 772 2082 subito
788 2059 898 2081 evectus
908 2052 970 2084 fuit,

178 2108 279 2131 tantam
293 2102 448 2129 divinarum
467 2100 672 2135 Scripturarum
693 2104 776 2135 atque
791 2098 971 2127 abstrusioris

178 2146 320 2182 theologica
347 2146 471 2173 notitiam
499 2145 714 2181 facultatemque
738 2145 855 2180 adeptus
876 2144 969 2171 fuerit.

177 2192 245 2220 Tres
274 2196 365 2220 tamen
392 2192 421 2219 in
447 2191 551 2219 Latinis
580 2195 732 2219 occurrunt
747 2190 884 2223 Patrihus,
900 2197 970 2225 quos

176 2245 255 2274 atquo
267 2237 330 2273 jure
344 2236 435 2265 Photii
451 2237 562 2273 ingenio
580 2244 770 2272 opponamus;
797 2236 880 2270 hique
905 2239 970 2263 sunt

176 2284 340 2321 Cyprianus,
356 2284 529 2315 Ambrosius,
547 2287 630 2317 atque
648 2283 837 2317 Augustinus;
851 2289 969 2316 quorum

177 2332 283 2367 primus
303 2337 318 2357 a
339 2329 399 2357 foro
414 2334 443 2357 et
457 2329 610 2357 honoribus
630 2329 663 2356 ad
680 2328 865 2356 sanctuarium
879 2327 970 2356 subito

176 2376 298 2410 transiit,
320 2380 348 2404 et
360 2379 452 2403 tamen
469 2375 496 2402 in
512 2374 682 2402 acutiSSimis
695 2373 823 2402 Ecclesiae
837 2374 970 2409 theologis

176 2427 330 2458 reputatur.
342 2421 488 2449 Secundus
507 2428 522 2448 a
536 2420 660 2448 szeculari
676 2419 793 2455 Liguriae
808 2420 970 2455 praefectura

176 2471 210 2498 ad
226 2469 329 2498 infulas
340 2471 452 2503 repente
471 2471 577 2503 raptus.
596 2467 778 2494 nihilominus
791 2470 893 2494 tantam
908 2475 970 2494 mox

176 2516 288 2544 edidicit
317 2523 404 2544 sacrae
431 2515 563 2542 doctrina:
587 2514 712 2549 copiam,
743 2518 873 2549 quantam
898 2515 970 2542 edita

176 2562 239 2598 ejus
252 2568 335 2596 opera
351 2561 558 2594 demonstrant;
585 2564 684 2596 praeter
710 2561 756 2588 illa
778 2569 839 2596 quas
849 2561 971 2588 celeberâ€”

177 2608 248 2636 rima
260 2607 337 2640 olim,
350 2614 423 2635 nunc
433 2607 535 2635 amissa
549 2607 705 2642 querimur.
723 2607 894 2642 Augustinus
906 2608 971 2635 item

177 2651 302 2688 profanis
316 2651 416 2679 studiis
431 2659 520 2687 usque
533 2651 568 2678 ad
594 2651 714 2678 adultam
730 2657 836 2679 aetatem
853 2652 972 2679 innutrio

178 2705 234 2732 tus,
249 2697 324 2725 brevi
341 2704 404 2724 mox
430 2697 581 2725 maximum
608 2697 699 2725 omnis
720 2697 864 2733 theologia:
879 2697 971 2725 lumen

178 2744 316 2773 inclaruit.
344 2743 406 2770 Jam
427 2743 474 2777 qui
504 2751 591 2770 sacrae
607 2743 823 2771 Hermeneutieas
852 2751 971 2771 canones

177 2796 343 2825 cognoscere
367 2793 440 2822 avct,
470 2788 494 2816 is
515 2788 605 2816 Photii
634 2789 752 2824 primam
778 2789 970 2825 quastionem.

212 2869 268 2905 (at)
283 2869 351 2897 Bibl.
369 2868 416 2897 Gr.
433 2870 477 2898 ed.
495 2876 558 2897 nov.
573 2873 593 2896 Î¹.
613 2868 658 2902 xr,
675 2877 701 2905 p.
719 2869 763 2896 s7.

1022 262 1116 290 260nm
1131 263 1221 292 adeat.
1255 263 1405 291 Bibliorum
1431 263 1506 291 locos
1531 264 1577 298 qui
1603 264 1801 299 repugnantium

1023 309 1143 343 speciem
1160 309 1272 341 habent,
1293 314 1366 336 recte
1381 309 1531 337 conciliant
1544 309 1699 344 complures
1722 317 1751 336 ex
1764 310 1803 337 his

1022 353 1202 388 quaestiones,
1225 359 1255 381 ut
1265 354 1294 386 6,
1314 354 1361 387 23,
1382 359 1436 381 etc.
1467 353 1563 381 Nonne
1588 355 1647 389 ipsa
1670 354 1803 389 theologia:

1022 401 1171 435 penetralia
1186 401 1327 429 cernimus
1350 402 1376 428 in
1397 400 1597 436 quaestionibus
1617 400 1651 428 de
1676 400 1804 436 baptismo

1023 450 1052 474 et
1061 446 1095 474 tle
1108 446 1170 473 vitae
1183 446 1322 474 termino?
1344 446 1444 482 Utique
1455 451 1481 474 et
1507 446 1559 474 illa-
1579 445 1614 474 de
1634 454 1803 482 personarum

1022 491 1179 519 divinarum
1193 492 1406 527 proprietatibus
1433 492 1598 528 persubtiles
1619 500 1720 527 perque
1731 500 1804 521 accu-

1024 542 1089 565 ratae
1103 543 1178 566 sunt.
1203 538 1299 566 Nonne
1329 540 1439 567 demum
1473 539 1669 574 componendis
1691 540 1805 568 moribus

1024 589 1140 619 prosunt
1159 585 1213 612 illa:
1235 585 1269 612 de
1285 585 1466 619 Eueharistia,
1484 591 1511 614 et
1527 586 1561 614 de
1581 586 1762 617 Providentia.
1780 590 1806 614 et

1022 629 1056 657 de
1071 629 1246 664 sempiternis
1261 630 1395 657 scelerum
1409 631 1518 666 poenis?

1057 674 1102 703 IV.
1133 675 1328 704 Controversia
1351 677 1453 712 aliquot
1477 678 1509 704 de
1534 678 1728 713 amphilochiis.
1754 679 1806 713 Age

1023 729 1089 750 vero
1104 722 1168 757 quia
1192 723 1243 750 hoc
1257 730 1327 758 opus
1347 723 1382 751 ad
1398 724 1621 759 Amphilochium
1638 724 1720 752 scribi
1735 723 1805 751 vide-

1023 775 1094 801 mus,
1125 776 1206 796 nemo
1226 769 1378 802 existimet,
1404 778 1485 798 omne
1512 771 1537 798 id
1562 770 1684 806 quaesitis
1711 771 1742 798 ab
1758 770 1807 798 hoc

1023 814 1133 842 homine
1150 815 1219 842 forte
1235 816 1384 851 propositis
1400 817 1575 850 respondere.
1609 816 1655 844 Est
1674 816 1744 843 enim
1765 816 1806 843 hic

1023 861 1154 888 solemnis
1180 862 1418 896 Ï€ÏÎ¿ÏƒÏ†Ï‰Î½Î¿á½»Î½Ï„Ï‰Î½
1445 870 1516 894 mos,
1544 867 1573 890 ut
1595 862 1632 889 ob
1648 861 1806 897 captandam

1023 907 1159 934 scribendi
1173 915 1281 939 ansam,
1293 916 1350 936 rem
1363 909 1500 944 ejusmodi
1518 909 1631 944 fingant.
1658 907 1705 935 Sic
1726 907 1807 936 Euse-

1023 954 1098 981 bium
1118 954 1292 983 simulavisse
1313 961 1388 990 pulo,
1407 955 1472 983 dum
1495 956 1528 983 ad
1547 954 1716 990 Staphanum
1731 955 1808 983 Muri-

1022 1005 1143 1033 nnmqne
1162 991 1308 1027 scriberet.
1343 999 1389 1028 Sic
1411 999 1576 1028 Theodorus
1590 1000 1806 1036 Mopsuestcnus,

1022 1049 1092 1073 teste
1109 1044 1243 1073 Ebediesu
1269 1045 1296 1073 in
1318 1045 1461 1081 Catalogo,
1484 1046 1592 1081 singula
1616 1054 1700 1082 prope
1729 1054 1807 1082 opera

1022 1089 1056 1117 ad
1069 1090 1173 1117 amicos
1189 1090 1274 1122 misit,
1290 1091 1370 1126 quasi
1387 1091 1422 1118 ab
1451 1091 1485 1118 iis
1506 1096 1618 1126 rogatus
1643 1091 1738 1119 fuisset
1760 1101 1767 1118 :
1783 1096 1810 1119 et

1022 1135 1063 1162 sic
1076 1135 1110 1162 ab
1121 1135 1182 1162 aliis
1196 1135 1324 1163 Ecclesiae
1334 1136 1473 1169 Patribus,
1495 1144 1546 1164 nec
1565 1144 1620 1164 non
1644 1144 1659 1164 a
1674 1136 1810 1171 scripturi-

1023 1181 1074 1209 bus
1106 1182 1223 1209 ethnicis
1248 1182 1404 1210 factitatum
1435 1183 1552 1211 scimus.
1572 1182 1700 1211 Profecto
1720 1182 1809 1210 Photii

1023 1229 1072 1255 has
1081 1228 1246 1262 quaestiones
1261 1236 1315 1256 non
1328 1229 1362 1256 ad
1383 1236 1469 1256 unum
1479 1229 1580 1256 missas
1593 1228 1679 1256 fuisse
1692 1229 1734 1256 vel
1749 1229 1812 1257 inde

1022 1277 1106 1308 patet,
1128 1273 1203 1308 quod
1233 1282 1264 1301 ex
1278 1274 1322 1302 his
1348 1274 1505 1310 complures
1523 1274 1550 1302 in
1581 1274 1706 1310 epistolis
1718 1275 1751 1302 ad
1764 1282 1812 1302 va-

1023 1317 1081 1345 rios
1092 1319 1240 1345 mittuntur
1251 1318 1395 1346 homines:
1408 1324 1465 1346 tum
1481 1319 1564 1346 etiam
1580 1321 1653 1355 quod
1668 1320 1720 1347 loci
1735 1321 1813 1348 multi

1022 1363 1051 1391 in
1068 1363 1281 1392 Commentariis
1297 1364 1406 1393 biblicis
1423 1373 1438 1392 a
1450 1365 1551 1393 Photio
1568 1366 1689 1398 tractati,
1714 1366 1814 1394 deinde

1023 1411 1049 1438 in
1065 1410 1249 1445 Amphilochia
1267 1411 1529 1440 translatiâ€˜fuerunt.
1553 1412 1624 1449 Ergo
1638 1420 1674 1440 ex
1689 1413 1730 1441 bis
1740 1418 1816 1451 recte

1022 1456 1206 1490 concluditur,
1235 1456 1363 1485 Photium
1390 1465 1452 1485 cum
1478 1458 1562 1486 multa
1582 1458 1609 1485 in
1623 1458 1759 1493 epistolis,
1786 1458 1815 1486 in

1023 1503 1314 1537 commentationibus,
1345 1504 1373 1531 in
1394 1504 1527 1537 homiliis,
1548 1504 1582 1532 de
1595 1512 1673 1532 sacra
1689 1504 1816 1534 doctrina

1025 1548 1219 1581 disseruisset,
1262 1549 1297 1577 ad
1329 1554 1483 1578 extremum
1512 1551 1643 1585 praeclare
1661 1556 1688 1578 et
1710 1551 1818 1578 utiliter

1024 1594 1188 1629 cogitavisse
1201 1594 1235 1622 de
1250 1595 1386 1623 universis
1413 1596 1525 1638 scriptis
1544 1596 1585 1624 his
1604 1596 1630 1623 in
1650 1604 1734 1624 unum
1754 1604 1818 1624 eor-

1023 1648 1075 1676 pus
1088 1641 1299 1675 eoaeervandis;
1318 1641 1392 1676 quod
1407 1649 1470 1669 cum
1483 1642 1604 1670 mitteret
1619 1641 1731 1669 honoris
1750 1649 1820 1678 ergo

1023 1686 1056 1713 ad
1072 1687 1190 1714 amicum
1209 1687 1445 1722 Amphilochium,
1467 1695 1568 1716 nomen
1589 1688 1652 1716 inde
1670 1688 1820 1716 snbortum

1023 1736 1074 1765 est,
1092 1732 1134 1759 vel
1156 1732 1246 1761 Photii
1275 1733 1364 1768 ipsius
1394 1734 1437 1761 vel
1462 1739 1634 1769 posterorum
1661 1735 1822 1768 voluntate,

1022 1777 1218 1812 Amphilochia.
1236 1778 1347 1807 Jamdiu
1374 1780 1484 1814 quidem
1502 1780 1640 1808 dubitavit
1671 1780 1821 1810 Fabricius

1023 1823 1080 1859 (21)
1095 1833 1160 1852 num
1181 1829 1307 1853 auctores
1330 1831 1489 1853 catenarum
1505 1826 1724 1862 evangelicarum
1742 1827 1824 1854 locos

1024 1871 1125 1904 Photii,
1142 1879 1212 1906 quos
1230 1871 1381 1900 identidem
1397 1872 1550 1908 proferunt,
1575 1880 1609 1900 ex
1624 1872 1823 1908 Ampliilochiis

1022 1918 1137 1946 mutuati
1148 1918 1213 1951 sint,
1239 1926 1275 1946 an
1293 1918 1384 1953 potius
1402 1919 1437 1946 ab
1456 1919 1580 1954 ejusdem
1604 1919 1650 1954 qui
1665 1918 1824 1954 aliquando

1021 1965 1175 1992 exstiterint
1186 1964 1399 1992 Commentariis
1412 1965 1584 2000 evangelicis
1601 1964 1656 2001 Ego
1669 1969 1825 2000 utrumque

1022 2009 1247 2046 factumjudico;
1272 2019 1362 2046 neque
1386 2011 1475 2039 solum
1497 2012 1547 2039 abs
1572 2015 1732 2039 catenarum
1768 2019 1825 2038 au-

1021 2059 1153 2091 ctoribus,
1170 2065 1265 2085 verum
1285 2058 1319 2085 ab
1336 2058 1396 2092 ipso
1411 2057 1508 2086 Pbotio
1526 2058 1669 2085 materiam
1690 2058 1825 2085 eamdem

1022 2113 1076 2133 non
1091 2112 1147 2132 uno
1162 2104 1189 2131 in
1204 2104 1265 2132 loco
1277 2111 1366 2139 neque
1383 2104 1467 2132 semel
1483 2109 1643 2139 usurpatam
1673 2104 1825 2132 existimo.

1020 2151 1088 2179 Nam
1104 2155 1131 2179 et
1146 2152 1173 2179 in
1189 2151 1295 2178 catenis
1319 2159 1416 2186 reapse
1432 2151 1524 2186 plures
1550 2151 1603 2178 loci
1622 2149 1755 2178 Photiani
1772 2159 1827 2179 oc-

1021 2203 1146 2231 currunt,
1175 2198 1222 2233 qui
1251 2198 1278 2225 in
1309 2197 1513 2232 Amphilochiis,
1542 2205 1603 2232 qua:
1622 2205 1696 2225 nunc
1721 2198 1826 2225 omnia

985 2248 1008 2277 Î¹)
1023 2243 1160 2275 novimus,
1180 2251 1233 2270 non
1257 2247 1428 2278 comparent.
1458 2241 1493 2270 Et
1515 2243 1626 2278 quidem
1639 2242 1826 2270 Scholiorum

1021 2289 1111 2316 Photii
1137 2289 1170 2316 ad
1185 2288 1288 2316 Lucam
1317 2289 1482 2317 ineditorum
1513 2296 1564 2324 ego
1585 2289 1644 2323 ipse
1673 2288 1701 2316 in
1725 2288 1829 2324 prima

1023 2335 1104 2369 hujus
1126 2334 1273 2362 voluminis
1300 2334 1420 2362 editione
1446 2335 1585 2369 specimen
1618 2334 1732 2362 exhibui
1758 2340 1831 2370 post

1021 2380 1220 2415 Apollinarium
1239 2389 1247 2413 ;
1265 2380 1342 2415 plura
1359 2381 1486 2411 daturus.
1513 2380 1568 2408 nisi
1585 2381 1716 2416 pleraque
1732 2389 1830 2416 agno-

1021 2428 1122 2454 vissent
1138 2427 1166 2454 in
1183 2426 1375 2461 Amphilochiis
1398 2427 1440 2455 vel
1471 2427 1498 2454 in
1522 2426 1650 2462 Epistolis
1674 2434 1766 2462 prope
1792 2428 1831 2455 ad

1021 2473 1134 2500 verbum
1162 2474 1259 2508 repeti.
1287 2473 1375 2506 Quam
1399 2481 1458 2501 rem
1480 2478 1510 2501 ut
1528 2474 1678 2501 lectoribus
1691 2473 1834 2508 probem,

1023 2519 1128 2546 idoneis
1142 2519 1311 2554 argumentis
1322 2519 1490 2554 parcendum
1502 2526 1555 2546 non
1570 2525 1626 2547 est.

1058 2564 1084 2592 â€˜l.
1100 2563 1218 2592 Matlbaei
1239 2565 1330 2592 locum
1350 2572 1390 2598 Î¹Î¹,
1412 2564 1456 2596 17,
1472 2572 1527 2600 quo
1541 2564 1618 2592 aiunt
1637 2565 1716 2600 pueri
1747 2565 1838 2593 Ceci-

1022 2611 1110 2638 nimus
1126 2611 1209 2643 vobis,
1221 2615 1274 2638 etc.
1288 2610 1484 2646 interpretatur
1497 2611 1593 2639 iisdem
1603 2611 1695 2639 verbis
1703 2611 1840 2640 Photius

1023 2661 1080 2684 tum
1108 2657 1134 2684 in
1166 2657 1269 2685 Catena
1297 2655 1431 2684 Vaticana
1452 2657 1513 2685 cod.
1530 2657 1594 2689 758,
1607 2665 1636 2693 p.
1652 2658 1699 2690 28,
1717 2662 1786 2686 turn
1805 2659 1840 2686 in

1023 2702 1245 2738 Amphilocltiana
1269 2703 1422 2739 quaestione
1435 2703 1481 2737 54,
1496 2711 1511 2731 a
1526 2703 1623 2731 Scotto
1636 2703 1722 2731 edita.

1057 2750 1084 2776 2.
1101 2748 1182 2777 Lucae
1196 2749 1274 2778 locus
1287 2757 1318 2784 tt,
1333 2750 1368 2778 35
1392 2759 1400 2777 :
1425 2749 1460 2777 Et
1485 2754 1560 2777 tuam
1587 2750 1672 2785 ipsius
1697 2750 1842 2778 animum

1023 2795 1205 2830 pertransibit,
1218 2801 1285 2831 etc.,
1298 2796 1450 2825 illustratur
1462 2804 1477 2825 a
1493 2797 1592 2826 Photio
1608 2798 1699 2826 tumin
1713 2797 1844 2825 Catena
