1881 3077
77 175 112 206 37

755 175 1051 206 PROLEGOMENA.

1687 179 1723 210 38

80 231 214 259 Vaticana
230 228 293 257 cod.
309 228 428 264 l935,p.
444 227 490 261 63,
523 232 580 255 tum
606 228 690 256 etiam
719 228 747 257 in
761 229 876 265 Amphi-

970 240 984 256 ν
999 231 1219 266 σταυρωσάντων
1243 230 1447 268 ὲκκαλούμενον
1471 232 1658 269 μυσάττεσοαι
1674 235 1724 270 τὴν

77 276 207 304 lochiana
221 274 375 310 quaestione
391 272 453 300 l76.

112 322 224 350 5.Luc.
253 328 317 351 xui.
347 319 412 347 ﬂ:
444 318 613 354 Responderi:
641 319 877 355 archisynagogus.

77 367 160 396 Verbi
168 365 353 401 ἀποκρίνομαι
365 364 489 392 notiones
499 364 581 391 variae
592 365 773 392 enucleantur
783 372 797 392 a
811 364 878 392 Pho-

79 411 116 440 tio
129 411 283 439 breviterin
291 409 393 438 Catena
411 409 541 437 Vaticana
554 410 630 441 1955.
641 418 667 445 p.
676 409 738 441 568.
747 415 804 437 ιιιιιι
816 418 879 445 pro-

78 460 161 488 lixius
182 463 210 486 et
237 457 346 485 doctius
369 457 394 483 in
405 456 632 491 Amphilochiana
655 464 669 483 a
691 465 734 484 me
748 457 819 485 edita
832 457 878 485 2L

113 505 140 532 4.
158 504 226 532 Luc.
255 511 312 534 xvi,
338 502 384 534 26.
413 502 447 529 de
474 502 592 537 epu|0ne
612 507 639 530 et
662 502 765 530 Lazaro
788 502 878 530 Photii

78 552 157 579 locus
173 554 217 578 est
231 550 259 577 in
277 550 378 576 Catena
394 548 529 576 Vaticana
541 548 604 580 759.
622 557 648 583 p.
667 548 712 582 66,
735 548 783 584 qui
806 548 878 576 scri-

79 597 153 625 bitur
168 596 196 624 in
212 595 328 632 epistola
345 595 416 623 edita
432 595 478 622 52.
510 594 597 622 Porro
612 599 638 622 et
650 595 728 622 locus
743 595 877 623 adversus

79 642 210 677 Origenis
239 648 363 669 errorem
386 641 420 668 de
435 640 525 675 pmnis
555 645 732 675 peccatorum
763 641 878 668 minime

79 687 202 718 aeternis,
227 687 275 722 qui
302 687 402 714 ibidem
429 686 526 721 paucis
541 686 634 714 verbis
649 686 675 713 in
689 691 785 714 catena
799 686 879 722 porti-

80 739 135 766 tur,
153 733 189 766 is,
200 733 325 768 inquam,
341 732 594 766 prmtermittiturin
609 732 724 767 epistola
732 732 776 764 52.
790 731 837 760 sed
844 732 878 760 de

80 788 112 808 eo
128 780 239 816 copiose
256 779 284 806 in
299 779 386 814 prima
402 778 558 806 disseritur.

117 827 144 855 5.
159 826 226 854 Luc.
246 833 315 857 xm,
330 823 365 852 36
387 832 394 850 :
418 822 497 850 Nunc
511 823 556 858 qui
570 823 647 850 habet
661 823 808 856 sacculum,
821 827 874 851 etc.

81 873 186 901 Locum
210 872 286 899 hunc
300 875 398 898 tractat
414 869 528 898 Photius
547 870 574 897 in
592 868 693 896 Catena
709 868 771 896 Vat.
794 869 874 902 1955,

80 928 110 955 p.
135 919 211 951 557,
243 918 365 952 itemque
396 915 565 951 amplissime
589 915 616 942 iu
647 914 874 950 Amphilochiana

80 966 170 1001 prima
183 965 335 1000 quaestione
351 962 445 990 iisdem
459 961 517 989 fere
535 961 627 988 verbis
641 965 730 987 utens.

115 1011 143 1038 6.
158 1010 225 1037 Luc.
242 1017 311 1040 xm.
322 1008 368 1039 Η,
384 1007 473 1035 locum
486 1007 519 1034 de
530 1006 629 1033 sudore
644 1005 745 1033 Christi
758 1005 874 1040 sangui—

79 1062 143 1088 neo,
159 1053 318 1081 ineamdem
331 1053 494 1080 sententiam
519 1051 670 1086 iisdemque
685 1050 776 1081 verbis
787 1050 875 1086 expli-

78 1105 124 1128 cat
146 1100 264 1127 Pbotius
281 1104 339 1127 tum
355 1099 383 1127 in
404 1098 514 1126 Catenis
525 1097 586 1130 Vat,
603 1096 668 1130 759,
699 1105 727 1132 p.
749 1097 820 1131 2H;
845 1101 875 1125 et

80 1147 162 1178 I953.
175 1153 202 1181 ι).
220 1145 284 1177 562,
299 1149 357 1172 tum
372 1145 398 1171 in
411 1143 527 1179 epistola
540 1143 602 1171 l58.

115 1192 142 1219 7.
157 1191 226 1218 Luc.
254 1198 336 1223 nm,
355 1190 402 1218 25.
432 1189 548 1217 Disserit
568 1188 685 1217 Photius
717 1188 744 1215 in
769 1187 873 1216 Catena

79 1237 142 1265 Vat.
157 1238 221 1269 758,
237 1245 264 1272 p.
288 1236 332 1269 78.
355 1236 389 1264 de
401 1235 504 1263 Christi
527 1235 662 1270 sanguine
678 1234 876 1270 redemptionis

80 1284 180 1318 pretio,
196 1283 269 1318 quod
290 1283 381 1317 ipsum
405 1281 503 1309 iisdem
528 1281 584 1308 fere
607 1280 700 1308 verbis
721 1282 751 1307 lit
771 1280 798 1307 in
815 1280 876 1306 Am-

81 1329 258 1365 philocltiat-a
272 1328 307 1355 24

115 1375 142 1402 8.
167 1374 235 1402 Luc.
251 1381 326 1405 xxiv,
342 1372 387 1403 51,
410 1372 493 1399 verba
511 1371 604 1406 Aperti
619 1375 681 1398 sunt
697 1370 768 1398 oculi
783 1378 874 1397 eorum

81 1421 179 1450 eodem
204 1420 286 1447 modo
309 1419 485 1454 explicantur
501 1426 515 1445 a
531 1418 632 1446 Photio
653 1417 680 1444 in
693 1417 795 1444 Catena
812 1417 873 1444 Vat.

82 1467 145 1499 759.
170 1474 198 1501 ν.
213 1465 279 1498 253,
306 1470 389 1499 atque
415 1465 442 1491 in
467 1463 698 1499 Ampliilocliiana
723 1462 875 1498 quastione

81 1513 202 1541 nondum
216 1511 288 1538 edita
307 1510 352 1537 Η.

116 1557 144 1584 9.
160 1556 230 1583 Luc.
246 1563 327 1585 xxul.
341 1555 386 1586 50,
401 1555 435 1582 de
446 1553 567 1588 Josepho
581 1553 615 1581 ab
631 1552 795 1580 Arimathzea
811 1560 875 1580 nar-

80 1603 153 1630 ratio
176 1606 218 1629 est
241 1604 312 1636 apud
326 1601 454 1628 Photium
473 1600 550 1627 initio
563 1598 688 1633 episton
701 1599 746 1626 9|.
774 1599 875 1626 Verum

80 1649 176 1675 eadem
195 1648 326 1675 scribitur
349 1648 375 1673 in
389 1646 490 1674 Catena
503 1646 563 1673 Val.
579 1646 642 1677 759.
658 1644 757 1680 p.244.
785 1645 875 1679 Atque

79 1703 132 1729 ego
146 1694 190 1721 vix
203 1694 299 1721 dubito
316 1693 383 1728 quin
399 1700 432 1719 ex
450 1692 494 1719 illa
512 1691 602 1719 Photii
626 1690 757 1718 Oratione
773 1690 800 1717 in
823 1689 877 1717 Do-

84 1739 150 1766 mini
167 1739 352 1774 sepulturam.
367 1745 449 1772 quam
465 1736 647 1764 Combeﬂsius
666 1735 772 1777 (22)_in
785 1734 877 1761 Maza-

84 1786 196 1813 riniano
213 1785 309 1813 codice
322 1784 400 1816 vidit,
409 1783 456 1811 sed
471 1783 534 1818 quia
545 1781 655 1810 carebat
669 1782 781 1808 exordio
796 1780 878 1807 edere

83 1832 182 1863 noluit.
198 1832 244 1858 vix
268 1831 379 1866 inquam
397 1830 491 1856 dubito
513 1829 579 1863 quin
593 1829 646 1856 hoc
662 1826 753 1854 Photii
768 1827 878 1861 elegans

84 1878 313 1912 ἀποσπασμάτιον
338 1876 371 1904 de
392 1874 512 1910 Josepho
538 1875 572 1902 ah
586 1874 751 1901 Arimathaza
768 1873 879 1900 Vatica-

85 1933 138 1953 nus
153 1924 309 1960 eclogarius
331 1922 511 1957 decerpserit.
539 1921 613 1956 quod
633 1920 792 1954 speciminis
817 1920 878 1946 loco

86 1979 140 1998 non
162 1978 207 1998 me
228 1971 300 2005 piget
317 1969 483 1996 exscribere.
509 1966 603 2001 Pergit
621 1967 695 1994 enim
709 1966 743 1993 ad
759 1965 877 1992 Pilatum

84 2015 232 2051 Iosephus,
252 2021 371 2049 eumque
383 2017 412 2040 ut
426 2013 478 2040 sibi
497 2012 602 2040 Christi
623 2019 726 2046 corpus
746 2010 879 2038 concedat

85 2062 238 2097 composita
253 2060 378 2088 oratione
396 2059 436 2088 sic
462 2059 625 2093 deprecatur
640 2057 707 2089 εΔός
722 2066 779 2092 μοι,
795 2057 879 2091 φησὶν

84 2111 98 2136 ὁ
118 2109 231 2144 Ἰωσὴφ.
247 2108 272 2134 εἰ
293 2106 399 2142 βούλει,
415 2105 502 2140 ϐάψαι
526 2105 572 2132 τὸν
593 2103 690 2139 νεκρὸν
707 2103 755 2130 τοῦ
778 2102 877 2138 Ἰησοῦ,

83 2156 113 2182 ὃν
127 2155 153 2182 οἱ
172 2154 290 2189 γνωστοὶ
306 2153 407 2183 πάντες
427 2151 530 2186 ᾤχοντο
547 2150 756 2182 καταλιπόντες,
773 2146 803 2176 οὗ
815 2149 879 2175 πολ-

83 2200 125 2227 λοὶ
141 2200 192 2234 μὲν
207 2198 355 2233 συνέρρεον
370 2197 418 2223 ἐπὶ
426 2196 466 2232 τῷ
480 2195 563 2223 πάθει
576 2195 682 2227 θεαταὶ,
695 2194 743 2221 νῦν
753 2194 776 2222 δ’
790 2194 878 2225 οὐδεὶς
891 2208 913 2238 c

85 2246 248 2280 ὑπέμεινεν.
276 2243 337 2269 οὐδὲ
360 2242 416 2269 τῶν
431 2241 527 2276 φίλων,
554 2240 757 2276 ἑνταφιαστής·
780 2240 878 2267 ἄπεστί

85 2299 126 2317 σοι
138 2290 222 2324 φόὸος
239 2288 381 2324 βασιλείας
392 2295 400 2302 ·
414 2287 548 2322 τέθνηκεν
564 2287 578 2313 ὁ
595 2286 627 2312 τὸ
647 2286 750 2321 κράτος
766 2286 816 2321 μὲν
828 2285 879 2320 τῆς

84 2337 209 2370 ἐξουσίας
223 2335 348 2371 ἁρπάσαι
361 2332 613 2369 κατηγορούμενος,
634 2332 716 2367 μέκρι
727 2331 755 2357 δὲ
769 2331 816 2357 καὶ
829 2331 878 2357 αὺ-

84 2384 133 2419 τῆς
148 2383 317 2418 προκράσεως
331 2379 421 2411 ἁθῶος
445 2379 540 2414 ὀφθεὶς
568 2377 671 2409 παντὸς
690 2377 878 2412 ἀδικήματος·

82 2430 113 2456 ὃν
127 2427 352 2464 προφητοκῖὸνος
368 2425 479 2459 γλῶσσα
492 2425 538 2451 καὶ
551 2423 628 2459 φωνὴ
643 2423 692 2449 καὶ
710 2424 811 2458 χεῖρες,
828 2422 876 2448 σοῦ

82 2474 227 2506 δοκοῦντος
245 2474 340 2509 φέρειν
353 2471 618 2507 φιλανθρωποτέραν
630 2469 731 2505 ψῆφον,
747 2469 800 2495 ὑπὸ
814 2468 878 2502 κρί-

85 2531 126 2548 σιν
139 2522 247 2557 ἦγαγον
261 2519 393 2546 θανάτου·
410 2518 455 2550 δός
471 2526 517 2553 μοι
530 2517 612 2552 χάριν
629 2517 782 2551 ὁμολογεῖν,
797 2515 832 2541 δι’
844 2512 878 2550 ἦς

85 2569 197 2603 ἑτέρους
222 2567 299 2594 οὐδὲν
322 2565 450 2601 ζημιοῖς·
469 2564 531 2591 οὐδὲ
556 2563 612 2599 γὰρ
636 2562 691 2590 οὐδ’
708 2563 722 2588 ὁ
736 2562 790 2588 τῶν
811 2561 878 2588 ἰου-

85 2615 169 2641 δαίων
191 2613 270 2649 ὖχλος
288 2612 432 2640 ἀνιάσεται
449 2612 484 2646 γῇ
500 2610 635 2645 μαθόντες
650 2608 696 2636 τὸν
713 2607 811 2644 ἐχθρὸν
826 2616 878 2634 κα-

85 2659 264 2694 λυπτόμενον.
276 2657 387 2685 Μᾶλλον
403 2657 452 2693 μὲν
471 2654 518 2684 οὖν
535 2654 747 2691 δυσχεραίνουσι
769 2653 818 2681 καὶ
833 2662 878 2679 νε-

88 2706 153 2741 κρὸν
175 2705 222 2732 τὸν
238 2704 284 2731 ὑπ’
304 2703 396 2732 αὐτῶν
419 2704 586 2739 μισούμενον
610 2701 776 2737 βλέποντες·
798 2700 878 2727 τοῦτο

91 2752 138 2786 μὲν
161 2752 213 2786 τὴν
234 2750 326 2778 αὐτῶν
349 2750 506 2786 μιαιφονίαν
525 2748 565 2784 τῷ
590 2747 701 2783 σταυρῷ
729 2747 876 2783 Θριαμῦεύ-

88 2805 162 2829 οντα,
174 2796 294 2823 τοῦτοὸνέ
308 2795 363 2823 τῶν
379 2795 507 2830 ὁρώντων
518 2795 563 2822 τὸν
587 2795 662 2821 ἔλεον
684 2793 809 2826 ἕλκοντα,
833 2793 879 2820 καὶ

123 2855 176 2891 (22',
194 2855 306 2891 Auctor.
319 2863 378 2891 non.
397 2853 451 2891 PP_.
466 2862 494 2888 p.
510 2853 595 2891 71605.

125 2886 180 2924 ἰῶ)
202 2891 232 2918 ld
246 2890 347 2918 fatetur
363 2890 421 2924 ipse
435 2886 550 2917 Pontius
577 2896 694 2924 prooem.
723 2886 891 2922 Amphilorh.

932 275 1080 310 ὠμότητα·
1100 276 1162 303 οὐδὲ
1183 276 1233 311 τὴν
1256 277 1398 313 Καίσαρος
1423 278 1593 305 ὲπισείσουσι
1621 278 1724 313 φιλίαν,

933 321 990 348 Οὐκ
1002 318 1029 348 εἴ
1045 321 1131 356 φίλος,
1145 321 1282 357 λέγοντες.
1302 322 1348 350 τοῦ
1365 323 1514 359 Καίσαρος,
1530 325 1555 352 εί
1567 325 1668 360 νεκρὰν
1682 325 1724 352 δί-

932 365 985 397 δως
1000 367 1034 401 τῇ
1048 367 1083 402 γῇ
1105 366 1322 402 κατορύττεσθαι
1333 375 1341 382 ⁸
1353 368 1570 403 ἀπροφάσιστος.
1585 371 1609 396 εἰ
1633 369 1724 404 βούλει

934 410 1025 444 μόνον,
1038 412 1056 446 ὴ
1073 411 1215 448 πλήρωσις
1240 413 1291 448 τῆς
1315 413 1463 448 αίτήσεως.
1478 414 1590 446 Τούτοις
1611 415 1661 450 τὴν
1675 416 1723 442 τοκῦ

933 457 1050 484 Πιλάτου
1066 457 1229 493 κατεπᾴδων
1240 458 1480 494 ψυχὴν.τυγχάνει
1493 460 1540 486 τοῦ
1551 462 1664 494 σκοποῦ,
1677 463 1724 488 καὶ

931 502 1065 537 λαμὸἀνει
1081 503 1245 540 καθαιρεθὲν
1271 504 1303 531 τὸ
1318 505 1398 539 σῶμα
1423 505 1470 532 τοῦ
1495 505 1594 542 Ἰησοῦ,
1610 507 1658 534 καὶ
1673 509 1724 541 τῆς

933 549 1065 584 συνήθους
1076 549 1147 583 ἀξιοῖ
1161 549 1311 585 φροντίδος.

967 593 1000 621 ν.
1030 594 1156 622 Jamvero
1182 600 1212 622 ut
1240 603 1254 622 a
1278 595 1369 630 seipse
1391 596 1480 624 multa
1501 597 1653 631 sumpsisse
1665 596 1721 633 (25)

931 640 1059 668 Photium
1079 641 1205 668 'vidimus
1230 642 1305 677 (nam
1319 642 1399 676 plura
1421 642 1501 670 nobis
1525 643 1653 678 persequi
1667 651 1720 671 non

930 685 1067 722 va'cabat),
1079 687 1114 714 ita
1128 695 1190 714 eum
1209 695 1261 714 non
1276 695 1362 722 pauca
1373 695 1483 723 quoque
1499 689 1533 716 ab
1547 689 1618 721 aliis,
1627 697 1676 725 pro
1690 697 1721 717 re

930 737 994 760 nata
1010 732 1051 760 vel
1069 737 1147 768 prout
1162 733 1295 760 instituta:
1311 741 1368 761 sua:
1383 734 1542 769 scriptionis
1571 735 1640 762 ratio
1668 743 1721 770 po-

929 778 1032 810 scebat,
1041 778 1124 806 tacito
1133 779 1345 812 Iicetlauctorum
1355 779 1476 813 nomine,
1485 780 1635 815 sumpsisse
1643 788 1720 808 cont-

929 824 1060 859 pcrimus.
1089 824 1118 851 ln
1145 824 1259 851 exordio
1284 824 1444 859 quaestionis
1467 825 1500 852 de
1530 826 1720 854 voluntatibus

928 870 1073 906 gnomieis,
1087 870 1125 898 ait
1135 870 1250 898 Photius
1262 877 1292 898 se
1307 870 1408 898 idcirco
1419 871 1489 898 hanc
1498 871 1718 899 lucubrationem

891 905 914 936 Β
930 917 1075 948 instruere,
1088 916 1151 951 quia
1167 923 1246 943 nemo
1263 924 1278 943 e
1300 916 1403 944 sanctis
1420 917 1565 952 dignisque
1584 918 1718 953 obsequio

925 962 1054 990 Patrihus
1080 970 1141 990 eam
1164 963 1197 990 ad
1224 963 1354 998 liquidam
1371 963 1552 998 perduxisset,
1571 965 1612 992 vel
1636 966 1719 1000 quid-

926 1016 1009 1044 quam
1027 1008 1098 1043 l‘rugi
1107 1009 1140 1036 de
1159 1009 1211 1036 hoc
1231 1013 1396 1044 argumento
1411 1009 1534 1039 dixisset.
1547 1017 1646 1045 magno
1658 1010 1718 1038 Ma-

926 1055 1001 1082 ximo
1013 1060 1138 1089 excepto.
1164 1054 1251 1082 Porro
1272 1055 1365 1082 statim
1382 1054 1497 1082 thius
1517 1054 1596 1089 plane
1607 1055 1640 1082 ad
1656 1063 1719 1083 ver-

926 1101 991 1127 bum
1002 1100 1123 1135 expilare
1139 1100 1235 1135 incipit
1256 1101 1345 1128 sancti
1358 1099 1472 1128 Joannis
1481 1100 1640 1128 Datnaseeni
1649 1108 1718 1135 opus

926 1146 960 1173 de
982 1145 1036 1173 ﬁde
1060 1146 1225 1178 orthodoxa,
1251 1153 1401 1180 suppresso
1423 1146 1545 1173 auctoris
1568 1145 1718 1181 operisque

927 1191 1122 1225 titulozquam
1148 1197 1206 1217 rem
1229 1189 1436 1224 deprehendere
1464 1189 1528 1216 licet
1556 1195 1718 1224 comparan

926 1235 1017 1264 Photii
1029 1239 1104 1262 textu
1133 1243 1195 1262 cum
1210 1234 1380 1262 Damasceno
1396 1234 1521 1269 Lequinii
1542 1239 1561 1262 t.
1576 1235 1598 1267 ι,
1618 1243 1644 1269 p.
1668 1235 1716 1262 187

927 1289 1004 1316 seqq.
1020 1280 1125 1316 Neqnid
1142 1281 1175 1308 de
1190 1281 1327 1308 Anastasii
1351 1280 1464 1308 Sinaitat
1489 1280 1597 1316 "odego
1613 1281 1717 1314 tlicatn,

926 1327 1007 1362 cujus
1023 1335 1099 1362 :rque
1114 1326 1289 1354 deﬁnitiones
1304 1327 1374 1354 clam
1394 1326 1508 1354 Pltotius
1526 1326 1626 1354 sectari
1641 1327 1718 1354 vide-

927 1379 981 1402 tur.
1008 1373 1108 1408 Utique
1136 1372 1251 1401 Photius
1277 1373 1302 1400 in
1321 1373 1549 1407 Ampliiloehiana
1567 1373 1718 1408 quaestione

926 1420 971 1453 ιο,
989 1427 1127 1455 anonymo
1155 1423 1266 1446 auctore
1291 1426 1320 1446 se
1348 1419 1386 1446 uti
1408 1419 1484 1450 dicit,
1501 1427 1582 1454 quem
1614 1418 1717 1446 Dama-

927 1473 1040 1493 scenum
1063 1464 1265 1500 intelligendum
1281 1471 1342 1492 esse
1365 1465 1523 1500 tempestive
1545 1465 1652 1491 monuit
1666 1472 1717 1492 nos

927 1510 1017 1538 Photii
1035 1511 1170 1545 interpres
1187 1510 1223 1538 cl.
1240 1510 1363 1538 Scottus.
1392 1509 1578 1543 Quaslionem
1603 1511 1717 1545 Amphi-

927 1558 1084 1585 lochianam
1097 1557 1296 1592 amplissimam
1315 1557 1377 1591 N9,
1397 1556 1431 1584 de
1443 1557 1505 1584 vita:
1520 1557 1637 1584 termino
1654 1556 1718 1583 uni-

927 1610 1034 1630 versam
1052 1603 1126 1629 nullo
1142 1602 1225 1629 verbo
1240 1606 1409 1629 commutato
1427 1601 1542 1629 Phntius
1559 1609 1574 1628 e
1588 1601 1717 1628 Germani

928 1648 1091 1684 patriarcha;
1105 1656 1176 1683 penu
1193 1648 1226 1675 ad
1242 1655 1271 1675 se
1285 1648 1357 1675 ciant
1374 1647 1523 1675 transtulit.
1558 1647 1626 1675 [tem
1643 1655 1720 1682 qua:-

928 1694 1093 1721 stiuneulam
1110 1693 1162 1721 152
1180 1694 1213 1721 de
1234 1693 1403 1721 obscuritate
1424 1693 1453 1720 S.
1473 1693 1622 1728 Scriptura:
1638 1693 1720 1721 tacite

928 1740 962 1767 ad
977 1740 1090 1767 verbum
1103 1740 1220 1775 sumpsit
1238 1739 1354 1767 Photius
1378 1747 1392 1767 e
1413 1739 1588 1775 Polyehronii
1607 1740 1719 1775 prologo

929 1786 962 1812 ad
973 1784 1073 1812 Johnm
1090 1793 1097 1813 :
1115 1793 1177 1820 quae
1188 1785 1278 1812 brevis
1298 1784 1461 1817 lucubratio,
1478 1785 1543 1819 quia
1559 1792 1612 1811 non
1629 1789 1721 1812 exstat

929 1838 992 1858 cum
1013 1831 1119 1858 eteteris
1135 1830 1308 1865 Polychronii
1328 1830 1361 1857 ad
1371 1829 1471 1856 .Iobnm
1487 1830 1635 1864 excerptis,
1650 1838 1664 1857 a
1677 1838 1720 1856 me

929 1877 1047 1905 libenter
1070 1877 1143 1904 edita
1165 1876 1224 1904 fuit.
1263 1875 1386 1910 Denique
1408 1876 1589 1910 quaestionem
1617 1876 1668 1903 154
1687 1877 1720 1903 de

931 1923 1013 1950 variis
1036 1921 1187 1949 Bibliorum
1216 1929 1360 1950 sacrorum
1389 1922 1556 1949 editionibus
1588 1924 1670 1950 tacite
1686 1924 1720 1949 a.l

929 1968 1044 1996 verbum
1059 1968 1206 2003 exscripsit
1233 1968 1346 1995 Photius
1372 1975 1404 1995 ex
1421 1967 1492 1994 edita
1512 1969 1721 2003 pseudo-Atha-

930 2014 1000 2042 nasii
1021 2014 1184 2049 quastione,
1202 2014 1260 2041 sive
1276 2013 1358 2041 etiam
1375 2022 1406 2041 ex
1426 2013 1570 2049 Epiphanii
1584 2013 1720 2041 Pnnario:

931 2060 956 2088 id
973 2059 1046 2095 quod
1057 2067 1108 2094 ego
1123 2059 1255 2092 sentiens,
1271 2059 1404 2094 scriptum
1415 2060 1587 2095 praetermisi.
1604 2060 1723 2088 Caetero-

929 2106 976 2141 qui
990 2114 1024 2133 ne
1038 2106 1149 2141 gravius
1163 2113 1295 2133 accusare
1311 2105 1440 2133 Photium
1458 2106 1563 2139 videar.
1588 2107 1639 2135 hoc
1651 2115 1721 2142 quo-

930 2159 984 2186 que
1009 2151 1211 2179 observandum
1240 2157 1298 2184 est,
1334 2150 1463 2178 Photium
1491 2152 1580 2187 ipsum
1614 2152 1640 2180 in
1671 2161 1722 2180 suo

931 2195 1176 2232 Amphilochiorum
1198 2196 1348 2228 Procemio.
1380 2201 1436 2224 tum
1464 2198 1547 2224 etiam
1569 2199 1723 2233 quaestione

930 2243 951 2276 Ι,
970 2250 1030 2280 cap.
1047 2242 1080 2270 10
1095 2243 1161 2279 (quo
1175 2246 1314 2278 postremo
1336 2242 1398 2271 loco
1423 2244 1458 2270 de
1473 2244 1663 2278 superioribus
1678 2244 1723 2271 Bi-

930 2288 1047 2316 hliorum
1058 2288 1253 2324 interpretibus
1262 2289 1332 2316 mira
1343 2296 1405 2316 cum
1416 2290 1569 2317 reverentia
1578 2290 1722 2325 loquitur),

930 2335 1076 2362 manifeste
1096 2335 1198 2367 dicere,
1228 2343 1257 2363 se
1274 2337 1396 2370 acceptis
1409 2343 1442 2364 ex
1460 2336 1506 2364 illa
1526 2340 1662 2364 vetustate
1679 2344 1724 2364 se-

931 2381 1063 2412 minibus,
1088 2380 1170 2416 louge
1194 2382 1380 2410 accuratiores
1404 2382 1653 2410 contradictionnm
1675 2390 1722 2409 su-

931 2427 1051 2455 lutiones
1067 2427 1092 2453 in
1106 2427 1226 2454 tnedium
1243 2427 1376 2463 proferre.
1409 2428 1492 2464 quue
1509 2429 1599 2456 Photii
1618 2429 1721 2456 dicttuu

932 2480 1020 2508 neque
1038 2472 1148 2506 falsum,
1171 2478 1199 2500 ut
1212 2477 1290 2508 puto,
1306 2482 1395 2509 neque
1411 2482 1542 2509 arrogans
1557 2480 1617 2508 est;
1633 2483 1722 2510 quan-

932 2519 1077 2553 doquidem
1103 2519 1143 2546 hae
1169 2519 1259 2547 Photii
1281 2521 1448 2555 quaestiones
1475 2528 1524 2548 seu
1550 2521 1655 2548 biblica:
1673 2530 1720 2550 seu

933 2564 1101 2600 theologica),
1120 2565 1171 2592 etsi
1191 2573 1245 2593 non
1263 2573 1358 2593 omnes
1373 2566 1429 2600 pari
1445 2565 1565 2600 pondere
1581 2573 1614 2594 ac
1633 2566 1723 2602 digni-

933 2616 987 2639 tate
1003 2616 1077 2644 sunt,
1105 2616 1198 2639 tamen
1223 2615 1344 2639 veterum
1368 2612 1516 2639 multorum
1538 2613 1572 2640 de
1587 2612 1671 2640 simili
1689 2619 1720 2640 re

934 2658 1127 2693 scriptionibus
1144 2662 1272 2693 praestare
1284 2658 1411 2685 videntur
1425 2667 1432 2685 :
1451 2663 1478 2686 et
1490 2658 1612 2694 quidem,
1625 2666 1723 2686 exent-

931 2703 969 2738 pli
1008 2703 1095 2738 gratia
1113 2722 1122 2735 ,
1167 2702 1334 2730 Caesarensis
1380 2702 1488 2730 Eusebii
1526 2703 1724 2738 qua‘stionibus

932 2747 1107 2783 evangelicis,
1143 2746 1292 2782 quominus
1316 2747 1366 2775 has
1385 2747 1532 2783 photianas
1560 2746 1723 2781 anteferam,

934 2794 1024 2821 nullus
1040 2793 1160 2828 ambigo.

913 2887 983 2922 apud
998 2886 1033 2915 cl.
1054 2885 1190 2914 Scottum.
