1881 3077
199 151 235 183 39
773 153 814 183 IN
828 153 1089 184 AMPIIILOCHIA
1109 155 1241 186 PHOTII
1768 162 1798 193 40

988 212 1011 242 ν

321 265 499 296 EIUSDEM
525 265 642 296 CARD.
667 265 742 295 MAI
764 265 971 297 PREFATIO
991 268 1032 298 IN
1060 275 1063 291 4

958 267 971 297 )
991 268 1032 298 IN
1060 267 1321 304 QUIESTIONES
1342 271 1700 306 AMPHILOCHIANAS

198 317 301 354 QUAS
322 317 466 348 GRJECE
481 317 618 347 EDIDIT
633 317 673 347 IN
689 317 942 349 SCRIPTORUM
959 319 1048 351 VET.
1064 321 1160 351 NOV.
1177 321 1265 352 COL.
1281 322 1318 352 Τ.
1340 322 1442 359 ΙΧ,Ρ.
1461 325 1567 356 1-158.
1580 325 1795 362 ROMIEJ837.

233 378 271 406 De
289 377 379 405 Photii
401 377 637 412 Ampltilochianis
660 378 857 413 quzestionibus
879 380 978 415 partim
994 384 1017 412 Α
1133 382 1250 416 appellat
1264 382 1408 411 lunaticos.

195 423 276 451 editis
299 423 397 458 partim
421 423 549 453 ineditis.
571 423 659 458 deque
685 424 805 458 ipsarum
826 424 922 459 viginti
946 433 978 452 ex
1063 425 1089 453 9.
1111 426 1176 458 Cur,
1187 427 1295 454 etiamsi
1310 428 1395 455 Adam
1412 429 1542 463 peccavit,
1557 433 1584 456 et
1597 430 1699 464 pcenali
1715 432 1797 458 mortis

195 468 976 504 codiceVaticanoamejampridemdivulgatis,abunde,
1134 471 1244 499 decreto
1269 473 1410 507 perculsus
1438 473 1507 506 iuit,
1542 475 1719 503 nihilominus
1746 477 1798 511 ejus

195 519 225 541 ut
242 519 319 548 puto,
344 513 460 540 disserui
478 514 505 540 in
525 514 673 540 voluminis
697 514 779 548 primi
803 513 977 543 Praefatione.
1134 516 1208 544 ﬁlius
1222 517 1354 546 innocens
1365 524 1545 554 praemortuus
1559 525 1611 547 est.

196 558 272 586 Nunc
284 559 441 586 earumdem
455 559 636 593 quaestionum
651 560 842 594 apograplmtn
856 568 889 587 ex
903 561 963 588 Vati
1044 561 1089 588 10.
1108 560 1185 593 Quod
1199 563 1312 590 minime
1324 571 1476 599 repugnant
1487 565 1560 592 dicta
1578 566 1640 596 (etsi
1660 566 1733 593 aliter
1743 568 1797 602 qui-

195 611 265 632 eano
297 605 394 632 codice
419 609 557 638 sutnptutn
587 603 659 632 forte
698 610 813 638 nactus,
848 606 977 647 constitui
1133 606 1248 634 busdam
1263 608 1380 644 videtur)
1397 618 1404 636 :
1420 609 1477 644 Ego
1499 611 1555 637 ueni
1570 616 1599 637 ut
1624 612 1744 638 mundum
1756 612 1798 646 ju.

194 651 311 685 denique
323 649 455 685 quidquid
468 649 589 685 praeclari
602 649 691 684 operis
704 650 793 678 adhuc
807 651 976 686 invulgatum
1134 651 1235 683 dicem;
1253 652 1390 688 itemque:
1412 653 1472 681 Non
1497 657 1553 682 veni
1573 661 1601 682 ut
1624 659 1745 683 mundum
1757 657 1798 691 ju-

193 700 344 730 supercrat,
361 695 430 730 typis
447 695 636 728 committere;
652 696 774 730 exceptis
791 696 836 729 iis,
850 705 911 731 quae
925 697 977 725 etsi
1143 697 1238 730 dicent,
1259 699 1303 725 sed
1317 704 1346 725 ut
1359 700 1472 727 mundus
1484 709 1530 734 per
1541 709 1581 728 me
1593 701 1716 728 salvetur.

194 741 302 768 titulum
333 741 578 775 Amphilochiorum
609 741 758 776 gerebant,
796 743 977 771 nihilominus
1045 742 1089 769 Η.
1111 742 1179 775 Quid
1191 747 1242 774 est.
1257 743 1348 777 Apet'ti
1360 749 1421 771 sunt
1434 745 1504 772 oculi
1517 747 1663 773 eorum?et
1674 747 1798 781 quomodo

192 786 266 819 alibi,
283 790 348 821 puta
368 786 440 813 inter
455 786 546 813 Photii
566 786 716 821 Epistolas,
736 787 792 822 jam
809 788 975 815 exstabant:
1133 788 1259 822 praecepti
1280 789 1462 824 transgressio
1486 790 1540 817 vim
1563 790 1701 824 aperiendi
1713 791 1798 819 oculos

191 840 348 868 quanquam
374 840 428 860 tton
448 833 485 859 ita
511 832 549 859 l‘ui
574 840 710 865 morosus,
737 836 767 860 ut
794 833 817 860 si
844 841 888 861 res
912 834 976 861 alibi
1131 833 1235 861 habuit.

192 880 340 910 interdum,
365 879 538 906 breviorihtts
565 882 612 906 aut
641 879 756 906 diversis
777 879 880 911 verbis.
903 880 975 908 dicta
1045 877 1090 905 12.
1110 876 1167 905 Cur
1192 879 1316 906 tellurem
1340 878 1446 914 Moyses
1465 879 1629 907 invisibilem
1652 880 1797 915 appellavit.

191 925 232 952 vel
243 925 402 952 adumbrata
417 923 523 955 fuisset,
536 931 596 951 eam
610 924 711 952 idcirco
725 925 972 960 przetermitterem.
1044 924 1089 951 15.
1109 923 1165 951 Cur
1186 923 1259 952 Deus
1286 931 1363 951 esum
1385 925 1509 952 carnium
1533 933 1547 952 a
1570 925 1635 953 feris
1659 926 1799 962 discerpta-

190 971 314 998 Latinam
333 975 423 997 autem
437 969 619 1005 quaestionum
643 971 896 1005 interpretationem
919 979 974 998 non
1131 977 1192 996 rum
1207 970 1365 997 hominibus
1378 970 1528 998 interdixit.

189 1016 299 1049 addidi,
325 1016 390 1051 quia
419 1023 463 1043 mc
491 1015 622 1043 festinare
649 1017 794 1050 oportebat
820 1025 826 1042 :
852 1022 972 1044 attamen
1043 1012 1089 1039 14-
1110 1011 1252 1046 Ωυοῐηοάο
1269 1013 1474 1048 intelligendum
1489 1013 1654 1042 illud=N0n
1669 1016 1798 1050 αρρανώῐσ

188 1066 349 1097 argumenta
366 1060 461 1088 saltent
480 1060 525 1088 hic
548 1059 645 1088 Latine
666 1068 811 1095 exponam,
831 1066 861 1088 ιιι
879 1061 973 1089 Grece
989 1052 1010 1080 Β
1127 1066 1225 1084 Wcqu
1242 1066 1331 1085 coram
1345 1067 1396 1085 me.

189 1108 276 1144 ignari
294 1114 349 1134 rent
368 1106 476 1133 interim
496 1106 611 1134 summis
627 1106 712 1134 labris
735 1107 865 1134 delibent.
887 1107 972 1135 Porro
1041 1102 1086 1136 .15-
1106 1102 1247 1136 Quom0d0
1267 1111 1322 1131 11οη
1348 1108 1502 1139 repugnant
1522 1104 1593 1132 diem
1618 1106 1685 1138 hinc.
1708 1113 1800 1141 nempe

189 1162 215 1180 tn
233 1153 351 1180 editione
366 1152 476 1186 quidem
497 1152 658 1179 numerandi
681 1152 815 1185 ordinem,
833 1157 863 1180 ut
880 1157 922 1180 est
943 1153 970 1180 in
1056 1158 1061 1162 ‘
1130 1148 1228 1176 οιηηία
1239 1155 1314 1176 erant
1331 1150 1407 1176 valde
1420 1153 1507 1182 00M:
1522 1150 1620 1178 deinde
1634 1159 1696 1179 vero
1707 1152 1800 1179 distiu-

187 1194 347 1229 codicihus,
374 1198 554 1230 conservavi,
588 1203 617 1226 ut
645 1199 669 1226 si
702 1198 848 1234 aliquando
884 1204 970 1226 totum
1125 1196 1190 1228 etio,
1207 1203 1261 1230 qua
1282 1195 1337 1223 alia
1358 1195 1486 1223 animalia
1507 1196 1578 1224 dicta
1601 1202 1667 1225 sunt
1690 1197 1798 1230 munda,

187 1244 429 1279 Amphilochiorum
444 1251 512 1278 opus
527 1251 583 1271 uno
597 1244 737 1272 volumine
758 1245 971 1280 eomprehenda-
1126 1241 1178 1268 alia
1195 1240 1346 1269 immunda.

187 1294 241 1321 tur,
253 1297 331 1317 suum
346 1297 515 1324 unaqumque
539 1289 654 1324 quaestio
667 1289 757 1317 locum
774 1295 908 1325 occupet;
926 1292 972 1319 hic
1039 1284 1081 1313 16.
1102 1285 1156 1313 Cur
1180 1286 1221 1313 vir
1243 1287 1276 1313 ab
1301 1286 1397 1314 haeresi
1417 1286 1552 1321 resiliens,
1576 1287 1599 1315 si
1621 1289 1703 1316 modo
1719 1289 1799 1316 vitam

186 1340 276 1362 tamen
292 1334 385 1361 Latina
392 1339 547 1369 argumenta
560 1335 723 1362 continuatis
737 1336 858 1363 numeris
869 1337 970 1364 scribo.
1125 1331 1291 1366 ίηευιβίιῐθηῖ
1305 1332 1412 1362 “abem.
1428 1332 1462 1358 ad
1481 1332 1665 1361 sacel‘dmium
1683 1334 1801 1361 admilli~

187 1390 458 1429 Photiiqutestt'onnm
471 1390 970 1429 ᾼῃξρΙιίιοεΙιὶαῃηηωη(ΣΧΧΧΛαίριιι
1125 1376 1259 1429 Eu”.qu
1290 1381 1380 1429 aut?“
1410 1377 1553 1428 ‘Eorpor'eis
1581 1379 1697 1429 Tam”?
1723 1378 1802 1429 (“erit

222 1424 337 1463 uniuersi
350 1427 434 1460 operis
456 1425 537 1452 editio
553 1433 621 1452 nunc
645 1426 749 1453 demum
763 1427 964 1463 absolvitur“),

1126 1424 1297 1456 inquinatus,
1315 1424 1423 1449 etiamsi
1440 1424 1531 1457 pravis
1546 1424 1652 1451 actibus
1667 1425 1801 1453 abstinue-

221 1460 392 1495 Argumenta.
924 1460 928 1463 ⁷
949 1460 951 1462 ’
1125 1469 1170 1499 rit,
1196 1467 1376 1496 nihilominus
1396 1468 1430 1495 ad
1453 1469 1635 1496 sacerdotium
1661 1478 1716 1498 non
1740 1477 1802 1506 pro-

221 1517 246 1544 Ι.
268 1517 296 1544 Si
313 1516 430 1552 septimo
441 1516 484 1544 die
498 1516 633 1551 requievit
645 1516 716 1544 Deus
730 1524 745 1544 a
758 1516 863 1544 cunctis
879 1518 969 1551 operi-
1123 1519 1257 1539 movetur.

288 1563 340 1589 bus
367 1562 443 1594 suis,
471 1562 607 1596 quomodo
639 1562 758 1590 salutare
785 1562 874 1589 Patris
899 1561 967 1590 Ver—
1037 1557 1080 1585 l7.
1102 1558 1223 1586 Curnam
1238 1563 1384 1594 antequam
1394 1559 1493 1596 Joseph
1505 1560 1539 1588 de
1549 1560 1708 1588 dimittenda
1719 1561 1803 1589 Maria

288 1607 352 1634 bum
362 1608 408 1634 ‘ait
422 1615 429 1634 :
446 1607 528 1634 Pater
549 1615 621 1634 meus
636 1615 716 1642 usque
735 1607 812 1635 modo
826 1613 965 1642 operatur,
1121 1604 1262 1638 cogitaret,
1278 1604 1350 1632 haud
1369 1606 1456 1633 astitit
1478 1606 1590 1640 angelus
1609 1606 1802 1641 cogitationem

288 1657 312 1679 et
328 1660 374 1687 ego
392 1660 497 1687 operor.
1123 1656 1183 1676 eam
1206 1654 1396 1683 antevertens;
1413 1659 1504 1678 verum
1525 1657 1669 1686 postquam
1693 1661 1707 1680 a
1726 1652 1803 1686 coti-

219 1698 244 1723 2.
265 1696 320 1723 Cur
348 1697 480 1725 Dominus
502 1697 551 1724 luti
582 1705 633 1724 usu
645 1717 652 1729 ,
678 1705 732 1724 non
759 1697 812 1724 alia
840 1697 945 1725 ratione
958 1719 964 1730 ,
980 1721 1001 1750 c
1123 1695 1226 1722 latione
1248 1695 1281 1722 ad
1298 1696 1453 1724 actumille
1464 1697 1546 1729 venit,
1562 1702 1626 1725 tunc
1643 1697 1750 1725 astitit?
1768 1698 1805 1726 ΕΙ.

287 1743 352 1770 eieci
368 1743 461 1770 oculos
478 1743 643 1777 persanavil.
981 1741 1001 1750 “
1121 1749 1171 1768 cur
1186 1741 1329 1776 virginem,
1346 1742 1456 1777 Joseplti
1473 1750 1586 1770 uxorem
1602 1742 1681 1770 dixit.

215 1790 242 1817 3.
262 1788 331 1822 Quid
355 1794 408 1820 est.
432 1790 554 1817 odientes
579 1790 661 1817 etiam
686 1789 824 1817 carnalem
847 1790 965 1816 macula-
1035 1786 1077 1813 18.
1098 1786 1171 1820 Quid
1191 1787 1347 1821 signiﬁcant
1366 1788 1469 1815 verba:
1485 1787 1553 1815 Ecce
1571 1788 1657 1815 Adam
1673 1794 1802 1823 umquam

287 1840 341 1862 tam
359 1835 490 1862 tunicam.
1123 1840 1192 1859 unus
1212 1839 1245 1859 ea:
1270 1833 1343 1860 nobis
1366 1833 1453 1868 factus
1477 1839 1526 1866 est,
1544 1834 1578 1861 ad
1600 1835 1660 1861 ltom'
1676 1835 1805 1870 pravique

215 1881 242 1908 ὁ.
263 1879 291 1907 Si
308 1880 441 1915 quidquid
459 1880 614 1907 necessitati
628 1880 761 1915 subjacet,
778 1880 891 1907 invitum
909 1880 965 1907 vio-
1119 1877 1304 1912 cognitionem.

285 1926 374 1953 lentiae
392 1930 479 1960 paret,
494 1929 682 1961 praetereaque
697 1933 810 1953 necesse
829 1930 870 1952 est
883 1933 962 1953 scan-
1034 1922 1076 1950 i9.
1095 1922 1167 1955 Quid
1194 1923 1351 1958 signiﬁcant
1376 1924 1422 1951 illa
1445 1925 1517 1952 dicta
1544 1934 1551 1952 :
1580 1924 1660 1952 Omni
1685 1931 1805 1960 tempore

284 1971 345 1999 dala
362 1971 390 1998 in
409 1971 475 1998 orbe
497 1971 569 2002 ﬁeri,
588 1971 661 1998 hattd
679 1971 752 2005 juste
765 1971 832 1998 diris
849 1972 964 1999 devove-
1118 1974 1200 1995 υεειεε
1219 1973 1271 1996 tuo?
1289 1970 1344 1996 εἰηι
1362 1970 1493 2003 candidae.
1517 1979 1599 2006 neque
1622 1971 1708 1998 oleum
1731 1972 1805 1999 desit

286 2021 329 2043 tur
345 2016 392 2050 qui
405 2016 465 2051 fuit,i
475 2021 596 2049 coactus,
617 2017 659 2043 vel
675 2017 754 2050 poéna
767 2016 870 2051 peccati
885 2017 918 2044 de
930 2024 963 2044 eo
1119 2015 1201 2048 capiti
1218 2019 1282 2047 tuo;
1299 2019 1324 2041 et
1339 2015 1412 2042 oculi
1427 2017 1558 2050 sapientes
1578 2017 1605 2043 in
1623 2018 1711 2051 capite
1727 2018 1802 2051 ejus.

284 2062 412 2088 sumitur.
1030 2060 1076 2088 20.
1097 2059 1195 2093 Verba,
1219 2059 1348 2092 Quaenam
1376 2065 1414 2086 est
1439 2066 1523 2088 mater
1546 2069 1613 2094 mea,
1640 2066 1665 2088 et
1687 2063 1806 2096 quinam

215 2106 242 2133 5.
262 2105 291 2133 Si
305 2105 374 2133 ﬁnes
396 2105 559 2133 saeculorum
576 2105 632 2140 jam
651 2105 678 2132 in
696 2113 745 2133 nos
767 2111 961 2140 pervenerunt,
1117 2110 1179 2132 sunt
1212 2105 1308 2139 fratrea
1336 2106 1407 2137 mei,
1438 2107 1575 2140 quomodo
1604 2107 1805 2143 intelligenda?

284 2151 449 2186 quibusnam
481 2150 589 2178 sarculis
621 2150 722 2177 divitia:
751 2150 853 2178 Christi
883 2151 962 2179 nobis
1116 2149 1804 2189 Multienimltincoll‘endiculiansamsumpserunl.

282 2197 473 2224 ostendentur.
1032 2197 1078 2225 2L
1099 2197 1243 2230 Quomodo
1261 2197 1363 2224 dictum
1379 2198 1444 2225 illud
1462 2199 1581 2234 antiquis
1597 2209 1604 2227 :
1620 2200 1734 2227 Oculum
1752 2209 1806 2235 pro

212 2243 238 2269 ὕ.
261 2242 315 2270 Cur
341 2242 387 2270 Dei
413 2242 459 2269 lilii
481 2241 609 2269 dicuntur
633 2249 808 2276 nequaquam
829 2249 960 2276 peccare;
1118 2242 1205 2274 oculo,
1229 2248 1254 2270 et
1278 2241 1381 2269 dentem
1403 2252 1451 2278 pro
1474 2245 1562 2277 dente,
1586 2253 1639 2272 non
1664 2251 1807 2280 repugnat

282 2287 331 2314 Itns
358 2291 448 2314 autem
472 2285 613 2321 Scriptura
638 2293 699 2313 esse
725 2286 824 2313 asserit
844 2287 889 2321 qui
913 2295 962 2321 per
1117 2287 1182 2314 huic
1201 2287 1275 2314 dicto
1290 2297 1297 2315 :
1315 2287 1369 2323 Ego
1386 2293 1473 2316 autem
1490 2289 1549 2316 dico
1570 2290 1653 2323 vobis,
1671 2298 1703 2317 ne
1723 2291 1806 2318 malo

281 2340 380 2366 aquam
404 2336 432 2358 et
459 2332 583 2366 spiritum
609 2331 692 2366 geniti
714 2336 796 2364 sunt;
819 2337 845 2359 et
867 2336 960 2360 tamen
1119 2334 1268 2366 resistatis;
1282 2333 1326 2361 sed
1343 2334 1367 2360 Ii
1380 2335 1438 2369 quis
1451 2335 1478 2361 in
1493 2335 1602 2362 dextera
1613 2344 1680 2371 gena
1697 2341 1722 2363 te
1738 2345 1808 2370 per-

280 2377 381 2404 multos
396 2377 534 2404 cernimus
546 2396 554 2409 ,
579 2376 638 2411 qui,
661 2376 770 2404 etiamsi
795 2376 959 2411 baptismate
975 2382 996 2409 ι)
1116 2379 1238 2410 euaserit,
1254 2379 1278 2406 ei
1289 2379 1402 2414 prwbeto
1414 2380 1495 2406 etiam
1508 2381 1630 2408 alteram.

279 2422 454 2456 adoptionem
479 2421 618 2448 consecuti
641 2420 752 2453 iuerint,
780 2422 959 2450 nihilominus
1029 2424 1075 2452 22.
1095 2424 1165 2452 Cum
1184 2424 1317 2452 Dominus
1342 2425 1440 2453 dixerit
1461 2434 1468 2453 :
1497 2425 1547 2454 Vos
1572 2428 1634 2454 estis
1661 2436 1695 2455 ea:
1722 2434 1811 2463 patre

280 2471 404 2502 peccant.
1116 2470 1227 2502 diaboli,
1244 2470 1375 2504 quaeritur
1393 2479 1539 2505 quemnam
1552 2472 1691 2500 diabolum
1710 2475 1810 2506 dicat.

209 2517 236 2542 7.
256 2514 400 2548 Quomodo
426 2515 568 2548 tlicopatre
592 2514 700 2542 dicente
727 2513 845 2548 Davide,
872 2515 958 2542 Homo
1087 2507 1091 2510 ’
1115 2519 1142 2542 et
1159 2523 1306 2550 quetnnatn
1323 2514 1425 2542 diaboli
1448 2521 1564 2550 patrem.

278 2561 346 2586 sicut
362 2560 450 2593 fenum
461 2560 518 2587 dies
533 2560 602 2593 ejus,
622 2564 687 2592 etc.,
704 2559 775 2588 ﬁlius
789 2560 861 2588 illius
881 2560 958 2588 Salo-
1028 2560 1074 2588 25.
1094 2559 1230 2593 Quotnam
1254 2560 1306 2588 illa:
1325 2561 1390 2594 sint,
1409 2569 1469 2596 qua:
1490 2561 1634 2590 Dominutn
1655 2569 1813 2599 unguento

280 2613 342 2633 mon
360 2606 432 2633 hane
450 2605 563 2641 protulit
585 2606 748 2633 sententiam
765 2614 771 2633 :
789 2606 842 2634 Res
860 2614 956 2642 magna
1116 2609 1263 2633 unxerunt.

282 2652 375 2685 homo,
391 2656 418 2679 et
430 2653 580 2687 pretiosutn
595 2651 698 2686 aliquid
712 2656 754 2680 est
767 2652 819 2680 vir.
1025 2651 1070 2678 94.
1091 2650 1235 2684 Quomodo
1250 2651 1453 2685 intelligendum
1470 2652 1535 2678 illud
1552 2661 1559 2679 :
1573 2653 1714 2685 Quodlibet
1739 2663 1815 2688 pec-

207 2699 233 2725 8.
254 2698 309 2725 Cur
328 2697 493 2737 daemoniaco
519 2698 615 2725 morbo
631 2703 771 2733 correptos
791 2698 956 2733 evangelista
1114 2701 1203 2723 catum
1229 2697 1379 2724 remittetur
1409 2697 1575 2730 hominibus,-
1602 2697 1815 2734 blasphemauli

208 2755 246 2789 (ι)
264 2754 456 2791 DOCIiSSitllusr
470 2755 513 2791 vir
540 2758 630 2791 putat
657 2758 742 2791 totam
762 2754 955 2791 collectionem
1007 2753 1053 2791 sed
1070 2753 1183 2791 fallitur.
1207 2758 1237 2781 nt
1253 2754 1360 2791 prohat
1375 2755 1550 2791 doctissimus
1575 2755 1814 2791 Ilergenroether

174 2789 425 2825 Amphilocltiorum
451 2790 492 2816 his
516 2789 597 2816 editis
626 2789 821 2823 quaestionibus
837 2789 954 2822 absolvi,
1007 2789 1034 2816 in
1050 2797 1099 2816 sua
1119 2789 1313 2816 Dissertationc
1327 2796 1407 2824 supra
1422 2790 1504 2816 edita.
1525 2789 1602 2818 EDIT.
