1881 3077
99 163 132 198 41

116 582 164 609 26.

115 674 162 701 27.

116 898 164 926 28.

118 1266 166 1293 31.

113 1581 158 1608 '53.

118 2855 159 2884 41.

153 1921 160 1928 .
181 1901 252 1934 Quid
279 1902 418 1936 signiﬁcat
440 1902 468 1929 iu
495 1901 707 1930 Deuteronomio
728 1911 736 1931 :

153 2332 161 2340 .
182 2312 254 2346 Quid
284 2313 420 2347 signiﬁcat
449 2313 622 2343 Ecclesiastte
650 2315 752 2343 dictum
778 2324 784 2341 :

765 151 1058 184 PROLEGOMENA-
1689 146 1725 178 4‘2

204 224 293 245 autem
318 218 442 244 adversus
465 215 594 250 Spiritum
614 217 735 241 sanctum
764 218 844 245 neque
863 209 890 235 in
905 212 928 238 Α

205 265 254 291 hoc
268 265 366 291 seculo
380 263 455 290 venia
471 261 579 288 dabitur
594 267 675 293 neque
690 259 717 285 in
733 258 834 292 futuro.

182 309 252 337 Cum
277 309 377 336 beatus
402 307 510 334 Marcus
532 305 700 340 evangelista
725 301 888 337 scripserit:

205 356 338 382 Exierunt
358 353 463 388 cognati
480 352 538 386 ejus
559 356 586 377 ut
609 359 667 377 eum
686 348 888 383 comprehende-

205 405 276 432 rent,
293 399 417 426 dicebant
439 398 508 424 enim
528 397 616 431 ipsum
637 395 775 426 insanire;
792 400 889 428 qucm-

205 453 270 472 nam
295 451 409 472 sensum
433 443 498 470 huic
514 442 661 469 verborum
677 445 821 468 structura:
841 439 890 466 tri-

206 492 332 522 buentes,
350 489 421 517 haud
440 489 536 524 procul
555 487 712 523 evangelica
732 486 890 514 narratione

206 536 354 564 abibimus.

183 581 240 609 Cur
247 581 402 616 paradisum
414 580 488 607 Deus
495 579 661 610 conseverit,
672 577 805 613 siquidem
816 576 890 604 illico

208 628 346 655 hominem
360 635 394 654 ex
413 635 445 654 eo
461 626 627 661 depulsurus
641 629 710 652 erat.

187 674 254 702 Divo
271 678 400 700 monente
419 673 563 706 apostolo:
582 671 612 699 Si
624 671 745 698 esurierit
766 670 888 697 inimicus

208 725 280 752 tuus,
298 719 357 745 ciba
377 718 473 747 illum:
487 718 512 744 si
528 717 651 749 sitiverit,
666 720 756 750 potum
772 715 827 747 da;
841 715 890 741 hoc

208 763 278 789 enim
295 770 386 795 agens,
398 762 486 795 igneos
500 760 627 787 carbones
642 767 721 794 super
737 763 813 793 caput
831 758 889 792 ejus

206 815 347 842 congeras;
368 806 506 841 quomodo
530 805 713 839 intelligemus
727 803 804 837 illud,
821 802 889 831 Car-

206 854 284 880 bones
300 854 388 888 igneos
406 860 528 887 congeres
540 859 619 887 super
632 856 710 885 caput
723 850 789 885 ejus.

182 899 326 932 Quomodo
349 898 552 932 intelligendum
576 897 679 924 dictum
700 897 765 924 illud
793 903 809 923 a
828 895 884 923 Deo
904 889 925 917 Β

207 945 315 981 Moysi:
332 944 399 971 Ecce
421 944 546 971 constitui
572 948 595 971 te
617 943 767 970 Pharaonis
792 942 884 970 Deum.

188 991 334 1024 Quomodo
349 990 554 1025 intelligendum
569 989 747 1024 apostolicum
763 989 865 1016 dictum
878 996 885 1014 :

206 1036 283 1069 Quod
313 1037 337 1063 si
365 1036 477 1063 inuicem
506 1035 634 1062 mordetis
674 1042 706 1061 ac
734 1034 885 1066 devoratis,

204 1087 293 1110 cavete
317 1090 348 1109 ne
365 1082 473 1109 invicem
486 1080 691 1110 consumamini,
709 1084 763 1108 etc.

156 1150 163 1156 .
185 1128 317 1162 Quaenam
335 1126 468 1154 sententia
485 1126 573 1153 subsit
588 1125 631 1153 his
648 1125 756 1152 verbis:
773 1123 887 1152 Ubicun-

203 1182 252 1210 que
262 1173 435 1208 prwdicatum
451 1173 530 1207 fuerit
543 1171 711 1206 Euangetium
719 1171 777 1202 hoc,
787 1171 888 1198 dicetur

202 1220 308 1254 etquod
320 1219 375 1246 htec
390 1219 451 1253 fecit
463 1218 570 1249 mulier,
598 1218 625 1244 in
645 1218 798 1243 memoriam
818 1216 886 1251 ejus.

189 1266 306 1298 Quinam
328 1263 520 1299 congruenlior
538 1264 733 1297 lionestiorque
754 1270 851 1289 sensus
872 1270 887 1289 a

205 1308 285 1335 nobis
310 1307 458 1342 excogitari
475 1307 564 1342 possit
586 1307 730 1333 verborum
753 1307 861 1334 illorum
879 1315 886 1334 :

205 1352 265 1378 Tibi
280 1352 330 1379 soli
345 1352 460 1386 peccavi,
476 1357 499 1378 et
514 1351 614 1378 malum
630 1359 720 1377 coram
733 1356 757 1377 te
771 1351 832 1384 feci,
858 1355 886 1378 ut

199 1400 356 1435 justificeris
373 1400 400 1426 in
420 1399 583 1427 sermonibus
605 1399 669 1432 tuis,
684 1403 709 1426 et
724 1399 813 1426 vincas
825 1407 885 1426 cum

204 1446 345 1477 iudicaris.

153 1511 161 1518 .
181 1490 237 1518 Cur
251 1490 457 1525 baptizantibus
471 1489 624 1518 Servatoris
638 1490 791 1525 discipulis,
802 1489 887 1517 Joan-

205 1543 254 1563 nes
271 1536 360 1563 adhuc
376 1536 539 1570 baptizabat.
876 1556 883 1564 .

182 1581 239 1608 Cur
253 1582 279 1608 in
293 1580 391 1609 Genesi
405 1581 510 1616 Moyses
527 1582 677 1615 principum
691 1581 799 1608 lamiliaz
812 1580 884 1608 Esau

207 1627 379 1662 genealogias
405 1634 563 1660 recensens,
588 1631 750 1654 caaterorum
776 1627 885 1662 quidem

204 1673 277 1700 nuda
292 1673 368 1707 ponit
386 1673 514 1705 nomina;
530 1673 563 1699 ad
584 1672 683 1700 dinam
699 1678 788 1699 autem
803 1673 886 1700 deve—

204 1719 300 1746 niens:
316 1717 379 1750 Hic,
395 1718 493 1753 inquit.
510 1719 607 1745 invenit
623 1718 714 1745 Jamin
732 1719 759 1744 in
773 1719 886 1750 deserto,

204 1766 269 1792 dum
284 1765 406 1800 Seegonis
420 1766 508 1799 patris,
519 1766 561 1792 sui
576 1765 729 1800 subiugalia
745 1765 886 1800 pasceret?

201 1811 332 1846 quidnam
349 1818 415 1845 ergo
441 1812 465 1838 is
488 1811 611 1839 invenit?
629 1816 657 1839 et
678 1818 727 1838 cur
753 1808 886 1839 memoria

203 1857 302 1891 dignus
320 1857 445 1884 habetur.

759 1902 836 1935 Quod
863 1903 887 1929 si

203 1947 376 1981 ardiﬁcaveris
397 1956 491 1975 novam
511 1948 619 1975 domum
643 1949 717 1984 eique
737 1950 887 1976 coronidem

202 1993 369 2027 imposuerit,
388 2001 439 2019 non
453 1993 535 2027 facies
550 1994 647 2020 credent
663 1994 735 2020 domi
749 1998 812 2021 tute.

151 2060 159 2067 .
179 2038 236 2065 Cur
258 2043 366 2066 vetante
389 2039 446 2075 lege
470 2039 568 2074 leprosi
592 2044 768 2073 contactum;
795 2047 885 2073 secus,

203 2085 340 2119 impurum
357 2085 415 2111 fore
429 2085 475 2120 qui
487 2085 618 2120 tetigerit,
636 2093 722 2120 usque
739 2087 772 2112 ad
794 2093 888 2120 vespe-

201 2137 259 2157 ram
269 2139 276 2163 ;
286 2137 347 2157 cum
356 2130 464 2164 quidem
480 2131 615 2165 leprosum
631 2131 736 2158 sanavit
751 2131 888 2164 Servator,

200 2176 292 2210 ipsum
315 2176 420 2210 tetigit,
435 2176 542 2203 etiamsi
554 2176 639 2203 verbo
661 2184 759 2203 sanare
775 2182 887 2211 poterat.

120 2221 162 2248 56.
183 2221 253 2254 Quid
267 2222 422 2256 signiﬁcant
433 2222 514 2249 verba
529 2231 535 2249 :
551 2221 660 2255 Sperare
673 2222 745 2255 licet,
761 2223 885 2250 viventem
900 2223 923 2252 D

218 2275 294 2294 onem
305 2273 433 2301 prtestare
448 2268 517 2294 leoni
535 2269 672 2295 exstincto.

812 2314 887 2343 Mitte

201 2367 295 2393 panem
319 2364 392 2386 tuum
410 2360 437 2386 in
454 2361 618 2395 superficiem
644 2370 729 2396 aquw,
746 2363 842 2389 etenim
859 2362 887 2389 in

202 2405 373 2432 multitudine
388 2406 490 2433 dierum
504 2408 615 2442 reperies
631 2407 717 2435 illum.

151 2469 159 2477 .
181 2450 252 2483 Quid
277 2450 436 2486 signiﬁcat:
456 2453 502 2487 qui
519 2452 624 2480 foveam
642 2453 721 2486 l‘odit,
749 2455 776 2482 in
796 2455 884 2490 ipsam

201 2496 314 2524 incidet.

152 2561 159 2568 .
180 2542 298 2576 Quinam
319 2549 361 2571 est
381 2551 479 2572 sensus
493 2545 639 2573 verborum
663 2546 733 2581 apud
749 2545 885 2575 Ecclesia-

200 2594 270 2615 stem
289 2596 296 2615 :
313 2588 366 2621 Qui
380 2589 452 2624 ligna
464 2591 565 2624 fundit,
581 2592 750 2626 periclitatur
769 2593 796 2619 in
811 2593 884 2627 ipsis,

202 2633 225 2659 si
256 2634 323 2667 forte
352 2635 452 2662 securis
478 2636 625 2668 exciderit,
654 2643 677 2664 et
711 2637 764 2671 ipse
789 2637 885 2672 faciem

202 2679 334 2710 turbavit,
356 2684 380 2707 et
405 2681 472 2708 vires
492 2681 646 2714 roborabit;
673 2687 697 2709 et
719 2682 885 2710 abundantia

202 2723 264 2757 viri,
280 2725 420 2758 sapientia.

154 2786 162 2794 .
180 2767 240 2800 Quo
262 2773 387 2804 spectant
401 2772 483 2798 verba
500 2771 661 2799 :Generatio
682 2771 746 2804 abit,
765 2778 789 2800 et
809 2781 883 2808 gene-

204 2814 274 2841 ratio
289 2817 377 2848 venit;
394 2820 465 2843 terra
481 2823 570 2844 autem
583 2823 712 2849 mentum,
724 2823 789 2845 stat.

180 2857 332 2891 Quemnam
350 2868 460 2889 sensum
485 2862 627 2890 continent
645 2864 727 2890 verba
743 2872 749 2890 :
767 2863 816 2890 Est
840 2864 882 2895 iu-

200 2908 256 2931 stus
270 2906 316 2938 qui
333 2906 359 2933 in
371 2906 479 2941 justitiu
498 2916 547 2935 sua
564 2909 650 2943 perit,-
671 2913 695 2936 et
710 2915 748 2937 est
765 2910 880 2944 iujustus

959 252 1006 279 42.

957 345 1002 372 45.

957 758 1002 786 M.

955 941 999 969 45.

956 1078 1000 1105 46.

955 1213 1000 1240 Π.

955 1444 999 1471 48.

956 1627 1001 1654 49.

957 1809 1001 1836 50.

955 1854 1000 1881 51.

956 1899 1000 1926 52.

957 1946 1002 1973 55.

956 2039 1001 2066 54.

957 2085 1001 2112 55.

958 2178 1003 2208 56.

955 2269 1001 2298 57.

957 2315 1001 2342 58.

958 2406 1005 2434 59.

955 2497 1000 2526 60.

955 2589 998 2618 61.

954 2678 999 2706 6‘2.

955 2772 998 2799 65.

954 2818 998 2846 64.

1048 207 1075 232 in
1094 213 1143 233 sua
1158 205 1289 240 injustitia
1304 213 1467 239 permanens.

1027 251 1169 284 Quomodo
1186 251 1389 285 intelligendum
1412 250 1500 277 illud:
1519 249 1549 277 Si
1573 255 1662 277 autem
1683 252 1729 277 in-

1041 298 1152 332 justitia
1167 302 1256 324 nostra
1276 297 1321 324 Dei
1334 298 1468 332 justitiam
1487 298 1663 326 commendat.

1024 344 1056 372 Si
1081 345 1198 379 genuerit
1224 344 1282 379 quis
1303 348 1407 371 centum
1435 345 1542 376 liberos,
1569 349 1593 370 et
1628 344 1726 371 multos

1046 398 1128 416 annos
1151 390 1256 421 vixerit,
1278 394 1302 416 et
1323 393 1537 424 quantoscunque
1556 390 1611 416 dies
1639 391 1726 416 altatis

1046 435 1176 466 habuerit,
1200 442 1252 461 non
1273 435 1416 461 satiabitur
1434 434 1570 469 felicitate,
1591 443 1671 470 neque
1686 435 1727 462 illi

1045 481 1180 514 sepultura
1198 482 1258 507 erit.
1277 481 1338 508 Dixi
1362 481 1455 508 melius
1475 489 1529 507 esse
1551 481 1607 515 ipso
1628 481 1727 508 aborti-

1049 535 1120 556 vum.
1146 527 1215 562 quod
1238 528 1371 554 incessunt
1394 527 1473 558 venit,
1500 526 1607 561 ejusque
1634 535 1726 554 nomen

1047 573 1178 601 occulitur
1191 573 1313 605 tenebris,
1331 581 1410 608 neque
1424 573 1492 600 enim
1504 574 1585 599 solent
1602 573 1666 600 vidit
1679 578 1726 601 aut

1045 621 1127 647 novit.
1156 619 1225 646 lluic
1248 619 1336 653 magis
1362 627 1444 654 quam
1472 619 1509 645 illi
1537 619 1646 653 requies
1669 623 1721 646 est.

1044 665 1147 701 Nempe
1174 665 1226 692 hoc
1245 665 1346 692 dictum
1368 664 1506 699 quodnam
1522 664 1656 699 judicium
1680 669 1727 692 aut

1045 711 1182 739 notionem
1200 710 1329 737 exhibere
1344 714 1444 744 potest,

1023 752 1092 790 Quid
1110 757 1266 790 signiﬁcant
1283 757 1364 783 verba
1380 764 1389 783 :
1406 755 1468 782 Vive
1491 755 1519 782 in
1536 763 1613 788 cono,
1626 760 1649 782 et
1671 756 1726 783 cide

1044 804 1072 830 in
1086 804 1130 830 die
1151 803 1241 835 mala;
1261 803 1332 836 vide,
1357 803 1490 837 siquidem
1506 804 1558 830 hoc
1573 811 1725 830 consonum

1045 850 1083 877 illi
1107 850 1171 877 fecit
1195 849 1267 877 Deus
1292 850 1363 877 circa
1397 849 1553 884 loquelam,
1581 857 1614 877 ne
1643 850 1725 877 homo

1045 896 1194 930 quidquam
1214 900 1273 931 post
1288 903 1317 922 se
1331 895 1461 930 reperiat.

1021 941 1152 974 Quaenam
1181 941 1364 976 intelligenda:
1389 941 1446 967 sint.
1472 940 1592 976 pellicem
1613 940 1723 973 tunicae,

1042 987 1140 1021 quibus
1163 985 1250 1014 Adam
1277 991 1303 1014 ct
1324 986 1378 1013 Era
1396 991 1457 1021 post
1473 985 1723 1022 prwraricationem

1045 1032 1130 1059 ittduti
1146 1031 1266 1059 fuerunt.

1022 1078 1062 1105 Ad
1092 1085 1239 1112 quamnam
1275 1078 1437 1105 sententiam
1472 1085 1521 1105 nos
1550 1082 1651 1105 vocant
1678 1077 1722 1104 illa

1046 1124 1128 1150 verba
1145 1132 1151 1150 :
1168 1122 1228 1150 Non
1241 1128 1310 1150 recte
1324 1124 1459 1156 obtuleris,
1481 1129 1547 1151 recte
1564 1129 1652 1151 autem
1671 1132 1724 1151 non

1043 1169 1182 1201 diviseris;
1197 1170 1333 1204 peccasti?
1352 1170 1464 1204 quiesce,
1481 1173 1533 1196 etc.

1021 1213 1088 1240 Divo
1109 1213 1193 1240 Paulo
1207 1214 1314 1240 dicente
1328 1223 1335 1240 :
1351 1214 1436 1240 Adam
1459 1222 1510 1240 non
1526 1219 1564 1240 est
1583 1215 1722 1248 deceptus,

1043 1260 1139 1287 mulier
1152 1265 1239 1287 autem
1256 1261 1363 1295 decepta
1382 1261 1409 1287 in
1423 1263 1643 1295 praevaricatione
1653 1262 1721 1296 fuit;

1045 1311 1221 1332 uerumtamen
1238 1311 1344 1340 propter
1356 1306 1451 1333 liberos
1474 1307 1613 1341 pariendos
1634 1315 1724 1335 serva-

1044 1342 1147 1384 ΜυκηΧ
1163 1351 1301 1386 quomodo
1328 1352 1500 1387 intelligenda
1528 1357 1591 1380 sunt
1620 1353 1722 1387 verba,

1041 1402 1150 1431 propter
1161 1397 1256 1424 liberos
1271 1398 1411 1432 pariendos
1430 1398 1587 1425 servabitur.

1024 1443 1166 1477 Quomodo
1182 1443 1253 1471 Deus
1273 1444 1374 1478 ubiqtte
1393 1452 1453 1471 esse
1469 1445 1587 1478 dicitur;
1602 1449 1629 1472 et
1650 1454 1721 1480 quo—

1044 1490 1126 1517 modo
1151 1490 1264 1517 dissolvi
1296 1496 1412 1525 possunt
1434 1491 1638 1523 dubitationes,
1663 1499 1724 1526 qua:

1044 1535 1176 1563 adversus
1189 1536 1262 1564 hanc
1283 1537 1447 1564 sententiam
1471 1545 1486 1565 a
1508 1537 1647 1565 nonnullis
1662 1545 1724 1572 pro-

1046 1580 1180 1609 feruntur.

1021 1627 1090 1654 Cum
1107 1627 1178 1655 Deus
1190 1629 1248 1663 ipse
1259 1626 1421 1655 Hebraicum
1438 1628 1566 1663 populmn
1581 1628 1608 1655 in
1625 1628 1722 1655 Sima-

1045 1673 1155 1700 riticum
1169 1678 1196 1701 et
1209 1673 1353 1701 Judaicum
1371 1674 1506 1707 divisor-it,
1522 1675 1593 1702 sicut
1609 1675 1724 1709 ipsemet

1043 1719 1181 1747 Salomoni
1203 1727 1234 1747 se
1257 1721 1391 1748 facturum
1411 1721 1488 1752 dixit,
1502 1728 1665 1749 curuoseos
1681 1729 1723 1747 re-

1038 1765 1232 1798 prehendimus
1248 1765 1317 1800 quia
1326 1765 1380 1793 Deo
1390 1766 1549 1793 divisionem
1566 1766 1638 1800 passi
1649 1770 1722 1794 sunt.

1022 1809 1165 1841 Quomodo
1176 1810 1239 1837 caeli
1254 1815 1383 1837 enarrant
1398 1810 1510 1844 gloriam
1524 1810 1582 1837 Dei.

1023 1854 1092 1886 Quid
1104 1859 1145 1881 est
1161 1853 1328 1889 :Increpasti
1339 1860 1437 1890 gentes,
1454 1859 1478 1882 et
1489 1856 1567 1889 periit
1579 1856 1687 1890 impius.

1019 1899 1168 1934 Cujusnam
1178 1905 1218 1927 est
1230 1900 1275 1926 illa
1290 1907 1341 1927 vox
1353 1909 1361 1927 :
1371 1900 1436 1932 Quis
1447 1905 1485 1927 est
1496 1901 1545 1927 iste
1557 1909 1603 1927 rex
1616 1901 1725 1935 glorias?

1022 1946 1078 1974 Cur
1100 1946 1199 1981 jejunii
1233 1951 1339 1981 tempus
1368 1947 1585 1982 quadragenatio
1617 1947 1723 1975 dierum

1044 1999 1159 2019 numero
1171 1993 1332 2027 praelinitur.

1021 2038 1088 2066 Cum
1099 2039 1305 2074 primogenitum
1319 2039 1389 2067 Deus
1400 2039 1523 2067 lsraelem
1540 2041 1723 2075 appellaverit.

1021 2084 1059 2112 De
1080 2085 1252 2113 ethnicorum
1276 2086 1430 2119 sententiis,
1455 2094 1516 2121 quae
1538 2087 1565 2114 in
1584 2086 1725 2122 Scriptura

1046 2135 1141 2158 nostra
1159 2131 1344 2166 reperiuntur.

1022 2178 1142 2210 Tiaram,
1164 2179 1262 2214 inquit,
1284 2178 1435 2214 Scriptura,
1453 2179 1480 2207 in
1498 2181 1586 2215 capite
1602 2180 1724 2215 pontifex

1043 2224 1162 2260 gerebat.

1022 2268 1167 2302 Quomodo
1181 2270 1287 2305 legatus
1303 2271 1377 2298 venit
1392 2271 1519 2299 Christus
1537 2279 1551 2298 a
1571 2271 1660 2299 Patre.

1022 2315 1078 2342 Cur
1102 2315 1204 2342 omissa
1225 2315 1328 2343 visione
1353 2316 1436 2344 Isaias
1451 2316 1484 2344 de
1509 2317 1578 2344 ccelo
1600 2321 1725 2352 terraque

1042 2360 1161 2388 disserit.

1025 2406 1167 2439 Quomodo
1178 2406 1382 2443 intelligendum
1396 2407 1462 2435 illud
1476 2408 1509 2436 de
1522 2408 1591 2436 Jobo
1601 2409 1704 2436 dictum
1716 2417 1724 2436 :

1044 2451 1187 2479 Maledicta
1198 2453 1254 2480 dies
1268 2461 1320 2488 qua
1334 2460 1413 2480 natus
1429 2462 1498 2480 sum.

1020 2497 1090 2531 Quid
1103 2503 1146 2526 est
1160 2498 1226 2526 illud
1241 2508 1247 2526 :
1263 2498 1315 2526 Per
1328 2500 1507 2534 mentetipsum
1517 2500 1621 2535 juravi,
1637 2501 1724 2537 inquit

1043 2544 1184 2572 Dominus.

1019 2589 1088 2624 Quid
1100 2596 1142 2618 est
1158 2600 1165 2618 :
1183 2590 1218 2617 Et
1229 2594 1302 2617 tuam
1317 2591 1402 2626 ipsius
1413 2591 1530 2619 animam
1543 2592 1650 2628 gladius
1664 2602 1735 2629 μεν-ε

1044 2634 1179 2661 transibit.

1020 2678 1091 2712 Quid
1114 2685 1155 2707 est
1171 2688 1178 2707 :
1194 2679 1284 2707 Nolite
1307 2681 1479 2716 ingemiscere
1503 2683 1530 2710 in
1551 2684 1720 2718 alterutrum,

1043 2733 1074 2752 ne
1089 2725 1198 2752 invicem
1213 2725 1382 2760 judicentini.

1020 2771 1137 2804 Quinam
1152 2778 1216 2799 sunt
1231 2773 1330 2800 moechi
1344 2778 1371 2800 et
1388 2773 1511 2801 moechae.

1019 2818 1089 2852 Quid
1114 2823 1156 2845 est
1182 2819 1362 2853 apostolicum
1391 2820 1455 2848 illud
1477 2829 1484 2847 :
1503 2820 1619 2855 Snbjccti
1642 2826 1723 2848 estote

1043 2864 1115 2890 omni
1140 2864 1262 2892 humana!
1285 2871 1414 2892 creatum
1435 2872 1541 2902 propter
1564 2867 1720 2900 Dominum,

1043 2915 1167 2946 tanquam
1181 2909 1300 2938 libertate
1320 2916 1430 2940 utentes.
