1881 3077
179 140 214 172 ta
744 143 876 174 PHOTII
895 145 1146 176 PATRIARCH/E
1165 147 1221 177 cr.
1758 140 1795 174 u

193 197 239 225 05.
260 196 289 224 Si
311 196 382 224 Deus
415 197 516 232 ubique
543 200 595 230 est,
621 203 733 224 curnam
761 197 795 224 sit
824 198 959 225 calumnia
977 202 997 228 Α
1117 204 1191 234 petra
1208 204 1296 226 autem
1309 204 1365 226 erat
1380 199 1511 227 Christus.

281 243 413 270 adversus
435 243 605 278 mysterium,
628 243 772 278 praesentia
799 243 859 278 ejus
881 243 907 271 in
922 243 960 271 fe-
1025 245 1070 272 92.
1091 245 1242 279 Quomodo,
1266 245 1372 279 justitia
1389 245 1518 273 incolumi
1533 265 1540 279 ,
1561 252 1610 276 pro
1630 243 1792 279 parentibus

280 288 361 315 mina:
380 289 478 315 utero?
494 287 602 323 Utique,
628 289 667 316 ait
683 288 868 319 adversarius.
887 288 958 315 haud
1117 291 1268 325 puniuntur
1284 291 1374 318 liberi.

280 336 321 357 cat
335 331 472 358 calumnia
488 332 630 366 praesentia
649 333 693 359 Dei
707 333 733 359 in
749 332 857 360 feminae
870 336 959 365 utero,
1027 332 1070 360 93.
1093 332 1163 365 Quid
1179 339 1231 367 est,
1248 334 1434 368 configuratus
1449 333 1550 360 infans.

278 377 349 404 sicut
385 378 449 405 alibi
472 379 585 412 ubique;
610 379 845 406 verumenimvero
869 379 959 406 incar-
1026 378 1070 405 94.
1090 378 1146 405 Cur
1158 379 1363 406 tabernaculum
1377 379 1447 407 Deus
1460 378 1651 413 fict'ijnsscrit.

279 424 353 450 natio
369 423 413 450 Dei
431 431 464 451 ex
478 424 545 458 ipsa,
560 423 606 458 qni
622 425 678 451 fieri
694 424 796 458 potuit?
1028 424 1073 451 95.
1096 424 1150 451 Cur
1162 424 1267 451 tabulas
1286 423 1392 459 Moyses
1408 423 1582 456 confregerit.

193 467 236 494 66.
261 467 357 494 Utrum
381 468 518 496 dtemoncs
533 469 673 500 sciverint.
691 471 763 504 quod
777 470 800 497 si
826 470 957 504 resipuis-
1024 469 1066 496 96.
1090 469 1231 502 Quomodo
1246 469 1413 497 vestimentis
1425 470 1495 502 lepra
1511 468 1661 496 accidebat.
1709 465 1792 503 [fama

279 518 355 543 sent.
380 514 486 540 veniam
511 515 615 549 peccati
645 520 892 550 cons-querentur;
921 523 956 542 an
1024 515 1068 542 97.
1088 514 1157 548 Quid
1175 515 1327 550 significant
1342 515 1401 542 dum
1410 515 1522 542 aviculae
1537 521 1585 548 pro
1599 513 1727 540 mundato
1743 513 1794 540 ob—

281 559 372 593 potius
389 559 480 586 divina
496 560 628 594 sapientia
646 561 729 588 semel
741 561 854 593 amissa,
875 560 956 595 hujus
1023 559 1066 587 98.
1086 559 1141 587 Cur
1161 561 1255 595 procul
1277 561 1451 588 tabernaculo
1477 561 1546 587 Deus
1566 560 1650 594 jussit
1675 559 1793 594 pecudes

282 611 391 638 quoque
405 606 441 632 rei
460 606 554 636 notitia
568 606 674 640 spoliati
689 607 798 633 fuerint.
1110 606 1169 633 esui
1184 611 1262 640 aptas
1274 606 1373 634 occidi.

191 648 234 675 67.
255 648 374 676 Curnam
399 654 473 676 totus
496 651 621 685 leprosus
644 651 669 678 in
694 651 868 681 Testamento
900 653 955 682 Ve-
1020 649 1063 677 99·
1082 649 1138 677 Cur
1149 651 1285 678 numerari
1301 651 1427 685 ροιιυιιιιη
1443 649 1514 677 Deus
1533 649 1681 676 mandam-

278 698 346 725 tere,
359 694 475 721 mundus
487 695 713 729 existimabatur;
731 696 854 731 leprosus
864 703 954 725 autem
1005 695 1065 722 100.
1085 695 1139 723 Cur
1160 695 1246 722 farina
1262 695 1411 723 hordeacea
1426 703 1474 730 pro
1486 703 1528 727 ea,
1545 703 1605 729 quae
1618 699 1744 730 suspecta
1758 694 1792 722 de

277 747 310 766 cx
326 745 412 774 parte,
428 741 596 768 immundus.
848 743 854 747 ’
1113 740 1247 767 adulterio
1263 744 1332 772 erat,
1357 740 1530 767 offerebatur.

191 783 235 811 68.
257 785 313 812 Cur
333 785 451 819 Spiritus
474 786 574 813 dicitur
590 786 652 813 Filii
673 787 782 823 imago?
802 792 828 815 et
841 788 952 823 quinam
1003 785 1064 812 101.
1084 785 1140 813 Cur
1155 785 1329 821 peccantibus
1349 785 1440 813 statim
1465 792 1554 819 paena:
1571 783 1773 819 irrogahantur.

278 834 318 858 est
335 830 566 866 Pythagoreorum
582 833 736 866 quaternio.
1005 831 1067 858 102.
1086 830 1141 858 Cur
1169 830 1362 858 seditiosorum
1392 830 1529 858 thuribula
1541 830 1643 857 servari
1668 829 1791 864 deposita

189 875 234 903 69.
254 875 310 903 Cur
324 876 440 910 lapidem
457 875 541 904 Jacob
556 878 676 905 unxerit.
971 872 992 900 Β
1113 876 1181 909 apud
1196 875 1281 902 altare
1297 875 1368 903 Deus
1382 874 1565 910 imperaverit.

190 921 234 948 '10.
257 921 315 948 Tibi
332 921 383 948 soli
402 922 517 956 peccavi,
542 927 566 949 et
579 922 678 948 malum
698 930 786 950 eorum
806 928 830 951 te
849 924 909 958 feci,
925 931 953 952 ιιι
1006 920 1066 947 103.
1087 920 1141 947 Cur
1170 920 1253 956 Moysi
1280 925 1307 948 et
1338 921 1438 947 Aaroni
1469 921 1627 955 indignatus
1653 923 1695 947 est
1720 919 1792 947 Dcus

278 967 366 993 vincas
383 975 441 993 cum
449 967 594 1001 judicaris.
1114 971 1224 1001 propter
1237 974 1335 1001 aquam
1351 975 1366 993 e
1380 971 1454 1002 petra
1469 967 1595 994 eductam

190 1010 236 1039 71.
257 1010 330 1042 Scia,
348 1012 418 1046 quod
432 1013 459 1038 in
483 1020 524 1038 me
542 1020 593 1038 non
607 1012 707 1039 habitet
728 1013 765 1048 (id
780 1015 861 1042 estin
876 1024 954 1044 σανηε
1005 1009 1066 1037 101.
1084 1010 1139 1037 Cur
1152 1011 1250 1038 emlnm
1264 1016 1397 1039 etterram
1408 1012 1789 1047 testesinvocarijussumest.

282 1057 361 1091 mea),
378 1057 485 1084 bonum.
1005 1056 1067 1084 105.
1088 1056 1230 1089 Quomodo
1248 1057 1449 1092 intelligendum
1467 1058 1531 1084 illud
1546 1057 1714 1088 :La'tamint'.
1729 1066 1792 1092 gen-

188 1101 234 1128 72.
255 1101 310 1129 Cur
324 1103 504 1130 admonemur
520 1104 676 1132 renuntiare
687 1105 807 1138 Satanae.
823 1114 876 1133 non
890 1107 930 1135 ite)

1111 1106 1158 1133 tes,
1178 1110 1237 1128 cum
1258 1102 1353 1136 populo
1373 1102 1440 1135 ejus,
1461 1106 1506 1129 et:
1531 1101 1601 1128 lluic
1626 1101 1790 1128 auailientur

277 1150 369 1183 pravis
385 1150 552 1178 hominibus.
1113 1147 1199 1181 angeli
1211 1147 1269 1174 Dei.

190 1191 234 1219 73.
254 1191 309 1220 Cur
325 1192 451 1221 Samonae
467 1195 582 1222 inditum
601 1203 698 1225 nomen
716 1196 893 1225 confessoris.
1007 1192 1068 1226 106_
1087 1194 1143 1221 Cur
1156 1194 1190 1220 ob
1205 1193 1263 1220 leve
1277 1197 1396 1220 erratum
1413 1192 1518 1228 Moyses
1528 1193 1623 1228 jussus
1633 1197 1675 1220 est
1689 1197 1789 1220 terram

189 1237 234 1264 74.
255 1238 311 1265 Cur
327 1239 476 1267 crucifixus
491 1240 617 1268 Christus
631 1240 723 1269 fuerit.
1113 1240 1206 1274 procul
1227 1239 1359 1274 aspicere.
1376 1239 1440 1267 111υο
1464 1245 1554 1266 amem
1567 1240 1694 1275 PODUIUI“
1708 1239 1789 1266 illd"-

189 1283 233 1310 75.
253 1284 396 1317 Quomodo
408 1287 585 1320 apostolicum
600 1287 703 1315 dictum
721 1287 805 1324 Signa
824 1297 874 1316 non
888 1294 951 1316 sunt
1109 1293 1171 1312 cere
1190 1286 1299 1313 νυιὶιυε·

275 1328 407 1362 ﬁdelibus,
425 1333 469 1356 sed
484 1331 634 1365 inﬁdelibus
648 1339 710 1359 cum
728 1333 876 1361 Dominicis
892 1342 952 1361 ver-
1005 1331 1065 1359 107.
1086 1331 1154 1365 Qttid
1170 1336 1222 1363 est,
1239 1331 1264 1358 in
1281 1331 1387 1358 modico
1411 1331 1479 1358 ntilti
1499 1331 1648 1366 persuades
1667 1335 1696 1358 ut
1710 1330 1790 1358 Chri-

274 1372 316 1399 bis
330 1381 336 1399 :
356 1372 436 1400 Fides
464 1379 510 1401 tua
530 1375 632 1402 saluum
656 1381 679 1403 te
694 1376 777 1410 fecit;
805 1382 833 1404 et
849 1386 856 1404 :
872 1378 952 1405 Haud
1109 1377 1216 1404 stianus
1233 1377 1306 1404 liam.

274 1419 359 1452 potuit
381 1420 457 1454 signa
477 1420 563 1454 facere
580 1427 686 1456 propter
700 1430 790 1449 eorum
807 1423 953 1451 iucrcduli-
1005 1422 1064 1450 108.
1085 1421 1154 1455 Quid
1169 1422 1570 1457 est,quiprmﬁnitnsestFilius
1582 1421 1662 1449 Deiin
1677 1421 1789 1450 virtute.

273 1469 476 1497 tatem;etcum
488 1467 592 1494 caeteris
600 1467 952 1502 ejusmodi,conciliahitur.
1005 1469 1067 1496 109.
1088 1468 1158 1501 Quid
1178 1473 1230 1501 est,
1255 1468 1407 1502 prohibitus
1422 1476 1482 1496 sum
1501 1475 1588 1502 usque
1602 1468 1708 1500 adhuc,
1721 1475 1790 1502 quo.

191 1509 236 1537 76.
257 1510 284 1538 Si
304 1511 383 1538 tellus
400 1517 470 1545 erat,
487 1513 624 1548 quomodo
639 1514 709 1542 facta
724 1515 784 1542 est?
799 1516 843 1543 Ait
859 1517 929 1543 enim
943 1525 950 1544 :
966 1535 987 1565 ο
1002 1550 1007 1556 ¹
1111 1513 1200 1541 minus
1217 1513 1334 1540 ῖνιιοῑιιιη
1348 1514 1465 1548 ali‘luem
1482 1522 1617 1549 εθβενεηι·

275 1556 361 1584 Tellus
378 1562 446 1585 erat.
966 1556 987 1565 “
1007 1558 1068 1586 110.
1088 1558 1158 1591 Quid
1170 1562 1222 1589 est,
1238 1558 1343 1593 justitia
1357 1563 1446 1585 autent
1463 1559 1509 1586 Dei
1526 1559 1553 1585 in
1567 1558 1625 1593 ipso
1642 1563 1787 1585 revelatnr.

186 1601 230 1630 77.
253 1603 280 1630 Si
301 1603 388 1631 lucem
414 1603 486 1631 Deus
498 1605 611 1637 creavit,
620 1607 858 1642 nequaquamipse
874 1613 900 1636 ιιι
914 1613 952 1636 ιε-
1006 1604 1067 1630 111.
1087 1603 1157 1637 Quid
1186 1603 1320 1637 significat
1354 1603 1457 1630 dictum
1489 1603 1553 1630 illud
1585 1603 1788 1638 apostolicum:

274 1649 371 1677 nebras
384 1649 461 1682 fecit;
474 1655 536 1678 sunt
545 1651 617 1683 enim
626 1651 683 1679 haec
691 1652 761 1680 inter
769 1661 798 1680 se
804 1654 952 1682 contraria.

711 1657 761 1680 iter
769 1654 952 1682 secontraria,
1114 1649 1223 1676 Tradite
1236 1649 1320 1683 ipsum
1335 1648 1453 1676 Saturne.

187 1693 231 1721 78.
254 1693 309 1721 Cur
327 1694 400 1723 feras
416 1700 444 1723 et
455 1696 560 1730 reptilia
578 1697 648 1724 Deus
664 1698 775 1725 creavit.
1002 1695 1064 1722 112.
1083 1694 1153 1728 Quid
1169 1700 1227 1722 est:
1244 1693 1277 1721 In
1294 1695 1372 1729 ﬁnem
1393 1699 1500 1730 propter
1523 1703 1581 1722 eam
1600 1703 1658 1730 quae
1677 1695 1790 1722 Incredi-

185 1739 229 1766 79.
249 1740 364 1767 Cuinam
394 1741 464 1768 dixit
479 1741 551 1769 Deus
567 1751 575 1770 ε
593 1742 741 1770 Faciamus
762 1744 893 1772 hominem
917 1753 927 1772 ι

593 1742 741 1770 Faciamus
762 1744 893 1772 hominem
917 1747 953 1772 ad
1108 1745 1189 1767 talem
1204 1740 1325 1767 δονιὶιιιν-

272 1786 413 1821 imaginem
430 1792 454 1814 et
476 1788 680 1816 similitudinem
696 1795 828 1818 ηοειναγη,
1002 1786 1064 1813 115.
1083 1785 1204 1817 Domine,
1220 1794 1250 1812 ne
1263 1786 1290 1812 in
1307 1785 1396 1820 furore
1411 1790 1454 1812 tuo
1475 1793 1573 1820 arguas
1593 1794 1649 1819 me,
1665 1794 1746 1821 neque
1761 1787 1789 1813 in

183 1827 229 1856 80.
250 1829 320 1862 Quid
332 1835 385 1862 est,
398 1830 430 1858 ad
443 1831 603 1866 imaginem.
1107 1832 1149 1858 ira
1164 1835 1210 1858 tua
1225 1831 1354 1865 corripias
1368 1839 1418 1858 me.

185 1874 230 1902 81.
250 1874 302 1908 Qui
320 1875 402 1903 Deum
423 1877 565 1911 appellatis
581 1877 683 1905 bonum
695 1898 702 1911 ,
718 1886 768 1906 cur
783 1878 871 1906 eidem
888 1884 951 1907 tan-
1001 1877 1063 1904 1H.
1085 1876 1155 1910 Quia
1168 1878 1325 1903 conturbata
1340 1882 1400 1904 sunt
1416 1885 1476 1903 om
1492 1885 1560 1903 mea-

271 1927 324 1949 tam
344 1923 472 1950 duritiem
501 1924 669 1952 attribuitis?
695 1925 850 1953 Crudelitas
878 1926 950 1953 enim
1002 1923 1064 1950 115.
1087 1922 1207 1956 Domina,
1226 1923 1260 1949 ad
1277 1927 1300 1949 ιε
1315 1923 1437 1955 clamavi.
1451 1922 1549 1949 exaudi
1568 1930 1619 1949 me-

270 1971 353 1999 atque
366 1967 469 1994 secvitia
489 1971 542 2001 est,
566 1968 658 2003 exigui
679 1969 734 1996 cibi
751 1977 835 1997 causa
848 1974 950 1997 tantam
1003 1969 1065 1996 116.
1091 1968 1157 1995 Voce
1166 1975 1222 1994 mea
1236 1969 1269 1994 ad
1283 1967 1425 1994 Dominum
1439 1967 1567 1999 clamavi,
1583 1974 1642 1993 voce
1655 1974 1710 1993 utea
1733 1965 1789 1993 Do-

272 2019 379 2044 pcenam
406 2011 539 2047 inﬂigere,
565 2021 618 2040 non
649 2014 738 2041 solum
762 2016 948 2050 peccantibus.
1106 2013 1207 2038 "linum
1226 2011 1381 2046 deprecatus
1393 2019 1461 2038 ³ιιιη-

269 2063 363 2083 verum
377 2057 459 2083 etiam
474 2057 596 2091 ipsorum
611 2060 740 2092 posteris.
1001 2057 1063 2084 117.
1084 2057 1153 2090 Quid
1171 2062 1223 2090 est,
1236 2058 1307 2092 quod
1324 2057 1422 2084 Michol
1438 2056 1532 2083 Davidi
1549 2056 1698 2084 benedixit.

182 2098 227 2126 82.
247 2099 386 2133 Quosnam
403 2101 448 2129 Dei
465 2101 534 2130 ﬁlios
553 2102 660 2138 Moyses
675 2106 861 2140 apchaverit.

800 2107 861 2134 erit.
964 2130 986 2140 ﬁ
1003 2102 1064 2130 118.
1085 2104 1139 2130 (.‘ur
1155 2102 1240 2129 David
1255 2102 1343 2136 ephod
1357 2102 1469 2128 indutus
1488 2105 1541 2129 est.

182 2144 225 2171 85.
249 2144 320 2179 Lege
334 2146 455 2173 nondum
470 2147 567 2181 posita,
585 2130 645 2182 q'uae
661 2130 764 2184 palti'em
776 2157 924 2188 malremqt

875 2160 948 2188 nque
964 2130 987 2158 Β
1005 2149 1066 2176 119.
1085 2148 1220 2181 Quidnam
1236 2130 1332 2182 agebat
1345 2148 1431 2175 Adam
1448 2148 1475 2175 in
1493 2147 1617 2182 paradiso

270 2191 387 2218 revereri
400 2191 517 2227 juberet,
529 2201 642 2222 cut-nam
657 2195 742 2223 Cllam
759 2197 840 2225 veluti
858 2199 948 2233 pani-
1003 2193 1065 2221 120.
1086 2195 1140 2221 Cur
1158 2194 1208 2221 sub
1223 2201 1363 2228 vesperam
1381 2194 1573 2221 immolabatur
1584 2200 1681 2228 agnus.

270 2236 331 2264 cida
346 2237 501 2266 damnatur.
1002 2241 1062 2268 121.
1084 2239 1154 2273 Quid
1169 2245 1220 2273 est,
1238 2240 1342 2267 Ponant
1358 2249 1449 2268 arcum
1463 2249 1548 2268 nteant
1563 2242 1591 2267 in
1607 2242 1684 2268 nube.

183 2282 226 2308 8-1.
251 2281 369 2310 Cnrnam
389 2283 483 2312 Chami
500 2288 651 2320 peccatoris
665 2288 736 2316 ﬁlius
747 2289 860 2317 dilectus
873 2295 924 2317 est.
1001 2287 1062 2314 122.
1083 2286 1178 2314 Justus
1193 2286 1250 2314 Noe
1273 2295 1324 2314 cur
1345 2287 1437 2314 ebrius
1459 2287 1682 2322 deprehenditur,
1698 2293 1789 2321 neque

181 2323 226 2351 85.
246 2324 367 2352 Curnam
381 2327 520 2356 Abraham
536 2332 672 2360 credentis
695 2333 774 2360 titulo
791 2334 948 2369 insignitur,
1105 2339 1199 2366 pmnas
1218 2332 1275 2360 dat.

268 2372 315 2404 qui
339 2371 396 2400 Deo
418 2373 519 2402 dixerit
535 2384 541 2402 :
558 2375 617 2409 Quo
641 2378 717 2412 signa
744 2387 896 2414 agnoscam,
910 2389 951 2408 me
1001 2377 1062 2404 125.
1082 2376 1151 2410 Quid
1162 2382 1214 2410 est,
1228 2378 1348 2411 Domine.
1362 2384 1460 2406 nonest
1470 2379 1618 2407 exaltatum
1629 2388 1675 2407 cor
1689 2388 1787 2407 meum.

267 2416 343 2443 illam
360 2418 480 2453 (terram)
494 2420 549 2453 fore
564 2429 758 2456 possessurum.
1000 2421 1009 2448 1

1045 2423 1063 2448 l.
1083 2423 1141 2455 Qua
1157 2424 1190 2450 de
1206 2432 1289 2451 cattsa
1303 2425 1330 2452 in
1343 2426 1422 2458 rubo,
1445 2433 1499 2452 non
1513 2431 1602 2452 autem
1620 2427 1647 2453 in
1667 2423 1729 2453 alio'
1741 2434 1787 2453 ar-

246 2461 331 2507 Quam
342 2463 377 2490 ob
388 2471 498 2492 causam
514 2466 630 2494 luctatur
639 2476 700 2495 cum
712 2469 815 2497 Jacobo
825 2471 948 2505 angelus.
1106 2468 1181 2496 boris
1195 2477 1302 2504 genere,
1318 2470 1402 2506 Moysi
1416 2471 1488 2499 Deus
1502 2472 1666 2507 apparuerit.

181 2505 226 2532 87.
243 2506 394 2541 Cujusnam
416 2509 453 2536 rei
475 2510 582 2546 signum
602 2511 670 2546 fuit,
692 2513 789 2540 rubum
811 2515 907 2542 ardere
922 2520 951 2544 et
1001 2513 1063 2541 125.
1085 2513 1167 2541 Cura
1193 2515 1249 2543 Deo
1265 2505 1593 2550 permissumsit,divum
1615 2517 1743 2545 Davidem
1760 2518 1788 2545 in

269 2560 324 2579 non
341 2554 477 2582 comburi.
1106 2560 1158 2588 tale
1174 2565 1336 2597 tantumque
1353 2564 1493 2597 peCcatu‘m
1514 2563 1644 2590 incidere.

180 2595 225 2623 88.
246 2595 332 2631 Lepra
353 2600 446 2626 manui
464 2600 562 2635 injecta
578 2609 637 2630 cur.
1001 2604 1064 2632 126.
1082 2604 1120 2632 De
1131 2606 1225 2641 populi
1237 2595 1420 2642 descriptione
1433 2608 1485 2635 sub
1502 2607 1597 2635 David.

179 2642 224 2669 89.
245 2645 300 2670 Cur
314 2645 426 2678 angelus
441 2645 551 2681 Moysen
574 2648 731 2677 interimere
747 2651 876 2679 voluerit.
1000 2650 1062 2677 127.
1082 2651 1138 2678 Cur
1149 2651 1233 2680 David
1253 2653 1342 2680 dictus
1361 2653 1396 2681 sit
1414 2654 1455 2680 vir
1471 2655 1620 2682 secundum
1636 2661 1684 2681 cor
1696 2654 1745 2681 Dei
1802 2642 1815 2665 ⁸

179 2686 224 2715 90.
246 2688 405 2735 ϐιιιξῐιιμιη
422 2694 631 2727 properantibus
646 2696 789 2731 imperavit
807 2698 877 2725 Deus
903 2706 949 2733 pa-
1002 2697 1063 2724 128.
1083 2697 1140 2725 Cur
1153 2707 1234 2727 mane
1249 2700 1389 2735 deplueret
1401 2701 1427 2728 in
1444 2700 1581 2728 desertum
1603 2709 1712 2728 manna.

268 2734 372 2763 schatis
382 2737 578 2767 solemnitatem
595 2748 733 2776 peragere.
1001 2741 1061 2769 129.
1081 2743 1160 2770 Cura
1178 2744 1232 2772 Deo
1246 2734 1348 2772 dictum
1369 2746 1526 2774 Abrahamo
1539 2755 1546 2774 :
1560 2746 1662 2774 Ponant
1678 2750 1788 2780 pactum

182 2778 227 2807 9f.
248 2780 391 2814 Quomodo
402 2783 605 2820 intelligendum
621 2787 686 2815 illud
699 2789 814 2823 apostoli
830 2798 837 2817 :
852 2789 947 2817 Omnes
1109 2797 1194 2818 meum
1209 2791 1276 2818 inter
1289 2798 1330 2817 me
1342 2794 1366 2817 et
1380 2795 1404 2817 te

271 2826 298 2854 in
316 2828 424 2863 Moysen
444 2831 573 2865 baptismi
592 2841 693 2868 sumus,
720 2838 786 2868 etc.,
805 2843 891 2871 usque
914 2835 947 2864 ad
1002 2837 1062 2865 150.
1084 2837 1122 2865 De
1137 2835 1240 2865 Jacobo
1252 2840 1278 2865 et
1293 2835 1350 2864 Lia.
