1881 3077
91 125 126 158 49
605 126 656 155 ΑΙ)
674 125 883 155 AMPHILOCI

954 126 972 155 lt
991 125 1166 162 QUESTIO
1186 128 1210 157 Ι.
1337 117 1342 123 ’
1691 131 1726 162 50

90 185 198 215 τούτοις
211 183 292 218 μόνον
310 182 378 209 πολῦ
394 183 442 209 καὶ
454 182 570 217 ἄπειρον
586 182 735 218 ὑπονοηθὲν
750 182 780 208 τὸ
791 182 883 216 διάφο-

957 188 1045 210 eteres
1070 183 1209 211 doctrinas
1229 184 1396 219 promendae
1419 190 1445 212 et
1472 186 1624 216 rhetoricas
1651 194 1726 216 artes

90 239 149 266 ρον,
165 230 277 265 ὕπερον
289 229 432 264 ἁκριόείας
444 228 619 263 δικαζούσης,
635 228 768 263 διαφορᾶς
782 227 880 263 ἀφείθη

89 275 221 310 ἐλεύθερα
234 284 240 290 ·
255 275 323 301 ἀλλὰ
348 275 397 302 καὶ
418 275 446 301 ὲν
471 275 540 308 αὐτῇ
562 282 594 308 γε
615 275 648 310 τῇ
665 273 882 309 καθωμιλημένῃ

89 321 145 348 τῶν
163 321 268 348 πολλῶν
282 321 382 356 χρήσει
395 320 479 346 πολλὰ
496 321 544 356 μὲν
561 319 655 351 ἁπλῶς
667 318 754 351 οὕτως
766 319 882 346 ἀκοῦσαι

89 367 217 401 φαίνεται
237 366 384 401 μάχεσθαι’
402 366 551 401 κριθέντων
566 365 604 397 δὲ,
628 366 667 397 εἰς
685 365 844 400 συμφωνίαν
864 366 881 400 ἡ

91 413 166 448 μάχη
182 413 343 447 μετέπεσεν.
359 411 393 438 Et
402 420 445 442 τις
454 409 501 437 οὖν
515 411 565 446 τὴν
582 411 632 445 μὲν
645 411 674 436 ὲν
689 411 722 445 τῇ
739 410 790 436 ἀνὰ.
804 411 884 445 χεῖρα

88 458 182 493 ὁμιλίᾳ
196 457 364 492 φαινομένην
380 458 472 484 στάσιν
486 457 536 491 τῆς
548 457 666 492 ἀληθοῦς
682 458 772 492 μάχης
786 456 885 484 ἀδεκά-

89 511 145 537 στῳ
160 503 260 539 γνώμῃ
274 502 417 538 διακρίνει,
432 502 557 538 ἀφορίζει
568 503 595 529 δὲ
609 503 661 529 κᾶν
675 504 731 534 τοῖς
747 503 793 529 τὸν
808 502 883 537 φιλό-

89 557 170 583 σοφον
186 549 234 575 καὶ
250 549 353 584 ῥήτορα
364 548 421 584 βίον
431 549 612 584 ὰσκουμένοις
625 548 659 575 τὰ
675 548 819 584 μαχόμενα
828 548 882 575 τῶν

88 595 273 628 φαινομένων.
291 594 339 620 ἐπὶ
359 594 388 620 δὲ
411 595 460 629 τῆς
483 594 558 630 ἱερᾶς
575 593 653 628 ἡμῶν
674 593 833 628 φιλοσοφίας
849 594 880 619 οὐ

87 639 134 666 τὸν
147 640 231 666 αὑτὸν
252 639 383 672 διασώζει
402 640 495 674 νόμον,
511 639 580 666 ἀλλὰ,
600 640 648 666 καὶ
659 640 709 675 τὴν
722 639 882 666 ἐπιπόλαιον

88 683 246 717 ἀντιλογίαν
257 685 296 714 εἰς
312 684 445 710 ἄσπονδον
459 683 627 716 ἐκϐιάζεται.
645 681 724 716 οὗτος
739 685 786 711 καὶ
797 685 881 720 χωρίς

87 737 158 760 τινος
170 730 339 763 αἰτιωμένου
357 730 529 765 συκοφάντην
540 731 637 757 ἑαυτὸν
650 730 697 757 καὶ
709 730 810 766 φαῦλον
824 739 882 767 κρι-

87 776 136 809 τὴν
151 775 310 808 ἀποφαίνει.

934 229 1101 256 exercendas
1112 230 1164 256 sibi
1174 236 1360 265 sumpserunt,
1374 232 1486 259 multam
1500 233 1526 259 in
1538 234 1580 260 his
1590 238 1673 268 atque
1684 234 1726 260 in-

936 275 1039 301 finitam
1055 273 1223 302 discordiam
1239 283 1352 304 cernere
1365 277 1417 304 sibi
1433 279 1725 313 principio‘videntur,

935 327 997 354 qum
1011 327 1074 347 mox
1089 328 1134 347 res
1147 321 1292 356 diligenter
1308 329 1449 357 perpensa:
1471 324 1505 351 ab
1521 325 1594 352 omni
1614 330 1726 352 contra—

936 365 1057 392 dictione
1080 366 1273 400 absolvuntur;
1293 375 1387 394 verum
1412 369 1494 396 etiam
1518 370 1544 396 in
1566 370 1625 404 ipso
1645 370 1726 397 fatui-

936 411 996 437 liari
1022 411 1094 446 vulgi
1111 419 1162 438 usu
1181 412 1253 439 haud
1268 420 1354 447 pauca
1373 414 1461 448 primo
1486 415 1580 441 auditu
1600 416 1727 442 videnlur

936 463 1100 491 repugnare,
1113 457 1214 491 quibus
1230 458 1263 485 ad
1274 459 1404 486 trutinam
1421 460 1566 492 revocatis,
1582 460 1726 488 conflictus

935 502 962 529 in
977 504 1152 530 concordiam
1166 505 1289 532 vertitur.
1307 505 1334 532 Si
1353 506 1416 540 quis
1434 507 1516 541 igitur
1532 514 1622 534 rerum
1634 508 1726 543 qunti-

934 549 1077 576 dianarum
1093 555 1268 584 apparentem
1278 551 1444 582 dissensum,
1460 552 1618 587 incorrupto
1627 553 1726 580 mentis

932 595 1048 630 judicio,
1069 604 1083 623 a
1108 604 1170 623 vera
1199 597 1352 625 differentia
1379 598 1527 632 discernit;
1554 599 1673 634 itemque
1698 601 1726 626 in

936 640 1132 676 philosophicis
1144 642 1297 677 disciplinis
1311 648 1393 678 atque
1410 646 1438 671 in
1455 645 1613 678 rhetoricis,
1640 653 1654 672 a
1683 645 1727 672 di-

935 685 1076 712 scordihus
1088 686 1114 712 in
1136 687 1255 719 speciem
1271 689 1420 722 pugnantia
1440 696 1503 715 vere
1523 689 1681 723 distinguit;
1698 690 1726 716 iu

934 738 1011 758 sacra
1021 739 1086 758 vero
1098 737 1192 759 nostra
1206 732 1330 760 doctrina
1343 734 1437 761 eodem
1450 735 1512 768 jure
1522 743 1576 761 non
1592 735 1664 770 agit;
1677 735 1726 762 sed

933 777 975 804 vel
994 778 1210 812 superficiariam
1224 780 1373 813 quamlibet
1390 780 1537 808 verborum
1560 788 1678 815 pugnam
1693 780 1726 808 ad

87 821 261 850 insolubilem
287 827 397 849 vertere
422 821 520 849 nititur
545 822 808 855 contradictionem;
825 822 882 855 hic,
903 822 1032 858 inquam,
1049 824 1115 859 quin
1129 832 1198 859 opus
1221 831 1383 854 accuSatore
1396 827 1450 858 sit,
1487 827 1682 862 sycophantam
1697 834 1727 855 se

88 867 374 902 malumquejudicem
386 867 564 902 essiprodit.

124 914 157 949 β’.
170 915 276 940 Αὐτίκα
287 915 354 949 γοῦν
365 915 408 942 ἵνα
423 915 478 942 ἀπὸ
489 915 540 950 τῆς
554 915 608 942 τῶν
618 916 725 943 πολλῶν
738 915 883 950 συνηθείας

972 914 1002 942 2.
1022 913 1148 942 Profecto
1164 919 1195 942 ut
1211 923 1227 942 a
1243 922 1272 942 re
1286 915 1354 942 satis
1368 916 1509 943 communi
1527 917 1665 948 exordiar,
1677 916 1728 944 bo—

87 961 224 996 ἇρξωμαι,
242 961 257 987 ό
275 961 356 995 φόνος
372 961 465 993 αὐτοῖς
482 961 530 988 καὶ
546 962 685 994 πολιτείας
700 962 758 989 ἐστὶ
782 962 880 996 φύλαξ,

87 1007 134 1033 καὶ
150 1007 253 1041 μύσους
266 1006 396 1038 ὑπόθεσις
409 1015 416 1022 ·
434 1008 481 1033 καὶ
495 1007 528 1042 δὴ
541 1008 588 1034 καὶ
605 1009 621 1043 ἡ
641 1008 763 1043 ἐμπορία
780 1009 883 1043 κόσμος

86 1055 118 1088 τῇ
132 1053 222 1084 πόλει,
239 1053 288 1079 καὶ
303 1053 383 1089 ὕϐρις
398 1053 447 1080 οὐκ
462 1053 584 1081 ἔλαττον.
602 1055 657 1081 Καὶ
670 1054 729 1087 πῶς
743 1055 793 1081 οὐκ
809 1056 883 1081 ὲναν-

86 1099 131 1125 τία
142 1099 231 1126 ταῦτα
243 1107 251 1132 ;
264 1099 324 1126 Ὀτι
337 1100 462 1133 φονεύειν
476 1100 526 1134 μὲν
541 1100 592 1127 οὐκ
605 1100 710 1133 ἔξεστιν
722 1101 882 1136 εὐεργέτην,

86 1145 147 1171 οὐδὲ
165 1145 279 1179 πολίτην
294 1145 388 1172 εὔνουν
409 1147 442 1181 τῇ
459 1146 536 1172 πόλει
547 1154 555 1161 ⁸
575 1145 632 1172 οὐδ’
644 1146 669 1172 ετ
685 1155 727 1177 τις
744 1147 881 1178 ἀναίτιος·

86 1191 218 1226 πολέμιον
229 1191 258 1218 δὲ
271 1192 319 1218 καὶ
329 1192 485 1227 κακοῦργον
497 1193 544 1218 καὶ
561 1193 695 1228 προδότην
710 1192 797 1224 ἄλλως
811 1192 882 1220 ἔνδι-

87 1246 137 1264 κον
155 1237 294 1264 τεθνάναι.
308 1238 365 1264 Καὶ
382 1237 414 1273 δὴ
429 1238 476 1265 καὶ
488 1239 535 1264 τὸν
554 1238 713 1274 ἀλλοτρίους
725 1239 832 1274 γάμους
844 1238 883 1265 δι-

86 1285 247 1318 ορύττοντα,
262 1285 306 1313 ἐπ’
321 1284 465 1321 αὒτοφόρῳ
479 1285 588 1317 ἁλόντα,
603 1285 699 1321 κύριός
711 1287 785 1312 ἐστιν
798 1287 812 1312 ό
825 1286 883 1320 ὴδι-

87 1331 209 1365 κημένος
231 1330 280 1357 καὶ
301 1330 349 1357 τοῦ
371 1331 582 1366 εἰσπράττεσθαι
597 1331 646 1367 τὴν
663 1331 742 1366 δίκην
754 1340 761 1347 ·
782 1331 835 1364 ἔξω
853 1331 883 1358 δὲ

85 1377 136 1404 τοῦ
153 1377 258 1412 μύσους
271 1377 374 1408 λαϐὼν,
388 1377 519 1411 δικαστὴν
537 1377 617 1404 ἄλλον
632 1377 759 1412 ἐπιζητεῖ
774 1376 821 1404 τοῦ
836 1378 882 1411 ὲγ-

87 1423 238 1458 κλήματος.
263 1423 348 1449 Πάλιν
364 1423 421 1449 ὅσοι
442 1422 472 1449 τὺ
484 1423 612 1450 ταπεινὸν
625 1423 719 1458 σχῆμα
735 1423 786 1458 τῆς
805 1422 884 1449 πολι-

85 1469 164 1500 τείας
179 1468 353 1501 ὑποδύονται,
368 1468 516 1503 ἐμπορίαις
532 1468 582 1504 τὴν
599 1469 677 1495 πόλιν
693 1467 881 1500 συναύξουσιν’

86 1515 113 1542 oi
137 1514 165 1541 δὲ
189 1515 356 1549 στρατηγεῖν
372 1513 389 1548 ἢ
411 1513 586 1548 δημαγωγεῖν
608 1513 624 1549 ἢ
646 1514 682 1540 τὰ
696 1514 810 1540 τοιαῦτα
833 1522 882 1540 τα-

85 1561 208 1596 χθέντες,
241 1561 281 1592 εἰς
308 1559 418 1595 ἐκείνην
446 1560 658 1592 καταϐαίνοντες
686 1560 737 1595 τὴν
767 1560 879 1594 πρᾶξιν,

85 1607 138 1642 τῆς
162 1606 302 1638 πολιτείας
331 1605 504 1640 ἐξυϐρίζουσι
533 1608 565 1632 τὸ
590 1605 715 1640 ἁξίωμα-
748 1606 796 1632 καὶ
826 1606 881 1632 τῶν

87 1653 321 1688 παραδειγμάτων
341 1652 393 1679 οὐκ
408 1651 466 1678 ἐστι
485 1652 573 1688 πέρας
594 1651 634 1687 τῷ
653 1651 808 1686 βουλομένῳ
825 1651 883 1678 δια-

89 1699 272 1735 περάνασθαι.
291 1699 372 1734 Ὁρᾷς
396 1698 434 1730 ὼς
463 1698 549 1725 πολλὰ
572 1699 621 1734 μὲν
642 1697 793 1733 φαντασίαν
810 1706 883 1733 παρ-

89 1746 179 1780 έχεται
200 1744 375 1777 ἀντιθέσεως,
394 1744 578 1779 ἐξεταζόμενα
599 1744 628 1770 δὲ
649 1743 699 1778 τὴν
722 1743 882 1778 συμφωνίαν

89 1791 259 1824 ἀσπάζεταις
288 1790 382 1822 Οὕτως
411 1789 457 1816 οὖν
480 1791 528 1816 καὶ
549 1790 597 1816 ἐπὶ
621 1789 673 1824 τῆς
702 1790 778 1824 ἱερᾶς
804 1788 882 1824 ήμῶν

89 1837 198 1871 Γραφῇ
214 1836 274 1863 δέον
288 1836 412 1871 θεωρεῖν,
424 1833 457 1871 ἧς
472 1835 554 1870 ῥητὸν
565 1836 611 1862 καὶ
625 1835 655 1861 τὸ
667 1834 713 1861 σὺν
724 1834 882 1870 πρόϐλημα,

89 1883 154 1917 πρὸς
179 1882 194 1909 ὃ
219 1882 342 1917 δηλονότι
370 1881 526 1917 διετυπὼθη
543 1881 591 1908 καὶ
607 1881 637 1908 τὸ
652 1881 713 1908 ὅλον
735 1880 782 1907 τοῦ
800 1880 882 1914 λόγου

90 1930 242 1965 προοίμιον.

121 1976 156 2010 γ’.
178 1976 283 2011 Μωσῆς
302 1975 317 2002 ὸ
331 1975 480 2010 νομοθέτης
497 1972 567 2005 εἷπε,
596 1972 696 2008 μᾶλλον
717 1972 740 1999 δ’
755 1972 769 1999 ό
792 1971 883 2004 κοινὸς

88 2023 132 2049 καὶ
153 2023 278 2057 πλάστης
296 2022 343 2048 καὶ
359 2021 508 2057 νομοθέτης
529 2020 563 2047 δι’
579 2019 672 2050 αὑτοῦ,
693 2028 703 2045 t
725 2019 763 2045 Οὺ
783 2018 882 2053 φονεύ-

89 2076 163 2099 σεις·
184 2077 194 2093 ι
221 2068 270 2094 καὶ
298 2067 399 2094 πάλιν*
425 2075 435 2092 ι
453 2066 539 2092 Θέσθε
566 2066 682 2096 ἕκαστος
706 2064 757 2099 τὴν
783 2063 882 2090 ἑαυτοῦ

89 2113 226 2150 ῥομφαίαν
248 2114 294 2140 ἐπὶ
314 2114 361 2140 τον
381 2113 478 2149 μηρὸν,
494 2113 542 2139 καὶ
559 2111 678 2138 διέλοετε
694 2112 741 2137 καὶ
756 2111 883 2146 ἀνακάμ-

86 2163 153 2195 quas:
168 2162 224 2188 ἀπὸ
238 2161 325 2195 πύλης
341 2161 382 2191 είς
397 2159 486 2194 πύλην
501 2159 545 2185 διὰ
558 2159 608 2192 τῆς
622 2158 813 2193 παρεμϐολῆς,
834 2157 882 2184 καὶ

86 2207 265 2240 ἀποκτείνατε
279 2206 394 2237 ἕκαστος
406 2206 451 2232 τὸν
467 2205 581 2239 ἀδελφὸν
596 2204 692 2237 αὑτοῦ,
707 2204 753 2230 καὶ
766 2204 882 2234 ἕκαστος

86 2253 131 2280 τὸν
148 2253 263 2288 πλησίον
274 2252 370 2285 αὑτοῦ,
385 2252 431 2278 καὶ
443 2251 558 2282 ἕκαστος
572 2250 618 2276 τδν
633 2250 748 2284 ἔγγιστα
760 2248 853 2275 αὐτοῦ.
866 2258 876 2274 ι
897 2267 917 2294 D

85 2299 147 2331 Πῶς
162 2296 210 2326 οὖν
223 2295 305 2326 αὗται
320 2299 348 2325 αἱ
360 2298 449 2332 φωναὶ
467 2297 517 2333 τὴν
535 2296 659 2331 ἀλλήλων
673 2296 703 2323 οὐ
717 2294 879 2331 νομοθετοῦ-

87 2354 128 2372 σιν
138 2346 282 2380 ἀναὶρεσιν
295 2353 302 2378 ;
319 2345 354 2370 'H
367 2344 490 2380 δηλονότι
507 2345 537 2370 οὗ
553 2344 695 2378 φονεύσεις
709 2342 758 2377 μὲν
773 2341 818 2368 τὸν
835 2342 882 2368 ἀν-

87 2392 172 2418 αίτιον
185 2400 192 2406 ·
203 2391 250 2417 τὸν
265 2391 294 2417 δέ
307 2399 338 2425 γε
355 2391 472 2417 Θανάτου
489 2389 591 2424 ἔνοχον,
609 2389 656 2415 καὶ
671 2387 716 2414 τὸν
736 2387 882 2422 πατρῴους

88 2439 191 2473 νόμους
204 2437 396 2472 ἐνυϐρίσαντα,
406 2436 526 2467 εἰδώλοις
541 2444 571 2462 τε
588 2435 618 2462 τὸ
632 2434 679 2461 τοῦ
693 2434 815 2461 Πλαστου
834 2433 881 2460 σέ-

87 2483 136 2515 ϐας
151 2483 338 2518 ἁναψάμενον,
359 2482 432 2517 φόνῳ
455 2481 590 2512 κολάσεις.
618 2480 725 2506 Ἐάσειν
750 2477 881 2514 μοιδοκῶ

87 2529 125 2554 τό⁸
141 2538 150 2554 ι
170 2529 209 2555 Οὺ
225 2517 416 2564 μοιχεύσεις,⁴»
430 2527 477 2554 καὶ
489 2527 529 2554 τό·
548 2536 558 2552 ι
572 2526 646 2553 Λάϐε
661 2524 768 2560 σεαυτῷ
788 2525 881 2558 γυναῖ-

87 2582 122 2600 κα
137 2573 269 2608 πορνείας
282 2574 330 2600 καὶ
341 2574 425 2600 τέκνα
443 2572 581 2608 πορνείας.
598 2581 608 2597 ι
629 2571 705 2606 Ἔχει
719 2571 773 2605 γάρ
788 2578 816 2595 τι
833 2569 881 2596 καὶ

88 2618 132 2646 τοῦ
146 2619 316 2654 ζητουμένου
336 2619 486 2654 βαθύτερον
500 2618 539 2652 (8)
552 2626 560 2633 ·
575 2617 644 2653 πλὴν
661 2618 703 2644 ὅτι
717 2617 880 2651 περίστασις

88 2665 227 2693 κάνταῦθα
243 2667 316 2692 τιοιεῖ
324 2665 374 2702 τὴν
390 2664 558 2700 φαινομένην
575 2664 665 2699 μάχην
682 2663 718 2698 μὴ
732 2662 877 2698 μάχεσθαι·

933 960 1074 987 micidinm
1090 966 1117 988 et
1128 961 1284 995 reipublicae
1297 961 1381 989 tutela
1396 962 1518 989 creditur
1533 962 1604 997 apud
1618 963 1726 998 vulgus,

933 1007 1062 1041 idemque
1085 1007 1200 1034 materia
1224 1007 1346 1035 sceleris.
1366 1007 1435 1034 Tum
1452 1013 1607 1036 mercatura
1634 1009 1726 1036 decori

933 1053 1015 1080 simul
1037 1053 1153 1086 civibus,
1170 1053 1308 1087 simulque
1319 1054 1447 1081 dedecori
1459 1060 1510 1082 est.
1529 1054 1627 1088 Quidni
1644 1055 1727 1090 igitur

933 1099 991 1126 haec
1005 1100 1144 1126 contraria
1166 1100 1250 1127 sunt?
1267 1100 1330 1134 quia
1353 1101 1478 1128 videlicet
1497 1109 1586 1136 neque
1601 1102 1727 1129 beneme-

933 1145 1016 1172 ritum
1034 1146 1159 1173 occidere
1172 1147 1234 1173 licet
1246 1147 1346 1177 civem,
1363 1155 1453 1181 neque
1468 1148 1544 1175 urbis
1555 1147 1721 1178 studiosum.

932 1198 983 1218 nec
997 1191 1123 1226 quemvis
1140 1191 1307 1218 innocuum:
1325 1192 1430 1219 hostem
1448 1200 1513 1220 vero
1528 1198 1553 1220 et
1571 1194 1726 1220 maleficum

932 1242 960 1264 et
970 1239 1106 1271 prtecipue
1124 1237 1302 1272 proditorem,
1325 1245 1434 1272 aequum
1451 1242 1494 1265 est
1509 1239 1636 1265 interfici.
1654 1239 1728 1266 Prte-

934 1287 1006 1310 tcrca
1020 1283 1066 1317 qui
1083 1283 1187 1310 alienos
1199 1283 1334 1311 thalamos
1346 1283 1440 1314 violat.
1457 1284 1479 1311 si
1495 1286 1520 1311 in
1538 1284 1661 1312 facinore
1683 1285 1728 1312 de-

933 1329 1129 1364 prehendatur,
1145 1330 1208 1356 licet
1222 1330 1332 1365 conjugi
1353 1331 1418 1358 lteso
1437 1338 1533 1365 ptenas
1557 1331 1591 1358 de
1615 1331 1662 1358 illo
1681 1338 1728 1358 su-

933 1382 1024 1402 ntere:
1040 1376 1062 1402 si
1080 1380 1169 1402 tamen
1187 1376 1298 1403 aliunde
1315 1376 1423 1404 facinus
1435 1381 1627 1411 cognoscatur,
1643 1376 1727 1403 alium

931 1420 1051 1455 judieem
1071 1429 1156 1449 causa
1175 1422 1305 1456 postulat.
1331 1422 1438 1449 Rursus
1460 1422 1587 1449 homines
1607 1423 1728 1449 obscuro

933 1466 995 1493 vitze
1009 1467 1100 1501 generi
1121 1466 1214 1498 dediti,
1235 1468 1419 1495 mercimoniis
1440 1468 1499 1495 suis
1521 1468 1639 1495 civitatis
1651 1475 1728 1495 com-

934 1512 1015 1539 moda
1031 1518 1130 1548 augent
1146 1522 1152 1540 :
1168 1513 1215 1548 qui
1237 1521 1303 1540 vero
1320 1519 1368 1541 aut
1380 1514 1490 1542 ordines
1511 1514 1657 1546 militares,
1680 1519 1728 1541 aut

933 1558 1027 1585 civiles
1043 1559 1238 1593 magistratus,
1252 1564 1299 1586 aut
1319 1559 1418 1587 similia
1438 1568 1550 1588 munera
1566 1565 1683 1596 gerunt,
1699 1561 1728 1588 hi

933 1604 956 1631 si
970 1605 1057 1632 adilla
1075 1606 1184 1640 negotia
1199 1613 1228 1633 se
1244 1605 1313 1633 forte
1329 1607 1485 1639 demittant,
1496 1607 1556 1634 vita:
1568 1615 1624 1634 sua:
1635 1608 1728 1642 digiti-

935 1653 1016 1675 tatem
1033 1649 1209 1676 dedecorant.
1225 1650 1321 1678 Nullus
1336 1651 1523 1685 exemplorum
1546 1651 1610 1678 tiuis
1624 1653 1685 1684 erit,
1704 1652 1727 1679 si

935 1695 999 1729 quis
1014 1695 1107 1722 omnia
1123 1697 1249 1731 persequi
1266 1697 1342 1724 velit.
1355 1696 1451 1724 Videu‘
1466 1702 1493 1724 ut
1508 1697 1593 1724 multa
1608 1698 1727 1731 speciem

933 1748 989 1775 prae
1009 1748 1039 1768 se
1065 1740 1155 1768 ferunt
1175 1742 1398 1775 contrarietatis,
1424 1751 1485 1779 qua:
1509 1751 1571 1770 mox
1594 1751 1727 1779 perpensa

933 1788 1107 1814 concordiam
1129 1789 1263 1815 tuentur?
1282 1788 1328 1816 llis
1356 1790 1439 1823 igitur
1464 1790 1728 1818 considerationibns

934 1832 960 1859 in
975 1840 1053 1860 sacra
1068 1842 1178 1868 quoque
1198 1834 1339 1869 Scriptura
1354 1841 1447 1863 nostra
1463 1836 1503 1863 uti
1517 1841 1635 1870 oportet,
1648 1837 1728 1871 cujus

933 1879 1091 1906 estelfatum
1104 1880 1169 1907 illud
1182 1881 1254 1915 quod
1274 1886 1301 1908 tu
1316 1882 1383 1907 mihi
1393 1882 1500 1916 objicis,
1515 1887 1540 1909 et
1551 1882 1630 1917 cujus
1640 1884 1728 1917 gratia

940 1929 1026 1952 totum
1042 1927 1177 1954 sermonis
1187 1927 1267 1959 hujus
1281 1928 1422 1962 praemium
1436 1928 1598 1956 adornatum
1610 1929 1670 1957 fuit.

969 1972 996 1998 5.
1015 1970 1169 2006 Legislator
1179 1972 1268 2000 Moses
1281 1973 1347 2008 (imo
1358 1981 1423 2000 vero
1437 1975 1592 2003 communis
1603 1976 1725 2003 onmium

934 2021 1042 2043 creator
1057 2021 1084 2042 et
1099 2016 1238 2051 legislator
1255 2024 1302 2044 ore
1323 2017 1383 2052 ejus
1408 2017 1533 2053 loquens)
1549 2019 1607 2045 ait:
1627 2028 1636 2045 ι
1665 2019 1724 2046 Non

934 2062 1044 2088 occides
1062 2061 1098 2088 “ﬁ
1120 2071 1129 2088 ι
1143 2062 1302 2097 Rursusque
1318 2071 1324 2090 ε
1341 2073 1351 2089 ‹
1371 2064 1511 2099 Acciugite
1535 2065 1724 2100 unusquisque

935 2108 1007 2135 latus
1026 2115 1106 2142 ense;
1122 2109 1187 2136 itote
1202 2117 1234 2136 ac
1257 2110 1401 2137 circumita
1429 2115 1584 2138 castrorum
1614 2117 1724 2146 portas;

933 2154 1060 2181 occidant
1079 2155 1177 2189 singuli
1192 2155 1303 2182 fratrem
1325 2163 1405 2183 stutm
1431 2162 1457 2184 et
1481 2160 1667 2185 necessarium
1694 2166 1728 2185 ac

933 2202 1087 2235 proximum
1103 2202 1124 2227 ³.
1148 2211 1158 2227 ι
1187 2201 1286 2234 Quidni
1313 2203 1398 2237 igitur
1426 2203 1498 2230 dicta
1528 2204 1587 2231 haec
1617 2209 1726 2232 mutuas

933 2247 1020 2274 credes
1037 2247 1094 2282 lege
1108 2248 1254 2275 sanciunt?
1280 2249 1332 2276 nisi
1358 2249 1423 2283 quia
1455 2250 1633 2285 intelligimus
1664 2259 1726 2285 par-

930 2294 1046 2321 cendum
1063 2301 1123 2322 esse
1141 2294 1273 2329 innoxio;
1291 2296 1388 2323 mortis
1407 2300 1497 2323 autem
1516 2305 1604 2329 reum,
1625 2301 1652 2324 ct
1677 2297 1724 2332 qui

930 2341 1034 2374 patrias
1049 2341 1121 2375 leges
1141 2341 1263 2374 violavit,
1292 2342 1469 2377 debitumque
1497 2343 1619 2370 Creatori
1641 2344 1724 2371 obse-

930 2385 1024 2420 quium
1046 2386 1079 2413 ad
1095 2385 1166 2413 idola
1184 2388 1334 2420 transtulit,
1349 2388 1433 2419 hunc.
1449 2388 1573 2423 inquam,
1586 2389 1644 2415 neci
1662 2397 1724 2416 esse

931 2430 1106 2460 tradendum.
1123 2431 1253 2460 Libenter
1267 2434 1366 2460 omitto
1377 2434 1459 2461 verba
1477 2443 1486 2459 ι
1502 2434 1675 2461 Adulterium
1689 2442 1724 2461 ne

930 2476 1036 2511 facito;
1058 2487 1068 2504 ι
1087 2483 1135 2506 ct:
1158 2489 1168 2506 ‹
1182 2479 1254 2515 Cape
1269 2480 1318 2507 tibi
1334 2480 1464 2508 feminam
1486 2481 1668 2514 meretricem,
1690 2489 1723 2510 ac

930 2523 1030 2552 liberos
1055 2525 1155 2553 nothos
1183 2534 1245 2554 crea
1259 2527 1284 2559 ³;
1314 2536 1323 2552 ι
1359 2527 1460 2554 habent
1493 2527 1565 2554 enim
1595 2527 1722 2559 altiorem

929 2571 1059 2604 praesenti
1074 2572 1225 2606 quastione
1239 2580 1350 2600 Sensum
1365 2581 1371 2599 :
1390 2572 1436 2599 sed
1450 2577 1541 2600 tamen
1554 2574 1598 2601 hic
1613 2582 1722 2609 quoque

928 2615 1135 2643 eircmnstantia
1151 2616 1225 2647 facit.
1243 2621 1273 2644 ut
1289 2624 1424 2652 apparens
1450 2626 1540 2653 pugna
1554 2627 1651 2654 reapse
1667 2627 1722 2646 non

929 2667 1042 2697 pugnet.
1061 2661 1137 2690 llaud
1150 2663 1214 2691 licet
1240 2662 1288 2690 Dei
1311 2664 1474 2699 prophetam
1497 2673 1592 2698 manu,
1618 2665 1723 2701 lingua,

121 2733 148 2751 "‘
164 2733 252 2761 Exod.
273 2741 320 2765 xx,
335 2732 380 2760 15.
418 2733 428 2748 ³
449 2731 536 2759 Exod.
557 2738 644 2762 χχχιι,
668 2729 715 2756 27.
751 2730 762 2745 ³
779 2729 848 2756 Osee
863 2737 883 2760 ι,
900 2729 928 2755 2.

841 2786 956 2815 NOTAE.

119 2845 159 2882 (8)
176 2845 283 2876 Videsis
305 2844 442 2875 Theodori
463 2844 648 2881 Mopsucsteni
671 2846 925 2881 interpretationem
941 2842 1024 2873 Oscae
1036 2844 1181 2881 praphetw.
