1881 3077
134 133 166 166 5,
714 120 848 152 PHOTII
860 121 944 152 PAT]

1028 121 1117 152 .CH.E
1135 122 1192 153 ΟΡ.
1739 122 1777 155 52

134 180 216 209 modo
230 180 363 216 quolibet,
377 179 485 207 violari.
511 179 561 208 Rei
578 183 663 208 testes
688 179 815 208 illusores
837 180 927 215 pueri,
942 204 944 210 ,

1028 188 1041 206 κ
1058 179 1163 212 ἔξεστιν
1183 180 1224 212 είς
1244 177 1313 207 Θεοῦ
1330 179 1476 216 προφήτην
1492 178 1627 215 ὑϐρίζειν,
1643 179 1675 206 ού
1689 180 1774 215 χειρὶ,

134 228 182 264 qui
200 235 262 256 cum
276 227 435 263 prophetam
452 226 520 254 risui
544 226 717 258 habuissent,
740 226 863 254 convicia
878 233 928 253 sua

135 281 283 310 corporum
301 273 445 308 suppliciis
463 273 575 300 luerunt
588 271 609 300 ‘.
635 272 789 307 Cmteroqui
806 276 832 298 et
843 272 928 299 alium

136 321 270 352 invenies.
288 319 334 355 qui
351 320 416 355 quia
432 319 570 354 prophetae
582 318 679 346 faciem
695 326 748 346 non
763 319 928 350 verberavit,

136 368 164 395 in
191 371 343 394 extremum
371 365 485 392 exitium
518 363 612 391 incidit
629 364 647 391 '.
679 363 814 399 Quodque
842 365 929 400 magis

136 413 323 441 diﬂicultatem
339 411 462 443 roborat.
477 414 505 437 et
534 409 596 437 ilios
617 409 664 444 qui
691 410 785 445 injurii
819 409 930 438 fuerant

137 461 193 488 fera
209 459 335 490 laniavit,
350 463 377 485 et
390 465 453 485 eum
470 456 597 485 similiter
609 457 656 491 qui
673 456 707 483 ab
722 464 755 483 eo
771 455 844 484 facto
865 457 931 484 imi-

136 507 222 533 tando
237 509 356 536 caverat,
373 504 424 530 alia
445 503 502 531 fera
523 503 634 531 invasit.
651 503 722 535 Quid
738 503 820 538 ergo?
839 510 932 531 nonne

138 553 196 580 hch
225 551 361 579 contraria
394 550 485 578 sunt?
515 549 627 577 Minime
658 550 791 585 gentium.
821 549 931 577 Etenim

138 595 262 630 quredam
292 594 403 629 proprio
429 593 532 629 judicio
561 594 749 628 instinctuque
782 599 930 630 suscepta,

138 646 253 674 prorsus
269 646 322 665 non
338 638 421 665 licent
439 647 445 665 :
464 646 558 665 verum
584 638 631 665 ubi
660 637 732 666 Deus
754 639 881 674 jusserit,
904 645 932 667 et

140 685 274 712 sententia
290 685 398 712 coalitus
416 685 469 712 lata
488 685 580 716 fuerit,
600 693 654 712 non
672 685 761 713 solum
774 686 857 713 verbo
877 695 930 713 non

140 731 200 758 licet
222 731 299 757 locus
313 731 384 758 ltaud
401 735 454 763 est,
477 738 572 758 verum
593 730 676 757 etiam
705 730 930 765 iuobsequentem

139 783 222 811 pinna
233 776 330 803 acerba
344 775 532 811 consequitur.
554 775 708 811 Utrumque
734 777 818 811 igitur
839 783 932 803 sacra-

141 830 202 849 rum
217 821 382 849 Litterarum
400 822 555 857 exemplum
579 826 756 858 apparentem
779 822 932 850 contrarie-

141 873 224 895 tatem
240 868 376 902 dispellit;
393 852 510 895 alterum
535 852 646 903 quid-clm
671 869 746 895 noxii
771 874 799 896 et
827 868 933 896 innoxii
949 852 970 881 Β

143 914 367 948 circumstantia;
385 914 502 942 alterunt
522 922 539 942 a
553 914 646 943 divino
658 915 768 943 decreto
789 920 817 943 et
844 915 934 943 homi-

141 960 185 988 nis
203 961 354 989 voluntate.

178 1048 205 1075 4.
223 1047 304 1075 Multa
324 1056 433 1083 quoque
448 1049 502 1076 alia
516 1056 578 1084 quae
595 1049 675 1078 aliter
698 1057 823 1085 pugnare
837 1050 935 1078 viden-

143 1097 198 1124 tur.
211 1093 356 1128 perpensis
374 1099 446 1121 recte
458 1094 685 1128 circumstantiis,
711 1095 745 1122 ad
769 1103 934 1123 consensum

142 1144 317 1167 revocantur.
334 1140 360 1167 ω
375 1148 441 1168 vero
465 1142 565 1169 accidit
581 1150 655 1170 nunc
676 1142 747 1175 loco,
769 1150 845 1170 nunc
865 1147 936 1169 tem-

143 1193 220 1221 pore,
235 1186 369 1214 interdum
385 1195 495 1222 quoque
522 1196 651 1223 persona.
676 1187 710 1216 Et
737 1193 800 1216 sttut
824 1189 935 1224 quidem

144 1231 171 1258 in
188 1236 309 1267 tempore
323 1232 483 1260 differentiae
495 1241 550 1260 non
565 1241 668 1268 paucae,
689 1234 776 1261 multo
791 1239 882 1262 autem
908 1235 936 1262 in

143 1285 262 1312 persona
280 1278 388 1313 plures;
406 1279 537 1307 dominus
550 1284 576 1306 et
603 1279 748 1311 subditus;
764 1279 819 1306 dux
839 1284 868 1307 et
885 1279 937 1307 du-

145 1328 220 1356 ctus;
235 1324 344 1352 initians
361 1329 387 1352 et
409 1324 553 1358 initiatus;
571 1325 723 1359 discipulus
748 1331 774 1352 et
790 1325 935 1360 magister;

145 1368 246 1395 noxius
260 1373 287 1395 et
303 1369 441 1396 innoxius.
459 1368 568 1397 Rursus
582 1370 740 1397 communis
756 1375 798 1397 est
813 1378 938 1405 persona;

145 1414 256 1445 divisio,
270 1414 425 1442 immutatio
436 1415 560 1450 ejusdem
576 1416 617 1443 vel
632 1416 796 1450 suppositio.
812 1415 939 1451 Namque

146 1460 198 1487 alia
213 1462 317 1495 species
333 1461 471 1496 consurgit
488 1465 593 1489 mutato
609 1469 697 1493 more,
719 1468 849 1489 manente
878 1470 940 1497 pcr-

146 1514 231 1539 sona;
250 1507 302 1534 alia
331 1515 427 1535 rursus
458 1515 521 1534 cum
547 1508 593 1535 uni
619 1508 659 1535 rei
680 1508 733 1535 alia
762 1509 938 1543 supponitur.

147 1551 249 1583 Veluti,
264 1560 366 1587 regem,
376 1551 442 1580 fecit
453 1552 524 1580 Deus
539 1553 660 1584 Saulem,
677 1557 705 1581 et
715 1553 835 1581 vicissim
849 1553 937 1581 eidem

147 1606 261 1634 regnum
284 1598 395 1626 ademit.
413 1609 422 1625 ι
441 1599 538 1626 Adhuc
552 1605 607 1626 tres
625 1599 684 1626 dies
707 1604 734 1627 et
753 1598 850 1627 Ninive
872 1599 939 1627 sub-

147 1643 304 1676 vertetur“;
333 1652 344 1669 ι
375 1647 516 1677 exspectat
541 1647 632 1670 autem
656 1643 722 1671 urbs
755 1644 939 1678 praestitutum

148 1692 256 1722 tempus
273 1688 357 1715 libera
371 1689 443 1715 ntalo
455 1693 482 1715 et
502 1688 615 1716 illibata.
638 1689 772 1716 Sexcenta
793 1690 847 1716 alia
863 1694 938 1722 sunt,

149 1741 211 1768 qua:
229 1741 276 1768 per
295 1741 402 1761 morum
436 1734 615 1762 mutationem
644 1743 791 1770 personam
817 1735 940 1763 subdivi—

149 1779 253 1813 dentia,
271 1781 370 1807 mentis
387 1781 533 1808 tumultum
558 1781 591 1808 ad
612 1782 731 1816 quietem
757 1785 866 1816 vocant.
880 1780 940 1808 Jam

150 1826 223 1860 quod
238 1825 327 1853 Aaron
348 1834 441 1860 pinnas
457 1834 510 1854 non
527 1827 632 1854 dederit
645 1826 754 1854 conﬂati
774 1827 863 1860 vituli,
887 1835 942 1862 qtto

150 1876 270 1906 tempore
284 1871 378 1899 amnes
395 1872 484 1899 eidetn
498 1872 607 1900 crimini
623 1872 731 1907 gladius
744 1872 940 1905 ulciscebatur,

150 1917 176 1944 id
192 1918 425 1953 ipsum,inqnam,
442 1919 504 1946 aliis
519 1919 758 1954 causisimputare
773 1919 846 1952 licet,
859 1924 943 1954 atque

150 1963 210 1998 ejus
237 1965 275 1992 rei
297 1966 505 2000 repugnantiam
528 1966 562 1992 ad
589 1966 743 2000 atquitatem
774 1966 940 2000 pertrahere.

151 2009 244 2044 Itaque
259 2019 438 2044 personarum
462 2011 607 2039 diversitas
631 2019 684 2038 non
714 2012 889 2039 mediocriter
910 2011 943 2038 ad

153 2055 340 2083 conciliandas
355 2056 541 2083 dissonantias
569 2056 656 2088 valet;
676 2056 900 2091 quandoquidem
918 2060 945 2083 et

153 2102 215 2127 alia:
229 2109 273 2128 res
285 2101 356 2128 circa
374 2109 520 2136 personam
536 2102 671 2136 praecipue
685 2106 767 2137 atque
788 2102 822 2129 ab
842 2110 872 2129 ea
885 2110 945 2129 mo-

154 2152 277 2174 mentum
301 2148 451 2182 accipiunt.
479 2148 511 2174 Et
537 2149 646 2182 quidem
676 2150 702 2175 itt
730 2149 817 2176 sacris
848 2148 964 2176 litteris

979 225 1009 252 οὐ
1027 225 1154 261 γλώσσῃ,
1176 226 1226 262 οὺχ
1247 225 1335 262 ἑτέρῳ
1353 225 1448 261 τρόπῳ
1464 224 1528 252 τινί’
1548 225 1596 252 καὶ
1610 225 1773 261 μαρτύριον,

980 273 1077 304 παῖδες
1095 272 1245 308 ὰθύροντες
1259 272 1308 300 καὶ⁸
1323 272 1468 308 προφήτην
1485 271 1644 307 ποιούμενοι
1656 271 1774 306 γέλωτα,

980 319 1042 345 ἀντὶ
1055 319 1231 354 σκωμμάτιον
1254 318 1390 354 σωμάτων
1404 317 1627 354 εἰσεπράχθησαν
1642 317 1754 352 ὕλεθρον
1766 325 1774 333 ο

979 364 1038 392 ἀλλ’
1058 365 1187 401 εὑρήσεις
1205 364 1276 397 τινὰ,
1293 365 1355 392 ἐπεὶ
1368 364 1406 400 μὴ
1424 364 1471 391 τοῦ
1488 364 1628 400 προφήτου
1649 364 1699 398 τὴν
1714 364 1775 398 δψιν

980 411 1127 444 ἐπάταξεν,
1151 411 1193 438 ὅτι
1217 411 1268 446 τὴν
1286 411 1405 447 ἐσχάτην
1424 410 1503 446 δίκην
1525 410 1653 438 ἀπέτισε·
1677 410 1726 436 καὶ
1744 409 1775 436 τὸ

981 457 1115 494 κρατύνον
1135 458 1236 493 μᾶλλον
1250 457 1281 486 τὸ
1295 457 1410 493 ἄπορον,
1425 457 1489 489 τούς
1502 465 1532 483 τε
1550 456 1619 492 προς
1635 456 1713 492 ὕϐριν
1729 456 1774 489 ἐξ-

982 503 1142 538 ενεχθέντας
1164 503 1259 539 θηρίον
1284 503 1432 539 ὲσπάραξε,
1457 503 1505 530 καὶ
1523 503 1568 529 τὸν
1590 501 1777 535 εὐλαϐηθέντα

981 548 1031 584 τὴν
1050 549 1178 585 μίμησιν,
1194 548 1289 584 θηρίον
1303 549 1367 576 ἄλλο
1383 549 1526 576 διέσπασε,
1543 548 1577 574 Τί
1593 547 1641 574 οὖν
1655 547 1714 582 ἄρα’
1725 546 1777 573 οὐκ

982 595 1091 622 ἐναντία
1107 594 1214 628 ταῦτας
1232 595 1270 621 οὐ
1287 595 1336 630 μὲν
1351 593 1399 622 οὖν
1413 594 1473 622 οὐδὲ
1485 593 1585 621 πολλοῦ
1600 594 1658 620 δεῖ”
1674 593 1723 620 οὐκ
1734 592 1778 625 ἑξ-

982 650 1041 668 εστι
1057 641 1105 676 μὲν
1118 641 1173 677 γὰρ
1184 641 1317 673 οὐδ’ὂλως
1332 640 1420 675 οἰκείᾳ
1431 641 1522 676 κρίσει
1533 640 1581 666 καὶ
1595 641 1666 675 ὁρμῇ
1682 640 1777 674 ἀνερε-

983 686 1145 720 θισόμενονο
1175 686 1286 712 ἐπειδὰν
1314 685 1343 711 δὲ
1367 685 1433 717 Θεὸς
1457 685 1557 720 κελεύῃ
1581 685 1628 711 καὶ
1654 686 1670 719 ἡ
1687 684 1778 719 ψῆφος

982 732 1086 760 ἄνωθεν
1098 732 1217 767 φέροιτο.
1233 731 1264 758 οὑ
1285 731 1364 766 μόνον
1378 731 1429 757 οὐκ
1443 730 1500 766 ἔχει
1514 729 1606 766 χώραν
1622 729 1651 756 τὸ
1665 730 1723 756 Οὐκ
1736 728 1781 761 ἐξ·

983 786 1067 809 εστιν,
1086 777 1154 804 ἀλλὰ
1178 777 1226 804 καὶ
1248 776 1298 812 τὴν
1313 775 1530 811 παρημεληκότα
1546 775 1652 811 πικρῶς
1677 775 1693 810 ή
1715 774 1778 809 δίκη

986 823 1161 858 μετέρχεται.
1183 822 1329 857 Ἑκάτερον
1353 819 1399 848 οὖν
1418 821 1473 847 τῶν
1500 820 1582 856 ἱερῶν
1604 819 1780 855 γραμμάτων

986 868 1164 903 παράδειγμα
1185 867 1234 903 τὴν
1256 866 1390 894 δοκοῦσαν
1407 866 1566 893 ἐναντίωσιν
1590 864 1779 896 ἀποσκευάζε-

985 921 1030 939 ται
1040 921 1046 928 ·
1060 913 1091 938 τὸ
1108 912 1158 947 μὲν
1173 912 1206 938 ὲκ
1218 911 1267 946 τῆς
1282 911 1328 938 τοῦ
1341 910 1489 938 ἀνευθύνου
1505 912 1553 937 καὶ
1569 908 1719 937 ὑπευθύνου
1734 909 1781 944 δη-

985 959 1071 986 λονότι
1086 957 1286 993 περιστάσεως,
1300 957 1330 984 τὸ
1343 957 1372 984 δὲ
1388 956 1464 991 παρὰ
1474 956 1524 992 τὴν
1538 956 1615 983 θείαν
1628 955 1718 991 ψῆφον
1732 955 1782 983 καὶ

985 1005 1015 1032 τὺ
1031 1004 1203 1039 ἀνθρώπινον
1215 1004 1342 1040 ὅρμημα.

1020 1049 1052 1077 δ’.
1070 1049 1161 1076 Πολλὰ
1183 1049 1212 1076 δὲ
1231 1049 1279 1076 καὶ
1299 1049 1368 1076 ἄλλα
1384 1048 1434 1084 τὴν
1451 1048 1481 1075 ἐν
1495 1047 1586 1079 ἄλλοις
1605 1047 1696 1083 μάχην
1713 1056 1782 1083 προ-

987 1095 1127 1130 φαίνοντα,
1153 1094 1209 1121 τῶν
1231 1094 1435 1130 περιστατικῶν
1459 1093 1548 1129 ὀρθῶς
1573 1092 1781 1129 διακριθέντων,

987 1141 1026 1172 είς
1038 1139 1199 1174 συμφωνίαν
1215 1139 1394 1174 μεθίσταται·
1409 1138 1474 1165 ἄλλο
1487 1138 1515 1165 δὲ
1529 1138 1635 1172 γίνεται
1651 1137 1716 1165 ποτὲ
1731 1137 1783 1173 μὲν

987 1185 1063 1221 παρὰ
1083 1185 1129 1212 τὸν
1150 1185 1243 1217 τόπον,
1258 1184 1323 1211 ἄλλο
1339 1193 1369 1211 τε
1383 1183 1459 1219 παρὰ
1473 1184 1518 1211 τὸν
1534 1183 1640 1218 χρόνον,
1655 1183 1740 1210 ἐνίοτε
1753 1183 1783 1209 δὲ

987 1232 1034 1258 καὶ
1055 1231 1132 1266 παρὰ
1149 1231 1180 1258 τὸ
1198 1230 1358 1266 πρόσωπον.
1372 1231 1450 1265 Ἐχει
1466 1230 1515 1264 μὲν
1531 1227 1578 1256 οὖν
1600 1230 1646 1256 καὶ
1659 1230 1672 1256 ό
1688 1229 1784 1264 χρόνος

987 1277 1119 1312 διαφορὰς
1136 1278 1186 1304 οὐκ
1202 1277 1307 1311 ὀλίγας,
1324 1276 1390 1304 πολὺ
1407 1276 1435 1303 δὲ
1447 1276 1477 1302 τὺ
1490 1276 1638 1312 πρόσωπον
1652 1276 1762 1308 πλείους
1774 1285 1781 1293 ·

988 1323 1107 1360 ἄρχοντα
1119 1324 1164 1351 καὶ
1175 1323 1328 1358 ἀρχόμενον
1337 1331 1345 1339 ο
1358 1323 1515 1357 εἰσάγοντα,
1529 1323 1707 1358 είσαγόμενον
1716 1330 1724 1338 ’
1737 1331 1784 1349 τε·

988 1371 1122 1404 λειοῦντα,
1145 1370 1349 1405 τελειυύμενον·
1373 1370 1508 1406 μαθητὴν,
1533 1369 1714 1397 διδάσκαλον·
1735 1369 1785 1396 καὶ

989 1418 1020 1445 ἰδ
1032 1417 1119 1445 αίτιον
1135 1417 1184 1444 καὶ
1193 1418 1224 1444 τὸ
1233 1417 1353 1444 ἀναίτιον
1363 1425 1370 1433 ι
1387 1416 1435 1444 καὶ
1450 1416 1527 1451 κοινὴ
1543 1415 1624 1443 πάλιν
1635 1415 1682 1442 τοῦ
1700 1423 1786 1450 προσ-

989 1463 1064 1490 ώπου
1093 1464 1175 1499 τομὴ,
1200 1463 1339 1498 μεταϐολὴ
1360 1463 1457 1490 τούτου
1476 1463 1523 1490 καὶ
1539 1462 1702 1496 ὑπαλλαγή”
1720 1461 1786 1488 ἄλλο

989 1509 1045 1544 γὰρ
1060 1506 1129 1540 εἶδος
1141 1508 1325 1541 ἀποτελεῖται,
1337 1508 1383 1536 τοῦ
1396 1509 1479 1544 ἤθους
1491 1509 1542 1544 μὲν
1557 1507 1787 1543 μεταπίπτοντος,

990 1554 1036 1581 τοῦ
1050 1554 1197 1589 προσώπου
1210 1555 1238 1581 δὲ
1250 1555 1424 1590 διαμένοντος
1433 1562 1441 1569 '
1455 1554 1504 1581 καὶ
1518 1554 1612 1588 ἕτερον
1624 1553 1706 1581 πάλιν
1720 1554 1786 1580 ὅταν

990 1599 1050 1626 ἀνθ’
1065 1600 1160 1634 ἑτέρου
1173 1600 1267 1636 ἕτερον
1284 1599 1471 1636 ὑποδάλληται
1481 1607 1489 1616 ο
1505 1596 1562 1626 οἷον
1577 1599 1753 1626 ἐϐασίλευσεν
1773 1600 1788 1626 ὁ

991 1644 1057 1676 Θεὸς
1078 1645 1123 1672 τὸν
1142 1645 1242 1677 Σαοὺλ,
1257 1646 1306 1672 καὶ
1323 1646 1406 1672 πάλιν
1420 1645 1531 1680 ἀφεῖλεν
1545 1645 1627 1672 αὑτὸν
1641 1645 1692 1680 τῆς
1708 1644 1788 1680 βασι-

991 1690 1065 1722 λείας
1078 1700 1086 1706 ·
1106 1700 1115 1716 ε
1130 1692 1191 1717 Ἔτι
1211 1693 1287 1727 τρεῖς
1307 1692 1345 1727 (9)
1367 1692 1481 1727 ἡμέραι,
1505 1692 1553 1718 καὶ
1577 1691 1681 1726 Νινευὴ
1704 1699 1790 1718 κατα-

992 1736 1191 1771 στραφήσεται,
1203 1746 1212 1763 ι
1231 1737 1279 1763 καὶ
1294 1738 1370 1772 μένει
1385 1737 1480 1773 χρόνον
1495 1738 1512 1772 ἡ
1526 1737 1603 1769 πόλις
1619 1737 1669 1772 τῆς
1685 1737 1789 1772 προθε-

993 1782 1076 1816 σμίας
1089 1782 1232 1817 ἐλεύθερος
1247 1783 1294 1809 τοῦ
1313 1783 1417 1814 πάθους
1430 1783 1578 1819 ἀπείρατος
1590 1791 1596 1798 ·
1616 1782 1663 1809 καὶ
1680 1783 1748 1810 ἄλλα
1759 1782 1789 1809 δὲ

994 1828 1079 1864 μυρία
1096 1829 1129 1864 τῇ
1146 1828 1282 1864 μεταῦολῇ
1300 1829 1354 1856 τῶν
1374 1829 1448 1864 ἠθῶν
1463 1830 1494 1856 τό
1511 1830 1657 1866 πρόσωπον
1675 1829 1790 1865 μεριζό-

994 1883 1073 1908 μενα,
1086 1874 1140 1901 τῶν
1156 1875 1295 1908 λογισμῶν
1307 1875 1357 1910 τὴν
1371 1875 1466 1902 στάσιν
1480 1875 1558 1902 καλεί
1570 1875 1638 1911 πρὸς
1654 1875 1789 1902 διάλυσιν.

993 1919 1031 1946 Τὸ
1042 1920 1071 1946 δὲ
1085 1920 1132 1946 τὸν
1151 1920 1259 1956 Ἀαρὼν
1277 1921 1313 1956 μὴ
1328 1920 1421 1947 δοῦναι
1437 1920 1516 1955 δίκην
1533 1920 1584 1956 τῆς
1600 1920 1790 1956 μοσχοποιίας,

993 1967 1036 1993 ὅτε
1059 1967 1089 1993 τὸ
1112 1966 1189 2001 ξίφος
1210 1966 1273 1998 τοὺς
1299 1966 1503 2001 μετεσχηκότας
1519 1966 1569 2001 τῆς
1591 1966 1678 2001 αὐτῆς
1699 1967 1791 1997 αἰτίας

994 2012 1112 2044 ἐδίκαζε,
1138 2012 1186 2038 καὶ
1207 2013 1247 2043 είς
1263 2011 1346 2043 ἄλλας
1363 2012 1412 2046 μὲν
1429 2011 1504 2038 ἐστιν
1522 2011 1671 2046 ἀναφέρειν
1686 2011 1791 2043 αἰτίας,

994 2057 1042 2083 καὶ
1053 2057 1082 2082 τὸ
1093 2056 1255 2082 ἀντιπῖπτον
1269 2056 1374 2082 ἐκεῖθεν
1389 2057 1517 2090 συνάγειν
1533 2057 1572 2087 είς
1588 2056 1618 2082 τὸ
1631 2055 1790 2088 ἀκόλουθον,

994 2101 1052 2129 ἀλλ’
1066 2099 1112 2128 οὗν
1125 2110 1157 2136 γε
1173 2102 1220 2128 καὶ
1235 2103 1251 2136 ὴ
1262 2102 1317 2128 τῶν
1332 2101 1488 2136 προσώπων
1502 2101 1628 2137 ἑτερότης
1644 2102 1675 2128 οὐ
1692 2101 1791 2137 μικρὸν

995 2148 1174 2175 διαλύσασθαι
1204 2148 1254 2183 τὴν
1271 2148 1442 2181 ἐναντίωσιν,
1460 2148 1529 2182 εἴγε
1545 2147 1663 2181 μάλιστα
1686 2147 1734 2174 καὶ
1756 2148 1791 2174 τά

154 2193 238 2220 multa
258 2198 285 2221 et
301 2193 430 2228 frequens
442 2200 483 2221 est
504 2194 539 2221 ob
562 2202 686 2228 personae,
710 2195 944 2222 circumstantiam

1028 2194 1066 2221 λλα
1085 2194 1149 2230 περὶ
1169 2194 1236 2221 αὑτό
1258 2203 1289 2220 τε
1304 2194 1352 2220 καὶ
1368 2194 1398 2226 ἐξ
1412 2194 1493 2220 αὐτοῦ
1507 2193 1640 2228 λαμΰάνει
1655 2191 1705 2227 τὴν
1723 2192 1791 2227 πρό-

154 2241 282 2268 varietas.
300 2240 447 2275 Complura
464 2241 609 2275 itcm,qu:e
629 2240 738 2276 dempta
760 2241 869 2268 inscitia
889 2248 946 2268 nta-

154 2286 246 2314 litiare
273 2287 399 2322 legentis,
415 2287 481 2314 nihil
507 2288 651 2315 dissonum
670 2287 782 2320 habent,
804 2288 945 2315 nihilomi-

154 2340 206 2360 nus
245 2340 295 2360 ceu
337 2333 412 2359 nullo
440 2332 541 2368 eﬂtigio
579 2333 790 2361 consonantiam
825 2333 947 2362 nancisci

154 2385 266 2414 queant,
284 2379 463 2414 objiciuntur.

190 2469 217 2497 5.
235 2469 273 2496 Ex
293 2458 451 2504 huiusmodi
468 2476 534 2503 ergo
549 2468 658 2496 inscitia
671 2468 713 2495 vel
731 2468 836 2495 malitia
855 2473 949 2495 manat

157 2517 220 2544 item
237 2517 353 2551 quaestio
371 2516 426 2548 illa,
446 2525 454 2541 ι
474 2514 513 2543 Nc
529 2515 653 2542 habeatis
675 2522 771 2541 zonam
789 2522 877 2549 neque
892 2515 948 2542 eal-

156 2567 393 2598 cuautentaneque
402 2570 510 2598 peram:
524 2571 533 2588 ι
544 2566 600 2588 ttttn
610 2561 703 2593 etiam,
716 2571 725 2586 ε
737 2560 814 2589 Nunc
825 2569 888 2588 vero
900 2561 946 2596 qui

157 2608 239 2636 habet
252 2616 421 2639 crumenam,
445 2612 535 2635 sumat
560 2607 661 2642 pariter
685 2611 713 2634 et
742 2614 834 2641 peram
855 2616 861 2634 :
879 2615 948 2641 quas

996 2241 1055 2268 οδον
1068 2249 1074 2256 ·
1092 2241 1161 2268 ἀλλὰ
1178 2240 1246 2267 πολὺ
1269 2240 1318 2276 μὲν
1333 2240 1382 2267 καὶ
1399 2238 1534 2274 πολλαχοῦ
1558 2239 1608 2273 τῆς
1624 2237 1699 2269 θείας
1723 2238 1794 2273 Γρα-

998 2289 1052 2323 φῆς
1068 2287 1098 2315 τὺ
1116 2287 1239 2314 ποικίλον
1259 2286 1309 2321 τῆς
1330 2287 1359 2313 ὲν
1374 2285 1414 2321 τῷ
1433 2283 1572 2320 προσώπῳ
1587 2284 1792 2319 περιστάσεως·

998 2332 1046 2360 καὶ
1058 2332 1144 2359 πολλὰ
1156 2332 1232 2367 παρὰ
1242 2331 1290 2367 τὴν
1304 2331 1416 2366 ἄγνοιαν
1437 2330 1454 2366 ἢ
1477 2329 1646 2364 κακουργίαν
1661 2328 1709 2355 τοῦ
1726 2329 1796 2354 θεω-

1000 2380 1123 2415 ρήματος
1139 2379 1190 2405 οὐκ
1203 2379 1299 2414 ἔχοντα
1317 2377 1419 2413 μάχην,
1435 2377 1473 2408 ὡς
1489 2376 1551 2411 μηδ’
1562 2374 1738 2410 ἀποστροφὴν
1749 2374 1794 2401 εὑ-

1001 2427 1056 2461 ρεῖν
1071 2425 1240 2460 δεδυνημένα
1255 2423 1427 2459 συμφωνίας,
1444 2423 1627 2457 προτείνεται.

1036 2475 1067 2499 ε’,
1097 2471 1146 2498 Ἐκ
1167 2470 1221 2497 τῶν
1246 2469 1376 2497 τοιούτων
1402 2466 1548 2503 τοιγαροῦν
1571 2466 1755 2502 ἀγνοημάτων
1776 2465 1793 2501 ἢ

1000 2517 1240 2552 κακουργημάτων
1250 2516 1298 2542 καὶ
1306 2515 1336 2542 τὸ
1347 2524 1356 2541 (
1367 2515 1413 2550 Μὴ
1427 2514 1503 2549 ἔχετε
1515 2513 1604 2548 ζώνην
1612 2513 1680 2548 μήτε
1695 2511 1795 2546 ὑποδή-

1001 2572 1075 2598 ματα
1083 2563 1151 2598 μήτε
1160 2563 1262 2598 πήραν,
1274 2572 1283 2586 ‹
1296 2563 1341 2588 καὶ
1351 2561 1381 2587 τὸ
1390 2570 1398 2586 ι
1409 2560 1488 2586 Ἀλλὰ
1494 2559 1541 2586 νῦν
1548 2560 1562 2585 ὁ
1575 2560 1644 2594 ἔχων
1653 2558 1795 2593 βαλάντιον

999 2610 1092 2644 ἀράτω
1100 2608 1200 2644 ὁμοίως
1212 2609 1258 2635 καὶ
1271 2608 1379 2642 πήραν·
1393 2615 1404 2633 ›
1414 2606 1461 2633 καὶ
1474 2615 1483 2631 ι
1495 2606 1523 2632 Ὁ
1539 2604 1577 2641 μὴ
1590 2604 1659 2640 ἔχων
1674 2604 1795 2639 πωλήσει

191 2666 202 2682 δ
217 2665 252 2693 iV
270 2665 336 2701 Reg.
356 2673 386 2698 ιι,
403 2665 448 2692 2i.
487 2666 497 2681 ⁵
513 2664 544 2692 lll
574 2665 640 2700 licg.
664 2673 709 2697 xx,
732 2665 777 2692 55.
817 2665 827 2680 ⁸
846 2663 923 2692 Jonre
945 2673 984 2696 ut.
1003 2666 1031 2693 4.

913 2723 1029 2750 NOTAE.

192 2771 230 2806 (9)
252 2771 333 2806 Τρεῖς
352 2779 401 2805 pro
414 2771 620 2806 τεσσαράκοντα
650 2770 734 2797 habes
762 2770 843 2806 etiam
877 2770 948 2804 apud

158 2804 331 2834 Tlteodortnu
353 2804 575 2841 Mopsuestenttm
601 2814 703 2833 cotntu.
731 2806 758 2832 in
783 2804 893 2841 Jonam,
921 2810 949 2832 et

160 2843 232 2877 apud
261 2839 512 2878 pseudo—Cyrillum
535 2849 640 2870 comm.
672 2849 748 2877 teque
777 2841 803 2869 in
824 2839 946 2875 Jonam;

1003 2770 1222 2797 conciliationem
1237 2767 1383 2803 quamdam
1397 2766 1496 2802 lcgesis
1507 2764 1578 2800 apud
1599 2763 1794 2799 Augustinum,

1003 2805 1041 2833 De
1053 2806 1102 2833 civ.
1117 2805 1150 2832 Ι).
1171 2811 1248 2837 xvttt,
1259 2803 1306 2830 44.
