  <div class='ocr_page' id='page_1' title='image "/cluster/home/n/w/nwhite01/storage/ocr_20150623/101/njp.32101077772877/048.png"; bbox 0 0 1881 3077; ppageno 0'>
   <div class='ocr_carea' id='block_1_1' title="bbox 103 125 896 172">
    <p class='ocr_par' dir='ltr' id='par_1_1' title="bbox 103 132 895 172">
     <span class='ocr_line' id='line_1_1' title="bbox 103 132 895 172; baseline -0.013 0"><span class='ocrx_word' id='word_1_1' title='bbox 103 141 140 172; x_wconf 59' lang='grc' dir='ltr'><strong>ΞΒ</strong></span> <span class='ocrx_word' id='word_1_2' title='bbox 635 135 684 165; x_wconf 83' lang='lat' dir='ltr'><strong>AD</strong></span> <span class='ocrx_word' id='word_1_3' title='bbox 702 132 895 164; x_wconf 83' lang='lat' dir='ltr'><strong>AMPHILOC</strong></span> 
     </span>
    </p>
   </div>
   <div class='ocr_carea' id='block_1_2' title="bbox 985 125 1734 172">
    <p class='ocr_par' dir='ltr' id='par_1_2' title="bbox 985 125 1734 166">
     <span class='ocr_line' id='line_1_2' title="bbox 985 125 1734 166; baseline -0.004 -6"><span class='ocrx_word' id='word_1_4' title='bbox 985 131 999 160; x_wconf 75' lang='grc'><strong>1</strong></span> <span class='ocrx_word' id='word_1_5' title='bbox 1018 128 1190 166; x_wconf 74' lang='grc' dir='ltr'><strong>ΩΗᾸΞΞἹῚΟ</strong></span> <span class='ocrx_word' id='word_1_6' title='bbox 1205 129 1231 159; x_wconf 88' lang='grc' dir='ltr'><strong>Ι.</strong></span> <span class='ocrx_word' id='word_1_7' title='bbox 1700 125 1734 157; x_wconf 71' lang='grc'><strong>54</strong></span> 
     </span>
    </p>
   </div>
   <div class='ocr_carea' id='block_1_3' title="bbox 102 182 896 231">
    <p class='ocr_par' dir='ltr' id='par_1_3' title="bbox 102 189 893 231">
     <span class='ocr_line' id='line_1_3' title="bbox 102 189 893 231; baseline -0.013 -7"><span class='ocrx_word' id='word_1_8' title='bbox 102 199 139 224; x_wconf 67' lang='grc' dir='ltr'>τὰ</span> <span class='ocrx_word' id='word_1_9' title='bbox 150 196 245 231; x_wconf 67' lang='grc' dir='ltr'>ἱμάτια</span> <span class='ocrx_word' id='word_1_10' title='bbox 254 193 336 222; x_wconf 84' lang='grc' dir='ltr'>αὑτοῦ</span> <span class='ocrx_word' id='word_1_11' title='bbox 351 192 398 220; x_wconf 68' lang='grc' dir='ltr'>καὶ</span> <span class='ocrx_word' id='word_1_12' title='bbox 406 191 535 227; x_wconf 78' lang='grc' dir='ltr'>ἀγοράσει</span> <span class='ocrx_word' id='word_1_13' title='bbox 548 190 697 226; x_wconf 78' lang='grc' dir='ltr'>μάχαιραν,</span> <span class='ocrx_word' id='word_1_14' title='bbox 706 199 714 215; x_wconf 83' lang='grc' dir='ltr'><strong>ι</strong></span> <span class='ocrx_word' id='word_1_15' title='bbox 730 190 767 221; x_wconf 82' lang='grc' dir='ltr'><strong>ὡς</strong></span> <span class='ocrx_word' id='word_1_16' title='bbox 783 189 893 216; x_wconf 76' lang='grc' dir='ltr'><strong>ἐναντία</strong></span> 
     </span>
    </p>
   </div>
   <div class='ocr_carea' id='block_1_4' title="bbox 985 182 1734 231">
    <p class='ocr_par' dir='ltr' id='par_1_4' title="bbox 985 182 1734 222">
     <span class='ocr_line' id='line_1_4' title="bbox 985 182 1734 222; baseline -0.008 -8"><span class='ocrx_word' id='word_1_17' title='bbox 985 195 1042 222; x_wconf 63' lang='lat' dir='ltr'><strong>quis</strong></span> <span class='ocrx_word' id='word_1_18' title='bbox 1053 194 1108 214; x_wconf 92' lang='lat' dir='ltr'><strong>non</strong></span> <span class='ocrx_word' id='word_1_19' title='bbox 1125 185 1218 218; x_wconf 84' lang='lat' dir='ltr'><strong>habet,</strong></span> <span class='ocrx_word' id='word_1_20' title='bbox 1237 184 1397 213; x_wconf 80' lang='lat' dir='ltr'><strong>vestimenta</strong></span> <span class='ocrx_word' id='word_1_21' title='bbox 1410 191 1460 212; x_wconf 85' lang='lat' dir='ltr'><strong>sua</strong></span> <span class='ocrx_word' id='word_1_22' title='bbox 1480 182 1580 212; x_wconf 99' lang='lat' dir='ltr'><strong>vendet</strong></span> <span class='ocrx_word' id='word_1_23' title='bbox 1600 182 1734 218; x_wconf 79' lang='lat' dir='ltr'><strong>gladium-</strong></span> 
     </span>
    </p>
   </div>
   <div class='ocr_carea' id='block_1_5' title="bbox 102 234 893 276">
    <p class='ocr_par' dir='ltr' id='par_1_5' title="bbox 102 234 893 276">
     <span class='ocr_line' id='line_1_5' title="bbox 102 234 893 276; baseline -0.01 -9"><span class='ocrx_word' id='word_1_24' title='bbox 102 239 305 276; x_wconf 73' lang='grc' dir='ltr'>προὸάλλονται</span> <span class='ocrx_word' id='word_1_25' title='bbox 317 238 365 264; x_wconf 76' lang='grc' dir='ltr'>καὶ</span> <span class='ocrx_word' id='word_1_26' title='bbox 381 237 532 272; x_wconf 83' lang='grc' dir='ltr'><strong>μαχόμενα.</strong></span> <span class='ocrx_word' id='word_1_27' title='bbox 551 235 621 270; x_wconf 82' lang='grc' dir='ltr'><strong>Ἐγὼ</strong></span> <span class='ocrx_word' id='word_1_28' title='bbox 631 236 658 262; x_wconf 78' lang='grc' dir='ltr'>δὲ</span> <span class='ocrx_word' id='word_1_29' title='bbox 668 235 744 261; x_wconf 76' lang='grc' dir='ltr'>οὔπω</span> <span class='ocrx_word' id='word_1_30' title='bbox 759 236 807 270; x_wconf 81' lang='grc' dir='ltr'>μὲν</span> <span class='ocrx_word' id='word_1_31' title='bbox 822 234 893 266; x_wconf 84' lang='grc' dir='ltr'>λέγω</span> 
     </span>
    </p>
   </div>
   <div class='ocr_carea' id='block_1_6' title="bbox 103 279 894 318">
    <p class='ocr_par' dir='ltr' id='par_1_6' title="bbox 103 279 894 318">
     <span class='ocr_line' id='line_1_6' title="bbox 103 279 894 318; baseline -0.011 -5"><span class='ocrx_word' id='word_1_32' title='bbox 103 288 141 314; x_wconf 69' lang='grc' dir='ltr'>τὰ</span> <span class='ocrx_word' id='word_1_33' title='bbox 158 286 236 318; x_wconf 76' lang='grc' dir='ltr'>ἄλλα,</span> <span class='ocrx_word' id='word_1_34' title='bbox 254 284 311 310; x_wconf 79' lang='grc' dir='ltr'>ἀλλ’</span> <span class='ocrx_word' id='word_1_35' title='bbox 324 284 422 313; x_wconf 72' lang='grc' dir='ltr'>ἐκεῖνο.</span> <span class='ocrx_word' id='word_1_36' title='bbox 439 283 498 314; x_wconf 86' lang='grc' dir='ltr'><strong>πῶς</strong></span> <span class='ocrx_word' id='word_1_37' title='bbox 513 284 530 318; x_wconf 85' lang='grc' dir='ltr'><strong>ἡ</strong></span> <span class='ocrx_word' id='word_1_38' title='bbox 550 282 605 308; x_wconf 80' lang='grc' dir='ltr'><strong>τῶν</strong></span> <span class='ocrx_word' id='word_1_39' title='bbox 623 281 712 316; x_wconf 87' lang='grc' dir='ltr'>ῥητῶν</span> <span class='ocrx_word' id='word_1_40' title='bbox 731 280 830 314; x_wconf 72' lang='grc' dir='ltr'>ἐφεξῆς</span> <span class='ocrx_word' id='word_1_41' title='bbox 846 279 894 305; x_wconf 83' lang='grc' dir='ltr'>καὶ</span> 
     </span>
    </p>
   </div>
   <div class='ocr_carea' id='block_1_7' title="bbox 104 323 893 362">
    <p class='ocr_par' dir='ltr' id='par_1_7' title="bbox 104 323 893 362">
     <span class='ocr_line' id='line_1_7' title="bbox 104 323 893 362; baseline -0.008 -7"><span class='ocrx_word' id='word_1_42' title='bbox 104 329 178 356; x_wconf 81' lang='grc' dir='ltr'>κατά</span> <span class='ocrx_word' id='word_1_43' title='bbox 201 328 341 362; x_wconf 80' lang='grc' dir='ltr'><strong>συνέχειαν</strong></span> <span class='ocrx_word' id='word_1_44' title='bbox 361 326 486 357; x_wconf 83' lang='grc' dir='ltr'>σύνθεσις</span> <span class='ocrx_word' id='word_1_45' title='bbox 509 326 559 352; x_wconf 82' lang='grc' dir='ltr'>οὐκ</span> <span class='ocrx_word' id='word_1_46' title='bbox 582 324 715 351; x_wconf 76' lang='grc' dir='ltr'><strong>ἐδυσώπει</strong></span> <span class='ocrx_word' id='word_1_47' title='bbox 731 325 826 359; x_wconf 75' lang='grc' dir='ltr'>φυγεῖν</span> <span class='ocrx_word' id='word_1_48' title='bbox 844 323 893 357; x_wconf 85' lang='grc' dir='ltr'>τὴν</span> 
     </span>
    </p>
   </div>
   <div class='ocr_carea' id='block_1_8' title="bbox 104 365 894 407">
    <p class='ocr_par' dir='ltr' id='par_1_8' title="bbox 104 365 894 407">
     <span class='ocr_line' id='line_1_8' title="bbox 104 365 894 407; baseline -0.011 -7"><span class='ocrx_word' id='word_1_49' title='bbox 104 374 157 407; x_wconf 80' lang='grc' dir='ltr'>τῆς</span> <span class='ocrx_word' id='word_1_50' title='bbox 176 372 265 406; x_wconf 74' lang='grc' dir='ltr'>μάχης</span> <span class='ocrx_word' id='word_1_51' title='bbox 281 370 425 405; x_wconf 75' lang='grc' dir='ltr'>ὑπόληψιν,</span> <span class='ocrx_word' id='word_1_52' title='bbox 444 369 626 404; x_wconf 79' lang='grc' dir='ltr'><strong>παραπέμπει</strong></span> <span class='ocrx_word' id='word_1_53' title='bbox 644 368 674 394; x_wconf 83' lang='grc' dir='ltr'>δὲ</span> <span class='ocrx_word' id='word_1_54' title='bbox 691 367 790 402; x_wconf 78' lang='grc' dir='ltr'>μᾶλλον</span> <span class='ocrx_word' id='word_1_55' title='bbox 807 365 894 392; x_wconf 74' lang='grc' dir='ltr'>ἐλθεῖν</span> 
     </span>
    </p>
   </div>
   <div class='ocr_carea' id='block_1_9' title="bbox 105 410 894 450">
    <p class='ocr_par' dir='ltr' id='par_1_9' title="bbox 105 410 894 450">
     <span class='ocr_line' id='line_1_9' title="bbox 105 410 894 450; baseline -0.009 -8"><span class='ocrx_word' id='word_1_56' title='bbox 105 417 153 443; x_wconf 78' lang='grc' dir='ltr'><strong>ἐπὶ</strong></span> <span class='ocrx_word' id='word_1_57' title='bbox 165 416 280 450; x_wconf 77' lang='grc' dir='ltr'>ζήτησιν</span> <span class='ocrx_word' id='word_1_58' title='bbox 299 414 384 440; x_wconf 77' lang='grc' dir='ltr'>καὶτὸ</span> <span class='ocrx_word' id='word_1_59' title='bbox 397 413 477 448; x_wconf 72' lang='grc' dir='ltr'>βάθος</span> <span class='ocrx_word' id='word_1_60' title='bbox 490 412 641 447; x_wconf 81' lang='grc' dir='ltr'>ἀνιχνεύειν</span> <span class='ocrx_word' id='word_1_61' title='bbox 654 411 701 438; x_wconf 88' lang='grc' dir='ltr'><strong>τοῦ</strong></span> <span class='ocrx_word' id='word_1_62' title='bbox 717 410 894 445; x_wconf 80' lang='grc' dir='ltr'>προστάγμα-</span> 
     </span>
    </p>
   </div>
   <div class='ocr_carea' id='block_1_10' title="bbox 101 455 893 495">
    <p class='ocr_par' dir='ltr' id='par_1_10' title="bbox 101 455 893 495">
     <span class='ocr_line' id='line_1_10' title="bbox 101 455 893 495; baseline -0.009 -8"><span class='ocrx_word' id='word_1_63' title='bbox 101 469 170 494; x_wconf 83' lang='grc' dir='ltr'>τος;</span> <span class='ocrx_word' id='word_1_64' title='bbox 191 461 268 495; x_wconf 70' lang='grc' dir='ltr'><strong>Ἅμα</strong></span> <span class='ocrx_word' id='word_1_65' title='bbox 285 460 340 495; x_wconf 77' lang='grc' dir='ltr'><strong>γὰρ</strong></span> <span class='ocrx_word' id='word_1_66' title='bbox 360 459 406 486; x_wconf 65' lang='grc' dir='ltr'>καὶ</span> <span class='ocrx_word' id='word_1_67' title='bbox 420 460 449 485; x_wconf 83' lang='grc' dir='ltr'>ἐν</span> <span class='ocrx_word' id='word_1_68' title='bbox 462 458 501 493; x_wconf 84' lang='grc' dir='ltr'>τῷ</span> <span class='ocrx_word' id='word_1_69' title='bbox 516 457 615 491; x_wconf 87' lang='grc' dir='ltr'>ἀκαρεῖ</span> <span class='ocrx_word' id='word_1_70' title='bbox 628 457 696 491; x_wconf 86' lang='grc' dir='ltr'>μήτε</span> <span class='ocrx_word' id='word_1_71' title='bbox 708 455 793 491; x_wconf 80' lang='grc' dir='ltr'><strong>λήθης</strong></span> <span class='ocrx_word' id='word_1_72' title='bbox 809 456 893 489; x_wconf 71' lang='grc' dir='ltr'>ἐμπι-</span> 
     </span>
    </p>
   </div>
   <div class='ocr_carea' id='block_1_11' title="bbox 103 500 894 541">
    <p class='ocr_par' dir='ltr' id='par_1_11' title="bbox 103 500 894 541">
     <span class='ocr_line' id='line_1_11' title="bbox 103 500 894 541; baseline -0.009 -8"><span class='ocrx_word' id='word_1_73' title='bbox 103 507 240 541; x_wconf 76' lang='grc' dir='ltr'>πτούσης,</span> <span class='ocrx_word' id='word_1_74' title='bbox 268 506 336 540; x_wconf 77' lang='grc' dir='ltr'>μήτε</span> <span class='ocrx_word' id='word_1_75' title='bbox 361 503 474 539; x_wconf 83' lang='grc' dir='ltr'>γνώμης</span> <span class='ocrx_word' id='word_1_76' title='bbox 499 503 681 538; x_wconf 74' lang='grc' dir='ltr'><strong>ἀστατούσης,</strong></span> <span class='ocrx_word' id='word_1_77' title='bbox 707 502 736 528; x_wconf 83' lang='grc' dir='ltr'>οὐ</span> <span class='ocrx_word' id='word_1_78' title='bbox 759 501 813 536; x_wconf 85' lang='grc' dir='ltr'>μὴν</span> <span class='ocrx_word' id='word_1_79' title='bbox 833 500 894 527; x_wconf 79' lang='grc' dir='ltr'>οὐδὲ</span> 
     </span>
    </p>
   </div>
   <div class='ocr_carea' id='block_1_12' title="bbox 103 546 895 587">
    <p class='ocr_par' dir='ltr' id='par_1_12' title="bbox 103 546 895 587">
     <span class='ocr_line' id='line_1_12' title="bbox 103 546 895 587; baseline -0.009 -9"><span class='ocrx_word' id='word_1_80' title='bbox 103 553 168 587; x_wconf 70' lang='grc' dir='ltr'>βίας</span> <span class='ocrx_word' id='word_1_81' title='bbox 186 551 343 586; x_wconf 78' lang='grc' dir='ltr'>ίσχυούσης,</span> <span class='ocrx_word' id='word_1_82' title='bbox 361 550 417 577; x_wconf 83' lang='grc' dir='ltr'>ἀλλ’</span> <span class='ocrx_word' id='word_1_83' title='bbox 427 549 481 575; x_wconf 81' lang='grc' dir='ltr'>οὐδ’</span> <span class='ocrx_word' id='word_1_84' title='bbox 495 550 579 584; x_wconf 82' lang='grc' dir='ltr'><strong>ἀκοῆς</strong></span> <span class='ocrx_word' id='word_1_85' title='bbox 593 548 623 574; x_wconf 76' lang='grc' dir='ltr'>τὸ</span> <span class='ocrx_word' id='word_1_86' title='bbox 637 548 764 582; x_wconf 74' lang='grc' dir='ltr'>διάφορον</span> <span class='ocrx_word' id='word_1_87' title='bbox 776 546 895 573; x_wconf 77' lang='grc' dir='ltr'>ὑποϐαλ-</span> 
     </span>
    </p>
   </div>
   <div class='ocr_carea' id='block_1_13' title="bbox 103 590 895 633">
    <p class='ocr_par' dir='ltr' id='par_1_13' title="bbox 103 590 895 633">
     <span class='ocr_line' id='line_1_13' title="bbox 103 590 895 633; baseline -0.011 -8"><span class='ocrx_word' id='word_1_88' title='bbox 103 599 234 633; x_wconf 70' lang='grc' dir='ltr'>λομένης,</span> <span class='ocrx_word' id='word_1_89' title='bbox 254 596 312 628; x_wconf 84' lang='grc' dir='ltr'><strong>πῶς</strong></span> <span class='ocrx_word' id='word_1_90' title='bbox 335 596 396 629; x_wconf 79' lang='grc' dir='ltr'><strong>ὲνῆν</strong></span> <span class='ocrx_word' id='word_1_91' title='bbox 411 595 457 621; x_wconf 78' lang='grc' dir='ltr'><strong>τὸν</strong></span> <span class='ocrx_word' id='word_1_92' title='bbox 472 594 552 621; x_wconf 76' lang='grc' dir='ltr'>αὐτὸν</span> <span class='ocrx_word' id='word_1_93' title='bbox 565 593 695 620; x_wconf 86' lang='grc' dir='ltr'>τάναντία</span> <span class='ocrx_word' id='word_1_94' title='bbox 716 590 895 626; x_wconf 74' lang='grc' dir='ltr'>ἐπισημαινό-</span> 
     </span>
    </p>
   </div>
   <div class='ocr_carea' id='block_1_14' title="bbox 105 637 894 680">
    <p class='ocr_par' dir='ltr' id='par_1_14' title="bbox 105 637 894 680">
     <span class='ocr_line' id='line_1_14' title="bbox 105 637 894 680; baseline -0.011 -9"><span class='ocrx_word' id='word_1_95' title='bbox 105 654 189 680; x_wconf 79' lang='grc' dir='ltr'>μενον</span> <span class='ocrx_word' id='word_1_96' title='bbox 204 643 362 678; x_wconf 81' lang='grc' dir='ltr'>νομοθετεῖν</span> <span class='ocrx_word' id='word_1_97' title='bbox 378 641 514 676; x_wconf 82' lang='grc' dir='ltr'>αίρεῖσθαι</span> <span class='ocrx_word' id='word_1_98' title='bbox 525 639 544 666; x_wconf 73' lang='grc' dir='ltr'><strong>ἃ.</strong></span> <span class='ocrx_word' id='word_1_99' title='bbox 557 640 603 666; x_wconf 77' lang='grc' dir='ltr'>καὶ</span> <span class='ocrx_word' id='word_1_100' title='bbox 618 639 729 674; x_wconf 83' lang='grc' dir='ltr'><strong>φεύγειν</strong></span> <span class='ocrx_word' id='word_1_101' title='bbox 742 637 894 672; x_wconf 84' lang='grc' dir='ltr'>προσέτατ-</span> 
     </span>
    </p>
   </div>
   <div class='ocr_carea' id='block_1_15' title="bbox 104 682 894 722">
    <p class='ocr_par' dir='ltr' id='par_1_15' title="bbox 104 682 894 722">
     <span class='ocr_line' id='line_1_15' title="bbox 104 682 894 722; baseline -0.014 -4"><span class='ocrx_word' id='word_1_102' title='bbox 104 699 169 722; x_wconf 63' lang='lat' dir='ltr'><strong>cev;</strong></span> <span class='ocrx_word' id='word_1_103' title='bbox 197 688 270 716; x_wconf 83' lang='grc' dir='ltr'>Ἀλλ’</span> <span class='ocrx_word' id='word_1_104' title='bbox 284 686 455 721; x_wconf 78' lang='grc' dir='ltr'>εὐγνώμονος</span> <span class='ocrx_word' id='word_1_105' title='bbox 479 686 529 719; x_wconf 81' lang='grc' dir='ltr'>μὲν</span> <span class='ocrx_word' id='word_1_106' title='bbox 546 685 610 714; x_wconf 79' lang='grc' dir='ltr'>ἴσως</span> <span class='ocrx_word' id='word_1_107' title='bbox 631 684 663 710; x_wconf 86' lang='grc' dir='ltr'>ἂν</span> <span class='ocrx_word' id='word_1_108' title='bbox 677 683 720 718; x_wconf 74' lang='grc' dir='ltr'>εἴη</span> <span class='ocrx_word' id='word_1_109' title='bbox 742 682 834 709; x_wconf 80' lang='grc' dir='ltr'>λαϐεῖν</span> <span class='ocrx_word' id='word_1_110' title='bbox 850 682 894 707; x_wconf 85' lang='grc' dir='ltr'><strong>ὲν-</strong></span> 
     </span>
    </p>
   </div>
   <div class='ocr_carea' id='block_1_16' title="bbox 104 727 895 767">
    <p class='ocr_par' dir='ltr' id='par_1_16' title="bbox 104 727 895 767">
     <span class='ocr_line' id='line_1_16' title="bbox 104 727 895 767; baseline -0.013 -5"><span class='ocrx_word' id='word_1_111' title='bbox 104 735 202 762; x_wconf 83' lang='grc' dir='ltr'>τεῦθεν</span> <span class='ocrx_word' id='word_1_112' title='bbox 223 733 274 767; x_wconf 81' lang='grc' dir='ltr'>τῆς</span> <span class='ocrx_word' id='word_1_113' title='bbox 293 731 409 767; x_wconf 77' lang='grc' dir='ltr'>θεωρίας</span> <span class='ocrx_word' id='word_1_114' title='bbox 429 729 557 757; x_wconf 77' lang='grc' dir='ltr'>ὑπόθεσιν</span> <span class='ocrx_word' id='word_1_115' title='bbox 568 736 575 744; x_wconf 92' lang='grc'><strong>·</strong></span> <span class='ocrx_word' id='word_1_116' title='bbox 588 728 619 754; x_wconf 77' lang='grc' dir='ltr'>τὸ</span> <span class='ocrx_word' id='word_1_117' title='bbox 635 727 664 754; x_wconf 78' lang='grc' dir='ltr'>δὲ</span> <span class='ocrx_word' id='word_1_118' title='bbox 680 728 727 754; x_wconf 74' lang='grc' dir='ltr'>καὶ</span> <span class='ocrx_word' id='word_1_119' title='bbox 746 727 837 762; x_wconf 84' lang='grc' dir='ltr'>ῥητῶς</span> <span class='ocrx_word' id='word_1_120' title='bbox 849 727 895 753; x_wconf 83' lang='grc' dir='ltr'>τὸν</span> 
     </span>
    </p>
   </div>
   <div class='ocr_carea' id='block_1_17' title="bbox 105 773 894 816">
    <p class='ocr_par' dir='ltr' id='par_1_17' title="bbox 105 773 894 816">
     <span class='ocr_line' id='line_1_17' title="bbox 105 773 894 816; baseline -0.011 -10"><span class='ocrx_word' id='word_1_121' title='bbox 105 780 202 816; x_wconf 76' lang='grc' dir='ltr'>χρόνον</span> <span class='ocrx_word' id='word_1_122' title='bbox 213 778 338 813; x_wconf 71' lang='grc' dir='ltr'>ἀμείΕειν</span> <span class='ocrx_word' id='word_1_123' title='bbox 350 777 398 803; x_wconf 76' lang='grc' dir='ltr'>καὶ</span> <span class='ocrx_word' id='word_1_124' title='bbox 407 777 463 807; x_wconf 79' lang='grc' dir='ltr'>τοῖς</span> <span class='ocrx_word' id='word_1_125' title='bbox 478 773 681 811; x_wconf 79' lang='grc' dir='ltr'>ῥᾳδιουργοῦσιν</span> <span class='ocrx_word' id='word_1_126' title='bbox 693 773 894 807; x_wconf 82' lang='grc' dir='ltr'>ἀντιστήσεται·</span> 
     </span>
    </p>
   </div>
   <div class='ocr_carea' id='block_1_18' title="bbox 104 816 895 860">
    <p class='ocr_par' dir='ltr' id='par_1_18' title="bbox 104 816 895 860">
     <span class='ocr_line' id='line_1_18' title="bbox 104 816 895 860; baseline -0.014 -7"><span class='ocrx_word' id='word_1_127' title='bbox 104 827 149 853; x_wconf 83' lang='grc' dir='ltr'>ὃτι</span> <span class='ocrx_word' id='word_1_128' title='bbox 164 825 217 860; x_wconf 81' lang='grc' dir='ltr'><strong>γάρ</strong></span> <span class='ocrx_word' id='word_1_129' title='bbox 235 832 330 858; x_wconf 81' lang='grc' dir='ltr'>φησιν,</span> <span class='ocrx_word' id='word_1_130' title='bbox 351 832 360 848; x_wconf 75' lang='grc' dir='ltr'><strong>ι</strong></span> <span class='ocrx_word' id='word_1_131' title='bbox 371 820 532 848; x_wconf 79' lang='grc' dir='ltr'>Ἀπέστειλα</span> <span class='ocrx_word' id='word_1_132' title='bbox 554 819 626 854; x_wconf 78' lang='grc' dir='ltr'>ὑμᾶς</span> <span class='ocrx_word' id='word_1_133' title='bbox 638 826 646 833; x_wconf 93' lang='grc'><strong>·</strong></span> <span class='ocrx_word' id='word_1_134' title='bbox 665 832 701 838; x_wconf 92' lang='lat'><strong><em>-—</em></strong></span> <span class='ocrx_word' id='word_1_135' title='bbox 714 818 771 844; x_wconf 85' lang='grc' dir='ltr'><strong>Νῦν</strong></span> <span class='ocrx_word' id='word_1_136' title='bbox 784 817 811 843; x_wconf 85' lang='grc' dir='ltr'>δὲ</span> <span class='ocrx_word' id='word_1_137' title='bbox 823 816 895 851; x_wconf 88' lang='grc' dir='ltr'>λέγω</span> 
     </span>
    </p>
   </div>
   <div class='ocr_carea' id='block_1_19' title="bbox 944 228 1737 267">
    <p class='ocr_par' dir='ltr' id='par_1_19' title="bbox 944 228 1737 267">
     <span class='ocr_line' id='line_1_19' title="bbox 944 228 1737 267; baseline -0.006 -8"><span class='ocrx_word' id='word_1_138' title='bbox 944 240 996 267; x_wconf 89' lang='lat' dir='ltr'><strong>que</strong></span> <span class='ocrx_word' id='word_1_139' title='bbox 1010 238 1092 260; x_wconf 89' lang='lat' dir='ltr'><strong>emet.</strong></span> <span class='ocrx_word' id='word_1_140' title='bbox 1118 241 1128 258; x_wconf 82' lang='grc'><strong>›</strong></span> <span class='ocrx_word' id='word_1_141' title='bbox 1145 231 1202 266; x_wconf 79' lang='lat' dir='ltr'><strong>Ego</strong></span> <span class='ocrx_word' id='word_1_142' title='bbox 1215 238 1290 264; x_wconf 86' lang='lat' dir='ltr'><strong>vero,</strong></span> <span class='ocrx_word' id='word_1_143' title='bbox 1309 231 1370 258; x_wconf 87' lang='lat' dir='ltr'><strong>aliis</strong></span> <span class='ocrx_word' id='word_1_144' title='bbox 1385 231 1492 258; x_wconf 87' lang='lat' dir='ltr'><strong>interim</strong></span> <span class='ocrx_word' id='word_1_145' title='bbox 1526 230 1649 261; x_wconf 81' lang='lat' dir='ltr'><strong>omissis,</strong></span> <span class='ocrx_word' id='word_1_146' title='bbox 1671 228 1737 256; x_wconf 90' lang='lat' dir='ltr'><strong>illud</strong></span> 
     </span>
    </p>
   </div>
   <div class='ocr_carea' id='block_1_20' title="bbox 944 273 1735 313">
    <p class='ocr_par' dir='ltr' id='par_1_20' title="bbox 944 273 1735 313">
     <span class='ocr_line' id='line_1_20' title="bbox 944 273 1735 313; baseline -0.006 -9"><span class='ocrx_word' id='word_1_147' title='bbox 944 285 1021 313; x_wconf 76' lang='lat' dir='ltr'><strong>rogo,</strong></span> <span class='ocrx_word' id='word_1_148' title='bbox 1040 285 1089 304; x_wconf 90' lang='lat' dir='ltr'><strong>cur</strong></span> <span class='ocrx_word' id='word_1_149' title='bbox 1104 285 1156 304; x_wconf 92' lang='lat' dir='ltr'><strong>non</strong></span> <span class='ocrx_word' id='word_1_150' title='bbox 1173 284 1205 304; x_wconf 88' lang='lat' dir='ltr'><strong>ea</strong></span> <span class='ocrx_word' id='word_1_151' title='bbox 1223 284 1284 311; x_wconf 71' lang='lat' dir='ltr'><strong>quae</strong></span> <span class='ocrx_word' id='word_1_152' title='bbox 1309 275 1346 303; x_wconf 87' lang='lat' dir='ltr'><strong>ibi</strong></span> <span class='ocrx_word' id='word_1_153' title='bbox 1373 279 1573 310; x_wconf 72' lang='lat' dir='ltr'><strong>consequenter</strong></span> <span class='ocrx_word' id='word_1_154' title='bbox 1597 273 1735 304; x_wconf 86' lang='lat' dir='ltr'><strong>dicuntur,</strong></span> 
     </span>
    </p>
   </div>
   <div class='ocr_carea' id='block_1_21' title="bbox 944 318 1737 357">
    <p class='ocr_par' dir='ltr' id='par_1_21' title="bbox 944 318 1737 357">
     <span class='ocr_line' id='line_1_21' title="bbox 944 318 1737 357; baseline -0.006 -8"><span class='ocrx_word' id='word_1_155' title='bbox 944 327 1146 357; x_wconf 86' lang='lat' dir='ltr'><strong>contextusque</strong></span> <span class='ocrx_word' id='word_1_156' title='bbox 1167 325 1315 352; x_wconf 83' lang='lat' dir='ltr'><strong>structura,</strong></span> <span class='ocrx_word' id='word_1_157' title='bbox 1340 320 1495 348; x_wconf 68' lang='lat' dir='ltr'><strong>suffecerint</strong></span> <span class='ocrx_word' id='word_1_158' title='bbox 1529 320 1562 347; x_wconf 89' lang='lat' dir='ltr'><strong>ad</strong></span> <span class='ocrx_word' id='word_1_159' title='bbox 1590 318 1737 346; x_wconf 61' lang='lat' dir='ltr'><strong>excluden-</strong></span> 
     </span>
    </p>
   </div>
   <div class='ocr_carea' id='block_1_22' title="bbox 943 366 1733 402">
    <p class='ocr_par' dir='ltr' id='par_1_22' title="bbox 943 366 1733 402">
     <span class='ocr_line' id='line_1_22' title="bbox 943 366 1733 402; baseline -0.006 -7"><span class='ocrx_word' id='word_1_160' title='bbox 943 368 1005 395; x_wconf 93' lang='lat' dir='ltr'><strong>dam</strong></span> <span class='ocrx_word' id='word_1_161' title='bbox 1021 375 1131 395; x_wconf 89' lang='lat' dir='ltr'><strong>omnem</strong></span> <span class='ocrx_word' id='word_1_162' title='bbox 1143 367 1329 402; x_wconf 51' lang='lat' dir='ltr'><strong>repugnantia)</strong></span> <span class='ocrx_word' id='word_1_163' title='bbox 1343 366 1516 401; x_wconf 85' lang='lat' dir='ltr'><strong>opinionem;</strong></span> <span class='ocrx_word' id='word_1_164' title='bbox 1533 366 1588 392; x_wconf 93' lang='lat' dir='ltr'><strong>imo</strong></span> <span class='ocrx_word' id='word_1_165' title='bbox 1604 371 1668 391; x_wconf 89' lang='lat' dir='ltr'><strong>vero</strong></span> <span class='ocrx_word' id='word_1_166' title='bbox 1679 371 1733 390; x_wconf 92' lang='lat' dir='ltr'><strong>non</strong></span> 
     </span>
    </p>
   </div>
   <div class='ocr_carea' id='block_1_23' title="bbox 945 409 1733 448">
    <p class='ocr_par' dir='ltr' id='par_1_23' title="bbox 945 409 1733 448">
     <span class='ocr_line' id='line_1_23' title="bbox 945 409 1733 448; baseline -0.006 -8"><span class='ocrx_word' id='word_1_167' title='bbox 945 413 1105 448; x_wconf 85' lang='lat' dir='ltr'><strong>impulerint</strong></span> <span class='ocrx_word' id='word_1_168' title='bbox 1117 412 1151 439; x_wconf 90' lang='lat' dir='ltr'><strong>ad</strong></span> <span class='ocrx_word' id='word_1_169' title='bbox 1169 412 1365 447; x_wconf 77' lang='lat' dir='ltr'><strong>exquirendum</strong></span> <span class='ocrx_word' id='word_1_170' title='bbox 1384 411 1522 446; x_wconf 82' lang='lat' dir='ltr'><strong>altiusque</strong></span> <span class='ocrx_word' id='word_1_171' title='bbox 1546 409 1733 445; x_wconf 73' lang='lat' dir='ltr'><strong>vestigantium</strong></span> 
     </span>
    </p>
   </div>
   <div class='ocr_carea' id='block_1_24' title="bbox 944 457 1732 497">
    <p class='ocr_par' dir='ltr' id='par_1_24' title="bbox 944 457 1732 497">
     <span class='ocr_line' id='line_1_24' title="bbox 944 457 1732 497; baseline -0.008 -8"><span class='ocrx_word' id='word_1_172' title='bbox 944 461 1071 497; x_wconf 69' lang='lat' dir='ltr'><strong>praecepti</strong></span> <span class='ocrx_word' id='word_1_173' title='bbox 1087 468 1199 488; x_wconf 84' lang='lat' dir='ltr'><strong>sensum</strong></span> <span class='ocrx_word' id='word_1_174' title='bbox 1215 460 1367 487; x_wconf 80' lang='lat' dir='ltr'><strong>arcanum?</strong></span> <span class='ocrx_word' id='word_1_175' title='bbox 1392 458 1472 486; x_wconf 85' lang='lat' dir='ltr'><strong>Nullo</strong></span> <span class='ocrx_word' id='word_1_176' title='bbox 1492 458 1565 485; x_wconf 90' lang='lat' dir='ltr'><strong>enim</strong></span> <span class='ocrx_word' id='word_1_177' title='bbox 1590 457 1732 492; x_wconf 80' lang='lat' dir='ltr'><strong>interiecto</strong></span> 
     </span>
    </p>
   </div>
   <div class='ocr_carea' id='block_1_25' title="bbox 944 503 1733 541">
    <p class='ocr_par' dir='ltr' id='par_1_25' title="bbox 944 503 1733 541">
     <span class='ocr_line' id='line_1_25' title="bbox 944 503 1733 541; baseline -0.009 -7"><span class='ocrx_word' id='word_1_178' title='bbox 944 506 1075 541; x_wconf 87' lang='lat' dir='ltr'><strong>temporis</strong></span> <span class='ocrx_word' id='word_1_179' title='bbox 1091 506 1189 540; x_wconf 88' lang='lat' dir='ltr'><strong>spatio,</strong></span> <span class='ocrx_word' id='word_1_180' title='bbox 1204 512 1292 539; x_wconf 89' lang='lat' dir='ltr'><strong>neque</strong></span> <span class='ocrx_word' id='word_1_181' title='bbox 1308 504 1473 538; x_wconf 89' lang='lat' dir='ltr'><strong>subrepente</strong></span> <span class='ocrx_word' id='word_1_182' title='bbox 1486 503 1633 534; x_wconf 84' lang='lat' dir='ltr'><strong>oblivione,</strong></span> <span class='ocrx_word' id='word_1_183' title='bbox 1648 509 1733 536; x_wconf 87' lang='lat' dir='ltr'><strong>neque</strong></span> 
     </span>
    </p>
   </div>
   <div class='ocr_carea' id='block_1_26' title="bbox 945 549 1735 584">
    <p class='ocr_par' dir='ltr' id='par_1_26' title="bbox 945 549 1735 584">
     <span class='ocr_line' id='line_1_26' title="bbox 945 549 1735 584; baseline -0.008 -5"><span class='ocrx_word' id='word_1_184' title='bbox 945 553 1043 580; x_wconf 92' lang='lat' dir='ltr'><strong>mentis</strong></span> <span class='ocrx_word' id='word_1_185' title='bbox 1059 551 1253 583; x_wconf 82' lang='lat' dir='ltr'><strong>inconstantia,</strong></span> <span class='ocrx_word' id='word_1_186' title='bbox 1271 558 1358 584; x_wconf 86' lang='lat' dir='ltr'><strong>neque</strong></span> <span class='ocrx_word' id='word_1_187' title='bbox 1375 550 1399 576; x_wconf 91' lang='lat' dir='ltr'><strong>vi</strong></span> <span class='ocrx_word' id='word_1_188' title='bbox 1413 549 1504 584; x_wconf 85' lang='lat' dir='ltr'><strong>aliqua</strong></span> <span class='ocrx_word' id='word_1_189' title='bbox 1518 549 1673 583; x_wconf 81' lang='lat' dir='ltr'><strong>ingruente,</strong></span> <span class='ocrx_word' id='word_1_190' title='bbox 1687 555 1735 574; x_wconf 91' lang='lat' dir='ltr'><strong>ne-</strong></span> 
     </span>
    </p>
   </div>
   <div class='ocr_carea' id='block_1_27' title="bbox 944 592 1734 633">
    <p class='ocr_par' dir='ltr' id='par_1_27' title="bbox 944 592 1734 633">
     <span class='ocr_line' id='line_1_27' title="bbox 944 592 1734 633; baseline -0.008 -9"><span class='ocrx_word' id='word_1_191' title='bbox 944 605 998 633; x_wconf 92' lang='lat' dir='ltr'><strong>que</strong></span> <span class='ocrx_word' id='word_1_192' title='bbox 1011 604 1122 624; x_wconf 93' lang='lat' dir='ltr'><strong>rumore</strong></span> <span class='ocrx_word' id='word_1_193' title='bbox 1131 595 1255 630; x_wconf 90' lang='lat' dir='ltr'><strong>quolibet</strong></span> <span class='ocrx_word' id='word_1_194' title='bbox 1267 603 1324 622; x_wconf 89' lang='lat' dir='ltr'><strong>rem</strong></span> <span class='ocrx_word' id='word_1_195' title='bbox 1343 594 1479 622; x_wconf 84' lang='lat' dir='ltr'><strong>diversam</strong></span> <span class='ocrx_word' id='word_1_196' title='bbox 1497 593 1670 628; x_wconf 88' lang='lat' dir='ltr'><strong>subjicieute,</strong></span> <span class='ocrx_word' id='word_1_197' title='bbox 1687 592 1734 626; x_wconf 88' lang='lat' dir='ltr'><strong>qui</strong></span> 
     </span>
    </p>
   </div>
   <div class='ocr_carea' id='block_1_28' title="bbox 945 638 1734 676">
    <p class='ocr_par' dir='ltr' id='par_1_28' title="bbox 945 638 1734 676">
     <span class='ocr_line' id='line_1_28' title="bbox 945 638 1734 676; baseline -0.006 -8"><span class='ocrx_word' id='word_1_198' title='bbox 945 641 1003 668; x_wconf 85' lang='lat' dir='ltr'><strong>ﬁeri</strong></span> <span class='ocrx_word' id='word_1_199' title='bbox 1019 645 1123 676; x_wconf 78' lang='lat' dir='ltr'><strong>poterat</strong></span> <span class='ocrx_word' id='word_1_200' title='bbox 1147 645 1178 668; x_wconf 94' lang='lat' dir='ltr'><strong>ut</strong></span> <span class='ocrx_word' id='word_1_201' title='bbox 1197 641 1267 668; x_wconf 91' lang='lat' dir='ltr'><strong>idem</strong></span> <span class='ocrx_word' id='word_1_202' title='bbox 1288 640 1426 667; x_wconf 88' lang='lat' dir='ltr'><strong>contraria</strong></span> <span class='ocrx_word' id='word_1_203' title='bbox 1453 639 1617 673; x_wconf 83' lang='lat' dir='ltr'><strong>approbans,</strong></span> <span class='ocrx_word' id='word_1_204' title='bbox 1639 638 1734 665; x_wconf 82' lang='lat' dir='ltr'><strong>eadem</strong></span> 
     </span>
    </p>
   </div>
   <div class='ocr_carea' id='block_1_29' title="bbox 945 683 1733 720">
    <p class='ocr_par' dir='ltr' id='par_1_29' title="bbox 945 683 1733 720">
     <span class='ocr_line' id='line_1_29' title="bbox 945 683 1733 720; baseline -0.005 -7"><span class='ocrx_word' id='word_1_205' title='bbox 945 685 1034 713; x_wconf 82' lang='lat' dir='ltr'><strong>facere</strong></span> <span class='ocrx_word' id='word_1_206' title='bbox 1044 686 1161 720; x_wconf 77' lang='lat' dir='ltr'><strong>iuberet,</strong></span> <span class='ocrx_word' id='word_1_207' title='bbox 1179 693 1240 720; x_wconf 57' lang='lat' dir='ltr'><strong>quas</strong></span> <span class='ocrx_word' id='word_1_208' title='bbox 1268 692 1363 712; x_wconf 91' lang='lat' dir='ltr'><strong>cavere</strong></span> <span class='ocrx_word' id='word_1_209' title='bbox 1387 684 1583 719; x_wconf 78' lang='lat' dir='ltr'><strong>imperaverat?</strong></span> <span class='ocrx_word' id='word_1_210' title='bbox 1605 684 1661 710; x_wconf 79' lang='lat' dir='ltr'><strong>lino</strong></span> <span class='ocrx_word' id='word_1_211' title='bbox 1682 683 1733 709; x_wconf 89' lang='lat' dir='ltr'><strong>ho-</strong></span> 
     </span>
    </p>
   </div>
   <div class='ocr_carea' id='block_1_30' title="bbox 946 728 1733 765">
    <p class='ocr_par' dir='ltr' id='par_1_30' title="bbox 946 728 1733 765">
     <span class='ocr_line' id='line_1_30' title="bbox 946 728 1733 765; baseline -0.005 -7"><span class='ocrx_word' id='word_1_212' title='bbox 946 731 1029 758; x_wconf 90' lang='lat' dir='ltr'><strong>minis</strong></span> <span class='ocrx_word' id='word_1_213' title='bbox 1043 731 1186 765; x_wconf 82' lang='lat' dir='ltr'><strong>prudentis</strong></span> <span class='ocrx_word' id='word_1_214' title='bbox 1203 730 1255 757; x_wconf 90' lang='lat' dir='ltr'><strong>erit</strong></span> <span class='ocrx_word' id='word_1_215' title='bbox 1281 730 1347 757; x_wconf 89' lang='lat' dir='ltr'><strong>hinc</strong></span> <span class='ocrx_word' id='word_1_216' title='bbox 1368 738 1477 757; x_wconf 87' lang='lat' dir='ltr'><strong>sumere</strong></span> <span class='ocrx_word' id='word_1_217' title='bbox 1498 729 1665 764; x_wconf 74' lang='lat' dir='ltr'><strong>explicanda:</strong></span> <span class='ocrx_word' id='word_1_218' title='bbox 1696 728 1733 755; x_wconf 90' lang='lat' dir='ltr'><strong>rei</strong></span> 
     </span>
    </p>
   </div>
   <div class='ocr_carea' id='block_1_31' title="bbox 946 774 1733 811">
    <p class='ocr_par' dir='ltr' id='par_1_31' title="bbox 946 774 1733 811">
     <span class='ocr_line' id='line_1_31' title="bbox 946 774 1733 811; baseline -0.005 -8"><span class='ocrx_word' id='word_1_219' title='bbox 946 781 1147 811; x_wconf 77' lang='lat' dir='ltr'><strong>argumentum.</strong></span> <span class='ocrx_word' id='word_1_220' title='bbox 1171 775 1239 803; x_wconf 78' lang='lat' dir='ltr'><strong>Illud</strong></span> <span class='ocrx_word' id='word_1_221' title='bbox 1257 776 1339 802; x_wconf 88' lang='lat' dir='ltr'><strong>etiam</strong></span> <span class='ocrx_word' id='word_1_222' title='bbox 1362 775 1606 802; x_wconf 88' lang='lat' dir='ltr'><strong>contradicentium</strong></span> <span class='ocrx_word' id='word_1_223' title='bbox 1629 774 1733 801; x_wconf 79' lang='lat' dir='ltr'><strong>levitati</strong></span> 
     </span>
    </p>
   </div>
   <div class='ocr_carea' id='block_1_32' title="bbox 946 819 1734 857">
    <p class='ocr_par' dir='ltr' id='par_1_32' title="bbox 946 819 1734 857">
     <span class='ocr_line' id='line_1_32' title="bbox 946 819 1734 857; baseline -0.005 -8"><span class='ocrx_word' id='word_1_224' title='bbox 946 823 1115 854; x_wconf 85' lang='lat' dir='ltr'><strong>adversatur,</strong></span> <span class='ocrx_word' id='word_1_225' title='bbox 1131 822 1203 857; x_wconf 91' lang='lat' dir='ltr'><strong>quod</strong></span> <span class='ocrx_word' id='word_1_226' title='bbox 1220 822 1328 849; x_wconf 86' lang='lat' dir='ltr'><strong>diversa</strong></span> <span class='ocrx_word' id='word_1_227' title='bbox 1346 825 1466 854; x_wconf 84' lang='lat' dir='ltr'><strong>tempora</strong></span> <span class='ocrx_word' id='word_1_228' title='bbox 1483 821 1584 848; x_wconf 86' lang='lat' dir='ltr'><strong>diserte</strong></span> <span class='ocrx_word' id='word_1_229' title='bbox 1605 819 1734 847; x_wconf 80' lang='lat' dir='ltr'><strong>Set-valor</strong></span> 
     </span>
    </p>
   </div>
   <div class='ocr_carea' id='block_1_33' title="bbox 106 863 896 905">
    <p class='ocr_par' dir='ltr' id='par_1_33' title="bbox 106 863 896 905">
     <span class='ocr_line' id='line_1_33' title="bbox 106 863 896 905; baseline -0.011 -8"><span class='ocrx_word' id='word_1_230' title='bbox 106 872 190 905; x_wconf 88' lang='grc' dir='ltr'>ὑμῖν·</span> <span class='ocrx_word' id='word_1_231' title='bbox 207 879 217 895; x_wconf 76' lang='grc' dir='ltr'><strong>ι</strong></span> <span class='ocrx_word' id='word_1_232' title='bbox 232 869 305 904; x_wconf 81' lang='grc' dir='ltr'>ἄλλῳ</span> <span class='ocrx_word' id='word_1_233' title='bbox 319 868 349 895; x_wconf 81' lang='grc' dir='ltr'>δὲ</span> <span class='ocrx_word' id='word_1_234' title='bbox 366 868 411 894; x_wconf 84' lang='grc' dir='ltr'>καὶ</span> <span class='ocrx_word' id='word_1_235' title='bbox 426 866 497 901; x_wconf 76' lang='grc' dir='ltr'>ἄλλῳ</span> <span class='ocrx_word' id='word_1_236' title='bbox 517 865 605 900; x_wconf 84' lang='grc' dir='ltr'>καιρῷ</span> <span class='ocrx_word' id='word_1_237' title='bbox 620 864 715 899; x_wconf 78' lang='grc' dir='ltr'>ἑτέραν</span> <span class='ocrx_word' id='word_1_238' title='bbox 738 863 784 890; x_wconf 78' lang='grc' dir='ltr'>καὶ</span> <span class='ocrx_word' id='word_1_239' title='bbox 800 863 896 897; x_wconf 79' lang='grc' dir='ltr'>ἑτέραν</span> 
     </span>
    </p>
   </div>
   <div class='ocr_carea' id='block_1_34' title="bbox 985 863 1734 905">
    <p class='ocr_par' dir='ltr' id='par_1_34' title="bbox 985 864 1734 902">
     <span class='ocr_line' id='line_1_34' title="bbox 985 864 1734 902; baseline -0.004 -7"><span class='ocrx_word' id='word_1_240' title='bbox 985 868 1054 901; x_wconf 77' lang='lat' dir='ltr'><strong>iuit;</strong></span> <span class='ocrx_word' id='word_1_241' title='bbox 1080 875 1142 895; x_wconf 92' lang='lat' dir='ltr'><strong>cum</strong></span> <span class='ocrx_word' id='word_1_242' title='bbox 1170 867 1254 899; x_wconf 89' lang='lat' dir='ltr'><strong>enim,</strong></span> <span class='ocrx_word' id='word_1_243' title='bbox 1284 867 1389 902; x_wconf 90' lang='lat' dir='ltr'><strong>inquit,</strong></span> <span class='ocrx_word' id='word_1_244' title='bbox 1409 875 1418 892; x_wconf 77' lang='grc' dir='ltr'><strong>ι</strong></span> <span class='ocrx_word' id='word_1_245' title='bbox 1437 866 1497 894; x_wconf 84' lang='lat' dir='ltr'><strong>Misi</strong></span> <span class='ocrx_word' id='word_1_246' title='bbox 1522 874 1587 898; x_wconf 88' lang='lat' dir='ltr'><strong>vos;</strong></span> <span class='ocrx_word' id='word_1_247' title='bbox 1603 881 1637 891; x_wconf 82' lang='grc'><strong>--</strong></span> <span class='ocrx_word' id='word_1_248' title='bbox 1656 864 1734 892; x_wconf 85' lang='lat' dir='ltr'><strong>Nune</strong></span> 
     </span>
    </p>
   </div>
   <div class='ocr_carea' id='block_1_35' title="bbox 105 908 895 951">
    <p class='ocr_par' dir='ltr' id='par_1_35' title="bbox 105 908 895 951">
     <span class='ocr_line' id='line_1_35' title="bbox 105 908 895 951; baseline -0.014 -7"><span class='ocrx_word' id='word_1_249' title='bbox 105 915 270 951; x_wconf 71' lang='grc' dir='ltr'>ἐναρμόζειν</span> <span class='ocrx_word' id='word_1_250' title='bbox 281 913 402 948; x_wconf 63' lang='grc' dir='ltr'>ἐντολὴν,</span> <span class='ocrx_word' id='word_1_251' title='bbox 418 913 448 939; x_wconf 88' lang='grc' dir='ltr'>οὺ</span> <span class='ocrx_word' id='word_1_252' title='bbox 466 911 546 946; x_wconf 76' lang='grc' dir='ltr'>μόνον</span> <span class='ocrx_word' id='word_1_253' title='bbox 562 909 638 936; x_wconf 75' lang='grc' dir='ltr'>οὐδὲν</span> <span class='ocrx_word' id='word_1_254' title='bbox 649 909 758 941; x_wconf 75' lang='grc' dir='ltr'>ἄτοπον,</span> <span class='ocrx_word' id='word_1_255' title='bbox 772 908 829 935; x_wconf 85' lang='grc' dir='ltr'>ἀλλ’</span> <span class='ocrx_word' id='word_1_256' title='bbox 839 909 895 934; x_wconf 79' lang='grc' dir='ltr'>ἐσθ’</span> 
     </span>
    </p>
   </div>
   <div class='ocr_carea' id='block_1_36' title="bbox 105 954 895 996">
    <p class='ocr_par' dir='ltr' id='par_1_36' title="bbox 105 954 895 996">
     <span class='ocr_line' id='line_1_36' title="bbox 105 954 895 996; baseline -0.013 -7"><span class='ocrx_word' id='word_1_257' title='bbox 105 964 153 989; x_wconf 76' lang='grc' dir='ltr'>ὅτε</span> <span class='ocrx_word' id='word_1_258' title='bbox 166 961 265 996; x_wconf 76' lang='grc' dir='ltr'>μᾶλλον</span> <span class='ocrx_word' id='word_1_259' title='bbox 279 959 451 994; x_wconf 71' lang='grc' dir='ltr'>οἰκειότερον,</span> <span class='ocrx_word' id='word_1_260' title='bbox 470 957 486 992; x_wconf 80' lang='grc' dir='ltr'>ἦ</span> <span class='ocrx_word' id='word_1_261' title='bbox 499 956 526 983; x_wconf 81' lang='grc' dir='ltr'><strong>εί</strong></span> <span class='ocrx_word' id='word_1_262' title='bbox 538 965 580 987; x_wconf 84' lang='grc' dir='ltr'><strong>τις</strong></span> <span class='ocrx_word' id='word_1_263' title='bbox 594 955 629 982; x_wconf 76' lang='grc' dir='ltr'><strong>τὰ</strong></span> <span class='ocrx_word' id='word_1_264' title='bbox 642 955 710 981; x_wconf 78' lang='grc' dir='ltr'>αὐτὰ</span> <span class='ocrx_word' id='word_1_265' title='bbox 722 954 895 989; x_wconf 83' lang='grc' dir='ltr'>προστάττει,</span> 
     </span>
    </p>
   </div>
   <div class='ocr_carea' id='block_1_37' title="bbox 105 1000 896 1041">
    <p class='ocr_par' dir='ltr' id='par_1_37' title="bbox 105 1000 896 1041">
     <span class='ocr_line' id='line_1_37' title="bbox 105 1000 896 1041; baseline -0.011 -6"><span class='ocrx_word' id='word_1_266' title='bbox 105 1008 156 1034; x_wconf 83' lang='grc' dir='ltr'><strong>τοῦ</strong></span> <span class='ocrx_word' id='word_1_267' title='bbox 168 1007 238 1034; x_wconf 84' lang='grc' dir='ltr'>κατὰ</span> <span class='ocrx_word' id='word_1_268' title='bbox 251 1006 297 1033; x_wconf 80' lang='grc' dir='ltr'>τὸν</span> <span class='ocrx_word' id='word_1_269' title='bbox 312 1005 407 1041; x_wconf 85' lang='grc' dir='ltr'>καιρὸν</span> <span class='ocrx_word' id='word_1_270' title='bbox 421 1003 549 1038; x_wconf 85' lang='grc' dir='ltr'>διαφόρου</span> <span class='ocrx_word' id='word_1_271' title='bbox 562 1001 592 1035; x_wconf 73' lang='grc' dir='ltr'><strong>ἐξ</strong></span> <span class='ocrx_word' id='word_1_272' title='bbox 611 1000 733 1036; x_wconf 80' lang='grc' dir='ltr'>ἁνάγχης</span> <span class='ocrx_word' id='word_1_273' title='bbox 751 1000 896 1036; x_wconf 83' lang='grc' dir='ltr'>ζητοῦντος</span> 
     </span>
    </p>
   </div>
   <div class='ocr_carea' id='block_1_38' title="bbox 104 1054 233 1088">
    <p class='ocr_par' dir='ltr' id='par_1_38' title="bbox 104 1054 233 1088">
     <span class='ocr_line' id='line_1_38' title="bbox 104 1054 233 1088; baseline 0 -9"><span class='ocrx_word' id='word_1_274' title='bbox 104 1054 233 1088; x_wconf 74' lang='grc' dir='ltr'>διάφορα.</span> 
     </span>
    </p>
   </div>
   <div class='ocr_carea' id='block_1_39' title="bbox 143 1135 896 1174">
    <p class='ocr_par' dir='ltr' id='par_1_39' title="bbox 143 1135 896 1174">
     <span class='ocr_line' id='line_1_39' title="bbox 143 1135 896 1174; baseline -0.007 -7"><span class='ocrx_word' id='word_1_275' title='bbox 143 1140 180 1174; x_wconf 85' lang='grc' dir='ltr'><strong>ς’.</strong></span> <span class='ocrx_word' id='word_1_276' title='bbox 203 1140 285 1166; x_wconf 83' lang='grc' dir='ltr'><strong>Ἀλλά</strong></span> <span class='ocrx_word' id='word_1_277' title='bbox 301 1139 356 1174; x_wconf 82' lang='grc' dir='ltr'><strong>γὰρ</strong></span> <span class='ocrx_word' id='word_1_278' title='bbox 372 1138 444 1165; x_wconf 84' lang='grc' dir='ltr'>οὕτω</span> <span class='ocrx_word' id='word_1_279' title='bbox 458 1138 514 1165; x_wconf 86' lang='grc' dir='ltr'><strong>τῶν</strong></span> <span class='ocrx_word' id='word_1_280' title='bbox 530 1137 684 1173; x_wconf 75' lang='grc' dir='ltr'>εἰρημένων</span> <span class='ocrx_word' id='word_1_281' title='bbox 697 1135 896 1172; x_wconf 83' lang='grc' dir='ltr'>διεσκευασμέ-</span> 
     </span>
    </p>
   </div>
   <div class='ocr_carea' id='block_1_40' title="bbox 105 1182 895 1221">
    <p class='ocr_par' dir='ltr' id='par_1_40' title="bbox 105 1182 895 1221">
     <span class='ocr_line' id='line_1_40' title="bbox 105 1182 895 1221; baseline -0.008 -7"><span class='ocrx_word' id='word_1_282' title='bbox 105 1196 171 1219; x_wconf 81' lang='grc' dir='ltr'>νων,</span> <span class='ocrx_word' id='word_1_283' title='bbox 189 1186 263 1217; x_wconf 77' lang='grc' dir='ltr'>τινὲς</span> <span class='ocrx_word' id='word_1_284' title='bbox 278 1185 459 1221; x_wconf 83' lang='grc' dir='ltr'>προκείμενον</span> <span class='ocrx_word' id='word_1_285' title='bbox 471 1183 645 1218; x_wconf 81' lang='grc' dir='ltr'>ὲπιλυόμενοί</span> <span class='ocrx_word' id='word_1_286' title='bbox 664 1192 730 1218; x_wconf 83' lang='grc' dir='ltr'>φασι</span> <span class='ocrx_word' id='word_1_287' title='bbox 748 1183 794 1209; x_wconf 81' lang='grc' dir='ltr'>τὸν</span> <span class='ocrx_word' id='word_1_288' title='bbox 806 1182 895 1208; x_wconf 80' lang='grc' dir='ltr'>κοινὸν</span> 
     </span>
    </p>
   </div>
   <div class='ocr_carea' id='block_1_41' title="bbox 105 1228 894 1267">
    <p class='ocr_par' dir='ltr' id='par_1_41' title="bbox 105 1228 894 1267">
     <span class='ocr_line' id='line_1_41' title="bbox 105 1228 894 1267; baseline -0.006 -8"><span class='ocrx_word' id='word_1_289' title='bbox 105 1233 247 1267; x_wconf 80' lang='grc' dir='ltr'>Δεσπότην</span> <span class='ocrx_word' id='word_1_290' title='bbox 263 1232 326 1262; x_wconf 82' lang='grc' dir='ltr'>τοὺς</span> <span class='ocrx_word' id='word_1_291' title='bbox 344 1230 465 1266; x_wconf 84' lang='grc' dir='ltr'>μαθητὰς</span> <span class='ocrx_word' id='word_1_292' title='bbox 486 1229 570 1256; x_wconf 84' lang='grc' dir='ltr'>πάλαι</span> <span class='ocrx_word' id='word_1_293' title='bbox 594 1229 643 1264; x_wconf 82' lang='grc' dir='ltr'>μὲν</span> <span class='ocrx_word' id='word_1_294' title='bbox 661 1228 894 1264; x_wconf 77' lang='grc' dir='ltr'>παιδοτρίϐοῦντα,</span> 
     </span>
    </p>
   </div>
   <div class='ocr_carea' id='block_1_42' title="bbox 105 1275 894 1312">
    <p class='ocr_par' dir='ltr' id='par_1_42' title="bbox 105 1275 894 1312">
     <span class='ocr_line' id='line_1_42' title="bbox 105 1275 894 1312; baseline -0.005 -8"><span class='ocrx_word' id='word_1_295' title='bbox 105 1279 157 1304; x_wconf 78' lang='grc' dir='ltr'><strong>καὶ</strong></span> <span class='ocrx_word' id='word_1_296' title='bbox 179 1277 249 1312; x_wconf 75' lang='grc' dir='ltr'>πρὸς</span> <span class='ocrx_word' id='word_1_297' title='bbox 275 1278 306 1303; x_wconf 80' lang='grc' dir='ltr'>τὸ</span> <span class='ocrx_word' id='word_1_298' title='bbox 326 1276 378 1311; x_wconf 80' lang='grc' dir='ltr'>τῆς</span> <span class='ocrx_word' id='word_1_299' title='bbox 397 1276 592 1310; x_wconf 84' lang='grc' dir='ltr'>ἀκτημοσύνης</span> <span class='ocrx_word' id='word_1_300' title='bbox 616 1275 760 1309; x_wconf 74' lang='grc' dir='ltr'>εἰσάγοντα</span> <span class='ocrx_word' id='word_1_301' title='bbox 778 1275 894 1306; x_wconf 87' lang='grc' dir='ltr'>στάδιον,</span> 
     </span>
    </p>
   </div>
   <div class='ocr_carea' id='block_1_43' title="bbox 108 1320 895 1358">
    <p class='ocr_par' dir='ltr' id='par_1_43' title="bbox 108 1320 895 1358">
     <span class='ocr_line' id='line_1_43' title="bbox 108 1320 895 1358; baseline -0.005 -8"><span class='ocrx_word' id='word_1_302' title='bbox 108 1323 193 1358; x_wconf 69' lang='grc' dir='ltr'>μηδὲν</span> <span class='ocrx_word' id='word_1_303' title='bbox 207 1323 298 1354; x_wconf 79' lang='grc' dir='ltr'>αὐτοῖς</span> <span class='ocrx_word' id='word_1_304' title='bbox 313 1322 367 1348; x_wconf 86' lang='grc' dir='ltr'><strong>τῶν</strong></span> <span class='ocrx_word' id='word_1_305' title='bbox 382 1321 522 1357; x_wconf 86' lang='grc' dir='ltr'>προσύλων</span> <span class='ocrx_word' id='word_1_306' title='bbox 533 1322 580 1348; x_wconf 75' lang='grc' dir='ltr'>καὶ</span> <span class='ocrx_word' id='word_1_307' title='bbox 593 1321 682 1356; x_wconf 73' lang='grc' dir='ltr'>χαμαὶ</span> <span class='ocrx_word' id='word_1_308' title='bbox 694 1320 834 1347; x_wconf 78' lang='grc' dir='ltr'>καθέλκειν</span> <span class='ocrx_word' id='word_1_309' title='bbox 849 1320 895 1346; x_wconf 77' lang='grc' dir='ltr'>δυ-</span> 
     </span>
    </p>
   </div>
   <div class='ocr_carea' id='block_1_44' title="bbox 105 1363 895 1403">
    <p class='ocr_par' dir='ltr' id='par_1_44' title="bbox 105 1363 895 1403">
     <span class='ocr_line' id='line_1_44' title="bbox 105 1363 895 1403; baseline -0.004 -8"><span class='ocrx_word' id='word_1_310' title='bbox 105 1369 232 1403; x_wconf 72' lang='grc' dir='ltr'>ναμένων</span> <span class='ocrx_word' id='word_1_311' title='bbox 249 1368 394 1403; x_wconf 74' lang='grc' dir='ltr'>ἐπιτρέψαι</span> <span class='ocrx_word' id='word_1_312' title='bbox 408 1366 630 1401; x_wconf 83' lang='grc' dir='ltr'>συνεφέλκεσθαι,</span> <span class='ocrx_word' id='word_1_313' title='bbox 647 1366 707 1401; x_wconf 82' lang='grc' dir='ltr'>μηδ’</span> <span class='ocrx_word' id='word_1_314' title='bbox 723 1367 756 1392; x_wconf 84' lang='grc' dir='ltr'>ἂν</span> <span class='ocrx_word' id='word_1_315' title='bbox 768 1366 811 1400; x_wconf 70' lang='grc' dir='ltr'>εἴη</span> <span class='ocrx_word' id='word_1_316' title='bbox 825 1363 866 1396; x_wconf 77' lang='grc' dir='ltr'>οἷς</span> <span class='ocrx_word' id='word_1_317' title='bbox 881 1366 895 1392; x_wconf 90' lang='grc' dir='ltr'><strong>ό</strong></span> 
     </span>
    </p>
   </div>
   <div class='ocr_carea' id='block_1_45' title="bbox 107 1410 894 1449">
    <p class='ocr_par' dir='ltr' id='par_1_45' title="bbox 107 1410 894 1449">
     <span class='ocr_line' id='line_1_45' title="bbox 107 1410 894 1449; baseline -0.005 -9"><span class='ocrx_word' id='word_1_318' title='bbox 107 1415 179 1449; x_wconf 81' lang='grc' dir='ltr'>ῥέων</span> <span class='ocrx_word' id='word_1_319' title='bbox 192 1414 250 1448; x_wconf 86' lang='grc' dir='ltr'>βίος</span> <span class='ocrx_word' id='word_1_320' title='bbox 267 1410 345 1441; x_wconf 67' lang='grc' dir='ltr'>οὗτος</span> <span class='ocrx_word' id='word_1_321' title='bbox 365 1414 412 1439; x_wconf 77' lang='grc' dir='ltr'>καὶ</span> <span class='ocrx_word' id='word_1_322' title='bbox 430 1412 497 1447; x_wconf 73' lang='grc' dir='ltr'>πρὸς</span> <span class='ocrx_word' id='word_1_323' title='bbox 511 1412 560 1447; x_wconf 81' lang='grc' dir='ltr'>τὴν</span> <span class='ocrx_word' id='word_1_324' title='bbox 575 1411 677 1446; x_wconf 81' lang='grc' dir='ltr'>φθορὰν</span> <span class='ocrx_word' id='word_1_325' title='bbox 692 1410 811 1438; x_wconf 75' lang='grc' dir='ltr'>ἐλαύνων</span> <span class='ocrx_word' id='word_1_326' title='bbox 831 1419 894 1436; x_wconf 90' lang='grc' dir='ltr'>συν-</span> 
     </span>
    </p>
   </div>
   <div class='ocr_carea' id='block_1_46' title="bbox 107 1456 896 1495">
    <p class='ocr_par' dir='ltr' id='par_1_46' title="bbox 107 1456 896 1495">
     <span class='ocr_line' id='line_1_46' title="bbox 107 1456 896 1495; baseline -0.004 -9"><span class='ocrx_word' id='word_1_327' title='bbox 107 1460 201 1495; x_wconf 82' lang='grc' dir='ltr'>έχεται</span> <span class='ocrx_word' id='word_1_328' title='bbox 212 1468 219 1475; x_wconf 91' lang='grc'><strong><em>-</em></strong></span> <span class='ocrx_word' id='word_1_329' title='bbox 237 1458 319 1486; x_wconf 77' lang='grc' dir='ltr'>εἴωθε</span> <span class='ocrx_word' id='word_1_330' title='bbox 334 1459 388 1493; x_wconf 83' lang='grc' dir='ltr'>γὰρ</span> <span class='ocrx_word' id='word_1_331' title='bbox 399 1458 527 1489; x_wconf 73' lang='grc' dir='ltr'>πολλάκις</span> <span class='ocrx_word' id='word_1_332' title='bbox 542 1458 589 1485; x_wconf 76' lang='grc' dir='ltr'>καὶ</span> <span class='ocrx_word' id='word_1_333' title='bbox 603 1457 721 1492; x_wconf 85' lang='grc' dir='ltr'>μάλιστα</span> <span class='ocrx_word' id='word_1_334' title='bbox 733 1458 789 1488; x_wconf 81' lang='grc' dir='ltr'>τοῖς</span> <span class='ocrx_word' id='word_1_335' title='bbox 804 1456 896 1483; x_wconf 81' lang='grc' dir='ltr'>ἀτελε-</span> 
     </span>
    </p>
   </div>
   <div class='ocr_carea' id='block_1_47' title="bbox 107 1501 894 1540">
    <p class='ocr_par' dir='ltr' id='par_1_47' title="bbox 107 1501 894 1540">
     <span class='ocr_line' id='line_1_47' title="bbox 107 1501 894 1540; baseline -0.004 -9"><span class='ocrx_word' id='word_1_336' title='bbox 107 1504 216 1540; x_wconf 78' lang='grc' dir='ltr'>στέροις</span> <span class='ocrx_word' id='word_1_337' title='bbox 228 1504 246 1540; x_wconf 75' lang='grc' dir='ltr'>ἢ</span> <span class='ocrx_word' id='word_1_338' title='bbox 257 1504 312 1530; x_wconf 86' lang='grc' dir='ltr'><strong>τῶν</strong></span> <span class='ocrx_word' id='word_1_339' title='bbox 327 1503 482 1538; x_wconf 76' lang='grc' dir='ltr'>ἀναγκαίων</span> <span class='ocrx_word' id='word_1_340' title='bbox 494 1504 624 1538; x_wconf 85' lang='grc' dir='ltr'>μέριμνα,</span> <span class='ocrx_word' id='word_1_341' title='bbox 636 1502 748 1529; x_wconf 78' lang='grc' dir='ltr'>καὶτῶν</span> <span class='ocrx_word' id='word_1_342' title='bbox 761 1501 894 1537; x_wconf 78' lang='grc' dir='ltr'>περιττῶν</span> 
     </span>
    </p>
   </div>
   <div class='ocr_carea' id='block_1_48' title="bbox 106 1547 895 1585">
    <p class='ocr_par' dir='ltr' id='par_1_48' title="bbox 106 1547 895 1585">
     <span class='ocr_line' id='line_1_48' title="bbox 106 1547 895 1585; baseline -0.005 -8"><span class='ocrx_word' id='word_1_343' title='bbox 106 1551 157 1577; x_wconf 76' lang='grc' dir='ltr'>καὶ</span> <span class='ocrx_word' id='word_1_344' title='bbox 172 1550 245 1585; x_wconf 80' lang='grc' dir='ltr'>ὑπὲρ</span> <span class='ocrx_word' id='word_1_345' title='bbox 260 1549 310 1585; x_wconf 79' lang='grc' dir='ltr'>τὴν</span> <span class='ocrx_word' id='word_1_346' title='bbox 329 1549 422 1584; x_wconf 78' lang='grc' dir='ltr'>χρείαν</span> <span class='ocrx_word' id='word_1_347' title='bbox 438 1549 488 1584; x_wconf 83' lang='grc' dir='ltr'>τὴν</span> <span class='ocrx_word' id='word_1_348' title='bbox 508 1549 627 1584; x_wconf 81' lang='grc' dir='ltr'>σπουδὴν</span> <span class='ocrx_word' id='word_1_349' title='bbox 643 1547 703 1574; x_wconf 81' lang='grc' dir='ltr'>κατ’</span> <span class='ocrx_word' id='word_1_350' title='bbox 717 1547 806 1582; x_wconf 80' lang='grc' dir='ltr'>ὀλίγον</span> <span class='ocrx_word' id='word_1_351' title='bbox 831 1556 895 1574; x_wconf 94' lang='grc' dir='ltr'>συν-</span> 
     </span>
    </p>
   </div>
   <div class='ocr_carea' id='block_1_49' title="bbox 105 1593 897 1630">
    <p class='ocr_par' dir='ltr' id='par_1_49' title="bbox 105 1593 897 1630">
     <span class='ocr_line' id='line_1_49' title="bbox 105 1593 897 1630; baseline -0.004 -8"><span class='ocrx_word' id='word_1_352' title='bbox 105 1595 297 1630; x_wconf 73' lang='grc' dir='ltr'>επισύρεσθαι,</span> <span class='ocrx_word' id='word_1_353' title='bbox 312 1595 360 1621; x_wconf 75' lang='grc' dir='ltr'>καὶ</span> <span class='ocrx_word' id='word_1_354' title='bbox 373 1594 472 1630; x_wconf 79' lang='grc' dir='ltr'>πολλὴν</span> <span class='ocrx_word' id='word_1_355' title='bbox 489 1596 521 1630; x_wconf 87' lang='grc' dir='ltr'><strong>τῇ</strong></span> <span class='ocrx_word' id='word_1_356' title='bbox 533 1594 605 1630; x_wconf 83' lang='grc' dir='ltr'>ψυχῇ</span> <span class='ocrx_word' id='word_1_357' title='bbox 617 1593 666 1629; x_wconf 80' lang='grc' dir='ltr'>τὴν</span> <span class='ocrx_word' id='word_1_358' title='bbox 676 1593 765 1628; x_wconf 85' lang='grc' dir='ltr'>λύμην</span> <span class='ocrx_word' id='word_1_359' title='bbox 778 1601 897 1626; x_wconf 84' lang='grc' dir='ltr'>συγκατ-</span> 
     </span>
    </p>
   </div>
   <div class='ocr_carea' id='block_1_50' title="bbox 104 1639 894 1678">
    <p class='ocr_par' dir='ltr' id='par_1_50' title="bbox 104 1639 894 1678">
     <span class='ocr_line' id='line_1_50' title="bbox 104 1639 894 1678; baseline -0.005 -9"><span class='ocrx_word' id='word_1_360' title='bbox 104 1641 284 1678; x_wconf 76' lang='grc' dir='ltr'>εργάξεσθαι.</span> <span class='ocrx_word' id='word_1_361' title='bbox 301 1641 352 1667; x_wconf 78' lang='grc' dir='ltr'><strong>Διὰ</strong></span> <span class='ocrx_word' id='word_1_362' title='bbox 371 1640 460 1672; x_wconf 85' lang='grc' dir='ltr'>τοῦτο,</span> <span class='ocrx_word' id='word_1_363' title='bbox 474 1640 566 1674; x_wconf 75' lang='grc' dir='ltr'>φασὶν,</span> <span class='ocrx_word' id='word_1_364' title='bbox 579 1641 593 1666; x_wconf 85' lang='grc' dir='ltr'><strong>ό</strong></span> <span class='ocrx_word' id='word_1_365' title='bbox 614 1639 709 1674; x_wconf 80' lang='grc' dir='ltr'>Σωτὴρ</span> <span class='ocrx_word' id='word_1_366' title='bbox 726 1639 787 1674; x_wconf 81' lang='grc' dir='ltr'>ἄρτι</span> <span class='ocrx_word' id='word_1_367' title='bbox 808 1646 894 1673; x_wconf 76' lang='grc' dir='ltr'>μυστ-</span> 
     </span>
    </p>
   </div>
   <div class='ocr_carea' id='block_1_51' title="bbox 105 1684 895 1720">
    <p class='ocr_par' dir='ltr' id='par_1_51' title="bbox 105 1684 895 1720">
     <span class='ocr_line' id='line_1_51' title="bbox 105 1684 895 1720; baseline -0.004 -8"><span class='ocrx_word' id='word_1_368' title='bbox 105 1686 313 1720; x_wconf 83' lang='grc' dir='ltr'>αγωγουμένοις</span> <span class='ocrx_word' id='word_1_369' title='bbox 330 1686 428 1711; x_wconf 79' lang='grc' dir='ltr'>ἀπεῖπε</span> <span class='ocrx_word' id='word_1_370' title='bbox 447 1684 508 1711; x_wconf 76' lang='grc' dir='ltr'>τότε</span> <span class='ocrx_word' id='word_1_371' title='bbox 527 1684 611 1719; x_wconf 82' lang='grc' dir='ltr'>μηδὲν</span> <span class='ocrx_word' id='word_1_372' title='bbox 621 1685 677 1715; x_wconf 82' lang='grc' dir='ltr'>τοῖς</span> <span class='ocrx_word' id='word_1_373' title='bbox 693 1684 826 1718; x_wconf 80' lang='grc' dir='ltr'>μαθηταῖς</span> <span class='ocrx_word' id='word_1_374' title='bbox 840 1684 895 1710; x_wconf 89' lang='grc' dir='ltr'><strong>τῶν</strong></span> 
     </span>
    </p>
   </div>
   <div class='ocr_carea' id='block_1_52' title="bbox 105 1728 900 1767">
    <p class='ocr_par' dir='ltr' id='par_1_52' title="bbox 105 1728 900 1767">
     <span class='ocr_line' id='line_1_52' title="bbox 105 1728 900 1767; baseline -0.004 -9"><span class='ocrx_word' id='word_1_375' title='bbox 105 1733 210 1767; x_wconf 75' lang='grc' dir='ltr'>γηΐνων</span> <span class='ocrx_word' id='word_1_376' title='bbox 221 1731 269 1758; x_wconf 78' lang='grc' dir='ltr'>καὶ</span> <span class='ocrx_word' id='word_1_377' title='bbox 278 1729 441 1765; x_wconf 83' lang='grc' dir='ltr'>σωματικῶν</span> <span class='ocrx_word' id='word_1_378' title='bbox 453 1729 674 1763; x_wconf 70' lang='grc' dir='ltr'>συνεφέλκεσθαιι</span> <span class='ocrx_word' id='word_1_379' title='bbox 688 1729 799 1764; x_wconf 79' lang='grc' dir='ltr'>ὕστερον</span> <span class='ocrx_word' id='word_1_380' title='bbox 808 1728 837 1755; x_wconf 75' lang='grc' dir='ltr'>δὲ</span> <span class='ocrx_word' id='word_1_381' title='bbox 850 1728 900 1765; x_wconf 41' lang='grc' dir='ltr'>τὸν,</span> 
     </span>
    </p>
   </div>
   <div class='ocr_carea' id='block_1_53' title="bbox 104 1775 895 1812">
    <p class='ocr_par' dir='ltr' id='par_1_53' title="bbox 104 1775 895 1812">
     <span class='ocr_line' id='line_1_53' title="bbox 104 1775 895 1812; baseline -0.004 -8"><span class='ocrx_word' id='word_1_382' title='bbox 104 1778 201 1812; x_wconf 76' lang='grc' dir='ltr'>ἀγῶνα</span> <span class='ocrx_word' id='word_1_383' title='bbox 217 1777 376 1812; x_wconf 82' lang='grc' dir='ltr'>διηνυκότας</span> <span class='ocrx_word' id='word_1_384' title='bbox 391 1775 563 1810; x_wconf 73' lang='grc' dir='ltr'>ἀνύϐριστον,</span> <span class='ocrx_word' id='word_1_385' title='bbox 583 1775 629 1801; x_wconf 72' lang='grc' dir='ltr'>καὶ</span> <span class='ocrx_word' id='word_1_386' title='bbox 648 1776 745 1810; x_wconf 85' lang='grc' dir='ltr'>πεῖραν</span> <span class='ocrx_word' id='word_1_387' title='bbox 765 1776 826 1802; x_wconf 78' lang='grc' dir='ltr'>ὅσον</span> <span class='ocrx_word' id='word_1_388' title='bbox 841 1775 895 1802; x_wconf 77' lang='grc' dir='ltr'>ἔδει</span> 
     </span>
    </p>
   </div>
   <div class='ocr_carea' id='block_1_54' title="bbox 105 1818 895 1855">
    <p class='ocr_par' dir='ltr' id='par_1_54' title="bbox 105 1818 895 1855">
     <span class='ocr_line' id='line_1_54' title="bbox 105 1818 895 1855; baseline -0.005 -6"><span class='ocrx_word' id='word_1_389' title='bbox 105 1823 202 1853; x_wconf 80' lang='grc' dir='ltr'>δόντας</span> <span class='ocrx_word' id='word_1_390' title='bbox 214 1822 243 1847; x_wconf 79' lang='grc' dir='ltr'>ὲν</span> <span class='ocrx_word' id='word_1_391' title='bbox 255 1818 295 1852; x_wconf 80' lang='grc' dir='ltr'>οἷς</span> <span class='ocrx_word' id='word_1_392' title='bbox 312 1820 358 1847; x_wconf 89' lang='grc' dir='ltr'><strong>τοῦ</strong></span> <span class='ocrx_word' id='word_1_393' title='bbox 372 1819 502 1854; x_wconf 78' lang='grc' dir='ltr'>σαρκικοῦ</span> <span class='ocrx_word' id='word_1_394' title='bbox 519 1819 734 1855; x_wconf 83' lang='grc' dir='ltr'>κατεφρόνησαν,</span> <span class='ocrx_word' id='word_1_395' title='bbox 755 1819 795 1846; x_wconf 77' lang='grc' dir='ltr'>ἔτι</span> <span class='ocrx_word' id='word_1_396' title='bbox 807 1819 834 1845; x_wconf 81' lang='grc' dir='ltr'>δὲ</span> <span class='ocrx_word' id='word_1_397' title='bbox 848 1819 895 1846; x_wconf 83' lang='grc' dir='ltr'>καὶ</span> 
     </span>
    </p>
   </div>
   <div class='ocr_carea' id='block_1_55' title="bbox 104 1864 894 1902">
    <p class='ocr_par' dir='ltr' id='par_1_55' title="bbox 104 1864 894 1902">
     <span class='ocr_line' id='line_1_55' title="bbox 104 1864 894 1902; baseline -0.003 -8"><span class='ocrx_word' id='word_1_398' title='bbox 104 1867 155 1894; x_wconf 78' lang='grc' dir='ltr'><strong>τοῦ</strong></span> <span class='ocrx_word' id='word_1_399' title='bbox 166 1867 300 1902; x_wconf 77' lang='grc' dir='ltr'>σωτηρίου</span> <span class='ocrx_word' id='word_1_400' title='bbox 311 1865 412 1897; x_wconf 78' lang='grc' dir='ltr'>πάθους</span> <span class='ocrx_word' id='word_1_401' title='bbox 421 1865 515 1892; x_wconf 82' lang='grc' dir='ltr'>λοιπὸν</span> <span class='ocrx_word' id='word_1_402' title='bbox 526 1865 682 1899; x_wconf 71' lang='grc' dir='ltr'>ἑστηκότος,</span> <span class='ocrx_word' id='word_1_403' title='bbox 696 1864 754 1899; x_wconf 80' lang='grc' dir='ltr'>μεθ’</span> <span class='ocrx_word' id='word_1_404' title='bbox 767 1864 780 1891; x_wconf 81' lang='grc' dir='ltr'>ὃ</span> <span class='ocrx_word' id='word_1_405' title='bbox 789 1864 894 1892; x_wconf 78' lang='grc' dir='ltr'>πολλῶν</span> 
     </span>
    </p>
   </div>
   <div class='ocr_carea' id='block_1_56' title="bbox 105 1911 893 1948">
    <p class='ocr_par' dir='ltr' id='par_1_56' title="bbox 105 1911 893 1948">
     <span class='ocr_line' id='line_1_56' title="bbox 105 1911 893 1948; baseline -0.004 -9"><span class='ocrx_word' id='word_1_406' title='bbox 105 1912 272 1948; x_wconf 76' lang='grc' dir='ltr'>πειρασμῶν</span> <span class='ocrx_word' id='word_1_407' title='bbox 294 1911 404 1946; x_wconf 85' lang='grc' dir='ltr'>νιφάδες</span> <span class='ocrx_word' id='word_1_408' title='bbox 428 1911 489 1942; x_wconf 87' lang='grc' dir='ltr'>τοὺς</span> <span class='ocrx_word' id='word_1_409' title='bbox 511 1911 664 1944; x_wconf 84' lang='grc' dir='ltr'>ἀγωνιστὰς</span> <span class='ocrx_word' id='word_1_410' title='bbox 682 1911 893 1945; x_wconf 80' lang='grc' dir='ltr'>περιστοιχίςειν</span> 
     </span>
    </p>
   </div>
   <div class='ocr_carea' id='block_1_57' title="bbox 105 1956 896 1994">
    <p class='ocr_par' dir='ltr' id='par_1_57' title="bbox 105 1956 896 1994">
     <span class='ocr_line' id='line_1_57' title="bbox 105 1956 896 1994; baseline -0.004 -9"><span class='ocrx_word' id='word_1_411' title='bbox 105 1959 230 1994; x_wconf 66' lang='grc' dir='ltr'>ἠφίεντο,</span> <span class='ocrx_word' id='word_1_412' title='bbox 244 1959 291 1985; x_wconf 78' lang='grc' dir='ltr'><strong>καὶ</strong></span> <span class='ocrx_word' id='word_1_413' title='bbox 307 1957 408 1993; x_wconf 84' lang='grc' dir='ltr'>χειμὼν</span> <span class='ocrx_word' id='word_1_414' title='bbox 429 1957 613 1988; x_wconf 82' lang='grc' dir='ltr'>ἀνυπόστατος</span> <span class='ocrx_word' id='word_1_415' title='bbox 631 1956 758 1991; x_wconf 80' lang='grc' dir='ltr'>διωγμῶν</span> <span class='ocrx_word' id='word_1_416' title='bbox 777 1957 824 1983; x_wconf 81' lang='grc' dir='ltr'>καὶ</span> <span class='ocrx_word' id='word_1_417' title='bbox 839 1956 896 1983; x_wconf 79' lang='grc' dir='ltr'>θλί-</span> 
     </span>
    </p>
   </div>
   <div class='ocr_carea' id='block_1_58' title="bbox 105 2001 895 2038">
    <p class='ocr_par' dir='ltr' id='par_1_58' title="bbox 105 2001 895 2038">
     <span class='ocr_line' id='line_1_58' title="bbox 105 2001 895 2038; baseline -0.003 -8"><span class='ocrx_word' id='word_1_418' title='bbox 105 2005 181 2038; x_wconf 74' lang='grc' dir='ltr'>ψεων</span> <span class='ocrx_word' id='word_1_419' title='bbox 197 2004 354 2038; x_wconf 80' lang='grc' dir='ltr'>ὑπεδέχετο,</span> <span class='ocrx_word' id='word_1_420' title='bbox 372 2003 416 2029; x_wconf 84' lang='grc' dir='ltr'>διὰ</span> <span class='ocrx_word' id='word_1_421' title='bbox 428 2002 514 2029; x_wconf 76' lang='grc' dir='ltr'>ταῦτα</span> <span class='ocrx_word' id='word_1_422' title='bbox 525 2002 576 2037; x_wconf 87' lang='grc' dir='ltr'>τὴν</span> <span class='ocrx_word' id='word_1_423' title='bbox 590 2002 643 2029; x_wconf 83' lang='grc' dir='ltr'><strong>τῶν</strong></span> <span class='ocrx_word' id='word_1_424' title='bbox 659 2001 778 2037; x_wconf 87' lang='grc' dir='ltr'>μετρίων</span> <span class='ocrx_word' id='word_1_425' title='bbox 797 2002 895 2037; x_wconf 83' lang='grc' dir='ltr'>κτῆσιν</span> 
     </span>
    </p>
   </div>
   <div class='ocr_carea' id='block_1_59' title="bbox 105 2048 893 2085">
    <p class='ocr_par' dir='ltr' id='par_1_59' title="bbox 105 2048 893 2085">
     <span class='ocr_line' id='line_1_59' title="bbox 105 2048 893 2085; baseline -0.003 -9"><span class='ocrx_word' id='word_1_426' title='bbox 105 2051 156 2077; x_wconf 72' lang='grc' dir='ltr'>καὶ</span> <span class='ocrx_word' id='word_1_427' title='bbox 170 2049 189 2076; x_wconf 76' lang='grc' dir='ltr'><strong>ἃ.</strong></span> <span class='ocrx_word' id='word_1_428' title='bbox 206 2050 352 2085; x_wconf 86' lang='grc' dir='ltr'>συγκροτεῖ</span> <span class='ocrx_word' id='word_1_429' title='bbox 364 2050 412 2084; x_wconf 80' lang='grc' dir='ltr'>τὴν</span> <span class='ocrx_word' id='word_1_430' title='bbox 426 2048 497 2084; x_wconf 78' lang='grc' dir='ltr'>ζωὴν</span> <span class='ocrx_word' id='word_1_431' title='bbox 512 2048 548 2083; x_wconf 86' lang='grc' dir='ltr'>μὴ</span> <span class='ocrx_word' id='word_1_432' title='bbox 565 2048 735 2083; x_wconf 77' lang='grc' dir='ltr'>διαρρυῆναι,</span> <span class='ocrx_word' id='word_1_433' title='bbox 747 2048 893 2083; x_wconf 85' lang='grc' dir='ltr'>συγχωρεῖ.</span> 
     </span>
    </p>
   </div>
   <div class='ocr_carea' id='block_1_60' title="bbox 104 2093 894 2130">
    <p class='ocr_par' dir='ltr' id='par_1_60' title="bbox 104 2093 894 2130">
     <span class='ocr_line' id='line_1_60' title="bbox 104 2093 894 2130; baseline -0.004 -8"><span class='ocrx_word' id='word_1_434' title='bbox 104 2095 160 2122; x_wconf 80' lang='grc' dir='ltr'>Τοῦ</span> <span class='ocrx_word' id='word_1_435' title='bbox 176 2095 231 2130; x_wconf 80' lang='grc' dir='ltr'><strong>γὰρ</strong></span> <span class='ocrx_word' id='word_1_436' title='bbox 239 2094 289 2129; x_wconf 79' lang='grc' dir='ltr'>τῆς</span> <span class='ocrx_word' id='word_1_437' title='bbox 297 2094 514 2129; x_wconf 85' lang='grc' dir='ltr'>φιλοχρηματίας</span> <span class='ocrx_word' id='word_1_438' title='bbox 524 2093 626 2124; x_wconf 77' lang='grc' dir='ltr'>πάθους</span> <span class='ocrx_word' id='word_1_439' title='bbox 640 2093 694 2119; x_wconf 85' lang='grc' dir='ltr'><strong>τῶν</strong></span> <span class='ocrx_word' id='word_1_440' title='bbox 709 2093 894 2119; x_wconf 83' lang='grc' dir='ltr'>ἀποστολικῶν</span> 
     </span>
    </p>
   </div>
   <div class='ocr_carea' id='block_1_61' title="bbox 104 2137 896 2175">
    <p class='ocr_par' dir='ltr' id='par_1_61' title="bbox 104 2137 896 2175">
     <span class='ocr_line' id='line_1_61' title="bbox 104 2137 896 2175; baseline -0.003 -9"><span class='ocrx_word' id='word_1_441' title='bbox 104 2140 181 2175; x_wconf 74' lang='grc' dir='ltr'>ἠθῶν</span> <span class='ocrx_word' id='word_1_442' title='bbox 201 2147 231 2166; x_wconf 87' lang='grc' dir='ltr'><strong>τε</strong></span> <span class='ocrx_word' id='word_1_443' title='bbox 249 2139 296 2165; x_wconf 73' lang='grc' dir='ltr'><strong>καὶ</strong></span> <span class='ocrx_word' id='word_1_444' title='bbox 313 2139 421 2173; x_wconf 84' lang='grc' dir='ltr'>τρόπων</span> <span class='ocrx_word' id='word_1_445' title='bbox 433 2138 462 2170; x_wconf 73' lang='grc' dir='ltr'><strong>ἐξ</strong></span> <span class='ocrx_word' id='word_1_446' title='bbox 478 2138 563 2172; x_wconf 85' lang='grc' dir='ltr'>αὐτῆς</span> <span class='ocrx_word' id='word_1_447' title='bbox 581 2137 710 2174; x_wconf 73' lang='grc' dir='ltr'>κρηπῖδος</span> <span class='ocrx_word' id='word_1_448' title='bbox 726 2138 896 2174; x_wconf 82' lang='grc' dir='ltr'>ἀνατραπέν-</span> 
     </span>
    </p>
   </div>
   <div class='ocr_carea' id='block_1_62' title="bbox 947 911 1729 947">
    <p class='ocr_par' dir='ltr' id='par_1_62' title="bbox 947 911 1729 947">
     <span class='ocr_line' id='line_1_62' title="bbox 947 911 1729 947; baseline -0.003 -7"><span class='ocrx_word' id='word_1_449' title='bbox 947 919 1037 940; x_wconf 89' lang='lat' dir='ltr'><strong>autem</strong></span> <span class='ocrx_word' id='word_1_450' title='bbox 1057 913 1118 941; x_wconf 89' lang='lat' dir='ltr'><strong>dico</strong></span> <span class='ocrx_word' id='word_1_451' title='bbox 1136 913 1224 940; x_wconf 83' lang='lat' dir='ltr'><strong>vobis.</strong></span> <span class='ocrx_word' id='word_1_452' title='bbox 1246 921 1255 938; x_wconf 74' lang='grc' dir='ltr'><strong>ι</strong></span> <span class='ocrx_word' id='word_1_453' title='bbox 1271 912 1329 940; x_wconf 79' lang='lat' dir='ltr'><strong>Jam</strong></span> <span class='ocrx_word' id='word_1_454' title='bbox 1342 913 1415 947; x_wconf 90' lang='lat' dir='ltr'><strong>quod</strong></span> <span class='ocrx_word' id='word_1_455' title='bbox 1430 912 1545 940; x_wconf 76' lang='lat' dir='ltr'><strong>diversis</strong></span> <span class='ocrx_word' id='word_1_456' title='bbox 1561 911 1729 946; x_wconf 83' lang='lat' dir='ltr'><strong>temporibus</strong></span> 
     </span>
    </p>
   </div>
   <div class='ocr_carea' id='block_1_63' title="bbox 949 957 1734 993">
    <p class='ocr_par' dir='ltr' id='par_1_63' title="bbox 949 957 1734 993">
     <span class='ocr_line' id='line_1_63' title="bbox 949 957 1734 993; baseline -0.003 -8"><span class='ocrx_word' id='word_1_457' title='bbox 949 958 1057 985; x_wconf 89' lang='lat' dir='ltr'><strong>diversa</strong></span> <span class='ocrx_word' id='word_1_458' title='bbox 1073 962 1207 993; x_wconf 62' lang='lat' dir='ltr'><strong>praecepta</strong></span> <span class='ocrx_word' id='word_1_459' title='bbox 1231 962 1394 992; x_wconf 76' lang='lat' dir='ltr'><strong>congruant,</strong></span> <span class='ocrx_word' id='word_1_460' title='bbox 1419 965 1474 984; x_wconf 93' lang='lat' dir='ltr'><strong>non</strong></span> <span class='ocrx_word' id='word_1_461' title='bbox 1502 957 1590 985; x_wconf 88' lang='lat' dir='ltr'><strong>solum</strong></span> <span class='ocrx_word' id='word_1_462' title='bbox 1616 965 1670 983; x_wconf 92' lang='lat' dir='ltr'><strong>non</strong></span> <span class='ocrx_word' id='word_1_463' title='bbox 1692 960 1734 983; x_wconf 89' lang='lat' dir='ltr'><strong>est</strong></span> 
     </span>
    </p>
   </div>
   <div class='ocr_carea' id='block_1_64' title="bbox 947 1003 1732 1038">
    <p class='ocr_par' dir='ltr' id='par_1_64' title="bbox 947 1003 1732 1038">
     <span class='ocr_line' id='line_1_64' title="bbox 947 1003 1732 1038; baseline -0.003 -8"><span class='ocrx_word' id='word_1_464' title='bbox 947 1003 1106 1035; x_wconf 84' lang='lat' dir='ltr'><strong>absurdum,</strong></span> <span class='ocrx_word' id='word_1_465' title='bbox 1126 1011 1221 1030; x_wconf 85' lang='lat' dir='ltr'><strong>verum</strong></span> <span class='ocrx_word' id='word_1_466' title='bbox 1234 1003 1316 1030; x_wconf 86' lang='lat' dir='ltr'><strong>etiam</strong></span> <span class='ocrx_word' id='word_1_467' title='bbox 1340 1004 1506 1038; x_wconf 84' lang='lat' dir='ltr'><strong>quandoque</strong></span> <span class='ocrx_word' id='word_1_468' title='bbox 1528 1003 1629 1037; x_wconf 86' lang='lat' dir='ltr'><strong>aptius,</strong></span> <span class='ocrx_word' id='word_1_469' title='bbox 1651 1009 1732 1036; x_wconf 84' lang='lat' dir='ltr'><strong>quam</strong></span> 
     </span>
    </p>
   </div>
   <div class='ocr_carea' id='block_1_65' title="bbox 947 1048 1733 1084">
    <p class='ocr_par' dir='ltr' id='par_1_65' title="bbox 947 1048 1733 1084">
     <span class='ocr_line' id='line_1_65' title="bbox 947 1048 1733 1084; baseline -0.004 -7"><span class='ocrx_word' id='word_1_470' title='bbox 947 1049 970 1077; x_wconf 92' lang='lat' dir='ltr'><strong>si</strong></span> <span class='ocrx_word' id='word_1_471' title='bbox 984 1050 1045 1084; x_wconf 82' lang='lat' dir='ltr'><strong>quis</strong></span> <span class='ocrx_word' id='word_1_472' title='bbox 1061 1049 1154 1076; x_wconf 88' lang='lat' dir='ltr'><strong>eadem</strong></span> <span class='ocrx_word' id='word_1_473' title='bbox 1174 1049 1298 1084; x_wconf 82' lang='lat' dir='ltr'><strong>imperet,</strong></span> <span class='ocrx_word' id='word_1_474' title='bbox 1313 1050 1420 1077; x_wconf 87' lang='lat' dir='ltr'><strong>etiamsi</strong></span> <span class='ocrx_word' id='word_1_475' title='bbox 1442 1049 1586 1076; x_wconf 77' lang='lat' dir='ltr'><strong>diversitas</strong></span> <span class='ocrx_word' id='word_1_476' title='bbox 1605 1048 1733 1083; x_wconf 89' lang='lat' dir='ltr'><strong>temporis</strong></span> 
     </span>
    </p>
   </div>
   <div class='ocr_carea' id='block_1_66' title="bbox 947 1095 1469 1130">
    <p class='ocr_par' dir='ltr' id='par_1_66' title="bbox 947 1095 1469 1130">
     <span class='ocr_line' id='line_1_66' title="bbox 947 1095 1469 1130; baseline -0.004 -8"><span class='ocrx_word' id='word_1_477' title='bbox 947 1095 1102 1122; x_wconf 87' lang='lat' dir='ltr'><strong>necessario</strong></span> <span class='ocrx_word' id='word_1_478' title='bbox 1114 1095 1249 1121; x_wconf 83' lang='lat' dir='ltr'><strong>diversam</strong></span> <span class='ocrx_word' id='word_1_479' title='bbox 1265 1103 1319 1122; x_wconf 88' lang='lat' dir='ltr'><strong>rem</strong></span> <span class='ocrx_word' id='word_1_480' title='bbox 1341 1095 1469 1130; x_wconf 85' lang='lat' dir='ltr'><strong>postulet.</strong></span> 
     </span>
    </p>
   </div>
   <div class='ocr_carea' id='block_1_67' title="bbox 983 1139 1733 1174">
    <p class='ocr_par' dir='ltr' id='par_1_67' title="bbox 983 1139 1733 1174">
     <span class='ocr_line' id='line_1_67' title="bbox 983 1139 1733 1174; baseline -0.003 -8"><span class='ocrx_word' id='word_1_481' title='bbox 983 1142 1009 1166; x_wconf 85' lang='lat'><strong>6.</strong></span> <span class='ocrx_word' id='word_1_482' title='bbox 1030 1140 1097 1173; x_wconf 76' lang='lat' dir='ltr'><strong>Qua:</strong></span> <span class='ocrx_word' id='word_1_483' title='bbox 1109 1148 1171 1167; x_wconf 92' lang='lat' dir='ltr'><strong>cum</strong></span> <span class='ocrx_word' id='word_1_484' title='bbox 1198 1140 1235 1167; x_wconf 87' lang='lat' dir='ltr'><strong>ita</strong></span> <span class='ocrx_word' id='word_1_485' title='bbox 1261 1148 1290 1167; x_wconf 86' lang='lat' dir='ltr'><strong>se</strong></span> <span class='ocrx_word' id='word_1_486' title='bbox 1303 1140 1431 1172; x_wconf 82' lang='lat' dir='ltr'><strong>habeant,</strong></span> <span class='ocrx_word' id='word_1_487' title='bbox 1447 1139 1569 1167; x_wconf 90' lang='lat' dir='ltr'><strong>nonnulli</strong></span> <span class='ocrx_word' id='word_1_488' title='bbox 1587 1143 1617 1166; x_wconf 91' lang='lat' dir='ltr'><strong>ut</strong></span> <span class='ocrx_word' id='word_1_489' title='bbox 1634 1146 1733 1174; x_wconf 86' lang='lat' dir='ltr'><strong>propo-</strong></span> 
     </span>
    </p>
   </div>
   <div class='ocr_carea' id='block_1_68' title="bbox 947 1184 1732 1220">
    <p class='ocr_par' dir='ltr' id='par_1_68' title="bbox 947 1184 1732 1220">
     <span class='ocr_line' id='line_1_68' title="bbox 947 1184 1732 1220; baseline -0.001 -8"><span class='ocrx_word' id='word_1_490' title='bbox 947 1186 1026 1213; x_wconf 82' lang='lat' dir='ltr'><strong>sitam</strong></span> <span class='ocrx_word' id='word_1_491' title='bbox 1041 1187 1219 1220; x_wconf 82' lang='lat' dir='ltr'><strong>qu:estionem</strong></span> <span class='ocrx_word' id='word_1_492' title='bbox 1234 1186 1351 1218; x_wconf 83' lang='lat' dir='ltr'><strong>solvant,</strong></span> <span class='ocrx_word' id='word_1_493' title='bbox 1378 1186 1455 1212; x_wconf 91' lang='lat' dir='ltr'><strong>aiunt</strong></span> <span class='ocrx_word' id='word_1_494' title='bbox 1481 1192 1654 1212; x_wconf 91' lang='lat' dir='ltr'><strong>communem</strong></span> <span class='ocrx_word' id='word_1_495' title='bbox 1679 1184 1732 1211; x_wconf 88' lang='lat' dir='ltr'><strong>Do-</strong></span> 
     </span>
    </p>
   </div>
   <div class='ocr_carea' id='block_1_69' title="bbox 946 1230 1733 1264">
    <p class='ocr_par' dir='ltr' id='par_1_69' title="bbox 946 1230 1733 1264">
     <span class='ocr_line' id='line_1_69' title="bbox 946 1230 1733 1264; baseline -0.001 -7"><span class='ocrx_word' id='word_1_496' title='bbox 946 1231 1050 1258; x_wconf 92' lang='lat' dir='ltr'><strong>minum</strong></span> <span class='ocrx_word' id='word_1_497' title='bbox 1067 1230 1215 1264; x_wconf 80' lang='lat' dir='ltr'><strong>discipulos</strong></span> <span class='ocrx_word' id='word_1_498' title='bbox 1232 1231 1297 1257; x_wconf 90' lang='lat' dir='ltr'><strong>olim</strong></span> <span class='ocrx_word' id='word_1_499' title='bbox 1313 1231 1480 1258; x_wconf 90' lang='lat' dir='ltr'><strong>crudientem</strong></span> <span class='ocrx_word' id='word_1_500' title='bbox 1505 1235 1584 1264; x_wconf 87' lang='lat' dir='ltr'><strong>atque</strong></span> <span class='ocrx_word' id='word_1_501' title='bbox 1612 1231 1638 1256; x_wconf 86' lang='lat' dir='ltr'><strong>in</strong></span> <span class='ocrx_word' id='word_1_502' title='bbox 1665 1237 1733 1264; x_wconf 86' lang='lat' dir='ltr'><strong>pau-</strong></span> 
     </span>
    </p>
   </div>
   <div class='ocr_carea' id='block_1_70' title="bbox 947 1268 1733 1310">
    <p class='ocr_par' dir='ltr' id='par_1_70' title="bbox 947 1268 1733 1310">
     <span class='ocr_line' id='line_1_70' title="bbox 947 1268 1733 1310; baseline 0 -8"><span class='ocrx_word' id='word_1_503' title='bbox 947 1275 1058 1310; x_wconf 84' lang='lat' dir='ltr'><strong>pertatis</strong></span> <span class='ocrx_word' id='word_1_504' title='bbox 1075 1268 1214 1302; x_wconf 84' lang='lat' dir='ltr'><strong>curriculo</strong></span> <span class='ocrx_word' id='word_1_505' title='bbox 1233 1280 1418 1305; x_wconf 78' lang='lat' dir='ltr'><strong>exercentem.</strong></span> <span class='ocrx_word' id='word_1_506' title='bbox 1440 1275 1512 1302; x_wconf 83' lang='lat' dir='ltr'><strong>nulla</strong></span> <span class='ocrx_word' id='word_1_507' title='bbox 1536 1282 1584 1302; x_wconf 89' lang='lat' dir='ltr'><strong>eos</strong></span> <span class='ocrx_word' id='word_1_508' title='bbox 1605 1282 1633 1302; x_wconf 89' lang='lat' dir='ltr'><strong>re</strong></span> <span class='ocrx_word' id='word_1_509' title='bbox 1648 1279 1733 1302; x_wconf 82' lang='lat' dir='ltr'><strong>mate-</strong></span> 
     </span>
    </p>
   </div>
   <div class='ocr_carea' id='block_1_71' title="bbox 947 1320 1734 1355">
    <p class='ocr_par' dir='ltr' id='par_1_71' title="bbox 947 1320 1734 1355">
     <span class='ocr_line' id='line_1_71' title="bbox 947 1320 1734 1355; baseline -0.003 -7"><span class='ocrx_word' id='word_1_510' title='bbox 947 1321 1006 1348; x_wconf 81' lang='lat' dir='ltr'><strong>riali</strong></span> <span class='ocrx_word' id='word_1_511' title='bbox 1018 1325 1100 1355; x_wconf 90' lang='lat' dir='ltr'><strong>atque</strong></span> <span class='ocrx_word' id='word_1_512' title='bbox 1115 1320 1190 1347; x_wconf 93' lang='lat' dir='ltr'><strong>humi</strong></span> <span class='ocrx_word' id='word_1_513' title='bbox 1205 1320 1358 1355; x_wconf 86' lang='lat' dir='ltr'><strong>deprimere</strong></span> <span class='ocrx_word' id='word_1_514' title='bbox 1374 1321 1454 1348; x_wconf 84' lang='lat' dir='ltr'><strong>solita</strong></span> <span class='ocrx_word' id='word_1_515' title='bbox 1470 1321 1567 1347; x_wconf 83' lang='lat' dir='ltr'><strong>sivisse</strong></span> <span class='ocrx_word' id='word_1_516' title='bbox 1585 1320 1683 1355; x_wconf 87' lang='lat' dir='ltr'><strong>abripi,</strong></span> <span class='ocrx_word' id='word_1_517' title='bbox 1701 1327 1734 1347; x_wconf 88' lang='lat' dir='ltr'><strong>ne</strong></span> 
     </span>
    </p>
   </div>
   <div class='ocr_carea' id='block_1_72' title="bbox 947 1365 1734 1400">
    <p class='ocr_par' dir='ltr' id='par_1_72' title="bbox 947 1365 1734 1400">
     <span class='ocr_line' id='line_1_72' title="bbox 947 1365 1734 1400; baseline -0.001 -7"><span class='ocrx_word' id='word_1_518' title='bbox 947 1366 1001 1393; x_wconf 88' lang='lat' dir='ltr'><strong>illis</strong></span> <span class='ocrx_word' id='word_1_519' title='bbox 1015 1366 1085 1394; x_wconf 82' lang='lat' dir='ltr'><strong>forte</strong></span> <span class='ocrx_word' id='word_1_520' title='bbox 1096 1365 1185 1393; x_wconf 85' lang='lat' dir='ltr'><strong>ﬂuxus</strong></span> <span class='ocrx_word' id='word_1_521' title='bbox 1201 1366 1245 1393; x_wconf 84' lang='lat' dir='ltr'><strong>llic</strong></span> <span class='ocrx_word' id='word_1_522' title='bbox 1263 1366 1393 1399; x_wconf 87' lang='lat' dir='ltr'><strong>mundus,</strong></span> <span class='ocrx_word' id='word_1_523' title='bbox 1414 1366 1460 1400; x_wconf 89' lang='lat' dir='ltr'><strong>qui</strong></span> <span class='ocrx_word' id='word_1_524' title='bbox 1477 1366 1510 1393; x_wconf 87' lang='lat' dir='ltr'><strong>ad</strong></span> <span class='ocrx_word' id='word_1_525' title='bbox 1528 1366 1667 1393; x_wconf 90' lang='lat' dir='ltr'><strong>interitum</strong></span> <span class='ocrx_word' id='word_1_526' title='bbox 1683 1366 1734 1393; x_wconf 79' lang='lat' dir='ltr'><strong>du.-</strong></span> 
     </span>
    </p>
   </div>
   <div class='ocr_carea' id='block_1_73' title="bbox 947 1411 1734 1447">
    <p class='ocr_par' dir='ltr' id='par_1_73' title="bbox 947 1411 1734 1447">
     <span class='ocr_line' id='line_1_73' title="bbox 947 1411 1734 1447; baseline 0 -9"><span class='ocrx_word' id='word_1_527' title='bbox 947 1412 993 1443; x_wconf 89' lang='lat' dir='ltr'><strong>cit,</strong></span> <span class='ocrx_word' id='word_1_528' title='bbox 1007 1411 1168 1438; x_wconf 73' lang='lat' dir='ltr'><strong>adhaereret.</strong></span> <span class='ocrx_word' id='word_1_529' title='bbox 1190 1411 1264 1439; x_wconf 88' lang='lat' dir='ltr'><strong>Solet</strong></span> <span class='ocrx_word' id='word_1_530' title='bbox 1287 1412 1359 1440; x_wconf 89' lang='lat' dir='ltr'><strong>enim</strong></span> <span class='ocrx_word' id='word_1_531' title='bbox 1378 1419 1577 1446; x_wconf 74' lang='lat' dir='ltr'><strong>saepenumero,</strong></span> <span class='ocrx_word' id='word_1_532' title='bbox 1598 1412 1734 1447; x_wconf 70' lang='lat' dir='ltr'><strong>praecipue</strong></span> 
     </span>
    </p>
   </div>
   <div class='ocr_carea' id='block_1_74' title="bbox 947 1457 1733 1491">
    <p class='ocr_par' dir='ltr' id='par_1_74' title="bbox 947 1457 1733 1491">
     <span class='ocr_line' id='line_1_74' title="bbox 947 1457 1733 1491; baseline -0.003 -7"><span class='ocrx_word' id='word_1_533' title='bbox 947 1457 1213 1491; x_wconf 81' lang='lat' dir='ltr'><strong>impcrfectioribus,</strong></span> <span class='ocrx_word' id='word_1_534' title='bbox 1243 1457 1332 1485; x_wconf 90' lang='lat' dir='ltr'><strong>vietus</strong></span> <span class='ocrx_word' id='word_1_535' title='bbox 1358 1458 1504 1485; x_wconf 86' lang='lat' dir='ltr'><strong>necessarii</strong></span> <span class='ocrx_word' id='word_1_536' title='bbox 1526 1465 1612 1490; x_wconf 86' lang='lat' dir='ltr'><strong>cura,</strong></span> <span class='ocrx_word' id='word_1_537' title='bbox 1641 1465 1733 1484; x_wconf 85' lang='lat' dir='ltr'><strong>rerum</strong></span> 
     </span>
    </p>
   </div>
   <div class='ocr_carea' id='block_1_75' title="bbox 947 1503 1735 1538">
    <p class='ocr_par' dir='ltr' id='par_1_75' title="bbox 947 1503 1735 1538">
     <span class='ocr_line' id='line_1_75' title="bbox 947 1503 1735 1538; baseline 0 -9"><span class='ocrx_word' id='word_1_538' title='bbox 947 1510 1056 1538; x_wconf 87' lang='lat' dir='ltr'><strong>quoque</strong></span> <span class='ocrx_word' id='word_1_539' title='bbox 1067 1503 1265 1537; x_wconf 85' lang='lat' dir='ltr'><strong>superﬂuarum</strong></span> <span class='ocrx_word' id='word_1_540' title='bbox 1293 1511 1416 1538; x_wconf 88' lang='lat' dir='ltr'><strong>quasque</strong></span> <span class='ocrx_word' id='word_1_541' title='bbox 1439 1511 1506 1530; x_wconf 87' lang='lat' dir='ltr'><strong>usus</strong></span> <span class='ocrx_word' id='word_1_542' title='bbox 1535 1511 1588 1530; x_wconf 87' lang='lat' dir='ltr'><strong>non</strong></span> <span class='ocrx_word' id='word_1_543' title='bbox 1616 1503 1735 1537; x_wconf 78' lang='lat' dir='ltr'><strong>postulat</strong></span> 
     </span>
    </p>
   </div>
   <div class='ocr_carea' id='block_1_76' title="bbox 948 1549 1735 1584">
    <p class='ocr_par' dir='ltr' id='par_1_76' title="bbox 948 1549 1735 1584">
     <span class='ocr_line' id='line_1_76' title="bbox 948 1549 1735 1584; baseline -0.003 -8"><span class='ocrx_word' id='word_1_544' title='bbox 948 1549 1076 1583; x_wconf 83' lang='lat' dir='ltr'><strong>paulatim</strong></span> <span class='ocrx_word' id='word_1_545' title='bbox 1091 1550 1211 1577; x_wconf 88' lang='lat' dir='ltr'><strong>studium</strong></span> <span class='ocrx_word' id='word_1_546' title='bbox 1226 1549 1361 1584; x_wconf 74' lang='lat' dir='ltr'><strong>ingerere,</strong></span> <span class='ocrx_word' id='word_1_547' title='bbox 1378 1549 1550 1583; x_wconf 86' lang='lat' dir='ltr'><strong>multumque</strong></span> <span class='ocrx_word' id='word_1_548' title='bbox 1575 1549 1674 1576; x_wconf 73' lang='lat' dir='ltr'><strong>anima:</strong></span> <span class='ocrx_word' id='word_1_549' title='bbox 1689 1549 1735 1574; x_wconf 88' lang='lat' dir='ltr'><strong>de-</strong></span> 
     </span>
    </p>
   </div>
   <div class='ocr_carea' id='block_1_77' title="bbox 945 1594 1734 1630">
    <p class='ocr_par' dir='ltr' id='par_1_77' title="bbox 945 1594 1734 1630">
     <span class='ocr_line' id='line_1_77' title="bbox 945 1594 1734 1630; baseline -0.001 -8"><span class='ocrx_word' id='word_1_550' title='bbox 945 1596 1101 1623; x_wconf 87' lang='lat' dir='ltr'><strong>trimentum</strong></span> <span class='ocrx_word' id='word_1_551' title='bbox 1137 1595 1247 1623; x_wconf 77' lang='lat' dir='ltr'><strong>aﬂ&#39;erre.</strong></span> <span class='ocrx_word' id='word_1_552' title='bbox 1276 1595 1434 1630; x_wconf 77' lang='lat' dir='ltr'><strong>Propterea,</strong></span> <span class='ocrx_word' id='word_1_553' title='bbox 1467 1595 1571 1626; x_wconf 89' lang='lat' dir='ltr'><strong>dicunt,</strong></span> <span class='ocrx_word' id='word_1_554' title='bbox 1604 1594 1734 1622; x_wconf 87' lang='lat' dir='ltr'><strong>Servator</strong></span> 
     </span>
    </p>
   </div>
   <div class='ocr_carea' id='block_1_78' title="bbox 946 1640 1731 1676">
    <p class='ocr_par' dir='ltr' id='par_1_78' title="bbox 946 1640 1731 1676">
     <span class='ocr_line' id='line_1_78' title="bbox 946 1640 1731 1676; baseline 0 -8"><span class='ocrx_word' id='word_1_555' title='bbox 946 1649 1032 1676; x_wconf 76' lang='lat' dir='ltr'><strong>nuper</strong></span> <span class='ocrx_word' id='word_1_556' title='bbox 1057 1642 1173 1669; x_wconf 87' lang='lat' dir='ltr'><strong>initiatis</strong></span> <span class='ocrx_word' id='word_1_557' title='bbox 1201 1641 1344 1676; x_wconf 74' lang='lat' dir='ltr'><strong>discipulis</strong></span> <span class='ocrx_word' id='word_1_558' title='bbox 1367 1641 1560 1671; x_wconf 76' lang='lat' dir='ltr'><strong>inter-dicebat.</strong></span> <span class='ocrx_word' id='word_1_559' title='bbox 1582 1640 1731 1675; x_wconf 82' lang='lat' dir='ltr'><strong>quominus</strong></span> 
     </span>
    </p>
   </div>
   <div class='ocr_carea' id='block_1_79' title="bbox 946 1685 1732 1722">
    <p class='ocr_par' dir='ltr' id='par_1_79' title="bbox 946 1685 1732 1722">
     <span class='ocr_line' id='line_1_79' title="bbox 946 1685 1732 1722; baseline -0.004 -7"><span class='ocrx_word' id='word_1_560' title='bbox 946 1688 1063 1715; x_wconf 82' lang='lat' dir='ltr'><strong>terrenis</strong></span> <span class='ocrx_word' id='word_1_561' title='bbox 1076 1689 1159 1715; x_wconf 84' lang='lat' dir='ltr'><strong>rebus</strong></span> <span class='ocrx_word' id='word_1_562' title='bbox 1174 1687 1369 1722; x_wconf 80' lang='lat' dir='ltr'><strong>corporeisque</strong></span> <span class='ocrx_word' id='word_1_563' title='bbox 1388 1687 1616 1714; x_wconf 79' lang='lat' dir='ltr'><strong>distraherentur.</strong></span> <span class='ocrx_word' id='word_1_564' title='bbox 1629 1685 1732 1713; x_wconf 85' lang='lat' dir='ltr'><strong>Deinde</strong></span> 
     </span>
    </p>
   </div>
   <div class='ocr_carea' id='block_1_80' title="bbox 946 1732 1733 1767">
    <p class='ocr_par' dir='ltr' id='par_1_80' title="bbox 946 1732 1733 1767">
     <span class='ocr_line' id='line_1_80' title="bbox 946 1732 1733 1767; baseline -0.003 -7"><span class='ocrx_word' id='word_1_565' title='bbox 946 1737 1035 1760; x_wconf 83' lang='lat' dir='ltr'><strong>autem</strong></span> <span class='ocrx_word' id='word_1_566' title='bbox 1053 1740 1138 1767; x_wconf 80' lang='lat' dir='ltr'><strong>agone</strong></span> <span class='ocrx_word' id='word_1_567' title='bbox 1151 1733 1207 1767; x_wconf 83' lang='lat' dir='ltr'><strong>jam</strong></span> <span class='ocrx_word' id='word_1_568' title='bbox 1227 1733 1379 1760; x_wconf 88' lang='lat' dir='ltr'><strong>houorilice</strong></span> <span class='ocrx_word' id='word_1_569' title='bbox 1405 1737 1527 1767; x_wconf 84' lang='lat' dir='ltr'><strong>peracto,</strong></span> <span class='ocrx_word' id='word_1_570' title='bbox 1556 1732 1733 1759; x_wconf 85' lang='lat' dir='ltr'><strong>documento-</strong></span> 
     </span>
    </p>
   </div>
   <div class='ocr_carea' id='block_1_81' title="bbox 945 1778 1732 1813">
    <p class='ocr_par' dir='ltr' id='par_1_81' title="bbox 945 1778 1732 1813">
     <span class='ocr_line' id='line_1_81' title="bbox 945 1778 1732 1813; baseline -0.001 -8"><span class='ocrx_word' id='word_1_571' title='bbox 945 1786 998 1812; x_wconf 87' lang='lat' dir='ltr'><strong>que</strong></span> <span class='ocrx_word' id='word_1_572' title='bbox 1026 1778 1094 1805; x_wconf 84' lang='lat' dir='ltr'><strong>satis</strong></span> <span class='ocrx_word' id='word_1_573' title='bbox 1116 1779 1189 1805; x_wconf 86' lang='lat' dir='ltr'><strong>edito</strong></span> <span class='ocrx_word' id='word_1_574' title='bbox 1219 1783 1387 1813; x_wconf 83' lang='lat' dir='ltr'><strong>quantopere</strong></span> <span class='ocrx_word' id='word_1_575' title='bbox 1412 1778 1531 1804; x_wconf 85' lang='lat' dir='ltr'><strong>carnalia</strong></span> <span class='ocrx_word' id='word_1_576' title='bbox 1563 1782 1732 1812; x_wconf 84' lang='lat' dir='ltr'><strong>spernerent,</strong></span> 
     </span>
    </p>
   </div>
   <div class='ocr_carea' id='block_1_82' title="bbox 945 1822 1733 1858">
    <p class='ocr_par' dir='ltr' id='par_1_82' title="bbox 945 1822 1733 1858">
     <span class='ocr_line' id='line_1_82' title="bbox 945 1822 1733 1858; baseline -0.003 -8"><span class='ocrx_word' id='word_1_577' title='bbox 945 1822 1085 1850; x_wconf 88' lang='lat' dir='ltr'><strong>Dominica</strong></span> <span class='ocrx_word' id='word_1_578' title='bbox 1099 1823 1209 1858; x_wconf 85' lang='lat' dir='ltr'><strong>insuper</strong></span> <span class='ocrx_word' id='word_1_579' title='bbox 1228 1824 1353 1856; x_wconf 85' lang='lat' dir='ltr'><strong>passione</strong></span> <span class='ocrx_word' id='word_1_580' title='bbox 1374 1822 1503 1853; x_wconf 79' lang='lat' dir='ltr'><strong>instante.</strong></span> <span class='ocrx_word' id='word_1_581' title='bbox 1518 1826 1662 1856; x_wconf 83' lang='lat' dir='ltr'><strong>postquam</strong></span> <span class='ocrx_word' id='word_1_582' title='bbox 1675 1828 1733 1848; x_wconf 83' lang='lat' dir='ltr'><strong>ten-</strong></span> 
     </span>
    </p>
   </div>
   <div class='ocr_carea' id='block_1_83' title="bbox 945 1865 1730 1901">
    <p class='ocr_par' dir='ltr' id='par_1_83' title="bbox 945 1865 1730 1901">
     <span class='ocr_line' id='line_1_83' title="bbox 945 1865 1730 1901; baseline -0.004 -7"><span class='ocrx_word' id='word_1_583' title='bbox 945 1868 1093 1895; x_wconf 86' lang='lat' dir='ltr'><strong>tationibus</strong></span> <span class='ocrx_word' id='word_1_584' title='bbox 1105 1867 1258 1894; x_wconf 88' lang='lat' dir='ltr'><strong>innumeris</strong></span> <span class='ocrx_word' id='word_1_585' title='bbox 1271 1868 1379 1894; x_wconf 75' lang='lat' dir='ltr'><strong>atltletze</strong></span> <span class='ocrx_word' id='word_1_586' title='bbox 1392 1867 1588 1901; x_wconf 79' lang='lat' dir='ltr'><strong>propemodum</strong></span> <span class='ocrx_word' id='word_1_587' title='bbox 1597 1865 1730 1892; x_wconf 88' lang='lat' dir='ltr'><strong>obruendi</strong></span> 
     </span>
    </p>
   </div>
   <div class='ocr_carea' id='block_1_84' title="bbox 944 1909 1734 1947">
    <p class='ocr_par' dir='ltr' id='par_1_84' title="bbox 944 1909 1734 1947">
     <span class='ocr_line' id='line_1_84' title="bbox 944 1909 1734 1947; baseline -0.004 -8"><span class='ocrx_word' id='word_1_588' title='bbox 944 1917 1033 1943; x_wconf 83' lang='lat' dir='ltr'><strong>erant.</strong></span> <span class='ocrx_word' id='word_1_589' title='bbox 1051 1917 1133 1947; x_wconf 86' lang='lat' dir='ltr'><strong>atque</strong></span> <span class='ocrx_word' id='word_1_590' title='bbox 1169 1912 1332 1939; x_wconf 89' lang='lat' dir='ltr'><strong>intolerabili</strong></span> <span class='ocrx_word' id='word_1_591' title='bbox 1354 1911 1573 1945; x_wconf 87' lang='lat' dir='ltr'><strong>persecutionum</strong></span> <span class='ocrx_word' id='word_1_592' title='bbox 1596 1909 1734 1945; x_wconf 72' lang='lat' dir='ltr'><strong>angustia-</strong></span> 
     </span>
    </p>
   </div>
   <div class='ocr_carea' id='block_1_85' title="bbox 945 1954 1732 1992">
    <p class='ocr_par' dir='ltr' id='par_1_85' title="bbox 945 1954 1732 1992">
     <span class='ocr_line' id='line_1_85' title="bbox 945 1954 1732 1992; baseline -0.003 -9"><span class='ocrx_word' id='word_1_593' title='bbox 945 1964 1059 1992; x_wconf 88' lang='lat' dir='ltr'><strong>rumque</strong></span> <span class='ocrx_word' id='word_1_594' title='bbox 1080 1957 1204 1991; x_wconf 65' lang='lat' dir='ltr'><strong>procellae</strong></span> <span class='ocrx_word' id='word_1_595' title='bbox 1231 1956 1395 1990; x_wconf 85' lang='lat' dir='ltr'><strong>objiciendi;</strong></span> <span class='ocrx_word' id='word_1_596' title='bbox 1425 1955 1529 1982; x_wconf 88' lang='lat' dir='ltr'><strong>idcirco</strong></span> <span class='ocrx_word' id='word_1_597' title='bbox 1552 1954 1667 1981; x_wconf 62' lang='lat' dir='ltr'><strong>modicae</strong></span> <span class='ocrx_word' id='word_1_598' title='bbox 1693 1955 1732 1981; x_wconf 84' lang='lat' dir='ltr'><strong>rei</strong></span> 
     </span>
    </p>
   </div>
   <div class='ocr_carea' id='block_1_86' title="bbox 945 2000 1733 2037">
    <p class='ocr_par' dir='ltr' id='par_1_86' title="bbox 945 2000 1733 2037">
     <span class='ocr_line' id='line_1_86' title="bbox 945 2000 1733 2037; baseline -0.004 -8"><span class='ocrx_word' id='word_1_599' title='bbox 945 2002 1088 2029; x_wconf 79' lang='lat' dir='ltr'><strong>fatniliaris</strong></span> <span class='ocrx_word' id='word_1_600' title='bbox 1117 2009 1273 2037; x_wconf 85' lang='lat' dir='ltr'><strong>possessum</strong></span> <span class='ocrx_word' id='word_1_601' title='bbox 1297 2001 1441 2033; x_wconf 88' lang='lat' dir='ltr'><strong>concedit,</strong></span> <span class='ocrx_word' id='word_1_602' title='bbox 1471 2008 1525 2035; x_wconf 92' lang='lat' dir='ltr'><strong>quo</strong></span> <span class='ocrx_word' id='word_1_603' title='bbox 1551 2000 1654 2027; x_wconf 87' lang='lat' dir='ltr'><strong>scilicet</strong></span> <span class='ocrx_word' id='word_1_604' title='bbox 1679 2000 1733 2026; x_wconf 92' lang='lat' dir='ltr'><strong>vita</strong></span> 
     </span>
    </p>
   </div>
   <div class='ocr_carea' id='block_1_87' title="bbox 945 2045 1730 2083">
    <p class='ocr_par' dir='ltr' id='par_1_87' title="bbox 945 2045 1730 2083">
     <span class='ocr_line' id='line_1_87' title="bbox 945 2045 1730 2083; baseline -0.004 -8"><span class='ocrx_word' id='word_1_605' title='bbox 945 2053 1154 2076; x_wconf 84' lang='lat' dir='ltr'><strong>sustentaretur.</strong></span> <span class='ocrx_word' id='word_1_606' title='bbox 1171 2047 1294 2083; x_wconf 84' lang='lat' dir='ltr'><strong>Namque</strong></span> <span class='ocrx_word' id='word_1_607' title='bbox 1308 2048 1430 2074; x_wconf 73' lang='lat' dir='ltr'><strong>avaritiae</strong></span> <span class='ocrx_word' id='word_1_608' title='bbox 1442 2048 1509 2074; x_wconf 88' lang='lat' dir='ltr'><strong>vitio</strong></span> <span class='ocrx_word' id='word_1_609' title='bbox 1529 2055 1559 2074; x_wconf 73' lang='lat' dir='ltr'><strong>ex</strong></span> <span class='ocrx_word' id='word_1_610' title='bbox 1572 2045 1730 2081; x_wconf 76' lang='lat' dir='ltr'><strong>apostolicis</strong></span> 
     </span>
    </p>
   </div>
   <div class='ocr_carea' id='block_1_88' title="bbox 945 2092 1734 2129">
    <p class='ocr_par' dir='ltr' id='par_1_88' title="bbox 945 2092 1734 2129">
     <span class='ocr_line' id='line_1_88' title="bbox 945 2092 1734 2129; baseline -0.004 -8"><span class='ocrx_word' id='word_1_611' title='bbox 945 2094 1069 2122; x_wconf 91' lang='lat' dir='ltr'><strong>moribus</strong></span> <span class='ocrx_word' id='word_1_612' title='bbox 1105 2095 1214 2129; x_wconf 84' lang='lat' dir='ltr'><strong>vitaque</strong></span> <span class='ocrx_word' id='word_1_613' title='bbox 1253 2094 1375 2121; x_wconf 73' lang='lat' dir='ltr'><strong>funditus</strong></span> <span class='ocrx_word' id='word_1_614' title='bbox 1412 2100 1518 2124; x_wconf 81' lang='lat' dir='ltr'><strong>everso,</strong></span> <span class='ocrx_word' id='word_1_615' title='bbox 1546 2092 1734 2127; x_wconf 67' lang='lat' dir='ltr'><strong>persecutione</strong></span> 
     </span>
    </p>
   </div>
   <div class='ocr_carea' id='block_1_89' title="bbox 945 2138 1731 2174">
    <p class='ocr_par' dir='ltr' id='par_1_89' title="bbox 945 2138 1731 2174">
     <span class='ocr_line' id='line_1_89' title="bbox 945 2138 1731 2174; baseline -0.005 -7"><span class='ocrx_word' id='word_1_616' title='bbox 945 2145 1034 2167; x_wconf 85' lang='lat' dir='ltr'><strong>autem</strong></span> <span class='ocrx_word' id='word_1_617' title='bbox 1051 2140 1223 2167; x_wconf 87' lang='lat' dir='ltr'><strong>vehementer</strong></span> <span class='ocrx_word' id='word_1_618' title='bbox 1236 2144 1317 2174; x_wconf 88' lang='lat' dir='ltr'><strong>atque</strong></span> <span class='ocrx_word' id='word_1_619' title='bbox 1342 2139 1542 2166; x_wconf 89' lang='lat' dir='ltr'><strong>intolerandum</strong></span> <span class='ocrx_word' id='word_1_620' title='bbox 1566 2139 1593 2165; x_wconf 92' lang='lat' dir='ltr'><strong>in</strong></span> <span class='ocrx_word' id='word_1_621' title='bbox 1619 2138 1731 2164; x_wconf 81' lang='lat' dir='ltr'><strong>modum</strong></span> 
     </span>
    </p>
   </div>
   <div class='ocr_carea' id='block_1_90' title="bbox 103 2181 896 2222">
    <p class='ocr_par' dir='ltr' id='par_1_90' title="bbox 103 2181 896 2218">
     <span class='ocr_line' id='line_1_90' title="bbox 103 2181 896 2218; baseline -0.003 -7"><span class='ocrx_word' id='word_1_622' title='bbox 103 2194 163 2216; x_wconf 83' lang='grc' dir='ltr'>τος,</span> <span class='ocrx_word' id='word_1_623' title='bbox 175 2185 224 2211; x_wconf 79' lang='grc' dir='ltr'>καὶ</span> <span class='ocrx_word' id='word_1_624' title='bbox 237 2183 285 2210; x_wconf 91' lang='grc' dir='ltr'><strong>τοῦ</strong></span> <span class='ocrx_word' id='word_1_625' title='bbox 297 2183 418 2218; x_wconf 83' lang='grc' dir='ltr'>διωγμοῦ</span> <span class='ocrx_word' id='word_1_626' title='bbox 430 2183 544 2218; x_wconf 79' lang='grc' dir='ltr'>σφοδρὸν</span> <span class='ocrx_word' id='word_1_627' title='bbox 555 2183 601 2209; x_wconf 79' lang='grc' dir='ltr'>καὶ</span> <span class='ocrx_word' id='word_1_628' title='bbox 607 2181 795 2210; x_wconf 82' lang='grc' dir='ltr'>’ἀνυπόστατον</span> <span class='ocrx_word' id='word_1_629' title='bbox 806 2184 896 2210; x_wconf 84' lang='grc' dir='ltr'>πνέον·</span> 
     </span>
    </p>
   </div>
   <div class='ocr_carea' id='block_1_91' title="bbox 985 2181 1732 2222">
    <p class='ocr_par' dir='ltr' id='par_1_91' title="bbox 985 2185 1732 2220">
     <span class='ocr_line' id='line_1_91' title="bbox 985 2185 1732 2220; baseline -0.004 -8"><span class='ocrx_word' id='word_1_630' title='bbox 985 2191 1038 2218; x_wconf 89' lang='lat' dir='ltr'><strong>nte,</strong></span> <span class='ocrx_word' id='word_1_631' title='bbox 1056 2193 1164 2220; x_wconf 86' lang='lat' dir='ltr'><strong>aequum</strong></span> <span class='ocrx_word' id='word_1_632' title='bbox 1177 2190 1236 2212; x_wconf 90' lang='lat' dir='ltr'><strong>erat</strong></span> <span class='ocrx_word' id='word_1_633' title='bbox 1256 2185 1378 2212; x_wconf 86' lang='lat' dir='ltr'><strong>solamen</strong></span> <span class='ocrx_word' id='word_1_634' title='bbox 1403 2185 1514 2219; x_wconf 89' lang='lat' dir='ltr'><strong>aliquod</strong></span> <span class='ocrx_word' id='word_1_635' title='bbox 1550 2191 1583 2211; x_wconf 88' lang='lat' dir='ltr'><strong>ac</strong></span> <span class='ocrx_word' id='word_1_636' title='bbox 1606 2188 1732 2218; x_wconf 85' lang='lat' dir='ltr'><strong>tauquam</strong></span> 
     </span>
    </p>
   </div>
   <div class='ocr_carea' id='block_1_92' title="bbox 105 2228 895 2264">
    <p class='ocr_par' dir='ltr' id='par_1_92' title="bbox 105 2228 895 2264">
     <span class='ocr_line' id='line_1_92' title="bbox 105 2228 895 2264; baseline -0.003 -8"><span class='ocrx_word' id='word_1_637' title='bbox 105 2239 163 2262; x_wconf 76' lang='grc' dir='ltr'>τος,</span> <span class='ocrx_word' id='word_1_638' title='bbox 183 2229 267 2264; x_wconf 74' lang='grc' dir='ltr'>ἐχρῆν</span> <span class='ocrx_word' id='word_1_639' title='bbox 291 2237 317 2255; x_wconf 86' lang='grc' dir='ltr'><strong>τι</strong></span> <span class='ocrx_word' id='word_1_640' title='bbox 340 2228 512 2264; x_wconf 79' lang='grc' dir='ltr'>παραμύθιον</span> <span class='ocrx_word' id='word_1_641' title='bbox 531 2228 570 2259; x_wconf 83' lang='grc' dir='ltr'><strong>εἰς</strong></span> <span class='ocrx_word' id='word_1_642' title='bbox 595 2228 700 2262; x_wconf 76' lang='grc' dir='ltr'>ἑφόδιον</span> <span class='ocrx_word' id='word_1_643' title='bbox 729 2229 821 2263; x_wconf 83' lang='grc' dir='ltr'>φέρειν</span> <span class='ocrx_word' id='word_1_644' title='bbox 845 2228 895 2262; x_wconf 83' lang='grc' dir='ltr'>τῆς</span> 
     </span>
    </p>
   </div>
   <div class='ocr_carea' id='block_1_93' title="bbox 105 2273 895 2310">
    <p class='ocr_par' dir='ltr' id='par_1_93' title="bbox 105 2273 895 2310">
     <span class='ocr_line' id='line_1_93' title="bbox 105 2273 895 2310; baseline -0.001 -8"><span class='ocrx_word' id='word_1_645' title='bbox 105 2275 279 2310; x_wconf 70' lang='grc' dir='ltr'>πανταχόθεν</span> <span class='ocrx_word' id='word_1_646' title='bbox 302 2274 525 2309; x_wconf 79' lang='grc' dir='ltr'>ὲπηρεαζομένης</span> <span class='ocrx_word' id='word_1_647' title='bbox 548 2273 622 2309; x_wconf 82' lang='grc' dir='ltr'>ζωῆς</span> <span class='ocrx_word' id='word_1_648' title='bbox 634 2283 640 2290; x_wconf 94' lang='grc'><strong>·</strong></span> <span class='ocrx_word' id='word_1_649' title='bbox 658 2275 706 2301; x_wconf 75' lang='grc' dir='ltr'>καὶ</span> <span class='ocrx_word' id='word_1_650' title='bbox 726 2275 781 2301; x_wconf 79' lang='grc' dir='ltr'>οὐδ’</span> <span class='ocrx_word' id='word_1_651' title='bbox 794 2276 822 2301; x_wconf 80' lang='grc' dir='ltr'>ὲν</span> <span class='ocrx_word' id='word_1_652' title='bbox 839 2275 895 2301; x_wconf 78' lang='grc' dir='ltr'>οὐδ’</span> 
     </span>
    </p>
   </div>
   <div class='ocr_carea' id='block_1_94' title="bbox 105 2319 895 2355">
    <p class='ocr_par' dir='ltr' id='par_1_94' title="bbox 105 2319 895 2355">
     <span class='ocr_line' id='line_1_94' title="bbox 105 2319 895 2355; baseline -0.001 -8"><span class='ocrx_word' id='word_1_653' title='bbox 105 2321 175 2352; x_wconf 76' lang='grc' dir='ltr'>ὅλως</span> <span class='ocrx_word' id='word_1_654' title='bbox 190 2320 294 2355; x_wconf 71' lang='grc' dir='ltr'>θατέρᾳ.</span> <span class='ocrx_word' id='word_1_655' title='bbox 310 2320 356 2354; x_wconf 85' lang='grc' dir='ltr'>τῆς</span> <span class='ocrx_word' id='word_1_656' title='bbox 367 2320 475 2354; x_wconf 76' lang='grc' dir='ltr'>ἐντολῆς</span> <span class='ocrx_word' id='word_1_657' title='bbox 491 2319 600 2355; x_wconf 81' lang='grc' dir='ltr'>ήὲτὲρα</span> <span class='ocrx_word' id='word_1_658' title='bbox 615 2320 790 2355; x_wconf 85' lang='grc' dir='ltr'>λυμαίνεται·</span> <span class='ocrx_word' id='word_1_659' title='bbox 802 2320 895 2355; x_wconf 86' lang='grc' dir='ltr'>ὥσπερ</span> 
     </span>
    </p>
   </div>
   <div class='ocr_carea' id='block_1_95' title="bbox 106 2365 895 2402">
    <p class='ocr_par' dir='ltr' id='par_1_95' title="bbox 106 2365 895 2402">
     <span class='ocr_line' id='line_1_95' title="bbox 106 2365 895 2402; baseline 0.001 -10"><span class='ocrx_word' id='word_1_660' title='bbox 106 2366 161 2393; x_wconf 75' lang='grc' dir='ltr'>οὐδ’</span> <span class='ocrx_word' id='word_1_661' title='bbox 178 2367 206 2392; x_wconf 83' lang='grc' dir='ltr'><strong>εί</strong></span> <span class='ocrx_word' id='word_1_662' title='bbox 217 2374 259 2397; x_wconf 83' lang='grc' dir='ltr'><strong>τις</strong></span> <span class='ocrx_word' id='word_1_663' title='bbox 275 2365 444 2400; x_wconf 81' lang='grc' dir='ltr'>στρατιώτην</span> <span class='ocrx_word' id='word_1_664' title='bbox 461 2366 530 2400; x_wconf 83' lang='grc' dir='ltr'>μετὰ</span> <span class='ocrx_word' id='word_1_665' title='bbox 549 2366 627 2397; x_wconf 87' lang='grc' dir='ltr'>νίκας</span> <span class='ocrx_word' id='word_1_666' title='bbox 649 2367 695 2392; x_wconf 76' lang='grc' dir='ltr'>καὶ</span> <span class='ocrx_word' id='word_1_667' title='bbox 707 2367 824 2402; x_wconf 82' lang='grc' dir='ltr'>τρόπαια</span> <span class='ocrx_word' id='word_1_668' title='bbox 841 2367 895 2394; x_wconf 87' lang='grc' dir='ltr'><strong>τῶν</strong></span> 
     </span>
    </p>
   </div>
   <div class='ocr_carea' id='block_1_96' title="bbox 107 2410 896 2447">
    <p class='ocr_par' dir='ltr' id='par_1_96' title="bbox 107 2410 896 2447">
     <span class='ocr_line' id='line_1_96' title="bbox 107 2410 896 2447; baseline 0.001 -10"><span class='ocrx_word' id='word_1_669' title='bbox 107 2411 266 2447; x_wconf 81' lang='grc' dir='ltr'>πολεμικῶν</span> <span class='ocrx_word' id='word_1_670' title='bbox 289 2411 403 2444; x_wconf 80' lang='grc' dir='ltr'>ἀγώνων</span> <span class='ocrx_word' id='word_1_671' title='bbox 424 2410 492 2442; x_wconf 85' lang='grc' dir='ltr'>τέως</span> <span class='ocrx_word' id='word_1_672' title='bbox 516 2411 632 2446; x_wconf 81' lang='grc' dir='ltr'>ἀπάγων</span> <span class='ocrx_word' id='word_1_673' title='bbox 650 2411 740 2438; x_wconf 74' lang='grc' dir='ltr'>δίδωσι</span> <span class='ocrx_word' id='word_1_674' title='bbox 758 2414 829 2438; x_wconf 88' lang='grc' dir='ltr'>πιεῖν</span> <span class='ocrx_word' id='word_1_675' title='bbox 849 2412 896 2438; x_wconf 77' lang='grc' dir='ltr'>καὶ</span> 
     </span>
    </p>
   </div>
   <div class='ocr_carea' id='block_1_97' title="bbox 106 2455 896 2492">
    <p class='ocr_par' dir='ltr' id='par_1_97' title="bbox 106 2455 896 2492">
     <span class='ocr_line' id='line_1_97' title="bbox 106 2455 896 2492; baseline 0.003 -10"><span class='ocrx_word' id='word_1_676' title='bbox 106 2457 158 2482; x_wconf 74' lang='grc' dir='ltr'>ὅσα</span> <span class='ocrx_word' id='word_1_677' title='bbox 179 2456 276 2491; x_wconf 85' lang='grc' dir='ltr'>είρὴνη</span> <span class='ocrx_word' id='word_1_678' title='bbox 298 2455 458 2491; x_wconf 83' lang='grc' dir='ltr'>χαρίζεται·</span> <span class='ocrx_word' id='word_1_679' title='bbox 474 2455 490 2491; x_wconf 87' lang='grc' dir='ltr'>ἢ</span> <span class='ocrx_word' id='word_1_680' title='bbox 509 2456 536 2482; x_wconf 74' lang='grc' dir='ltr'>εἴ</span> <span class='ocrx_word' id='word_1_681' title='bbox 551 2465 592 2487; x_wconf 86' lang='grc' dir='ltr'><strong>τις</strong></span> <span class='ocrx_word' id='word_1_682' title='bbox 610 2457 649 2488; x_wconf 88' lang='grc' dir='ltr'><strong>είς</strong></span> <span class='ocrx_word' id='word_1_683' title='bbox 669 2457 829 2483; x_wconf 76' lang='grc' dir='ltr'>διδασκάλου</span> <span class='ocrx_word' id='word_1_684' title='bbox 846 2457 896 2492; x_wconf 77' lang='grc' dir='ltr'>μὲν</span> 
     </span>
    </p>
   </div>
   <div class='ocr_carea' id='block_1_98' title="bbox 109 2499 895 2537">
    <p class='ocr_par' dir='ltr' id='par_1_98' title="bbox 109 2499 895 2537">
     <span class='ocr_line' id='line_1_98' title="bbox 109 2499 895 2537; baseline 0.004 -12"><span class='ocrx_word' id='word_1_685' title='bbox 109 2500 247 2534; x_wconf 57' lang='grc' dir='ltr'>ςεοιτῶντα</span> <span class='ocrx_word' id='word_1_686' title='bbox 268 2499 361 2531; x_wconf 79' lang='grc' dir='ltr'>ἄλλαις</span> <span class='ocrx_word' id='word_1_687' title='bbox 378 2502 507 2527; x_wconf 80' lang='grc' dir='ltr'>συνασκεῖ</span> <span class='ocrx_word' id='word_1_688' title='bbox 529 2501 665 2536; x_wconf 80' lang='grc' dir='ltr'>μελέταις,</span> <span class='ocrx_word' id='word_1_689' title='bbox 687 2501 732 2528; x_wconf 79' lang='grc' dir='ltr'>τὸν</span> <span class='ocrx_word' id='word_1_690' title='bbox 752 2502 852 2537; x_wconf 72' lang='grc' dir='ltr'>ἔφηϐον</span> <span class='ocrx_word' id='word_1_691' title='bbox 867 2502 895 2528; x_wconf 84' lang='grc' dir='ltr'>δὲ</span> 
     </span>
    </p>
   </div>
   <div class='ocr_carea' id='block_1_99' title="bbox 108 2545 896 2581">
    <p class='ocr_par' dir='ltr' id='par_1_99' title="bbox 108 2545 896 2581">
     <span class='ocr_line' id='line_1_99' title="bbox 108 2545 896 2581; baseline 0.003 -10"><span class='ocrx_word' id='word_1_692' title='bbox 108 2545 241 2578; x_wconf 78' lang='grc' dir='ltr'>διεξιόντα</span> <span class='ocrx_word' id='word_1_693' title='bbox 264 2545 424 2580; x_wconf 83' lang='grc' dir='ltr'>βαθυτέροις</span> <span class='ocrx_word' id='word_1_694' title='bbox 440 2546 530 2580; x_wconf 81' lang='grc' dir='ltr'>νόμοις</span> <span class='ocrx_word' id='word_1_695' title='bbox 552 2546 600 2573; x_wconf 84' lang='grc' dir='ltr'>καὶ</span> <span class='ocrx_word' id='word_1_696' title='bbox 614 2546 794 2581; x_wconf 78' lang='grc' dir='ltr'>ὑψηλοτέραις</span> <span class='ocrx_word' id='word_1_697' title='bbox 813 2547 896 2581; x_wconf 78' lang='grc' dir='ltr'>ἐγγυ-</span> 
     </span>
    </p>
   </div>
   <div class='ocr_carea' id='block_1_100' title="bbox 112 2590 896 2627">
    <p class='ocr_par' dir='ltr' id='par_1_100' title="bbox 112 2590 896 2627">
     <span class='ocr_line' id='line_1_100' title="bbox 112 2590 896 2627; baseline 0.003 -10"><span class='ocrx_word' id='word_1_698' title='bbox 112 2590 208 2626; x_wconf 74' lang='grc' dir='ltr'>μνάζει</span> <span class='ocrx_word' id='word_1_699' title='bbox 226 2592 356 2626; x_wconf 78' lang='grc' dir='ltr'>Θεωρίαις</span> <span class='ocrx_word' id='word_1_700' title='bbox 367 2599 374 2606; x_wconf 94' lang='grc'><strong>·</strong></span> <span class='ocrx_word' id='word_1_701' title='bbox 392 2592 439 2618; x_wconf 75' lang='grc' dir='ltr'>καὶ</span> <span class='ocrx_word' id='word_1_702' title='bbox 455 2592 579 2625; x_wconf 85' lang='grc' dir='ltr'>ποίμνιον</span> <span class='ocrx_word' id='word_1_703' title='bbox 593 2592 642 2627; x_wconf 84' lang='grc' dir='ltr'>μὲν</span> <span class='ocrx_word' id='word_1_704' title='bbox 656 2592 746 2624; x_wconf 79' lang='grc' dir='ltr'>ἄλλοις</span> <span class='ocrx_word' id='word_1_705' title='bbox 757 2592 831 2619; x_wconf 75' lang='grc' dir='ltr'>ἔθεσι</span> <span class='ocrx_word' id='word_1_706' title='bbox 849 2594 896 2619; x_wconf 82' lang='grc' dir='ltr'>καὶ</span> 
     </span>
    </p>
   </div>
   <div class='ocr_carea' id='block_1_101' title="bbox 111 2637 896 2674">
    <p class='ocr_par' dir='ltr' id='par_1_101' title="bbox 111 2637 896 2674">
     <span class='ocr_line' id='line_1_101' title="bbox 111 2637 896 2674; baseline 0.003 -11"><span class='ocrx_word' id='word_1_707' title='bbox 111 2637 220 2672; x_wconf 77' lang='grc' dir='ltr'>θεσμοῖς</span> <span class='ocrx_word' id='word_1_708' title='bbox 236 2637 402 2671; x_wconf 76' lang='grc' dir='ltr'>εὐθηνεῐται,</span> <span class='ocrx_word' id='word_1_709' title='bbox 414 2638 460 2663; x_wconf 80' lang='grc' dir='ltr'>τὸν</span> <span class='ocrx_word' id='word_1_710' title='bbox 475 2638 594 2673; x_wconf 65' lang='grc' dir='ltr'>ποιμένα</span> <span class='ocrx_word' id='word_1_711' title='bbox 611 2637 640 2664; x_wconf 83' lang='grc' dir='ltr'>δὲ</span> <span class='ocrx_word' id='word_1_712' title='bbox 658 2638 708 2674; x_wconf 87' lang='grc' dir='ltr'>οὐχ</span> <span class='ocrx_word' id='word_1_713' title='bbox 732 2639 749 2673; x_wconf 85' lang='grc' dir='ltr'>ἡ</span> <span class='ocrx_word' id='word_1_714' title='bbox 763 2638 832 2674; x_wconf 84' lang='grc' dir='ltr'>αὑτὴ</span> <span class='ocrx_word' id='word_1_715' title='bbox 848 2638 896 2665; x_wconf 86' lang='grc' dir='ltr'><strong>τοῦ</strong></span> 
     </span>
    </p>
   </div>
   <div class='ocr_carea' id='block_1_102' title="bbox 112 2682 463 2719">
    <p class='ocr_par' dir='ltr' id='par_1_102' title="bbox 112 2682 463 2719">
     <span class='ocr_line' id='line_1_102' title="bbox 112 2682 463 2719; baseline 0.003 -10"><span class='ocrx_word' id='word_1_716' title='bbox 112 2682 169 2719; x_wconf 80' lang='grc' dir='ltr'>βίου</span> <span class='ocrx_word' id='word_1_717' title='bbox 183 2682 276 2719; x_wconf 73' lang='grc' dir='ltr'>τρίϐος</span> <span class='ocrx_word' id='word_1_718' title='bbox 287 2683 463 2717; x_wconf 49' lang='grc' dir='ltr'>κατευθύνειη</span> 
     </span>
    </p>
   </div>
   <div class='ocr_carea' id='block_1_103' title="bbox 146 2813 897 2851">
    <p class='ocr_par' dir='ltr' id='par_1_103' title="bbox 146 2813 897 2851">
     <span class='ocr_line' id='line_1_103' title="bbox 146 2813 897 2851; baseline 0.005 -11"><span class='ocrx_word' id='word_1_719' title='bbox 146 2813 179 2846; x_wconf 82' lang='grc' dir='ltr'><strong>ζ’.</strong></span> <span class='ocrx_word' id='word_1_720' title='bbox 203 2814 272 2842; x_wconf 72' lang='grc' dir='ltr'>Ἀλλ’</span> <span class='ocrx_word' id='word_1_721' title='bbox 284 2814 357 2842; x_wconf 78' lang='grc' dir='ltr'>οὕτω</span> <span class='ocrx_word' id='word_1_722' title='bbox 372 2815 421 2851; x_wconf 83' lang='grc' dir='ltr'><strong>μέν</strong></span> <span class='ocrx_word' id='word_1_723' title='bbox 435 2823 507 2848; x_wconf 86' lang='grc' dir='ltr'>τινες</span> <span class='ocrx_word' id='word_1_724' title='bbox 518 2815 726 2851; x_wconf 81' lang='grc' dir='ltr'>είςσυμφωνίαν</span> <span class='ocrx_word' id='word_1_725' title='bbox 742 2816 791 2848; x_wconf 83' lang='grc' dir='ltr'><strong>τὰς</strong></span> <span class='ocrx_word' id='word_1_726' title='bbox 803 2817 831 2844; x_wconf 81' lang='grc' dir='ltr'>ὲν</span> <span class='ocrx_word' id='word_1_727' title='bbox 841 2818 897 2848; x_wconf 79' lang='grc' dir='ltr'>τοῖς</span> 
     </span>
    </p>
   </div>
   <div class='ocr_carea' id='block_1_104' title="bbox 949 2229 1733 2265">
    <p class='ocr_par' dir='ltr' id='par_1_104' title="bbox 949 2229 1733 2265">
     <span class='ocr_line' id='line_1_104' title="bbox 949 2229 1733 2265; baseline -0.004 -8"><span class='ocrx_word' id='word_1_728' title='bbox 949 2231 1078 2258; x_wconf 75' lang='lat' dir='ltr'><strong>viaticum</strong></span> <span class='ocrx_word' id='word_1_729' title='bbox 1092 2231 1269 2258; x_wconf 77' lang='lat' dir='ltr'><strong>circumferre</strong></span> <span class='ocrx_word' id='word_1_730' title='bbox 1287 2230 1351 2257; x_wconf 74' lang='lat' dir='ltr'><strong>vita:</strong></span> <span class='ocrx_word' id='word_1_731' title='bbox 1372 2237 1582 2265; x_wconf 84' lang='lat' dir='ltr'><strong>quaquaversus</strong></span> <span class='ocrx_word' id='word_1_732' title='bbox 1593 2229 1733 2256; x_wconf 85' lang='lat' dir='ltr'><strong>calamita-</strong></span> 
     </span>
    </p>
   </div>
   <div class='ocr_carea' id='block_1_105' title="bbox 949 2274 1733 2311">
    <p class='ocr_par' dir='ltr' id='par_1_105' title="bbox 949 2274 1733 2311">
     <span class='ocr_line' id='line_1_105' title="bbox 949 2274 1733 2311; baseline -0.005 -7"><span class='ocrx_word' id='word_1_733' title='bbox 949 2278 1023 2304; x_wconf 85' lang='lat' dir='ltr'><strong>tibus</strong></span> <span class='ocrx_word' id='word_1_734' title='bbox 1042 2277 1177 2311; x_wconf 80' lang='lat' dir='ltr'><strong>appetitae.</strong></span> <span class='ocrx_word' id='word_1_735' title='bbox 1206 2275 1299 2311; x_wconf 86' lang='lat' dir='ltr'><strong>Neque</strong></span> <span class='ocrx_word' id='word_1_736' title='bbox 1324 2277 1485 2303; x_wconf 88' lang='lat' dir='ltr'><strong>alterutrutn</strong></span> <span class='ocrx_word' id='word_1_737' title='bbox 1511 2280 1673 2310; x_wconf 77' lang='lat' dir='ltr'><strong>praeceptum</strong></span> <span class='ocrx_word' id='word_1_738' title='bbox 1699 2274 1733 2300; x_wconf 89' lang='lat' dir='ltr'><strong>ab</strong></span> 
     </span>
    </p>
   </div>
   <div class='ocr_carea' id='block_1_106' title="bbox 949 2319 1733 2357">
    <p class='ocr_par' dir='ltr' id='par_1_106' title="bbox 949 2319 1733 2357">
     <span class='ocr_line' id='line_1_106' title="bbox 949 2319 1733 2357; baseline -0.005 -8"><span class='ocrx_word' id='word_1_739' title='bbox 949 2323 1033 2350; x_wconf 85' lang='lat' dir='ltr'><strong>altero</strong></span> <span class='ocrx_word' id='word_1_740' title='bbox 1050 2330 1162 2357; x_wconf 88' lang='lat' dir='ltr'><strong>prorsus</strong></span> <span class='ocrx_word' id='word_1_741' title='bbox 1176 2322 1292 2349; x_wconf 73' lang='lat' dir='ltr'><strong>laeditur.</strong></span> <span class='ocrx_word' id='word_1_742' title='bbox 1310 2322 1398 2349; x_wconf 84' lang='lat' dir='ltr'><strong>Veluti</strong></span> <span class='ocrx_word' id='word_1_743' title='bbox 1423 2322 1445 2348; x_wconf 91' lang='lat' dir='ltr'><strong>si</strong></span> <span class='ocrx_word' id='word_1_744' title='bbox 1461 2321 1523 2356; x_wconf 88' lang='lat' dir='ltr'><strong>quis</strong></span> <span class='ocrx_word' id='word_1_745' title='bbox 1539 2319 1649 2346; x_wconf 89' lang='lat' dir='ltr'><strong>militem</strong></span> <span class='ocrx_word' id='word_1_746' title='bbox 1672 2325 1733 2353; x_wconf 85' lang='lat' dir='ltr'><strong>post</strong></span> 
     </span>
    </p>
   </div>
   <div class='ocr_carea' id='block_1_107' title="bbox 949 2365 1731 2403">
    <p class='ocr_par' dir='ltr' id='par_1_107' title="bbox 949 2365 1731 2403">
     <span class='ocr_line' id='line_1_107' title="bbox 949 2365 1731 2403; baseline -0.009 -7"><span class='ocrx_word' id='word_1_747' title='bbox 949 2369 1077 2396; x_wconf 84' lang='lat' dir='ltr'><strong>victorias</strong></span> <span class='ocrx_word' id='word_1_748' title='bbox 1091 2373 1174 2403; x_wconf 89' lang='lat' dir='ltr'><strong>atque</strong></span> <span class='ocrx_word' id='word_1_749' title='bbox 1200 2373 1300 2402; x_wconf 71' lang='lat' dir='ltr'><strong>tropaea</strong></span> <span class='ocrx_word' id='word_1_750' title='bbox 1331 2368 1437 2395; x_wconf 90' lang='lat' dir='ltr'><strong>bellicis</strong></span> <span class='ocrx_word' id='word_1_751' title='bbox 1463 2365 1658 2394; x_wconf 88' lang='lat' dir='ltr'><strong>certaminibus</strong></span> <span class='ocrx_word' id='word_1_752' title='bbox 1681 2365 1731 2390; x_wconf 83' lang='lat' dir='ltr'><strong>ali-</strong></span> 
     </span>
    </p>
   </div>
   <div class='ocr_carea' id='block_1_108' title="bbox 949 2409 1733 2448">
    <p class='ocr_par' dir='ltr' id='par_1_108' title="bbox 949 2409 1733 2448">
     <span class='ocr_line' id='line_1_108' title="bbox 949 2409 1733 2448; baseline -0.003 -8"><span class='ocrx_word' id='word_1_753' title='bbox 949 2414 1069 2448; x_wconf 88' lang='lat' dir='ltr'><strong>quandiu</strong></span> <span class='ocrx_word' id='word_1_754' title='bbox 1094 2414 1271 2445; x_wconf 82' lang='lat' dir='ltr'><strong>Subducens,</strong></span> <span class='ocrx_word' id='word_1_755' title='bbox 1302 2418 1367 2448; x_wconf 82' lang='lat' dir='ltr'><strong>potu</strong></span> <span class='ocrx_word' id='word_1_756' title='bbox 1395 2416 1530 2440; x_wconf 80' lang='lat' dir='ltr'><strong>recrearet</strong></span> <span class='ocrx_word' id='word_1_757' title='bbox 1558 2411 1600 2438; x_wconf 92' lang='lat' dir='ltr'><strong>vel</strong></span> <span class='ocrx_word' id='word_1_758' title='bbox 1628 2409 1733 2438; x_wconf 71' lang='lat' dir='ltr'><strong>czeteris</strong></span> 
     </span>
    </p>
   </div>
   <div class='ocr_carea' id='block_1_109' title="bbox 949 2455 1731 2492">
    <p class='ocr_par' dir='ltr' id='par_1_109' title="bbox 949 2455 1731 2492">
     <span class='ocr_line' id='line_1_109' title="bbox 949 2455 1731 2492; baseline -0.005 -8"><span class='ocrx_word' id='word_1_759' title='bbox 949 2466 1009 2492; x_wconf 74' lang='lat' dir='ltr'><strong>quae</strong></span> <span class='ocrx_word' id='word_1_760' title='bbox 1024 2465 1088 2492; x_wconf 91' lang='lat' dir='ltr'><strong>pace</strong></span> <span class='ocrx_word' id='word_1_761' title='bbox 1104 2457 1320 2492; x_wconf 88' lang='lat' dir='ltr'><strong>suppeditantur.</strong></span> <span class='ocrx_word' id='word_1_762' title='bbox 1342 2457 1390 2484; x_wconf 79' lang='lat' dir='ltr'><strong>Vel</strong></span> <span class='ocrx_word' id='word_1_763' title='bbox 1406 2457 1428 2484; x_wconf 87' lang='lat' dir='ltr'><strong>si</strong></span> <span class='ocrx_word' id='word_1_764' title='bbox 1442 2457 1505 2491; x_wconf 89' lang='lat' dir='ltr'><strong>quis</strong></span> <span class='ocrx_word' id='word_1_765' title='bbox 1526 2462 1638 2489; x_wconf 86' lang='lat' dir='ltr'><strong>puerum</strong></span> <span class='ocrx_word' id='word_1_766' title='bbox 1667 2455 1731 2481; x_wconf 88' lang='lat' dir='ltr'><strong>dum</strong></span> 
     </span>
    </p>
   </div>
   <div class='ocr_carea' id='block_1_110' title="bbox 950 2498 1734 2537">
    <p class='ocr_par' dir='ltr' id='par_1_110' title="bbox 950 2498 1734 2537">
     <span class='ocr_line' id='line_1_110' title="bbox 950 2498 1734 2537; baseline -0.006 -8"><span class='ocrx_word' id='word_1_767' title='bbox 950 2502 977 2529; x_wconf 93' lang='lat' dir='ltr'><strong>in</strong></span> <span class='ocrx_word' id='word_1_768' title='bbox 994 2502 1057 2529; x_wconf 90' lang='lat' dir='ltr'><strong>ludo</strong></span> <span class='ocrx_word' id='word_1_769' title='bbox 1073 2502 1194 2537; x_wconf 72' lang='lat' dir='ltr'><strong>magistri</strong></span> <span class='ocrx_word' id='word_1_770' title='bbox 1211 2507 1334 2530; x_wconf 87' lang='lat' dir='ltr'><strong>versatur</strong></span> <span class='ocrx_word' id='word_1_771' title='bbox 1354 2501 1437 2528; x_wconf 90' lang='lat' dir='ltr'><strong>certis</strong></span> <span class='ocrx_word' id='word_1_772' title='bbox 1450 2499 1613 2534; x_wconf 91' lang='lat' dir='ltr'><strong>quibusdam</strong></span> <span class='ocrx_word' id='word_1_773' title='bbox 1629 2498 1734 2525; x_wconf 87' lang='lat' dir='ltr'><strong>imbue-</strong></span> 
     </span>
    </p>
   </div>
   <div class='ocr_carea' id='block_1_111' title="bbox 949 2545 1732 2582">
    <p class='ocr_par' dir='ltr' id='par_1_111' title="bbox 949 2545 1732 2582">
     <span class='ocr_line' id='line_1_111' title="bbox 949 2545 1732 2582; baseline -0.005 -7"><span class='ocrx_word' id='word_1_774' title='bbox 949 2553 990 2575; x_wconf 89' lang='lat' dir='ltr'><strong>ret</strong></span> <span class='ocrx_word' id='word_1_775' title='bbox 1005 2548 1177 2581; x_wconf 86' lang='lat' dir='ltr'><strong>rudimentis,</strong></span> <span class='ocrx_word' id='word_1_776' title='bbox 1197 2552 1253 2575; x_wconf 94' lang='lat' dir='ltr'><strong>tum</strong></span> <span class='ocrx_word' id='word_1_777' title='bbox 1278 2555 1342 2575; x_wconf 88' lang='lat' dir='ltr'><strong>vero</strong></span> <span class='ocrx_word' id='word_1_778' title='bbox 1367 2548 1394 2574; x_wconf 91' lang='lat' dir='ltr'><strong>in</strong></span> <span class='ocrx_word' id='word_1_779' title='bbox 1421 2546 1541 2582; x_wconf 86' lang='lat' dir='ltr'><strong>ephebos</strong></span> <span class='ocrx_word' id='word_1_780' title='bbox 1570 2545 1732 2580; x_wconf 89' lang='lat' dir='ltr'><strong>productum</strong></span> 
     </span>
    </p>
   </div>
   <div class='ocr_carea' id='block_1_112' title="bbox 950 2591 1734 2628">
    <p class='ocr_par' dir='ltr' id='par_1_112' title="bbox 950 2591 1734 2628">
     <span class='ocr_line' id='line_1_112' title="bbox 950 2591 1734 2628; baseline -0.005 -8"><span class='ocrx_word' id='word_1_781' title='bbox 950 2593 1120 2628; x_wconf 74' lang='lat' dir='ltr'><strong>gravioribus</strong></span> <span class='ocrx_word' id='word_1_782' title='bbox 1134 2594 1265 2620; x_wconf 88' lang='lat' dir='ltr'><strong>institutis</strong></span> <span class='ocrx_word' id='word_1_783' title='bbox 1280 2593 1498 2625; x_wconf 88' lang='lat' dir='ltr'><strong>celsioribusque</strong></span> <span class='ocrx_word' id='word_1_784' title='bbox 1511 2591 1643 2618; x_wconf 89' lang='lat' dir='ltr'><strong>doctrinis</strong></span> <span class='ocrx_word' id='word_1_785' title='bbox 1655 2598 1734 2618; x_wconf 78' lang='lat' dir='ltr'><strong>exer-</strong></span> 
     </span>
    </p>
   </div>
   <div class='ocr_carea' id='block_1_113' title="bbox 950 2635 1734 2672">
    <p class='ocr_par' dir='ltr' id='par_1_113' title="bbox 950 2635 1734 2672">
     <span class='ocr_line' id='line_1_113' title="bbox 950 2635 1734 2672; baseline -0.003 -8"><span class='ocrx_word' id='word_1_786' title='bbox 950 2642 1032 2665; x_wconf 88' lang='lat' dir='ltr'><strong>ceret.</strong></span> <span class='ocrx_word' id='word_1_787' title='bbox 1051 2637 1172 2672; x_wconf 81' lang='lat' dir='ltr'><strong>Denique</strong></span> <span class='ocrx_word' id='word_1_788' title='bbox 1196 2637 1242 2671; x_wconf 88' lang='lat' dir='ltr'><strong>qui</strong></span> <span class='ocrx_word' id='word_1_789' title='bbox 1267 2645 1331 2672; x_wconf 79' lang='lat' dir='ltr'><strong>grex</strong></span> <span class='ocrx_word' id='word_1_790' title='bbox 1356 2641 1409 2669; x_wconf 85' lang='lat' dir='ltr'><strong>est,</strong></span> <span class='ocrx_word' id='word_1_791' title='bbox 1437 2635 1499 2663; x_wconf 88' lang='lat' dir='ltr'><strong>aliis</strong></span> <span class='ocrx_word' id='word_1_792' title='bbox 1529 2635 1627 2662; x_wconf 85' lang='lat' dir='ltr'><strong>ritibus</strong></span> <span class='ocrx_word' id='word_1_793' title='bbox 1653 2640 1734 2669; x_wconf 89' lang='lat' dir='ltr'><strong>atque</strong></span> 
     </span>
    </p>
   </div>
   <div class='ocr_carea' id='block_1_114' title="bbox 949 2680 1735 2718">
    <p class='ocr_par' dir='ltr' id='par_1_114' title="bbox 949 2680 1735 2718">
     <span class='ocr_line' id='line_1_114' title="bbox 949 2680 1735 2718; baseline -0.004 -9"><span class='ocrx_word' id='word_1_794' title='bbox 949 2683 1113 2718; x_wconf 68' lang='lat' dir='ltr'><strong>pra-scriptis</strong></span> <span class='ocrx_word' id='word_1_795' title='bbox 1126 2683 1193 2710; x_wconf 89' lang='lat' dir='ltr'><strong>bene</strong></span> <span class='ocrx_word' id='word_1_796' title='bbox 1204 2690 1233 2708; x_wconf 87' lang='lat' dir='ltr'><strong>se</strong></span> <span class='ocrx_word' id='word_1_797' title='bbox 1250 2682 1343 2714; x_wconf 85' lang='lat' dir='ltr'><strong>habet;</strong></span> <span class='ocrx_word' id='word_1_798' title='bbox 1361 2682 1406 2716; x_wconf 92' lang='lat' dir='ltr'><strong>qui</strong></span> <span class='ocrx_word' id='word_1_799' title='bbox 1419 2685 1509 2708; x_wconf 85' lang='lat' dir='ltr'><strong>autem</strong></span> <span class='ocrx_word' id='word_1_800' title='bbox 1531 2680 1648 2715; x_wconf 90' lang='lat' dir='ltr'><strong>pastoris</strong></span> <span class='ocrx_word' id='word_1_801' title='bbox 1675 2687 1735 2706; x_wconf 89' lang='lat' dir='ltr'><strong>mu-</strong></span> 
     </span>
    </p>
   </div>
   <div class='ocr_carea' id='block_1_115' title="bbox 951 2724 1734 2763">
    <p class='ocr_par' dir='ltr' id='par_1_115' title="bbox 951 2724 1734 2763">
     <span class='ocr_line' id='line_1_115' title="bbox 951 2724 1734 2763; baseline -0.004 -9"><span class='ocrx_word' id='word_1_802' title='bbox 951 2736 1016 2755; x_wconf 86' lang='lat' dir='ltr'><strong>nere</strong></span> <span class='ocrx_word' id='word_1_803' title='bbox 1038 2727 1169 2763; x_wconf 81' lang='lat' dir='ltr'><strong>lungitur,</strong></span> <span class='ocrx_word' id='word_1_804' title='bbox 1188 2735 1242 2754; x_wconf 91' lang='lat' dir='ltr'><strong>non</strong></span> <span class='ocrx_word' id='word_1_805' title='bbox 1266 2727 1361 2754; x_wconf 86' lang='lat' dir='ltr'><strong>eadem</strong></span> <span class='ocrx_word' id='word_1_806' title='bbox 1387 2727 1448 2753; x_wconf 67' lang='lat' dir='ltr'><strong>vita:</strong></span> <span class='ocrx_word' id='word_1_807' title='bbox 1470 2726 1568 2754; x_wconf 89' lang='lat' dir='ltr'><strong>semita</strong></span> <span class='ocrx_word' id='word_1_808' title='bbox 1592 2724 1734 2753; x_wconf 90' lang='lat' dir='ltr'><strong>commode</strong></span> 
     </span>
    </p>
   </div>
   <div class='ocr_carea' id='block_1_116' title="bbox 951 2774 1045 2801">
    <p class='ocr_par' dir='ltr' id='par_1_116' title="bbox 951 2774 1045 2801">
     <span class='ocr_line' id='line_1_116' title="bbox 951 2774 1045 2801; baseline 0.011 -1"><span class='ocrx_word' id='word_1_809' title='bbox 951 2774 1045 2801; x_wconf 88' lang='lat' dir='ltr'><strong>utitur.</strong></span> 
     </span>
    </p>
   </div>
   <div class='ocr_carea' id='block_1_117' title="bbox 987 2814 1732 2852">
    <p class='ocr_par' dir='ltr' id='par_1_117' title="bbox 987 2814 1732 2852">
     <span class='ocr_line' id='line_1_117' title="bbox 987 2814 1732 2852; baseline -0.005 -7"><span class='ocrx_word' id='word_1_810' title='bbox 987 2818 1013 2845; x_wconf 90' lang='lat'><strong>7.</strong></span> <span class='ocrx_word' id='word_1_811' title='bbox 1030 2818 1076 2845; x_wconf 85' lang='lat' dir='ltr'><strong>Sic</strong></span> <span class='ocrx_word' id='word_1_812' title='bbox 1089 2825 1152 2852; x_wconf 79' lang='lat' dir='ltr'><strong>ergo</strong></span> <span class='ocrx_word' id='word_1_813' title='bbox 1164 2817 1288 2844; x_wconf 89' lang='lat' dir='ltr'><strong>nonnulli</strong></span> <span class='ocrx_word' id='word_1_814' title='bbox 1305 2816 1508 2852; x_wconf 85' lang='lat' dir='ltr'><strong>Scripturarum</strong></span> <span class='ocrx_word' id='word_1_815' title='bbox 1520 2814 1611 2842; x_wconf 84' lang='lat' dir='ltr'><strong>varias</strong></span> <span class='ocrx_word' id='word_1_816' title='bbox 1622 2818 1732 2842; x_wconf 84' lang='lat' dir='ltr'><strong>sentcn-</strong></span> 
     </span>
    </p>
   </div>
  </div>
