  <div class='ocr_page' id='page_1' title='image "/cluster/home/n/w/nwhite01/storage/ocr_20150623/101/njp.32101077772877/049.png"; bbox 0 0 1881 3077; ppageno 0'>
   <div class='ocr_carea' id='block_1_1' title="bbox 163 145 1796 189">
    <p class='ocr_par' dir='ltr' id='par_1_1' title="bbox 163 145 1796 189">
     <span class='ocr_line' id='line_1_1' title="bbox 163 145 1796 189; baseline 0.013 -22"><span class='ocrx_word' id='word_1_1' title='bbox 163 147 200 181; x_wconf 75' lang='lat'><strong>55</strong></span> <span class='ocrx_word' id='word_1_2' title='bbox 744 145 874 176; x_wconf 83' lang='lat' dir='ltr'><strong>PHOTII</strong></span> <span class='ocrx_word' id='word_1_3' title='bbox 896 146 1149 180; x_wconf 76' lang='lat' dir='ltr'><strong>PATRIARCII/E</strong></span> <span class='ocrx_word' id='word_1_4' title='bbox 1171 151 1224 182; x_wconf 73' lang='grc' dir='ltr'><strong>(ΣΡ.</strong></span> <span class='ocrx_word' id='word_1_5' title='bbox 1761 158 1796 189; x_wconf 67' lang='grc'>56</span> 
     </span>
    </p>
   </div>
   <div class='ocr_carea' id='block_1_2' title="bbox 163 199 947 246">
    <p class='ocr_par' dir='ltr' id='par_1_2' title="bbox 163 199 947 236">
     <span class='ocr_line' id='line_1_2' title="bbox 163 199 947 236; baseline 0.004 -10"><span class='ocrx_word' id='word_1_6' title='bbox 163 201 217 228; x_wconf 82' lang='lat' dir='ltr'><strong>tias</strong></span> <span class='ocrx_word' id='word_1_7' title='bbox 251 200 283 227; x_wconf 84' lang='lat' dir='ltr'><strong>ad</strong></span> <span class='ocrx_word' id='word_1_8' title='bbox 311 199 484 227; x_wconf 78' lang='lat' dir='ltr'><strong>concordiam</strong></span> <span class='ocrx_word' id='word_1_9' title='bbox 512 200 634 228; x_wconf 88' lang='lat' dir='ltr'><strong>trahunt.</strong></span> <span class='ocrx_word' id='word_1_10' title='bbox 664 200 733 228; x_wconf 80' lang='lat' dir='ltr'><strong>Aliis</strong></span> <span class='ocrx_word' id='word_1_11' title='bbox 750 209 814 228; x_wconf 89' lang='lat' dir='ltr'><strong>vero</strong></span> <span class='ocrx_word' id='word_1_12' title='bbox 826 202 947 236; x_wconf 63' lang='lat' dir='ltr'><strong>quazdam</strong></span> 
     </span>
    </p>
   </div>
   <div class='ocr_carea' id='block_1_3' title="bbox 1033 199 1797 246">
    <p class='ocr_par' dir='ltr' id='par_1_3' title="bbox 1033 205 1797 246">
     <span class='ocr_line' id='line_1_3' title="bbox 1033 205 1797 246; baseline 0.014 -17"><span class='ocrx_word' id='word_1_13' title='bbox 1033 205 1098 238; x_wconf 61' lang='grc' dir='ltr'>λτοῖς</span> <span class='ocrx_word' id='word_1_14' title='bbox 1120 205 1269 240; x_wconf 82' lang='grc' dir='ltr'><strong>συνάγουσι</strong></span> <span class='ocrx_word' id='word_1_15' title='bbox 1291 206 1427 240; x_wconf 76' lang='grc' dir='ltr'>διανοίας·</span> <span class='ocrx_word' id='word_1_16' title='bbox 1453 209 1518 236; x_wconf 72' lang='grc' dir='ltr'>οίδὲ</span> <span class='ocrx_word' id='word_1_17' title='bbox 1544 210 1579 237; x_wconf 82' lang='grc' dir='ltr'>τὰ</span> <span class='ocrx_word' id='word_1_18' title='bbox 1595 211 1644 246; x_wconf 89' lang='grc' dir='ltr'>μέν</span> <span class='ocrx_word' id='word_1_19' title='bbox 1658 211 1725 239; x_wconf 80' lang='grc' dir='ltr'>ἀλλα</span> <span class='ocrx_word' id='word_1_20' title='bbox 1741 214 1797 241; x_wconf 89' lang='grc' dir='ltr'><strong>τῶν</strong></span> 
     </span>
    </p>
   </div>
   <div class='ocr_carea' id='block_1_4' title="bbox 161 245 953 282">
    <p class='ocr_par' dir='ltr' id='par_1_4' title="bbox 161 245 953 282">
     <span class='ocr_line' id='line_1_4' title="bbox 161 245 953 282; baseline 0.001 -8"><span class='ocrx_word' id='word_1_21' title='bbox 161 247 233 278; x_wconf 61' lang='lat' dir='ltr'><strong>aliae,</strong></span> <span class='ocrx_word' id='word_1_22' title='bbox 247 251 343 280; x_wconf 67' lang='lat' dir='ltr'><strong>praeter</strong></span> <span class='ocrx_word' id='word_1_23' title='bbox 359 245 512 279; x_wconf 68' lang='lat' dir='ltr'><strong>praedictas,</strong></span> <span class='ocrx_word' id='word_1_24' title='bbox 536 246 686 274; x_wconf 69' lang='lat' dir='ltr'><strong>solutiones</strong></span> <span class='ocrx_word' id='word_1_25' title='bbox 703 247 773 273; x_wconf 86' lang='lat' dir='ltr'><strong>haud</strong></span> <span class='ocrx_word' id='word_1_26' title='bbox 790 248 880 275; x_wconf 91' lang='lat' dir='ltr'><strong>minus</strong></span> <span class='ocrx_word' id='word_1_27' title='bbox 894 249 953 282; x_wconf 87' lang='lat' dir='ltr'><strong>pla-</strong></span> 
     </span>
    </p>
   </div>
   <div class='ocr_carea' id='block_1_5' title="bbox 162 290 952 327">
    <p class='ocr_par' dir='ltr' id='par_1_5' title="bbox 162 290 952 327">
     <span class='ocr_line' id='line_1_5' title="bbox 162 290 952 327; baseline 0.003 -9"><span class='ocrx_word' id='word_1_28' title='bbox 162 294 234 319; x_wconf 82' lang='lat' dir='ltr'><strong>cent.</strong></span> <span class='ocrx_word' id='word_1_29' title='bbox 251 291 333 317; x_wconf 80' lang='lat' dir='ltr'><strong>Aiunt</strong></span> <span class='ocrx_word' id='word_1_30' title='bbox 349 290 443 325; x_wconf 88' lang='lat' dir='ltr'><strong>igitur,</strong></span> <span class='ocrx_word' id='word_1_31' title='bbox 470 297 525 324; x_wconf 92' lang='lat' dir='ltr'><strong>quo</strong></span> <span class='ocrx_word' id='word_1_32' title='bbox 548 295 670 325; x_wconf 76' lang='lat' dir='ltr'><strong>tempore</strong></span> <span class='ocrx_word' id='word_1_33' title='bbox 693 292 818 326; x_wconf 82' lang='lat' dir='ltr'><strong>discipuli</strong></span> <span class='ocrx_word' id='word_1_34' title='bbox 835 293 952 327; x_wconf 89' lang='lat' dir='ltr'><strong>primum</strong></span> 
     </span>
    </p>
   </div>
   <div class='ocr_carea' id='block_1_6' title="bbox 160 337 953 373">
    <p class='ocr_par' dir='ltr' id='par_1_6' title="bbox 160 337 953 373">
     <span class='ocr_line' id='line_1_6' title="bbox 160 337 953 373; baseline 0.003 -10"><span class='ocrx_word' id='word_1_35' title='bbox 160 337 356 364; x_wconf 89' lang='lat' dir='ltr'><strong>erudiebantur</strong></span> <span class='ocrx_word' id='word_1_36' title='bbox 377 344 409 363; x_wconf 90' lang='lat' dir='ltr'><strong>ac</strong></span> <span class='ocrx_word' id='word_1_37' title='bbox 436 342 562 371; x_wconf 90' lang='lat' dir='ltr'><strong>tyronum</strong></span> <span class='ocrx_word' id='word_1_38' title='bbox 585 337 708 364; x_wconf 82' lang='lat' dir='ltr'><strong>ordinem</strong></span> <span class='ocrx_word' id='word_1_39' title='bbox 732 339 870 368; x_wconf 79' lang='lat' dir='ltr'><strong>tenebant.</strong></span> <span class='ocrx_word' id='word_1_40' title='bbox 883 346 953 373; x_wconf 91' lang='lat' dir='ltr'><strong>opus</strong></span> 
     </span>
    </p>
   </div>
   <div class='ocr_carea' id='block_1_7' title="bbox 161 382 951 418">
    <p class='ocr_par' dir='ltr' id='par_1_7' title="bbox 161 382 951 418">
     <span class='ocr_line' id='line_1_7' title="bbox 161 382 951 418; baseline 0.001 -8"><span class='ocrx_word' id='word_1_41' title='bbox 161 383 246 410; x_wconf 78' lang='lat' dir='ltr'><strong>fuisse</strong></span> <span class='ocrx_word' id='word_1_42' title='bbox 259 387 288 409; x_wconf 94' lang='lat' dir='ltr'><strong>ut</strong></span> <span class='ocrx_word' id='word_1_43' title='bbox 302 382 368 408; x_wconf 92' lang='lat' dir='ltr'><strong>nulli</strong></span> <span class='ocrx_word' id='word_1_44' title='bbox 382 382 427 409; x_wconf 84' lang='lat' dir='ltr'><strong>alii</strong></span> <span class='ocrx_word' id='word_1_45' title='bbox 441 383 479 409; x_wconf 86' lang='lat' dir='ltr'><strong>rei</strong></span> <span class='ocrx_word' id='word_1_46' title='bbox 495 387 599 417; x_wconf 85' lang='lat' dir='ltr'><strong>partem</strong></span> <span class='ocrx_word' id='word_1_47' title='bbox 615 383 735 410; x_wconf 84' lang='lat' dir='ltr'><strong>tribuere</strong></span> <span class='ocrx_word' id='word_1_48' title='bbox 752 384 951 418; x_wconf 74' lang='lat' dir='ltr'><strong>cogitationum</strong></span> 
     </span>
    </p>
   </div>
   <div class='ocr_carea' id='block_1_8' title="bbox 158 429 950 463">
    <p class='ocr_par' dir='ltr' id='par_1_8' title="bbox 158 429 950 463">
     <span class='ocr_line' id='line_1_8' title="bbox 158 429 950 463; baseline 0.001 -8"><span class='ocrx_word' id='word_1_49' title='bbox 158 429 399 463; x_wconf 84' lang='lat' dir='ltr'><strong>permitterentur;</strong></span> <span class='ocrx_word' id='word_1_50' title='bbox 412 434 442 455; x_wconf 94' lang='lat' dir='ltr'><strong>ut</strong></span> <span class='ocrx_word' id='word_1_51' title='bbox 459 429 590 455; x_wconf 89' lang='lat' dir='ltr'><strong>nimirum</strong></span> <span class='ocrx_word' id='word_1_52' title='bbox 626 429 660 456; x_wconf 88' lang='lat' dir='ltr'><strong>ad</strong></span> <span class='ocrx_word' id='word_1_53' title='bbox 680 429 854 456; x_wconf 86' lang='lat' dir='ltr'><strong>ediscendam</strong></span> <span class='ocrx_word' id='word_1_54' title='bbox 872 438 950 457; x_wconf 81' lang='lat' dir='ltr'><strong>exer-</strong></span> 
     </span>
    </p>
   </div>
   <div class='ocr_carea' id='block_1_9' title="bbox 158 474 951 509">
    <p class='ocr_par' dir='ltr' id='par_1_9' title="bbox 158 474 951 509">
     <span class='ocr_line' id='line_1_9' title="bbox 158 474 951 509; baseline 0.001 -7"><span class='ocrx_word' id='word_1_55' title='bbox 158 475 326 509; x_wconf 85' lang='lat' dir='ltr'><strong>cendamque</strong></span> <span class='ocrx_word' id='word_1_56' title='bbox 341 474 495 501; x_wconf 85' lang='lat' dir='ltr'><strong>Servatoris</strong></span> <span class='ocrx_word' id='word_1_57' title='bbox 514 474 668 501; x_wconf 78' lang='lat' dir='ltr'><strong>doctrinam</strong></span> <span class='ocrx_word' id='word_1_58' title='bbox 688 480 744 502; x_wconf 91' lang='lat' dir='ltr'><strong>tota</strong></span> <span class='ocrx_word' id='word_1_59' title='bbox 761 480 851 503; x_wconf 80' lang='lat' dir='ltr'><strong>mente</strong></span> <span class='ocrx_word' id='word_1_60' title='bbox 868 484 951 503; x_wconf 81' lang='lat' dir='ltr'><strong>vaca-</strong></span> 
     </span>
    </p>
   </div>
   <div class='ocr_carea' id='block_1_10' title="bbox 159 520 950 556">
    <p class='ocr_par' dir='ltr' id='par_1_10' title="bbox 159 520 950 556">
     <span class='ocr_line' id='line_1_10' title="bbox 159 520 950 556; baseline 0.004 -10"><span class='ocrx_word' id='word_1_61' title='bbox 159 525 240 547; x_wconf 89' lang='lat' dir='ltr'><strong>rent:</strong></span> <span class='ocrx_word' id='word_1_62' title='bbox 260 520 411 554; x_wconf 66' lang='lat' dir='ltr'><strong>praesertim</strong></span> <span class='ocrx_word' id='word_1_63' title='bbox 432 521 496 554; x_wconf 83' lang='lat' dir='ltr'><strong>quia</strong></span> <span class='ocrx_word' id='word_1_64' title='bbox 506 521 635 554; x_wconf 80' lang='lat' dir='ltr'><strong>magister</strong></span> <span class='ocrx_word' id='word_1_65' title='bbox 652 521 709 555; x_wconf 86' lang='lat' dir='ltr'><strong>ipse</strong></span> <span class='ocrx_word' id='word_1_66' title='bbox 730 522 833 554; x_wconf 78' lang='lat' dir='ltr'><strong>aderat,</strong></span> <span class='ocrx_word' id='word_1_67' title='bbox 851 529 950 556; x_wconf 76' lang='lat' dir='ltr'><strong>suppe-</strong></span> 
     </span>
    </p>
   </div>
   <div class='ocr_carea' id='block_1_11' title="bbox 158 566 946 602">
    <p class='ocr_par' dir='ltr' id='par_1_11' title="bbox 158 566 946 602">
     <span class='ocr_line' id='line_1_11' title="bbox 158 566 946 602; baseline 0.001 -9"><span class='ocrx_word' id='word_1_68' title='bbox 158 566 315 600; x_wconf 82' lang='lat' dir='ltr'><strong>ditabatque</strong></span> <span class='ocrx_word' id='word_1_69' title='bbox 333 573 366 592; x_wconf 86' lang='lat' dir='ltr'><strong>ex</strong></span> <span class='ocrx_word' id='word_1_70' title='bbox 398 570 520 600; x_wconf 89' lang='lat' dir='ltr'><strong>tempore</strong></span> <span class='ocrx_word' id='word_1_71' title='bbox 537 574 592 593; x_wconf 89' lang='lat' dir='ltr'><strong>tton</strong></span> <span class='ocrx_word' id='word_1_72' title='bbox 610 566 698 593; x_wconf 90' lang='lat' dir='ltr'><strong>solum</strong></span> <span class='ocrx_word' id='word_1_73' title='bbox 722 574 753 594; x_wconf 89' lang='lat' dir='ltr'><strong>ea</strong></span> <span class='ocrx_word' id='word_1_74' title='bbox 772 567 832 594; x_wconf 84' lang='lat' dir='ltr'><strong>sine</strong></span> <span class='ocrx_word' id='word_1_75' title='bbox 846 568 946 602; x_wconf 83' lang='lat' dir='ltr'><strong>quibus</strong></span> 
     </span>
    </p>
   </div>
   <div class='ocr_carea' id='block_1_12' title="bbox 158 612 948 647">
    <p class='ocr_par' dir='ltr' id='par_1_12' title="bbox 158 612 948 647">
     <span class='ocr_line' id='line_1_12' title="bbox 158 612 948 647; baseline 0.003 -9"><span class='ocrx_word' id='word_1_76' title='bbox 158 612 215 639; x_wconf 84' lang='lat' dir='ltr'><strong>vita</strong></span> <span class='ocrx_word' id='word_1_77' title='bbox 236 613 300 644; x_wconf 88' lang='lat' dir='ltr'><strong>ruit,</strong></span> <span class='ocrx_word' id='word_1_78' title='bbox 315 619 409 639; x_wconf 87' lang='lat' dir='ltr'><strong>verum</strong></span> <span class='ocrx_word' id='word_1_79' title='bbox 425 613 508 639; x_wconf 85' lang='lat' dir='ltr'><strong>etiam</strong></span> <span class='ocrx_word' id='word_1_80' title='bbox 525 620 622 639; x_wconf 88' lang='lat' dir='ltr'><strong>manus</strong></span> <span class='ocrx_word' id='word_1_81' title='bbox 647 620 742 639; x_wconf 88' lang='lat' dir='ltr'><strong>eorum</strong></span> <span class='ocrx_word' id='word_1_82' title='bbox 758 613 794 640; x_wconf 87' lang='lat' dir='ltr'><strong>ita</strong></span> <span class='ocrx_word' id='word_1_83' title='bbox 810 613 948 647; x_wconf 85' lang='lat' dir='ltr'><strong>implebat,</strong></span> 
     </span>
    </p>
   </div>
   <div class='ocr_carea' id='block_1_13' title="bbox 158 657 949 694">
    <p class='ocr_par' dir='ltr' id='par_1_13' title="bbox 158 657 949 694">
     <span class='ocr_line' id='line_1_13' title="bbox 158 657 949 694; baseline 0.005 -10"><span class='ocrx_word' id='word_1_84' title='bbox 158 662 189 684; x_wconf 89' lang='lat' dir='ltr'><strong>ut</strong></span> <span class='ocrx_word' id='word_1_85' title='bbox 203 657 361 685; x_wconf 89' lang='lat' dir='ltr'><strong>illaboratas</strong></span> <span class='ocrx_word' id='word_1_86' title='bbox 385 659 479 692; x_wconf 81' lang='lat' dir='ltr'><strong>epulas</strong></span> <span class='ocrx_word' id='word_1_87' title='bbox 507 658 600 685; x_wconf 89' lang='lat' dir='ltr'><strong>nntltis</strong></span> <span class='ocrx_word' id='word_1_88' title='bbox 622 658 708 686; x_wconf 82' lang='lat' dir='ltr'><strong>turbis</strong></span> <span class='ocrx_word' id='word_1_89' title='bbox 735 658 867 693; x_wconf 84' lang='lat' dir='ltr'><strong>impertiri</strong></span> <span class='ocrx_word' id='word_1_90' title='bbox 884 667 949 694; x_wconf 89' lang='lat' dir='ltr'><strong>pos-</strong></span> 
     </span>
    </p>
   </div>
   <div class='ocr_carea' id='block_1_14' title="bbox 159 701 949 738">
    <p class='ocr_par' dir='ltr' id='par_1_14' title="bbox 159 701 949 738">
     <span class='ocr_line' id='line_1_14' title="bbox 159 701 949 738; baseline 0.003 -9"><span class='ocrx_word' id='word_1_91' title='bbox 159 707 229 730; x_wconf 88' lang='lat' dir='ltr'><strong>settt.</strong></span> <span class='ocrx_word' id='word_1_92' title='bbox 246 701 297 729; x_wconf 88' lang='lat' dir='ltr'><strong>Sed</strong></span> <span class='ocrx_word' id='word_1_93' title='bbox 309 703 380 729; x_wconf 76' lang='lat' dir='ltr'><strong>enirn</strong></span> <span class='ocrx_word' id='word_1_94' title='bbox 395 710 456 729; x_wconf 87' lang='lat' dir='ltr'><strong>cum</strong></span> <span class='ocrx_word' id='word_1_95' title='bbox 476 703 533 737; x_wconf 84' lang='lat' dir='ltr'><strong>jam</strong></span> <span class='ocrx_word' id='word_1_96' title='bbox 556 703 607 738; x_wconf 92' lang='lat' dir='ltr'><strong>ipsi</strong></span> <span class='ocrx_word' id='word_1_97' title='bbox 636 703 857 738; x_wconf 63' lang='lat' dir='ltr'><strong>intperl‘ectorum</strong></span> <span class='ocrx_word' id='word_1_98' title='bbox 874 705 949 732; x_wconf 90' lang='lat' dir='ltr'><strong>rudi-</strong></span> 
     </span>
    </p>
   </div>
   <div class='ocr_carea' id='block_1_15' title="bbox 158 749 949 786">
    <p class='ocr_par' dir='ltr' id='par_1_15' title="bbox 158 749 949 786">
     <span class='ocr_line' id='line_1_15' title="bbox 158 749 949 786; baseline 0.005 -11"><span class='ocrx_word' id='word_1_99' title='bbox 158 753 250 776; x_wconf 89' lang='lat' dir='ltr'><strong>menta</strong></span> <span class='ocrx_word' id='word_1_100' title='bbox 270 749 465 782; x_wconf 78' lang='lat' dir='ltr'><strong>excessissent,</strong></span> <span class='ocrx_word' id='word_1_101' title='bbox 491 753 572 784; x_wconf 81' lang='lat' dir='ltr'><strong>atque</strong></span> <span class='ocrx_word' id='word_1_102' title='bbox 591 757 606 776; x_wconf 94' lang='lat' dir='ltr'><strong>a</strong></span> <span class='ocrx_word' id='word_1_103' title='bbox 631 754 703 777; x_wconf 87' lang='lat' dir='ltr'><strong>statu</strong></span> <span class='ocrx_word' id='word_1_104' title='bbox 724 749 844 784; x_wconf 83' lang='lat' dir='ltr'><strong>perfecto</strong></span> <span class='ocrx_word' id='word_1_105' title='bbox 865 759 949 786; x_wconf 85' lang='lat' dir='ltr'><strong>prope</strong></span> 
     </span>
    </p>
   </div>
   <div class='ocr_carea' id='block_1_16' title="bbox 159 795 947 831">
    <p class='ocr_par' dir='ltr' id='par_1_16' title="bbox 159 795 947 831">
     <span class='ocr_line' id='line_1_16' title="bbox 159 795 947 831; baseline 0.005 -9"><span class='ocrx_word' id='word_1_106' title='bbox 159 795 298 828; x_wconf 84' lang='lat' dir='ltr'><strong>abessent,</strong></span> <span class='ocrx_word' id='word_1_107' title='bbox 322 797 451 831; x_wconf 82' lang='lat' dir='ltr'><strong>magister</strong></span> <span class='ocrx_word' id='word_1_108' title='bbox 466 802 557 823; x_wconf 88' lang='lat' dir='ltr'><strong>autem</strong></span> <span class='ocrx_word' id='word_1_109' title='bbox 572 798 746 831; x_wconf 68' lang='lat' dir='ltr'><strong>prmsentiam</strong></span> <span class='ocrx_word' id='word_1_110' title='bbox 758 805 834 825; x_wconf 84' lang='lat' dir='ltr'><strong>suam</strong></span> <span class='ocrx_word' id='word_1_111' title='bbox 851 799 947 826; x_wconf 87' lang='lat' dir='ltr'><strong>volun-</strong></span> 
     </span>
    </p>
   </div>
   <div class='ocr_carea' id='block_1_17' title="bbox 159 840 947 878">
    <p class='ocr_par' dir='ltr' id='par_1_17' title="bbox 159 840 947 878">
     <span class='ocr_line' id='line_1_17' title="bbox 159 840 947 878; baseline 0.005 -11"><span class='ocrx_word' id='word_1_112' title='bbox 159 840 228 867; x_wconf 86' lang='lat' dir='ltr'><strong>taria</strong></span> <span class='ocrx_word' id='word_1_113' title='bbox 255 841 423 875; x_wconf 87' lang='lat' dir='ltr'><strong>salutariqtte</strong></span> <span class='ocrx_word' id='word_1_114' title='bbox 448 849 514 869; x_wconf 83' lang='lat' dir='ltr'><strong>nece</strong></span> <span class='ocrx_word' id='word_1_115' title='bbox 545 842 626 876; x_wconf 89' lang='lat' dir='ltr'><strong>paulo</strong></span> <span class='ocrx_word' id='word_1_116' title='bbox 642 847 702 876; x_wconf 86' lang='lat' dir='ltr'><strong>post</strong></span> <span class='ocrx_word' id='word_1_117' title='bbox 723 843 789 877; x_wconf 81' lang='lat' dir='ltr'><strong>ipsis</strong></span> <span class='ocrx_word' id='word_1_118' title='bbox 803 849 947 878; x_wconf 87' lang='lat' dir='ltr'><strong>erepturus</strong></span> 
     </span>
    </p>
   </div>
   <div class='ocr_carea' id='block_1_18' title="bbox 1010 249 1796 290">
    <p class='ocr_par' dir='ltr' id='par_1_18' title="bbox 1010 249 1796 290">
     <span class='ocr_line' id='line_1_18' title="bbox 1010 249 1796 290; baseline 0.014 -17"><span class='ocrx_word' id='word_1_119' title='bbox 1010 249 1230 284; x_wconf 82' lang='grc' dir='ltr'>προτεθειμένων</span> <span class='ocrx_word' id='word_1_120' title='bbox 1242 251 1293 277; x_wconf 82' lang='grc' dir='ltr'>οὐκ</span> <span class='ocrx_word' id='word_1_121' title='bbox 1307 251 1416 279; x_wconf 71' lang='grc' dir='ltr'>ἔλαττον</span> <span class='ocrx_word' id='word_1_122' title='bbox 1444 254 1589 288; x_wconf 87' lang='grc' dir='ltr'>ἀγαπῶσι·</span> <span class='ocrx_word' id='word_1_123' title='bbox 1613 257 1678 290; x_wconf 71' lang='grc' dir='ltr'>φασὶ</span> <span class='ocrx_word' id='word_1_124' title='bbox 1698 256 1728 283; x_wconf 83' lang='grc' dir='ltr'><strong>δέ</strong></span> <span class='ocrx_word' id='word_1_125' title='bbox 1741 257 1796 285; x_wconf 86' lang='grc' dir='ltr'><strong>τῶν</strong></span> 
     </span>
    </p>
   </div>
   <div class='ocr_carea' id='block_1_19' title="bbox 1009 294 1794 338">
    <p class='ocr_par' dir='ltr' id='par_1_19' title="bbox 1009 294 1794 338">
     <span class='ocr_line' id='line_1_19' title="bbox 1009 294 1794 338; baseline 0.014 -19"><span class='ocrx_word' id='word_1_126' title='bbox 1009 294 1140 329; x_wconf 80' lang='grc' dir='ltr'><strong>μαθητῶν</strong></span> <span class='ocrx_word' id='word_1_127' title='bbox 1157 296 1290 331; x_wconf 74' lang='grc' dir='ltr'>πρότερον</span> <span class='ocrx_word' id='word_1_128' title='bbox 1306 297 1357 331; x_wconf 82' lang='grc' dir='ltr'>μὲν</span> <span class='ocrx_word' id='word_1_129' title='bbox 1374 298 1561 334; x_wconf 79' lang='grc' dir='ltr'>είσαγομένων</span> <span class='ocrx_word' id='word_1_130' title='bbox 1577 301 1624 327; x_wconf 84' lang='grc' dir='ltr'>καὶ</span> <span class='ocrx_word' id='word_1_131' title='bbox 1638 302 1794 338; x_wconf 80' lang='grc' dir='ltr'>τελειουμέ-</span> 
     </span>
    </p>
   </div>
   <div class='ocr_carea' id='block_1_20' title="bbox 1006 340 1795 383">
    <p class='ocr_par' dir='ltr' id='par_1_20' title="bbox 1006 340 1795 383">
     <span class='ocr_line' id='line_1_20' title="bbox 1006 340 1795 383; baseline 0.013 -18"><span class='ocrx_word' id='word_1_132' title='bbox 1006 347 1060 365; x_wconf 87' lang='grc' dir='ltr'><strong>νων</strong></span> <span class='ocrx_word' id='word_1_133' title='bbox 1082 340 1158 372; x_wconf 84' lang='grc' dir='ltr'><strong>τάξιν</strong></span> <span class='ocrx_word' id='word_1_134' title='bbox 1174 341 1337 376; x_wconf 79' lang='grc' dir='ltr'><strong>ἐπεχόντων,</strong></span> <span class='ocrx_word' id='word_1_135' title='bbox 1356 343 1505 377; x_wconf 83' lang='grc' dir='ltr'>ἀναγκαῖον</span> <span class='ocrx_word' id='word_1_136' title='bbox 1534 343 1604 372; x_wconf 83' lang='grc' dir='ltr'>εἶναι</span> <span class='ocrx_word' id='word_1_137' title='bbox 1621 349 1686 382; x_wconf 80' lang='grc' dir='ltr'>περὶ</span> <span class='ocrx_word' id='word_1_138' title='bbox 1711 349 1795 383; x_wconf 76' lang='grc' dir='ltr'>μηδὲν</span> 
     </span>
    </p>
   </div>
   <div class='ocr_carea' id='block_1_21' title="bbox 1007 385 1795 426">
    <p class='ocr_par' dir='ltr' id='par_1_21' title="bbox 1007 385 1795 426">
     <span class='ocr_line' id='line_1_21' title="bbox 1007 385 1795 426; baseline 0.013 -15"><span class='ocrx_word' id='word_1_139' title='bbox 1007 385 1070 412; x_wconf 73' lang='grc' dir='ltr'>ἄλλο</span> <span class='ocrx_word' id='word_1_140' title='bbox 1084 387 1147 418; x_wconf 71' lang='grc' dir='ltr'>τοὺς</span> <span class='ocrx_word' id='word_1_141' title='bbox 1161 387 1309 422; x_wconf 82' lang='grc' dir='ltr'>λογισμοὺς</span> <span class='ocrx_word' id='word_1_142' title='bbox 1323 389 1484 425; x_wconf 76' lang='grc' dir='ltr'>μερίζεσθαι</span> <span class='ocrx_word' id='word_1_143' title='bbox 1498 391 1668 426; x_wconf 78' lang='grc' dir='ltr'><strong>ἐπιτρέπειν,</strong></span> <span class='ocrx_word' id='word_1_144' title='bbox 1690 394 1750 420; x_wconf 73' lang='grc' dir='ltr'>ὅλον</span> <span class='ocrx_word' id='word_1_145' title='bbox 1765 394 1795 421; x_wconf 80' lang='grc' dir='ltr'>δὲ</span> 
     </span>
    </p>
   </div>
   <div class='ocr_carea' id='block_1_22' title="bbox 1004 430 1794 474">
    <p class='ocr_par' dir='ltr' id='par_1_22' title="bbox 1004 430 1794 474">
     <span class='ocr_line' id='line_1_22' title="bbox 1004 430 1794 474; baseline 0.011 -18"><span class='ocrx_word' id='word_1_146' title='bbox 1004 430 1052 456; x_wconf 80' lang='grc' dir='ltr'><strong>τὸν</strong></span> <span class='ocrx_word' id='word_1_147' title='bbox 1070 433 1133 457; x_wconf 84' lang='grc' dir='ltr'>νοῦν</span> <span class='ocrx_word' id='word_1_148' title='bbox 1146 432 1215 467; x_wconf 74' lang='grc' dir='ltr'>πρὸς</span> <span class='ocrx_word' id='word_1_149' title='bbox 1227 433 1276 468; x_wconf 82' lang='grc' dir='ltr'>τὴν</span> <span class='ocrx_word' id='word_1_150' title='bbox 1293 434 1412 469; x_wconf 85' lang='grc' dir='ltr'>μάθησιν</span> <span class='ocrx_word' id='word_1_151' title='bbox 1425 436 1478 462; x_wconf 85' lang='grc' dir='ltr'><strong>τῶν</strong></span> <span class='ocrx_word' id='word_1_152' title='bbox 1492 437 1634 472; x_wconf 77' lang='grc' dir='ltr'><strong>σωτηρίων</strong></span> <span class='ocrx_word' id='word_1_153' title='bbox 1647 439 1694 464; x_wconf 76' lang='grc' dir='ltr'>καὶ</span> <span class='ocrx_word' id='word_1_154' title='bbox 1711 448 1794 474; x_wconf 87' lang='grc' dir='ltr'>μετα-</span> 
     </span>
    </p>
   </div>
   <div class='ocr_carea' id='block_1_23' title="bbox 1005 477 1793 514">
    <p class='ocr_par' dir='ltr' id='par_1_23' title="bbox 1005 477 1793 514">
     <span class='ocr_line' id='line_1_23' title="bbox 1005 477 1793 514; baseline 0.01 -12"><span class='ocrx_word' id='word_1_155' title='bbox 1005 477 1123 512; x_wconf 85' lang='grc' dir='ltr'>χείρισιν</span> <span class='ocrx_word' id='word_1_156' title='bbox 1139 479 1343 514; x_wconf 78' lang='grc' dir='ltr'><strong>ἐπεστράφθαι·</strong></span> <span class='ocrx_word' id='word_1_157' title='bbox 1359 480 1447 513; x_wconf 80' lang='grc' dir='ltr'>ἄλλως</span> <span class='ocrx_word' id='word_1_158' title='bbox 1465 490 1494 508; x_wconf 87' lang='grc' dir='ltr'><strong>τε</strong></span> <span class='ocrx_word' id='word_1_159' title='bbox 1510 483 1557 509; x_wconf 78' lang='grc' dir='ltr'>καὶ</span> <span class='ocrx_word' id='word_1_160' title='bbox 1571 483 1618 509; x_wconf 79' lang='grc' dir='ltr'>τοῦ</span> <span class='ocrx_word' id='word_1_161' title='bbox 1631 483 1793 511; x_wconf 80' lang='grc' dir='ltr'>διδασκάλου</span> 
     </span>
    </p>
   </div>
   <div class='ocr_carea' id='block_1_24' title="bbox 1005 524 1794 564">
    <p class='ocr_par' dir='ltr' id='par_1_24' title="bbox 1005 524 1794 564">
     <span class='ocr_line' id='line_1_24' title="bbox 1005 524 1794 564; baseline 0.01 -15"><span class='ocrx_word' id='word_1_162' title='bbox 1005 524 1140 559; x_wconf 83' lang='grc' dir='ltr'>παρόντος</span> <span class='ocrx_word' id='word_1_163' title='bbox 1156 526 1202 552; x_wconf 78' lang='grc' dir='ltr'><strong>καὶ</strong></span> <span class='ocrx_word' id='word_1_164' title='bbox 1213 527 1380 561; x_wconf 79' lang='grc' dir='ltr'>παρέχοντος</span> <span class='ocrx_word' id='word_1_165' title='bbox 1394 529 1575 563; x_wconf 80' lang='grc' dir='ltr'><strong>αὐτοσχεδίως</strong></span> <span class='ocrx_word' id='word_1_166' title='bbox 1588 530 1637 564; x_wconf 78' lang='grc' dir='ltr'><strong>οὐχ</strong></span> <span class='ocrx_word' id='word_1_167' title='bbox 1647 530 1694 556; x_wconf 83' lang='grc' dir='ltr'>ὅσα</span> <span class='ocrx_word' id='word_1_168' title='bbox 1710 530 1794 564; x_wconf 84' lang='grc' dir='ltr'>μόνον</span> 
     </span>
    </p>
   </div>
   <div class='ocr_carea' id='block_1_25' title="bbox 1004 569 1793 609">
    <p class='ocr_par' dir='ltr' id='par_1_25' title="bbox 1004 569 1793 609">
     <span class='ocr_line' id='line_1_25' title="bbox 1004 569 1793 609; baseline 0.008 -14"><span class='ocrx_word' id='word_1_169' title='bbox 1004 570 1021 604; x_wconf 83' lang='grc' dir='ltr'>ἡ</span> <span class='ocrx_word' id='word_1_170' title='bbox 1035 569 1114 604; x_wconf 70' lang='grc' dir='ltr'>φύσις</span> <span class='ocrx_word' id='word_1_171' title='bbox 1128 570 1178 597; x_wconf 81' lang='grc' dir='ltr'>οὐκ</span> <span class='ocrx_word' id='word_1_172' title='bbox 1192 571 1292 606; x_wconf 80' lang='grc' dir='ltr'>ἔχουσα</span> <span class='ocrx_word' id='word_1_173' title='bbox 1303 572 1380 598; x_wconf 82' lang='grc' dir='ltr'>λύσιν</span> <span class='ocrx_word' id='word_1_174' title='bbox 1395 572 1462 607; x_wconf 71' lang='grc' dir='ltr'>ἔχει,</span> <span class='ocrx_word' id='word_1_175' title='bbox 1480 573 1547 600; x_wconf 86' lang='grc' dir='ltr'>ἀλλὰ</span> <span class='ocrx_word' id='word_1_176' title='bbox 1559 573 1607 600; x_wconf 85' lang='grc' dir='ltr'>καὶ</span> <span class='ocrx_word' id='word_1_177' title='bbox 1619 575 1713 609; x_wconf 82' lang='grc' dir='ltr'>χεῖρας</span> <span class='ocrx_word' id='word_1_178' title='bbox 1725 575 1793 601; x_wconf 89' lang='grc' dir='ltr'>πολ-</span> 
     </span>
    </p>
   </div>
   <div class='ocr_carea' id='block_1_26' title="bbox 1003 615 1791 654">
    <p class='ocr_par' dir='ltr' id='par_1_26' title="bbox 1003 615 1791 654">
     <span class='ocr_line' id='line_1_26' title="bbox 1003 615 1791 654; baseline 0.004 -12"><span class='ocrx_word' id='word_1_179' title='bbox 1003 615 1060 647; x_wconf 82' lang='grc' dir='ltr'>λοῖς</span> <span class='ocrx_word' id='word_1_180' title='bbox 1083 616 1197 650; x_wconf 78' lang='grc' dir='ltr'><strong>πλήθεσι</strong></span> <span class='ocrx_word' id='word_1_181' title='bbox 1226 618 1329 652; x_wconf 82' lang='grc' dir='ltr'>τροφὴν</span> <span class='ocrx_word' id='word_1_182' title='bbox 1356 618 1532 653; x_wconf 79' lang='grc' dir='ltr'><strong>ἀγεώργητον</strong></span> <span class='ocrx_word' id='word_1_183' title='bbox 1555 618 1791 654; x_wconf 78' lang='grc' dir='ltr'>ὗπηρετουμένας.</span> 
     </span>
    </p>
   </div>
   <div class='ocr_carea' id='block_1_27' title="bbox 1011 660 1793 699">
    <p class='ocr_par' dir='ltr' id='par_1_27' title="bbox 1011 660 1793 699">
     <span class='ocr_line' id='line_1_27' title="bbox 1011 660 1793 699; baseline 0.005 -13"><span class='ocrx_word' id='word_1_184' title='bbox 1011 660 1119 695; x_wconf 70' lang='grc' dir='ltr'>Ἐπειδὴ</span> <span class='ocrx_word' id='word_1_185' title='bbox 1136 661 1165 687; x_wconf 82' lang='grc' dir='ltr'><strong>δέ</strong></span> <span class='ocrx_word' id='word_1_186' title='bbox 1179 661 1256 688; x_wconf 74' lang='grc' dir='ltr'>αὐτοὶ</span> <span class='ocrx_word' id='word_1_187' title='bbox 1278 662 1338 698; x_wconf 38' lang='grc' dir='ltr'>μὲν,</span> <span class='ocrx_word' id='word_1_188' title='bbox 1356 662 1405 697; x_wconf 82' lang='grc' dir='ltr'>τὴν</span> <span class='ocrx_word' id='word_1_189' title='bbox 1421 662 1475 689; x_wconf 85' lang='grc' dir='ltr'><strong>τῶν</strong></span> <span class='ocrx_word' id='word_1_190' title='bbox 1491 663 1593 689; x_wconf 85' lang='grc' dir='ltr'>ἀτελῶν</span> <span class='ocrx_word' id='word_1_191' title='bbox 1607 663 1793 699; x_wconf 83' lang='grc' dir='ltr'>ὑπερανέδρα-</span> 
     </span>
    </p>
   </div>
   <div class='ocr_carea' id='block_1_28' title="bbox 1005 706 1790 743">
    <p class='ocr_par' dir='ltr' id='par_1_28' title="bbox 1005 706 1790 743">
     <span class='ocr_line' id='line_1_28' title="bbox 1005 706 1790 743; baseline 0.004 -11"><span class='ocrx_word' id='word_1_192' title='bbox 1005 715 1055 741; x_wconf 89' lang='grc' dir='ltr'><strong>μον</strong></span> <span class='ocrx_word' id='word_1_193' title='bbox 1067 706 1265 741; x_wconf 81' lang='grc' dir='ltr'>παιδαγωγίαν,</span> <span class='ocrx_word' id='word_1_194' title='bbox 1280 708 1420 743; x_wconf 75' lang='grc' dir='ltr'>ἐγγυτέρω</span> <span class='ocrx_word' id='word_1_195' title='bbox 1441 708 1462 734; x_wconf 80' lang='grc' dir='ltr'>δ’</span> <span class='ocrx_word' id='word_1_196' title='bbox 1475 708 1598 742; x_wconf 85' lang='grc' dir='ltr'>ἐγένοντο</span> <span class='ocrx_word' id='word_1_197' title='bbox 1611 709 1657 734; x_wconf 85' lang='grc' dir='ltr'>τοῦ</span> <span class='ocrx_word' id='word_1_198' title='bbox 1673 709 1790 741; x_wconf 83' lang='grc' dir='ltr'>τελείου,</span> 
     </span>
    </p>
   </div>
   <div class='ocr_carea' id='block_1_29' title="bbox 1003 752 1792 790">
    <p class='ocr_par' dir='ltr' id='par_1_29' title="bbox 1003 752 1792 790">
     <span class='ocr_line' id='line_1_29' title="bbox 1003 752 1792 790; baseline 0.004 -12"><span class='ocrx_word' id='word_1_199' title='bbox 1003 752 1083 784; x_wconf 81' lang='grc' dir='ltr'>αὐτὸς</span> <span class='ocrx_word' id='word_1_200' title='bbox 1098 753 1126 778; x_wconf 84' lang='grc' dir='ltr'>δὲ</span> <span class='ocrx_word' id='word_1_201' title='bbox 1145 753 1196 788; x_wconf 74' lang='grc' dir='ltr'>ἤδη</span> <span class='ocrx_word' id='word_1_202' title='bbox 1211 753 1250 788; x_wconf 85' lang='grc' dir='ltr'>τῷ</span> <span class='ocrx_word' id='word_1_203' title='bbox 1266 753 1383 788; x_wconf 80' lang='grc' dir='ltr'><strong>ἑκουσίῳ</strong></span> <span class='ocrx_word' id='word_1_204' title='bbox 1402 753 1449 780; x_wconf 82' lang='grc' dir='ltr'>καὶ</span> <span class='ocrx_word' id='word_1_205' title='bbox 1463 755 1591 790; x_wconf 86' lang='grc' dir='ltr'><strong>σωτηρίῳ</strong></span> <span class='ocrx_word' id='word_1_206' title='bbox 1615 755 1722 790; x_wconf 80' lang='grc' dir='ltr'>θανάτῳ</span> <span class='ocrx_word' id='word_1_207' title='bbox 1740 755 1792 790; x_wconf 77' lang='grc' dir='ltr'>τῆς</span> 
     </span>
    </p>
   </div>
   <div class='ocr_carea' id='block_1_30' title="bbox 1003 799 1791 836">
    <p class='ocr_par' dir='ltr' id='par_1_30' title="bbox 1003 799 1791 836">
     <span class='ocr_line' id='line_1_30' title="bbox 1003 799 1791 836; baseline 0.003 -10"><span class='ocrx_word' id='word_1_208' title='bbox 1003 800 1163 834; x_wconf 77' lang='grc' dir='ltr'><strong>σωματικῆς</strong></span> <span class='ocrx_word' id='word_1_209' title='bbox 1189 799 1288 831; x_wconf 80' lang='grc' dir='ltr'>αὐτοὺς</span> <span class='ocrx_word' id='word_1_210' title='bbox 1314 800 1478 835; x_wconf 73' lang='grc' dir='ltr'>ἀποστερεῖν</span> <span class='ocrx_word' id='word_1_211' title='bbox 1502 800 1651 835; x_wconf 73' lang='grc' dir='ltr'>ἐπλησίαζε</span> <span class='ocrx_word' id='word_1_212' title='bbox 1682 809 1791 836; x_wconf 88' lang='grc' dir='ltr'>παρου-</span> 
     </span>
    </p>
   </div>
   <div class='ocr_carea' id='block_1_31' title="bbox 1003 845 1790 882">
    <p class='ocr_par' dir='ltr' id='par_1_31' title="bbox 1003 845 1790 882">
     <span class='ocr_line' id='line_1_31' title="bbox 1003 845 1790 882; baseline 0.003 -11"><span class='ocrx_word' id='word_1_213' title='bbox 1003 845 1072 877; x_wconf 79' lang='grc' dir='ltr'>σίας,</span> <span class='ocrx_word' id='word_1_214' title='bbox 1089 846 1138 872; x_wconf 80' lang='grc' dir='ltr'><strong>καὶ</strong></span> <span class='ocrx_word' id='word_1_215' title='bbox 1153 845 1221 881; x_wconf 84' lang='grc' dir='ltr'>πρός</span> <span class='ocrx_word' id='word_1_216' title='bbox 1243 853 1275 878; x_wconf 88' lang='grc' dir='ltr'><strong>γε</strong></span> <span class='ocrx_word' id='word_1_217' title='bbox 1296 845 1326 871; x_wconf 82' lang='grc' dir='ltr'>τὸ</span> <span class='ocrx_word' id='word_1_218' title='bbox 1352 845 1484 880; x_wconf 76' lang='grc' dir='ltr'>κήρυγμα</span> <span class='ocrx_word' id='word_1_219' title='bbox 1506 846 1597 877; x_wconf 81' lang='grc' dir='ltr'>αὐτοῖς</span> <span class='ocrx_word' id='word_1_220' title='bbox 1613 846 1790 882; x_wconf 72' lang='grc' dir='ltr'>ἐγχειρίζειν,</span> 
     </span>
    </p>
   </div>
   <div class='ocr_carea' id='block_1_32' title="bbox 158 885 947 926">
    <p class='ocr_par' dir='ltr' id='par_1_32' title="bbox 158 888 947 922">
     <span class='ocr_line' id='line_1_32' title="bbox 158 888 947 922; baseline 0.008 -10"><span class='ocrx_word' id='word_1_221' title='bbox 158 892 250 920; x_wconf 85' lang='lat' dir='ltr'><strong>esset;</strong></span> <span class='ocrx_word' id='word_1_222' title='bbox 270 892 326 913; x_wconf 91' lang='lat' dir='ltr'><strong>tttm</strong></span> <span class='ocrx_word' id='word_1_223' title='bbox 351 888 432 914; x_wconf 86' lang='lat' dir='ltr'><strong>etiam</strong></span> <span class='ocrx_word' id='word_1_224' title='bbox 462 888 684 922; x_wconf 60' lang='lat' dir='ltr'><strong>prmdicationem</strong></span> <span class='ocrx_word' id='word_1_225' title='bbox 702 889 799 916; x_wconf 84' lang='lat' dir='ltr'><strong>iisdem</strong></span> <span class='ocrx_word' id='word_1_226' title='bbox 818 891 947 918; x_wconf 81' lang='lat' dir='ltr'><strong>commis-</strong></span> 
     </span>
    </p>
   </div>
   <div class='ocr_carea' id='block_1_33' title="bbox 1033 885 1790 926">
    <p class='ocr_par' dir='ltr' id='par_1_33' title="bbox 1033 889 1790 926">
     <span class='ocr_line' id='line_1_33' title="bbox 1033 889 1790 926; baseline 0.005 -10"><span class='ocrx_word' id='word_1_227' title='bbox 1033 893 1048 916; x_wconf 69' lang='grc' dir='ltr'>εὶ</span> <span class='ocrx_word' id='word_1_228' title='bbox 1066 892 1105 922; x_wconf 83' lang='grc' dir='ltr'><strong>εἰς</strong></span> <span class='ocrx_word' id='word_1_229' title='bbox 1121 890 1288 917; x_wconf 81' lang='grc' dir='ltr'>διδασκάλων</span> <span class='ocrx_word' id='word_1_230' title='bbox 1310 889 1357 916; x_wconf 80' lang='grc' dir='ltr'>καὶ</span> <span class='ocrx_word' id='word_1_231' title='bbox 1373 891 1513 925; x_wconf 84' lang='grc' dir='ltr'>ποιμένων</span> <span class='ocrx_word' id='word_1_232' title='bbox 1529 893 1676 926; x_wconf 81' lang='grc' dir='ltr'>προνόμιον</span> <span class='ocrx_word' id='word_1_233' title='bbox 1691 893 1790 920; x_wconf 78' lang='grc' dir='ltr'>ἀναδι-</span> 
     </span>
    </p>
   </div>
   <div class='ocr_carea' id='block_1_34' title="bbox 159 933 949 971">
    <p class='ocr_par' dir='ltr' id='par_1_34' title="bbox 159 933 949 971">
     <span class='ocr_line' id='line_1_34' title="bbox 159 933 949 971; baseline 0.008 -13"><span class='ocrx_word' id='word_1_234' title='bbox 159 940 250 964; x_wconf 87' lang='lat' dir='ltr'><strong>snrus,</strong></span> <span class='ocrx_word' id='word_1_235' title='bbox 280 938 360 967; x_wconf 88' lang='lat' dir='ltr'><strong>atque</strong></span> <span class='ocrx_word' id='word_1_236' title='bbox 382 933 416 960; x_wconf 87' lang='lat' dir='ltr'><strong>ad</strong></span> <span class='ocrx_word' id='word_1_237' title='bbox 449 934 644 968; x_wconf 80' lang='lat' dir='ltr'><strong>magistrorum</strong></span> <span class='ocrx_word' id='word_1_238' title='bbox 669 938 867 970; x_wconf 85' lang='lat' dir='ltr'><strong>pastorumque</strong></span> <span class='ocrx_word' id='word_1_239' title='bbox 879 945 949 971; x_wconf 73' lang='lat' dir='ltr'><strong>prte-</strong></span> 
     </span>
    </p>
   </div>
   <div class='ocr_carea' id='block_1_35' title="bbox 158 979 950 1015">
    <p class='ocr_par' dir='ltr' id='par_1_35' title="bbox 158 979 950 1015">
     <span class='ocr_line' id='line_1_35' title="bbox 158 979 950 1015; baseline 0.006 -10"><span class='ocrx_word' id='word_1_240' title='bbox 158 979 309 1013; x_wconf 81' lang='lat' dir='ltr'><strong>rogativam</strong></span> <span class='ocrx_word' id='word_1_241' title='bbox 330 984 506 1014; x_wconf 79' lang='lat' dir='ltr'><strong>promoturus</strong></span> <span class='ocrx_word' id='word_1_242' title='bbox 518 989 525 1013; x_wconf 90' lang='lat'><strong>;</strong></span> <span class='ocrx_word' id='word_1_243' title='bbox 542 985 606 1007; x_wconf 87' lang='lat' dir='ltr'><strong>tuttc</strong></span> <span class='ocrx_word' id='word_1_244' title='bbox 619 988 667 1008; x_wconf 85' lang='lat' dir='ltr'><strong>eos</strong></span> <span class='ocrx_word' id='word_1_245' title='bbox 679 981 950 1015; x_wconf 86' lang='lat' dir='ltr'><strong>admonuit,ntinime</strong></span> 
     </span>
    </p>
   </div>
   <div class='ocr_carea' id='block_1_36' title="bbox 158 1024 947 1059">
    <p class='ocr_par' dir='ltr' id='par_1_36' title="bbox 158 1024 947 1059">
     <span class='ocr_line' id='line_1_36' title="bbox 158 1024 947 1059; baseline 0.006 -9"><span class='ocrx_word' id='word_1_246' title='bbox 158 1031 221 1051; x_wconf 81' lang='lat' dir='ltr'><strong>esse</strong></span> <span class='ocrx_word' id='word_1_247' title='bbox 235 1024 347 1051; x_wconf 89' lang='lat' dir='ltr'><strong>vetitum</strong></span> <span class='ocrx_word' id='word_1_248' title='bbox 363 1026 512 1059; x_wconf 79' lang='lat' dir='ltr'><strong>quominus</strong></span> <span class='ocrx_word' id='word_1_249' title='bbox 528 1026 715 1053; x_wconf 78' lang='lat' dir='ltr'><strong>necessarium</strong></span> <span class='ocrx_word' id='word_1_250' title='bbox 735 1027 798 1054; x_wconf 70' lang='lat' dir='ltr'><strong>vita:</strong></span> <span class='ocrx_word' id='word_1_251' title='bbox 815 1027 947 1055; x_wconf 87' lang='lat' dir='ltr'><strong>viaticum</strong></span> 
     </span>
    </p>
   </div>
   <div class='ocr_carea' id='block_1_37' title="bbox 158 1069 948 1108">
    <p class='ocr_par' dir='ltr' id='par_1_37' title="bbox 158 1069 948 1108">
     <span class='ocr_line' id='line_1_37' title="bbox 158 1069 948 1108; baseline 0.006 -12"><span class='ocrx_word' id='word_1_252' title='bbox 158 1077 250 1096; x_wconf 82' lang='lat' dir='ltr'><strong>secum</strong></span> <span class='ocrx_word' id='word_1_253' title='bbox 267 1069 386 1097; x_wconf 82' lang='lat' dir='ltr'><strong>ferrent:</strong></span> <span class='ocrx_word' id='word_1_254' title='bbox 402 1071 449 1104; x_wconf 87' lang='lat' dir='ltr'><strong>qui</strong></span> <span class='ocrx_word' id='word_1_255' title='bbox 463 1078 520 1097; x_wconf 88' lang='lat' dir='ltr'><strong>tttos</strong></span> <span class='ocrx_word' id='word_1_256' title='bbox 535 1078 568 1097; x_wconf 86' lang='lat' dir='ltr'><strong>eo</strong></span> <span class='ocrx_word' id='word_1_257' title='bbox 590 1076 710 1106; x_wconf 89' lang='lat' dir='ltr'><strong>tempore</strong></span> <span class='ocrx_word' id='word_1_258' title='bbox 725 1072 861 1108; x_wconf 89' lang='lat' dir='ltr'><strong>inceptus,</strong></span> <span class='ocrx_word' id='word_1_259' title='bbox 874 1082 948 1101; x_wconf 65' lang='lat' dir='ltr'><strong>curas</strong></span> 
     </span>
    </p>
   </div>
   <div class='ocr_carea' id='block_1_38' title="bbox 157 1115 947 1154">
    <p class='ocr_par' dir='ltr' id='par_1_38' title="bbox 157 1115 947 1154">
     <span class='ocr_line' id='line_1_38' title="bbox 157 1115 947 1154; baseline 0.006 -13"><span class='ocrx_word' id='word_1_260' title='bbox 157 1122 267 1149; x_wconf 87' lang='lat' dir='ltr'><strong>quoque</strong></span> <span class='ocrx_word' id='word_1_261' title='bbox 279 1115 392 1142; x_wconf 86' lang='lat' dir='ltr'><strong>asseclis</strong></span> <span class='ocrx_word' id='word_1_262' title='bbox 408 1115 595 1150; x_wconf 59' lang='lat' dir='ltr'><strong>impendenda:</strong></span> <span class='ocrx_word' id='word_1_263' title='bbox 609 1122 699 1143; x_wconf 91' lang='lat' dir='ltr'><strong>ortum</strong></span> <span class='ocrx_word' id='word_1_264' title='bbox 714 1117 788 1145; x_wconf 86' lang='lat' dir='ltr'><strong>dedit</strong></span> <span class='ocrx_word' id='word_1_265' title='bbox 801 1127 808 1151; x_wconf 90' lang='lat'><strong>;</strong></span> <span class='ocrx_word' id='word_1_266' title='bbox 831 1119 857 1146; x_wconf 92' lang='lat' dir='ltr'><strong>id</strong></span> <span class='ocrx_word' id='word_1_267' title='bbox 874 1119 947 1154; x_wconf 91' lang='lat' dir='ltr'><strong>quod</strong></span> 
     </span>
    </p>
   </div>
   <div class='ocr_carea' id='block_1_39' title="bbox 157 1160 947 1195">
    <p class='ocr_par' dir='ltr' id='par_1_39' title="bbox 157 1160 947 1195">
     <span class='ocr_line' id='line_1_39' title="bbox 157 1160 947 1195; baseline 0.005 -9"><span class='ocrx_word' id='word_1_268' title='bbox 157 1168 191 1187; x_wconf 85' lang='lat' dir='ltr'><strong>ex</strong></span> <span class='ocrx_word' id='word_1_269' title='bbox 205 1160 271 1194; x_wconf 70' lang='lat' dir='ltr'><strong>ipsis</strong></span> <span class='ocrx_word' id='word_1_270' title='bbox 291 1160 373 1187; x_wconf 77' lang='lat' dir='ltr'><strong>rebus</strong></span> <span class='ocrx_word' id='word_1_271' title='bbox 388 1160 486 1187; x_wconf 83' lang='lat' dir='ltr'><strong>deinde</strong></span> <span class='ocrx_word' id='word_1_272' title='bbox 498 1161 582 1195; x_wconf 82' lang='lat' dir='ltr'><strong>gestis</strong></span> <span class='ocrx_word' id='word_1_273' title='bbox 598 1163 844 1195; x_wconf 71' lang='lat' dir='ltr'><strong>coguoscerelicet.</strong></span> <span class='ocrx_word' id='word_1_274' title='bbox 862 1162 947 1190; x_wconf 83' lang='lat' dir='ltr'><strong>Nam-</strong></span> 
     </span>
    </p>
   </div>
   <div class='ocr_carea' id='block_1_40' title="bbox 157 1206 948 1244">
    <p class='ocr_par' dir='ltr' id='par_1_40' title="bbox 157 1206 948 1244">
     <span class='ocr_line' id='line_1_40' title="bbox 157 1206 948 1244; baseline 0.006 -13"><span class='ocrx_word' id='word_1_275' title='bbox 157 1213 211 1240; x_wconf 86' lang='lat' dir='ltr'><strong>que</strong></span> <span class='ocrx_word' id='word_1_276' title='bbox 224 1210 287 1232; x_wconf 78' lang='lat' dir='ltr'><strong>ante</strong></span> <span class='ocrx_word' id='word_1_277' title='bbox 301 1206 382 1240; x_wconf 84' lang='lat' dir='ltr'><strong>pedes</strong></span> <span class='ocrx_word' id='word_1_278' title='bbox 396 1206 582 1239; x_wconf 79' lang='lat' dir='ltr'><strong>apostolorum</strong></span> <span class='ocrx_word' id='word_1_279' title='bbox 597 1207 684 1241; x_wconf 91' lang='lat' dir='ltr'><strong>pretia</strong></span> <span class='ocrx_word' id='word_1_280' title='bbox 702 1208 846 1235; x_wconf 89' lang='lat' dir='ltr'><strong>domorum</strong></span> <span class='ocrx_word' id='word_1_281' title='bbox 865 1217 948 1244; x_wconf 86' lang='lat' dir='ltr'><strong>agro-</strong></span> 
     </span>
    </p>
   </div>
   <div class='ocr_carea' id='block_1_41' title="bbox 158 1251 948 1290">
    <p class='ocr_par' dir='ltr' id='par_1_41' title="bbox 158 1251 948 1290">
     <span class='ocr_line' id='line_1_41' title="bbox 158 1251 948 1290; baseline 0.008 -13"><span class='ocrx_word' id='word_1_282' title='bbox 158 1257 274 1286; x_wconf 81' lang='lat' dir='ltr'><strong>rumque</strong></span> <span class='ocrx_word' id='word_1_283' title='bbox 298 1251 378 1278; x_wconf 84' lang='lat' dir='ltr'><strong>allata</strong></span> <span class='ocrx_word' id='word_1_284' title='bbox 403 1252 558 1286; x_wconf 83' lang='lat' dir='ltr'><strong>ponebant:</strong></span> <span class='ocrx_word' id='word_1_285' title='bbox 594 1252 770 1289; x_wconf 83' lang='lat' dir='ltr'><strong>vicissimque</strong></span> <span class='ocrx_word' id='word_1_286' title='bbox 789 1255 904 1290; x_wconf 78' lang='lat' dir='ltr'><strong>singulis</strong></span> <span class='ocrx_word' id='word_1_287' title='bbox 920 1256 948 1283; x_wconf 92' lang='lat' dir='ltr'><strong>id</strong></span> 
     </span>
    </p>
   </div>
   <div class='ocr_carea' id='block_1_42' title="bbox 157 1297 646 1332">
    <p class='ocr_par' dir='ltr' id='par_1_42' title="bbox 157 1297 646 1332">
     <span class='ocr_line' id='line_1_42' title="bbox 157 1297 646 1332; baseline 0.004 -9"><span class='ocrx_word' id='word_1_288' title='bbox 157 1298 229 1332; x_wconf 84' lang='lat' dir='ltr'><strong>quod</strong></span> <span class='ocrx_word' id='word_1_289' title='bbox 245 1297 306 1324; x_wconf 92' lang='lat' dir='ltr'><strong>usui</strong></span> <span class='ocrx_word' id='word_1_290' title='bbox 320 1303 392 1324; x_wconf 85' lang='lat' dir='ltr'><strong>esset</strong></span> <span class='ocrx_word' id='word_1_291' title='bbox 409 1298 646 1332; x_wconf 82' lang='lat' dir='ltr'><strong>suppeditabatur.</strong></span> 
     </span>
    </p>
   </div>
   <div class='ocr_carea' id='block_1_43' title="bbox 194 1342 947 1378">
    <p class='ocr_par' dir='ltr' id='par_1_43' title="bbox 194 1342 947 1378">
     <span class='ocr_line' id='line_1_43' title="bbox 194 1342 947 1378; baseline 0.004 -8"><span class='ocrx_word' id='word_1_292' title='bbox 194 1343 222 1370; x_wconf 90' lang='lat'><strong>8.</strong></span> <span class='ocrx_word' id='word_1_293' title='bbox 240 1342 357 1377; x_wconf 84' lang='lat' dir='ltr'><strong>Insuper</strong></span> <span class='ocrx_word' id='word_1_294' title='bbox 372 1342 445 1369; x_wconf 84' lang='lat' dir='ltr'><strong>aliud</strong></span> <span class='ocrx_word' id='word_1_295' title='bbox 456 1351 566 1378; x_wconf 86' lang='lat' dir='ltr'><strong>quoque</strong></span> <span class='ocrx_word' id='word_1_296' title='bbox 578 1343 707 1378; x_wconf 67' lang='lat' dir='ltr'><strong>praeclare</strong></span> <span class='ocrx_word' id='word_1_297' title='bbox 718 1346 947 1373; x_wconf 84' lang='lat' dir='ltr'><strong>considerandum</strong></span> 
     </span>
    </p>
   </div>
   <div class='ocr_carea' id='block_1_44' title="bbox 157 1388 948 1423">
    <p class='ocr_par' dir='ltr' id='par_1_44' title="bbox 157 1388 948 1423">
     <span class='ocr_line' id='line_1_44' title="bbox 157 1388 948 1423; baseline 0.006 -8"><span class='ocrx_word' id='word_1_298' title='bbox 157 1389 296 1416; x_wconf 79' lang='lat' dir='ltr'><strong>exhibent.</strong></span> <span class='ocrx_word' id='word_1_299' title='bbox 313 1389 425 1416; x_wconf 80' lang='lat' dir='ltr'><strong>Creator</strong></span> <span class='ocrx_word' id='word_1_300' title='bbox 452 1388 510 1423; x_wconf 89' lang='lat' dir='ltr'><strong>ipse</strong></span> <span class='ocrx_word' id='word_1_301' title='bbox 541 1390 664 1416; x_wconf 91' lang='lat' dir='ltr'><strong>omnium</strong></span> <span class='ocrx_word' id='word_1_302' title='bbox 692 1398 782 1417; x_wconf 88' lang='lat' dir='ltr'><strong>rerttm</strong></span> <span class='ocrx_word' id='word_1_303' title='bbox 799 1397 948 1420; x_wconf 87' lang='lat' dir='ltr'><strong>etconser-</strong></span> 
     </span>
    </p>
   </div>
   <div class='ocr_carea' id='block_1_45' title="bbox 157 1435 946 1472">
    <p class='ocr_par' dir='ltr' id='par_1_45' title="bbox 157 1435 946 1472">
     <span class='ocr_line' id='line_1_45' title="bbox 157 1435 946 1472; baseline 0.006 -11"><span class='ocrx_word' id='word_1_304' title='bbox 157 1441 246 1468; x_wconf 81' lang='lat' dir='ltr'><strong>vator,</strong></span> <span class='ocrx_word' id='word_1_305' title='bbox 267 1435 331 1462; x_wconf 89' lang='lat' dir='ltr'><strong>dtnn</strong></span> <span class='ocrx_word' id='word_1_306' title='bbox 348 1435 422 1461; x_wconf 90' lang='lat' dir='ltr'><strong>omni</strong></span> <span class='ocrx_word' id='word_1_307' title='bbox 439 1442 505 1461; x_wconf 82' lang='lat' dir='ltr'><strong>cura</strong></span> <span class='ocrx_word' id='word_1_308' title='bbox 531 1437 654 1462; x_wconf 86' lang='lat' dir='ltr'><strong>terrestri</strong></span> <span class='ocrx_word' id='word_1_309' title='bbox 673 1436 821 1470; x_wconf 87' lang='lat' dir='ltr'><strong>discipttlos</strong></span> <span class='ocrx_word' id='word_1_310' title='bbox 836 1446 946 1472; x_wconf 88' lang='lat' dir='ltr'><strong>posses-</strong></span> 
     </span>
    </p>
   </div>
   <div class='ocr_carea' id='block_1_46' title="bbox 158 1481 946 1520">
    <p class='ocr_par' dir='ltr' id='par_1_46' title="bbox 158 1481 946 1520">
     <span class='ocr_line' id='line_1_46' title="bbox 158 1481 946 1520; baseline 0.005 -12"><span class='ocrx_word' id='word_1_311' title='bbox 158 1489 247 1515; x_wconf 82' lang='lat' dir='ltr'><strong>suque</strong></span> <span class='ocrx_word' id='word_1_312' title='bbox 264 1481 384 1514; x_wconf 84' lang='lat' dir='ltr'><strong>arcebat,</strong></span> <span class='ocrx_word' id='word_1_313' title='bbox 405 1481 574 1515; x_wconf 89' lang='lat' dir='ltr'><strong>marsupium</strong></span> <span class='ocrx_word' id='word_1_314' title='bbox 593 1486 683 1508; x_wconf 83' lang='lat' dir='ltr'><strong>tamen</strong></span> <span class='ocrx_word' id='word_1_315' title='bbox 716 1482 841 1516; x_wconf 80' lang='lat' dir='ltr'><strong>habebat,</strong></span> <span class='ocrx_word' id='word_1_316' title='bbox 859 1490 885 1512; x_wconf 87' lang='lat' dir='ltr'><strong>et</strong></span> <span class='ocrx_word' id='word_1_317' title='bbox 900 1486 946 1520; x_wconf 90' lang='lat' dir='ltr'><strong>qui</strong></span> 
     </span>
    </p>
   </div>
   <div class='ocr_carea' id='block_1_47' title="bbox 159 1527 947 1566">
    <p class='ocr_par' dir='ltr' id='par_1_47' title="bbox 159 1527 947 1566">
     <span class='ocr_line' id='line_1_47' title="bbox 159 1527 947 1566; baseline 0.008 -13"><span class='ocrx_word' id='word_1_318' title='bbox 159 1527 261 1562; x_wconf 76' lang='lat' dir='ltr'><strong>aliquid</strong></span> <span class='ocrx_word' id='word_1_319' title='bbox 278 1527 421 1561; x_wconf 83' lang='lat' dir='ltr'><strong>injicerent</strong></span> <span class='ocrx_word' id='word_1_320' title='bbox 432 1535 483 1554; x_wconf 90' lang='lat' dir='ltr'><strong>non</strong></span> <span class='ocrx_word' id='word_1_321' title='bbox 503 1528 657 1562; x_wconf 85' lang='lat' dir='ltr'><strong>respuebat.</strong></span> <span class='ocrx_word' id='word_1_322' title='bbox 674 1528 764 1562; x_wconf 84' lang='lat' dir='ltr'><strong>Quare</strong></span> <span class='ocrx_word' id='word_1_323' title='bbox 778 1530 827 1557; x_wconf 88' lang='lat' dir='ltr'><strong>ltoc</strong></span> <span class='ocrx_word' id='word_1_324' title='bbox 838 1539 947 1566; x_wconf 86' lang='lat' dir='ltr'><strong>quoque</strong></span> 
     </span>
    </p>
   </div>
   <div class='ocr_carea' id='block_1_48' title="bbox 158 1576 947 1611">
    <p class='ocr_par' dir='ltr' id='par_1_48' title="bbox 158 1576 947 1611">
     <span class='ocr_line' id='line_1_48' title="bbox 158 1576 947 1611; baseline 0.003 -8"><span class='ocrx_word' id='word_1_325' title='bbox 158 1581 293 1611; x_wconf 72' lang='lat' dir='ltr'><strong>pt&#39;mccpto</strong></span> <span class='ocrx_word' id='word_1_326' title='bbox 312 1576 382 1603; x_wconf 85' lang='lat' dir='ltr'><strong>haud</strong></span> <span class='ocrx_word' id='word_1_327' title='bbox 410 1584 522 1610; x_wconf 86' lang='lat' dir='ltr'><strong>prorsus</strong></span> <span class='ocrx_word' id='word_1_328' title='bbox 549 1576 648 1610; x_wconf 89' lang='lat' dir='ltr'><strong>opibus</strong></span> <span class='ocrx_word' id='word_1_329' title='bbox 678 1577 825 1610; x_wconf 89' lang='lat' dir='ltr'><strong>interdicit,</strong></span> <span class='ocrx_word' id='word_1_330' title='bbox 853 1579 898 1605; x_wconf 89' lang='lat' dir='ltr'><strong>sed</strong></span> <span class='ocrx_word' id='word_1_331' title='bbox 914 1587 947 1605; x_wconf 87' lang='lat' dir='ltr'><strong>tte</strong></span> 
     </span>
    </p>
   </div>
   <div class='ocr_carea' id='block_1_49' title="bbox 159 1622 946 1658">
    <p class='ocr_par' dir='ltr' id='par_1_49' title="bbox 159 1622 946 1658">
     <span class='ocr_line' id='line_1_49' title="bbox 159 1622 946 1658; baseline 0.003 -9"><span class='ocrx_word' id='word_1_332' title='bbox 159 1623 202 1649; x_wconf 88' lang='lat' dir='ltr'><strong>his</strong></span> <span class='ocrx_word' id='word_1_333' title='bbox 220 1622 307 1650; x_wconf 90' lang='lat' dir='ltr'><strong>simus</strong></span> <span class='ocrx_word' id='word_1_334' title='bbox 321 1622 433 1649; x_wconf 78' lang='lat' dir='ltr'><strong>obnoxii</strong></span> <span class='ocrx_word' id='word_1_335' title='bbox 447 1630 478 1649; x_wconf 84' lang='lat' dir='ltr'><strong>ac</strong></span> <span class='ocrx_word' id='word_1_336' title='bbox 493 1622 576 1649; x_wconf 89' lang='lat' dir='ltr'><strong>dediti</strong></span> <span class='ocrx_word' id='word_1_337' title='bbox 597 1632 603 1649; x_wconf 92' lang='lat'>:</span> <span class='ocrx_word' id='word_1_338' title='bbox 637 1630 699 1649; x_wconf 86' lang='lat' dir='ltr'><strong>nam</strong></span> <span class='ocrx_word' id='word_1_339' title='bbox 716 1628 743 1650; x_wconf 90' lang='lat' dir='ltr'><strong>et</strong></span> <span class='ocrx_word' id='word_1_340' title='bbox 766 1623 834 1658; x_wconf 89' lang='lat' dir='ltr'><strong>ipse,</strong></span> <span class='ocrx_word' id='word_1_341' title='bbox 854 1628 884 1651; x_wconf 89' lang='lat' dir='ltr'><strong>ut</strong></span> <span class='ocrx_word' id='word_1_342' title='bbox 903 1624 946 1651; x_wconf 90' lang='lat' dir='ltr'><strong>di-</strong></span> 
     </span>
    </p>
   </div>
   <div class='ocr_carea' id='block_1_50' title="bbox 158 1667 943 1703">
    <p class='ocr_par' dir='ltr' id='par_1_50' title="bbox 158 1667 943 1703">
     <span class='ocr_line' id='line_1_50' title="bbox 158 1667 943 1703; baseline 0.001 -8"><span class='ocrx_word' id='word_1_343' title='bbox 158 1668 259 1700; x_wconf 77' lang='lat' dir='ltr'><strong>ximus,</strong></span> <span class='ocrx_word' id='word_1_344' title='bbox 289 1675 344 1694; x_wconf 94' lang='lat' dir='ltr'><strong>non</strong></span> <span class='ocrx_word' id='word_1_345' title='bbox 380 1667 503 1694; x_wconf 82' lang='lat' dir='ltr'><strong>habendo</strong></span> <span class='ocrx_word' id='word_1_346' title='bbox 536 1667 785 1702; x_wconf 74' lang='lat' dir='ltr'><strong>habebatznempe</strong></span> <span class='ocrx_word' id='word_1_347' title='bbox 803 1669 943 1703; x_wconf 76' lang='lat' dir='ltr'><strong>egentium</strong></span> 
     </span>
    </p>
   </div>
   <div class='ocr_carea' id='block_1_51' title="bbox 159 1713 947 1749">
    <p class='ocr_par' dir='ltr' id='par_1_51' title="bbox 159 1713 947 1749">
     <span class='ocr_line' id='line_1_51' title="bbox 159 1713 947 1749; baseline 0.003 -10"><span class='ocrx_word' id='word_1_348' title='bbox 159 1713 348 1740; x_wconf 82' lang='lat' dir='ltr'><strong>tantummodo</strong></span> <span class='ocrx_word' id='word_1_349' title='bbox 361 1720 453 1744; x_wconf 88' lang='lat' dir='ltr'><strong>causa,</strong></span> <span class='ocrx_word' id='word_1_350' title='bbox 469 1713 640 1740; x_wconf 89' lang='lat' dir='ltr'><strong>etobeorum</strong></span> <span class='ocrx_word' id='word_1_351' title='bbox 656 1713 782 1741; x_wconf 87' lang='lat' dir='ltr'><strong>solandas</strong></span> <span class='ocrx_word' id='word_1_352' title='bbox 796 1715 947 1749; x_wconf 83' lang='lat' dir='ltr'><strong>angustias,</strong></span> 
     </span>
    </p>
   </div>
   <div class='ocr_carea' id='block_1_52' title="bbox 158 1759 947 1796">
    <p class='ocr_par' dir='ltr' id='par_1_52' title="bbox 158 1759 947 1796">
     <span class='ocr_line' id='line_1_52' title="bbox 158 1759 947 1796; baseline 0.003 -10"><span class='ocrx_word' id='word_1_353' title='bbox 158 1765 240 1794; x_wconf 89' lang='lat' dir='ltr'><strong>atque</strong></span> <span class='ocrx_word' id='word_1_354' title='bbox 259 1760 291 1786; x_wconf 87' lang='lat' dir='ltr'><strong>ad</strong></span> <span class='ocrx_word' id='word_1_355' title='bbox 309 1759 479 1786; x_wconf 82' lang='lat' dir='ltr'><strong>necessitatis</strong></span> <span class='ocrx_word' id='word_1_356' title='bbox 495 1759 682 1793; x_wconf 88' lang='lat' dir='ltr'><strong>depulsionem</strong></span> <span class='ocrx_word' id='word_1_357' title='bbox 700 1759 844 1794; x_wconf 78' lang='lat' dir='ltr'><strong>quamdam</strong></span> <span class='ocrx_word' id='word_1_358' title='bbox 865 1765 947 1796; x_wconf 85' lang='lat' dir='ltr'><strong>atque</strong></span> 
     </span>
    </p>
   </div>
   <div class='ocr_carea' id='block_1_53' title="bbox 159 1803 945 1840">
    <p class='ocr_par' dir='ltr' id='par_1_53' title="bbox 159 1803 945 1840">
     <span class='ocr_line' id='line_1_53' title="bbox 159 1803 945 1840; baseline 0.004 -10"><span class='ocrx_word' id='word_1_359' title='bbox 159 1804 302 1831; x_wconf 86' lang='lat' dir='ltr'><strong>medelam.</strong></span> <span class='ocrx_word' id='word_1_360' title='bbox 321 1803 406 1830; x_wconf 87' lang='lat' dir='ltr'><strong>Sicuti</strong></span> <span class='ocrx_word' id='word_1_361' title='bbox 433 1811 497 1838; x_wconf 85' lang='lat' dir='ltr'><strong>ergo</strong></span> <span class='ocrx_word' id='word_1_362' title='bbox 522 1804 634 1831; x_wconf 89' lang='lat' dir='ltr'><strong>ntiniute</strong></span> <span class='ocrx_word' id='word_1_363' title='bbox 663 1806 842 1839; x_wconf 72' lang='lat' dir='ltr'><strong>repugnabat,</strong></span> <span class='ocrx_word' id='word_1_364' title='bbox 857 1805 945 1840; x_wconf 91' lang='lat' dir='ltr'><strong>ipsum</strong></span> 
     </span>
    </p>
   </div>
   <div class='ocr_carea' id='block_1_54' title="bbox 161 1848 947 1885">
    <p class='ocr_par' dir='ltr' id='par_1_54' title="bbox 161 1848 947 1885">
     <span class='ocr_line' id='line_1_54' title="bbox 161 1848 947 1885; baseline 0.004 -10"><span class='ocrx_word' id='word_1_365' title='bbox 161 1849 232 1876; x_wconf 83' lang='lat' dir='ltr'><strong>ferre</strong></span> <span class='ocrx_word' id='word_1_366' title='bbox 270 1848 385 1882; x_wconf 82' lang='lat' dir='ltr'><strong>loculos,</strong></span> <span class='ocrx_word' id='word_1_367' title='bbox 419 1848 473 1876; x_wconf 91' lang='lat' dir='ltr'><strong>illis</strong></span> <span class='ocrx_word' id='word_1_368' title='bbox 506 1849 587 1877; x_wconf 83' lang='lat' dir='ltr'><strong>simul</strong></span> <span class='ocrx_word' id='word_1_369' title='bbox 611 1849 773 1877; x_wconf 89' lang='lat' dir='ltr'><strong>interdicere</strong></span> <span class='ocrx_word' id='word_1_370' title='bbox 798 1851 947 1885; x_wconf 86' lang='lat' dir='ltr'><strong>quominus</strong></span> 
     </span>
    </p>
   </div>
   <div class='ocr_carea' id='block_1_55' title="bbox 158 1895 946 1930">
    <p class='ocr_par' dir='ltr' id='par_1_55' title="bbox 158 1895 946 1930">
     <span class='ocr_line' id='line_1_55' title="bbox 158 1895 946 1930; baseline 0.004 -9"><span class='ocrx_word' id='word_1_371' title='bbox 158 1895 306 1930; x_wconf 82' lang='lat' dir='ltr'><strong>quidquam</strong></span> <span class='ocrx_word' id='word_1_372' title='bbox 325 1895 489 1927; x_wconf 82' lang='lat' dir='ltr'><strong>retinerent;</strong></span> <span class='ocrx_word' id='word_1_373' title='bbox 510 1895 546 1922; x_wconf 89' lang='lat' dir='ltr'><strong>ita</strong></span> <span class='ocrx_word' id='word_1_374' title='bbox 565 1903 618 1922; x_wconf 91' lang='lat' dir='ltr'><strong>tton</strong></span> <span class='ocrx_word' id='word_1_375' title='bbox 634 1900 675 1922; x_wconf 90' lang='lat' dir='ltr'><strong>est</strong></span> <span class='ocrx_word' id='word_1_376' title='bbox 691 1897 868 1928; x_wconf 85' lang='lat' dir='ltr'><strong>contrarium,</strong></span> <span class='ocrx_word' id='word_1_377' title='bbox 882 1897 946 1924; x_wconf 89' lang='lat' dir='ltr'><strong>olim</strong></span> 
     </span>
    </p>
   </div>
   <div class='ocr_carea' id='block_1_56' title="bbox 157 1941 948 1977">
    <p class='ocr_par' dir='ltr' id='par_1_56' title="bbox 157 1941 948 1977">
     <span class='ocr_line' id='line_1_56' title="bbox 157 1941 948 1977; baseline 0.001 -9"><span class='ocrx_word' id='word_1_378' title='bbox 157 1942 268 1977; x_wconf 83' lang='lat' dir='ltr'><strong>quidem</strong></span> <span class='ocrx_word' id='word_1_379' title='bbox 288 1949 336 1969; x_wconf 87' lang='lat' dir='ltr'><strong>eos</strong></span> <span class='ocrx_word' id='word_1_380' title='bbox 360 1941 392 1968; x_wconf 93' lang='lat' dir='ltr'><strong>ad</strong></span> <span class='ocrx_word' id='word_1_381' title='bbox 425 1949 552 1976; x_wconf 83' lang='lat' dir='ltr'><strong>asperum</strong></span> <span class='ocrx_word' id='word_1_382' title='bbox 581 1941 749 1976; x_wconf 88' lang='lat' dir='ltr'><strong>paupertatis</strong></span> <span class='ocrx_word' id='word_1_383' title='bbox 777 1943 948 1977; x_wconf 81' lang='lat' dir='ltr'><strong>arduumque</strong></span> 
     </span>
    </p>
   </div>
   <div class='ocr_carea' id='block_1_57' title="bbox 157 1987 948 2021">
    <p class='ocr_par' dir='ltr' id='par_1_57' title="bbox 157 1987 948 2021">
     <span class='ocr_line' id='line_1_57' title="bbox 157 1987 948 2021; baseline 0.001 -7"><span class='ocrx_word' id='word_1_384' title='bbox 157 1988 267 2015; x_wconf 80' lang='lat' dir='ltr'><strong>culmen</strong></span> <span class='ocrx_word' id='word_1_385' title='bbox 287 1987 478 2020; x_wconf 87' lang='lat' dir='ltr'><strong>contendisse;</strong></span> <span class='ocrx_word' id='word_1_386' title='bbox 504 1991 597 2021; x_wconf 81' lang='lat' dir='ltr'><strong>postea</strong></span> <span class='ocrx_word' id='word_1_387' title='bbox 622 1995 687 2014; x_wconf 87' lang='lat' dir='ltr'><strong>vero</strong></span> <span class='ocrx_word' id='word_1_388' title='bbox 706 1987 811 2014; x_wconf 87' lang='lat' dir='ltr'><strong>modica</strong></span> <span class='ocrx_word' id='word_1_389' title='bbox 837 1989 875 2015; x_wconf 89' lang='lat' dir='ltr'><strong>rei</strong></span> <span class='ocrx_word' id='word_1_390' title='bbox 898 1997 948 2016; x_wconf 89' lang='lat' dir='ltr'><strong>tte-</strong></span> 
     </span>
    </p>
   </div>
   <div class='ocr_carea' id='block_1_58' title="bbox 158 2031 948 2066">
    <p class='ocr_par' dir='ltr' id='par_1_58' title="bbox 158 2031 948 2066">
     <span class='ocr_line' id='line_1_58' title="bbox 158 2031 948 2066; baseline 0.004 -8"><span class='ocrx_word' id='word_1_391' title='bbox 158 2033 284 2059; x_wconf 73' lang='lat' dir='ltr'><strong>cessarite</strong></span> <span class='ocrx_word' id='word_1_392' title='bbox 321 2031 495 2066; x_wconf 80' lang='lat' dir='ltr'><strong>pessessione</strong></span> <span class='ocrx_word' id='word_1_393' title='bbox 526 2032 619 2059; x_wconf 89' lang='lat' dir='ltr'><strong>multis</strong></span> <span class='ocrx_word' id='word_1_394' title='bbox 651 2039 680 2059; x_wconf 84' lang='lat' dir='ltr'><strong>se</strong></span> <span class='ocrx_word' id='word_1_395' title='bbox 717 2032 948 2062; x_wconf 85' lang='lat' dir='ltr'><strong>sollicitudinibus</strong></span> 
     </span>
    </p>
   </div>
   <div class='ocr_carea' id='block_1_59' title="bbox 159 2077 947 2112">
    <p class='ocr_par' dir='ltr' id='par_1_59' title="bbox 159 2077 947 2112">
     <span class='ocr_line' id='line_1_59' title="bbox 159 2077 947 2112; baseline 0.003 -8"><span class='ocrx_word' id='word_1_396' title='bbox 159 2077 341 2112; x_wconf 81' lang='lat' dir='ltr'><strong>expedivisse,</strong></span> <span class='ocrx_word' id='word_1_397' title='bbox 367 2084 399 2103; x_wconf 87' lang='lat' dir='ltr'><strong>ac</strong></span> <span class='ocrx_word' id='word_1_398' title='bbox 427 2084 597 2103; x_wconf 89' lang='lat' dir='ltr'><strong>summarum</strong></span> <span class='ocrx_word' id='word_1_399' title='bbox 622 2078 808 2111; x_wconf 70' lang='lat' dir='ltr'><strong>angustiarum</strong></span> <span class='ocrx_word' id='word_1_400' title='bbox 825 2079 947 2106; x_wconf 88' lang='lat' dir='ltr'><strong>solamen</strong></span> 
     </span>
    </p>
   </div>
   <div class='ocr_carea' id='block_1_60' title="bbox 159 2122 946 2158">
    <p class='ocr_par' dir='ltr' id='par_1_60' title="bbox 159 2122 946 2158">
     <span class='ocr_line' id='line_1_60' title="bbox 159 2122 946 2158; baseline 0.003 -9"><span class='ocrx_word' id='word_1_401' title='bbox 159 2123 320 2150; x_wconf 83' lang='lat' dir='ltr'><strong>obtinuisse.</strong></span> <span class='ocrx_word' id='word_1_402' title='bbox 342 2122 393 2149; x_wconf 81' lang='lat' dir='ltr'><strong>Sed</strong></span> <span class='ocrx_word' id='word_1_403' title='bbox 413 2126 511 2156; x_wconf 70' lang='lat' dir='ltr'><strong>praeter</strong></span> <span class='ocrx_word' id='word_1_404' title='bbox 540 2123 607 2153; x_wconf 87' lang='lat' dir='ltr'><strong>haec,</strong></span> <span class='ocrx_word' id='word_1_405' title='bbox 625 2122 681 2150; x_wconf 85' lang='lat' dir='ltr'><strong>into</strong></span> <span class='ocrx_word' id='word_1_406' title='bbox 694 2130 758 2150; x_wconf 83' lang='lat' dir='ltr'><strong>vero</strong></span> <span class='ocrx_word' id='word_1_407' title='bbox 783 2124 810 2150; x_wconf 90' lang='lat' dir='ltr'><strong>in</strong></span> <span class='ocrx_word' id='word_1_408' title='bbox 839 2125 946 2158; x_wconf 83' lang='lat' dir='ltr'><strong>primis,</strong></span> 
     </span>
    </p>
   </div>
   <div class='ocr_carea' id='block_1_61' title="bbox 160 2168 945 2203">
    <p class='ocr_par' dir='ltr' id='par_1_61' title="bbox 160 2168 945 2203">
     <span class='ocr_line' id='line_1_61' title="bbox 160 2168 945 2203; baseline 0 -7"><span class='ocrx_word' id='word_1_409' title='bbox 160 2177 222 2196; x_wconf 86' lang='lat' dir='ltr'><strong>cum</strong></span> <span class='ocrx_word' id='word_1_410' title='bbox 238 2169 347 2199; x_wconf 75' lang='lat' dir='ltr'><strong>videris,</strong></span> <span class='ocrx_word' id='word_1_411' title='bbox 364 2168 450 2200; x_wconf 88' lang='lat' dir='ltr'><strong>aiunt,</strong></span> <span class='ocrx_word' id='word_1_412' title='bbox 472 2168 638 2203; x_wconf 86' lang='lat' dir='ltr'><strong>paupertatis</strong></span> <span class='ocrx_word' id='word_1_413' title='bbox 657 2169 800 2203; x_wconf 71' lang='lat' dir='ltr'><strong>praemium</strong></span> <span class='ocrx_word' id='word_1_414' title='bbox 825 2170 945 2202; x_wconf 85' lang='lat' dir='ltr'><strong>divitias,</strong></span> 
     </span>
    </p>
   </div>
   <div class='ocr_carea' id='block_1_62' title="bbox 1000 935 1790 973">
    <p class='ocr_par' dir='ltr' id='par_1_62' title="bbox 1000 935 1790 973">
     <span class='ocr_line' id='line_1_62' title="bbox 1000 935 1790 973; baseline 0.004 -11"><span class='ocrx_word' id='word_1_415' title='bbox 1000 936 1103 969; x_wconf 69' lang='grc' dir='ltr'>ϐάζειν,</span> <span class='ocrx_word' id='word_1_416' title='bbox 1120 935 1258 962; x_wconf 81' lang='grc' dir='ltr'>ἀκώλυτον</span> <span class='ocrx_word' id='word_1_417' title='bbox 1270 936 1362 968; x_wconf 78' lang='grc' dir='ltr'>αὐτοῖς</span> <span class='ocrx_word' id='word_1_418' title='bbox 1380 936 1441 962; x_wconf 84' lang='grc' dir='ltr'>τότε</span> <span class='ocrx_word' id='word_1_419' title='bbox 1457 937 1490 963; x_wconf 83' lang='grc' dir='ltr'><strong>τὰ</strong></span> <span class='ocrx_word' id='word_1_420' title='bbox 1501 938 1638 972; x_wconf 84' lang='grc' dir='ltr'>ἀναγκαῖα</span> <span class='ocrx_word' id='word_1_421' title='bbox 1652 939 1701 973; x_wconf 80' lang='grc' dir='ltr'><strong>τῆς</strong></span> <span class='ocrx_word' id='word_1_422' title='bbox 1715 938 1790 973; x_wconf 76' lang='grc' dir='ltr'>ζωῆς</span> 
     </span>
    </p>
   </div>
   <div class='ocr_carea' id='block_1_63' title="bbox 1000 982 1789 1018">
    <p class='ocr_par' dir='ltr' id='par_1_63' title="bbox 1000 982 1789 1018">
     <span class='ocr_line' id='line_1_63' title="bbox 1000 982 1789 1018; baseline 0.004 -11"><span class='ocrx_word' id='word_1_423' title='bbox 1000 982 1093 1015; x_wconf 76' lang='grc' dir='ltr'>ἐφξδια</span> <span class='ocrx_word' id='word_1_424' title='bbox 1106 982 1199 1016; x_wconf 85' lang='grc' dir='ltr'>φέρειν</span> <span class='ocrx_word' id='word_1_425' title='bbox 1210 983 1372 1018; x_wconf 73' lang='grc' dir='ltr'>ἀποφαίνει·</span> <span class='ocrx_word' id='word_1_426' title='bbox 1381 984 1460 1017; x_wconf 78' lang='grc' dir='ltr'>ὅπερ,</span> <span class='ocrx_word' id='word_1_427' title='bbox 1475 983 1580 1010; x_wconf 84' lang='grc' dir='ltr'>ἐκεῖθεν</span> <span class='ocrx_word' id='word_1_428' title='bbox 1593 984 1659 1018; x_wconf 74' lang='grc' dir='ltr'>φυὲν</span> <span class='ocrx_word' id='word_1_429' title='bbox 1673 983 1721 1018; x_wconf 83' lang='grc' dir='ltr'>τὴν</span> <span class='ocrx_word' id='word_1_430' title='bbox 1736 983 1789 1018; x_wconf 89' lang='grc' dir='ltr'>ἀρ-</span> 
     </span>
    </p>
   </div>
   <div class='ocr_carea' id='block_1_64' title="bbox 999 1028 1789 1065">
    <p class='ocr_par' dir='ltr' id='par_1_64' title="bbox 999 1028 1789 1065">
     <span class='ocr_line' id='line_1_64' title="bbox 999 1028 1789 1065; baseline 0.003 -11"><span class='ocrx_word' id='word_1_431' title='bbox 999 1028 1061 1062; x_wconf 86' lang='grc' dir='ltr'>χὴν,</span> <span class='ocrx_word' id='word_1_432' title='bbox 1075 1028 1123 1054; x_wconf 75' lang='grc' dir='ltr'>καὶ</span> <span class='ocrx_word' id='word_1_433' title='bbox 1136 1029 1185 1064; x_wconf 84' lang='grc' dir='ltr'>τὴν</span> <span class='ocrx_word' id='word_1_434' title='bbox 1198 1030 1251 1056; x_wconf 90' lang='grc' dir='ltr'><strong>τῶν</strong></span> <span class='ocrx_word' id='word_1_435' title='bbox 1266 1031 1469 1065; x_wconf 79' lang='grc' dir='ltr'>διδασκομένων</span> <span class='ocrx_word' id='word_1_436' title='bbox 1486 1030 1614 1065; x_wconf 84' lang='grc' dir='ltr'>πρόνοιαν</span> <span class='ocrx_word' id='word_1_437' title='bbox 1629 1029 1789 1064; x_wconf 78' lang='grc' dir='ltr'>ἐκαρποφό-</span> 
     </span>
    </p>
   </div>
   <div class='ocr_carea' id='block_1_65' title="bbox 1001 1073 1790 1110">
    <p class='ocr_par' dir='ltr' id='par_1_65' title="bbox 1001 1073 1790 1110">
     <span class='ocr_line' id='line_1_65' title="bbox 1001 1073 1790 1110; baseline 0 -10"><span class='ocrx_word' id='word_1_438' title='bbox 1001 1082 1054 1108; x_wconf 83' lang='grc' dir='ltr'>ρει,</span> <span class='ocrx_word' id='word_1_439' title='bbox 1067 1073 1105 1105; x_wconf 86' lang='grc' dir='ltr'><strong>ὡς</strong></span> <span class='ocrx_word' id='word_1_440' title='bbox 1120 1075 1164 1101; x_wconf 79' lang='grc' dir='ltr'><strong>ἐπ’</strong></span> <span class='ocrx_word' id='word_1_441' title='bbox 1182 1075 1273 1107; x_wconf 79' lang='grc' dir='ltr'>αὐτοῖς</span> <span class='ocrx_word' id='word_1_442' title='bbox 1286 1075 1344 1102; x_wconf 77' lang='grc' dir='ltr'>ἐστι</span> <span class='ocrx_word' id='word_1_443' title='bbox 1358 1077 1413 1107; x_wconf 87' lang='grc' dir='ltr'>τοῖς</span> <span class='ocrx_word' id='word_1_444' title='bbox 1429 1077 1521 1110; x_wconf 74' lang='grc' dir='ltr'>ἔργοις</span> <span class='ocrx_word' id='word_1_445' title='bbox 1536 1074 1632 1110; x_wconf 77' lang='grc' dir='ltr'>προϊὸν</span> <span class='ocrx_word' id='word_1_446' title='bbox 1646 1075 1725 1101; x_wconf 84' lang='grc' dir='ltr'>ίδεῖν·</span> <span class='ocrx_word' id='word_1_447' title='bbox 1740 1075 1790 1101; x_wconf 80' lang='grc' dir='ltr'>καὶ</span> 
     </span>
    </p>
   </div>
   <div class='ocr_carea' id='block_1_66' title="bbox 999 1119 1789 1154">
    <p class='ocr_par' dir='ltr' id='par_1_66' title="bbox 999 1119 1789 1154">
     <span class='ocr_line' id='line_1_66' title="bbox 999 1119 1789 1154; baseline 0 -9"><span class='ocrx_word' id='word_1_448' title='bbox 999 1119 1053 1154; x_wconf 75' lang='grc' dir='ltr'><strong>γὰρ</strong></span> <span class='ocrx_word' id='word_1_449' title='bbox 1068 1119 1143 1154; x_wconf 75' lang='grc' dir='ltr'>παρὰ</span> <span class='ocrx_word' id='word_1_450' title='bbox 1160 1120 1223 1151; x_wconf 83' lang='grc' dir='ltr'>τοὺς</span> <span class='ocrx_word' id='word_1_451' title='bbox 1235 1121 1319 1152; x_wconf 77' lang='grc' dir='ltr'>πόδας</span> <span class='ocrx_word' id='word_1_452' title='bbox 1333 1120 1386 1146; x_wconf 88' lang='grc' dir='ltr'><strong>τῶν</strong></span> <span class='ocrx_word' id='word_1_453' title='bbox 1399 1120 1555 1147; x_wconf 83' lang='grc' dir='ltr'>ἀποστόλων</span> <span class='ocrx_word' id='word_1_454' title='bbox 1570 1119 1620 1152; x_wconf 86' lang='grc' dir='ltr'><strong>τὰς</strong></span> <span class='ocrx_word' id='word_1_455' title='bbox 1634 1119 1718 1154; x_wconf 85' lang='grc' dir='ltr'>τιμὰς</span> <span class='ocrx_word' id='word_1_456' title='bbox 1732 1119 1789 1145; x_wconf 84' lang='grc' dir='ltr'><strong>τῶν</strong></span> 
     </span>
    </p>
   </div>
   <div class='ocr_carea' id='block_1_67' title="bbox 998 1165 1788 1202">
    <p class='ocr_par' dir='ltr' id='par_1_67' title="bbox 998 1165 1788 1202">
     <span class='ocr_line' id='line_1_67' title="bbox 998 1165 1788 1202; baseline 0.001 -11"><span class='ocrx_word' id='word_1_457' title='bbox 998 1165 1091 1191; x_wconf 87' lang='grc' dir='ltr'>οίκιῶν</span> <span class='ocrx_word' id='word_1_458' title='bbox 1105 1165 1151 1192; x_wconf 74' lang='grc' dir='ltr'>καὶ</span> <span class='ocrx_word' id='word_1_459' title='bbox 1167 1166 1221 1192; x_wconf 89' lang='grc' dir='ltr'><strong>τῶν</strong></span> <span class='ocrx_word' id='word_1_460' title='bbox 1237 1166 1330 1201; x_wconf 81' lang='grc' dir='ltr'>ἀγρῶν</span> <span class='ocrx_word' id='word_1_461' title='bbox 1346 1166 1477 1202; x_wconf 80' lang='grc' dir='ltr'>φέροντες</span> <span class='ocrx_word' id='word_1_462' title='bbox 1493 1165 1609 1199; x_wconf 77' lang='grc' dir='ltr'>ἐτίθουν,</span> <span class='ocrx_word' id='word_1_463' title='bbox 1621 1166 1670 1192; x_wconf 73' lang='grc' dir='ltr'><strong>καὶ</strong></span> <span class='ocrx_word' id='word_1_464' title='bbox 1684 1166 1788 1192; x_wconf 86' lang='grc' dir='ltr'>ἐδίδοτο</span> 
     </span>
    </p>
   </div>
   <div class='ocr_carea' id='block_1_68' title="bbox 999 1210 1524 1248">
    <p class='ocr_par' dir='ltr' id='par_1_68' title="bbox 999 1210 1524 1248">
     <span class='ocr_line' id='line_1_68' title="bbox 999 1210 1524 1248; baseline 0.002 -11"><span class='ocrx_word' id='word_1_465' title='bbox 999 1211 1108 1246; x_wconf 78' lang='grc' dir='ltr'>ἑκάστῳ</span> <span class='ocrx_word' id='word_1_466' title='bbox 1121 1211 1181 1238; x_wconf 82' lang='grc' dir='ltr'>καθ’</span> <span class='ocrx_word' id='word_1_467' title='bbox 1195 1212 1209 1238; x_wconf 81' lang='grc' dir='ltr'><strong>ὃ</strong></span> <span class='ocrx_word' id='word_1_468' title='bbox 1222 1212 1255 1240; x_wconf 84' lang='grc' dir='ltr'>ἄν</span> <span class='ocrx_word' id='word_1_469' title='bbox 1270 1220 1313 1244; x_wconf 90' lang='grc' dir='ltr'><strong>τις</strong></span> <span class='ocrx_word' id='word_1_470' title='bbox 1329 1213 1425 1248; x_wconf 82' lang='grc' dir='ltr'>χρείαν</span> <span class='ocrx_word' id='word_1_471' title='bbox 1441 1210 1524 1247; x_wconf 79' lang='grc' dir='ltr'>εἶχεν.</span> 
     </span>
    </p>
   </div>
   <div class='ocr_carea' id='block_1_69' title="bbox 1033 1345 1788 1381">
    <p class='ocr_par' dir='ltr' id='par_1_69' title="bbox 1033 1345 1788 1381">
     <span class='ocr_line' id='line_1_69' title="bbox 1033 1345 1788 1381; baseline 0.001 -10"><span class='ocrx_word' id='word_1_472' title='bbox 1033 1348 1068 1381; x_wconf 83' lang='grc' dir='ltr'><strong>η’.</strong></span> <span class='ocrx_word' id='word_1_473' title='bbox 1089 1345 1169 1372; x_wconf 84' lang='grc' dir='ltr'>Ἀλλά</span> <span class='ocrx_word' id='word_1_474' title='bbox 1190 1345 1239 1372; x_wconf 76' lang='grc' dir='ltr'>καὶ</span> <span class='ocrx_word' id='word_1_475' title='bbox 1261 1345 1340 1372; x_wconf 84' lang='grc' dir='ltr'>τοῦτο</span> <span class='ocrx_word' id='word_1_476' title='bbox 1353 1346 1444 1378; x_wconf 84' lang='grc' dir='ltr'>καλῶς</span> <span class='ocrx_word' id='word_1_477' title='bbox 1467 1346 1626 1381; x_wconf 80' lang='grc' dir='ltr'>ἐπιθεωρεῖν</span> <span class='ocrx_word' id='word_1_478' title='bbox 1644 1346 1788 1373; x_wconf 74' lang='grc' dir='ltr'>ὑποτίθεν-</span> 
     </span>
    </p>
   </div>
   <div class='ocr_carea' id='block_1_70' title="bbox 998 1390 1787 1426">
    <p class='ocr_par' dir='ltr' id='par_1_70' title="bbox 998 1390 1787 1426">
     <span class='ocr_line' id='line_1_70' title="bbox 998 1390 1787 1426; baseline 0 -9"><span class='ocrx_word' id='word_1_479' title='bbox 998 1399 1055 1418; x_wconf 90' lang='grc' dir='ltr'>ται.</span> <span class='ocrx_word' id='word_1_480' title='bbox 1078 1391 1165 1423; x_wconf 70' lang='grc' dir='ltr'>Αὐτὸς</span> <span class='ocrx_word' id='word_1_481' title='bbox 1180 1392 1193 1417; x_wconf 98' lang='lat'><strong>6</strong></span> <span class='ocrx_word' id='word_1_482' title='bbox 1206 1393 1378 1426; x_wconf 83' lang='grc' dir='ltr'>Δημιουργδς</span> <span class='ocrx_word' id='word_1_483' title='bbox 1394 1392 1442 1419; x_wconf 83' lang='grc' dir='ltr'>καὶ</span> <span class='ocrx_word' id='word_1_484' title='bbox 1461 1392 1591 1426; x_wconf 82' lang='grc' dir='ltr'>συνοχεὺς</span> <span class='ocrx_word' id='word_1_485' title='bbox 1610 1390 1659 1418; x_wconf 82' lang='grc' dir='ltr'>τοῦ</span> <span class='ocrx_word' id='word_1_486' title='bbox 1673 1392 1787 1424; x_wconf 70' lang='grc' dir='ltr'>παντὸς,</span> 
     </span>
    </p>
   </div>
   <div class='ocr_carea' id='block_1_71' title="bbox 997 1436 1788 1472">
    <p class='ocr_par' dir='ltr' id='par_1_71' title="bbox 997 1436 1788 1472">
     <span class='ocr_line' id='line_1_71' title="bbox 997 1436 1788 1472; baseline -0.001 -9"><span class='ocrx_word' id='word_1_487' title='bbox 997 1437 1042 1463; x_wconf 80' lang='grc' dir='ltr'>ὅτε</span> <span class='ocrx_word' id='word_1_488' title='bbox 1067 1436 1214 1472; x_wconf 82' lang='grc' dir='ltr'>συμπάσης</span> <span class='ocrx_word' id='word_1_489' title='bbox 1237 1436 1327 1471; x_wconf 85' lang='grc' dir='ltr'>ἀπῆγε</span> <span class='ocrx_word' id='word_1_490' title='bbox 1352 1437 1416 1468; x_wconf 77' lang='grc' dir='ltr'>τοὺς</span> <span class='ocrx_word' id='word_1_491' title='bbox 1451 1436 1577 1472; x_wconf 75' lang='grc' dir='ltr'>μαθητάς</span> <span class='ocrx_word' id='word_1_492' title='bbox 1603 1436 1788 1471; x_wconf 78' lang='grc' dir='ltr'>περιπαθείας</span> 
     </span>
    </p>
   </div>
   <div class='ocr_carea' id='block_1_72' title="bbox 998 1479 1789 1517">
    <p class='ocr_par' dir='ltr' id='par_1_72' title="bbox 998 1479 1789 1517">
     <span class='ocr_line' id='line_1_72' title="bbox 998 1479 1789 1517; baseline 0 -10"><span class='ocrx_word' id='word_1_493' title='bbox 998 1482 1132 1516; x_wconf 83' lang='grc' dir='ltr'>προσύλου</span> <span class='ocrx_word' id='word_1_494' title='bbox 1155 1483 1202 1509; x_wconf 74' lang='grc' dir='ltr'>καὶ</span> <span class='ocrx_word' id='word_1_495' title='bbox 1225 1482 1360 1517; x_wconf 79' lang='grc' dir='ltr'>κτήσεως,</span> <span class='ocrx_word' id='word_1_496' title='bbox 1382 1483 1576 1517; x_wconf 81' lang='grc' dir='ltr'>γλωσσόκομον</span> <span class='ocrx_word' id='word_1_497' title='bbox 1588 1479 1645 1517; x_wconf 79' lang='grc' dir='ltr'>εἶχε</span> <span class='ocrx_word' id='word_1_498' title='bbox 1661 1482 1708 1508; x_wconf 79' lang='grc' dir='ltr'><strong>καὶ</strong></span> <span class='ocrx_word' id='word_1_499' title='bbox 1723 1482 1789 1513; x_wconf 76' lang='grc' dir='ltr'>τοὺς</span> 
     </span>
    </p>
   </div>
   <div class='ocr_carea' id='block_1_73' title="bbox 1001 1527 1787 1563">
    <p class='ocr_par' dir='ltr' id='par_1_73' title="bbox 1001 1527 1787 1563">
     <span class='ocr_line' id='line_1_73' title="bbox 1001 1527 1787 1563; baseline -0.001 -9"><span class='ocrx_word' id='word_1_500' title='bbox 1001 1527 1147 1562; x_wconf 74' lang='grc' dir='ltr'>βάλλοντας</span> <span class='ocrx_word' id='word_1_501' title='bbox 1171 1527 1334 1563; x_wconf 75' lang='grc' dir='ltr'>ἀπεδέχετο’</span> <span class='ocrx_word' id='word_1_502' title='bbox 1357 1528 1427 1555; x_wconf 84' lang='grc' dir='ltr'>ὥστε</span> <span class='ocrx_word' id='word_1_503' title='bbox 1455 1529 1486 1555; x_wconf 82' lang='grc' dir='ltr'>οὐ</span> <span class='ocrx_word' id='word_1_504' title='bbox 1512 1528 1545 1554; x_wconf 82' lang='grc' dir='ltr'>τὸ</span> <span class='ocrx_word' id='word_1_505' title='bbox 1574 1528 1611 1563; x_wconf 81' lang='grc' dir='ltr'>μὴ</span> <span class='ocrx_word' id='word_1_506' title='bbox 1635 1528 1787 1562; x_wconf 77' lang='grc' dir='ltr'>κεκτῆσθαι</span> 
     </span>
    </p>
   </div>
   <div class='ocr_carea' id='block_1_74' title="bbox 1001 1572 1789 1609">
    <p class='ocr_par' dir='ltr' id='par_1_74' title="bbox 1001 1572 1789 1609">
     <span class='ocr_line' id='line_1_74' title="bbox 1001 1572 1789 1609; baseline -0.001 -9"><span class='ocrx_word' id='word_1_507' title='bbox 1001 1574 1107 1607; x_wconf 83' lang='grc' dir='ltr'>ἁπλῶς,</span> <span class='ocrx_word' id='word_1_508' title='bbox 1133 1574 1200 1600; x_wconf 84' lang='grc' dir='ltr'><strong>ἀλλά</strong></span> <span class='ocrx_word' id='word_1_509' title='bbox 1215 1574 1244 1600; x_wconf 74' lang='grc' dir='ltr'><strong>τδ</strong></span> <span class='ocrx_word' id='word_1_510' title='bbox 1262 1574 1298 1609; x_wconf 86' lang='grc' dir='ltr'>μὴ</span> <span class='ocrx_word' id='word_1_511' title='bbox 1322 1574 1428 1605; x_wconf 82' lang='grc' dir='ltr'>τούτοις</span> <span class='ocrx_word' id='word_1_512' title='bbox 1444 1573 1555 1609; x_wconf 74' lang='grc' dir='ltr'>ἔχεσθαι</span> <span class='ocrx_word' id='word_1_513' title='bbox 1574 1574 1623 1600; x_wconf 75' lang='grc' dir='ltr'>καὶ</span> <span class='ocrx_word' id='word_1_514' title='bbox 1644 1572 1789 1609; x_wconf 81' lang='grc' dir='ltr'>προσηλῶ-</span> 
     </span>
    </p>
   </div>
   <div class='ocr_carea' id='block_1_75' title="bbox 1000 1618 1788 1657">
    <p class='ocr_par' dir='ltr' id='par_1_75' title="bbox 1000 1618 1788 1657">
     <span class='ocr_line' id='line_1_75' title="bbox 1000 1618 1788 1657; baseline -0.003 -11"><span class='ocrx_word' id='word_1_515' title='bbox 1000 1620 1071 1657; x_wconf 76' lang='grc' dir='ltr'>σθαι,</span> <span class='ocrx_word' id='word_1_516' title='bbox 1096 1619 1144 1646; x_wconf 70' lang='grc' dir='ltr'>καὶ</span> <span class='ocrx_word' id='word_1_517' title='bbox 1158 1619 1202 1645; x_wconf 82' lang='grc' dir='ltr'><strong>διὰ</strong></span> <span class='ocrx_word' id='word_1_518' title='bbox 1218 1619 1267 1654; x_wconf 80' lang='grc' dir='ltr'>τῆς</span> <span class='ocrx_word' id='word_1_519' title='bbox 1283 1619 1392 1653; x_wconf 77' lang='grc' dir='ltr'>ἐντολῆς</span> <span class='ocrx_word' id='word_1_520' title='bbox 1407 1618 1509 1654; x_wconf 79' lang='grc' dir='ltr'>ταύτης</span> <span class='ocrx_word' id='word_1_521' title='bbox 1529 1618 1630 1646; x_wconf 85' lang='grc' dir='ltr'>κωλύει</span> <span class='ocrx_word' id='word_1_522' title='bbox 1642 1618 1725 1644; x_wconf 61' lang='grc' dir='ltr'>’Ἐπεὶ</span> <span class='ocrx_word' id='word_1_523' title='bbox 1740 1618 1788 1644; x_wconf 79' lang='grc' dir='ltr'>καὶ</span> 
     </span>
    </p>
   </div>
   <div class='ocr_carea' id='block_1_76' title="bbox 998 1663 1787 1701">
    <p class='ocr_par' dir='ltr' id='par_1_76' title="bbox 998 1663 1787 1701">
     <span class='ocr_line' id='line_1_76' title="bbox 998 1663 1787 1701; baseline -0.003 -8"><span class='ocrx_word' id='word_1_524' title='bbox 998 1667 1090 1698; x_wconf 71' lang='grc' dir='ltr'>αὐτὸς,</span> <span class='ocrx_word' id='word_1_525' title='bbox 1111 1665 1206 1701; x_wconf 84' lang='grc' dir='ltr'>ὥσπερ</span> <span class='ocrx_word' id='word_1_526' title='bbox 1234 1666 1350 1700; x_wconf 77' lang='grc' dir='ltr'>ἔφημεν,</span> <span class='ocrx_word' id='word_1_527' title='bbox 1369 1663 1441 1700; x_wconf 73' lang='grc' dir='ltr'>εἶχεν</span> <span class='ocrx_word' id='word_1_528' title='bbox 1458 1666 1507 1692; x_wconf 84' lang='grc' dir='ltr'>οὐκ</span> <span class='ocrx_word' id='word_1_529' title='bbox 1520 1665 1606 1700; x_wconf 75' lang='grc' dir='ltr'>ἔχων·</span> <span class='ocrx_word' id='word_1_530' title='bbox 1625 1665 1719 1692; x_wconf 74' lang='grc' dir='ltr'>ἕνεκεν</span> <span class='ocrx_word' id='word_1_531' title='bbox 1732 1665 1787 1699; x_wconf 78' lang='grc' dir='ltr'><strong>γὰρ</strong></span> 
     </span>
    </p>
   </div>
   <div class='ocr_carea' id='block_1_77' title="bbox 997 1711 1786 1747">
    <p class='ocr_par' dir='ltr' id='par_1_77' title="bbox 997 1711 1786 1747">
     <span class='ocr_line' id='line_1_77' title="bbox 997 1711 1786 1747; baseline -0.003 -9"><span class='ocrx_word' id='word_1_532' title='bbox 997 1712 1052 1739; x_wconf 82' lang='grc' dir='ltr'><strong>τῶν</strong></span> <span class='ocrx_word' id='word_1_533' title='bbox 1066 1712 1212 1747; x_wconf 79' lang='grc' dir='ltr'>δεομένων,</span> <span class='ocrx_word' id='word_1_534' title='bbox 1229 1712 1277 1738; x_wconf 78' lang='grc' dir='ltr'>καὶ</span> <span class='ocrx_word' id='word_1_535' title='bbox 1303 1712 1476 1747; x_wconf 80' lang='grc' dir='ltr'>παραμύθιον</span> <span class='ocrx_word' id='word_1_536' title='bbox 1500 1711 1553 1738; x_wconf 86' lang='grc' dir='ltr'><strong>τῶν</strong></span> <span class='ocrx_word' id='word_1_537' title='bbox 1575 1711 1786 1746; x_wconf 82' lang='grc' dir='ltr'>ἀπορουμένων,</span> 
     </span>
    </p>
   </div>
   <div class='ocr_carea' id='block_1_78' title="bbox 998 1757 1787 1793">
    <p class='ocr_par' dir='ltr' id='par_1_78' title="bbox 998 1757 1787 1793">
     <span class='ocr_line' id='line_1_78' title="bbox 998 1757 1787 1793; baseline -0.004 -8"><span class='ocrx_word' id='word_1_538' title='bbox 998 1759 1045 1786; x_wconf 78' lang='grc' dir='ltr'>καὶ</span> <span class='ocrx_word' id='word_1_539' title='bbox 1060 1760 1111 1793; x_wconf 83' lang='grc' dir='ltr'>τῆς</span> <span class='ocrx_word' id='word_1_540' title='bbox 1123 1758 1247 1793; x_wconf 83' lang='grc' dir='ltr'>ἀνάγκης</span> <span class='ocrx_word' id='word_1_541' title='bbox 1262 1758 1438 1793; x_wconf 80' lang='grc' dir='ltr'>ἀποστροφήν</span> <span class='ocrx_word' id='word_1_542' title='bbox 1454 1766 1516 1784; x_wconf 81' lang='grc' dir='ltr'>τινα</span> <span class='ocrx_word' id='word_1_543' title='bbox 1527 1758 1574 1783; x_wconf 80' lang='grc' dir='ltr'>καὶ</span> <span class='ocrx_word' id='word_1_544' title='bbox 1588 1757 1787 1792; x_wconf 83' lang='grc' dir='ltr'>λύσιν.”Ωσπερ</span> 
     </span>
    </p>
   </div>
   <div class='ocr_carea' id='block_1_79' title="bbox 997 1803 1785 1839">
    <p class='ocr_par' dir='ltr' id='par_1_79' title="bbox 997 1803 1785 1839">
     <span class='ocr_line' id='line_1_79' title="bbox 997 1803 1785 1839; baseline -0.004 -7"><span class='ocrx_word' id='word_1_545' title='bbox 997 1803 1045 1832; x_wconf 74' lang='grc' dir='ltr'>οὖν</span> <span class='ocrx_word' id='word_1_546' title='bbox 1067 1805 1118 1832; x_wconf 80' lang='grc' dir='ltr'>οὐκ</span> <span class='ocrx_word' id='word_1_547' title='bbox 1141 1805 1261 1831; x_wconf 82' lang='grc' dir='ltr'>ἐναντίον</span> <span class='ocrx_word' id='word_1_548' title='bbox 1287 1804 1369 1831; x_wconf 80' lang='grc' dir='ltr'>αὐτὸν</span> <span class='ocrx_word' id='word_1_549' title='bbox 1388 1804 1438 1839; x_wconf 83' lang='grc' dir='ltr'>μὲν</span> <span class='ocrx_word' id='word_1_550' title='bbox 1461 1803 1656 1838; x_wconf 83' lang='grc' dir='ltr'>γλωσσόκομον</span> <span class='ocrx_word' id='word_1_551' title='bbox 1680 1803 1785 1837; x_wconf 65' lang='grc' dir='ltr'>φέρειν,</span> 
     </span>
    </p>
   </div>
   <div class='ocr_carea' id='block_1_80' title="bbox 997 1848 1785 1886">
    <p class='ocr_par' dir='ltr' id='par_1_80' title="bbox 997 1848 1785 1886">
     <span class='ocr_line' id='line_1_80' title="bbox 997 1848 1785 1886; baseline -0.004 -9"><span class='ocrx_word' id='word_1_552' title='bbox 997 1851 1119 1882; x_wconf 77' lang='grc' dir='ltr'>ἐκείνους</span> <span class='ocrx_word' id='word_1_553' title='bbox 1134 1850 1163 1876; x_wconf 84' lang='grc' dir='ltr'><strong>δέ</strong></span> <span class='ocrx_word' id='word_1_554' title='bbox 1188 1850 1271 1886; x_wconf 85' lang='grc' dir='ltr'>μηδὲν</span> <span class='ocrx_word' id='word_1_555' title='bbox 1288 1849 1479 1884; x_wconf 82' lang='grc' dir='ltr'>συνεπιφέρειν</span> <span class='ocrx_word' id='word_1_556' title='bbox 1494 1849 1562 1880; x_wconf 85' lang='grc' dir='ltr'>ὅλως</span> <span class='ocrx_word' id='word_1_557' title='bbox 1587 1848 1785 1884; x_wconf 74' lang='grc' dir='ltr'>ἀπαγορεύειν,</span> 
     </span>
    </p>
   </div>
   <div class='ocr_carea' id='block_1_81' title="bbox 997 1893 1786 1929">
    <p class='ocr_par' dir='ltr' id='par_1_81' title="bbox 997 1893 1786 1929">
     <span class='ocr_line' id='line_1_81' title="bbox 997 1893 1786 1929; baseline -0.004 -7"><span class='ocrx_word' id='word_1_558' title='bbox 997 1897 1083 1928; x_wconf 78' lang='grc' dir='ltr'>οὕτως</span> <span class='ocrx_word' id='word_1_559' title='bbox 1108 1897 1158 1922; x_wconf 84' lang='grc' dir='ltr'>οὐκ</span> <span class='ocrx_word' id='word_1_560' title='bbox 1177 1896 1250 1922; x_wconf 79' lang='grc' dir='ltr'>ἐστιν</span> <span class='ocrx_word' id='word_1_561' title='bbox 1277 1895 1398 1921; x_wconf 76' lang='grc' dir='ltr'>ἐναντίον</span> <span class='ocrx_word' id='word_1_562' title='bbox 1422 1894 1483 1921; x_wconf 74' lang='grc' dir='ltr'>οὐδὲ</span> <span class='ocrx_word' id='word_1_563' title='bbox 1507 1893 1590 1921; x_wconf 85' lang='grc' dir='ltr'>πάλαι</span> <span class='ocrx_word' id='word_1_564' title='bbox 1615 1894 1663 1929; x_wconf 79' lang='grc' dir='ltr'>μὲν</span> <span class='ocrx_word' id='word_1_565' title='bbox 1687 1894 1786 1926; x_wconf 81' lang='grc' dir='ltr'>αὐτοὺς</span> 
     </span>
    </p>
   </div>
   <div class='ocr_carea' id='block_1_82' title="bbox 997 1940 1786 1978">
    <p class='ocr_par' dir='ltr' id='par_1_82' title="bbox 997 1940 1786 1978">
     <span class='ocr_line' id='line_1_82' title="bbox 997 1940 1786 1978; baseline -0.004 -9"><span class='ocrx_word' id='word_1_566' title='bbox 997 1943 1066 1978; x_wconf 78' lang='grc' dir='ltr'>πρὸς</span> <span class='ocrx_word' id='word_1_567' title='bbox 1085 1943 1116 1969; x_wconf 81' lang='grc' dir='ltr'>τὸ</span> <span class='ocrx_word' id='word_1_568' title='bbox 1127 1942 1177 1976; x_wconf 85' lang='grc' dir='ltr'>τῆς</span> <span class='ocrx_word' id='word_1_569' title='bbox 1191 1941 1385 1976; x_wconf 82' lang='grc' dir='ltr'>ὰκτημοσύνης</span> <span class='ocrx_word' id='word_1_570' title='bbox 1399 1940 1485 1976; x_wconf 86' lang='grc' dir='ltr'>τραχύ</span> <span class='ocrx_word' id='word_1_571' title='bbox 1498 1950 1528 1967; x_wconf 86' lang='grc' dir='ltr'><strong>τε</strong></span> <span class='ocrx_word' id='word_1_572' title='bbox 1543 1941 1589 1968; x_wconf 85' lang='grc' dir='ltr'>καὶ</span> <span class='ocrx_word' id='word_1_573' title='bbox 1604 1940 1786 1976; x_wconf 78' lang='grc' dir='ltr'>δυσπρόσοδον</span> 
     </span>
    </p>
   </div>
   <div class='ocr_carea' id='block_1_83' title="bbox 998 1985 1786 2022">
    <p class='ocr_par' dir='ltr' id='par_1_83' title="bbox 998 1985 1786 2022">
     <span class='ocr_line' id='line_1_83' title="bbox 998 1985 1786 2022; baseline -0.004 -8"><span class='ocrx_word' id='word_1_574' title='bbox 998 1988 1171 2022; x_wconf 81' lang='grc' dir='ltr'>ἀνατρέχειν,</span> <span class='ocrx_word' id='word_1_575' title='bbox 1188 1987 1300 2020; x_wconf 77' lang='grc' dir='ltr'>ὕστερον</span> <span class='ocrx_word' id='word_1_576' title='bbox 1312 1986 1340 2012; x_wconf 85' lang='grc' dir='ltr'><strong>δέ</strong></span> <span class='ocrx_word' id='word_1_577' title='bbox 1356 1988 1404 2012; x_wconf 74' lang='grc' dir='ltr'>καὶ</span> <span class='ocrx_word' id='word_1_578' title='bbox 1419 1988 1452 2021; x_wconf 85' lang='grc' dir='ltr'>τῇ</span> <span class='ocrx_word' id='word_1_579' title='bbox 1469 1986 1620 2020; x_wconf 80' lang='grc' dir='ltr'>συμμέτρῳ</span> <span class='ocrx_word' id='word_1_580' title='bbox 1634 1985 1689 2011; x_wconf 85' lang='grc' dir='ltr'><strong>τῶν</strong></span> <span class='ocrx_word' id='word_1_581' title='bbox 1702 1986 1786 2018; x_wconf 85' lang='grc' dir='ltr'>ἀναγ-</span> 
     </span>
    </p>
   </div>
   <div class='ocr_carea' id='block_1_84' title="bbox 998 2029 1786 2065">
    <p class='ocr_par' dir='ltr' id='par_1_84' title="bbox 998 2029 1786 2065">
     <span class='ocr_line' id='line_1_84' title="bbox 998 2029 1786 2065; baseline -0.006 -6"><span class='ocrx_word' id='word_1_582' title='bbox 998 2033 1083 2059; x_wconf 83' lang='grc' dir='ltr'>καίων</span> <span class='ocrx_word' id='word_1_583' title='bbox 1105 2032 1200 2065; x_wconf 84' lang='grc' dir='ltr'>κτήσει</span> <span class='ocrx_word' id='word_1_584' title='bbox 1215 2031 1271 2057; x_wconf 88' lang='grc' dir='ltr'><strong>τῶν</strong></span> <span class='ocrx_word' id='word_1_585' title='bbox 1287 2030 1392 2057; x_wconf 77' lang='grc' dir='ltr'>πολλῶν</span> <span class='ocrx_word' id='word_1_586' title='bbox 1407 2029 1530 2056; x_wconf 81' lang='grc' dir='ltr'>ἀνίεσθαι</span> <span class='ocrx_word' id='word_1_587' title='bbox 1549 2029 1648 2061; x_wconf 83' lang='grc' dir='ltr'>πόνων,</span> <span class='ocrx_word' id='word_1_588' title='bbox 1670 2029 1717 2055; x_wconf 87' lang='grc' dir='ltr'>καὶ</span> <span class='ocrx_word' id='word_1_589' title='bbox 1735 2029 1786 2062; x_wconf 82' lang='grc' dir='ltr'><strong>τῆς</strong></span> 
     </span>
    </p>
   </div>
   <div class='ocr_carea' id='block_1_85' title="bbox 998 2073 1785 2111">
    <p class='ocr_par' dir='ltr' id='par_1_85' title="bbox 998 2073 1785 2111">
     <span class='ocr_line' id='line_1_85' title="bbox 998 2073 1785 2111; baseline -0.004 -8"><span class='ocrx_word' id='word_1_590' title='bbox 998 2077 1117 2111; x_wconf 76' lang='grc' dir='ltr'>ἐσχάτης</span> <span class='ocrx_word' id='word_1_591' title='bbox 1132 2076 1204 2110; x_wconf 73' lang='grc' dir='ltr'>ἔχειν</span> <span class='ocrx_word' id='word_1_592' title='bbox 1220 2074 1393 2110; x_wconf 82' lang='grc' dir='ltr'>παραμύθιον</span> <span class='ocrx_word' id='word_1_593' title='bbox 1416 2074 1608 2109; x_wconf 78' lang='grc' dir='ltr'>στενοχωρίας.</span> <span class='ocrx_word' id='word_1_594' title='bbox 1636 2073 1715 2100; x_wconf 80' lang='grc' dir='ltr'>Ἀλλά</span> <span class='ocrx_word' id='word_1_595' title='bbox 1731 2073 1785 2108; x_wconf 82' lang='grc' dir='ltr'><strong>γὰρ</strong></span> 
     </span>
    </p>
   </div>
   <div class='ocr_carea' id='block_1_86' title="bbox 997 2119 1784 2157">
    <p class='ocr_par' dir='ltr' id='par_1_86' title="bbox 997 2119 1784 2157">
     <span class='ocr_line' id='line_1_86' title="bbox 997 2119 1784 2157; baseline -0.004 -9"><span class='ocrx_word' id='word_1_596' title='bbox 997 2123 1045 2148; x_wconf 50' lang='grc' dir='ltr'><strong>καὶ¹</strong></span> <span class='ocrx_word' id='word_1_597' title='bbox 1067 2123 1136 2157; x_wconf 69' lang='grc' dir='ltr'>πρὸς</span> <span class='ocrx_word' id='word_1_598' title='bbox 1157 2121 1274 2153; x_wconf 75' lang='grc' dir='ltr'>τούτοις,</span> <span class='ocrx_word' id='word_1_599' title='bbox 1300 2120 1400 2155; x_wconf 80' lang='grc' dir='ltr'>μᾶλλον</span> <span class='ocrx_word' id='word_1_600' title='bbox 1422 2120 1451 2146; x_wconf 78' lang='grc' dir='ltr'>δὲ</span> <span class='ocrx_word' id='word_1_601' title='bbox 1468 2121 1521 2155; x_wconf 77' lang='grc' dir='ltr'>πρὸ</span> <span class='ocrx_word' id='word_1_602' title='bbox 1538 2120 1593 2145; x_wconf 88' lang='grc' dir='ltr'><strong>τῶν</strong></span> <span class='ocrx_word' id='word_1_603' title='bbox 1618 2119 1784 2155; x_wconf 73' lang='grc' dir='ltr'>εἰρημένων,</span> 
     </span>
    </p>
   </div>
   <div class='ocr_carea' id='block_1_87' title="bbox 998 2163 1784 2203">
    <p class='ocr_par' dir='ltr' id='par_1_87' title="bbox 998 2163 1784 2203">
     <span class='ocr_line' id='line_1_87' title="bbox 998 2163 1784 2203; baseline -0.004 -10"><span class='ocrx_word' id='word_1_604' title='bbox 998 2169 1061 2194; x_wconf 77' lang='grc' dir='ltr'>ὅταν</span> <span class='ocrx_word' id='word_1_605' title='bbox 1083 2168 1150 2203; x_wconf 75' lang='grc' dir='ltr'>ι’δῃς,</span> <span class='ocrx_word' id='word_1_606' title='bbox 1166 2167 1242 2201; x_wconf 81' lang='grc' dir='ltr'>φασὶ,</span> <span class='ocrx_word' id='word_1_607' title='bbox 1259 2167 1308 2201; x_wconf 83' lang='grc' dir='ltr'>τῆς</span> <span class='ocrx_word' id='word_1_608' title='bbox 1325 2166 1520 2200; x_wconf 84' lang='grc' dir='ltr'>ἀκτημοσύνης</span> <span class='ocrx_word' id='word_1_609' title='bbox 1543 2163 1624 2191; x_wconf 77' lang='grc' dir='ltr'>ἆθλον</span> <span class='ocrx_word' id='word_1_610' title='bbox 1641 2165 1686 2191; x_wconf 80' lang='grc' dir='ltr'>τὸν</span> <span class='ocrx_word' id='word_1_611' title='bbox 1699 2164 1784 2191; x_wconf 84' lang='grc' dir='ltr'>πλοῦ-</span> 
     </span>
    </p>
   </div>
   <div class='ocr_carea' id='block_1_88' title="bbox 160 2210 947 2250">
    <p class='ocr_par' dir='ltr' id='par_1_88' title="bbox 160 2215 944 2250">
     <span class='ocr_line' id='line_1_88' title="bbox 160 2215 944 2250; baseline 0.003 -8"><span class='ocrx_word' id='word_1_612' title='bbox 160 2220 217 2242; x_wconf 88' lang='lat' dir='ltr'><strong>tttm</strong></span> <span class='ocrx_word' id='word_1_613' title='bbox 232 2215 341 2242; x_wconf 84' lang='lat' dir='ltr'><strong>demum</strong></span> <span class='ocrx_word' id='word_1_614' title='bbox 365 2215 509 2250; x_wconf 75' lang='lat' dir='ltr'><strong>cogitando</strong></span> <span class='ocrx_word' id='word_1_615' title='bbox 528 2215 629 2242; x_wconf 86' lang='lat' dir='ltr'><strong>clarius</strong></span> <span class='ocrx_word' id='word_1_616' title='bbox 654 2215 787 2250; x_wconf 86' lang='lat' dir='ltr'><strong>intelliges</strong></span> <span class='ocrx_word' id='word_1_617' title='bbox 810 2223 864 2242; x_wconf 94' lang='lat' dir='ltr'><strong>non</strong></span> <span class='ocrx_word' id='word_1_618' title='bbox 883 2224 944 2244; x_wconf 82' lang='lat' dir='ltr'><strong>esse</strong></span> 
     </span>
    </p>
   </div>
   <div class='ocr_carea' id='block_1_89' title="bbox 1033 2210 1786 2250">
    <p class='ocr_par' dir='ltr' id='par_1_89' title="bbox 1033 2210 1786 2248">
     <span class='ocr_line' id='line_1_89' title="bbox 1033 2210 1786 2248; baseline -0.005 -8"><span class='ocrx_word' id='word_1_619' title='bbox 1033 2223 1052 2245; x_wconf 68' lang='grc' dir='ltr'><strong>ν,</strong></span> <span class='ocrx_word' id='word_1_620' title='bbox 1067 2214 1233 2248; x_wconf 77' lang='grc' dir='ltr'>σαφέστερον</span> <span class='ocrx_word' id='word_1_621' title='bbox 1254 2212 1287 2238; x_wconf 84' lang='grc' dir='ltr'>ἂν</span> <span class='ocrx_word' id='word_1_622' title='bbox 1302 2212 1453 2246; x_wconf 71' lang='grc' dir='ltr'>ἐπιστήσας</span> <span class='ocrx_word' id='word_1_623' title='bbox 1469 2211 1573 2246; x_wconf 86' lang='grc' dir='ltr'>συνήσῃ</span> <span class='ocrx_word' id='word_1_624' title='bbox 1586 2210 1623 2242; x_wconf 87' lang='grc' dir='ltr'>ὼς</span> <span class='ocrx_word' id='word_1_625' title='bbox 1647 2211 1696 2237; x_wconf 85' lang='grc' dir='ltr'>οὐκ</span> <span class='ocrx_word' id='word_1_626' title='bbox 1711 2210 1786 2236; x_wconf 75' lang='grc' dir='ltr'>ἐστιν</span> 
     </span>
    </p>
   </div>
   <div class='ocr_carea' id='block_1_90' title="bbox 159 2262 947 2297">
    <p class='ocr_par' dir='ltr' id='par_1_90' title="bbox 159 2262 947 2297">
     <span class='ocr_line' id='line_1_90' title="bbox 159 2262 947 2297; baseline 0 -7"><span class='ocrx_word' id='word_1_627' title='bbox 159 2263 217 2291; x_wconf 80' lang='lat' dir='ltr'><strong>inec</strong></span> <span class='ocrx_word' id='word_1_628' title='bbox 233 2262 348 2290; x_wconf 66' lang='lat' dir='ltr'><strong>invicem</strong></span> <span class='ocrx_word' id='word_1_629' title='bbox 374 2262 568 2297; x_wconf 86' lang='lat' dir='ltr'><strong>peremptoria,</strong></span> <span class='ocrx_word' id='word_1_630' title='bbox 593 2269 682 2296; x_wconf 87' lang='lat' dir='ltr'><strong>neque</strong></span> <span class='ocrx_word' id='word_1_631' title='bbox 701 2270 822 2297; x_wconf 78' lang='lat' dir='ltr'><strong>pugnare</strong></span> <span class='ocrx_word' id='word_1_632' title='bbox 836 2263 947 2290; x_wconf 86' lang='lat' dir='ltr'><strong>manda-</strong></span> 
     </span>
    </p>
   </div>
   <div class='ocr_carea' id='block_1_91' title="bbox 158 2308 946 2343">
    <p class='ocr_par' dir='ltr' id='par_1_91' title="bbox 158 2308 946 2343">
     <span class='ocr_line' id='line_1_91' title="bbox 158 2308 946 2343; baseline -0.001 -7"><span class='ocrx_word' id='word_1_633' title='bbox 158 2315 215 2336; x_wconf 88' lang='lat' dir='ltr'><strong>tutn</strong></span> <span class='ocrx_word' id='word_1_634' title='bbox 229 2316 282 2336; x_wconf 92' lang='lat' dir='ltr'><strong>non</strong></span> <span class='ocrx_word' id='word_1_635' title='bbox 295 2309 450 2343; x_wconf 84' lang='lat' dir='ltr'><strong>possidendi</strong></span> <span class='ocrx_word' id='word_1_636' title='bbox 471 2317 531 2336; x_wconf 87' lang='lat' dir='ltr'><strong>ctttu</strong></span> <span class='ocrx_word' id='word_1_637' title='bbox 558 2308 605 2336; x_wconf 90' lang='lat' dir='ltr'><strong>illo</strong></span> <span class='ocrx_word' id='word_1_638' title='bbox 620 2308 691 2343; x_wconf 89' lang='lat' dir='ltr'><strong>quod</strong></span> <span class='ocrx_word' id='word_1_639' title='bbox 708 2308 768 2343; x_wconf 84' lang='lat' dir='ltr'><strong>ejus</strong></span> <span class='ocrx_word' id='word_1_640' title='bbox 786 2309 823 2335; x_wconf 84' lang='lat' dir='ltr'><strong>rei</strong></span> <span class='ocrx_word' id='word_1_641' title='bbox 840 2309 946 2343; x_wconf 86' lang='lat' dir='ltr'><strong>copiam</strong></span> 
     </span>
    </p>
   </div>
   <div class='ocr_carea' id='block_1_92' title="bbox 159 2353 948 2388">
    <p class='ocr_par' dir='ltr' id='par_1_92' title="bbox 159 2353 948 2388">
     <span class='ocr_line' id='line_1_92' title="bbox 159 2353 948 2388; baseline -0.001 -7"><span class='ocrx_word' id='word_1_642' title='bbox 159 2354 247 2381; x_wconf 80' lang='lat' dir='ltr'><strong>facit:</strong></span> <span class='ocrx_word' id='word_1_643' title='bbox 279 2354 426 2381; x_wconf 85' lang='lat' dir='ltr'><strong>dummodo</strong></span> <span class='ocrx_word' id='word_1_644' title='bbox 455 2354 530 2388; x_wconf 86' lang='lat' dir='ltr'><strong>prius</strong></span> <span class='ocrx_word' id='word_1_645' title='bbox 558 2353 625 2380; x_wconf 87' lang='lat' dir='ltr'><strong>illud</strong></span> <span class='ocrx_word' id='word_1_646' title='bbox 646 2353 679 2380; x_wconf 89' lang='lat' dir='ltr'><strong>de</strong></span> <span class='ocrx_word' id='word_1_647' title='bbox 696 2353 807 2380; x_wconf 85' lang='lat' dir='ltr'><strong>homine</strong></span> <span class='ocrx_word' id='word_1_648' title='bbox 834 2353 948 2387; x_wconf 83' lang='lat' dir='ltr'><strong>pecunia</strong></span> 
     </span>
    </p>
   </div>
   <div class='ocr_carea' id='block_1_93' title="bbox 159 2400 946 2434">
    <p class='ocr_par' dir='ltr' id='par_1_93' title="bbox 159 2400 946 2434">
     <span class='ocr_line' id='line_1_93' title="bbox 159 2400 946 2434; baseline 0 -8"><span class='ocrx_word' id='word_1_649' title='bbox 159 2400 312 2434; x_wconf 85' lang='lat' dir='ltr'><strong>perturbari</strong></span> <span class='ocrx_word' id='word_1_650' title='bbox 341 2400 420 2427; x_wconf 88' lang='lat' dir='ltr'><strong>solito</strong></span> <span class='ocrx_word' id='word_1_651' title='bbox 447 2400 550 2426; x_wconf 91' lang='lat' dir='ltr'><strong>dictum</strong></span> <span class='ocrx_word' id='word_1_652' title='bbox 574 2404 670 2434; x_wconf 90' lang='lat' dir='ltr'><strong>putes;</strong></span> <span class='ocrx_word' id='word_1_653' title='bbox 696 2401 835 2434; x_wconf 77' lang='lat' dir='ltr'><strong>p055essio</strong></span> <span class='ocrx_word' id='word_1_654' title='bbox 855 2405 946 2427; x_wconf 88' lang='lat' dir='ltr'><strong>autem</strong></span> 
     </span>
    </p>
   </div>
   <div class='ocr_carea' id='block_1_94' title="bbox 160 2444 946 2479">
    <p class='ocr_par' dir='ltr' id='par_1_94' title="bbox 160 2444 946 2479">
     <span class='ocr_line' id='line_1_94' title="bbox 160 2444 946 2479; baseline -0.001 -8"><span class='ocrx_word' id='word_1_655' title='bbox 160 2445 198 2471; x_wconf 77' lang='lat' dir='ltr'><strong>rei</strong></span> <span class='ocrx_word' id='word_1_656' title='bbox 216 2445 358 2472; x_wconf 80' lang='lat' dir='ltr'><strong>familiaris</strong></span> <span class='ocrx_word' id='word_1_657' title='bbox 377 2452 493 2471; x_wconf 83' lang='lat' dir='ltr'><strong>vacuum</strong></span> <span class='ocrx_word' id='word_1_658' title='bbox 519 2448 544 2471; x_wconf 88' lang='lat' dir='ltr'><strong>te</strong></span> <span class='ocrx_word' id='word_1_659' title='bbox 570 2444 776 2478; x_wconf 84' lang='lat' dir='ltr'><strong>perturbatione</strong></span> <span class='ocrx_word' id='word_1_660' title='bbox 801 2444 946 2479; x_wconf 87' lang='lat' dir='ltr'><strong>relinquat.</strong></span> 
     </span>
    </p>
   </div>
   <div class='ocr_carea' id='block_1_95' title="bbox 162 2489 948 2523">
    <p class='ocr_par' dir='ltr' id='par_1_95' title="bbox 162 2489 948 2523">
     <span class='ocr_line' id='line_1_95' title="bbox 162 2489 948 2523; baseline -0.004 -6"><span class='ocrx_word' id='word_1_661' title='bbox 162 2491 305 2523; x_wconf 84' lang='lat' dir='ltr'><strong>Quomodo</strong></span> <span class='ocrx_word' id='word_1_662' title='bbox 334 2490 407 2516; x_wconf 87' lang='lat' dir='ltr'><strong>enim</strong></span> <span class='ocrx_word' id='word_1_663' title='bbox 433 2489 531 2516; x_wconf 86' lang='lat' dir='ltr'><strong>utentis</strong></span> <span class='ocrx_word' id='word_1_664' title='bbox 553 2489 702 2516; x_wconf 84' lang='lat' dir='ltr'><strong>liberalitas</strong></span> <span class='ocrx_word' id='word_1_665' title='bbox 729 2493 756 2515; x_wconf 90' lang='lat' dir='ltr'><strong>et</strong></span> <span class='ocrx_word' id='word_1_666' title='bbox 780 2489 948 2523; x_wconf 82' lang='lat' dir='ltr'><strong>paupertatis</strong></span> 
     </span>
    </p>
   </div>
   <div class='ocr_carea' id='block_1_96' title="bbox 161 2535 949 2570">
    <p class='ocr_par' dir='ltr' id='par_1_96' title="bbox 161 2535 949 2570">
     <span class='ocr_line' id='line_1_96' title="bbox 161 2535 949 2570; baseline -0.003 -7"><span class='ocrx_word' id='word_1_667' title='bbox 161 2537 277 2563; x_wconf 88' lang='lat' dir='ltr'><strong>sublime</strong></span> <span class='ocrx_word' id='word_1_668' title='bbox 292 2536 411 2563; x_wconf 86' lang='lat' dir='ltr'><strong>studium</strong></span> <span class='ocrx_word' id='word_1_669' title='bbox 434 2535 609 2570; x_wconf 85' lang='lat' dir='ltr'><strong>multiplicem</strong></span> <span class='ocrx_word' id='word_1_670' title='bbox 633 2543 714 2570; x_wconf 91' lang='lat' dir='ltr'><strong>opum</strong></span> <span class='ocrx_word' id='word_1_671' title='bbox 740 2535 949 2570; x_wconf 84' lang='lat' dir='ltr'><strong>mirabilemque</strong></span> 
     </span>
    </p>
   </div>
   <div class='ocr_carea' id='block_1_97' title="bbox 161 2581 948 2616">
    <p class='ocr_par' dir='ltr' id='par_1_97' title="bbox 161 2581 948 2616">
     <span class='ocr_line' id='line_1_97' title="bbox 161 2581 948 2616; baseline -0.001 -8"><span class='ocrx_word' id='word_1_672' title='bbox 161 2582 267 2616; x_wconf 81' lang='lat' dir='ltr'><strong>copiam</strong></span> <span class='ocrx_word' id='word_1_673' title='bbox 279 2586 386 2616; x_wconf 86' lang='lat' dir='ltr'><strong>pareret</strong></span> <span class='ocrx_word' id='word_1_674' title='bbox 403 2589 437 2608; x_wconf 86' lang='lat' dir='ltr'><strong>ac</strong></span> <span class='ocrx_word' id='word_1_675' title='bbox 451 2582 628 2616; x_wconf 81' lang='lat' dir='ltr'><strong>germinaret,</strong></span> <span class='ocrx_word' id='word_1_676' title='bbox 646 2581 669 2608; x_wconf 88' lang='lat' dir='ltr'><strong>si</strong></span> <span class='ocrx_word' id='word_1_677' title='bbox 688 2582 757 2608; x_wconf 78' lang='lat' dir='ltr'><strong>forte</strong></span> <span class='ocrx_word' id='word_1_678' title='bbox 771 2581 948 2616; x_wconf 83' lang='lat' dir='ltr'><strong>conﬂigerent</strong></span> 
     </span>
    </p>
   </div>
   <div class='ocr_carea' id='block_1_98' title="bbox 160 2625 949 2661">
    <p class='ocr_par' dir='ltr' id='par_1_98' title="bbox 160 2625 949 2661">
     <span class='ocr_line' id='line_1_98' title="bbox 160 2625 949 2661; baseline -0.003 -7"><span class='ocrx_word' id='word_1_679' title='bbox 160 2627 232 2654; x_wconf 89' lang='lat' dir='ltr'><strong>ittter</strong></span> <span class='ocrx_word' id='word_1_680' title='bbox 252 2634 281 2654; x_wconf 88' lang='lat' dir='ltr'><strong>se</strong></span> <span class='ocrx_word' id='word_1_681' title='bbox 303 2627 376 2661; x_wconf 89' lang='lat' dir='ltr'><strong>justa</strong></span> <span class='ocrx_word' id='word_1_682' title='bbox 397 2626 536 2661; x_wconf 84' lang='lat' dir='ltr'><strong>possessio</strong></span> <span class='ocrx_word' id='word_1_683' title='bbox 563 2630 590 2653; x_wconf 89' lang='lat' dir='ltr'><strong>et</strong></span> <span class='ocrx_word' id='word_1_684' title='bbox 619 2625 788 2660; x_wconf 86' lang='lat' dir='ltr'><strong>paupertatis</strong></span> <span class='ocrx_word' id='word_1_685' title='bbox 808 2626 949 2652; x_wconf 83' lang='lat' dir='ltr'><strong>doctrina?</strong></span> 
     </span>
    </p>
   </div>
   <div class='ocr_carea' id='block_1_99' title="bbox 160 2670 950 2707">
    <p class='ocr_par' dir='ltr' id='par_1_99' title="bbox 160 2670 950 2707">
     <span class='ocr_line' id='line_1_99' title="bbox 160 2670 950 2707; baseline -0.004 -7"><span class='ocrx_word' id='word_1_686' title='bbox 160 2674 278 2706; x_wconf 86' lang='lat' dir='ltr'><strong>Quinam</strong></span> <span class='ocrx_word' id='word_1_687' title='bbox 296 2680 360 2700; x_wconf 80' lang='lat' dir='ltr'><strong>vero</strong></span> <span class='ocrx_word' id='word_1_688' title='bbox 380 2677 424 2700; x_wconf 90' lang='lat' dir='ltr'><strong>est</strong></span> <span class='ocrx_word' id='word_1_689' title='bbox 437 2672 518 2707; x_wconf 85' lang='lat' dir='ltr'><strong>hujus</strong></span> <span class='ocrx_word' id='word_1_690' title='bbox 532 2672 570 2699; x_wconf 86' lang='lat' dir='ltr'><strong>rei</strong></span> <span class='ocrx_word' id='word_1_691' title='bbox 590 2671 687 2699; x_wconf 85' lang='lat' dir='ltr'><strong>testis?</strong></span> <span class='ocrx_word' id='word_1_692' title='bbox 705 2670 767 2705; x_wconf 89' lang='lat' dir='ltr'><strong>quis</strong></span> <span class='ocrx_word' id='word_1_693' title='bbox 795 2672 863 2698; x_wconf 83' lang='lat' dir='ltr'><strong>adeo</strong></span> <span class='ocrx_word' id='word_1_694' title='bbox 892 2679 950 2698; x_wconf 84' lang='lat' dir='ltr'><strong>ser-</strong></span> 
     </span>
    </p>
   </div>
   <div class='ocr_carea' id='block_1_100' title="bbox 160 2716 948 2752">
    <p class='ocr_par' dir='ltr' id='par_1_100' title="bbox 160 2716 948 2752">
     <span class='ocr_line' id='line_1_100' title="bbox 160 2716 948 2752; baseline -0.003 -6"><span class='ocrx_word' id='word_1_695' title='bbox 160 2719 250 2746; x_wconf 86' lang='lat' dir='ltr'><strong>monis</strong></span> <span class='ocrx_word' id='word_1_696' title='bbox 271 2718 384 2746; x_wconf 78' lang='lat' dir='ltr'><strong>auctor?</strong></span> <span class='ocrx_word' id='word_1_697' title='bbox 404 2718 532 2745; x_wconf 74' lang='lat' dir='ltr'><strong>nimirum</strong></span> <span class='ocrx_word' id='word_1_698' title='bbox 548 2718 606 2752; x_wconf 88' lang='lat' dir='ltr'><strong>ipse</strong></span> <span class='ocrx_word' id='word_1_699' title='bbox 631 2717 786 2744; x_wconf 88' lang='lat' dir='ltr'><strong>communis</strong></span> <span class='ocrx_word' id='word_1_700' title='bbox 806 2716 948 2744; x_wconf 89' lang='lat' dir='ltr'><strong>hominum</strong></span> 
     </span>
    </p>
   </div>
   <div class='ocr_carea' id='block_1_101' title="bbox 160 2762 950 2798">
    <p class='ocr_par' dir='ltr' id='par_1_101' title="bbox 160 2762 950 2798">
     <span class='ocr_line' id='line_1_101' title="bbox 160 2762 950 2798; baseline -0.003 -8"><span class='ocrx_word' id='word_1_701' title='bbox 160 2764 289 2791; x_wconf 70' lang='lat' dir='ltr'><strong>Senator</strong></span> <span class='ocrx_word' id='word_1_702' title='bbox 304 2771 336 2790; x_wconf 90' lang='lat' dir='ltr'><strong>ac</strong></span> <span class='ocrx_word' id='word_1_703' title='bbox 365 2763 505 2793; x_wconf 85' lang='lat' dir='ltr'><strong>Dominus,</strong></span> <span class='ocrx_word' id='word_1_704' title='bbox 523 2763 571 2798; x_wconf 91' lang='lat' dir='ltr'><strong>qtti</strong></span> <span class='ocrx_word' id='word_1_705' title='bbox 599 2763 707 2798; x_wconf 88' lang='lat' dir='ltr'><strong>propria</strong></span> <span class='ocrx_word' id='word_1_706' title='bbox 727 2762 818 2789; x_wconf 88' lang='lat' dir='ltr'><strong>omnia</strong></span> <span class='ocrx_word' id='word_1_707' title='bbox 841 2768 950 2797; x_wconf 87' lang='lat' dir='ltr'><strong>propter</strong></span> 
     </span>
    </p>
   </div>
   <div class='ocr_carea' id='block_1_102' title="bbox 160 2807 950 2843">
    <p class='ocr_par' dir='ltr' id='par_1_102' title="bbox 160 2807 950 2843">
     <span class='ocr_line' id='line_1_102' title="bbox 160 2807 950 2843; baseline -0.001 -7"><span class='ocrx_word' id='word_1_708' title='bbox 160 2816 224 2836; x_wconf 80' lang='lat' dir='ltr'><strong>eum</strong></span> <span class='ocrx_word' id='word_1_709' title='bbox 258 2809 424 2842; x_wconf 87' lang='lat' dir='ltr'><strong>deserentes,</strong></span> <span class='ocrx_word' id='word_1_710' title='bbox 452 2808 632 2843; x_wconf 87' lang='lat' dir='ltr'><strong>centuplicem</strong></span> <span class='ocrx_word' id='word_1_711' title='bbox 669 2807 788 2835; x_wconf 80' lang='lat' dir='ltr'><strong>fructum</strong></span> <span class='ocrx_word' id='word_1_712' title='bbox 815 2807 950 2835; x_wconf 85' lang='lat' dir='ltr'><strong>relaturos</strong></span> 
     </span>
    </p>
   </div>
   <div class='ocr_carea' id='block_1_103' title="bbox 161 2856 950 2898">
    <p class='ocr_par' dir='ltr' id='par_1_103' title="bbox 161 2856 950 2898">
     <span class='ocr_line' id='line_1_103' title="bbox 161 2856 950 2898; baseline -0.001 -14"><span class='ocrx_word' id='word_1_713' title='bbox 161 2857 353 2884; x_wconf 86' lang='lat' dir='ltr'><strong>denuntiavit:</strong></span> <span class='ocrx_word' id='word_1_714' title='bbox 385 2864 473 2892; x_wconf 67' lang='lat' dir='ltr'><strong>neque</strong></span> <span class='ocrx_word' id='word_1_715' title='bbox 502 2856 633 2898; x_wconf 79' lang='lat' dir='ltr'><strong>hactenus</strong></span> <span class='ocrx_word' id='word_1_716' title='bbox 659 2856 801 2892; x_wconf 55' lang='lat' dir='ltr'><strong>premium</strong></span> <span class='ocrx_word' id='word_1_717' title='bbox 831 2856 950 2884; x_wconf 86' lang='lat' dir='ltr'><strong>circum-</strong></span> 
     </span>
    </p>
   </div>
   <div class='ocr_carea' id='block_1_104' title="bbox 997 2255 1785 2294">
    <p class='ocr_par' dir='ltr' id='par_1_104' title="bbox 997 2255 1785 2294">
     <span class='ocr_line' id='line_1_104' title="bbox 997 2255 1785 2294; baseline -0.003 -10"><span class='ocrx_word' id='word_1_718' title='bbox 997 2259 1119 2294; x_wconf 82' lang='grc' dir='ltr'>ἀλλήλων</span> <span class='ocrx_word' id='word_1_719' title='bbox 1133 2257 1294 2293; x_wconf 84' lang='grc' dir='ltr'>ἀναιρετικά</span> <span class='ocrx_word' id='word_1_720' title='bbox 1308 2277 1316 2289; x_wconf 85' lang='grc'><strong>,</strong></span> <span class='ocrx_word' id='word_1_721' title='bbox 1334 2257 1394 2283; x_wconf 79' lang='grc' dir='ltr'>οὐδὲ</span> <span class='ocrx_word' id='word_1_722' title='bbox 1411 2257 1575 2292; x_wconf 83' lang='grc' dir='ltr'>διαμάχεται</span> <span class='ocrx_word' id='word_1_723' title='bbox 1589 2258 1605 2292; x_wconf 83' lang='grc' dir='ltr'>ἠ</span> <span class='ocrx_word' id='word_1_724' title='bbox 1623 2256 1718 2292; x_wconf 85' lang='grc' dir='ltr'>ἐντολὴ</span> <span class='ocrx_word' id='word_1_725' title='bbox 1738 2255 1785 2283; x_wconf 84' lang='grc' dir='ltr'>τοῦ</span> 
     </span>
    </p>
   </div>
   <div class='ocr_carea' id='block_1_105' title="bbox 1000 2301 1787 2341">
    <p class='ocr_par' dir='ltr' id='par_1_105' title="bbox 1000 2301 1787 2341">
     <span class='ocr_line' id='line_1_105' title="bbox 1000 2301 1787 2341; baseline -0.006 -9"><span class='ocrx_word' id='word_1_726' title='bbox 1000 2305 1037 2341; x_wconf 80' lang='grc' dir='ltr'>μὴ</span> <span class='ocrx_word' id='word_1_727' title='bbox 1050 2304 1201 2339; x_wconf 79' lang='grc' dir='ltr'>κεκτῆσθαι</span> <span class='ocrx_word' id='word_1_728' title='bbox 1214 2303 1282 2338; x_wconf 82' lang='grc' dir='ltr'>πρὸς</span> <span class='ocrx_word' id='word_1_729' title='bbox 1295 2303 1345 2337; x_wconf 80' lang='grc' dir='ltr'>τὴν</span> <span class='ocrx_word' id='word_1_730' title='bbox 1361 2303 1563 2337; x_wconf 77' lang='grc' dir='ltr'>ἐπιτρέπουσαν</span> <span class='ocrx_word' id='word_1_731' title='bbox 1580 2301 1742 2336; x_wconf 81' lang='grc' dir='ltr'>κεκτῆσθαι,</span> <span class='ocrx_word' id='word_1_732' title='bbox 1753 2302 1787 2328; x_wconf 73' lang='grc' dir='ltr'>ἂν</span> 
     </span>
    </p>
   </div>
   <div class='ocr_carea' id='block_1_106' title="bbox 997 2348 1786 2386">
    <p class='ocr_par' dir='ltr' id='par_1_106' title="bbox 997 2348 1786 2386">
     <span class='ocr_line' id='line_1_106' title="bbox 997 2348 1786 2386; baseline -0.005 -8"><span class='ocrx_word' id='word_1_733' title='bbox 997 2351 1027 2378; x_wconf 80' lang='grc' dir='ltr'>τὸ</span> <span class='ocrx_word' id='word_1_734' title='bbox 1042 2351 1091 2385; x_wconf 80' lang='grc' dir='ltr'>μὲν</span> <span class='ocrx_word' id='word_1_735' title='bbox 1107 2349 1245 2386; x_wconf 82' lang='grc' dir='ltr'>συνάπτῃς</span> <span class='ocrx_word' id='word_1_736' title='bbox 1270 2348 1391 2384; x_wconf 75' lang='grc' dir='ltr'>δηλονότι</span> <span class='ocrx_word' id='word_1_737' title='bbox 1412 2348 1450 2382; x_wconf 82' lang='grc' dir='ltr'>τῷ</span> <span class='ocrx_word' id='word_1_738' title='bbox 1465 2348 1594 2383; x_wconf 78' lang='grc' dir='ltr'>ὲμπαθεί,</span> <span class='ocrx_word' id='word_1_739' title='bbox 1610 2349 1626 2382; x_wconf 84' lang='grc' dir='ltr'>ἡ</span> <span class='ocrx_word' id='word_1_740' title='bbox 1641 2349 1738 2383; x_wconf 82' lang='grc' dir='ltr'>κτῆσις</span> <span class='ocrx_word' id='word_1_741' title='bbox 1758 2348 1786 2374; x_wconf 76' lang='grc' dir='ltr'><strong>δέ</strong></span> 
     </span>
    </p>
   </div>
   <div class='ocr_carea' id='block_1_107' title="bbox 1000 2393 1787 2431">
    <p class='ocr_par' dir='ltr' id='par_1_107' title="bbox 1000 2393 1787 2431">
     <span class='ocr_line' id='line_1_107' title="bbox 1000 2393 1787 2431; baseline -0.005 -8"><span class='ocrx_word' id='word_1_742' title='bbox 1000 2405 1039 2423; x_wconf 87' lang='grc' dir='ltr'><strong>σοι</strong></span> <span class='ocrx_word' id='word_1_743' title='bbox 1054 2396 1102 2422; x_wconf 84' lang='grc' dir='ltr'><strong>τοῦ</strong></span> <span class='ocrx_word' id='word_1_744' title='bbox 1115 2396 1217 2427; x_wconf 80' lang='grc' dir='ltr'>πάθους</span> <span class='ocrx_word' id='word_1_745' title='bbox 1232 2395 1383 2431; x_wconf 83' lang='grc' dir='ltr'>ἐλεύθερον.</span> <span class='ocrx_word' id='word_1_746' title='bbox 1396 2394 1458 2425; x_wconf 83' lang='grc' dir='ltr'>Πῶς</span> <span class='ocrx_word' id='word_1_747' title='bbox 1469 2394 1524 2429; x_wconf 82' lang='grc' dir='ltr'>γὰρ</span> <span class='ocrx_word' id='word_1_748' title='bbox 1538 2394 1571 2420; x_wconf 85' lang='grc' dir='ltr'>ἂν</span> <span class='ocrx_word' id='word_1_749' title='bbox 1587 2394 1618 2420; x_wconf 80' lang='grc' dir='ltr'>τὸ</span> <span class='ocrx_word' id='word_1_750' title='bbox 1631 2393 1787 2428; x_wconf 71' lang='grc' dir='ltr'>ἀφιλάργυο</span> 
     </span>
    </p>
   </div>
   <div class='ocr_carea' id='block_1_108' title="bbox 1001 2439 1788 2477">
    <p class='ocr_par' dir='ltr' id='par_1_108' title="bbox 1001 2439 1788 2477">
     <span class='ocr_line' id='line_1_108' title="bbox 1001 2439 1788 2477; baseline -0.004 -10"><span class='ocrx_word' id='word_1_751' title='bbox 1001 2450 1046 2477; x_wconf 83' lang='grc' dir='ltr'><strong>ρον</strong></span> <span class='ocrx_word' id='word_1_752' title='bbox 1060 2441 1110 2476; x_wconf 83' lang='grc' dir='ltr'>τῆς</span> <span class='ocrx_word' id='word_1_753' title='bbox 1125 2440 1237 2475; x_wconf 80' lang='grc' dir='ltr'>γνώμης</span> <span class='ocrx_word' id='word_1_754' title='bbox 1252 2440 1299 2466; x_wconf 72' lang='grc' dir='ltr'>καὶ</span> <span class='ocrx_word' id='word_1_755' title='bbox 1316 2439 1347 2466; x_wconf 79' lang='grc' dir='ltr'>τὸ</span> <span class='ocrx_word' id='word_1_756' title='bbox 1369 2439 1419 2473; x_wconf 84' lang='grc' dir='ltr'>τῆς</span> <span class='ocrx_word' id='word_1_757' title='bbox 1441 2439 1636 2474; x_wconf 79' lang='grc' dir='ltr'>ἀκτημοσύνης</span> <span class='ocrx_word' id='word_1_758' title='bbox 1665 2439 1788 2474; x_wconf 83' lang='grc' dir='ltr'>ἀνυπέρ-</span> 
     </span>
    </p>
   </div>
   <div class='ocr_carea' id='block_1_109' title="bbox 1000 2484 1789 2522">
    <p class='ocr_par' dir='ltr' id='par_1_109' title="bbox 1000 2484 1789 2522">
     <span class='ocr_line' id='line_1_109' title="bbox 1000 2484 1789 2522; baseline -0.005 -8"><span class='ocrx_word' id='word_1_759' title='bbox 1000 2488 1096 2521; x_wconf 79' lang='grc' dir='ltr'>6λητον</span> <span class='ocrx_word' id='word_1_760' title='bbox 1126 2487 1166 2522; x_wconf 77' lang='grc' dir='ltr'><strong>είς</strong></span> <span class='ocrx_word' id='word_1_761' title='bbox 1193 2486 1224 2512; x_wconf 77' lang='grc' dir='ltr'><strong>τὸ</strong></span> <span class='ocrx_word' id='word_1_762' title='bbox 1259 2486 1460 2512; x_wconf 83' lang='grc' dir='ltr'>πολλαπλάσιον</span> <span class='ocrx_word' id='word_1_763' title='bbox 1485 2485 1532 2512; x_wconf 79' lang='grc' dir='ltr'>καὶ</span> <span class='ocrx_word' id='word_1_764' title='bbox 1563 2484 1789 2520; x_wconf 79' lang='grc' dir='ltr'>Θαυμασιὼτερον</span> 
     </span>
    </p>
   </div>
   <div class='ocr_carea' id='block_1_110' title="bbox 1000 2531 1790 2567">
    <p class='ocr_par' dir='ltr' id='par_1_110' title="bbox 1000 2531 1790 2567">
     <span class='ocr_line' id='line_1_110' title="bbox 1000 2531 1790 2567; baseline -0.003 -8"><span class='ocrx_word' id='word_1_765' title='bbox 1000 2533 1161 2559; x_wconf 80' lang='grc' dir='ltr'>ἐὸλάστανεν</span> <span class='ocrx_word' id='word_1_766' title='bbox 1176 2531 1220 2564; x_wconf 82' lang='grc' dir='ltr'><strong>ἂν,</strong></span> <span class='ocrx_word' id='word_1_767' title='bbox 1239 2532 1288 2558; x_wconf 74' lang='grc' dir='ltr'><strong>καὶ</strong></span> <span class='ocrx_word' id='word_1_768' title='bbox 1303 2531 1488 2567; x_wconf 79' lang='grc' dir='ltr'>ἐκαρποφόρει</span> <span class='ocrx_word' id='word_1_769' title='bbox 1513 2532 1562 2566; x_wconf 84' lang='grc' dir='ltr'>τῆς</span> <span class='ocrx_word' id='word_1_770' title='bbox 1580 2531 1738 2565; x_wconf 76' lang='grc' dir='ltr'>περιουσίας</span> <span class='ocrx_word' id='word_1_771' title='bbox 1758 2532 1790 2558; x_wconf 77' lang='grc' dir='ltr'>τὸ</span> 
     </span>
    </p>
   </div>
   <div class='ocr_carea' id='block_1_111' title="bbox 1000 2577 1790 2613">
    <p class='ocr_par' dir='ltr' id='par_1_111' title="bbox 1000 2577 1790 2613">
     <span class='ocr_line' id='line_1_111' title="bbox 1000 2577 1790 2613; baseline -0.005 -7"><span class='ocrx_word' id='word_1_772' title='bbox 1000 2579 1126 2613; x_wconf 68' lang='grc' dir='ltr'>ἄφθονον,</span> <span class='ocrx_word' id='word_1_773' title='bbox 1152 2578 1177 2604; x_wconf 84' lang='grc' dir='ltr'>εἰ</span> <span class='ocrx_word' id='word_1_774' title='bbox 1200 2578 1246 2604; x_wconf 77' lang='grc' dir='ltr'><strong>διὰ</strong></span> <span class='ocrx_word' id='word_1_775' title='bbox 1274 2577 1364 2612; x_wconf 77' lang='grc' dir='ltr'>μάχης</span> <span class='ocrx_word' id='word_1_776' title='bbox 1392 2577 1517 2610; x_wconf 84' lang='grc' dir='ltr'>ἀλλήλοις</span> <span class='ocrx_word' id='word_1_777' title='bbox 1542 2578 1558 2611; x_wconf 85' lang='grc' dir='ltr'><strong>ἡ</strong></span> <span class='ocrx_word' id='word_1_778' title='bbox 1576 2577 1669 2603; x_wconf 79' lang='grc' dir='ltr'>δικαία</span> <span class='ocrx_word' id='word_1_779' title='bbox 1690 2577 1790 2611; x_wconf 82' lang='grc' dir='ltr'>κτῆσις</span> 
     </span>
    </p>
   </div>
   <div class='ocr_carea' id='block_1_112' title="bbox 1000 2623 1790 2658">
    <p class='ocr_par' dir='ltr' id='par_1_112' title="bbox 1000 2623 1790 2658">
     <span class='ocr_line' id='line_1_112' title="bbox 1000 2623 1790 2658; baseline -0.004 -7"><span class='ocrx_word' id='word_1_780' title='bbox 1000 2625 1047 2651; x_wconf 81' lang='grc' dir='ltr'>καὶ</span> <span class='ocrx_word' id='word_1_781' title='bbox 1069 2625 1083 2650; x_wconf 89' lang='lat'><strong>6</strong></span> <span class='ocrx_word' id='word_1_782' title='bbox 1108 2625 1157 2656; x_wconf 84' lang='grc' dir='ltr'>τῆς</span> <span class='ocrx_word' id='word_1_783' title='bbox 1181 2623 1377 2658; x_wconf 86' lang='grc' dir='ltr'>ἀκτημοσύνης</span> <span class='ocrx_word' id='word_1_784' title='bbox 1401 2623 1479 2657; x_wconf 78' lang='grc' dir='ltr'>λόγος</span> <span class='ocrx_word' id='word_1_785' title='bbox 1509 2623 1790 2657; x_wconf 60' lang='lat' dir='ltr'><strong>acpoisaav;Kal.~1t¢</strong></span> 
     </span>
    </p>
   </div>
   <div class='ocr_carea' id='block_1_113' title="bbox 1002 2667 1793 2707">
    <p class='ocr_par' dir='ltr' id='par_1_113' title="bbox 1002 2667 1793 2707">
     <span class='ocr_line' id='line_1_113' title="bbox 1002 2667 1793 2707; baseline -0.005 -10"><span class='ocrx_word' id='word_1_786' title='bbox 1002 2672 1124 2707; x_wconf 85' lang='grc' dir='ltr'>μάρτυς;</span> <span class='ocrx_word' id='word_1_787' title='bbox 1142 2671 1184 2702; x_wconf 82' lang='grc' dir='ltr'><strong>τίς</strong></span> <span class='ocrx_word' id='word_1_788' title='bbox 1198 2670 1226 2696; x_wconf 82' lang='grc' dir='ltr'>δὲ</span> <span class='ocrx_word' id='word_1_789' title='bbox 1242 2670 1419 2703; x_wconf 77' lang='grc' dir='ltr'>παραστάτης</span> <span class='ocrx_word' id='word_1_790' title='bbox 1433 2668 1480 2695; x_wconf 79' lang='grc' dir='ltr'>τοῦ</span> <span class='ocrx_word' id='word_1_791' title='bbox 1495 2668 1594 2702; x_wconf 84' lang='grc' dir='ltr'>λόγου;</span> <span class='ocrx_word' id='word_1_792' title='bbox 1610 2667 1695 2698; x_wconf 79' lang='grc' dir='ltr'>Αὐτὸς</span> <span class='ocrx_word' id='word_1_793' title='bbox 1705 2669 1720 2693; x_wconf 92' lang='lat'><strong>6</strong></span> <span class='ocrx_word' id='word_1_794' title='bbox 1734 2675 1793 2694; x_wconf 85' lang='grc' dir='ltr'>κοι-</span> 
     </span>
    </p>
   </div>
   <div class='ocr_carea' id='block_1_114' title="bbox 1001 2712 1789 2750">
    <p class='ocr_par' dir='ltr' id='par_1_114' title="bbox 1001 2712 1789 2750">
     <span class='ocr_line' id='line_1_114' title="bbox 1001 2712 1789 2750; baseline -0.009 -6"><span class='ocrx_word' id='word_1_795' title='bbox 1001 2718 1045 2749; x_wconf 75' lang='grc' dir='ltr'>νὸς</span> <span class='ocrx_word' id='word_1_796' title='bbox 1060 2717 1106 2743; x_wconf 76' lang='grc' dir='ltr'>τοῦ</span> <span class='ocrx_word' id='word_1_797' title='bbox 1120 2717 1215 2750; x_wconf 82' lang='grc' dir='ltr'>γένους</span> <span class='ocrx_word' id='word_1_798' title='bbox 1227 2715 1323 2750; x_wconf 85' lang='grc' dir='ltr'>Σωτὴρ</span> <span class='ocrx_word' id='word_1_799' title='bbox 1340 2715 1387 2741; x_wconf 76' lang='grc' dir='ltr'>καὶ</span> <span class='ocrx_word' id='word_1_800' title='bbox 1404 2714 1552 2747; x_wconf 81' lang='grc' dir='ltr'>Δεσπότης,</span> <span class='ocrx_word' id='word_1_801' title='bbox 1566 2713 1596 2744; x_wconf 80' lang='grc' dir='ltr'>ὃς</span> <span class='ocrx_word' id='word_1_802' title='bbox 1611 2713 1667 2744; x_wconf 84' lang='grc' dir='ltr'>τοῖς</span> <span class='ocrx_word' id='word_1_803' title='bbox 1684 2712 1717 2738; x_wconf 78' lang='grc' dir='ltr'>δι’</span> <span class='ocrx_word' id='word_1_804' title='bbox 1737 2713 1789 2738; x_wconf 85' lang='grc' dir='ltr'><strong>αὺ-</strong></span> 
     </span>
    </p>
   </div>
   <div class='ocr_carea' id='block_1_115' title="bbox 1000 2757 1791 2792">
    <p class='ocr_par' dir='ltr' id='par_1_115' title="bbox 1000 2757 1791 2792">
     <span class='ocr_line' id='line_1_115' title="bbox 1000 2757 1791 2792; baseline -0.009 -2"><span class='ocrx_word' id='word_1_805' title='bbox 1000 2764 1045 2790; x_wconf 84' lang='grc' dir='ltr'><strong>τὸν</strong></span> <span class='ocrx_word' id='word_1_806' title='bbox 1060 2762 1168 2789; x_wconf 83' lang='grc' dir='ltr'>λιποῦσι</span> <span class='ocrx_word' id='word_1_807' title='bbox 1181 2761 1272 2788; x_wconf 82' lang='grc' dir='ltr'>πάντα</span> <span class='ocrx_word' id='word_1_808' title='bbox 1290 2762 1324 2787; x_wconf 66' lang='grc' dir='ltr'><strong>τά</strong></span> <span class='ocrx_word' id='word_1_809' title='bbox 1338 2760 1429 2787; x_wconf 82' lang='grc' dir='ltr'>αὐτῶν</span> <span class='ocrx_word' id='word_1_810' title='bbox 1443 2758 1710 2786; x_wconf 76' lang='grc' dir='ltr'>ἑκατονταπλασίονα</span> <span class='ocrx_word' id='word_1_811' title='bbox 1737 2757 1791 2792; x_wconf 86' lang='grc' dir='ltr'>λή-</span> 
     </span>
    </p>
   </div>
   <div class='ocr_carea' id='block_1_116' title="bbox 1000 2802 1792 2843">
    <p class='ocr_par' dir='ltr' id='par_1_116' title="bbox 1000 2802 1792 2843">
     <span class='ocr_line' id='line_1_116' title="bbox 1000 2802 1792 2843; baseline -0.009 -8"><span class='ocrx_word' id='word_1_812' title='bbox 1000 2809 1098 2843; x_wconf 73' lang='grc' dir='ltr'>ψεσθαι</span> <span class='ocrx_word' id='word_1_813' title='bbox 1125 2805 1328 2842; x_wconf 66' lang='grc' dir='ltr'>ἐπηγγείλατο·</span> <span class='ocrx_word' id='word_1_814' title='bbox 1356 2805 1404 2832; x_wconf 74' lang='grc' dir='ltr'>καὶ</span> <span class='ocrx_word' id='word_1_815' title='bbox 1427 2804 1488 2831; x_wconf 85' lang='grc' dir='ltr'>οὺδέ</span> <span class='ocrx_word' id='word_1_816' title='bbox 1519 2803 1601 2838; x_wconf 82' lang='grc' dir='ltr'>μέχρι</span> <span class='ocrx_word' id='word_1_817' title='bbox 1625 2802 1728 2829; x_wconf 85' lang='grc' dir='ltr'>τούτων</span> <span class='ocrx_word' id='word_1_818' title='bbox 1758 2803 1792 2829; x_wconf 80' lang='grc' dir='ltr'>τὸ</span> 
     </span>
    </p>
   </div>
   <div class='ocr_carea' id='block_1_117' title="bbox 1001 2849 1790 2888">
    <p class='ocr_par' dir='ltr' id='par_1_117' title="bbox 1001 2849 1790 2888">
     <span class='ocr_line' id='line_1_117' title="bbox 1001 2849 1790 2888; baseline -0.006 -7"><span class='ocrx_word' id='word_1_819' title='bbox 1001 2853 1118 2881; x_wconf 76' lang='grc' dir='ltr'>ἔπαθλον</span> <span class='ocrx_word' id='word_1_820' title='bbox 1143 2851 1337 2888; x_wconf 75' lang='grc' dir='ltr'>περιέγραψεν,</span> <span class='ocrx_word' id='word_1_821' title='bbox 1364 2850 1421 2877; x_wconf 82' lang='grc' dir='ltr'>ἀλλ’</span> <span class='ocrx_word' id='word_1_822' title='bbox 1438 2850 1477 2876; x_wconf 76' lang='grc' dir='ltr'>ἔτι</span> <span class='ocrx_word' id='word_1_823' title='bbox 1495 2849 1562 2886; x_wconf 68' lang='grc' dir='ltr'>πρὸς</span> <span class='ocrx_word' id='word_1_824' title='bbox 1575 2849 1605 2876; x_wconf 87' lang='grc' dir='ltr'><strong>τδ</strong></span> <span class='ocrx_word' id='word_1_825' title='bbox 1623 2849 1724 2885; x_wconf 72' lang='grc' dir='ltr'>μεῖζον,</span> <span class='ocrx_word' id='word_1_826' title='bbox 1741 2849 1790 2876; x_wconf 71' lang='grc' dir='ltr'>καὶ</span> 
     </span>
    </p>
   </div>
  </div>
