1881 3077
85 155 121 185 57
333 179 337 183 .
595 151 645 181 AD
664 148 766 179 AMPH
771 146 879 189 ILOCH

982 144 1149 181 JUESTIO
1166 145 1180 174 Ι
1688 141 1724 174 58

85 213 142 240 οὐδ’
158 213 221 239 ὅσον
235 211 310 238 ἐστιν
332 201 543 244 εἰπεῖπίμεῖζον,
567 206 671 241 ἐξαίρει
694 205 741 232 καὶ
767 203 876 237 ὑπερτί-

982 201 1051 235 ipsit,
1078 201 1126 228 sed
1160 200 1247 236 magis
1273 200 1373 228 extulit
1396 205 1424 228 ct
1454 199 1618 232 cumulavit,
1642 200 1678 227 ita
1695 207 1725 230 ut

87 257 152 292 θησι
163 258 227 292 ·τὴν
237 257 293 291 γὰρ
309 255 363 282 τῶν
378 254 502 290 οὐρανῶν
517 253 657 289 βασιλειαν
672 251 773 286 κλῆρον
786 250 878 280 αὐτοῖς

87 304 226 337 ἐπιφέρει.

124 349 158 376 θ’.
180 349 300 376 Τοιαῦτα
322 349 373 383 μὲν
389 348 435 375 οὖν
454 348 502 375 καὶ
524 348 548 374 οἱ
574 346 645 383 μετὰ
668 346 732 377 τοὺς
753 345 879 380 πρώτους

88 395 247 427 συμφωνεῖν
255 393 388 428 ,ἀλλήλοις
402 393 437 419 τὰ
452 393 512 426 ιερὰ
524 391 777 422 κατασκευάζοντες
788 390 877 423 λόγια·

88 439 138 465 καὶ
154 439 235 473 δῆλον
249 439 287 470 ὡς
307 438 426 474 ἑκατέρα
439 439 520 473 μοῖρα
534 438 577 464 διὰ
592 438 643 472 τῆς
661 437 733 464 κατὰ
747 437 778 463 τὸ
793 436 880 471 πρόσ-

88 492 165 511 ωπον
178 484 367 520 περιστάσεως
383 483 495 510 ἑλκύσαι
516 483 566 518 τὴν
585 482 662 508 λύσιν
688 480 879 515 ἐνεδυναμώθη

87 529 138 556 τοῦ
162 529 360 564 ἀπορήματος·
381 528 473 564 ἕτεραι
498 528 526 555 δὲ
549 528 615 562 παρ’
641 527 703 553 ὅσον
723 526 880 561 ἐπήλθομεν

87 575 166 607 δόξαι
190 575 222 601 ἐκ
245 575 301 600 τῶν
323 575 414 601 αὐτῶν
442 574 490 608 μὲν
510 574 593 607 ἐγγὺς
617 573 737 603 ἐκείναις
753 572 881 606 ἀφορμᾷν

89 621 170 656 ἔσχον
196 621 246 654 τὴν
264 621 387 656 κίνησιν·
405 620 468 647 οὕτε
481 620 509 646 δὲ
523 621 584 650 ταῖς
600 618 801 655 προλαῆούσαις
819 617 881 644 οὗτε

90 667 161 700 πρὸς
183 666 308 701 ἀλλήλοις
331 665 365 692 τὰ
379 666 450 692 αὐτὰ
465 664 629 695 διασώζουσι
651 664 734 699 τέλη’
758 663 813 690 ἀπὸ
833 663 882 697 μὲν

90 712 147 745 γὰρ
161 711 213 745 τῆς
236 711 291 737 τῶν
306 709 462 745 προσώπων
481 709 652 745 ἑτερότητος,
669 709 716 735 καὶ
735 709 832 740 αὐταῖς
852 708 882 734 τὸ

91 756 196 794 ἄπορον
210 755 315 784 λύεται.
336 756 454 790 Λέγουσι
471 756 500 782 δὲ
517 755 565 791 τὴν
582 756 632 790 μὲν
647 745 797 790 προτέραεῖ
806 756 883 782 ἐντο-

90 800 220 835 λὴ-ι,ἦτις
233 801 279 826 τὸν
295 801 346 834 τῆς
361 801 556 836 άκτημοσύνης
575 801 699 835 εἰσέφερε
712 800 805 835 νόμον,
815 800 883 834 πρδς

91 847 156 877 τοὺς
172 846 296 881 μαθητὰς
313 846 351 877 ὼς
366 846 474 879 ἀληθῶς
490 846 617 881 εἰρῆσθαι
627 866 634 877 ,
649 846 785 877 κάκείνοις
800 846 884 880 ἐφαρ-

94 892 190 926 μόζειν
212 891 316 926 μόνοις,
337 893 385 918 καὶ
405 892 478 923 ὅσοις
494 892 586 926 τὸτῆς
604 892 763 926 φιλοσοςριας
778 891 884 917 ἔντονον

92 938 143 963 καὶ
156 937 348 972 παραπλήσιον
363 937 460 964 ἄλυτον
471 938 515 964 διὰ
533 938 593 972 βίου
610 937 700 972 μένεν
715 937 764 973 τὴν
784 937 812 963 δὲ
822 937 883 963 δευ-

93 984 178 1019 τέραν
194 984 271 1010 οὐδὲν
295 984 345 1018 μὲν
360 986 523 1022 παρακινεῖν
539 984 586 1010 τοῦ
603 984 668 1019 περὶ
684 984 735 1019 τῆς
760 984 884 1019 ἁκτημο-

95 1029 180 1062 σύνης
192 1029 250 1060 τοῖς
264 1027 397 1063 ἀθληταῖς
419 1028 563 1063 δεδομένου
580 1029 674 1064 νόμου,
691 1029 838 1064 πρόσωπον
857 1029 886 1055 δὲ

94 1073 258 1099 ὑποϐάλλειν
286 1073 335 1108 μὲν
359 1072 414 1098 τῶν
437 1072 578 1108 μαθητῶν,
604 1074 644 1105 εἰς
659 1073 770 1108 ἐτέρους
789 1073 817 1099 δὲ
835 1073 886 1107 τὴν

94 1118 238 1154 ἀναφορὰν
254 1118 338 1153 ἔχειν.
361 1118 430 1144 Ἀλλ’
449 1119 569 1154 ἑκατέρα
596 1119 649 1154 μὴν
671 1119 734 1155 δόξῃ
755 1120 790 1146 τὰ
810 1120 887 1147 κοινὰ

97 1165 181 1200 μέχρι
195 1164 291 1191 τούτου
301 1172 308 1179 ·
322 1164 445 1199 σχίζεται
458 1164 486 1191 δὲ
497 1165 528 1191 τὸ
535 1165 629 1191 λοιπὸν
637 1165 757 1200 ϐατέρας
767 1167 783 1201 ἡ
795 1166 886 1201 ἑτέρα⁴

96 1211 145 1237 καὶ
159 1211 176 1245 ὴ
192 1210 244 1245 μὲν
259 1211 406 1245 πρόσωπον
424 1210 607 1246 ὑποτιθεμένη
623 1211 685 1237 ὅσον
700 1211 839 1238 πολιτικόν
858 1220 888 1238 τε

97 1260 147 1285 καὶ
161 1258 207 1285 τοῦ
227 1259 341 1293 μιγάδος
353 1258 430 1285 οὐδὲν
444 1258 548 1294 ἀνέχει,
564 1258 612 1286 ἆτε
626 1259 657 1292 δὴ
681 1260 749 1295 πρὸς
777 1259 889 1295 μείζονα

99 1304 261 1338 φιλοσοφίαν
273 1304 467 1338 δυσανάγωγόν
481 1313 511 1331 τε
526 1306 573 1331 καὶ
587 1305 713 1340 δυσήνιον
722 1313 728 1319 “
743 1307 847 1338 τούτοις
861 1306 890 1333 δὲ

99 1350 155 1385 ἄρα
176 1349 343 1385 ὑπαγορεύει
366 1350 595 1385 διοικονομεῖσθαι
618 1351 665 1377 καὶ
688 1351 739 1387 τὴν
765 1352 819 1378 τῶν
843 1361 892 1387 με·

98 1394 183 1430 τρέων
198 1394 298 1428 κτῆσιν
311 1415 318 1427 ,
333 1395 380 1421 καὶ
397 1394 447 1429 τῆς
465 1395 530 1427 τοὺς
552 1395 677 1430 μαθητὰς
692 1396 892 1431 ἀθλοθετούσης

99 1439 262 1474 νομοθεσίας
275 1439 437 1475 ἐλευθέρους
456 1441 570 1471 τούτους
586 1441 714 1475 ἀφίησινο
736 1442 753 1477 ἡ
775 1441 804 1468 δὲ
828 1442 892 1472 τοὺς

106 1485 253 1516 Ἰουδαίους
272 1485 328 1510 τῶν
351 1484 483 1520 μαθητῶν
504 1485 705 1519 ἁντεισὰγουσα
721 1487 893 1522 προφητείαν

930 246 998 274 nihil
1012 246 1101 281 majus
1114 247 1167 274 dici
1183 251 1283 281 queat:
1301 247 1377 281 regni
1390 246 1515 274 videlicet
1529 246 1648 274 caelestis
1668 247 1726 273 ha:—

931 294 1075 321 reditatem
1093 293 1146 320 illis
1159 293 1267 328 adjecit.

965 340 992 368 9.
1014 339 1077 367 llaec
1092 339 1223 374 aiuntqui
1237 343 1300 373 post
1313 338 1375 366 illos
1390 338 1493 373 priores
1510 338 1576 366 dant
1600 345 1725 373 operam.

930 389 961 413 ut
976 393 1054 413 sacra
1074 385 1185 412 oracula
1206 384 1277 412 inter
1291 392 1320 412 se
1335 389 1499 411 consonent.
1514 384 1544 410 Et
1555 391 1621 411 sane
1634 383 1728 418 explo-

931 435 1021 457 ratum
1043 434 1085 457 est
1106 434 1210 464 partem
1245 434 1392 464 utramque
1421 437 1436 456 a
1461 436 1583 463 personae
1607 429 1726 456 circum-

932 478 1031 503 stantia
1064 476 1097 502 ad
1127 476 1326 502 conciliandam
1358 475 1433 502 dubii
1464 474 1628 501 solutionem
1654 474 1726 506 vires

931 522 1068 557 colligere.
1087 522 1198 549 Caetera
1213 529 1289 553 vero,
1308 527 1442 556 quantum
1463 520 1599 551 novimus.
1615 525 1727 548 senten-

932 568 976 595 tia:
989 576 1024 595 ex
1039 568 1136 596 iisdem
1148 568 1204 595 fere
1217 568 1359 603 principiis
1376 571 1505 600 manant;
1528 573 1618 600 neque
1634 571 1725 593 tamen

933 613 990 640 sive
1003 621 1067 640 cum
1082 613 1222 648 prioribus
1238 613 1296 640 sive
1314 613 1380 647 ipsa:
1395 620 1487 639 secum
1501 612 1534 639 ad
1548 612 1630 639 tinem
1642 619 1729 646 usque

934 660 1121 687 consentiunt.
1148 660 1217 687 Nam
1244 663 1271 686 et
1293 660 1359 694 ipsa:
1391 659 1501 694 quidem
1517 666 1532 685 a
1548 665 1729 693 personarum

933 707 1091 734 diversitate
1121 708 1302 741 quaestionem
1329 706 1464 733 solvunt:
1484 705 1633 739 czeteroqui
1649 704 1726 738 prius

933 758 1120 788 praeceptum,
1153 753 1227 788 quod
1267 753 1438 787 paupertatis
1464 751 1550 786 legem
1577 751 1728 782 sanciebat.

934 799 1076 833 discipulis
1091 806 1185 826 revera
1202 798 1279 825 aiunt
1295 798 1437 829 traditum,
1460 797 1556 832 hisque
1568 797 1636 824 solis
1657 803 1727 823 con-

898 867 922 897 Β
936 852 1043 880 gruere,
1061 852 1112 872 nec
1133 853 1186 872 non
1201 845 1234 872 iis
1246 845 1403 872 hominibus
1415 845 1462 879 qui
1480 843 1731 879 religiosiinstituti

936 898 1029 926 parem
1048 891 1219 918 severitatem
1248 890 1431 918 insolubiliter
1456 897 1503 924 per
1519 897 1628 919 omnem
1645 889 1730 916 vitam

936 937 1054 972 amplexi
1070 942 1142 965 sunt.
1152 938 1246 965 Altero
1261 944 1352 964 autem
1365 937 1493 964 mandato
1505 936 1577 963 haud
1593 935 1731 963 intirmari

936 984 1013 1010 aiunt
1027 984 1108 1010 latam
1127 983 1339 1018 perfectioribus
1365 983 1418 1010 illis
1445 982 1613 1017 paupertatis
1628 982 1732 1017 legem;

937 1029 1018 1064 idque
1038 1036 1182 1064 personam
1205 1028 1314 1063 quidem
1333 1027 1500 1062 praetendere
1522 1026 1732 1061 discipulorum,

937 1079 1123 1102 verumtamen
1144 1074 1212 1101 alios
1238 1073 1364 1100 homines
1389 1080 1484 1107 reapse
1509 1076 1644 1106 spectare.
1662 1070 1734 1098 llae-

939 1126 1018 1147 lenus
1039 1120 1180 1147 sententiae
1196 1119 1305 1154 utrique
1325 1126 1473 1146 commune
1508 1117 1611 1152 aliquid
1651 1117 1733 1144 inest.

940 1166 1040 1193 Deinde
1057 1167 1084 1193 in
1099 1166 1207 1193 diversa
1219 1166 1319 1193 abeunt
1333 1174 1341 1193 :
1362 1165 1463 1192 etenim
1480 1164 1566 1191 altera
1586 1171 1734 1199 personam

939 1212 1067 1247 proponit
1085 1212 1119 1239 ab
1133 1212 1207 1239 omni
1234 1211 1345 1245 quidem
1364 1218 1393 1237 re
1411 1210 1524 1244 politica
1548 1217 1581 1237 ac
1607 1209 1733 1244 populari

940 1259 1142 1291 abhorrentem,
1161 1258 1309 1292 creteroqui
1334 1256 1505 1285 sublitnioris
1518 1255 1581 1283 vita:
1593 1255 1666 1283 haud
1682 1264 1731 1283 ca-

941 1313 1034 1340 pacem
1056 1312 1145 1339 ncque
1161 1304 1331 1339 patientem:
1361 1303 1415 1335 his,
1432 1303 1557 1337 inquam,
1576 1301 1738 1328 hominibus

942 1350 1080 1378 modicum
1101 1350 1140 1377 rei
1166 1349 1310 1376 falniliaris
1327 1356 1485 1384 possessum
1516 1347 1651 1378 attribuit,
1673 1354 1736 1374 eos-

942 1397 1059 1431 demque
1081 1396 1147 1431 legis
1159 1396 1231 1430 ejus,
1250 1402 1310 1429 qua:
1333 1394 1477 1428 discipulis
1494 1397 1626 1420 coronata
1643 1397 1735 1420 certa-

942 1443 1016 1470 mina
1029 1442 1133 1474 indicit,
1144 1442 1281 1469 immunes
1296 1448 1357 1468 esse
1373 1440 1449 1468 sinit.
1470 1439 1563 1467 Altera
1587 1446 1652 1467 vero
1670 1446 1735 1466 sen-

944 1488 1029 1515 tentia
1040 1486 1151 1515 Judazos
1171 1487 1371 1522 discipulorum
1385 1486 1446 1513 loco
1467 1493 1583 1520 ponens,
1598 1485 1626 1512 in
1642 1486 1737 1519 postes

101 1529 174 1558 εἶναι
199 1532 251 1565 τῆς
273 1531 405 1566 δευτέρας
432 1531 467 1557 τὰ
497 1532 608 1567 ῥήματα
636 1531 786 1559 διατίθεται
821 1541 879 1558 κατ;

982 1535 1026 1562 iris
1037 1533 1158 1560 mandati
1173 1533 1262 1561 verbis
1277 1532 1435 1559 vaticinium
1461 1536 1556 1559 contra
1576 1531 1734 1558 universam

101 1577 206 1609 παντὸς
225 1577 274 1603 τοῦ
290 1578 395 1610 γένους,
410 1578 471 1612 ἥτις
487 1578 534 1604 καὶ
549 1578 617 1613 πρὺς
635 1579 716 1613 ἔργον
730 1577 892 1612 ἐκϐέϐηκεν,

102 1623 314 1650 Οὐεσπασιανοῦ
330 1624 376 1650 καὶ
391 1624 471 1650 Τίτου
488 1624 528 1655 εἰς
542 1623 702 1660 πολιορκίαν
715 1624 764 1659 τῆς
784 1623 896 1659 Ἱεροσο-

101 1668 199 1703 λύμων
214 1668 319 1700 πόλεως
329 1668 534 1700 καταστάντων,
550 1668 586 1700 οἳ,
600 1671 647 1695 καὶ
658 1668 762 1705 ταύτην
776 1669 895 1704 πολέμου

104 1715 182 1749 νόμῳ
197 1715 453 1749 παραστησάμενοι,
471 1714 608 1750 μαχαίρας
620 1715 699 1750 ἔργον
715 1715 745 1740 τὸ
763 1715 896 1741 Ἰουδαίων

104 1761 183 1790 ἔθνος
199 1759 351 1792 ἐπέδειξαν.
370 1759 437 1785 Τότε
450 1759 505 1795 γὰρ
518 1759 550 1794 δὴ
566 1759 628 1785 τότε
643 1757 687 1791 οἷς
706 1759 755 1794 μὲν
767 1759 784 1794 ή
801 1759 897 1794 κτῆσις

106 1806 211 1832 ἔπιπλά
231 1814 261 1832 τε
280 1805 328 1831 καὶ
351 1805 401 1831 ὅσα
416 1805 482 1832 ἄλλα
504 1805 619 1840 κομίσαι
636 1806 726 1841 ῥᾴδια,
746 1805 833 1832 ταῦτα
850 1805 898 1839 φέ-

107 1860 202 1887 ροντες
213 1851 254 1881 εἰς
269 1850 317 1881 τὰς
333 1850 463 1877 ἐπέκεινα
476 1851 526 1885 τῆς
548 1850 678 1882 Ἰουδαίας
692 1851 786 1882 πόλεις
800 1852 849 1884 τῆς
860 1852 900 1878 οι-

107 1897 187 1928 ιιεὶας
202 1897 355 1932 ἁπέτρεχον
372 1896 566 1932 μητροπόλεως
576 1903 584 1911 ⁶
609 1896 635 1922 οἱ
648 1896 671 1922 δ’
687 1896 774 1928 ἄλλως
791 1896 899 1931 πλούτῳ

108 1942 302 1977 βαρυνόμενοι,
316 1942 333 1976 ἢ
347 1941 394 1968 καί
409 1950 480 1968 τισιν
503 1942 607 1976 ἑτέροις
622 1942 734 1977 τρόποις
749 1942 900 1978 ὲνεσχημέ-

108 1998 161 2021 νοι,
176 1986 251 2016 οὗτοι
273 1989 305 2023 δὴ
329 1990 362 2024 τῇ
377 1988 454 2015 πόλει
472 1989 565 2024 μένειν
579 1988 815 2025 ὲξαπαιτούμενοι,
836 1989 899 2025 ξίφη

109 2037 158 2063 καὶ
175 2035 313 2070 μαχαίρας
335 2035 447 2066 καὶτὰς
471 2034 553 2065 ἄλλας
577 2035 729 2069 πολεμικὰς
749 2035 901 2066 πανοπλίας

109 2082 272 2114 ἐξωνεῖσθαι
298 2080 507 2115 συνηλαύνοντο,
535 2080 582 2107 τοῦ
607 2081 727 2116 πολέμου
759 2081 828 2116 πρὸς
851 2081 901 2116 τὴν

110 2127 214 2162 πρᾶξιν
235 2126 283 2153 καὶ
308 2127 346 2161 μὴ
370 2126 551 2161 βουλομένους
575 2127 829 2161 ὲπαναγκάζοντος·
854 2127 902 2154 καὶ

109 2172 191 2199 τοῦτο
205 2172 239 2206 δὴ
253 2171 332 2198 τοῦτο
345 2169 416 2198 εἶναι
427 2171 441 2198 ὃ
452 2172 483 2198 τὸ
495 2171 654 2199 δεσποτικὸν
679 2171 901 2207 προαπεθέσπισε

111 2219 219 2253 στύμα-
242 2227 252 2243 ι
267 2217 325 2244 Νῦν
346 2217 375 2244 δὲ
396 2218 410 2244 ὁ
433 2217 502 2252 ἔχων
517 2217 660 2252 βαλάντιον
682 2218 777 2253 ἀράτω
801 2218 902 2253 ὁμοιως

111 2266 161 2292 καὶ
174 2265 268 2300 πήραν
279 2272 286 2280 ·
304 2265 318 2290 ὸ
331 2264 360 2290 δὲ
376 2264 413 2299 μὴ
425 2264 495 2299 ἔχων
510 2264 632 2298 πωλήσει
647 2264 681 2290 τὰ
694 2264 791 2299 ἱμάτια
806 2263 902 2297 αὺτοῦ,

110 2312 161 2340 καὶ
177 2312 309 2348 ἀγοράσει
326 2312 476 2346 μάχαιραν·
495 2319 505 2336 ι
528 2310 608 2337 τοῦτο
633 2311 661 2337 δὲ
686 2311 741 2345 ἄρα
762 2311 809 2337 καὶ
834 2320 904 2346 χρη-

112 2360 194 2394 σμοῖς
207 2357 312 2385 άνωθεν
327 2356 543 2393 προδηλοῦσθαιο
562 2367 571 2382 ι
581 2356 739 2391 Συγκόψατε
752 2356 786 2383 τὰ
799 2356 902 2392 ἄροτρα

113 2405 192 2440 ὑμῶν
208 2405 249 2436 εἲς
267 2403 415 2439 ῥομφαίας,
440 2403 487 2429 καὶ
503 2403 538 2429 τὰ.
558 2403 681 2438 δρέπανα
707 2403 747 2434 εἰς
769 2403 901 2439 σειρομά-

113 2459 192 2482 στας,
214 2459 223 2475 ι
252 2449 298 2475 τοῦ
321 2448 395 2475 θείου
421 2448 718 2483 προκαταγγέλλοντος.
742 2448 835 2480 Οὕτως
861 2447 908 2476 οὖν

97 2497 210 2531 .φασὶν,
237 2495 364 2530 οὐδαμῶς
382 2494 518 2529 μάχεσθαι
534 2494 564 2520 τὸ
581 2494 618 2529 μὴ
637 2494 710 2529 ἔχειν
732 2494 822 2530 ζώνην
837 2496 907 2531 μήτε

114 2543 281 2577 ὑποδήματα
300 2542 368 2576 μήτε
397 2541 504 2575 πήραν,
532 2539 600 2575 πρὸς
614 2540 645 2566 τὸ
662 2549 671 2565 ι
690 2539 748 2566 Νῦν
762 2540 790 2566 δὲ
807 2542 821 2567 ὁ
836 2541 905 2577 ἔχων

117 2586 264 2620 βαλάντιον
286 2587 382 2622 ἀράτω
400 2586 501 2620 ὁμοίως
513 2586 560 2612 καὶ
578 2585 686 2620 πήραν·
709 2585 723 2610 ὁ
754 2585 784 2611 δὲ
801 2586 840 2621 μὴ
871 2586 941 2622 ἔχων

136 2644 227 2663 αιοαν.
249 2645 258 2660 ι

136 2646 163 2663 αι
184 2645 227 2663 αν.
249 2645 258 2660 ι

119 2647 137 2673 χ
156 2645 183 2709 t'p.
204 2680 290 2709 Ἀλλά
303 2689 335 2714 γε
350 2681 407 2712 τοῖς
425 2679 498 2706 οὕτω
511 2679 562 2715 τὴν
585 2679 704 2715 ἀπορίαν
720 2679 910 2715 ὲπιλυομένοις

121 2728 307 2754 ἁντιπεσεῑται
325 2727 374 2762 μὲν
390 2727 456 2757 ἴσως
472 2725 543 2753 αὐτὰ
566 2724 602 2752 τὰ
614 2725 762 2752 δεσποτικὰ
781 2727 908 2762 ῥήματα·

125 2774 224 2802 ι”Οταν
239 2774 294 2809 γὰρ
308 2772 456 2800 ἀπέστειλα
473 2772 556 2808 ὑμᾶς,
577 2780 587 2797 ›
605 2770 683 2807 φησι.
700 2771 765 2805 Καὶ,
785 2781 795 2798 ι
809 2771 867 2799 Νῦν
880 2772 908 2799 δὲ

156 2845 168 2862 '
182 2843 252 2872 .loel.
272 2851 312 2876 Ill,
331 2843 370 2870 to.

945 1585 1051 1615 gentem
1067 1578 1200 1607 Contineri
1233 1579 1272 1606 ait
1286 1588 1292 1605 :
1323 1579 1395 1613 quod
1426 1585 1492 1605 sane
1508 1577 1612 1604 exitum
1626 1581 1737 1603 nactum

945 1631 998 1658 est,
1010 1634 1072 1653 cum
1088 1625 1274 1660 Vespasianus
1287 1632 1319 1652 ac
1343 1624 1422 1651 Titus
1436 1624 1623 1659 Hierosolyma
1640 1623 1734 1650 urbem

947 1672 1089 1700 obsidione
1104 1672 1266 1703 cinxerunt;
1279 1671 1324 1705 qui
1346 1676 1406 1705 post
1431 1671 1501 1697 hanc
1514 1670 1575 1697 belli
1593 1669 1653 1703 jure
1673 1668 1738 1696 sub-

947 1722 1054 1749 actam,
1074 1717 1183 1744 Judzcos
1205 1717 1303 1752 gladiis
1324 1716 1529 1744 consumendos
1554 1715 1737 1743 tradiderunt.

948 1765 1026 1791 'l'unc
1040 1764 1112 1791 enim
1128 1771 1245 1797 quorum
1261 1763 1399 1798 possessio
1412 1762 1534 1797 supellex
1544 1766 1602 1789 erat
1614 1766 1640 1790 ct
1655 1761 1739 1796 quid-

948 1810 1013 1845 quid
1025 1809 1106 1837 facile
1120 1809 1255 1844 asportari
1276 1813 1394 1844 poterat,
1416 1809 1442 1836 id
1461 1809 1487 1836 in
1514 1808 1581 1835 alias
1595 1812 1672 1834 extra
1686 1806 1738 1834 Ju—

948 1857 1034 1883 dinam
1053 1856 1136 1883 urbes
1149 1855 1277 1888 ferentes,
1294 1863 1310 1882 a
1322 1863 1371 1882 sua
1390 1854 1533 1889 metropoli
1549 1853 1739 1887 ditl‘ugiehant:

949 1902 1014 1929 dum
1037 1902 1082 1929 alii
1101 1901 1208 1936 interim
1225 1901 1328 1928 divitiis
1343 1901 1458 1937 gravati,
1479 1905 1527 1927 aut
1540 1899 1663 1935 quolibet
1678 1906 1742 1926 mo-

951 1948 985 1974 do
1002 1947 1113 1979 detenti,
1143 1946 1208 1974 dum
1239 1947 1350 1974 urbanae
1373 1945 1497 1984 stationis
1528 1950 1638 1973 tenaces
1662 1949 1740 1977 sunt,

951 2001 1098 2020 mucrones
1112 1997 1140 2020 et
1155 2000 1235 2020 enses
1251 1997 1334 2027 atque
1349 1992 1401 2020 alia
1418 2000 1493 2019 arma
1506 1991 1603 2019 bellica
1613 1998 1743 2018 coemere

952 2039 1126 2072 festinabant,
1142 2039 1212 2066 bello
1222 2039 1255 2066 ad
1272 2039 1297 2066 id
1316 2039 1416 2066 invitos
1435 2042 1558 2073 urgente.
1570 2038 1658 2072 Atque
1670 2037 1742 2064 hanc

952 2093 1010 2112 rem
1028 2085 1157 2112 nimirum
1170 2084 1313 2113 Dominico
1324 2092 1371 2112 ore
1382 2084 1490 2119 pradici
1502 2093 1509 2117 ;
1522 2091 1595 2111 nunc
1609 2091 1674 2110 vero
1692 2083 1741 2118 qui

953 2131 1035 2158 habet
1049 2139 1218 2164 crumenam,
1235 2134 1326 2158 sumat
1340 2131 1443 2165 pariter
1461 2135 1487 2158 et
1504 2138 1596 2165 peram
1614 2138 1620 2156 ε
1639 2136 1706 2164 quas
1718 2129 1746 2156 si

954 2178 1015 2212 quis
1038 2185 1093 2204 non
1122 2177 1212 2209 habet,
1242 2177 1387 2204 divenditis
1419 2176 1588 2204 vestimentis
1621 2175 1745 2210 gladium

956 2223 1090 2262 acquiret.
1113 2222 1141 2250 ld
1159 2222 1247 2257 ipsum
1264 2221 1466 2256 antiquioribus
1487 2228 1598 2256 quoque
1623 2220 1745 2248 oraculis

956 2269 1137 2304 significatum
1166 2267 1265 2298 fuerat.
1298 2268 1430 2302 propheta
1454 2267 1582 2295 dicente:
1604 2275 1614 2292 ι
1646 2266 1745 2293 Aratra

955 2318 1046 2342 vestra
1064 2315 1092 2341 in
1104 2314 1219 2350 gladios,
1236 2318 1263 2342 et
1287 2314 1372 2342 falces
1383 2314 1411 2341 in
1426 2315 1535 2341 lanceas
1550 2311 1715 2339 eoncidite".
1733 2320 1744 2335 ι

954 2360 1000 2388 Sic
1015 2361 1099 2395 igitur
1113 2361 1195 2388 verba
1211 2369 1218 2387 :
1237 2369 1246 2386 ι
1263 2359 1302 2387 Ne
1318 2360 1442 2387 habeatis
1463 2366 1560 2386 zonam
1586 2364 1675 2391 neque
1694 2355 1749 2382 cal.

956 2410 1096 2434 ceamenta
1109 2414 1198 2441 neque
1213 2415 1318 2441 peram.
1338 2416 1347 2433 ι
1363 2409 1461 2441 negant
1472 2412 1592 2440 pugnare
1602 2411 1665 2431 eum
1681 2403 1727 2430 his
1737 2421 1746 2427 .

964 2462 973 2478 ι
990 2451 1067 2479 Nune
1079 2451 1125 2486 qui
1141 2451 1220 2479 habet
1235 2460 1407 2484 crumenam,
1427 2455 1518 2480 sumat
1537 2449 1639 2485 pariter
1656 2452 1683 2475 et
1707 2455 1752 2482 μοι

962 2505 1020 2525 ram
1035 2507 1042 2524 :
1062 2497 1109 2533 qui
1129 2505 1193 2525 vero
1214 2505 1268 2525 non
1284 2497 1376 2530 habet,
1400 2496 1565 2525 vestimenta
1578 2502 1627 2522 sua
1640 2494 1749 2527 vendet,

959 2543 1133 2579 gladiumque
1146 2548 1260 2572 coemet.
1278 2553 1288 2569 ι

962 2588 1083 2624 πωλήσει
1114 2589 1146 2615 τὸ
1177 2589 1286 2623 ῑμάτιον
1318 2587 1422 2619 αὐτοῦ,
1454 2586 1503 2614 καὶ
1534 2586 1667 2622 ἀγοράσει
1699 2584 1752 2621 μά-

999 2681 1043 2708 10.
1066 2681 1117 2709 Sed
1138 2682 1211 2710 enim
1229 2682 1272 2710 his
1286 2682 1332 2717 qui
1350 2682 1400 2709 hac
1414 2681 1521 2709 ratione
1535 2677 1752 2708 controversiam

963 2727 1106 2762 dirimunt,
1125 2729 1182 2763 ipsa
1207 2727 1325 2756 fortasse
1344 2727 1484 2755 Dominica
1509 2727 1592 2754 verba
1615 2723 1755 2752 contradi-

962 2778 1047 2802 Cunt:
1068 2783 1078 2800 ι
1095 2773 1163 2802 Cum
1179 2774 1241 2803 misi
1253 2782 1313 2807 vos,
1332 2783 1342 2801 ι
1359 2775 1460 2810 inquit.
1475 2783 1484 2801 ι
1496 2772 1576 2801 Nunc
1587 2776 1676 2800 autem
1692 2769 1753 2798 dico
