1881 3077
147 144 182 177 59
726 145 858 176 PHOTlI
879 146 947 176 PAT

1038 144 1134 175 tCH/E
1149 140 1204 174 (ΣΡ.
1749 139 1785 171 60

151 199 250 234 vobis;
268 209 278 226 ι
292 207 348 228 non
365 200 426 228 aliis
444 200 490 229 sed
504 201 582 229 vobis
601 201 680 236 ipsis,
696 209 766 236 quos
781 207 861 230 antea
875 210 944 238 prae-

1038 211 1068 228 ’ω
1079 202 1143 234 ὑμῖν
1154 209 1161 216 ·
1182 210 1191 226 ι
1209 199 1259 227 οὐκ
1275 199 1365 231 ἄλλοις
1388 197 1447 226 ἀλλ’
1465 198 1530 234 ὑμῖν
1554 196 1656 230 αὐτοῖς,
1671 195 1718 228 οὓς
1740 194 1787 223 καὶ

148 245 268 272 dicatttm
287 246 359 273 misi.
381 247 470 279 Quare
489 246 566 274 locus
588 245 752 281 recipienda:
765 254 942 282 personarum

149 292 291 319 mutationi
307 291 398 320 nullus
414 291 537 323 εει,1ιιιο
548 300 613 320 vero
628 292 693 328 quid
712 297 942 326 consentaneum,

147 337 190 364 vel
207 345 287 371 quem
307 345 408 365 nexum
431 338 532 365 habent
546 339 627 366 verba
643 348 650 366 :
671 348 681 365 ι
699 338 779 367 Nunc
793 339 839 375 qui
863 339 944 367 habet

149 389 323 416 crumenam,
342 387 434 410 sumat
451 384 554 418 pariter
579 387 606 411 et
624 392 729 419 peram,
753 393 763 410 ι
788 392 849 412 cum
875 392 944 419 pau-

148 429 261 463 pertatis
283 429 434 456 mandato?
445 430 500 457 Cur
513 430 585 457 enim
604 439 708 465 pauper
722 439 881 458 crumenam
897 431 946 458 lla-

148 474 239 508 heret}
248 474 308 501 Jam
321 474 379 509 ipsa
389 483 458 508 perae
468 483 529 502 cum
540 483 669 503 crumena
679 477 843 511 assumptio,
856 475 945 510 quod-

150 527 224 550 nam.
242 527 347 554 quaeso,
363 519 470 548 .ltnlaici
483 522 559 548 exitii
580 521 739 549 vaticinium
752 522 859 549 innuit?
874 521 946 549 Sane

151 564 208 591 haec
235 565 394 598 opinionum
430 566 568 601 indagatio
594 567 617 593 si
646 567 733 594 libero
757 566 863 601 judicio
888 567 945 598 liat,

150 610 341 644 praedictarum
370 619 478 647 quoque
511 613 712 640 sententiarum
733 613 873 641 nonnullis
894 613 946 640 ob-

152 656 246 689 stabit,
264 664 352 691 neque
375 658 449 685 sinet
471 658 611 686 indubiam
632 658 798 686 solmionem
820 659 945 686 evadere.

152 701 278 736 Namque
302 703 365 729 olim
393 704 568 731 interdixisse
592 704 749 739 discipulis,
766 704 864 731 deinde
879 712 947 732 con-

154 748 282 778 ceSsiSSe.
309 756 389 783 opcs;
417 749 470 781 his,
499 749 628 784 inquam,
652 750 789 778 mandatis
816 750 862 785 qui
887 750 947 778 ﬁcri

155 801 245 831 potest
259 801 287 822 nt
308 795 530 822 accommodetur
548 796 651 823 dictum
672 796 736 823 illud
755 804 762 822 :
780 806 790 822 ι
809 795 886 824 Nunc
902 795 948 831 qui

152 842 233 869 habet
256 849 429 873 crumenam,
455 845 547 869 sumat
569 847 596 868 et
621 841 734 877 peram?
763 851 772 868 ›
795 850 947 877 rursusque

152 887 216 914 illud
241 897 247 915 :
270 897 279 914 ι
300 887 347 922 qui
363 892 454 914 autem
476 895 530 914 non
548 887 639 919 habet,
657 887 803 914 divenditis
824 887 945 915 vestibus

152 933 272 969 gladium
291 933 380 961 emet?
394 942 402 958 ι
419 932 512 968 Neque
523 941 599 966 vero,
614 933 636 960 si
654 933 696 960 vel
718 933 776 959 haae
790 933 946 960 concedan-

154 985 209 1012 tur,
232 980 335 1007 idcirco
357 984 469 1015 apparet
487 979 586 1014 prioris
607 979 727 1006 mandati
745 979 815 1013 apud
835 986 883 1007 eos
898 979 945 1013 qui

154 1030 319 1061 acceperant
344 1026 536 1053 observantia:
562 1026 666 1060 alioqui
694 1026 784 1053 nullus
811 1033 947 1053 crumenze

153 1072 230 1099 locus
252 1076 335 1099 esset.
363 1071 505 1099 Posterius
521 1077 611 1099 autem
635 1072 793 1099 mandatum
815 1080 868 1098 non
892 1076 946 1099 tam

154 1116 313 1151 possidendi
327 1116 434 1151 copiam
455 1116 532 1148 facit,
548 1123 631 1152 quatn
648 1116 802 1151 superioris
822 1116 947 1143 violatio-

153 1171 214 1190 nem
236 1163 371 1197 coarguit.
396 1162 461 1194 Quae
487 1169 549 1188 eum
574 1162 613 1189 ita
631 1168 662 1189 se
686 1162 823 1194 habeant,
847 1161 947 1188 nihilo-

154 1210 247 1237 minus
271 1217 365 1236 sacros
387 1208 448 1235 illos
470 1208 632 1243 interpretes
654 1213 766 1244 propter
789 1216 840 1236 sua
856 1209 947 1243 priora

153 1256 308 1283 tenlamina
332 1256 462 1290 piutnqne
486 1255 609 1282 animum
629 1254 730 1282 divinis
749 1254 894 1289 praeconiis
907 1253 948 1281 ef-

154 1303 226 1328 tt-rre
239 1302 326 1329 de‘cct.
341 1300 428 1336 Opum
444 1300 543 1336 quippe
553 1301 820 1328 hermeneuticarum
837 1301 946 1328 initium

155 1347 218 1374 inde
243 1351 386 1374 traxerunt
403 1348 432 1380 ii,
455 1348 500 1382 qui
524 1348 585 1375 illos
608 1348 747 1375 consecuti
765 1352 839 1380 sunt,
860 1348 948 1375 inter-

153 1398 256 1428 pretes,
273 1394 427 1421 seminibus
444 1394 573 1421 nimirum
590 1394 710 1429 acceptis
726 1400 758 1421 ac
776 1394 946 1422 solutionum

162 1439 364 1466 act-uratiornm
387 1440 526 1474 pritnitiis.
548 1440 631 1475 ldquc
656 1440 743 1475 magis
767 1439 820 1467 illis
839 1445 947 1473 patrum

157 1492 203 1518 jus
215 1492 279 1520 erga
296 1493 344 1512 nos
360 1484 469 1518 asscrit,
483 1493 586 1520 nosque
601 1485 691 1513 omnis
706 1485 885 1512 observantia:
901 1485 947 1512 de-

154 1530 260 1558 bitores
276 1531 459 1564 demonstrat,
479 1531 553 1566 quod
569 1531 699 1558 nimirum
722 1531 834 1558 acribus
849 1538 945 1557 eorutn
960 1545 982 1576 C

154 1576 300 1604 conatibus
322 1585 355 1604 ac
378 1577 530 1608 laboribus.
557 1584 629 1604 nunc
653 1577 763 1604 demtnn
788 1577 820 1604 ad
842 1577 947 1611 apicem

153 1622 247 1649 videre
268 1621 331 1649 licet
345 1630 486 1649 sacrarum
502 1622 674 1655 Litterarum
693 1622 947 1657 interpretationem

154 1672 322 1702 provectam,
352 1676 402 1695 nec
429 1668 550 1703 cuipiam
569 1668 684 1695 inscitiae
698 1673 746 1695 aut
769 1667 948 1696 dubitationis

156 1722 251 1741 ansam
270 1714 327 1748 jam
343 1722 405 1742 esse
420 1715 555 1742 relictam.

195 1758 237 1785 ll.
258 1758 335 1792 Quod
352 1760 374 1787 si
391 1759 460 1786 forte
474 1759 574 1794 aliquis
587 1760 674 1787 sancti
687 1758 806 1794 Spiritus
816 1760 947 1788 instinctu

154 1803 240 1838 dicat,
255 1805 403 1840 praedictas
415 1805 582 1833 oll‘ensiones
597 1806 754 1833 declinandi
778 1813 872 1839 causa,
892 1806 948 1841 ple-

154 1856 256 1884 rasque
279 1858 374 1877 earum
397 1857 458 1886 quae
482 1850 510 1878 in
536 1851 627 1878 divina
654 1850 794 1886 Scriptura
819 1851 947 1879 videntur

153 1896 398 1928 contradictiones,
415 1897 525 1925 inscitia
543 1897 681 1925 malitiare
705 1905 799 1925 eorum
823 1898 882 1925 ﬁeri
899 1898 946 1932 qui

154 1945 244 1968 textus
259 1941 320 1969 illos
333 1948 509 1977 oppugnant;
522 1942 560 1975 id,
572 1943 697 1977 inquam,
712 1949 785 1970 recte
798 1943 946 1970 admodum

154 1985 285 2020 justeque
297 1986 416 2015 dicetur.
436 1987 544 2014 Etenim
560 1988 659 2022 partim
677 1988 751 2015 haud
770 1989 948 2016 considerant

153 2031 377 2060 circumstantias
408 2033 510 2067 quibus
540 2035 726 2068 repugnantia)
758 2034 945 2068 auferuntur,

155 2077 255 2112 partim
271 2085 338 2104 vero
353 2079 531 2114 improbitate
551 2086 601 2106 sua
623 2079 810 2107 difﬁcultatem
829 2088 947 2117 exagge-

155 2126 228 2150 rant.
255 2123 382 2150 Attamen
418 2131 600 2159 personarum
633 2124 840 2154 circumstantia
875 2126 948 2154 haud

155 2175 319 2203 magnopere
342 2171 468 2204 praesenti
485 2176 647 2206 argumento
664 2172 786 2206 prodest,
809 2172 856 2200 sed
872 2172 946 2207 ipsa-

155 2221 216 2241 rum
238 2215 330 2250 potius
346 2224 488 2244 sacrarnm
516 2218 669 2246 litterarum
691 2218 808 2253 diligens
821 2219 945 2246 conside-
961 2216 984 2245 υ

155 2259 237 2292 ratio,
264 2260 378 2288 inscitia:
407 2262 503 2290 sordes
536 2263 655 2298 puritate
683 2263 726 2290 sui
753 2271 851 2292 sensus
881 2264 946 2292 hinc

154 2305 260 2340 cjiciet.
282 2306 402 2342 Sequere
428 2316 472 2336 me
489 2308 571 2344 igitur
587 2309 751 2344 cogitatione
767 2315 824 2343 tua,
841 2317 946 2337 meam-

154 2360 208 2386 que
220 2360 331 2387 operam
345 2354 487 2381 comitare.
501 2354 593 2382 Primo
604 2355 715 2390 quidem
729 2355 862 2383 Dominus
875 2356 946 2383 haud

152 2397 229 2431 jubet
242 2398 392 2433 discipulos
407 2407 567 2426 crumenam
585 2407 689 2434 gerere,
712 2408 806 2428 verum
828 2409 875 2429 eos
899 2403 946 2436 qui

154 2441 225 2469 hanc
251 2443 394 2476 haberent,
421 2451 514 2479 peram
538 2452 647 2480 quoque
669 2445 752 2472 simul
771 2445 844 2473 ferre
868 2446 945 2474 sinit.

153 2487 217 2520 Qui,
230 2496 334 2523 quaeso,
356 2489 413 2517 hate
443 2490 514 2517 inter
531 2497 560 2517 se
577 2491 730 2524 dissonant,
748 2491 789 2518 vel
809 2492 947 2526 quomodo

153 2533 205 2561 sibi
220 2533 424 2561 adversantur?
440 2535 466 2562 in
482 2535 680 2571 discipulorum
706 2544 822 2564 numero
847 2537 948 2565 habere

153 2587 185 2606 ac
197 2580 344 2613 praedicare
355 2588 403 2608 eos
414 2582 461 2617 qui
473 2583 642 2616 paupertatis
659 2584 816 2610 mandatum
830 2589 945 2616 curant;

154 2625 334 2654 violatoribus
351 2631 442 2655 autem
458 2628 611 2664 indulgere,
630 2635 712 2664 atque
730 2629 790 2664 ejus
818 2630 856 2657 rei
878 2637 947 2664 pra:-

154 2676 264 2705 ceptum
283 2672 440 2706 antiquare.
459 2674 566 2701 Etenim
588 2674 704 2702 inﬁrma:
718 2675 802 2702 ntcnti
816 2675 947 2703 severitas

153 2716 253 2752 regulae
275 2717 379 2746 inutilis
400 2724 458 2752 est;
483 2725 510 2747 et
535 2721 584 2755 qui
610 2722 752 2756 superiore
779 2722 830 2748 vita
856 2722 948 2756 negle-

153 2767 210 2789 tutn
236 2758 303 2798 legis
321 2771 376 2798 prae
395 2772 426 2792 se
439 2766 511 2797 tulit.
528 2767 551 2794 is
569 2767 673 2794 inhibet
687 2767 845 2794 ulteriorem
863 2767 948 2802 legis-

152 2809 248 2838 latoris
264 2810 481 2844 providentiam.
497 2812 664 2840 Conceditur
679 2821 756 2850 ergo,
772 2818 803 2841 ut
817 2813 947 2847 diximus,

153 2854 317 2884 habentibus
334 2863 495 2886 crumenam
509 2859 590 2887 etiam
605 2867 689 2894 pera;
707 2859 748 2888 vel
766 2860 858 2895 potius
874 2859 948 2888 {ntu-

994 246 1144 282 κηρύσσειν
1171 245 1339 272 ἀπέστειλα·
1356 244 1427 271 ὥστε
1443 243 1491 271 νῦν
1511 243 1528 278 ὴ
1552 242 1607 268 τῶν
1624 241 1786 277 ’προσώπων

995 292 1140 327 ὺτιαλλαγὴ
1164 291 1294 326 οὐδεμίαν
1319 291 1443 326 εὑρίσκει
1466 289 1560 325 χώραν
1580 287 1727 322 ἀποδοχῆς.
1749 286 1786 313 Οὐ

996 338 1050 374 μὴν
1067 338 1135 364 ἀλλά
1151 337 1200 364 καὶ
1214 337 1275 364 τίνα
1289 336 1378 371 λόγον,
1397 337 1475 362 ποῖον
1490 335 1520 361 δὲ
1535 333 1717 361 συνδιασώσει
1730 332 1788 367 εἱρ-

997 383 1046 419 μὸν
1065 383 1106 415 τὸ,
1124 392 1133 408 ι
1158 382 1238 409 Ἀλλά
1262 381 1309 408 νῦν
1331 382 1346 408 ὁ
1370 381 1440 416 ἔχων
1467 379 1609 413 βαλάντιον
1625 377 1722 414 ἀράτω
1740 377 1788 403 καὶ

997 431 1101 465 πήραν,
1120 439 1129 456 ι
1149 430 1217 464 πρὸς
1230 428 1280 464 τὴν
1301 428 1350 462 τῆς
1369 426 1563 462 ἀκτημοσύνης
1578 425 1707 460 ὲντολήν;
1726 423 1790 454 Πῶς

995 475 1050 511 γὰρ
1070 475 1102 502 ἂν
1127 475 1142 501 ὀ
1158 475 1290 509 ἀκτήμων
1309 473 1451 509 βαλάντιον
1464 472 1540 507 ἑχοι;
1558 470 1625 498 τίνα
1640 471 1669 496 δὲ
1682 478 1791 505 προφη-

995 521 1072 548 τείαν
1095 520 1125 548 τὺ
1149 520 1314 556 προσλαϐεῖν
1330 519 1369 554 τῷ
1390 518 1533 554 βαλαντίῳι
1552 517 1599 544 καὶ
1625 516 1718 552 πήραν
1739 517 1790 551 τῆς

996 568 1051 596 τῶν
1081 567 1217 594 Ἰουδαίων
1244 566 1402 601 ,ὑπογράφει
1433 564 1644 600 καταστροφῆς;
1675 562 1745 589 Ἀλλ’
1771 563 1789 597 ἡ

996 613 1108 648 τοιαύτη
1133 613 1182 647 μὲν
1210 612 1307 648 ἔρευνα
1322 611 1376 638 τῶν
1392 610 1531 645 λογισμῶν
1544 609 1685 643 ἀδεκάστῳ
1698 607 1790 644 κρίσει

998 661 1044 687 καὶ
1057 659 1112 687 τῶν
1136 658 1292 695 ἔμπροσθεν
1307 657 1513 692 ἀποδεδομένων
1528 656 1617 690 λόγων
1634 655 1715 685 ὲνίοις
1733 655 1791 680 τισὶ

998 705 1129 745 διανοκις
1144 704 1270 740 ἐμποδὼν
1283 704 1317 731 ἂν
1328 705 1419 739 σταίη,
1436 703 1484 730 καὶ
1494 703 1545 730 οὒκ
1554 702 1587 729 ἂν
1600 701 1791 737 συγχωρήσειε

997 751 1048 787 τὴν
1064 751 1141 777 λύσιν
1153 750 1394 786 ἀναμφισϐήτητον
1406 748 1564 784 προελθεῖν·
1583 747 1613 774 τδ
1628 747 1682 781 γὰρ
1703 745 1790 773 πάλαι

1000 798 1051 834 μὲν
1075 799 1133 829 τοῖς
1149 796 1284 832 μαθηταῖς
1302 795 1490 827 ἀποκωλῦσαι,
1511 793 1625 829 ὕστερον
1637 793 1660 819 δ’
1677 791 1789 828 ἐπιτρέ-

998 843 1049 877 ψαι
1072 843 1122 879 τὴν
1139 842 1254 878 κτῆσιν·
1274 841 1388 872 ταύταις
1408 840 1436 867 δὲ
1463 841 1523 871 ταῖς
1544 839 1665 869 ἐντολαῖς
1680 837 1738 870 πῶς
1758 838 1792 863 ἂν

963 878 983 906 Β
998 889 1180 925 ἐφελκυσθείη
1197 888 1368 924 συναρμόσαι
1381 887 1422 920 τὸ,
1440 896 1449 913 ι
1465 886 1546 914 Ἀλλὰ
1565 885 1613 912 νῦν
1625 885 1639 911 ὁ
1656 884 1726 920 ἔχων
1742 883 1792 919 βα-

997 936 1104 963 λάντιον
1118 935 1213 970 ἀράτω
1230 934 1279 961 καὶ
1293 934 1404 969 πήραν;
1418 943 1426 959 ι
1440 933 1489 959 καὶ
1503 932 1544 964 τὸ,
1563 941 1572 957 t
1584 931 1613 958 '0
1627 930 1656 957 δὲ
1673 931 1711 965 μὴ
1723 929 1792 965 ἔχων

998 980 1120 1016 πωλήσει
1131 980 1161 1007 τὸ
1174 980 1282 1015 ίμάτιον
1296 979 1389 1012 αὐτοῦ,
1401 979 1449 1005 καὶ
1464 978 1595 1012 ἀγοράσει
1607 977 1747 1012 μάχαιραν
1761 984 1788 1008 ;ι

998 1028 1067 1055 οὕτε
1084 1027 1138 1062 γὰρ
1155 1027 1180 1053 εί
1196 1026 1284 1053 ταῦτα
1306 1025 1395 1061 δοθείη
1409 1044 1417 1057 ,
1443 1025 1491 1060 τῆς
1516 1023 1652 1059 προτέρας
1680 1021 1793 1056 ἐντολῆς

997 1073 1123 1108 οὐδαμῶς
1141 1071 1360 1107 ἐπιγινώσκεται
1375 1072 1431 1103 τοῖς
1458 1069 1590 1096 λαϐοῦσιν
1615 1070 1632 1104 ἡ
1662 1068 1791 1103 φυλακή·

998 1119 1028 1146 οὐ
1046 1119 1100 1154 γὰρ
1123 1119 1156 1146 ἂν
1187 1118 1279 1154 χώραν
1295 1115 1352 1153 εἷχε
1384 1117 1415 1144 τὸ
1447 1116 1599 1152 βαλάντιον.
1624 1114 1681 1142 Καὶ
1695 1115 1712 1150 ἡ
1731 1115 1794 1141 δευ-
1833 1142 1838 1147 ,

997 1166 1065 1201 τέρα
1092 1164 1122 1191 δὲ
1150 1164 1200 1191 οὐκ
1220 1163 1373 1199 ἐπιτροπὴν
1389 1163 1495 1196 εἰσάγει
1521 1161 1623 1197 μᾶλλον
1657 1159 1704 1187 τοῦ
1723 1162 1791 1196 κτή-

999 1210 1110 1243 σασθαι,
1132 1209 1190 1237 ἀλλ’
1214 1209 1325 1244 ἔλεγχον
1346 1208 1394 1235 τοῦ
1412 1208 1451 1244 μὴ
1467 1207 1583 1242 φυλάξαι
1599 1206 1635 1233 τὰ
1652 1206 1790 1242 πρότερα·

999 1256 1068 1284 ἁλλά
1081 1257 1135 1292 γὰρ
1149 1256 1213 1287 τοὺς
1227 1255 1277 1290 μὲν
1298 1253 1389 1290 ίεροῦς
1409 1253 1531 1285 ἐκείνους
1550 1252 1650 1287 ἄνδρας
1664 1252 1742 1286 ἄγειν
1761 1260 1792 1278 τε

999 1302 1086 1339 χρεὼν
1103 1303 1150 1329 καὶ
1161 1301 1282 1333 θειάζειν
1296 1301 1346 1336 τῆς
1360 1308 1389 1326 τε
1406 1299 1520 1334 πρώτης
1534 1297 1665 1333 ἐπιϐολῆς
1678 1299 1727 1325 καὶ
1740 1297 1793 1332 τῆς

998 1347 1164 1382 εὐσεϐούσης
1185 1346 1315 1381 γνώμης·
1333 1345 1380 1371 καὶ
1404 1345 1446 1372 ὅτι
1465 1345 1514 1378 τὴν
1536 1343 1623 1379 ἀρχὴν
1638 1343 1689 1378 τῆς
1709 1344 1791 1370 εὐπο-

999 1394 1061 1431 ρίας
1077 1393 1184 1420 ἐκεῖθεν
1206 1393 1231 1419 of.
1248 1391 1308 1427 μετ’
1324 1391 1423 1422 αὐτοὺς
1444 1390 1616 1423 ἀνεδέξαντο,
1643 1390 1792 1425 σπέρματα

997 1441 1128 1471 λαϐόντες
1143 1440 1190 1466 καὶ
1206 1437 1335 1473 ἀπαρχὰς
1348 1436 1553 1472 ἀκριϐεστέρων
1569 1435 1722 1462 ὲπιλύσεων
1746 1435 1793 1461 καὶ

997 1487 1028 1514 τό
1048 1495 1080 1521 γε
1095 1485 1219 1521 πατέρας
1240 1484 1339 1515 αὐτοὺς
1354 1482 1454 1518 μᾶλλον
1468 1482 1534 1518 ἡμῖν
1549 1480 1722 1516 ἐπιγράφων,
1742 1479 1793 1506 καὶ

999 1532 1131 1569 τροφείων
1144 1532 1217 1567 ἡμᾶς
1230 1531 1379 1564 ἀποφαῖνον
1398 1528 1549 1565 χρεώστας,
1567 1528 1609 1554 ὅτι
1621 1528 1682 1559 ταῖς
1696 1527 1790 1553 συντό-

1000 1588 1055 1612 νοις
1075 1578 1166 1606 αὐτῶν
1195 1576 1338 1608 ἐπιϐολαῖς
1361 1575 1410 1602 καὶ
1433 1575 1612 1610 φιλοπονίαις,
1636 1575 1676 1606 είς
1705 1573 1792 1608 ἀκρον

1000 1626 1074 1653 ἔστιν
1101 1625 1165 1652 ἰδεῖν
1190 1623 1225 1650 τά
1248 1623 1360 1649 πλεῖστα
1375 1621 1429 1649 τῶν
1447 1621 1527 1658 ἱερῶν
1549 1620 1723 1656 γραμμάτων
1742 1619 1792 1654 τὴν

999 1670 1131 1706 ἐργασίαν
1162 1668 1352 1704 ἀπειληφότα,
1391 1668 1439 1694 καὶ¹
1471 1667 1607 1702 μηδεμίαν
1632 1665 1744 1700 ἀγνοίας
1773 1661 1790 1699 ἣ

998 1716 1231 1753 ἀμφισϐητήσεως
1243 1724 1299 1742 τισι
1312 1714 1528 1742 καταλελοιπότα
1541 1713 1691 1749 πρόφασιν.

1038 1763 1083 1790 ια’.
1102 1762 1172 1797 Φαίη
1183 1762 1205 1788 δ’
1219 1761 1251 1788 ἀν
1268 1769 1310 1792 τις
1329 1760 1394 1791 ἴσως
1405 1759 1495 1795 ἁδηγῷ
1510 1759 1549 1794 τῷ
1566 1758 1707 1794 Πνεύματι
1720 1756 1792 1793 χρώ-

1001 1818 1090 1846 μενος,
1114 1808 1186 1835 ὥστε
1199 1808 1247 1835 καὶ
1263 1807 1312 1838 τὰς
1329 1806 1479 1842 εἰρημένας
1493 1805 1580 1837 λαϐὰς
1593 1805 1737 1838 ἐκφυγεῖν,
1754 1804 1791 1836 ὡς

998 1856 1028 1882 τὸ
1045 1855 1095 1891 μὲν
1120 1854 1206 1881 πολλά
1233 1853 1288 1880 τῶν
1305 1852 1477 1887 φαινομένων
1503 1853 1532 1878 ἐν
1552 1852 1585 1887 τῇ
1606 1850 1666 1886 θείᾳ.
1695 1850 1791 1885 Γραφῇ

1000 1900 1134 1937 μάχεσθαι
1157 1901 1233 1935 παρά
1254 1899 1304 1934 τὴν
1320 1899 1432 1933 ἄγνοιαν
1450 1899 1466 1934 ἢ
1482 1898 1532 1934 τὴν
1547 1897 1717 1933 κακουργίαν
1736 1897 1791 1923 τῶν

997 1949 1053 1979 τοῖς
1071 1947 1164 1982 ῥητοῖς
1184 1945 1397 1977 ἐπιϐαλλόντων,
1415 1944 1503 1980 ὀρθῶς
1518 1952 1549 1970 τε
1565 1944 1613 1971 καὶ
1628 1943 1742 1976 δικαίως
1758 1943 1792 1970 εί-

1001 2000 1095 2028 ρηται·
1113 1993 1138 2018 ol.
1156 1992 1206 2027 μὲν
1222 1991 1277 2026 γὰρ
1303 1991 1334 2018 οὺ
1360 1991 1528 2026 συνορῶντες
1549 1990 1584 2017 τὰ
1609 1989 1793 2026 περιστατικᾶ

997 2038 1031 2065 δι’
1045 2035 1083 2065 ὧν
1097 2038 1132 2065 τὰ
1147 2037 1291 2073 μαχόμενα
1307 2037 1419 2063 λύεται·
1435 2037 1459 2062 ol
1482 2036 1511 2063 δὲ
1532 2030 1792 2071 κακομηχανοῦντες

997 2084 1046 2119 τὴν
1069 2084 1186 2119 ἀπορίαν
1201 2083 1382 2119 κρατύνουσι·
1408 2083 1478 2118 πλὴν
1499 2082 1568 2109 ἀλλά
1582 2090 1615 2116 γε
1635 2082 1685 2109 νῦν
1701 2083 1718 2118 ή
1737 2081 1793 2109 ἀπὸ

997 2129 1046 2157 τοῦ
1070 2129 1220 2164 προσώπου
1236 2129 1400 2166 περίστασις
1415 2129 1493 2156 οὐδὲν
1519 2129 1591 2165 μέγα
1613 2129 1647 2163 τῇ
1664 2129 1792 2163 παρούσῃ

999 2177 1102 2214 θεωρίᾳ
1128 2177 1323 2213 συμϐάλλεται,
1348 2177 1438 2204 αὐτῶν
1460 2177 1490 2204 δὲ
1512 2177 1613 2212 μᾶλλον
1629 2177 1683 2203 τῶν
1708 2177 1793 2212 ιερῶν

997 2223 1172 2260 γραμμάτων
1187 2224 1204 2259 ὴ
1218 2223 1336 2259 ἀκριϐὴς
1360 2222 1534 2255 συνεξέτασις
1552 2222 1581 2256 ἐξ
1609 2223 1712 2250 ἑαυτῶν
1730 2222 1793 2250 δια-

998 2269 1160 2301 σκεδὰζεται
1178 2268 1357 2296 ἐπιθολοῦσαν
1372 2269 1485 2302 ἄγνοιαν
1500 2270 1533 2304 τῇ
1559 2268 1727 2304 καθαρότητι
1742 2267 1792 2294 τοῦ

997 2316 1144 2351 νοήματος.
1161 2315 1215 2341 Καί
1235 2323 1280 2349 μοι
1297 2314 1492 2341 συνδιασκόπει
1506 2315 1562 2346 τοῖς
1584 2314 1725 2347 λογισμοῖς
1743 2314 1792 2340 καὶ

998 2361 1191 2388 συνακολούθει
1205 2361 1243 2396 τῷ
1259 2361 1450 2398 ἐγχειρήματι.
1472 2361 1585 2396 Πρῶτον
1598 2360 1648 2396 μὲν
1660 2360 1674 2386 ὸ
1687 2360 1792 2386 Δεσπό-

997 2415 1047 2441 της
1064 2407 1114 2433 οὐκ
1132 2407 1272 2434 ἐπιτάττει
1295 2407 1358 2439 τοὺς
1383 2407 1508 2443 μαθητὰς
1534 2407 1675 2442 βαλάντιον
1689 2407 1790 2440 αἴρειν,

998 2452 1066 2479 ἀλλά
1085 2452 1148 2483 τοὺς
1162 2452 1286 2488 ἔχοντας,
1305 2452 1353 2479 καὶ
1367 2453 1459 2488 πήραν
1475 2453 1667 2487 συνεπιφέρειν
1679 2452 1789 2487 ἀφίησι.

999 2496 1053 2524 Ποῦ
1077 2497 1167 2524 τοίνυν
1189 2498 1275 2524 ταῦτα
1291 2498 1455 2533 ἀσύμφωνα,
1476 2497 1596 2529 καὶπῶς
1613 2498 1646 2525 ἂν
1663 2496 1791 2532 ἀλλήλοις
1816 2520 1819 2522 .

1000 2543 1130 2578 μάχοιτο;
1163 2545 1287 2579 μαθητὰς
1317 2545 1366 2580 μὲν
1393 2546 1481 2572 ποιεῖν
1505 2545 1552 2572 καὶ
1577 2543 1715 2571 δεικνύναι
1738 2544 1791 2578 τῆς

998 2588 1192 2625 ἀκτημοσύνης
1221 2590 1431 2625 νομοφύλακας,
1466 2590 1530 2621 τοὺς
1560 2589 1730 2625 ὴθετηκότας
1760 2589 1791 2616 δὲ

1000 2636 1161 2669 συγχωρεῖν,
1184 2636 1253 2662 acan
1267 2636 1322 2662 τῶν
1338 2637 1438 2671 ὁμοίων
1455 2636 1529 2663 λύειν
1549 2636 1580 2663 τὸ
1601 2636 1787 2670 πρόσταγμα·

999 2678 1198 2714 ἁρῤωστήματι
1217 2680 1272 2716 γὰρ
1290 2680 1402 2716 γνώμης
1427 2681 1516 2708 κανὼν
1532 2681 1676 2717 ἀκριϐείας
1700 2680 1791 2715 ἀσύμ-

1000 2732 1101 2758 φορον·
1119 2725 1167 2751 καὶ
1179 2726 1193 2751 ὁ
1210 2726 1272 2758 δοὺς
1298 2728 1355 2758 τοῖς
1378 2727 1546 2763 προλαϐοῦσι
1567 2728 1616 2762 τῆς
1640 2726 1790 2762 ὀλιγωρίας

998 2769 1044 2796 τὸν
1066 2769 1185 2806 ἔλεγχον,
1211 2772 1292 2804 αὐτὸς
1312 2773 1481 2807 ἀναχαιτίζει
1507 2773 1555 2800 τοῦ
1573 2773 1719 2808 νομοθέτου
1739 2772 1790 2808 τὴν

999 2815 1048 2841 ἐπὶ
1067 2817 1121 2847 τοῖς
1145 2816 1275 2850 μέλλουσι
1291 2817 1430 2852 πρόνοιαν,
1454 2818 1642 2853 Συγχωρεῖται
1662 2816 1712 2852 μὶν
1730 2815 1789 2848 οὖν,

999 2860 1036 2893 ὡς
1063 2861 1179 2897 ἔφημεν,
1204 2863 1260 2895 τοῖς
1282 2864 1464 2899 κτησαμένοις
1485 2864 1516 2890 τὸ
1538 2863 1680 2899 βαλάντιον
1705 2862 1752 2890 καὶ
1772 2863 1789 2898 ἡ
