1881 3077
124 144 158 178 ει
655 145 706 175 AD
721 145 914 175 AMPHILOC

994 145 1018 175 Μ
1037 145 1210 181 ΟΗίΕΞΤΙΟ
1226 146 1252 176 Ι.
1731 150 1767 182 62

126 201 205 237 πήρα
217 209 225 217 '
238 201 256 238 ἢ
268 220 276 235 ,
289 201 314 228 εί
330 201 442 237 βούλει,
458 201 700 236 προαναφωνεῖται
717 201 768 234 τῆς
787 201 917 236 ἐσομένης

994 208 1033 227 um
1052 201 1113 227 vitai
1127 209 1213 236 genus
1223 208 1330 234 eorum,
1345 201 1391 236 qui
1405 201 1497 237 priora
1508 203 1635 231 mandata
1652 204 1766 234 minime

126 247 268 279 πολιτείας
293 249 351 279 τοῖς
378 247 415 282 μὴ
439 247 475 274 τὰ
499 246 641 280 φθάσαντα
675 248 880 282 συντηρήσασιν
909 248 924 273 ό

125 294 240 329 τρόπος·
256 293 379 320 ἐναντίον
392 294 420 320 δέ
436 295 469 328 τῇ
481 293 586 328 ἐντολῇ,
601 293 635 320 δι’
647 290 681 329 ἧς
694 294 718 320 oi
731 293 922 325 τελειωθέντες

127 339 175 374 τὴν
196 339 392 375 ἀκτημοσύνην
416 339 613 374 κατώρθωσαν,
635 340 761 376 οὐδαμῶς
791 339 825 367 ἂν
841 340 922 367 τοῦτο

127 385 304 422 συνοραθείη.
327 385 411 421 ὀρᾷς
426 385 485 417 πῶς
498 385 528 418 ἐξ
542 385 631 420 αὐτῆς
654 386 704 420 τῆς
719 385 818 419 λέξεως
835 386 921 413 καθα-

127 429 181 465 ρῶς
192 431 210 465 ἡ
225 429 304 461 λύσις
323 429 506 465 προέρχεται,
522 430 607 465 μηδὲν
619 431 738 465 ἐργῶδες
756 430 824 465 μηδὲ
844 438 922 465 περι-

125 477 290 511 νενσημένον
304 476 474 511 παρέχουσω
495 485 504 502 ι
523 475 604 503 Ἀλλὰ
618 476 676 509 νῦν,
698 477 792 512 φησὶν,
814 477 829 502 ὁ
851 476 921 511 ἔχων

126 522 284 557 βαλάντιον,
299 522 396 557 ἀράτω
411 522 514 557 ὁμοίως
529 522 576 549 καὶ
587 523 689 558 πήραν.
703 532 712 548 ι

161 568 208 603 ιβ’.
221 569 274 594 Δύο
287 567 378 600 τάξεις
391 568 450 600 νῦν,
469 568 483 595 ὃ
496 569 543 594 καὶ
559 569 607 595 ἐπὶ
627 569 717 604 πάσης
736 568 821 604 ἄλλης
846 569 920 595 ἔστιν

126 615 215 649 εὑρεῖν
239 615 360 649 ἐντολῆς,
389 614 578 649 συνορῶνται·
598 615 623 642 oi
653 616 703 650 μὲν
727 615 918 651 κατορθοῦσιν,

125 661 149 686 oi
161 660 189 687 δὲ
205 660 236 686 τὸ
252 660 418 695 πρόσταγμα
435 660 638 696 παραϐαίνουσι
650 669 657 676 '
674 662 730 692 τοῖς
750 661 799 695 μὲν
815 670 919 697 κατωρ-

126 706 226 732 θωκόσι
241 707 290 732 καὶ
320 705 374 732 τῶν
403 707 534 741 μειζόνων
549 707 563 733 ὁ
581 707 662 738 πόνος
679 707 847 741 πιστεύεται,
862 709 919 739 τοῖς

124 750 146 777 δ’
159 751 378 787 ἐρῤᾳθυμηκόσι,
409 751 485 778 οὐδὲν
499 752 563 779 ἄλλο
578 751 661 786 βάρος
679 752 851 779 ἐπιτίθεται·
870 753 917 779 άλ-

125 797 158 823 λὰ
172 798 221 823 καὶ
234 798 418 832 συγχωρείται
441 798 473 824 τὸ
496 797 614 832 φθάσαν,
640 798 683 825 ἴνα
701 799 738 834 μὴ
752 799 782 826 τὸ
802 799 856 825 πᾶν
888 799 918 833 ἐξ

125 842 309 876 ἀπογνώσεως
325 843 492 872 ἀπολέσωσι,
509 843 613 870 Ἔδωκε
629 845 686 876 τοῖς
705 844 841 880 μαθηταῖς
861 853 915 880 μη-

124 888 169 915 δὲν
183 888 354 924 κεκτῆσθαι·
370 889 447 915 οὐδὲν
462 889 555 922 αὐτοῖς
571 890 626 916 τῶν
643 878 803 924 ἀναγκαίων
826 878 916 918 ἐπιλέ-
932 878 952 905 Β

123 934 272 966 λοιπεν,ού
306 935 415 970 μικρὸν,
433 935 463 961 οὺ
484 935 570 970 μέγα·
600 936 650 971 οὐχ
677 934 757 971 εὗρον
789 937 917 972 ἀφορμὴν

124 982 252 1017 οὐδεμίαν
266 982 321 1008 οὐδ’
337 981 429 1008 αἰτίαν
444 981 545 1010 πλάσαι
561 982 745 1017 παραϐάσεως
756 992 762 999 ·
780 983 828 1010 καὶ
844 983 917 1019 μάρ-

123 1037 204 1063 τυρες
218 1027 296 1055 αὐτοὶ
310 1026 358 1054 τοῦ
375 1027 490 1062 μηδενὸς
503 1028 532 1053 ἐν
551 1027 640 1064 ἐνδείᾳ
661 1029 917 1063 νομοφυλακοῦντες

123 1075 302 1109 καταστῆναι.
312 1083 321 1099 ι
334 1074 379 1109 Μή
387 1082 459 1105 τινος
478 1074 542 1109 γὰρ,
556 1083 564 1100 ι
581 1074 675 1109 φησὶν,
689 1083 699 1100 ι
710 1075 888 1110 ὑστερήσατε;
905 1085 914 1102 ›

123 1121 146 1147 οἱ
154 1120 182 1146 δὲ
194 1129 203 1145 ι
218 1119 342 1151 Οὐδενός.
354 1129 363 1145 ι
373 1119 450 1146 Ἐπεὶ
461 1119 507 1146 οὖν
517 1119 659 1155 ὁμοτίμως
669 1120 743 1155 μὲνὴ
758 1121 851 1156 ἐντολὴ
860 1121 916 1148 ἐδό-

124 1167 167 1202 θη,
186 1166 329 1202 ὀμοτίμως
343 1166 372 1192 δέ
395 1165 425 1192 τὸ
439 1165 488 1200 τῆς
509 1165 605 1201 χρείας
626 1165 742 1200 ἄφθονον
771 1167 894 1202 ὑπῆρχεν
907 1176 915 1183 ·

123 1213 180 1240 ἀλλ’
193 1214 219 1240 οἱ
237 1213 297 1247 μὲν,
315 1212 346 1238 ού
363 1212 422 1239 δέον
437 1212 640 1247 συνεπιφέρειν,
666 1212 809 1247 βαλάντιον
823 1211 913 1248 εἶχὸν·

122 1260 147 1285 οἱ
161 1258 190 1285 δὲ
208 1258 259 1293 τῆς
272 1258 383 1292 ἐντολῆς
396 1256 467 1293 ἦσαν
479 1266 486 1272 ·
513 1258 577 1290 τοὺς
605 1258 654 1293 μὲν
680 1259 858 1294 ὑπεριδόντας
885 1259 916 1287 τὸ

123 1304 288 1339 πρόσταγμα
305 1323 312 1335 ,
337 1303 396 1338 ἅμα
428 1302 479 1336 μὲν
508 1302 639 1338 ἐλέγχων.
670 1303 729 1339 ἅμα
770 1304 800 1331 δέ
825 1305 916 1339 ἀφιεὶς

123 1348 254 1384 φέρεσθαι
267 1349 301 1384 τῇ
314 1347 423 1382 γνώμῃ,
432 1347 480 1373 καὶ
492 1347 523 1373 οὐ
538 1347 693 1381 συγκλείων
708 1349 749 1380 εἰς
761 1348 822 1384 βίαν
834 1359 840 1365 ·
856 1349 915 1384 ἀμα

121 1396 150 1422 δὲ
162 1396 186 1422 εἰ
205 1394 296 1429 βούλει
311 1393 358 1420 καὶ
371 1393 573 1428 πρωναφωνῶν
591 1393 683 1425 αὐτοῖς
702 1394 753 1428 τῆς
776 1394 915 1428 πολιτείας

121 1441 152 1468 τὺ
165 1440 272 1475 μέλλον,
289 1448 298 1465 ι
321 1439 351 1465 '0
363 1438 443 1474 ἔχων,
461 1438 538 1472 φησὶ,
549 1438 700 1473 βαλάντιον,
710 1439 804 1474 ἀράτω
815 1441 915 1474 ὁμοίως

123 1486 170 1512 καὶ
184 1486 287 1520 πήραν.
308 1493 317 1510 ›
333 1482 544 1518 Προανεκήρυξε
562 1482 617 1518 γὰρ
631 1484 645 1510 ό
664 1484 793 1519 παραϐὰς
807 1482 848 1516 οἷς
866 1485 914 1519 Ep-

122 1531 186 1558 θασε
202 1530 320 1566 πράξας,
334 1530 382 1556 καὶ
408 1528 458 1563 τῆς
481 1528 593 1562 ἐντολῆς
616 1528 770 1575 ἀλογήσας,
792 1530 852 1557 οἵαν
867 1531 914 1557 ml.
928 1546 949 1575 α

121 1577 187 1612 περὶ
199 1575 247 1602 τοῦ
263 1574 413 1609 συστοίχων
426 1574 477 1608 τὴν
497 1574 525 1599 ἐν
535 1573 573 1608 τῷ
591 1573 716 1608 μέλλοντι
731 1573 850 1601 διάθεσιν
861 1574 914 1601 δεί-

122 1625 164 1658 ξει
176 1632 183 1639 ·
202 1624 260 1654 τοῖς
273 1622 302 1648 δέ
315 1620 443 1656 καθαρῶς
456 1620 664 1654 ἀσπασαμένοις
693 1620 722 1647 τὺ
738 1621 913 1656 πρόσταγμα,

122 1670 173 1704 τῆς
187 1669 302 1704 γνώμης
314 1666 404 1694 αὐτῶν
419 1665 620 1699 ἀποδεξάμενος
636 1665 667 1691 τὺ
680 1665 804 1701 στερρὸν,
821 1666 869 1693 καὶ
884 1666 915 1693 τὺ

123 1716 273 1750 κεφάλαιον
292 1713 347 1740 τῶν
357 1711 581 1747 κατορθωμάτων
594 1712 622 1737 ἐν
640 1711 748 1746 ἀγῶνος
764 1712 848 1749 μοίρᾳ
865 1721 916 1748 χα-

126 1761 232 1797 ρίζεται
248 1761 295 1786 καὶ
311 1759 380 1795 πρὸς
394 1758 425 1785 τὺ
441 1758 491 1793 τῆς
508 1757 669 1792 φιλοσοφίας
687 1757 772 1794 ἄκρον
792 1755 832 1790 οἷς
856 1760 914 1786 εισ-

123 1807 186 1841 ἀγει
203 1806 347 1840 ἀναφέρει.

160 1856 203 1886 ιγ’.
220 1851 266 1878 Διό
280 1859 347 1886 φησι
359 1850 428 1886 πρὸς
438 1849 585 1886 ἑκατέρους
596 1848 643 1876 τοῦ
651 1849 730 1883 λόγου
740 1848 914 1885 σχιζομένουο

122 1897 182 1925 Νῦν
199 1897 228 1925 δέ
242 1898 286 1924 ὅτε
301 1896 419 1931 μάλιστα
431 1896 462 1922 τὸ
473 1896 560 1927 πάθος
573 1896 674 1930 ήκειτὸ
682 1896 757 1930 ἐμδν,
769 1896 816 1922 καὶ
830 1897 844 1922 ό
853 1897 914 1922 καθ’

122 1942 202 1977 ὑμῶν
224 1942 272 1969 ἐπὶ
294 1942 367 1977 μέγα
390 1940 556 1976 κρατύνεται
581 1940 710 1975 πόλεμος,
734 1940 783 1967 καὶ
807 1940 914 1967 πολλῶν

122 1988 235 2023 ἔλεγχον
249 1986 364 2014 δώσουσι
377 1985 502 2021 λογισμοί
512 1994 518 2001 '
532 1982 573 2016 οἷς
587 1984 636 2020 μὲν
651 1986 665 2011 ὁ
685 1985 735 2020 τῆς
747 1985 857 2020 ἐντολῆς
871 1985 915 2012 λό-

121 2043 170 2069 γος
187 2033 242 2060 οὐδ’
259 2033 330 2059 οὕτω
354 2031 474 2067 χαλεπὸς
497 2031 534 2058 ὢν
554 2031 604 2057 οὑκ
632 2030 783 2066 ἐφυλάχθη,
809 2031 914 2063 τούτοις

124 2079 308 2114 ἀκολουθήσει
325 2078 395 2113 μετά
411 2077 458 2104 τοῦ
491 2076 633 2112 βαλαντίου
648 2077 723 2111 καὶὴ
740 2077 914 2112 περιποίησις

119 2125 173 2160 τῆς
188 2125 281 2160 πήρας
295 2131 303 2138 '
318 2120 359 2155 οἷς
371 2123 393 2149 δ’
407 2123 535 2158 ἀνωτέρω
550 2121 679 2157 γενέσθαι
693 2122 744 2157 τῆς
758 2121 914 2157 ἀθετήσεως

119 2171 280 2205 διεπονήθη,
296 2166 370 2196 οὗτοι
385 2168 432 2195 καὶ
448 2169 478 2195 τὸ
497 2168 574 2200 τέλος
600 2168 701 2194 οἰκεῖον
713 2167 769 2193 τῶν
786 2175 914 2202 ἠεροηγω⁴

975 245 1200 278 observaverunt,
1214 246 1381 281 praedicitur.
1395 246 1494 274 Verum
1515 248 1539 275 id
1553 249 1674 283 profecto
1692 251 1765 278 haud

973 291 1145 318 contrarium
1164 296 1278 326 apparet
1296 292 1424 320 mandato
1442 293 1490 326 illi,
1508 294 1553 321 cui
1577 295 1688 329 perfecti
1723 296 1765 324 di-

974 335 1072 370 scipuli
1089 336 1291 371 obsequentes,
1312 342 1498 372 paupertatem
1518 340 1614 367 sedulo
1640 342 1749 369 retinue

974 388 1047 410 runt.
1062 382 1158 411 Viden‘
1173 388 1204 411 ιιι
1220 391 1252 411 ex
1271 384 1330 420 ipsa
1352 385 1491 413 locutione
1502 388 1645 422 pcrspictte
1661 389 1763 416 solutio

971 429 1048 458 ﬂuat.
1065 430 1124 457 sine
1139 430 1196 458 ullo
1212 431 1253 458 vel
1271 431 1364 458 labore
1378 432 1420 459 vel
1432 432 1524 459 subtili
1541 435 1762 469 excogitatione:

975 483 984 500 ι
1001 473 1079 502 Nunc
1097 482 1162 502 vero
1184 475 1231 511 qui
1255 476 1337 504 habet
1360 484 1529 511 crumenam,
1544 484 1634 506 sumat
1659 481 1762 514 pariter

971 525 998 548 et
1012 529 1104 556 peram
1118 522 1124 548 l
1143 531 1153 548 ι

1007 567 1050 594 η.
1073 567 1146 596 Duos
1161 568 1205 596 hic
1221 568 1364 596 hominum
1383 569 1494 597 ordines
1513 569 1554 605 (ut
1570 569 1597 596 in
1615 570 1670 597 alio
1693 579 1762 605 quo-

970 613 1012 641 vis
1024 614 1103 648 jusso
1120 615 1325 649 deprehendere
1341 615 1413 650 licet)
1429 615 1555 643 videmus
1573 624 1580 642 :
1597 617 1643 644 alii
1658 617 1761 645 scilicet

970 661 1129 688 mandatum
1154 665 1262 694 curant,
1288 661 1334 688 alii
1360 661 1464 689 violant
1491 670 1498 688 :
1524 667 1597 690 recte
1616 663 1762 698 agentibus

970 706 1083 742 majoris
1096 714 1205 742 quoque
1228 707 1308 735 molis
1330 707 1408 734 labor
1421 707 1614 741 cancrcditur;
1636 709 1761 736 socordi-

969 752 1022 780 bns
1045 753 1149 779 nullum
1167 752 1280 787 insuper
1301 753 1407 788 pondus
1422 753 1562 787 adjicitur,
1581 753 1636 780 imo
1652 759 1679 780 et
1695 753 1760 780 illud

968 797 1045 833 prius
1070 798 1227 831 remittitur,
1256 805 1289 825 ne
1305 798 1396 825 omnia
1420 798 1610 832 desperatione
1633 806 1761 833 pessum-

969 844 1045 871 dent.
1077 843 1214 872 Mandavit
1232 844 1374 878 discipulis
1402 844 1470 871 nihil
1500 848 1529 871 ut
1553 844 1724 879 possiderent
1750 853 1757 872 :

969 889 1036 916 nihil
1060 889 1094 916 iis
1117 889 1317 921 necessarium.
1345 889 1403 917 sive
1420 889 1445 916 id
1473 897 1588 924 parvum
1607 895 1678 917 esset
1702 891 1759 917 sive

968 942 1116 968 magnum,
1147 933 1253 967 defuit;
1282 934 1383 962 nullam
1410 935 1584 962 occasionem
1613 942 1760 962 causamve

968 979 1123 1014 contingere
1145 984 1304 1014 potuerunt,
1324 987 1374 1006 cur
1393 979 1578 1007 obedientiam
1597 980 1758 1014 ahjicercnt.

968 1024 1039 1058 Quin
1065 1025 1116 1060 ipsi
1132 1025 1223 1052 testati
1238 1030 1302 1052 sunt
1316 1024 1388 1052 nulla
1414 1033 1443 1052 se
1457 1030 1577 1060 egestate
1593 1025 1759 1054 laboravisse

967 1070 1032 1097 dum
1047 1070 1071 1097 ei
1090 1077 1223 1105 praacepto
1239 1070 1465 1104 obsequerentur.
1490 1079 1500 1096 ι
1523 1069 1661 1106 Nunquid,
1680 1081 1689 1097 ι
1709 1072 1758 1104 ait,

971 1125 980 1142 ι
1000 1116 1077 1143 vobis
1090 1115 1196 1143 defuit?
1213 1125 1222 1142 ι
1240 1116 1451 1150 responderunt,
1467 1123 1478 1141 ι
1499 1115 1581 1143 Nihil.
1602 1126 1611 1143 ι
1630 1117 1760 1150 Quando-

967 1162 1076 1197 quidem
1093 1162 1176 1196 igitur
1186 1169 1331 1188 commune
1345 1161 1503 1189 mandatum
1517 1166 1588 1193 erat,
1601 1163 1758 1189 communis

966 1215 1077 1243 quoque
1100 1207 1151 1234 fuit
1167 1208 1254 1235 victus
1272 1207 1362 1242 copia.
1382 1207 1577 1234 Verumtamen
1594 1208 1639 1235 alii
1661 1213 1757 1235 contra

965 1252 1084 1279 olIicium
1108 1259 1264 1279 crumenam
1295 1252 1462 1284 habuerunt,
1488 1252 1534 1280 alii
1559 1254 1688 1280 mandato
1709 1253 1758 1280 ad-

967 1299 1115 1326 haeserunt.
1138 1298 1228 1331 Quare
1253 1299 1375 1326 mandati
1401 1299 1545 1328 violatores
1564 1300 1645 1327 simul
1663 1308 1757 1336 repre-

966 1344 1069 1376 hendit,
1085 1349 1114 1372 et
1139 1344 1222 1372 simul
1249 1352 1301 1372 suo
1329 1353 1466 1380 quemque
1488 1347 1622 1380 permittit
1642 1348 1757 1375 arbitrio

965 1392 1042 1426 ferri,
1056 1393 1184 1428 nullaque
1197 1393 1222 1419 vi
1237 1393 1321 1427 cogit.
1341 1392 1429 1420 Simul
1443 1397 1545 1425 autem,
1563 1393 1585 1421 si
1603 1394 1641 1421 ita
1657 1395 1756 1429 placet,

966 1439 1117 1474 praedicens
1132 1439 1184 1466 illis
1199 1438 1318 1466 futuram
1333 1439 1454 1474 ipsorum
1471 1439 1589 1466 vitamzc
1599 1440 1652 1473 Qui
1664 1441 1755 1474 habet,

965 1485 1014 1518 ait,
1031 1493 1201 1517 crumenam,
1218 1490 1309 1513 sumat
1325 1486 1428 1521 pariter
1443 1491 1470 1513 et
1481 1494 1584 1521 peram.
1602 1497 1612 1513 ι
1630 1487 1697 1514 Nam
1709 1488 1756 1522 qui

967 1534 1046 1558 antea
1059 1531 1187 1566 deliquit,
1201 1531 1329 1558 mandato
1340 1535 1507 1566 contempto,
1525 1532 1548 1560 is
1563 1533 1631 1560 satis
1645 1538 1757 1568 porten-

966 1575 1007 1603 dit
1028 1576 1137 1611 qualem
1162 1581 1271 1611 postero
1292 1584 1403 1612 quoque
1428 1581 1549 1613 tempore
1571 1579 1597 1606 in
1621 1587 1651 1606 re
1674 1580 1756 1607 simili

966 1623 1086 1650 animum
1103 1627 1231 1658 gesturus
1254 1623 1299 1651 sit.
1317 1623 1420 1651 Contra
1442 1631 1549 1657 eorum,
1566 1626 1612 1660 qui
1630 1632 1756 1654 accurate

965 1675 1023 1694 rem
1049 1667 1209 1702 imperatam
1230 1667 1364 1702 fecerunt,
1389 1673 1519 1697 constans
1535 1669 1673 1705 ingenium
1694 1679 1756 1706 pro-

965 1713 1044 1745 bans,
1059 1721 1194 1741 summam
1209 1721 1319 1749 quoque
1331 1715 1527 1749 perfectionem
1542 1716 1568 1742 in
1584 1717 1679 1751 agonis
1694 1726 1757 1753 par-

965 1763 1018 1786 tem
1037 1759 1162 1794 largitur,
1174 1766 1277 1794 eosque
1292 1758 1325 1787 ad
1339 1760 1474 1794 religiosae
1494 1760 1556 1788 vitm
1572 1761 1677 1789 culmen
1696 1769 1756 1789 mo-

966 1804 1030 1831 nitis
1050 1805 1108 1832 suis
1127 1805 1264 1832 subvehit.

1001 1849 1045 1876 £3.
1066 1849 1248 1882 Quamobrem
1267 1849 1306 1876 ait
1317 1848 1425 1884 utrique
1436 1849 1535 1882 ordini,
1550 1849 1678 1885 bipartito
1695 1859 1755 1879 ser-

965 1903 1046 1922 mone
1065 1894 1164 1922 :Nunc
1189 1902 1250 1922 cum
1267 1895 1386 1922 maxime
1412 1895 1502 1929 passio
1530 1903 1588 1923 mea
1606 1898 1754 1931 appropin-

965 1945 1040 1975 quat,
1070 1940 1226 1974 bellumque
1251 1947 1381 1974 magnum
1398 1945 1493 1966 contra
1512 1947 1560 1967 vos
1578 1940 1753 1975 ingravescit,

965 1986 1114 2013 multorum
1132 1985 1250 2020 denique
1284 1985 1477 2012 revelabuntur
1497 1985 1687 2020 cogitationes.
1706 1987 1755 2014 Et-

964 2031 1038 2058 enim
1054 2031 1130 2063 illos,
1147 2038 1161 2057 a
1177 2029 1278 2065 quibus
1293 2030 1421 2064 superius
1437 2030 1607 2064 mandatum,
1620 2032 1683 2059 licet.
1698 2040 1752 2060 non

965 2077 1000 2105 ila
1010 2077 1137 2109 arduum,
1149 2077 1278 2104 violatum
1291 2076 1352 2109 fuit,
1364 2084 1422 2108 eos,
1436 2077 1559 2111 inquam,
1572 2082 1634 2112 post
1648 2086 1755 2106 crume-

964 2130 1028 2149 nam
1049 2126 1231 2156 consequetur
1253 2129 1324 2156 perae
1348 2129 1457 2156 quoque
1480 2122 1598 2156 adjectio
1623 2132 1631 2151 :
1657 2129 1753 2151 contra

963 2169 1013 2201 illi.
1029 2169 1132 2204 quibus
1147 2176 1220 2196 curae
1235 2168 1287 2196 l'uit
1300 2172 1330 2196 ut
1350 2168 1386 2195 ab
1411 2168 1596 2197 inobedientia
1613 2176 1751 2203 caverent,

120 2217 259 2252 νισμένων
274 2215 436 2250 ἐπιθήσουσι
448 2222 456 2230 ε
474 2213 597 2244 καὶτοὺς
614 2213 664 2248 μὲν
679 2213 728 2248 τῆς
755 2212 843 2248 ἄκρας
870 2220 914 2246 φι-

994 2215 1122 2242 ιιιοιιίιίειη
1136 2222 1244 2250 quoque
1255 2214 1380 2240 idoneam
1397 2213 1534 2248 prioribus
1547 2215 1653 2243 actibus
1666 2216 1753 2250 impo-

119 2261 263 2297 λοσοφίας,
282 2262 332 2289 καὶ
346 2261 390 2287 διὰ
404 2260 483 2287 τοῦτο
501 2260 549 2286 καὶ
564 2260 614 2294 τῆς
635 2259 769 2294 ἀκτησίας
796 2267 913 2291 κατενη-

119 2310 282 2346 νεγμένους,
300 2310 317 2344 ὴ
341 2308 395 2336 τῶν
411 2307 518 2335 πολλῶν
536 2307 656 2343 μέριμνα
686 2308 733 2334 καὶ
758 2307 775 2342 ἡ
803 2308 914 2341 φροντὶς

120 2356 280 2388 ὑποδέξεται
294 2363 302 2371 ⁸
315 2353 356 2386 οἷς
375 2355 445 2390 μετὰ
460 2354 508 2381 τοῦ
524 2353 668 2388 βαλαντὶου
684 2353 730 2379 καὶ
742 2353 759 2388 ή
771 2353 857 2388 πήρα,
867 2352 914 2379 καὶ

118 2403 170 2430 ὅσα
182 2402 217 2428 ἂν
229 2401 260 2428 τὸ
275 2401 470 2435 εὐπερίστατον
499 2400 633 2435 ἐπιτάττῃ
648 2399 695 2425 τοῦ
713 2399 782 2433 βίου,
804 2399 835 2425 οὑ
856 2399 914 2426 δια-

119 2448 207 2482 λείψει
222 2446 256 2473 δι’
269 2446 349 2481 ὖχλου
361 2445 494 2480 γινόμενα
506 2453 513 2461 '
529 2446 586 2476 τοίς
607 2445 636 2471 δέ
652 2453 684 2478 γε
705 2445 859 2480 τηρήσασιν
884 2445 914 2471 ἐν

120 2492 223 2528 σπουδῇ
238 2491 286 2518 καὶ
300 2491 391 2521 πόνοις
404 2490 435 2516 τὸ
451 2489 607 2524 ἀγώνισμα.
625 2489 702 2516 Ἐπεὶ
716 2489 806 2520 τοῦτο,
820 2489 912 2524 φησὶν.

120 2539 184 2573 ὑμῖν
195 2537 285 2573 ὀρθῶς
298 2545 327 2563 τε
350 2535 399 2562 καὶ
416 2535 554 2570 ἐπιμελῶς
581 2535 800 2570 διαπέπρακται,
817 2535 864 2561 καὶ
883 2535 913 2561 τὸ

118 2584 167 2618 τῆς
181 2581 377 2618 άκτημοσύνης
391 2579 472 2608 ἆλθον
487 2580 582 2614 ὥσπερ
598 2579 708 2615 ἀρραγῆ
726 2580 847 2614 κρηπῖδα
858 2579 913 2606 τῶν

122 2629 274 2665 μελλόντων
286 2627 399 2662 ἀγώνων
413 2626 542 2661 ἐπήξατε,
561 2626 685 2652 λείπεται
706 2625 736 2652 δὲ
756 2633 912 2660 παρεσκευ-

120 2677 256 2711 ασμένους
270 2675 311 2702 ἔτι
328 2675 428 2711 μᾶλλον
439 2674 487 2701 καὶ
509 2673 633 2708 ἑτοίμους
649 2673 721 2708 ὑμᾶς
738 2670 808 2699 εἶναι
825 2672 873 2699 νῦν
894 2672 910 2708 ἠ

121 2723 254 2759 πρότερον
268 2722 337 2756 πρὸς
362 2721 408 2748 τὸν
427 2721 497 2755 ὑπὲρ
528 2719 597 2755 ἐμοῦ
624 2719 757 2746 θάνατον·
783 2719 834 2754 ήδη
857 2720 911 2754 γὰρ

120 2769 197 2804 κάγὼ
207 2770 253 2796 τὸν
268 2768 339 2803 ὑπὲρ
347 2767 395 2794 τοῦ
406 2767 509 2801 κόσμου
524 2766 689 2801 ὑπέρχομαι.
707 2765 745 2792 Εὖ
763 2765 791 2792 δέ
805 2765 911 2792 ποιοῦν-

121 2824 164 2848 τες
172 2814 364 2851 προαπέθεσθε
374 2813 424 2849 μὲν
437 2812 526 2840 πάντα
533 2812 568 2838 τὰ
578 2811 627 2839 τοῦ
636 2811 694 2846 βίου
709 2819 716 2826 ·
730 2811 806 2838 οὐδὲν
816 2811 838 2837 δ’
847 2811 911 2845 ὑμῖν

120 2861 280 2897 ἐπισύρεται
296 2858 520 2894 τῶν-μεθέλκειν
536 2857 694 2892 δυναμένων
719 2856 774 2885 ἀπὸ
799 2856 847 2883 τοῦ
873 2856 910 2892 μὴ

964 2265 1039 2289 nent.
1055 2260 1124 2288 Hinc
1148 2267 1194 2287 eos
1211 2259 1257 2294 qui
1273 2267 1288 2286 a
1309 2259 1420 2286 sublimi
1439 2260 1611 2295 philosophia
1635 2261 1752 2296 ideoque

963 2307 1044 2335 etiam
1069 2314 1084 2333 a
1110 2306 1278 2341 paupertatis
1297 2305 1377 2332 laude
1401 2303 1572 2338 exciderunt,
1602 2305 1750 2333 multarum

963 2359 1053 2380 rerum
1067 2351 1220 2379 sollicitudo
1231 2356 1259 2378 et
1272 2359 1339 2378 cura
1352 2351 1470 2386 excipiet
1485 2359 1491 2377 :
1503 2352 1668 2386 eosdemque
1683 2359 1751 2387 pra:-

964 2403 1005 2425 ter
1028 2405 1188 2425 crumenam
1208 2401 1235 2424 et
1252 2405 1356 2432 peram,
1373 2401 1470 2424 ctclera
1489 2397 1583 2431 etiam,
1606 2405 1667 2432 qua:
1689 2399 1751 2426 vitae

963 2444 1069 2471 lautitia
1095 2443 1191 2478 exigit,
1217 2443 1356 2470 turmatim
1387 2443 1602 2471 circumsistent.
1627 2444 1661 2471 At
1687 2451 1751 2472 vero

963 2489 1016 2516 illis
1026 2489 1072 2524 qui
1088 2489 1182 2516 sedqu
1197 2493 1225 2516 et
1237 2488 1346 2517 fortiter
1359 2490 1385 2516 in
1407 2489 1548 2524 proposito
1564 2497 1646 2524 opere
1660 2499 1752 2525 perse-

962 2539 1134 2567 veravernnt,
1148 2535 1279 2570 quoniam
1292 2535 1355 2567 hoc,
1367 2535 1465 2570 inquit,
1482 2539 1555 2562 recte
1567 2540 1594 2563 et
1608 2536 1752 2571 diligenter

961 2589 976 2608 a
992 2581 1070 2608 vobis
1091 2587 1230 2615 peractum
1244 2585 1381 2608 certamen
1403 2585 1455 2612 est,
1479 2588 1510 2608 ac
1530 2582 1697 2616 paupertatis
1712 2582 1752 2610 la-

962 2626 1056 2653 borem
1084 2633 1133 2653 ceu
1157 2625 1322 2653 immobilem
1347 2625 1501 2652 futurorum
1516 2633 1634 2661 agonum
1647 2626 1752 2654 colum-

961 2679 1025 2699 nam
1036 2672 1229 2703 constituistis,
1244 2675 1369 2706 superest
1384 2675 1414 2698 ut
1439 2679 1513 2699 nunc
1530 2673 1653 2707 apprime
1669 2673 1750 2700 morti

961 2725 1010 2752 pro
1027 2725 1071 2744 me
1084 2717 1214 2744 obeundae
1235 2717 1322 2751 parati
1339 2716 1399 2744 sitis
1421 2726 1428 2744 :
1448 2725 1510 2744 nam
1531 2723 1557 2745 et
1581 2725 1630 2752 ego
1657 2725 1751 2745 necem

961 2770 1010 2798 pro
1027 2763 1129 2790 mundo
1154 2769 1218 2789 mox
1235 2762 1376 2790 subiturus
1391 2770 1462 2790 sum.
1490 2762 1563 2790 Bene
1584 2768 1674 2790 autem
1697 2767 1750 2796 est,

961 2810 1033 2845 quod
1057 2813 1136 2836 antea
1167 2808 1306 2836 mundana
1326 2809 1418 2836 omnia
1444 2808 1582 2843 abjecistis
1603 2816 1610 2835 :
1632 2808 1700 2836 nihil
1723 2814 1752 2836 ut

961 2864 1010 2884 vos
1024 2855 1139 2891 pelliciat
1163 2861 1270 2888 eorum,
1285 2862 1345 2890 quae
1369 2854 1499 2890 impedire
1512 2858 1633 2890 pOssent,
1645 2854 1753 2889 quomi-
