1881 3077
135 196 188 216 nus
204 188 351 217 laetabundi
368 188 400 216 ad
416 196 551 217 summam
573 188 612 217 rei
631 188 758 220 veniatis,
781 196 881 221 nempe
897 188 931 215 ad

133 235 236 262 caedem
249 235 300 261 mei
317 242 401 262 causa
412 234 580 270 patiendam.
599 235 719 262 Pronum
736 234 833 269 oppido
851 233 928 262 vobis

134 280 186 308 erit
197 280 333 308 alacribus
346 280 415 313 ﬁeri,
431 285 513 315 atque
527 285 680 308 extremum
699 281 851 308 amiculum
871 284 928 307 tra-

134 325 210 358 dere,
231 329 258 352 et
273 325 326 352 mei
343 326 430 360 gratia
447 331 564 353 mortem
588 334 651 354 cum
673 325 729 353 vita
745 330 926 353 commutare.

134 371 163 399 Id
191 371 263 398 enim
290 372 515 400 commodissime
539 372 662 399 omnium
692 372 823 408 praedicta
845 373 928 399 verba

134 415 301 451 signiﬁcant,
318 424 479 448 crumenam
496 424 557 444 non.
567 417 675 448 habere,
691 416 846 453 vestimenti
863 423 927 443 ven-

133 464 210 496 ditio,
238 463 344 498 gladius
361 473 367 490 :
383 464 466 491 veluti
484 472 518 491 ne
542 464 695 491 novissimo
722 463 832 498 quidem
858 463 928 490 ami-

134 510 196 538 culo
211 509 348 544 perfectus
364 511 532 544 paupertatis
549 510 654 537 asseela
667 517 802 544 parsurus
817 509 864 540 sit,
878 516 927 536 ve--

133 562 194 582 rum
211 555 275 581 illud
291 563 400 590 quoque
415 563 554 587 cessurus,
569 555 634 582 dum
650 555 775 590 expedite
791 555 877 582 currit
894 554 926 582 ad

134 601 262 635 gladium.
277 599 346 628 Hinc
359 608 412 628 non
431 603 468 628 ait
484 602 577 628 vendat
592 606 638 629 attt
651 605 742 633 emat;
765 601 812 628 sed
834 600 927 627 vendet

133 651 160 674 et
173 651 239 673 emet
254 655 263 674 :
279 647 486 682 quibunverbis
511 656 599 683 neque
612 648 698 682 legem
715 655 803 682 neque
820 647 927 681 jussum

133 693 244 725 statuit;
261 697 287 720 et
305 698 396 720 tamen
413 701 469 720 rem
485 693 606 720 futuram
622 697 685 720 ante
701 693 854 719 denuntiat.
873 692 929 719 Sei-

134 738 196 766 licet
208 738 280 765 haud
300 739 414 771 mando,
430 739 528 774 inquit.
551 744 582 766 nt
608 740 665 766 hate
683 739 760 770 liant.
778 740 824 766 sed
843 739 926 766 futuri

133 784 265 819 praescius
290 790 352 812 ante
372 784 461 816 edico,
481 785 540 812 fore
554 789 585 812 ut
600 785 727 820 praecepti
748 785 873 812 custodia
894 785 927 812 ad

133 836 286 858 extremum
312 839 422 866 quoque
449 836 476 859 et
504 832 611 867 insigne
632 832 739 859 facinus
755 832 826 859 viam
848 831 926 859 vobis

133 877 259 904 muniat:
275 877 319 904 illa
334 878 405 904 enim
423 878 548 905 suadebit
562 878 650 910 vobis,
670 883 700 905 ut
712 886 804 905 necem
817 885 926 913 quoque

133 921 186 948 mei
204 929 286 948 causa
300 922 415 950 libenter
427 923 502 949 adire
514 923 616 956 velitis,
636 923 710 950 omni
723 931 790 950 cura
801 923 924 950 satculari

132 967 246 1001 vacetis,
265 968 332 995 nihil
346 969 490 1003 corporale
501 970 658 1002 sectemini,
673 974 772 997 cuncta
787 969 819 995 ad
835 977 924 996 meum

133 1013 294 1040 famulatum
311 1014 448 1042 referatis.
473 1015 550 1047 Quod
579 1021 670 1042 autent
690 1015 762 1042 haud
788 1015 858 1042 alius
887 1014 925 1042 rei

133 1059 220 1094 gratia
235 1060 339 1094 gladios
367 1066 498 1088 memoret
521 1068 622 1088 arcano
643 1061 803 1089 Dominicus
822 1068 925 1094 sermo,

130 1105 236 1140 jamdiu
263 1106 400 1140 parabolis
419 1107 455 1134 uti
484 1107 591 1140 solitus,
619 1107 672 1135 nisi
698 1112 728 1134 ut
747 1115 796 1135 eos
812 1115 868 1135 suae
893 1115 927 1139 ac

133 1151 328 1185 discipulorum
346 1152 484 1187 passionis
500 1153 656 1188 symbolum
672 1153 766 1187 facint,
781 1153 926 1181 manifeste

132 1197 260 1224 enucleat
281 1199 308 1225 in
332 1198 577 1234 subsequentibus.
595 1200 663 1228 Cum
677 1200 749 1227 enim
766 1200 924 1235 respondis-

133 1248 195 1270 sent
212 1244 339 1279 discipuli
357 1249 457 1280 praasto
471 1253 534 1274 esse
550 1245 654 1282 gladios
671 1245 752 1277 duos.
771 1247 838 1274 nihil
854 1254 925 1282 praes

133 1294 205 1317 terea
220 1291 254 1317 ab
266 1291 300 1318 iis
318 1291 477 1326 exquisivit.
494 1296 559 1327 puta
574 1292 616 1319 vel
629 1296 667 1327 ,ut
681 1297 782 1320 vestem
796 1293 925 1320 divende-

132 1336 254 1368 rent,ve|
272 1344 305 1363 an
322 1337 351 1369 ii,
364 1337 465 1372 quibus
477 1343 698 1371 essetcrumena,
713 1347 805 1374 peram
817 1347 927 1375 quoque

134 1382 328 1415 sumpsissent,
343 1391 431 1418 neque
457 1385 490 1410 ad
514 1385 581 1411 alias
602 1393 649 1412 eos
672 1386 811 1413 transtulit
828 1386 927 1421 cogita-

134 1427 240 1463 tiones;
265 1430 311 1458 sed
339 1440 347 1457 ι
367 1431 440 1459 Satis
463 1438 515 1465 est,
545 1442 554 1459 ι
581 1433 618 1460 ait
636 1442 642 1460 :
662 1433 766 1461 scilicet
782 1434 868 1469 signis
883 1442 927 1462 res

135 1482 196 1510 qua:
210 1477 381 1511 portenditur
393 1478 600 1514 circumscripta
613 1484 672 1511 est;
688 1486 770 1515 atque
781 1481 837 1508 haec
851 1488 928 1508 asse-

134 1523 244 1557 quendo
260 1531 345 1558 scopo
361 1525 509 1552 sufﬁciunt.
536 1525 635 1553 Totum
660 1527 761 1562 quippe
788 1528 926 1560 negotium

135 1568 218 1603 gladii
240 1570 294 1598 duo
308 1571 397 1598 oculis
409 1571 569 1606 subjiciunt,
587 1573 693 1608 etquid
709 1573 760 1600 sibi
773 1573 836 1600 vclil
855 1581 927 1608 sym—

133 1615 226 1642 bolum
244 1616 424 1651 patefaciunt.
451 1617 527 1645 Alter
553 1619 625 1646 enim
651 1619 756 1653 gladius
781 1618 929 1646 Domit-ica:

134 1660 270 1694 paSsionis
296 1661 386 1695 imago
409 1667 478 1694 erat,
505 1663 574 1690 alter
589 1663 729 1696 Evangelii
745 1664 926 1697 genuinornm

133 1709 161 1733 et
177 1706 236 1733 sine
248 1705 310 1733 fneo
327 1707 537 1742 discipulorum,
552 1709 599 1743 qui
612 1710 720 1736 cunctis
736 1709 806 1736 infra
820 1710 927 1737 Domini

134 1750 297 1778 eharitatem
316 1751 423 1784 locatis,
442 1753 623 1780 novissimum
645 1761 755 1788 quoque
779 1754 927 1782 amiculum

136 1801 252 1829 exuunt,
282 1801 364 1832 atque
381 1797 456 1825 omni
478 1798 600 1825 terrestri
624 1806 663 1830 re,
684 1799 740 1826 imo
755 1804 782 1827 et
805 1801 862 1835 ipsa
879 1808 928 1828 na-

134 1848 206 1876 tura,
219 1844 325 1876 nudati.
350 1844 432 1871 simul
448 1852 480 1872 ac
501 1845 611 1872 occasio
636 1845 753 1874 athletas
769 1852 875 1880 evocat,
893 1846 927 1874 ad

136 1897 230 1917 necem
248 1898 298 1926 pro
314 1889 416 1918 dilecto
431 1895 545 1918 ovantes
561 1892 718 1919 convolaut.

170 2017 214 2044 M.
231 2017 320 2052 Atque
334 2017 372 2044 ita
386 2018 444 2045 haec
459 2018 541 2045 etiam
558 2026 618 2053 quae
629 2019 656 2046 in
674 2020 800 2047 manibus
815 2024 858 2048 est
870 2021 928 2049 dis-

133 2063 239 2099 putatio
262 2063 470 2090 consonantiam
488 2063 624 2090 dictorum
649 2064 832 2097 demonstrat,
856 2066 926 2094 haud

132 2107 259 2143 equidem
267 2113 446 2141 personarum
456 2107 618 2140 diﬂ'erentia,
630 2115 711 2142 quam
725 2109 826 2137 divina:
835 2109 928 2144 Serip-

133 2151 203 2180 (urze
221 2153 322 2180 locutio
351 2153 396 2180 hie
413 2161 467 2180 non
483 2153 598 2188 patitur,
624 2155 671 2182 sed
691 2156 926 2190 consequentibus

134 2198 224 2231 factis,
241 2202 268 2225 et
280 2198 469 2233 progrediente
485 2199 621 2227 sermonis
635 2200 731 2227 ordine
746 2201 924 2236 symbolicam

135 2244 280 2271 verborum
306 2243 533 2279 significationem
555 2245 691 2279 aperiens.
716 2245 843 2274 Profecto
864 2247 927 2275 licet

135 2297 189 2317 non
203 2290 292 2318 solum
317 2290 452 2326 pnedictis
476 2290 566 2318 modis
588 2291 809 2320 sumulamentum
832 2301 929 2328 pugna:

133 2344 308 2372 cognoscere,
323 2337 370 2363 sed
385 2336 446 2363 aliis
459 2337 541 2364 etiam
555 2337 640 2364 multo
656 2337 701 2370 iis,
714 2339 762 2372 qui
776 2339 839 2366 dicti
854 2344 927 2373 sunt,

132 2383 268 2417 pluribus.
281 2390 401 2417 quorum
417 2382 554 2417 expositio
572 2387 655 2418 atque
677 2385 830 2419 pereensio,
846 2394 930 2421 pecu~

131 2429 209 2456 liaris
230 2429 385 2464 cujusdam,
410 2437 464 2456 non
493 2430 646 2464 praesentis,
674 2432 846 2459 tractationis
873 2439 925 2460 est.

131 2473 203 2501 Nihil
220 2479 312 2501 tamen
335 2475 568 2510 vetatquominns
582 2475 687 2509 aliquot
698 2477 925 2512 perstringamus,

131 2521 179 2556 qui
192 2521 274 2548 etiam
292 2521 431 2549 nonnullis
447 2521 508 2548 aliis
520 2520 739 2549 dubitationibus
754 2524 818 2555 tuis,
830 2525 852 2550 si
864 2525 926 2559 quis

131 2576 188 2596 rem
207 2573 296 2596 tecum
316 2568 513 2602 considerabit,
532 2569 740 2604 responsionem
767 2572 927 2606 suppedita-

128 2614 211 2647 bunt.
223 2614 293 2641 Nam
310 2615 393 2642 multa
410 2622 517 2647 eorum.
538 2622 600 2650 quae
620 2616 732 2643 ntinime
746 2617 816 2645 inter
827 2626 857 2646 se
872 2626 922 2653 pu-

130 2664 224 2695 gnant,
239 2660 262 2687 si
283 2661 382 2695 partim
399 2660 551 2688 secundum
576 2663 759 2689 (economiam
784 2663 920 2697 dicantur,

130 2705 227 2740 partim
244 2706 393 2734 secundum
405 2709 510 2733 natura:
522 2706 659 2739 ordinem,
675 2712 759 2743 tuque
771 2716 803 2736 ea
813 2710 924 2738 minime

130 2751 282 2784 discemus,
292 2751 519 2779 contradictionis
529 2751 623 2780 fucum
634 2752 744 2781 facient.
757 2753 924 2783 (Economia

716 131 848 163 puorn
862 131 1117 162 PATRIARCHJE
1135 114 1191 162 cr."

946 189 968 217 Α
982 187 1127 222 χαίροντας
1143 186 1230 213 ἐλθεῖν
1256 187 1302 214 ἐπὶ
1315 187 1345 215 τὸ
1356 188 1467 216 πάντων
1479 190 1628 225 κεφάλαιον
1641 192 1691 228 τὴν
1705 193 1775 229 ὑπὲρ

980 232 1047 267 ἐμοῦ
1066 233 1175 268 σφαγήν
1187 240 1193 246 ·
1210 232 1305 268 ἕψεται
1315 234 1425 266 πάντως
1435 235 1499 270 ὑμῖν
1513 237 1673 273 προθύμους
1690 237 1775 270 εἶναι,

979 279 1028 304 καὶ
1048 277 1080 305 τὸ
1094 278 1206 313 ἔσχατον
1219 279 1367 306 ἀποδοῦναι
1382 282 1567 316 περιϐόλαιον,
1589 284 1637 310 καὶ
1655 284 1775 317 ἀλλάξα-

980 323 1041 350 σθαι
1057 323 1107 359 τῆς
1120 323 1194 359 ζωῆς
1207 324 1254 350 τὸν
1268 325 1339 360 ὑπὲρ
1354 326 1421 361 ἐμοῦ
1452 326 1579 356 θάνατον.
1608 329 1694 356 Τοῦτο
1720 332 1776 366 γὰρ

980 369 1108 404 σημαίνοι
1127 369 1161 397 ἂν
1177 370 1232 397 τῶν
1253 371 1408 406 εἰρημένων
1436 373 1544 401 πάντων
1573 374 1777 411 εὐστοχώτερον

978 414 1009 440 τὸ
1033 414 1174 449 βαλάντιον
1193 415 1232 450 μὴ
1247 415 1330 451 ἔχειν,
1347 417 1395 444 καὶ
1421 418 1437 453 ἡ
1455 418 1502 445 τοῦ
1525 419 1635 454 ἱματίου
1661 422 1775 457 πρᾶσις,

979 460 1027 486 καὶ
1041 460 1059 494 ὴ
1076 460 1197 494 μάχαιρα
1212 468 1218 475 ·
1234 460 1336 487 ὡσανεὶ
1352 461 1419 488 ὅταν
1435 471 1489 498 περ
1502 464 1563 490 οὐδὲ
1584 464 1632 491 τοῦ
1656 466 1774 500 ἐσχάτου

979 506 1155 541 περιϐολαίου
1186 507 1201 533 ὁ
1219 506 1269 542 τὴν
1291 508 1341 542 τῆς
1371 508 1565 545 ἀκτημοσὺνης
1589 511 1773 546 τελεσάμενος

980 553 1114 588 φείσεται,
1130 553 1198 581 ἀλλὰ
1213 556 1325 581 κακεῖνο
1342 555 1425 582 δώσει
1440 557 1539 591 χωρῶν
1558 558 1688 593 εὐθύμως
1703 560 1774 594 πρὸς

980 600 1127 635 μάχαιραν,
1141 600 1186 626 Διὸ
1202 602 1232 627 οὐ
1260 603 1438 635 πωλησάτω,
1463 603 1557 637 φησὶν,
1572 604 1632 631 οὐδὲ
1663 605 1775 640 ἀγορα-

979 645 1072 679 σάτω,
1087 646 1154 672 ἀλλὰ
1171 647 1308 680 πωλήσει
1324 648 1370 674 καὶ
1395 648 1538 682 ἀγοράσει
1554 657 1560 664 ·
1587 649 1646 685 ἅμα
1665 651 1716 685 μὲν
1742 653 1774 679 οὗ

979 692 1071 727 νόμον,
1087 691 1142 718 οὐδ’
1158 692 1299 726 ἐπίταγμα
1323 693 1357 719 τὰ
1373 693 1486 727 ῥήματα
1500 694 1595 726 ποιῶν,
1609 694 1668 728 ἅμα
1682 695 1711 722 δέ
1727 696 1777 722 καὶ

979 737 1010 764 τὸ
1029 737 1126 772 μέλλον
1141 737 1338 772 προαγορεύων
1351 746 1358 753 -
1371 736 1437 770 οἷον,
1451 738 1508 765 Οὐκ
1525 739 1675 771 ἐπιτάσσω,
1690 741 1772 775 φησὶ,

979 783 1059 810 τοῦτο
1073 783 1210 816 γένεσθαι,
1226 783 1283 809 ἀλλ’
1296 782 1373 814 εἰδὼς
1389 783 1419 810 τὸ
1433 784 1616 819 γενησόμενον
1631 785 1772 820 προλέγω,

979 830 1016 861 ὡς
1028 830 1045 865 ή
1062 829 1112 864 τῆς
1129 829 1240 863 ἐντολῆς
1255 828 1364 864 φυλακὴ
1386 830 1433 856 καὶ
1460 830 1490 856 τὺ
1507 830 1620 865 ἔσχατόν
1648 840 1700 858 που
1727 833 1776 858 καὶ

942 867 962 893 Β
979 875 1051 911 μέγα
1067 875 1131 910 ὑμῖν
1152 875 1360 911 προὺπογράφει
1378 876 1544 911 κατόρθωμα
1562 884 1570 892 ·
1598 877 1690 913 ἐκείνη
1719 878 1776 914 γὰρ

977 923 1067 948 πείσει
1092 921 1195 949 καὶτὸν
1209 921 1281 962 ὐπέρ
1307 921 1376 957 ἐμοῦ
1402 922 1517 949 θάνατον
1542 922 1630 958 ἡδέως
1654 923 1775 956 ἑλέσθαι,

975 967 1006 994 τὸ
1024 968 1114 1003 πάσης
1134 968 1205 1002 ὑμᾶς
1223 967 1352 1002 βιωτικῆς
1367 968 1524 1000 ἐλευθέρους
1541 966 1611 995 εἶναι
1625 970 1777 1005 μερίμνης,

978 1013 1046 1048 πρὸς
1061 1013 1092 1040 τὸ
1117 1013 1199 1048 μηδὲν
1218 1013 1431 1049 ἐπιστρέφεσθαι
1462 1013 1516 1039 τῶν
1544 1014 1719 1048 σωματικῶν,
1745 1015 1777 1040 τὺ

976 1059 1066 1086 πάντα
1076 1059 1144 1094 πρὸς
1158 1059 1208 1095 τὴν
1222 1059 1291 1095 ἐμὴν
1303 1059 1448 1095 ἀναφέρειν
1464 1058 1621 1094 θεραπείαν.
1634 1060 1696 1087 ὀτι
1705 1059 1734 1086 δὲ
1743 1062 1775 1087 οὐ

978 1105 1077 1139 μᾶλλον
1086 1104 1179 1140 ἑτέρου
1192 1104 1264 1137 τινὸς
1283 1104 1362 1140 χάριν
1377 1104 1426 1136 τὰς
1441 1104 1579 1140 μαχαίρας
1594 1105 1650 1132 ὀτὰ
1665 1105 1712 1132 ἀπ’
1723 1106 1776 1141 ἁρ-

976 1152 1027 1187 χῆς
1044 1151 1225 1187 προϐλήματα
1233 1151 1420 1186 φθεγγόμενος
1436 1152 1660 1186 αὶνιγματίξεται
1682 1152 1774 1186 λόγος,

976 1197 993 1233 ἢ
1011 1197 1145 1232 σύμϐολον
1161 1197 1246 1229 αὑτὰς
1255 1198 1441 1233 πεποιημένος
1457 1197 1504 1224 τοῦ
1517 1207 1546 1224 τε.
1554 1198 1655 1225 οἰκείου
1670 1198 1776 1231 πάθους

976 1243 1024 1270 καὶ
1040 1243 1093 1269 τῶν
1111 1242 1252 1278 μαθητῶν,
1270 1242 1364 1278 σαφῶς
1378 1243 1649 1275 ἁναπτύσσεταιτοῖς
1662 1244 1774 1279 ἐφεξῆς.

982 1289 1223 1324 Ἀποκριναμένων
1242 1289 1297 1325 γὰρ
1306 1289 1359 1315 τῶν
1377 1289 1508 1324 μαθητῶν
1523 1289 1561 1322 ὡς
1576 1289 1711 1325 μάχαιραι
1726 1291 1775 1316 δύο

978 1336 1059 1368 εἰσὶν,
1076 1334 1133 1362 οὗθ’
1151 1335 1247 1370 ἕτερόν
1257 1344 1284 1361 τι
1315 1334 1512 1370 προσαπῄτησε
1525 1335 1591 1371 παρ’
1605 1335 1702 1366 αὐτῶν,
1719 1333 1777 1362 οἷον

979 1381 1089 1416 ἱμάτιον
1107 1381 1242 1415 πωλῆσαι,
1258 1381 1274 1417 ἦ
1288 1382 1343 1413 τοῖς
1352 1381 1443 1416 ἔχουσι
1454 1381 1484 1407 τὺ
1494 1381 1646 1415 βαλάντιον,
1660 1382 1684 1408 εί
1697 1382 1745 1408 καὶ
1757 1382 1776 1417 ἡ

978 1427 1055 1462 πήρα
1070 1426 1282 1463 προσείληπται,
1302 1426 1364 1453 οὒτε
1382 1427 1451 1463 πρὸς
1470 1427 1555 1462 ἄλλην
1570 1427 1691 1454 διάνοιαν
1709 1436 1776 1462 μετ-

978 1473 1115 1504 εὸίϐασεν,
1131 1473 1188 1500 ἀλλ’
1212 1473 1316 1500 Ἱκανόν
1331 1474 1400 1505 ἐστι,
1430 1473 1516 1509 φησίν
1529 1482 1537 1489 υ
1551 1473 1612 1500 ἀντὶ
1632 1472 1680 1500 τοῦ
1695 1481 1778 1509 περι-

981 1519 1090 1554 εγράφη
1108 1520 1165 1550 τοῖς
1179 1527 1209 1545 συ
1214 1519 1324 1553 μὸόλοις
1335 1519 1365 1546 τι
1376 1519 1610 1554 μηνυόμενον,καὶ
1619 1519 1777 1554 ἀρκούντως

980 1565 1036 1601 ἔχει
1050 1565 1227 1600 παραστῆσαι
1240 1565 1328 1593 ταῦτα
1340 1566 1385 1592 τὸν
1401 1565 1514 1592 σκοπόν.
1532 1565 1566 1592 Al
1589 1565 1644 1601 γὰρ
1659 1565 1707 1592 δύο
1721 1566 1774 1601 μά-

979 1619 1073 1647 χαιραι
1087 1611 1135 1646 τὴν
1155 1611 1251 1646 χρείαν
1264 1611 1331 1647 ὅλην
1347 1612 1548 1647 ὑπογράφουσι,
1564 1610 1611 1638 καὶ
1639 1611 1687 1638 τοῦ
1704 1620 1776 1647 συμ-

979 1657 1058 1683 ϐόλου
1072 1657 1102 1684 τὸ
1123 1657 1247 1692 βούλημα
1261 1657 1450 1692 διαγγέλλουσι
1464 1665 1472 1673 ·
1493 1658 1541 1684 καὶ
1556 1658 1610 1692 γὰρ
1640 1658 1743 1685 τούτων
1759 1659 1777 1695 ἠ

980 1704 1030 1735 μὲν
1045 1703 1205 1739 παραΰολὴν
1222 1704 1315 1738 ἐπεῖχε
1331 1703 1378 1730 τοῦ
1394 1703 1556 1730 δεσποτικοῦ
1582 1704 1697 1736 πάθους,
1715 1705 1732 1740 ἡ
1744 1705 1774 1731 δὲ

978 1748 1033 1776 τῶν
1055 1749 1175 1784 γνησίων
1194 1758 1224 1776 τε
1238 1750 1285 1776 κα)⁵
1300 1749 1337 1782 ὡς
1353 1749 1463 1785 ἀληθῶς
1476 1749 1523 1777 τοῦ
1545 1750 1625 1784 λόγου
1644 1750 1776 1786 μαθητῶν

978 1793 1019 1827 οἷς
1034 1795 1142 1823 ἅπαντα
1153 1795 1202 1830 τῆς
1210 1796 1249 1827 είς
1261 1795 1292 1821 τὸ
1302 1795 1441 1830 Δεσπότην
1448 1795 1554 1827 εὐνοίας
1563 1795 1776 1831 ἁλλασσομένοις

979 1842 1026 1869 καὶ
1039 1841 1372 1878 αὑτὴπροσαποδεὺεταιὴ
1388 1842 1532 1869 τελευταία
1552 1842 1682 1878 περιϐολή
1697 1850 1704 1858 ·
1725 1851 1776 1877 γυ-

981 1889 1044 1924 μνοὶ
1057 1888 1088 1915 δέ
1101 1889 1157 1915 τῶν
1174 1889 1332 1923 περιγείων,
1348 1888 1417 1915 ἀλλὰ
1434 1888 1481 1915 καὶ
1493 1889 1578 1924 αὐτῆς
1591 1889 1639 1924 τῆς
1656 1888 1775 1923 φύσεως,

978 1934 1120 1970 χαίροντες
1134 1934 1253 1970 ἔδραμον
1270 1935 1337 1969 πρὸς
1360 1933 1420 1968 τὴν,
1432 1934 1496 1960 ὅταν
1525 1934 1539 1960 ὁ
1561 1933 1655 1970 καιρὸς
1681 1933 1776 1961 ἐκάλει

977 1980 1041 2010 τοὺς
1061 1979 1190 2014 ἀθλητὰς,
1207 1979 1278 2014 ὑπὲρ
1293 1979 1340 2006 τοῦ
1364 1978 1532 2013 ποθουμένου
1550 1980 1667 2013 σφαγήν.

1015 2024 1055 2051 ιδ’.
1077 2025 1159 2052 Ἀλλὰ
1174 2025 1306 2059 τοιαύτην
1323 2024 1373 2060 μὲν
1388 2025 1435 2051 καὶ
1448 2024 1465 2060 ἡ
1483 2023 1531 2051 νῦν
1542 2025 1595 2051 τῶν
1610 2024 1701 2060 ῥητῶν
1725 2023 1775 2059 τὴν

978 2069 1139 2104 συμφωνίαν
1153 2070 1284 2096 δεικνῦσα
1297 2069 1409 2105 θεωρία,
1425 2071 1458 2106 τῇ
1469 2070 1519 2105 μὲν
1537 2070 1592 2097 τῶν
1619 2070 1776 2105 προσώπων

977 2116 1007 2142 οὺ
1036 2117 1198 2151 χρησαμένη
1210 2116 1339 2152 διαφορᾷ,
1354 2117 1395 2142 ὅτι
1411 2116 1473 2150 μηδ’
1484 2116 1620 2151 ἐπέτρεπε
1634 2115 1714 2143 τοῦτο
1724 2118 1776 2151 τῆς

979 2162 1054 2196 ἱερᾶς
1070 2161 1181 2197 Γραφῆ;
1192 2163 1208 2197 ἡ
1221 2161 1310 2198 φωνὴ,
1338 2162 1384 2189 ὑπ’
1398 2162 1487 2190 αὐτῶν
1507 2162 1535 2188 δὲ
1546 2162 1600 2188 τῶν
1625 2162 1776 2198 ἐκϐεϐηκό-

977 2215 1031 2233 των
1051 2207 1222 2242 πραγμάτων
1240 2207 1288 2234 καὶ
1312 2208 1363 2242 τῆς
1390 2207 1451 2234 καθ’
1464 2207 1561 2243 εἱρμὸν
1584 2208 1698 2243 προόδου
1725 2208 1774 2234 τοῦ

978 2253 1058 2287 λόγου
1077 2254 1128 2288 τὴν
1139 2253 1306 2290 συμϐολικὴν
1319 2253 1374 2280 τῶν
1395 2255 1527 2290 ῥημάτων
1543 2254 1682 2289 σημασίαν
1706 2256 1775 2282 ἁνα-

941 1548 963 1577 C

982 2299 1154 2327 πτύσσουσα.
1172 2299 1251 2326 Ἔστι
1275 2300 1324 2335 μὲν
1343 2297 1401 2333 οὖν,
1427 2300 1500 2326 ἐστιν
1515 2300 1545 2326 οὐ
1559 2300 1630 2326 κατὰ
1646 2301 1709 2332 τοὺς
1737 2301 1775 2326 εί-

978 2345 1114 2380 ρημὲνους
1132 2345 1213 2380 μόνον
1228 2346 1350 2381 τρόπους
1371 2346 1421 2381 τὴν
1437 2347 1589 2380 φαντασίαν
1602 2345 1654 2381 τῆς
1681 2346 1773 2382 μάχης

977 2390 1142 2417 ἀπαντῶσαν
1156 2391 1262 2423 λαὸετν,
1281 2391 1350 2418 ἀλλὰ
1366 2391 1415 2419 καὶ
1429 2393 1490 2418 κατ’
1503 2391 1602 2424 ἄλλους
1618 2391 1708 2427 πολλῷ
1718 2391 1774 2418 τῶν

976 2437 1130 2472 είρημένων
1144 2437 1281 2470 πλείονας,
1307 2435 1374 2473 ὧνή
1393 2438 1564 2474 στοιχείωσις
1591 2438 1639 2465 καὶ
1671 2446 1774 2472 συγκεο

977 2484 1130 2516 φαλαίωσις
1145 2483 1312 2520 ίδιαζούσης,
1336 2484 1394 2511 ἀλλ’
1409 2484 1471 2519 οὐχὶ
1492 2484 1543 2520 τῆς
1558 2484 1606 2511 νῦν
1617 2485 1692 2511 ἐστιν
1705 2485 1773 2511 ὐπο-

977 2529 1087 2562 Θέσεως.
1104 2530 1178 2566 Πλὴν
1190 2531 1268 2558 οὐδὲν
1288 2531 1388 2558 κωλύει
1414 2531 1461 2558 καί
1488 2539 1565 2563 τινας
1584 2531 1674 2558 αὐτῶν
1702 2531 1772 2558 διελ-

977 2575 1045 2608 θεῖν,
1063 2576 1088 2602 οἳ
1101 2577 1148 2603 καὶ
1167 2577 1235 2613 προς
1255 2577 1324 2604 ἄλλα
1339 2577 1402 2604 τινὰ
1416 2577 1472 2604 τῶν
1498 2577 1554 2604 σῶν
1585 2577 1773 2613 ἁπορημάτων

975 2622 1033 2653 τοῖς
1052 2622 1283 2650 συνεπισκοποῠσι
1300 2623 1383 2659 πόρον
1399 2623 1575 2659 παρέχονται.
1605 2623 1695 2650 Πολλὰ
1723 2624 1774 2658 μὲν

977 2667 1032 2702 γὰρ
1044 2667 1099 2694 τῶν
1113 2668 1144 2694 οὐ
1163 2669 1335 2704 μαχομένων,
1348 2668 1382 2696 ἂν
1394 2669 1425 2696 τὸ
1439 2670 1489 2704 μὲν
1501 2670 1642 2706 οἰκονομία
1653 2670 1732 2707 λέγῃ,
1742 2670 1774 2697 τὸ

977 2713 1007 2740 δέ
1023 2713 1072 2748 τῆς
1092 2713 1199 2748 φύσεως
1218 2715 1249 2741 τὸ
1262 2715 1424 2747 ἀκόλουθον.
1440 2717 1472 2743 σὺ
1489 2716 1518 2744 δὲ
1550 2716 1588 2752 μὴ
1606 2716 1773 2754 διαστείλῃς,

979 2758 1084 2794 πλάνην
1099 2761 1173 2786 ποιεῖ
1200 2760 1365 2792 ἀντιθέσεως
1389 2761 1531 2798 οίκονομία
1546 2763 1602 2797 {10)
1631 2761 1658 2789 δὲ
1672 2762 1775 2802 λέγοιτ’

894 2802 1012 2831 NOTAE.

166 2843 223 2881 μθ)
239 2844 276 2873 De
292 2845 344 2873 hoc
355 2852 435 2874 sacro
452 2846 584 2874 vocabulo
604 2845 708 2874 inultus
729 2851 770 2874 est
797 2846 930 2876 Suicerus

950 2849 978 2876 in
995 2849 1138 2882 Thesauro,
1152 2858 1233 2886 quem
1250 2859 1314 2879 eum
1330 2851 1420 2880 fructu
1433 2853 1532 2881 adibis.
