1881 3077
113 121 154 152 65

677 122 726 152 ΑΙ)
738 120 1035 151 AMPHILOCHIUM
1049 121 1220 157 QUIESTIO
1237 124 1257 153 Ι.

1715 127 1751 158 δῦ

110 179 147 205 ἂν
161 176 266 213 κυρίως
286 176 336 213 μὲν
352 178 369 212 ἡ
385 177 433 205 τοῦ
459 178 547 211 Λόγου
569 177 700 213 φρικτικὴ
721 177 792 211 ὑπὲρ
807 176 891 202 ἐννοίο

981 183 1029 203 ero
1054 176 1241 211 principaliter
1263 178 1364 206 dicitur
1395 179 1475 207 Verbi
1494 181 1649 211 incarnatio
1668 192 1751 220 supra

111 222 332 258 ἐνανθρώπησις.
346 223 402 250 Καὶ
412 223 474 250 καθ’
486 224 579 259 ἕτερον
595 223 623 249 δὲ
639 223 740 258 τρόπον
761 222 816 248 τῶν
827 223 908 256 ἀκρι-

110 269 248 303 ϐεστέρων
263 269 354 303 νόμων
368 270 385 304 ἡ
401 269 446 295 ὲπί
455 277 517 296 τινα
529 269 626 304 χρόνον
649 267 782 302 ὑποστολὴ
794 267 810 302 ἢ
823 266 905 301 σχολὴ

108 315 126 348 ἢ
147 314 205 340 τῶν
220 314 373 349 ἀνειμένων
388 314 503 349 είσφορὰ
519 315 586 350 πρὸς
597 314 648 349 τὴν
674 313 729 340 τῶν
751 313 904 347 δεχομένων

108 360 266 391 ἀσθένειαν,
281 360 513 395 ὂιοικονομοῡντος
528 360 575 386 τοῦ
602 359 749 394 νομοθέτου
765 359 795 384 τὸ
820 358 906 393 πρόσ-

107 413 216 440 ταγμα.
232 405 426 440 Προκύπτουσι
439 405 467 431 δὲ
482 406 532 440 τῆς
548 404 660 440 πρώτης
675 403 842 437 οἰκονομίας,
864 402 906 428 οὑ-

106 450 136 477 δὲ
152 451 201 484 τῆς
225 449 354 485 δευτέρας
370 450 486 485 ἐχούσης
503 450 532 475 τὸ
558 449 722 484 ἀδιαίρετον,
752 449 799 474 καὶ
829 447 904 473 ἄλλοι

107 495 205 530 τρόποι
219 495 353 531 διάφοροι.
379 495 484 522 Αὐτίκα
512 496 526 521 ὀ
543 495 638 530 Σωτὴρ
665 494 770 529 ἠγωνία
799 502 829 520 τε
856 493 904 519 καὶ

108 542 260 575 παρῃτεῖτο
286 540 332 566 τὸν
345 540 470 572 Θάνατον,
495 540 565 571 ἀλλὰ
577 540 625 566 καὶ
641 539 763 571 ἐξουσίαν
774 536 831 573 εἶχε
848 538 903 565 οεί-

105 595 153 614 ναι
165 587 217 622 τὴν
236 587 326 622 ψυχὴν
336 586 419 613 αὐτοῦ
438 586 486 613 καὶ
499 586 582 612 πάλιν
607 586 700 612 λαὸεἰν
721 586 818 620 αὑτήν.
846 584 902 611 Καὶ

104 635 158 670 ὅρα
179 635 229 666 ὡς.
244 635 271 661 εῐ
283 643 324 666 τις
339 635 376 669 μὴ
392 634 423 661 τὺ
439 634 489 669 μὲν
511 635 546 669 τῇ
558 633 700 668 οἰκονομίᾳ
724 633 792 668 δοίη,
811 633 845 659 τὰ
871 632 900 658 δὲ

104 681 140 715 τῇ
155 680 268 715 ἐξουσίᾳ
287 681 318 715 τῇ
331 679 420 715 θεῐκῇ,
433 679 531 706 ἑαυτὸν
547 680 606 710 τοῖς
620 679 754 710 ἐναντίοις
771 677 900 713 περιτρέ-

103 726 177 760 ψειε,
196 726 252 753 Καὶ
267 726 298 752 τό
315 734 346 759 γε
375 726 423 751 νῦν
440 725 491 760 τῆς
512 725 668 760 οἰκονομίας
686 724 771 759 ὄνομα
799 724 899 758 φύεται

105 772 169 805 μὲν,
183 771 280 806 ὥσπερ
295 772 415 806 εἴρηται,
431 772 485 798 ἀπό
497 780 529 806 γε
543 773 592 806 τῆς
608 771 742 807 δηλούσης
757 771 808 806 τὴν
818 771 897 797 ἐναν-

103 818 259 852 θρὼπησιν,
270 818 332 853 ἣτις
342 818 389 844 καὶ
402 817 504 852 κυρίως
518 817 551 844 ἂν
568 817 614 843 καὶ
627 815 742 852 πρώτως
754 816 896 850 οἰκονομία

101 864 143 897 τῷ
155 862 291 898 ἀξιώματί
311 872 341 890 τε
352 863 399 890 καὶ
415 863 455 898 τῷ
471 863 550 897 αἰτίῳ
561 863 613 897 τῆς
632 863 661 895 ἐξ
678 862 764 897 αὐτῆς
780 862 895 895 λέγοιτον
913 855 934 883 Β

101 907 135 933 οὐ
152 907 205 943 μὴν
218 909 258 939 είς
272 908 333 934 ὅλον
350 907 443 943 ἐκείνῃ
457 906 629 941 συμφύεται·
651 905 774 941 σχίζεται
788 905 842 939 γὰρ
859 904 900 936 εἰς

100 953 151 979 δύο
167 954 238 985 τέως
253 953 301 980 καὶ
320 953 407 988 αὕτη·
429 954 478 980 καὶ
491 953 522 979 τὸ
540 952 589 983 μὲν
608 952 693 987 αὐτῆς
715 951 762 977 ἐπὶ
787 950 898 985 μᾶλλον,

101 999 135 1024 τὸ
153 998 183 1024 δὲ
200 999 246 1025 ἐπ’
259 998 371 1026 ἔλαττον
387 999 427 1034 τῷ
462 998 655 1034 σημαινομένῳ
687 996 897 1032 συμϐιϐάζεται.

101 1044 133 1070 ΕΣ
151 1044 201 1078 μὲν
217 1045 272 1080 γάρ
286 1053 329 1076 τις
347 1045 397 1080 τὴν
416 1044 537 1080 ἀγωνίαν
562 1044 611 1071 καὶ
630 1043 680 1078 τὴν
698 1042 746 1070 τοῦ
782 1043 899 1069 Θανάτου

101 1091 271 1125 παραὶτησιν
286 1090 347 1118 καθ’
364 1091 378 1117 ὃ
394 1091 505 1125 γέγονεν
520 1090 663 1126 ἄνθρωπος
682 1089 774 1116 λαϐεῖν
803 1088 899 1123 ἐθελή-

100 1143 154 1167 σοι,
174 1136 333 1170 οἰκονομίαν
348 1135 466 1163 ἐνταῦθα
479 1136 529 1171 τὴν
552 1135 653 1170 μᾶλλον
686 1134 897 1170 προσφυομένην

99 1180 157 1212 ἕξει
172 1180 212 1215 τῷ
227 1181 410 1216 προταχθέντι
425 1182 528 1217 ῥήματι
538 1189 545 1197 ·
562 1183 586 1208 εί
598 1181 621 1208 δ’
634 1181 753 1216 ἁγωνιᾷν
764 1180 811 1207 καὶ
827 1188 897 1215 παρ-

99 1227 239 1253 αιτείεοαι
253 1227 299 1253 τὸν
316 1227 443 1259 θάνατον,
460 1228 511 1254 οὐκ
525 1227 590 1254 αὐτὸ
608 1227 687 1254 τοῦτο
701 1227 769 1253 διότι
785 1227 896 1261 γέγονεν

99 1273 248 1308 ἄνθρωπός
263 1282 305 1305 τις
327 1273 459 1300 ὑπολάϐοι
474 1274 592 1309 (πολλοῖς
610 1273 665 1309 γὰρ
678 1274 723 1300 καὶ
739 1273 793 1300 τῶν
823 1282 895 1308 μαρ-

99 1321 191 1357 τύρων
205 1322 254 1348 καὶ
267 1321 395 1356 ἀσκητῶν
405 1321 528 1352 ἑκούσιος
536 1321 608 1356 ὁρμὴ
619 1321 666 1347 καὶ
682 1321 754 1356 χαρὰ
764 1320 833 1356 πρὸς
847 1321 894 1347 τὸν

99 1368 242 1400 θάνατον),
251 1367 309 1394 ἀλλ’
318 1367 518 1402 οἰκονομεῖσθαι
534 1367 579 1394 νῦν
595 1367 645 1403 τὴν
660 1368 779 1402 ἀγωνίαν
791 1367 837 1393 καὶ
846 1366 895 1401 τὴν

97 1412 148 1439 τοῦ
163 1413 282 1439 Θανάτου
302 1413 467 1448 παραίτησιν
484 1414 523 1442 είς
539 1413 684 1447 βεῦαίωσιν
695 1412 744 1448 μὲν
754 1413 803 1447 τῆς
817 1413 894 1439 ὲναν-

99 1457 282 1493 Θρωπήσεως,
299 1458 409 1493 ἔλεγχον
423 1458 452 1484 δὲ
480 1457 616 1492 φθάνοντα
630 1457 685 1484 τῶν
715 1457 893 1491 ὑποθεμένων

99 1503 253 1537 φαντασίαν
266 1503 295 1530 τὸ
309 1504 422 1539 φρικτὸν
436 1505 487 1539 τῆς
499 1504 662 1540 ὲνανθρωπή
668 1513 736 1535 σεως
746 1504 792 1530 καὶ
804 1503 892 1538 παρά·

96 1549 184 1581 δοξον,
200 1549 251 1584 τὴν
263 1549 306 1575 ἐπ’
319 1549 428 1576 ἔλαττον
445 1546 523 1581 οὗτος
532 1549 739 1584 συναπτομένην
755 1549 806 1583 τῆς
820 1549 892 1574 οἰκο-

99 1595 198 1628 νομίας
225 1595 319 1630 φωνὴν
343 1595 413 1631 πρὸς
447 1595 499 1631 τὴν
525 1595 576 1630 τῆς
603 1595 693 1630 μάχης
711 1595 789 1621 λύσιν
814 1592 895 1629 εὗρεν

98 1640 251 1676 ἐπίκουρον
261 1648 271 1657 ·
288 1640 361 1676 πλὴν
374 1641 432 1667 ἀλλ’
446 1641 524 1667 οὐδὲν
538 1641 650 1668 ἔλαττον
679 1639 850 1675 ἑκατέρωθεν
875 1641 892 1675 ἠ

99 1686 240 1723 φαντασία
256 1686 307 1721 τῆς
328 1687 421 1722 μάχης
437 1686 591 1714 ἐλαύνεται.

905 1529 929 1562 C

132 1834 174 1858 ts‘.
194 1831 257 1858 Είσι
273 1830 301 1857 δὲ
315 1831 364 1857 καὶ
381 1830 458 1866 παρὰ
471 1829 579 1862 τούτοις
595 1829 752 1864 οἰκονομίας
774 1829 892 1864 διάφορα

97 1877 148 1912 μιν
162 1876 365 1912 σημαινόμενα,
379 1877 429 1912 τῆς
445 1875 533 1910 αὐτῆς
547 1875 570 1902 δ’
589 1876 663 1910 ὅμως
678 1875 796 1910 λαχόντα
815 1874 892 1908 γενέ-

98 1932 176 1955 σεως,
195 1922 267 1958 πλὴν
282 1922 354 1950 ἀλλὰ
366 1931 398 1957 γε
415 1922 463 1949 νῦν
478 1922 564 1958 μυρία
587 1922 637 1957 μὲν
666 1921 713 1948 καὶ
739 1921 807 1948 ἄλλα
835 1921 890 1948 τῶν

96 1971 135 2001 εἰς
148 1970 268 2005 ἀπορίαν
283 1969 507 2004 ἀναφερομένων,
523 1969 558 2003 τῇ
572 1968 712 2003 ἐπικρίσει
724 1975 754 1993 τε
769 1967 817 1994 καὶ
831 1967 890 1994 δια-

95 2016 174 2050 λήψει
192 2014 242 2042 τοῦ
255 2015 305 2050 τὴν
321 2015 423 2049 κυρίως
438 2013 746 2049 οίκονομίανδηλοῦντος
757 2013 890 2049 ὀνόματος

96 2063 111 2097 η
128 2061 207 2093 λύσις
222 2061 330 2088 ἐκεῖθεν
344 2061 412 2097 πρὸς
428 2061 459 2087 τὸ
477 2060 561 2095 σαφὲς
582 2060 644 2094 ἄγει
656 2069 663 2076 ·
686 2059 837 2092 ἐπιλύσεως
859 2061 889 2087 δὲ

93 2109 169 2136 οὐδὲν
184 2108 297 2135 ἔλαττον
312 2108 355 2134 διὰ
369 2107 472 2142 ταύτης
488 2107 566 2142 τύχοι
581 2107 615 2133 ἂν
634 2106 651 2141 ἢ
679 2106 713 2133 δι’
728 2106 812 2141 ἄλλης
841 2107 888 2141 ἑφ-

93 2155 154 2182 όὸου
168 2155 218 2182 καὶ
231 2155 273 2186 τὸ,
288 2163 298 2180 ι
314 2153 347 2181 Τί
364 2162 397 2189 με
411 2153 520 2188 ζητεῖτε
532 2153 693 2180 ἀποκτεῖναι
704 2152 849 2187 ἄνθρωπον
858 2152 887 2184 ὃς

93 2202 143 2234 τὴν
157 2199 290 2234 ἀλήθειαν
309 2199 446 2233 λελάληκα
461 2199 546 2234 ὑμῐνς
564 2207 573 2224 ι
603 2197 662 2229 καὶ,
679 2206 688 2223 ι
713 2197 785 2232 Ἐγὼ
799 2198 846 2224 καὶ
872 2198 886 2224 ὁ
901 2201 923 2228 D

93 2244 188 2279 Πατὴρ
199 2245 229 2270 ἓν
244 2245 337 2279 ἐσμεν.
359 2253 368 2269 ι
387 2243 555 2279 Συγκρούειν
570 2243 619 2278 μὲν
633 2247 688 2278 γὰρ
703 2242 828 2278 ἀλλήλοις
839 2242 883 2268 δο-

93 2291 134 2316 κεῖ
151 2298 210 2321 πως
224 2291 283 2321 τοῖς
312 2290 452 2320 ἀσυνέτοις
474 2289 490 2324 ἢ
524 2288 713 2324 ῥᾳδιουργοῦσι
725 2288 760 2315 τὰ
788 2289 859 2323 ῥητά
873 2297 881 2305 ·

91 2334 146 2360 ἀλλ’
159 2335 174 2361 ὅ
188 2342 220 2367 γε
237 2334 320 2368 σοφὸς
332 2333 381 2368 τῆς
395 2333 525 2369 ἀληθείας
538 2333 617 2367 λόγος
631 2333 681 2368 τὴν
700 2333 750 2368 μὲν
763 2333 817 2359 τῶν
829 2341 882 2367 φω-

90 2379 142 2405 νῶν
156 2381 190 2414 τῇ
208 2379 342 2414 ἀκηράτῳ
357 2378 404 2405 καὶ
423 2378 548 2414 μακαρίᾳ
564 2380 614 2414 τῆς
644 2378 780 2413 θειότητος
815 2378 879 2405 imo-

90 2425 180 2459 φέρων
199 2424 292 2457 φύσει,
307 2424 357 2457 τὴν
379 2423 408 2449 δὲ
435 2423 496 2450 καθ’
520 2423 553 2459 ἢν
570 2424 655 2458 αὐτὴν
680 2425 694 2451 ὁ
717 2424 803 2457 Λόγος
831 2423 880 2458 τὴν

88 2469 228 2503 ἡμετέραν
247 2468 342 2494 οὐσίαν
363 2468 555 2503 προσείληφεν,
575 2470 665 2495 πᾶσαν
675 2468 810 2495 διωθεῖται
825 2470 880 2504 ἁμ-

89 2514 265 2550 φισόήτησιν.
281 2513 339 2541 Οὺκ
354 2514 552 2549 ἀποστατήσειε
569 2514 590 2540 δ’
603 2514 637 2541 ἂν
656 2513 703 2540 τοῦ
718 2515 822 2546 εἰκότος
833 2515 880 2542 καὶ

89 2560 114 2585 εἴ
129 2568 171 2591 τις
199 2561 233 2594 τῇ
250 2560 319 2594 αὑτῇ
338 2559 466 2586 διαλύοιτ’
481 2560 515 2586 ἂν
529 2560 672 2595 ἐπισκέψει
689 2561 736 2586 καὶ
759 2560 798 2591 τὸ,
821 2570 830 2586 ι
851 2561 880 2587 ’0

89 2605 181 2640 Πατήρ
197 2613 251 2639 μου
272 2605 373 2638 μείζων
391 2604 442 2639 μού
460 2606 516 2631 ἐστι
527 2613 534 2620 ·
551 2615 560 2631 ›
576 2605 659 2633 δεῖται
680 2606 730 2640 μὲν
744 2607 797 2641 γὰρ
815 2615 878 2633 συν-

89 2649 153 2674 ετῶν
169 2650 217 2675 καὶ
234 2648 296 2675 καθ’
314 2649 393 2675 ἑαυτὸ
407 2649 487 2675 τοῦτο
502 2649 533 2675 τὸ
561 2649 633 2684 ἱερὸν
652 2649 751 2685 χωρίον
776 2651 877 2686 ἀκροα-

88 2694 148 2721 τῶν.
164 2694 273 2721 Μᾶλλον
286 2693 309 2720 δ’
323 2693 356 2720 ἂν
371 2693 482 2728 δεηθείη
500 2695 547 2719 καὶ
561 2693 610 2728 τῆς
618 2694 768 2729 εἰρημένης
784 2696 876 2731 φωνῆς

88 2740 144 2774 ἥτις
160 2740 256 2774 ἐδήλου
276 2739 326 2774 τὴν
352 2739 462 2773 ἰσότητα
490 2739 606 2774 Πατρὸς,
629 2740 874 2777 συνεξεταζομένης

88 2787 131 2812 καὶ
150 2785 453 2822 συμπαρασαλλομένης
470 2786 560 2821 αὐτῷ·
582 2787 605 2813 εί
622 2787 676 2821 γὰρ
702 2787 748 2814 καὶ
765 2787 874 2823 ἑτέραις

119 2841 129 2857 ⁸
147 2840 214 2869 Luc.
234 2850 302 2873 uti,
318 2841 365 2870 43.
397 2843 408 2858 ⁹
424 2841 502 2869 Joan.
526 2851 553 2877 κ,
576 2843 619 2870 18.
637 2843 657 2859 ¹⁶
675 2843 754 2871 Joan.
773 2853 831 2879 vm,
847 2847 891 2874 ιο.

231 2886 370 2918 Parnm.
390 2889 452 2919 Gn.
463 2890 515 2920 Cl.

959 229 1068 249 omnem
1077 222 1282 258 intelligentiam
1293 225 1472 254 admirabilis.
1487 227 1595 256 Rursus
1602 230 1656 257 alio
1669 233 1751 260 modo

959 267 1112 294 (economia
1124 268 1282 303 intelligitur
1296 271 1381 297 severi
1396 272 1467 306 juris
1478 272 1512 299 ad
1523 278 1626 301 certum
1643 280 1751 311 tempus

957 313 1087 341 remissio
1104 315 1328 350 atquejustitium
1340 325 1348 349 ;
1360 319 1400 344 vol
1415 319 1497 345 etiam
1510 319 1673 348 immanium
1684 330 1751 356 pen-

957 359 1049 387 sitatio
1062 365 1172 394 propter
1184 368 1272 396 aegros
1287 363 1474 397 recipientium
1489 365 1596 394 animos
1612 363 1745 402 prastita;

956 403 996 431 sic
1008 404 1134 431 videlicet
1147 404 1300 440 legislature
1312 408 1469 435 mandatum
1481 417 1562 437 suum
1572 412 1744 440 moderante.

955 449 1097 477 Exsistunt
1113 455 1205 478 autem
1221 459 1236 479 e
1252 452 1343 486 priore
1358 455 1513 482 oeconomia
1539 455 1640 491 (neque
1657 463 1749 492 poste-

954 495 1011 522 rior
1029 495 1086 530 ipsa
1102 496 1244 532 abhorret)
1257 498 1304 524 alii
1319 506 1431 533 quoque
1442 501 1515 527 modi
1530 500 1632 535 plures.
1647 495 1748 531 linem-

953 540 988 576 pli
1003 548 1097 572 causa,
1109 539 1238 569 Servator
1253 542 1279 570 in
1295 544 1391 578 agonia
1402 545 1506 579 positus
1522 551 1636 573 mortem
1651 547 1748 582 depre-

953 585 1095 614 cabatur“.
1110 585 1192 620 Atqui
1206 587 1275 614 idem
1288 593 1447 622 potestatem
1463 589 1580 617 habebat
1596 591 1747 626 deponendi

951 630 1082 660 animam,
1107 634 1190 665 atque
1214 631 1312 660 iterum
1342 634 1466 661 sumendi
1500 642 1560 662 eam
1581 636 1601 662 ’.
1620 635 1747 668 Constat,

951 675 1004 702 nisi
1046 677 1109 712 quis
1151 678 1230 713 prius
1282 679 1350 707 illud
1395 681 1557 707 mconomim
1606 682 1745 715 ascribat.

949 722 1065 750 alterum
1102 732 1167 752 vero
1194 725 1293 752 divinae
1324 727 1462 760 potestati,
1489 726 1577 761 ipsum
1608 735 1639 755 se
1678 737 1745 758 eon-

950 768 1155 798 tradictionibus
1195 771 1412 805 implicaturum.
1450 772 1481 799 Et
1518 773 1571 800 hoc
1593 773 1655 801 loco
1683 775 1745 809 qui-

947 813 1007 840 dem
1032 816 1194 844 tecnnomite
1219 817 1329 844 nomine
1353 817 1523 851 intelligitur,
1552 822 1581 845 ut
1609 819 1740 849 diximus.

948 859 1110 893 Encarnatio,
1135 869 1196 896 quae
1231 864 1366 897 praecipue
1397 863 1580 898 primitusque
1611 865 1646 892 ob
1684 866 1744 901 dig-

951 904 1062 932 nitatem
1080 914 1158 934 suam
1172 912 1200 934 et
1210 907 1382 935 elﬁcieutiatn
1400 910 1497 936 merito
1510 909 1610 937 dicitur
1625 918 1742 939 (econo-

951 951 1017 978 mia.
1031 950 1125 987 Neque
1141 957 1232 980 tamen
1255 953 1415 988 praedictum
1438 962 1539 982 nomen
1563 955 1590 983 in
1615 956 1666 984 hac
1689 965 1742 984 una

950 997 1061 1025 notione
1081 999 1218 1027 consistit.
1239 999 1308 1027 Nam
1324 1004 1352 1027 et
1376 1001 1434 1035 ipsa
1457 1001 1533 1029 notio
1554 1001 1690 1029 interdum
1713 1002 1742 1029 in

948 1041 1018 1070 duas
1032 1043 1186 1078 scinditur;
1203 1052 1319 1079 quarum
1337 1045 1422 1073 altera
1434 1046 1531 1081 magis.
1549 1046 1634 1074 altera
1649 1048 1741 1075 minus

948 1095 1012 1115 cum
1037 1096 1066 1115 re
1085 1089 1220 1117 intellecta
1233 1092 1369 1125 congruit.
1394 1090 1461 1118 Nam
1485 1092 1508 1119 si
1524 1092 1588 1127 quis
1610 1093 1739 1128 agoniam

948 1134 1100 1169 mortisque
1116 1135 1335 1170 deprecationem
1352 1141 1488 1171 quatenus
1512 1138 1594 1165 homo
1620 1142 1679 1166 erat
1696 1138 1739 1166 in-

953 1179 1075 1214 telligere
1106 1180 1188 1213 volet,
1215 1181 1238 1208 is
1261 1183 1441 1209 oeconomiam
1461 1183 1605 1218 praeposito
1627 1185 1741 1212 nomine

947 1225 1066 1252 maxime
1089 1225 1200 1261 dignata
1229 1226 1342 1254 habebit
1363 1236 1370 1254 :
1401 1228 1443 1255 sin
1471 1229 1609 1263 agoniaml
1630 1230 1686 1264 pati
1710 1236 1740 1258 et

947 1274 1064 1298 mortem
1083 1270 1234 1303 deprecari,
1257 1270 1330 1298 haud
1348 1279 1362 1298 a
1378 1271 1481 1300 Christi
1502 1273 1673 1302 humanitate
1695 1282 1739 1302 re-

946 1321 1018 1351 petet
1035 1319 1189 1352 (propterea
1207 1319 1280 1352 quod
1293 1319 1371 1346 multi
1388 1324 1522 1356 martyres
1532 1322 1740 1356 piiqueathletu:

946 1367 1043 1397 sponte
1065 1368 1147 1397 atque
1170 1364 1299 1392 alacriter
1316 1365 1350 1392 ad
1371 1373 1466 1393 necem
1485 1371 1737 1403 properaverunt);

944 1415 1040 1436 verum
1068 1408 1171 1437 idcirco
1192 1410 1312 1445 positum
1337 1419 1399 1439 esse
1421 1412 1446 1439 in
1470 1414 1567 1447 agonia
1588 1414 1682 1443 Jesum
1711 1421 1739 1444 et

944 1454 1041 1481 mortis
1056 1454 1146 1490 fugam
1165 1457 1329 1490 appetivisse
1341 1457 1488 1492 judicabit,
1513 1464 1543 1487 ut
1556 1460 1738 1490 humanitatis

944 1508 1000 1529 suae
1017 1501 1097 1528 iidem
1111 1501 1221 1534 faecret,
1237 1506 1319 1537 atque
1336 1508 1366 1530 nt
1387 1503 1414 1531 in
1436 1509 1610 1533 antecessum
1626 1515 1674 1535 eos
1692 1516 1737 1535 re-

945 1544 1061 1577 I‘elleret,
1074 1546 1121 1580 qui
1138 1545 1299 1574 admirabile
1313 1553 1395 1583 atque
1407 1549 1549 1584 inopinum
1572 1551 1739 1580 incarnatio-

945 1590 988 1618 nis
1001 1597 1071 1624 opus
1089 1591 1241 1625 phantasia'n
1251 1594 1399 1632 ascripturi
1424 1600 1522 1629 erant;
1535 1597 1596 1631 qui,
1612 1596 1737 1632 inquam,

944 1636 984 1663 sic
995 1637 1165 1671 opinabitur,
1181 1639 1205 1665 is
1216 1629 1378 1668 mcunoiniae
1392 1642 1735 1672 vocabulum-secundum

942 1688 1026 1710 sensu
1042 1683 1078 1710 ad
1099 1687 1288 1718 repugnantia
1314 1687 1536 1715 conciliationem
1559 1690 1734 1718 auxiliarium

943 1727 1070 1756 habebit:
1082 1737 1160 1765 aeque
1172 1735 1263 1759 tamen
1274 1732 1403 1768 utrinque
1420 1734 1547 1762 simulata
1557 1737 1735 1772 repugnantia

941 1774 1098 1808 expellitur.

979 1820 1022 1848 15.
1041 1820 1112 1848 Sunt
1127 1827 1218 1850 autem
1231 1827 1328 1858 praeter
1345 1824 1395 1852 has
1410 1824 1471 1852 aliae
1486 1833 1598 1861 quoque
1610 1832 1637 1854 et
1650 1829 1734 1856 varia:

941 1867 1067 1894 vocabuli
1087 1869 1248 1896 oeconomiae
1265 1869 1490 1905 signiﬁcationes,
1508 1880 1570 1907 qurc
1591 1877 1682 1901 tamen
1700 1875 1735 1902 ab

941 1912 1036 1940 eadem
1053 1913 1160 1949 origine
1173 1919 1294 1942 manant.
1312 1915 1434 1951 Denique
1449 1917 1502 1944 alia
1519 1918 1663 1947 innumera
1673 1928 1735 1956 qua:

941 1958 974 1985 ad
991 1957 1173 1987 dubitandum
1187 1960 1310 1994 trahunt,
1330 1961 1436 1996 judicio
1446 1968 1475 1991 et
1487 1963 1657 1993 discretione
1680 1975 1730 1994 no-

940 2004 1025 2032 minis
1046 2005 1120 2040 quod
1138 2006 1326 2041 principaliter
1348 2008 1566 2037 incarnationem
1585 2011 1732 2046 signiﬁcat,

939 2051 1152 2079 declarationem
1181 2054 1353 2088 perspicuam
1369 2061 1589 2091 consequuntur.
1615 2057 1650 2085 Et
1681 2059 1733 2088 hac

938 2097 1053 2130 quidem
1069 2098 1188 2132 ratione,
1203 2099 1290 2127 nihilo
1303 2100 1393 2129 secius
1410 2109 1492 2136 quam
1504 2103 1568 2136 alia,
1587 2104 1732 2133 solutionis

938 2147 1078 2178 compotes
1095 2143 1154 2171 lieri
1172 2144 1247 2172 licet.
1270 2144 1358 2174 Veluti
1377 2146 1403 2174 in
1419 2147 1470 2175 hoc
1487 2148 1567 2176 loco:
1588 2158 1598 2175 ι
1615 2149 1671 2178 Cur
1687 2158 1732 2179 me

938 2190 1060 2223 quaeritis
1072 2190 1227 2218 interﬁcere
1241 2191 1378 2220 Immineat
1401 2194 1446 2228 qui
1465 2195 1607 2223 veritatem
1621 2197 1729 2226 locutus

932 2244 992 2266 sum
1000 2236 1076 2263 vobis
1089 2236 1128 2262 "7
1140 2236 1223 2264 iTum
1235 2245 1241 2264 :
1254 2246 1263 2263 ι
1279 2237 1334 2273 Εεο
1344 2243 1370 2266 et
1381 2237 1461 2267 Pater
1475 2248 1559 2268 unum
1570 2249 1666 2270 sumus
1678 2244 1726 2269 ¹¹.ι

930 2282 1135 2317 Stultisoppido
1158 2283 1314 2312 hominibus
1343 2285 1450 2320 levique
1478 2292 1566 2314 mente
1602 2285 1724 2322 praeditis

930 2328 1066 2355 contraria
1092 2328 1149 2355 haec
1169 2329 1242 2356 dicta
1264 2330 1413 2358 videntur:
1443 2331 1490 2359 sed
1518 2333 1590 2359 enim
1617 2334 1727 2369 sapiens

930 2373 1052 2400 veritatis
1062 2380 1153 2401 sermo
1165 2374 1279 2402 alterum
1295 2376 1404 2410 quidem
1416 2377 1518 2405 dictum
1527 2378 1561 2405 ad
1587 2378 1727 2406 immorta-

931 2420 984 2446 lem
993 2420 1154 2453 beatamque
1161 2420 1311 2450 divinitatis
1324 2427 1449 2451 naturam
1463 2424 1594 2457 referens,
1609 2425 1726 2454 alterum

932 2465 966 2492 ad
1006 2465 1155 2492 humanam
1194 2473 1257 2494 cutn
1283 2467 1411 2495 Christus
1435 2476 1607 2496 communem
1644 2471 1725 2499 nobis

932 2511 1113 2538 substantiam
1128 2512 1255 2547 sumpsit.
1272 2515 1426 2541 universam
1443 2514 1568 2550 proﬂigat
1586 2517 1723 2553 ambigui-

933 2561 1029 2583 tatem.
1038 2556 1131 2592 Neque
1140 2557 1235 2592 ajnsta
1247 2560 1381 2586 sententia
1395 2561 1511 2591 recedet.
1525 2561 1547 2588 si
1558 2561 1620 2597 quis
1627 2564 1722 2591 eodem

932 2602 1047 2630 consilio
1067 2604 1184 2638 explicet
1203 2604 1284 2631 etiam
1296 2624 1304 2637 ,
1321 2613 1331 2630 ι
1352 2604 1431 2632 Pater
1446 2606 1534 2641 major
1547 2615 1590 2634 me
1602 2613 1643 2636 est
1656 2608 1689 2636 ".
1711 2620 1721 2635 ι

924 2647 992 2675 Nam
1007 2657 1068 2676 cum
1087 2657 1165 2677 sacer
1183 2650 1226 2676 hic
1234 2650 1310 2678 locus
1326 2658 1373 2685 per
1386 2658 1415 2678 se
1425 2653 1573 2686 prudentes
1583 2654 1722 2683 auditores

926 2694 1057 2730 postulat.
1073 2699 1129 2722 tum
1143 2695 1231 2722 multo
1244 2695 1326 2723 etiam
1339 2696 1426 2732 magis
1448 2697 1561 2734 indiget,
1577 2703 1608 2727 ut
1622 2706 1722 2735 supra-

929 2741 1001 2768 dicta
1019 2747 1081 2772 vox,
1106 2748 1166 2775 quas
1180 2748 1241 2768 cum
1264 2740 1344 2769 Patre
1367 2744 1551 2778 aequalitatem
1575 2745 1720 2781 signiﬁcat,

928 2788 1094 2822 adjungatur
1116 2788 1180 2816 huic
1203 2788 1337 2825 juxtaque
1365 2798 1493 2826 ponatur.
1510 2792 1577 2820 Nam
1610 2793 1634 2821 si
1661 2794 1721 2821 aliis

929 2845 1042 2873 "‘Joan.
1060 2852 1087 2877 κ,
1102 2844 1145 2872 30.
1180 2845 1202 2861 ”
1215 2845 1297 2874 Joan.
1310 2855 1366 2880 xw,
1378 2848 1424 2877 28.

1491 2897 1511 2926 3
