1881 3077
145 126 181 157 67
706 126 839 157 PHOTH
860 124 1112 158 PATRIARCH/E
1132 128 1185 159 CP.
1740 127 1778 161 68

147 188 257 217 quoque
271 181 368 217 patriis
381 180 540 209 nationibus
566 181 696 209 simulata
710 182 833 216 ipsorum
848 188 929 216 pugn:

1021 184 1137 219 ιτρικαῖς
1161 183 1332 214 ἐπιστασίαις
1351 182 1368 218 ἠ
1383 183 1412 209 ἐν
1427 182 1522 215 αὐταῖς
1535 183 1684 220 φαινομένη
1699 185 1775 220 μάχη

147 228 322 256 concordiam
337 227 464 261 exhibet;
482 227 566 255 veluti
581 228 647 263 quia
670 228 832 256 vocabulum
848 227 936 260 major

146 275 180 302 ad
199 281 309 301 causam
324 273 456 306 refertur;
470 281 552 300 unum
564 279 654 302 autem
669 278 775 301 naturae
791 273 935 308 zequalita-

147 324 200 347 tem
213 319 364 354 signiﬁcat;
374 319 501 353 sequitur
509 323 540 346 ut
548 319 707 346 meonomiat
715 326 824 354 quoque
832 325 933 350 sermo.

146 360 192 400 qui
207 365 235 392 in
247 373 277 392 se
289 365 383 400 recipit
398 372 494 393 vocem
511 366 736 400 major,liberant
753 372 847 392 errore
857 372 934 392 com-

146 411 243 445 probet
252 419 300 446 per
316 418 410 438 vocem
425 419 507 438 unum
520 411 609 438 Patris
626 419 689 439 cum
702 410 771 438 Filio
790 410 934 445 aequalitaw

145 461 215 495 tem.‘
226 455 314 483 Porro
340 456 408 483 nihil
429 457 555 491 prohibet
589 457 736 492 quominus
757 456 776 483 ii
793 462 934 483 sermones

144 502 192 536 qui
212 502 368 529 adhaerente
387 502 438 530 sibi
462 503 638 530 contentione
661 502 796 534 laborant,
816 501 934 529 diversis

146 544 217 572 hanc
228 545 387 580 propulsent
403 547 582 581 argumentis.
595 547 627 574 Et
638 547 747 582 quidem
765 547 816 573 hoc
831 546 932 581 ipsum,

145 590 179 618 de
190 598 245 626 quo
253 599 326 619 nunc
333 592 466 626 agimus:
479 592 559 621 Pater
568 592 656 627 major
669 600 711 620 me
721 592 854 626 est,»aliis
863 599 879 619 a
890 599 933 619 me

149 637 314 671 rationibus,
335 647 395 674 quae
418 632 541 667 mentem
563 640 720 667 auditorum
745 638 931 674 pervicerunt,

145 683 219 710 omni
234 684 403 712 dubitatione
422 684 576 720 expeditum
594 684 655 718 fuit,
671 691 732 712 cum
748 683 883 719 probabili
902 687 932 710 ut

145 728 264 757 arbitror
277 729 424 758 solutione.
454 734 458 738 '

985 227 1036 263 τὴν
1065 228 1226 263 συμφωνίαν
1247 229 1426 264 προήνεγκεν,
1455 226 1511 255 οἷον
1530 229 1571 256 ὄτι
1593 229 1624 255 τὸ
1650 229 1700 264 μέν
1713 231 1777 264 μει-

986 273 1042 304 ζων
1060 275 1101 306 εἰς
1129 274 1159 301 τὸ
1189 275 1275 301 αἰτιον
1311 274 1381 309 (Η)
1406 272 1597 310 ἀναφέρεται,
1628 275 1659 301 τὸ
1686 275 1714 302 δὲ
1740 275 1778 303 ἐν

987 320 1084 355 μηνύει
1109 320 1158 355 τῆς
1174 319 1282 355 φύσεως
1312 320 1362 356 τὴν
1387 320 1510 355 ἰσότητα,
1536 320 1595 347 ἀλλ’
1620 319 1667 347 οὖν
1691 321 1739 348 καὶ
1760 321 1777 347 6

985 366 1036 399 τῆς
1050 365 1204 401 οἰκονομίας
1218 366 1296 400 λόγος
1311 366 1351 397 εἰς
1365 366 1462 393 ἑαυτὸν
1474 366 1504 393 τὺ
1522 366 1630 401 μείζων
1645 366 1774 402 ἀναδεχό-

986 418 1077 445 μενος,
1092 410 1237 445 ἐλευθέραν
1251 411 1384 446 ἐπηρείας
1395 411 1445 446 τὴν
1458 411 1504 438 τοῦ
1522 412 1629 446 Πατρδς
1643 411 1714 447 πρὸς
1727 412 1775 438 τὸν
1790 413 1792 419 ¹

985 456 1049 483 Υίδν
1062 456 1107 483 διὰ
1117 456 1166 483 τοῦ
1182 455 1251 489 ἐνὸς
1264 457 1520 490 συγκατασκευάζειν
1536 457 1657 492 ἰσότητα.
1688 457 1775 484 Οὺὸἐν

983 501 1012 528 δὲ
1034 501 1134 528 κωλύει
1150 502 1214 533 τοὺς
1227 501 1276 537 τὴν
1287 501 1344 537 ἔριν
1357 501 1549 537 ἐπιτιθεμένην
1564 502 1655 533 αὐτοῖς
1669 502 1775 536 ὑποφέ-

985 554 1081 582 ροντας
1093 545 1190 581 λόγους
1201 546 1340 582 διαφόροις
1348 545 1585 578 ἀποσκευάζεσθαι
1607 547 1711 580 ταύτην
1722 547 1773 581 ἑφ-

983 590 1062 622 όδοις·
1075 590 1135 617 ἐπεὶ
1145 591 1193 617 καὶ
1205 590 1275 625 ὅπερ
1284 590 1332 616 νῦν
1343 590 1459 625 εερηται,
1477 599 1486 615 ι
1497 589 1528 616 Ὀ
1537 590 1635 625 Πατήρ
1647 598 1697 624 μου
1711 589 1774 625 μείέ

984 636 1039 669 ζων
1055 636 1107 672 μού
1118 637 1204 670 ἐστιν,
1220 646 1229 662 ι
1243 636 1351 671 ἑτέραις
1366 636 1433 671 παρ’
1447 634 1728 670 ἡμῶνὶἐπισκέψεσιν,
1741 635 1773 661 αἱ

982 682 1033 718 τὴν
1042 682 1097 710 τῶν
1106 682 1250 718 ἀκροατῶν
1259 681 1392 716 ὑπόληψιν
1401 679 1637 716 ὑπε[ρε]6άλοντο,
1648 679 1698 714 τῆς
1707 680 1774 706 ἀπο-

984 728 1045 762 ρίας
1052 727 1239 764 ἀνεκαθάρθη,
1253 727 1284 754 οὐ
1302 726 1442 762 μεμπτὴν,
1457 724 1549 762 οἶμαι,
1564 727 1614 760 τὴν
1629 725 1706 753 λύσιν
1719 726 1774 752 ὰπ-

983 772 1174 807 ενεγκάμενον.

183 817 227 845 16.
239 816 341 844 Praeter
352 817 485 846 hactenus
496 817 579 849 dicta.
593 821 621 845 et
631 821 728 852 praeter
739 817 929 846 necessitatem

1021 821 1067 851 ις’.
1084 819 1176 854 Χωρὶς
1189 818 1218 845 δὲ
1231 817 1287 844 τῶν
1303 817 1456 853 εἰρημένων
1470 817 1517 844 καὶ
1530 817 1609 853 παρὰ
1620 816 1670 852 τὴν
1687 817 1775 851 ἀνάτ-

144 868 170 892 et
195 863 406 895 immunitatem,
432 863 451 890 ii
475 863 521 898 qui
556 862 740 890 diiﬁcultatem
765 863 933 891 calumniose

144 917 285 938 sermones
300 909 451 941 clamitant,
475 915 621 936 auctorum
640 916 754 936 suorum
776 909 932 944 sycophan-

144 957 210 983 tiam
230 958 394 989 coarguunt.
409 954 499 987 Quare
526 959 553 982 et
574 953 729 981 communis
753 953 888 981 Dominus
905 958 933 982 et

144 1000 258 1028 Creator
275 999 382 1034 generis
394 1003 476 1029 atque
491 997 618 1025 Servatur
632 997 771 1029 Davidem,
787 997 834 1031 qui
849 1004 932 1031 panes

145 1043 291 1072 oblationis
325 1043 452 1075 comedit,
470 1042 503 1070 de
537 1041 602 1069 laeso
625 1041 687 1077 jure
716 1041 842 1069 absolvit.
863 1041 930 1069 Nam

144 1093 236 1123 utpote
259 1087 407 1123 legislator,
447 1091 572 1114 naturam
594 1086 661 1121 legis
696 1086 808 1121 vimque
831 1093 932 1119 cogno-

120 1139 123 1142 ‘
143 1141 232 1167 secus,
243 1138 270 1160 et
290 1133 390 1168 quibus
422 1132 528 1160 actibus
554 1131 729 1159 moderandis
751 1132 793 1159 lex
819 1131 855 1159 sit
878 1138 930 1166 po-

143 1179 194 1207 sita
226 1179 309 1214 probe
331 1179 430 1210 sciens,
454 1178 570 1212 injurias
592 1178 719 1213 equidem
750 1182 779 1205 et
804 1178 850 1212 qui
882 1185 932 1212 per

142 1229 326 1260 contemptum
342 1229 464 1259 peccant,
481 1231 560 1259 pana
569 1224 665 1259 dignos
678 1231 749 1259 saepe
762 1224 910 1251 declaravit
922 1233 930 1251 :

143 1275 327 1298 verumtamen
344 1269 378 1297 iis
400 1269 501 1304 quibus
521 1277 600 1296 amor
618 1274 645 1296 et
663 1269 816 1296 reverentia
840 1269 929 1304 legum

142 1316 224 1348 inest,
249 1315 295 1343 sed
326 1314 476 1343 necessitas
503 1322 566 1342 cum
597 1314 757 1342 inﬁrmitate
782 1314 930 1349 conjuncta

142 1369 265 1388 amorem
280 1361 516 1395 reverentiamque
537 1360 694 1393 labefactat,
707 1361 814 1388 veniam
839 1361 930 1388 molli-

145 1407 249 1435 tudinis
259 1407 424 1440 imponitur,
444 1414 533 1441 neque
548 1407 575 1433 in
593 1407 643 1434 hos
655 1407 716 1435 sine
734 1407 931 1435 misericordia:

144 1453 285 1482 all‘ectibus
305 1453 466 1481 sententiam
497 1452 560 1480 fert.
586 1452 672 1481 Sicuti
695 1453 804 1481 beatum
821 1461 930 1488 quoque

984 872 1035 899 κην
1049 864 1096 890 καὶ
1110 863 1158 899 τὴν
1173 863 1275 896 ἄδειαν,
1290 864 1315 890 οἰ
1336 863 1375 895 εἰς
1390 863 1420 889 τὸ
1432 863 1533 899 ἄπορον
1556 861 1773 898 ἐπηρεαζόμενοι

983 909 1056 944 λόγοι
1074 909 1246 944 συκοφάντας
1259 909 1323 940 τοὺς
1337 908 1541 943 ἐπιτιθεμένους
1547 907 1638 939 αὐτοῖς
1650 908 1772 941 ἀπελέγ-

982 963 1086 991 χουσιν.
1095 954 1142 987 Ἐξ
1149 951 1180 981 οὗ
1193 955 1262 981 καὶὸ
1274 955 1363 986 κοινὸς
1375 954 1515 989 Δεσπότης
1529 954 1576 980 καὶ
1591 953 1712 988 πλάστης
1723 951 1774 979 τοῦ

982 1000 1078 1034 γένους
1092 999 1140 1027 καὶ
1157 999 1253 1035 Σωτὴρ
1275 1000 1322 1026 τὸν
1338 999 1420 1026 Δαϐὶδ
1438 999 1502 1030 τοὺς
1529 999 1626 1033 ἄρτους
1650 997 1774 1033 φαγόντα

981 1046 1033 1080 τῆς
1047 1045 1215 1080 προθέσεως,
1228 1044 1320 1080 νόμων
1333 1044 1447 1079 ἀφίησιν
1462 1043 1630 1079 ἀθετήσεως.
1653 1043 1698 1074 Ὣς
1714 1044 1773 1078 γὰρ

982 1089 1104 1125 θέμενος,
1115 1090 1161 1116 καὶ
1175 1088 1253 1120 εἰδὼς
1267 1089 1316 1124 τήν
1328 1097 1358 1115 τε
1367 1089 1448 1123 φύσιν
1460 1089 1510 1115 καὶ
1523 1088 1600 1123 ἰσχὺν
1614 1087 1661 1114 τοῦ
1675 1088 1771 1122 νόμου,

982 1135 1030 1162 καὶ
1043 1131 1081 1161 ὧν
1098 1135 1113 1161 ό
1123 1134 1205 1169 νόμος
1217 1134 1266 1169 τὴν
1284 1133 1423 1161 πολιτείαν
1441 1132 1521 1168 ἐτέθη
1537 1133 1689 1168 ῥυθμίζειν,
1706 1132 1773 1164 τοὺς

983 1179 1033 1215 μὲν
1047 1179 1187 1215 ὑϐριστὰς,
1206 1179 1253 1207 καὶ
1267 1177 1308 1211 οἷς
1320 1179 1455 1214 ὑπεροψία
1465 1180 1538 1206 ποιεῖ
1550 1179 1599 1214 τὴν
1613 1178 1772 1213 παράὸασιν

981 1225 1079 1252 δικαιοῖ
1088 1225 1137 1261 τὴν
1159 1225 1239 1260 δίκην
1254 1226 1284 1252 ἐν
1306 1225 1396 1257 ἀλλοις
1426 1225 1555 1256 πολλάκις
1578 1225 1688 1260 ὑπέχειν
1701 1232 1707 1239 ·
1728 1221 1773 1255 οἷς

980 1270 1009 1297 δὲ
1025 1271 1127 1307 στοργὴ
1149 1271 1200 1306 μιν
1226 1271 1274 1298 καὶ
1298 1270 1380 1302 αἰδὼς
1403 1270 1458 1298 τῶν
1481 1270 1583 1306 νόμων,
1606 1271 1713 1305 ἀνάγκη
1741 1270 1773 1297 δέ

981 1316 1031 1350 τὴν
1047 1316 1166 1352 στοργὴν
1182 1316 1270 1343 καὶτὸ
1291 1316 1449 1351 αἰδούμενον
1472 1316 1517 1343 διὰ
1545 1316 1596 1351 τῆς
1627 1315 1772 1347 ἀσθενείας

981 1361 1084 1393 ἐκλύει,
1097 1361 1262 1396 συγγνώμην
1276 1361 1365 1393 διδοὺς
1379 1363 1411 1397 τῇ
1431 1361 1522 1397 ἀτονία
1541 1362 1588 1388 καὶ
1606 1361 1771 1396 σπλάγχνοις

980 1407 1073 1438 ἐλέους
1092 1407 1204 1439 τούτους
1219 1407 1384 1442 ἀνακρίνων.
1400 1407 1536 1442 Καθάπερ
1548 1406 1578 1433 δὲ
1592 1407 1640 1434 καὶ
1655 1407 1701 1434 τὸν
1718 1408 1773 1433 Δα-

981 1452 1024 1479 ὁὶδ
1033 1452 1123 1487 νόμων
1133 1452 1314 1488 παραϐάσεως
1324 1452 1447 1485 ἀπολύει,
1456 1454 1513 1484 τοῖς
1520 1452 1713 1488 ἐνεγκαμένοις
1721 1452 1772 1487 οὐχ

145 1499 272 1526 Davidem
292 1499 325 1527 de
353 1498 427 1526 laesis
453 1498 558 1533 legibus
577 1498 710 1533 absolvit;
727 1499 761 1526 iis
780 1499 827 1534 qui
847 1507 929 1534 panes

1022 1496 1134 1532 εροψίαν
1151 1497 1276 1531 ἐγκαλῶν
1290 1497 1426 1532 τολμῆσαι
1440 1497 1494 1524 τῶν
1507 1498 1607 1532 νόμων,
1626 1498 1675 1532 τῆς
1695 1497 1719 1523 δ’
1741 1497 1773 1523 ἐν

144 1545 313 1572 abstulerant
329 1544 401 1571 haud
417 1544 550 1571 audacem
572 1543 662 1580 legum
678 1548 865 1579 contemptum
880 1551 929 1571 ex-

143 1591 296 1626 probrans;
310 1591 358 1618 sed
378 1590 442 1625 quia
459 1595 563 1618 natura:
579 1590 663 1617 robur
677 1597 732 1617 non
748 1590 815 1618 satis
830 1590 930 1618 mentis

145 1625 287 1671 proposito
311 1635 504 1671 respondebat,
528 1625 564 1663 Μ’
575 1635 616 1663 eis
635 1635 662 1662 in
680 1635 847 1663 defensionis
869 1635 929 1663 loco

142 1689 258 1717 ponens,
278 1681 477 1709 absolutionem
502 1680 626 1709 decernit
646 1681 768 1709 clemens
787 1680 878 1709 Iesus.
896 1681 930 1709 Et

144 1727 204 1754 alite
217 1727 329 1762 quidem
344 1727 538 1755 controversia:
562 1727 655 1754 multa
671 1726 706 1754 ad
720 1726 853 1762 liquidum
879 1727 930 1754 hac

144 1773 250 1801 ratione
262 1773 447 1801 deducuntur.

197 1819 240 1847 t7.
248 1818 369 1848 Ceteras
380 1824 470 1848 autem
485 1819 704 1850 circumstantias
713 1826 856 1848 recensere
864 1819 928 1855 quid

143 1864 271 1892 interest“
290 1864 358 1893 Nam
380 1869 408 1893 et
433 1865 491 1901 ipse
514 1874 562 1902 per
584 1874 615 1894 se
636 1865 762 1893 lectionis
781 1865 889 1899 modus,
905 1865 929 1893 si

142 1911 238 1947 cuique
244 1911 386 1939 sententias
394 1912 532 1946 proprium
541 1912 615 1939 vocis
621 1919 718 1940 sonum
729 1911 928 1944 accommodet,

142 1958 245 1985 aditum
263 1957 337 1985 omni
358 1958 522 1985 dubitationi
533 1958 651 1985 obstruit
676 1967 683 1985 :
705 1959 748 1985 sin
777 1962 839 1992 apta
854 1957 929 1984 vocis

142 2003 213 2030 ratio
227 2010 242 2029 a
255 2002 408 2037 signiﬁcatu
427 2010 477 2030 suo
491 2002 654 2034 demutetur.
680 2010 724 2030 res
740 2003 882 2037 perspicua
901 2001 929 2029 in

143 2047 288 2074 obscuram
308 2047 430 2074 vertitur.
451 2056 461 2072 ι
480 2046 536 2081 Ego
553 2055 601 2074 vos
620 2047 700 2082 elegi,
722 2057 732 2073 ι
750 2048 788 2074 ait
803 2046 930 2073 Servatur

143 2091 283 2126 discipulis
295 2090 326 2117 “.
343 2090 475 2126 Itemque,
497 2100 507 2118 ι
524 2090 583 2119 Non
600 2091 655 2126 (ἰὸ)
676 2098 726 2126 ego
743 2091 812 2126 elegi
826 2098 873 2118 vos
888 2091 930 2117 “?

144 2137 173 2164 Si
186 2137 246 2172 quis
257 2137 339 2172 igitur
353 2142 494 2172 utramque
508 2144 541 2164 ex
553 2136 596 2164 his
611 2137 729 2172 periodis
746 2138 841 2165 eodem
856 2137 930 2165 vocis

983 1543 1016 1577 τῇ
1033 1541 1112 1576 φύσει
1128 1541 1223 1578 ῥώμης
1245 1542 1277 1569 οὐ
1289 1543 1582 1578 συμπαρατεινομένης
1600 1543 1633 1578 τῇ
1657 1542 1769 1577 γνώμῃ,

983 1587 1032 1614 καὶ
1047 1587 1125 1614 τοῦτο
1133 1587 1211 1622 λόγον
1224 1588 1316 1620 αὐτοῖς
1330 1588 1472 1623 τιθέμενος
1479 1589 1494 1615 ὁ
1502 1588 1694 1623 φιλάνθρωπος
1703 1589 1774 1622 γρά-

983 1641 1028 1668 φει
1050 1633 1101 1669 τὴν
1115 1632 1283 1668 ἐλευθερίαν.
1308 1633 1365 1660 Καὶ
1386 1625 1472 1660 πολλὰ
1492 1632 1560 1660 ἄλλα
1573 1633 1629 1659 τῶν
1650 1633 1772 1668 ἀπορου-

985 1679 1073 1714 μένων
1085 1679 1125 1711 εἰς
1137 1679 1168 1705 τὸ
1180 1678 1296 1714 εὔπορον
1311 1677 1356 1705 διὰ
1378 1676 1429 1712 τῆς
1448 1679 1534 1713 αὐτῆς
1548 1678 1678 1715 ἐπιϐολῆς
1703 1679 1774 1714 μεθ-

983 1725 1027 1752 οδε
1032 1725 1120 1752 ὑεται.

1028 1826 1070 1859 ιζ’.
1085 1825 1118 1852 Τί
1134 1825 1162 1852 δὲ
1184 1825 1227 1852 δεῖ
1245 1824 1294 1857 τὰς
1314 1824 1398 1857 ἄλλας
1424 1825 1562 1860 ἐπεξιέναι
1578 1825 1770 1861 περιστάσειςς

982 1872 1068 1905 Αὐτὸς
1084 1871 1145 1899 καθ’
1157 1871 1254 1899 ἐαυτὸν
1268 1872 1282 1898 ὁ
1295 1872 1346 1906 τῆς
1357 1871 1537 1906 ἀναγνώσεως
1550 1872 1651 1908 τρόπος
1661 1872 1771 1904 οἰκείως

983 1919 1033 1955 μὲν
1047 1920 1104 1950 τοῖς
1118 1919 1236 1954 νοήμασι
1256 1917 1307 1953 τῆς
1336 1918 1429 1953 φωνῆς
1442 1918 1489 1945 τὸν
1502 1916 1569 1954 ἦχον
1582 1918 1772 1954 ἐναρμοζόμε-

982 1974 1037 1997 νος.
1056 1965 1147 2000 πάσης
1160 1964 1279 1999 ἀπορίας
1292 1963 1461 1999 ἀποτειχίζει
1477 1964 1595 1999 πάροδον
1606 1972 1614 1979 °
1629 1964 1771 1993 ἀπαλλατ-

982 2011 1099 2046 τομένης
1112 2010 1141 2037 δὲ
1156 2010 1206 2044 τῆς
1220 2009 1390 2044 καταλλήλου
1406 2010 1499 2045 φωνῆς
1520 2009 1560 2045 τῷ
1584 2010 1712 2045 νοήματι,
1729 2011 1771 2041 εἰς

981 2056 1012 2083 τὸ
1024 2056 1182 2091 ἀδιανόητον
1194 2056 1225 2082 τὸ
1241 2055 1325 2090 σαφὲς
1338 2055 1520 2083 καταδύεται·
1544 2066 1553 2082 ι
1579 2055 1660 2091 Ἐγὼ,
1672 2057 1768 2092 φησὶν,

982 2099 1149 2134 ἐξελεξάμην
1159 2099 1243 2134 ὑμᾶς,
1258 2109 1267 2125 ι
1280 2099 1350 2134 πρὸς
1359 2101 1423 2132 τοὺς
1436 2099 1560 2136 μαθητὰς
1572 2101 1698 2136 όΣωτήρ·
1711 2103 1769 2134 καὶ,

986 2153 995 2170 ι
1016 2144 1074 2171 Οὐκ
1088 2143 1143 2178 ἐγὼ
1157 2143 1324 2180 ἐξελεξάμην
1336 2145 1409 2179 ὑμᾶς
1424 2145 1481 2181 (12)
1494 2154 1502 2179 ;
1519 2155 1529 2172 ι
1540 2146 1574 2173 Εἰ
1586 2154 1628 2177 τις
1641 2143 1688 2173 οὖν
1707 2146 1772 2173 ἑκα-

144 2188 211 2210 tono
221 2182 331 2217 ﬁguret;
345 2182 387 2211 vel
395 2183 453 2210 vice
460 2190 538 2210 versa
548 2183 667 2218 priorem
679 2183 879 2217 interrogative,
893 2183 929 2210 al-

1021 2197 1065 2217 οαν
1086 2177 1140 2216 τῶν
1153 2177 1341 2226 προκειμένοω
1355 2177 1540 2227 περίοδον-τῷ
1555 2191 1630 2227 αὐτῷ
1643 2192 1693 2227 τῆς
1713 2200 1771 2226 φω-

143 2234 229 2256 teram
239 2229 275 2255 ita
290 2227 384 2256 eﬂ‘erat
403 2234 432 2256 ut
449 2228 568 2263 priorem
592 2233 740 2264 oporteret,
758 2235 816 2256 rem
842 2229 931 2257 mani-

145 2274 243 2302 festam
256 2274 290 2301 ad
322 2274 529 2310 perplexitatem
543 2274 643 2306 trahet,
667 2279 695 2302 et
720 2282 752 2302 ea
778 2282 839 2309 quae
863 2276 931 2303 nulli

143 2320 326 2347 criminationi
346 2319 465 2347 obnoxia
495 2324 583 2352 erant,
597 2319 624 2346 iu
647 2319 726 2353 culpa
741 2323 832 2353 ponet.
863 2319 930 2348 Nam

145 2366 192 2400 qui
218 2365 345 2400 elegerat,
372 2373 435 2392 cum
462 2364 604 2392 electionis
625 2372 681 2392 suae
705 2365 834 2393 conscius
848 2371 931 2399 esset,

146 2416 228 2446 atque
246 2411 315 2438 hanc
329 2410 471 2446 discipulis
484 2411 511 2437 in
522 2414 640 2438 mentem
664 2415 813 2444 revocaret,
833 2419 868 2439 ne
884 2419 934 2439 au-

144 2458 249 2492 tiquum
266 2458 370 2485 scilicet
382 2456 574 2485 benevolentiae
596 2464 659 2492 erga
675 2464 705 2484 se
729 2456 848 2484 debitum
866 2458 936 2485 obli-

143 2503 232 2531 vionis
251 2503 379 2531 ﬂuctibus
395 2502 574 2537 abriperetur,
590 2508 672 2538 atque
681 2506 711 2530 ut
725 2510 773 2531 eos
786 2504 936 2539 promptio-

982 2236 1031 2271 νῆς
1045 2235 1296 2271 κατασχηματίσειε
1315 2236 1397 2271 τόνῳ,
1408 2236 1425 2271 ἢ
1443 2236 1474 2263 τὸ
1495 2237 1631 2265 ἀνάπαλιν
1655 2237 1705 2273 τὴν
1719 2237 1771 2272 μὲν

982 2280 1118 2316 προτέραν
1131 2282 1159 2307 ἐν
1174 2281 1316 2315 ἐρωτήσει,
1330 2281 1380 2316 τὴν
1402 2281 1430 2307 δὲ
1448 2282 1577 2317 δευτέραν
1588 2283 1656 2318 ὅπερ
1670 2280 1704 2317 ἦν
1719 2281 1771 2317 τῆς

982 2326 1119 2362 προτέρας
1134 2326 1347 2361 ἀποφηνάμενος
1366 2328 1540 2362 προενέγκοι,
1554 2328 1588 2355 τὰ
1603 2328 1674 2363 σαφῆ
1690 2328 1770 2363 ποιή-

983 2381 1024 2399 σει
1040 2372 1240 2407 δυστέκμαρτα,
1260 2372 1307 2399 καὶ
1319 2372 1354 2399 τὰ
1365 2372 1451 2408 λαὸἧς
1463 2374 1572 2409 ἀπάσης
1582 2373 1767 2409 ὑπερανεστη-

982 2417 1049 2443 κότα
1077 2416 1222 2451 ἐπίμωμα.
1252 2416 1281 2443 '0
1307 2417 1361 2452 γὰρ
1379 2417 1569 2452 ἐκλεξάμενος,
1594 2417 1672 2450 εἰδώς
1684 2426 1715 2444 τε
1730 2417 1770 2450 ὡς

982 2461 1132 2494 ἐξελέξατο,
1148 2462 1269 2494 καὶντοϊς
1284 2462 1418 2497 μαθηταῖς
1438 2462 1488 2498 τὴν
1503 2462 1619 2499 ἐκλογὴν
1638 2463 1684 2490 ἐπὶ
1700 2463 1770 2498 μνή-

985 2515 1039 2543 μης
1063 2507 1165 2542 φέρων,
1194 2506 1231 2540 ὡς
1245 2507 1278 2534 ἂν
1290 2507 1320 2534 τό
1333 2515 1364 2534 τε
1378 2508 1491 2543 ἀρχαῖον
1505 2508 1585 2543 χρέος
1601 2507 1650 2544 τῆς
1664 2507 1704 2540 εἰς
1721 2507 1773 2535 αὑ-

180 2568 202 2584 ¹³
218 2567 302 2595 Marc.
314 2575 345 2599 tt,
360 2566 406 2594 25.
434 2566 456 2582 “
471 2565 550 2594 Joan.
578 2574 624 2600 xv,
649 2566 693 2595 16.
731 2567 753 2583 η
775 2566 854 2596 Joan.
884 2572 983 2605 vuln.

893 2629 1007 2658 NOTAE.

179 2683 235 2720 (ll)
250 2683 289 2720 De
301 2682 432 2720 vocabulo
446 2682 546 2720 αἴτιον,
556 2682 666 2720 de_ali_is
675 2683 724 2720 l)ei
738 2682 829 2720 Patris
843 2685 931 2712 nomi-

145 2717 262 2754 nibus'et
274 2718 307 2745 de
324 2721 379 2744 toto
392 2718 443 2745 hoc
459 2717 519 2745 loco
529 2718 682 2754 theologica
701 2718 801 2754 legesis
815 2724 930 2754 praecla-

144 2761 190 2781 ras
205 2753 254 2780 SS.
271 2753 381 2780 Patrum
396 2754 570 2781 auctoritates
583 2753 655 2788 apud
672 2753 825 2787 Patavium,
838 2753 927 2783 Theol.

143 2789 202 2823 dog.
218 2790 250 2815 de
262 2788 335 2815 Trin.
357 2796 382 2820 ν,
395 2789 420 2816 5.

179 2824 234 2859 ΗΞ)
249 2824 365 2859 Antiqua
377 2823 480 2852 scilicet
491 2823 647 2851 Grzucoruut
671 2824 803 2859 scriptura
819 2825 930 2863 ραι-εἰη,

980 2692 1045 2725 nota
1058 2687 1103 2725 illa
1118 2687 1317 2725 interrogandi,
1338 2695 1389 2725 qua
1405 2696 1480 2716 nunc
1494 2689 1697 2725 perspicuitatis
1711 2698 1772 2725 gra-

981 2723 1017 2749 tia
1029 2723 1140 2749 utimur.
1157 2723 1261 2758 lteapse
1288 2725 1332 2751 vix
1362 2724 1388 2751 in
1416 2723 1771 2753 codicibus'recentissihns

979 2758 1108 2793 praedicta
1121 2763 1182 2784 nola
1200 2759 1379 2793 conspicitur.

1015 2792 1076 2854 “5%
1089 2793 1116 2833 ξι
1134 2800 1217 2819 nonne
1226 2791 1320 2821 Latine
1335 2794 1420 2827 dicas,
1434 2794 1488 2822 vim
1501 2795 1643 2823 sententia;
1657 2793 1766 2822 Photia—

1015 2836 1020 2854 ε
1035 2835 1060 2854 in
1075 2834 1173 2854 nntch.

980 2835 1020 2855 um
1035 2834 1173 2862 tumuges.
