1881 3077
119 133 155 166 ἿῙ
704 128 837 160 ΡΙΙΟΤΙῙ
858 128 861 157 ἶ

704 128 837 160 ΡΙΙΟΤΙῙ
858 126 1112 159 PATRIARCH/E
1127 129 1179 158 ΟΡ.

1726 130 1767 163 Ίὲ

121 188 267 217 rei'cllctur.
281 185 387 214 Etenim
432 185 538 213 homini
551 185 598 220 qui
628 184 752 220 pecunite
774 188 822 210 aut
843 189 858 209 τι

1019 182 1177 217 ισταμένου,
1191 181 1227 214 ὡς
1240 182 1257 217 ή
1272 182 1347 209 αἰτία
1362 182 1501 218 διάφορος,
1517 182 1614 210 θᾶττον
1634 183 1760 210 ἀπαιτεῖ-

121 243 182 262 rum
198 242 279 269 opum
295 237 341 260 aut
362 231 486 266 corporis
513 231 709 259 detrimentum
726 237 825 265 passus
852 229 914 256 fue—

120 281 168 312 rit,
194 279 306 306 mandat
330 277 406 312 pacis
437 276 511 304 Deus
535 284 571 304 ne
606 278 746 311 repugnet,
780 278 862 309 alque
886 278 916 300 ut

121 325 246 353 omnium
273 323 357 350 indici
384 322 606 358 persecutionem
632 320 741 356 injuriae
763 320 913 355 permittat.

123 370 220 397 Verum
243 369 384 397 enimvero
401 367 445 395 ubi
460 367 597 403 quispiam
611 367 740 395 scelestas
754 372 854 393 manus
874 365 916 392 in-

121 414 224 446 tulerit,
241 421 296 441 non
318 413 439 441 utalicui
459 413 651 448 pmdicmum
682 419 775 440 rerum
795 415 914 444 noceat,

119 460 165 487 sed
191 463 222 486 ut
239 459 267 486 in
283 459 517 487 oriscoutumclia
533 466 591 486 rem
606 458 772 494 przccipuam
794 464 917 493 pessum-

119 507 175 539 det,
189 513 288 541 nempe
320 505 501 541 religionem;
522 509 588 533 tunc
606 505 715 532 demum
737 504 809 532 haud
836 511 916 539 aequo

119 553 214 579 animo
226 551 353 587 iujuriam
367 555 422 586 pati
434 551 580 586 jubemur,
597 559 631 578 ue
649 551 788 586 patientia
802 550 916 578 obtentu

120 597 296 625 audaciorem
313 597 426 632 impium
440 597 599 629 reddamus,
619 605 672 625 neu
689 596 800 625 silentio
815 603 917 631 augea-

120 651 183 671 mus
211 643 281 671 hosti
293 643 412 675 animos,
427 650 483 678 quo
494 643 591 678 pietati
604 643 774 678 petulantius
790 643 915 670 insultet.

122 689 190 717 lluic
203 689 284 717 divus
303 690 384 717 etiam
421 689 535 723 Paulus,
559 698 608 718 ceu
635 691 761 718 sincerus
775 689 917 724 Evangelii

120 736 282 771 discipulus,
311 737 448 772 sapienter
480 742 614 772 praecepto
638 737 731 772 paruit
746 737 770 754 ³³
789 757 796 764 .
813 736 922 764 Idcirco

120 782 200 810 ctiam
218 783 328 810 tribuno
344 783 498 811 Romanum
514 783 778 814 incussittimorem,
793 790 827 810 ne
841 783 917 811 salu-

121 828 155 854 tis
178 828 305 863 propriae,
325 836 408 862 quam
436 828 516 856 facile
536 830 665 864 consequi
690 834 807 865 poterat.
845 829 917 856 ultro

119 873 242 907 proditor
253 873 403 906 videretur,
416 882 449 902 ac
459 875 569 909 pictatis
579 875 690 903 cederet
705 875 827 903 inimico.
854 875 917 902 Ideo

120 919 238 954 denique
259 919 416 948 uberrimus
447 927 494 948 eos
519 921 652 955 repressit
690 921 916 953 relutationibus.

121 965 168 1000 qui
193 965 319 1001 religioni
346 967 501 994 calumnias
526 967 730 996 struebant”.
749 967 781 995 Et
806 967 916 1003 quidem

121 1011 338 1040 fortissimarum
366 1019 478 1047 quoque
494 1017 648 1048 martyrum
675 1013 801 1049 egregius
815 1013 917 1041 chorus

121 1058 253 1086 adversus
278 1063 409 1094 tyrannos
427 1058 462 1086 ob
491 1059 616 1087 eamdem
643 1067 755 1087 causam
781 1059 918 1087 constanti

121 1104 212 1139 lingua
227 1104 369 1141 ﬁrmisque
391 1105 479 1134 oculis
505 1107 673 1139 armabatur,
692 1107 820 1142 pietatem
853 1114 918 1134 ora-

122 1151 196 1178 tione
215 1155 305 1183 tuens,
323 1159 355 1179 ac
370 1152 576 1187 superstitionis
593 1152 727 1188 ﬂagitium
750 1159 916 1188 coax-gneus.

121 1196 217 1230 Quoad
233 1198 306 1224 enim
327 1201 460 1232 tyrannus
485 1204 578 1225 veram
597 1198 683 1233 ipsam
713 1199 917 1226 accusationem

121 1244 241 1278 maligno
256 1245 350 1271 animo
361 1243 527 1276 dissimulat,
537 1244 598 1272 aliis
607 1244 715 1272 interim
730 1245 918 1280 sycophantiis

121 1298 171 1318 ceu
186 1290 351 1325 quibusdam
381 1290 587 1318 Velitationibus
615 1291 744 1318 athletam
761 1299 892 1319 exercens
909 1312 917 1324 ,

122 1337 203 1364 silere
223 1340 335 1371 prastat
362 1336 567 1372 clementerque
600 1337 752 1365 molestiam
770 1337 837 1372 pati.
863 1337 918 1365 Ve-

123 1391 183 1411 rum
198 1383 243 1410 ubi
259 1383 346 1410 aulaeo
361 1382 482 1415 sublato.
499 1383 571 1411 haud
591 1383 649 1419 jam
674 1389 839 1419 personatus
851 1392 920 1412 con-

123 1434 164 1456 tra
191 1428 352 1464 religionem
385 1428 544 1463 aggreditur
567 1428 700 1462 fabulam,
727 1434 785 1456 tum
802 1429 919 1464 denique

122 1475 229 1502 strenui
243 1475 293 1502 viri
310 1479 365 1508 est,
382 1479 479 1502 etcum
503 1474 560 1502 Deo
574 1480 681 1511 gratum
704 1482 773 1510 opus
788 1480 845 1502 tum
864 1474 919 1502 Do-

965 236 1011 255 ται
1026 227 1072 255 τὸν
1084 228 1207 263 ἔλεγχον.
1224 228 1279 255 Καὶ
1301 228 1356 264 γὰρ
1383 229 1422 264 τῷ
1453 229 1502 263 μὲν
1526 229 1567 261 είς
1598 228 1762 265 ἀργύριονῆ

966 273 1064 307 κτῆσιν
1082 272 1167 308 ἀλλην
1179 274 1226 300 καὶ
1241 273 1308 300 αὐτὸ
1320 274 1350 300 τὸ
1364 273 1444 308 σῶμα
1465 273 1516 308 τὴν
1531 273 1634 309 ζημίαν
1656 274 1763 310 ὑπομέ-

966 327 1038 346 νοντι
1053 318 1092 355 μὴ
1103 319 1306 353 ἀντεπεξιέναι,
1320 321 1498 356 παραχωρεῖν
1512 320 1540 347 δὲ
1557 320 1597 356 τῷ
1608 322 1694 357 κριτῇ,
1708 320 1765 348 τῶν

967 365 1046 398 ὅλων,
1062 367 1111 402 τῆς
1134 367 1249 403 εἰρήνης
1274 367 1341 397 Θεδς
1365 367 1507 394 ἐπιτάττει
1532 367 1583 402 τὴν
1609 367 1763 403 ἐκδίκησιν.

967 412 1092 440 Ἐπειδὰν
1106 413 1134 440 δέ
1148 422 1192 445 τις
1202 414 1251 445 τὰς
1264 413 1374 446 ἀδίκους
1387 413 1497 449 ὲκτείνῃ
1509 415 1604 449 χεῖρας
1624 413 1675 449 οὐχ
1687 414 1765 445 ὅπως

966 459 1007 490 είς
1020 468 1048 486 τι
1063 459 1121 486 τῶν
1138 459 1292 496 εἰρημένων
1324 459 1374 495 τὴν
1397 460 1499 495 βλάϐην
1524 459 1671 493 ἑνσ-τίξειεν
1680 479 1693 492 ,.
1704 459 1755 486 ἀλλ

968 506 997 533 ὲν
1008 507 1041 542 τῇ
1056 506 1103 533 τοῦ
1117 505 1266 542 προσώπου
1283 506 1361 542 ὕϐρει
1381 507 1412 533 τὸ
1438 506 1660 541 πρεσϐευόμενον
1674 505 1765 541 λωϐήξ

968 560 1048 588 σηται
1060 552 1109 588 τὴν
1123 552 1267 579 εὐσέϐειαν
1279 552 1347 587 (18),
1362 552 1427 579 τότε
1444 552 1482 587 μὴ
1507 551 1602 587 φέρειν
1631 551 1768 588 ῥᾳθύμως

967 599 1017 635 τὴν
1031 599 1112 635 ὓϐριν
1126 599 1366 635 προσταττόμεθα,
1378 598 1447 634 μηδὲ
1459 599 1523 633 σιγῇ
1537 598 1762 632 συγκατασκευάμ

968 646 1026 682 ζειν
1038 645 1078 681 τῷ
1090 645 1181 681 ἐχθρῷ
1201 645 1248 673 τὸν
1269 644 1500 681 προπηλακισμὸν
1516 644 1564 670 τοῦ
1579 643 1753 678 σεϐάσματος

967 691 1079 727 Ταύτην
1090 691 1139 718 καὶ
1149 691 1165 717 ό
1173 691 1246 722 θεῖος
1258 689 1380 721 Παῦλος,
1387 690 1434 716 ἆτε
1445 689 1478 724 δὴ
1492 690 1604 724 γνήσιος
1617 688 1665 715 τοῦ
1679 688 1763 723 λόγου

970 737 1105 773 μαθητὴς,
1122 738 1151 764 ὲν
1167 737 1249 773 σοφίᾳ.
1267 736 1317 771 τὴν
1327 735 1438 771 ἐντολὴν
1453 734 1670 770 κατωρθώσατο’
1682 734 1768 761 τοῦτο

970 785 1020 820 μὲν
1042 784 1162 819 Ἐλύμαν
1180 784 1225 811 τὸν
1243 783 1331 819 μάγον
1357 783 1413 818 (19)
1434 781 1646 809 ἐπιϐουλεύοντα
1658 780 1697 816 τῷ
1711 788 1766 815 κη-

970 831 1091 868 ρύγματι
1103 831 1230 867 στερήσει
1240 830 1294 856 τῶν
1305 830 1404 864 ὄψεων,
1417 827 1590 856 ἀναστέλλων
1599 835 1629 854 τε
1640 826 1688 853 τοῦ
1701 826 1765 852 τολ-

971 878 1097 913 μήματος
1111 878 1159 904 καὶ
1170 877 1248 911 δίκην
1260 875 1384 903 ἀπαιτῶν
1395 883 1400 889 ·
1413 873 1493 901 τοῦτο
1515 873 1545 900 δὲ
1565 871 1604 908 τῷ
1627 871 1770 908 χιλιάρχῳ

967 925 1013 952 τὺν
1035 924 1190 959 Ῥωμαϊκὸν
1202 923 1331 950 ἐπισείων
1347 922 1440 957 φόϐον,
1454 922 1497 949 ἵνα
1507 921 1559 956 μὴ,
1573 921 1637 957 ῥᾷον
1650 920 1680 946 ὃν
1693 919 1764 946 ἀνα-

968 971 1121 1004 σώσασθαι,
1136 971 1187 1006 τῆς
1201 969 1338 1005 σωτηρίας
1354 969 1489 1004 προδότης
1507 967 1574 1003 ἁλῷ,
1590 966 1637 993 καὶ
1657 965 1697 1000 τῷ
1711 965 1764 1000 τῆς

968 1016 1111 1048 εὐσεϐείας
1135 1015 1422 1050 ὑποκατακλινόμενος
1445 1012 1536 1048 ὲχΘρῷ
1549 1020 1557 1027 ³
1573 1010 1693 1038 τοῦτοδὲ
1709 1018 1766 1046 μαι

968 1064 1046 1098 κροϊς
1061 1061 1248 1097 ἐπιστομίζων
1264 1061 1386 1096 ἐλέγχοις
1413 1059 1478 1093 τοὺς
1501 1059 1552 1094 τὴν
1577 1056 1769 1091 συκοφαντίαν

968 1108 1041 1135 κατά
1054 1107 1105 1143 τῆς
1120 1107 1240 1139 πίστεως
1258 1105 1486 1138 συσκευάζοντας.
1499 1104 1555 1132 Kal.
1569 1103 1626 1130 τῶν
1642 1101 1770 1129 καλλινίο

968 1163 1026 1181 κων
1040 1152 1069 1181 δὲ
1086 1153 1236 1189 μαρτύρων
1249 1153 1264 1180 ό
1278 1152 1350 1184 θεῖος
1363 1151 1443 1187 χορὸς
1454 1151 1499 1178 διά
1511 1150 1562 1186 τὴν
1573 1148 1660 1184 αὐτὴν
1671 1147 1764 1174 αἰτίαν

969 1200 1038 1237 πρὸς
1052 1201 1116 1233 τοὺς
1126 1200 1279 1236 τυράννους
1291 1197 1528 1235 ἐπαρρησιάζοντο
1535 1195 1665 1230 ἀπτοήτῳ
1673 1193 1771 1228 γλώσι

969 1256 1004 1284 σῃ
1019 1247 1068 1274 καὶ
1077 1246 1249 1282 δυσωπήτοις
1259 1246 1410 1281 ὀφθαλμοῖς
1421 1244 1468 1271 τὸν
1482 1244 1552 1279 ὑπὲρ
1561 1243 1612 1278 τῆς
1619 1241 1764 1272 εὐσεϐείας

968 1293 1047 1327 λόγον
1063 1293 1244 1328 συνείροντες,
1257 1292 1364 1327 καὶτῆς
1380 1291 1509 1322 ἀσεϐείας
1527 1290 1557 1316 τὸ
1572 1288 1714 1323 δύσφημον
1724 1287 1765 1314 διε

969 1340 1138 1375 ελέγχοντες.
1153 1339 1198 1366 Ἑν
1215 1337 1256 1371 οἷς
1270 1339 1325 1374 μὲν.
1336 1338 1392 1374 γὰρ
1401 1339 1415 1365 ό
1428 1338 1561 1374 τύραννος
1572 1336 1619 1363 τδν
1632 1334 1680 1362 τοῦ
1691 1343 1769 1370 μαρο

969 1387 1065 1423 τυρὶου
1082 1386 1161 1421 λόγον
1177 1386 1252 1414 ἔνδον
1272 1385 1436 1421 κακούργως
1457 1382 1702 1418 ἀποκρυπτόμενος
1714 1380 1766 1407 ἆ).-

969 1433 1030 1466 λαις
1042 1433 1196 1469 ὲπηρείαις,
1205 1432 1299 1468 ὥσπερ
1307 1431 1362 1458 τισὶ
1372 1430 1616 1466 προαγωνίσμασι,
1624 1427 1671 1455 τὸν
1680 1426 1767 1461 ἀθλη-

969 1479 1020 1515 τὴν
1034 1478 1191 1514 δοκιμάζει,
1210 1478 1289 1514 σιγᾷν
1301 1477 1413 1512 ἄμεινον
1428 1476 1476 1503 καὶ
1497 1475 1592 1511 πράως
1607 1474 1700 1510 φέρειν
1715 1471 1771 1507 τὴν

124 1521 217 1550 miuici
228 1521 290 1549 lacti
298 1521 438 1554 aemulum,
448 1521 538 1548 verbis
550 1521 762 1549 adversantibus
770 1521 820 1553 uti.
829 1528 866 1548 net

1024 1524 1111 1561 (λησιν
1124 1533 1133 1542 ο
1151 1524 1262 1551 ὲπειδάν
1276 1524 1304 1551 δὲ
1319 1524 1369 1560 τὴν
1384 1522 1488 1558 σκηνὴν
1500 1520 1641 1552 διαλύσας,
1657 1518 1766 1554 ἀπρόσ-

124 1576 170 1603 per
185 1567 324 1595 silentium
340 1567 421 1594 malis
454 1567 634 1594 histrionibus
656 1567 705 1594 Dei
726 1566 829 1594 cultum
854 1574 920 1602 pro-

123 1616 187 1642 dere
200 1623 215 1648 ;
228 1614 283 1640 imo
295 1621 365 1641 vero.
382 1614 456 1641 hunc
480 1613 515 1640 ab
529 1612 603 1640 omni
629 1603 819 1640 criminatione
838 1617 921 1647 atque

125 1662 226 1696 impetu
243 1659 392 1692 vindicare,
409 1663 467 1686 tum
478 1658 600 1687 veridica
612 1659 720 1687 scilicet
731 1659 855 1687 oratione
861 1664 919 1687 tum

123 1707 207 1734 etiam
228 1706 314 1733 animi
341 1705 517 1733 strenuitate.
552 1704 637 1732 Nocet
660 1704 760 1740 aliqu-is
780 1705 921 1740 pecuniae,

125 1756 211 1790 agris,
227 1753 269 1781 vel
295 1752 523 1780 contumeliosam
546 1759 658 1787 quoque
679 1759 790 1779 manum
812 1752 920 1787 corpori

125 1802 226 1830 ιιίῐυηῗι
246 1801 382 1837 patienter
403 1800 476 1828 ferre
505 1800 595 1833 decet,
612 1800 767 1828 constantia
796 1800 922 1835 mitigare

126 1848 274 1876 iracundiae
298 1847 447 1880 ﬂammam,
464 1847 614 1882 damnique
632 1851 790 1881 contemptu
808 1846 922 1874 insatia-

125 1897 206 1924 bilem
227 1894 350 1923 avaritiae
374 1894 448 1921 sitim
475 1893 610 1920 inlu'bere.
635 1893 688 1920 Ubi
712 1897 802 1920 tamen
827 1892 922 1928 piacu-

125 1944 223 1971 lariqu
244 1947 326 1977 atque
348 1941 496 1976 impiorum
513 1940 611 1972 instar,
627 1939 735 1968 honesti
747 1939 833 1967 moris
847 1946 923 1966 asse-

125 1990 174 2016 claa
201 1988 398 2022 religionisque
423 1993 574 2021 pracones,
602 1985 637 2012 ab
662 1985 760 2013 harum
788 1985 921 2012 virtutum

125 2035 253 2062 hostibus
279 2033 460 2061 traducentur
492 2032 630 2067 malisque
656 2032 837 2064 irretientur,
857 2036 923 2058 tunc

127 2080 198 2108 haud
213 2079 289 2106 taciti
313 2078 444 2113 injuriam
462 2077 649 2113 perferemus;
666 2077 712 2104 sed
741 2078 808 2112 quia
828 2077 922 2112 iniqua

127 2127 250 2162 patimur
278 2125 328 2160 pii,
343 2129 371 2152 et
384 2125 449 2160 quia
469 2123 611 2160 Evangelii
632 2124 755 2152 sacrario
775 2124 816 2151 vis
838 2123 923 2151 infer-

125 2179 180 2207 tur,
194 2175 286 2200 mente
299 2171 445 2207 linguaque
461 2170 632 2199 audebimus.
672 2169 739 2197 Nam
758 2178 820 2198 eum
849 2170 923 2206 prio-

127 2227 156 2247 re
173 2226 265 2246 rermn
296 2216 619 2245 conditione-silentium
645 2216 723 2244 mirae
751 2216 861 2243 virtutis
882 2216 920 2244 si-

125 2265 265 2300 gniﬁcatio
295 2269 348 2294 est.
373 2263 527 2299 posteriore
556 2267 648 2290 tamen
675 2262 699 2290 si
716 2262 796 2297 ,forte
825 2269 919 2289 vocem

125 2312 328 2343 contineamus,
346 2310 494 2346 impietatis
514 2309 657 2337 audaciam
673 2313 774 2337 contra
784 2309 921 2344 evangeli-

126 2365 190 2384 cum
204 2357 318 2385 vcrbum
335 2363 518 2384 csacuemus.

167 2549 190 2566 η
205 2539 264 2566 Act.
280 2545 343 2572 nn,
366 2538 394 2566 8.
423 2539 522 2568 “Act.
542 2541 669 2572 “11.25.

970 1581 1046 1600 ωπον
1069 1572 1119 1608 τὴν
1133 1571 1205 1599 κατά
1220 1571 1269 1606 τῆς
1281 1570 1424 1602 εὐσεϐείας
1436 1569 1592 1604 εἰσέρχεται
1602 1566 1764 1602 κωμῳδίαν,

970 1620 1033 1647 τότε
1044 1619 1088 1654 δὴ,
1104 1618 1165 1646 τότε
1184 1618 1310 1652 γενναῖόν
1325 1626 1355 1643 τε
1370 1615 1518 1650 καὶ-φίλον
1538 1614 1609 1650 Θεῷ,
1638 1612 1686 1640 καὶ
1712 1612 1764 1647 τῆς

972 1665 1142 1700 Δεσποτικῆς
1156 1663 1289 1700 ἐργασίας
1304 1662 1432 1698 μίμησις,
1452 1660 1643 1693 ἀντεπεξιέναι
1662 1658 1771 1695 λόγοις,

971 1711 1019 1739 καὶ
1035 1711 1072 1746 μὴ
1087 1711 1121 1746 τῇ
1141 1710 1231 1745 σιωπῇ
1250 1708 1405 1744 προδιδόναι
1423 1708 1484 1738 ταῖς
1504 1705 1662 1741 κωμῳδίαις
1675 1704 1706 1731 τὸ
1719 1704 1768 1730 λα-

973 1758 1151 1795 τρευόμενον·
1170 1757 1296 1793 κρεῖττον
1309 1755 1338 1782 δὲ
1353 1754 1485 1791 παρέχειν
1495 1752 1582 1787 λαϐῆς
1597 1751 1707 1786 ἀπάσης
1720 1749 1772 1777 καὶ

975 1804 1124 1840 συσκευῆς,
1136 1803 1217 1831 τοῦτο
1238 1803 1287 1839 μὲν
1299 1802 1412 1837 ἀληθέσι
1426 1801 1527 1836 λόγοις,
1537 1798 1653 1826 τοῦτοδὲ
1666 1797 1705 1832 τῷ
1716 1796 1769 1832 τῆς

972 1850 1064 1886 ψυχῆς
1079 1849 1287 1885 παραστήματι.
1308 1847 1356 1879 Et;
1369 1845 1502 1883 ἀργύριόν
1518 1853 1564 1877 τις,
1583 1841 1774 1873 ἐπιϐουλεύει,

972 1899 1012 1929 είς
1027 1896 1140 1932 ἀγροὺς,
1157 1896 1174 1931 ἢ
1196 1895 1244 1921 καὶ
1261 1895 1342 1930 χεῖρα
1367 1892 1474 1927 ὕϐρεως
1496 1889 1703 1918 ὲπανατείνεται
1726 1887 1772 1923 τῷ

973 1943 1080 1978 σώματι
1093 1950 1101 1976 ;
1117 1941 1287 1974 ἀνεξικάκως
1301 1939 1435 1975 προσήκει
1456 1937 1561 1973 φέρειν,
1589 1933 1769 1971 μακροθυμίᾳ

972 1989 1152 2025 διαπραΰνειν
1164 1987 1196 2014 τδ
1216 1987 1384 2021 φλεγμαῖνον
1397 1984 1448 2020 τῆς
1466 1983 1562 2019 ὀργῆς,
1579 1982 1626 2008 καὶ
1646 1979 1694 2016 τῆς
1707 1979 1770 2014 φιλ-

973 2035 1120 2071 αργυρίας,
1152 2033 1285 2069 ὀλιγωρίᾳ
1309 2032 1362 2068 τῆς
1389 2030 1502 2066 ζημίας,
1531 2027 1709 2056 ὑποστέλλειν
1736 2025 1774 2052 τὰ

973 2082 1125 2118 ἄπληστον.
1147 2080 1217 2108 ’Λλλ’
1231 2080 1270 2112 ὡς
1297 2080 1414 2114 ἐναγεῖς,
1429 2078 1468 2109 ὡς
1491 2077 1600 2109 ἀσεϐεῖς
1625 2076 1690 2108 τοὺς
1716 2075 1770 2111 τῆς

973 2129 1074 2164 ἀρετῆς
1087 2126 1207 2164 ἐργάτας
1223 2127 1271 2153 καῖ
1286 2126 1336 2160 τῆς
1347 2125 1490 2156 εὐσεϐείας
1503 2124 1654 2160 κη’ρυκαςό
1665 2122 1770 2157 ταύτης

974 2172 1083 2201 ἐλαύνει
1100 2172 1198 2209 ἐχθρὸς
1210 2173 1259 2199 καὶ
1272 2172 1369 2203 κακοῖς
1390 2170 1587 2206 παραδίδωσιν,
1597 2169 1629 2196 οὐ
1641 2169 1704 2203 σιγῇ
1718 2167 1771 2203 τὴν

975 2221 1053 2257 ὕϐριν
1065 2221 1187 2256 οἴσομεν,
1202 2219 1261 2246 ἀλλ’
1275 2218 1315 2250 ὡς
1328 2218 1409 2245 ἄδικα
1432 2217 1483 2253 μὲν
1509 2217 1662 2251 πάσχοιμεν
1687 2214 1771 2240 εὐσε-

975 2268 1087 2299 ϐοῦντες
1104 2267 1192 2299 αὐτοὶ,
1211 2266 1291 2293 ἄδικα
1304 2265 1334 2292 δὲ
1347 2263 1493 2299 πάσχοιλτὺ
1513 2262 1613 2289 σεπτὸν
1643 2260 1691 2288 τοῦ
1717 2269 1771 2297 κη-

978 2315 1130 2350 ρύγματος,
1145 2313 1192 2339 καὶ
1210 2311 1310 2348 γνώμῃ
1325 2311 1374 2338 καὶ
1384 2309 1495 2345 γλώσσῃ
1507 2306 1769 2345 παρῤησιασόμεθα.

959 2377 961 2379 -
978 2361 1054 2388 Ἐκεῖ
1074 2360 1125 2396 μὲν
1140 2359 1196 2396 γὰρ
1210 2359 1226 2394 ὴ
1246 2358 1311 2392 σιγὴ
1322 2357 1478 2393 θαυμασίας
1496 2355 1570 2383 ἐστὶν
1587 2354 1688 2390 ἀρετῆς
1699 2354 1771 2380 ὐπο-

975 2408 1099 2439 τύπωσις
1111 2415 1119 2422 ·
1135 2405 1257 2433 ἐνταῦθα
1269 2405 1299 2432 δὲ
1311 2404 1340 2431 τὸ
1356 2404 1437 2439 σιγᾷν
1450 2401 1707 2438 καταθρασύνεσθαι
1721 2400 1774 2427 τοῦ

975 2454 1055 2488 λόγου
1073 2452 1173 2488 μᾶλλον
1191 2450 1352 2488 παρακαλεῖ.
1366 2449 1417 2485 τὴν
1434 2449 1573 2477 ἀσέϐειαν.

911 2611 1029 2640 NOTAE.

166 2684 222 2719 (l8)
239 2682 337 2710 Cicero
350 2682 383 2719 Ain
399 2681 447 2709 0r.
465 2686 522 2719 post
537 2681 593 2708 red.
607 2681 633 2707 in
652 2688 710 2709 seu.
731 2689 757 2713 v,
772 2681 930 2719 et_l‘{actan-

131 2717 196 2750 tius,
212 2719 280 2745 Inst.
299 2725 327 2747 ν.
345 2717 373 2750 9,
389 2722 471 2752 caput
497 2717 592 2744 dicunt
608 2717 850 2752 partemrhomiuis
866 2724 929 2744 san-

129 2755 292 2783 ctissimam.
308 2751 526 2780 Photius'autem
541 2759 662 2786 auagoge
676 2751 783 2779 nititur.

166 2789 222 2824 (19)
244 2787 352 2823 Elymus
368 2787 683 2824 vocabulum‘signilicat
704 2786 817 2814 Persam
838 2786 927 2824 (Poly-

131 2821 228 2852 chi‘ou.
249 2821 287 2851 atl
300 2824 370 2851 Dan.
382 2831 443 2858 cap.
458 2831 507 2853 vlt,
527 2821 651 2857 2).Magi
670 2827 761 2858 autem
777 2830 864 2857 genus
879 2821 928 2848 ho-

131 2860 236 2888 minum
251 2857 527 2888 Persarumjl’hotio
552 2865 650 2884 nomcu
670 2857 811 2892 propriqu
834 2857 927 2885 visum

979 2686 1021 2708 est
1034 2680 1153 2715 Elymus.
1172 2680 1212 2708 Ad
1231 2681 1304 2708 hunc
1315 2682 1433 2715 Actuum
1456 2679 1666 2714 apostolicorum
1682 2678 1778 2707 locum

979 2714 1134 2751 respetiisse
1173 2716 1293 2743 arbitror
1312 2750 1316 2751 ν
1335 2714 1515 2751 Menandrum
1548 2715 1723 2751 historicum_
1746 2715 1774 2751 in

982 2749 1125 2786 Excerplis
1151 2759 1166 2778 a
1195 2758 1239 2778 me
1252 2750 1334 2778 editis
1347 2750 1571 2786 Porphyrogeniti
1597 2750 1628 2785 (ι.
1653 2749 1674 2786 ll
1703 2749 1776 2786 coll.

980 2786 1039 2813 Vat.
1073 2785 1113 2820 'p.
1145 2786 1208 2821 559)
1242 2787 1288 2813 ubi
1320 2791 1410 2821 exstat
1440 2785 1607 2820 epigramma
1628 2785 1680 2821 Vde
1719 2785 1781 2821 alio

978 2829 1058 2855 mago
1072 2820 1224 2850 recentiore
1241 2821 1323 2850 Persa
1338 2820 1508 2856 praedictioni
1523 2820 1686 2856 evangelica!
1699 2820 1771 2848 obsi—

979 2862 1078 2884 Sleutt‘.
