1881 3077
91 149 126 179 73
622 145 672 175 AD
687 144 983 175 AMPHILOCHIUM
1003 143 1175 180 QUi‘ESTIO
1194 143 1218 174 I.
1690 142 1726 174 ἠ

78 226 81 230 .
129 204 173 232 ιϐ’.
193 203 343 238 Ὑπάγοιτο
353 203 376 230 δ’
389 203 422 230 ἂν
437 203 476 239 τῷ
489 202 564 239 αὒτῷ
573 200 624 238 τῆς
634 203 798 239 διακρίσεως
808 203 884 238 τύπῳ

1010 223 1016 230 .
1036 202 1122 229 Porro
1138 203 1170 229 ad
1186 201 1342 236 exemplum
1368 200 1538 228 dislirlminis
1552 201 1652 229 sistere
1665 201 1727 228 licet

94 251 140 278 καὶ
152 252 167 277 6
185 250 312 282 ’Δνανίας
326 251 374 277 καὶ
389 250 406 284 ἡ
421 249 566 285 Σάπφειρα
582 249 621 284 τῷ
636 249 778 285 κορυφαίῳ
789 249 884 281 ποινὰς

93 296 333 332 εἰσπραττόμενοι,
347 296 395 322 καὶ
412 296 428 330 ὴ
445 295 498 327 ἕως
512 295 745 332 ἐϐδομηκοντάκες
756 295 826 321 ἑπτὰ
842 295 886 321 ἐν·

91 342 156 376 τολὴ
171 341 309 377 μετροῦσα
327 342 384 372 τοῖς
412 341 604 376 ἁμαρτάνουσι
625 341 675 376 τὴν
702 331 885 376 σύγχώρησιν.

93 388 148 413 Καὶ
164 388 220 422 γὰρ
235 387 280 413 διὰ
297 387 346 422 μὲν
361 387 411 422 τῆς
424 387 535 422 ἐντολῆς
549 387 630 418 αὑτός
652 395 683 413 τε
704 387 809 422 Πέτρος
839 385 887 412 καὶ

93 434 174 467 ἡμεῖς
188 433 223 459 τὰ
236 433 279 464 εἰς
291 432 408 463 ἑαυτοὺς
420 426 611 467 ἁμαρτῇιατα
625 432 756 464 πολλάκις
777 433 887 467 ἀφιέναι

91 477 278 512 διδασκόμεθα
291 485 299 492 ·
313 477 364 512 τὴν
378 476 400 503 δ’
414 477 455 507 εἰς
477 476 509 503 τὸ
531 477 610 503 Θεῖον
633 476 713 511 ὕϐριν
729 476 791 503 οὔτε
815 486 887 513 παρ-

91 523 158 558 ορᾷν
173 520 285 556 ἐντολὴν
300 521 409 556 ἔχομεν,
426 520 489 547 οὗτε
508 521 636 556 παρεῖδεν
651 522 767 552 ἐκεῖνος,
796 521 825 552 ὃς
854 529 887 554 γε

91 568 158 598 τοὺς
169 566 345 607 ἠσεϐηκότας
358 567 407 592 καὶ
430 565 648 600 νοσφισαμένους
672 566 722 601 μὲν
737 565 772 592 τὰ
786 565 888 599 ἀναθή-

92 621 180 648 ματα,
195 612 386 647 ψευσαμένους
418 611 447 638 δέ
474 611 506 637 τὸ
534 611 646 646 Πνεῦμα
673 612 702 638 τὺ
722 611 811 645 ἅγιον,
839 612 889 646 τὴν

93 658 215 693 ἐσχάτην
233 657 312 692 δίκην
325 657 460 692 άπῂτησε.
477 657 531 683 Ναὶ
542 657 574 692 δὴ
589 656 637 683 καὶ
649 656 662 683 δ
675 656 721 683 τοῦ
735 657 888 692 κορυφαίου

94 705 145 738 μέν
159 703 317 738 συνόμιλος,
332 703 383 730 οὐκ
398 703 523 730 ἐλάττοσι
543 702 571 729 δὲ
593 702 749 738 πρεσϐείοις
772 703 826 729 τῶν
844 702 892 730 άλ-

94 750 149 775 λων
168 748 300 784 μαθητῶν
313 747 404 783 φέρων
416 748 447 774 τὸ
460 748 619 783 προνόμιον,
631 747 738 774 Παῦλον
750 747 822 782 λέγω
837 748 890 775 πά-

92 794 138 820 λιν
151 794 198 820 τὸν
213 794 265 828 τῆς
276 793 441 828 οἰκουμένης
455 792 616 819 διδάσκαλον
628 801 636 808 ·
649 793 718 819 ἀλλὰ
738 792 793 827 γὰρ
812 791 891 825 οὗτος

89 840 109 865 ὁ
124 839 196 869 θεῖος
206 838 278 873 ἀνὴρ
292 839 322 864 ἐν
334 838 373 872 τῷ
387 838 495 872 λέγειν’
517 846 526 863 ι
544 837 688 871 Εὗλογεῖτε
701 838 764 869 τοὺς
779 837 888 864 διώκον-

94 893 147 916 τας
161 884 243 919 ὑμᾶς·
261 883 409 918 εὐλογεῖτε,
430 884 479 910 καὶ
503 883 541 919 μὴ
558 883 726 918 καταρᾶσθε,
746 893 755 910 ι
776 884 823 910 καὶ
837 884 890 910 πά·
906 877 926 904 Β

93 930 150 956 λιν·
167 938 177 955 ι
193 929 368 963 Ἀλέξανδρος
384 929 398 955 ὁ
413 929 532 964 χαλκεὺς
540 929 626 955 πολλὰ
640 929 715 955 κακά
730 937 775 964 μοι
793 929 894 956 ἐνεδεί-

97 976 175 1008 ξατο,
196 983 207 1000 ι
243 974 395 1009 ἀπολυθείη
414 975 448 1001 ἂν
469 975 520 1009 τῆς
541 974 673 1009 δοκούσης
699 974 894 1006 ἐναντιώσεως.

95 1022 136 1049 Ἰὸ
153 1022 204 1057 μὲν
219 1021 274 1056 γὰρ
293 1021 371 1056 δίκην
381 1021 472 1047 δοῦναι
487 1021 533 1047 τὸν
547 1021 699 1056 ἠδικηκότα
721 1020 892 1057 ἐπαρᾶσθαι,

95 1069 112 1095 ὸ
131 1066 365 1103 προπηλακισμδς
378 1068 451 1093 ποιεί
466 1066 512 1093 καὶ
527 1067 542 1092 ὸ
554 1066 672 1101 πόλεμος
686 1065 732 1093 τοῦ
749 1066 896 1101 κηρύγμα-

94 1122 155 1145 τος.
172 1110 210 1140 ὧν
222 1113 345 1144 ἐπαίτιος
369 1112 418 1139 καὶ
439 1111 632 1147 Ἀλέξανδρος·
651 1113 682 1138 τὸ
705 1111 734 1138 δέ
759 1111 898 1146 εὐλογίαις

96 1159 265 1194 ἀμείϐεσθαι
276 1159 339 1190 τοὺς
362 1157 504 1194 ὑϐριστὰς,
519 1158 563 1192 ἐφ’
579 1155 621 1189 οἷς
643 1158 684 1189 είς
704 1158 778 1194 ἡμᾶς
796 1158 897 1189 αὐτοὺς

97 1205 146 1231 τὸν
160 1204 283 1239 διωγμὸν
296 1204 480 1239 παλαμκῖινται
490 1224 497 1236 ,
511 1203 699 1230 διατέτακται.

134 1307 173 1330 κ’.
191 1303 250 1329 Οὐκ
261 1302 352 1336 ἀγνοῶ
362 1302 392 1329 δέ
409 1302 446 1334 ὼς
469 1303 520 1329 οὐκ
540 1302 611 1338 ἀρᾶς
629 1302 738 1337 ἐπέχειν
751 1301 830 1336 λόγον
859 1301 899 1337 τῷ

98 1348 241 1382 θεσπεσίῳ
260 1347 360 1382 Παύλῳ
371 1347 421 1379 τὰς
436 1347 502 1382 περὶ
515 1347 562 1374 τοῦ
577 1347 702 1382 χαλκέως
726 1347 817 1381 φωνὰς
832 1346 899 1373 ἔνιοί

100 1399 198 1425 φασιν,
215 1390 285 1417 ἀλλὰ
298 1391 453 1426 πρόρρησιν
470 1391 572 1426 μᾶλλον
584 1389 654 1417 εἶναι
673 1391 727 1417 τῶν
746 1391 898 1426 μελλόντων

99 1437 186 1463 αὐτὸν
197 1436 242 1463 ἐπ’
255 1436 364 1471 ἐσχάτῳ
374 1437 468 1463 δεινῶν
477 1436 699 1472 καταλαμϐάνειν
716 1435 901 1463 δυσσεϐοῠντά

101 1491 134 1509 τε
147 1482 197 1509 καὶ
209 1483 255 1509 τὸν
267 1483 340 1509 κατὰ
354 1482 403 1518 τῆς
417 1482 560 1513 εὐσεϐείας
573 1483 689 1509 πνέοντα
707 1482 840 1516 πόλεμον·
854 1482 900 1509 καὶ

935 249 1068 276 Ananiam
1080 253 1162 284 atque
1177 248 1350 283 Sapphiram,
1361 249 1407 283 qui
1430 247 1619 283 apostolorum
1649 247 1728 282 prin-

935 296 990 330 cipi
1019 302 1116 331 ptzenas
1141 294 1330 329 dependerunt
1350 294 1391 326 “,
1413 294 1533 328 itemque
1565 293 1727 320 mandatum

936 342 1002 369 illud
1018 348 1073 377 quo
1089 340 1269 376 peccantibus
1297 332 1494 375 indulgentiam
1510 340 1666 374 scptuagies
1678 349 1727 369 se-

936 389 1006 424 pties
1021 387 1154 423 impertiri
1172 387 1301 422 iubemur
1317 386 1350 414 ".
1365 386 1437 414 Sane
1454 386 1506 413 ltoc
1522 391 1660 422 precepto
1669 392 1727 415 tum

935 435 997 469 ipse
1023 433 1123 461 Petrus
1153 436 1211 459 tum
1236 440 1289 460 nos
1314 432 1349 460 de
1371 432 1562 460 condonandis
1587 433 1728 461 multoties

937 481 1070 508 adversus
1085 487 1136 507 nos
1150 479 1268 514 peccatis
1278 478 1459 506 admonemur
1476 486 1483 504 :
1500 479 1647 512 caeteroqui
1663 486 1730 506 con-

938 526 1078 553 tumeliam
1103 524 1235 552 adversus
1256 523 1340 550 Deum
1365 530 1455 558 neque
1477 530 1528 550 nos
1554 523 1730 551 dissimulare

936 571 1075 605 iubemur.
1093 576 1183 604 neque
1209 568 1268 602 ipse
1288 567 1406 602 neglexit
1435 566 1517 599 Deus,
1531 574 1547 594 a
1560 573 1616 601 quo
1629 566 1668 593 rei
1683 567 1730 602 qui

938 615 1061 651 seposito
1072 621 1151 642 sacro
1166 614 1264 649 pretio,
1289 613 1403 648 Spiritui
1424 617 1522 640 sancto
1546 612 1653 639 mentiti
1672 611 1731 639 fue-

939 666 1012 695 rant,
1037 668 1148 690 summo
1170 660 1304 696 supplicio
1329 659 1419 687 aﬂ‘ecti
1441 653 1574 686 'l‘uerunt.
1602 658 1732 686 Profecto

939 709 1022 735 etiam
1038 707 1172 742 principis
1201 706 1304 737 socius,
1322 710 1405 740 atque
1416 705 1488 732 haud
1506 704 1661 732 minoribus
1675 712 1733 732 me-

941 754 1002 782 ritis
1024 754 1094 781 inter
1126 752 1196 780 alios
1222 751 1372 787 discipulos
1402 751 1583 786 praerogativa
1622 750 1731 785 fulgens

941 801 1065 837 (Paulum
1083 807 1180 827 rursus
1197 799 1259 826 dico
1282 797 1376 825 mundi
1405 797 1600 831 magistrum);
1619 795 1673 828 hic,
1694 797 1734 823 in-

941 855 1036 882 quam,
1052 845 1161 873 divinus
1178 844 1218 872 vir
1228 844 1277 879 qui
1290 844 1396 871 dixerat
1412 852 1419 870 :
1440 852 1449 868 ι
1469 842 1626 869 Benedicite
1634 849 1734 876 perse-

941 892 1088 928 quentibus
1100 898 1159 923 vos,
1167 889 1320 918 benedicite
1329 894 1356 916 et
1364 896 1398 916 ne
1410 888 1580 916 maledicatis
1589 888 1611 903 "'
1621 897 1647 921 ν
1660 888 1732 915 idem

944 947 1006 966 cum
1021 942 1116 973 postea
1131 937 1172 964 sic
1187 946 1194 964 :
1215 945 1225 962 ι
1242 935 1395 963 Alexander
1420 934 1535 962 aerarius
1551 934 1636 961 multa
1667 933 1734 961 mihi

946 985 1015 1012 mala
1028 984 1137 1012 intulit:
1148 982 1280 1010 retribuat
1293 981 1333 1009 illi
1343 981 1475 1008 Dominus
1484 980 1636 1008 secundum
1651 986 1734 1014 opera

944 1031 1005 1066 ejus
1016 1031 1055 1064 ἐς
1075 1039 1085 1056 ι
1102 1030 1197 1057 eodem
1222 1028 1323 1063 ell‘ugio
1344 1026 1506 1062 expedietur
1525 1026 1559 1053 ab
1586 1028 1736 1060 appat‘ettte

945 1077 1170 1107 contradictione.
1203 1075 1326 1110 Namque
1348 1079 1378 1101 ut
1408 1074 1571 1108 imprecetur
1588 1072 1735 1099 vindictam

946 1133 1009 1156 reo,
1040 1126 1216 1158 contemptus
1243 1125 1325 1156 atque
1351 1120 1518 1156 oppugnatio
1538 1118 1676 1154 Evangelii
1707 1118 1735 1146 in

946 1177 1030 1198 causa
1044 1174 1097 1200 est,
1113 1175 1230 1204 quorum
1255 1174 1319 1194 reus
1344 1166 1497 1193 Alexander
1511 1174 1517 1192 :
1533 1172 1627 1192 verum
1653 1163 1737 1190 bene-

946 1215 1112 1243 dictionibus
1125 1212 1295 1241 remunerari
1307 1211 1467 1244 oﬂ'ensores,
1479 1214 1613 1245 quatenus
1629 1211 1738 1235 nosmet

948 1261 1139 1297 persecutione
1151 1262 1319 1294 oppugnant,
1335 1257 1360 1285 id
1377 1257 1487 1284 demum
1504 1260 1669 1290 praeceptum
1682 1259 1735 1282 est.

982 1309 1029 1338 ‘20.
1046 1308 1106 1336 Non
1133 1308 1229 1343 ignoro
1244 1306 1371 1341 equidem
1401 1312 1499 1339 negare
1529 1303 1689 1333 nonnullos.
1704 1310 1736 1329 ea

948 1364 1009 1392 quas
1026 1355 1105 1382 divus
1116 1353 1216 1381 Paulus
1233 1352 1266 1380 de
1281 1351 1378 1379 :erario
1389 1350 1466 1383 dicit,
1481 1350 1604 1377 dirarum
1621 1349 1675 1375 vim
1689 1348 1739 1375 ha-

949 1402 1030 1434 bere;
1048 1400 1094 1428 sed
1107 1398 1268 1426 vaticinium
1284 1397 1371 1431 magis
1392 1403 1454 1423 esse
1469 1402 1612 1430 poenarum
1622 1401 1684 1428 quae
1699 1394 1740 1427 ip-

950 1454 1011 1475 sum
1030 1445 1146 1479 denique
1160 1447 1327 1478 correptum:
1341 1444 1428 1472 erant,
1443 1439 1557 1474 impium
1574 1438 1700 1465 videlicet
1712 1441 1740 1464 et

950 1492 996 1528 qui
1016 1489 1140 1525 religioni
1156 1488 1256 1516 bellum
1273 1486 1409 1515 conﬂabat
1427 1495 1434 1512 :
1454 1489 1537 1519 atque
1557 1484 1607 1511 has
1635 1490 1739 1518 praaco-

101 1526 193 1554 ταῦτα
206 1529 462 1563 προανακηρύττειν
487 1528 534 1554 καὶ
561 1528 732 1563 ὑπογράφειν
748 1528 792 1554 διὰ
808 1528 884 1563 ρημά

1006 1546 1013 1564 ι
1028 1533 1300 1569 Paulum'designare
1311 1532 1403 1559 verbis
1415 1531 1469 1559 illis
1485 1536 1567 1565 atque
1575 1529 1738 1564 praedicere;

101 1582 162 1600 των
177 1573 225 1600 τὸν
240 1575 352 1610 κήρυκα
366 1582 373 1589 ·
390 1573 450 1608 ἃμα
463 1574 512 1609 μὲν
527 1574 577 1608 τῆς
591 1573 725 1608 τοσαύτης
736 1573 838 1608 λύσσης
853 1573 900 1600 τὸν

101 1618 267 1652 ἀποστάτην
280 1618 434 1652 ἀπάγοντα,
449 1617 517 1652 ἆμαη
532 1618 560 1644 δὲ
577 1618 624 1645 καὶ
637 1619 694 1650 τοῖς
723 1616 900 1644 συναθλοῧσιν

101 1665 257 1699 εἰσάγοντα
271 1664 457 1700 παραμύθιον,
475 1664 505 1690 τὸ
523 1663 615 1691 δοῦναι
629 1664 708 1698 δίκην
728 1664 838 1695 πάντως
854 1663 901 1690 τὸν

103 1711 295 1746 ἐπηρεαστὴν,
311 1711 379 1746 μηδέ
400 1710 493 1737 λαθεῖν
508 1710 551 1744 ἐφ’
566 1706 607 1741 οἷς
619 1710 716 1745 ἔδρασε
726 1710 756 1736 τὺ
772 1710 822 1744 τῆς
836 1709 902 1744 Προ-

103 1758 184 1788 νοίας
201 1756 336 1792 ἀλάθητον
351 1764 358 1772 ·
375 1756 408 1783 δι’
422 1753 464 1783 ὢν
475 1756 523 1783 καὶ
542 1755 598 1783 τῶν
617 1755 722 1782 πολλῶν
739 1755 803 1786 τοὺς
818 1755 901 1782 ὀκλά-

104 1804 206 1836 ζοντας
223 1802 420 1837 ἀνακτώμενον
434 1810 463 1828 τε
486 1801 533 1828 καὶ
557 1801 626 1836 πρὸς
643 1801 674 1827 τὺ
699 1800 816 1836 θαρρεῖν
844 1800 903 1826 ἐστι

108 1849 227 1884 συνορᾷν
252 1847 435 1881 ἐπανάγοντα.
453 1845 524 1881 Ἐγὼ
535 1846 564 1872 δέ
582 1847 607 1872 εί
622 1846 671 1880 μὲν
689 1844 814 1880 μηδαμοῦ
831 1844 902 1872 κατὰ

105 1894 165 1921 τῶν
200 1893 432 1920 ἐπιϐουλευόντων
462 1891 501 1927 τῷ
532 1891 649 1926 δόγματι
685 1890 822 1926 μηδεμίαν
863 1887 903 1915 εἳ-

105 1941 156 1967 δον
177 1941 235 1970 τοῖς
263 1939 352 1973 ἁγίοις
373 1937 592 1974 ἢὰγανάκτησιν
612 1937 628 1972 ἦ
655 1937 825 1971 ἐπιτίμησιν,
850 1936 903 1962 οὐδ’

106 1983 194 2015 αὐτὸς
203 1984 237 2010 ἃν
247 1983 427 2018 ἀποστροφὴν
439 1982 523 2018 ἄλλην
536 1981 688 2017 ἐποιούμην
699 1981 749 2016 τῆς
759 1980 905 2016 νομιζομέ-

106 2039 162 2064 νης
178 2030 239 2057 νυνὶ
257 2029 360 2064 μάχης,
376 2028 394 2064 ἢ
407 2029 458 2064 τὴν
472 2028 628 2063 πρόρρησιν
642 2035 649 2041 ·
668 2026 726 2054 ἀλλ’
741 2027 755 2053 ὃ
767 2034 800 2061 γε
818 2026 906 2061 μάγος

115 2077 238 2112 Ἐλύμας
253 2075 364 2111 πλήρης
388 2075 438 2110 μέν
461 2073 562 2106 παντὸς
582 2073 670 2105 δόλου,
686 2073 794 2108 πλήρης
812 2073 841 2099 δέ
857 2073 906 2108 ρα-

107 2123 265 2157 ὃιουργίας,
282 2121 338 2153 υίὸς
349 2121 378 2148 δέ
399 2119 612 2154 καταϐοώμενος
633 2119 758 2146 διαϐόλου
768 2140 776 2152 ,
792 2119 839 2145 καὶ
853 2118 908 2145 πά-

109 2178 164 2206 ςῃς
178 2168 355 2204 δικαιοσύνης
367 2167 481 2203 ἐχθρός·
498 2167 546 2194 καὶ
569 2167 602 2201 δὴ
619 2167 667 2194 καὶ
688 2166 774 2197 αὑτάς
800 2164 908 2201 πικρῶς

951 1576 1015 1610 dum
1025 1589 1080 1609 una
1095 1580 1188 1608 studet
1203 1587 1218 1607 a
1234 1583 1309 1606 tanto
1324 1578 1417 1605 furore
1428 1581 1580 1611 apostatam
1598 1581 1738 1605 revocare,

950 1635 976 1657 et
992 1629 1051 1657 suis
1066 1628 1166 1663 pariter
1188 1625 1271 1654 sociis
1298 1625 1422 1652 laborum
1441 1622 1562 1651 solamen
1579 1621 1739 1652 insinuare;

951 1680 1095 1711 propterea
1111 1673 1184 1709 quod
1197 1671 1338 1699 malelicus
1351 1670 1464 1698 omnino
1489 1667 1643 1704 puniendus
1659 1666 1739 1694 l'oret.

953 1729 1041 1756 neque
1051 1720 1248 1747 omnituentem
1266 1716 1448 1744 Providentiae
1459 1714 1570 1742 oculum
1591 1712 1661 1739 facta
1679 1711 1741 1745 ejus

954 1768 1078 1795 laterent.
1092 1766 1181 1800 Atque
1196 1764 1240 1791 his
1265 1762 1451 1790 locutionibus
1470 1760 1618 1787 multorum
1636 1757 1741 1785 demis-

953 1821 1000 1841 sos
1014 1812 1120 1839 animos
1134 1809 1202 1845 erigi
1214 1818 1227 1836 a
1242 1809 1327 1836 Paulo
1338 1813 1365 1836 et
1379 1808 1411 1835 ad
1424 1806 1550 1834 ﬁduciam
1565 1803 1687 1831 revocari
1702 1802 1743 1829 vi-

954 1859 1062 1886 demus.
1085 1857 1218 1892 Equidem
1234 1856 1256 1883 si
1272 1861 1408 1889 nusquam
1426 1858 1568 1880 cernerem
1584 1853 1741 1878 sanctor-tun

954 1904 1095 1931 hominum
1115 1906 1212 1929 contra
1236 1899 1372 1935 dogmatis
1396 1898 1489 1925 hostes
1513 1894 1684 1923 iracundiam
1703 1893 1744 1921 vel

955 1949 1146 1980 invectionem,
1171 1946 1244 1974 haud
1265 1945 1338 1972 aliud
1353 1944 1482 1979 eﬂugium
1509 1941 1643 1970 simulata:
1661 1940 1744 1975 hujus

956 1994 1142 2030 repugnantia:
1153 1999 1305 2028 quarerem
1316 1999 1398 2026 quam
1413 1988 1587 2016 vaticinium.
1602 1987 1655 2015 Sed
1669 1987 1743 2014 enim

956 2049 1019 2069 cum
1035 2047 1130 2074 magus
1145 2038 1255 2073 Elymas
1269 2037 1366 2072 plenus
1383 2035 1457 2063 omni
1470 2035 1545 2067 dolo,
1560 2033 1661 2069 plenus
1692 2031 1742 2059 l‘al—

957 2087 1026 2115 lacia
1040 2090 1066 2113 et
1080 2085 1180 2113 diaboli
1208 2084 1281 2111 ﬁlius
1296 2083 1415 2115 dicatur,
1432 2086 1513 2116 atque
1529 2080 1620 2107 omnis
1632 2079 1746 2114 justiti-a2

959 2133 1044 2160 hostis
1058 2133 1080 2148 "
1095 2140 1103 2164 ;
1118 2137 1235 2166 cumque
1259 2129 1331 2157 idem
1358 2128 1446 2156 oculis
1471 2126 1570 2154 acerbe
1597 2125 1745 2156 multetur;

959 2177 1040 2204 verba
1053 2176 1164 2210 insuper
1174 2174 1264 2209 paries
1278 2172 1419 2200 dealbatus
1428 2171 1450 2187 ‘°
1462 2171 1531 2206 (sive
1539 2170 1561 2196 is
1571 2169 1747 2204 pontiﬁcatus

110 2216 296 2251 ἀφῃρημένος
315 2214 365 2245 τὰς
391 2213 468 2248 ϐψεις
482 2213 528 2240 καὶ
551 2213 565 2239 ό
589 2212 783 2247 κεκονιαμένος
805 2213 884 2246 τοῖχοι

1006 2222 1076 2258 ignia
1092 2228 1184 2248 coram
1205 2227 1275 2247 caeso
1291 2218 1414 2253 apostolo
1433 2217 1554 2252 gerebat,
1570 2215 1628 2242 sive
1643 2216 1747 2247 secus,)

111 2263 170 2287 εἴτε
193 2260 225 2287 τὸ
253 2259 303 2294 τῆς
327 2258 534 2294 ἀρχιερωσύνης
565 2257 648 2293 ἔφερε
672 2256 834 2292 τυπτομένῳ
866 2255 906 2291 τῷ

111 2306 219 2342 ἀθλητῇ
235 2306 391 2342 γνώρισμα,
408 2305 463 2331 εἴτε
480 2305 527 2331 καὶ
543 2304 581 2339 μή
593 2312 600 2319 υ
618 2305 665 2331 καὶ
688 2304 739 2330 ὅσα
768 2303 817 2338 μὲν
839 2302 908 2330 ἄλλα

114 2353 169 2388 πρὸ
183 2353 302 2389 βραχέος
315 2351 433 2387 εἴρηται,
443 2351 493 2378 ὅσα
505 2351 534 2377 δὲ
544 2350 592 2378 καὶ
606 2350 660 2377 τῶν
673 2349 812 2386 ῥηθέντων
826 2348 908 2376 πλέον

115 2397 259 2433 πανταχοῦ
283 2397 332 2432 τῆς
356 2397 433 2430 ἱερᾶς
458 2396 575 2431 φέρεται
604 2396 728 2430 Γραφῆς.
748 2394 830 2421 Ἀλλὰ
852 2394 908 2430 γὰρ

115 2443 206 2471 ταῦτα
217 2443 251 2478 δὴ
260 2444 348 2470 ταῦτα
361 2442 497 2478 λαμπρῶς
513 2442 543 2469 οὐ
556 2442 650 2477 κοινὴν
661 2442 716 2469 οὐδ’
731 2440 842 2476 ἀσφαλῆ
856 2441 907 2476 τὴν

117 2489 164 2517 διὰ
175 2489 226 2524 τῆς
244 2489 426 2525 προρρήσεως
440 2489 601 2524 καταφυγήν
618 2497 663 2522 μοι
677 2487 842 2514 δεικνύουσι.

154 2539 209 2563 ια’.
226 2535 301 2570 Πλὴν
312 2535 379 2570 ἡμῖν
389 2534 438 2569 οὐχ
448 2535 596 2570 ἑρμηνείας
609 2534 657 2561 νῦν
670 2534 809 2569 ἀκρίϐεια,
822 2541 911 2568 παρα-

119 2582 257 2618 δείγματα
270 2582 300 2609 δέ
317 2581 398 2617 μόνον
413 2581 592 2616 ζητημάτων,
605 2577 642 2607 ὦν
658 2581 675 2616 ή
688 2580 765 2612 λύσις
774 2580 910 2615 γυμνάζει

121 2635 176 2660 ται,
197 2627 426 2663 πραγματεύεται
438 2635 445 2641 ·
461 2628 523 2653 ἐπεὶ
536 2627 582 2653 καὶ
600 2627 683 2662 ἀλλην
702 2626 765 2653 τινὰ
783 2624 843 2652 οἶδα
861 2633 909 2652 του

124 2674 305 2710 προκειμένου
323 2673 406 2710 ῥητοῦ
420 2673 594 2709 διασάφησιν,
614 2673 674 2708 ἥτις
696 2673 743 2699 καὶ
764 2673 814 2708 τὴν
840 2671 911 2706 ἀρὰν

125 2721 171 2747 καὶ
184 2721 235 2756 τὴν
253 2720 407 2756 πρόρρησιν
421 2720 616 2752 ἀποκλίνουσα,
634 2719 711 2746 οὐδὲν
724 2717 842 2754 χαλεπὸν
854 2717 909 2744 οὐδ’

177 2819 200 2834 ²⁵
212 2819 273 2846 Act.
293 2826 320 2851 ν,
338 2818 362 2846 Ι.
399 2818 422 2835 ¹⁶
436 2817 531 2846 Matth.
549 2825 626 2850 xvnt,
641 2816 687 2845 '22.

131 2859 209 2886 um.
217 2853 247 2881 ὃ.

744 2817 765 2832 ¹⁷
778 2815 857 2843 Rom.
875 2823 925 2849 xtl,
942 2813 982 2841 Η.

958 2273 986 2296 et
1003 2271 1137 2303 quotquot
1153 2266 1235 2301 paulo
1245 2269 1308 2292 ante
1334 2264 1405 2291 dicta
1418 2267 1493 2294 sunt,
1505 2265 1532 2289 et
1549 2267 1609 2296 quae
1620 2259 1749 2294 pluradi-

959 2315 1011 2343 ctis
1028 2314 1055 2341 in
1080 2320 1159 2341 sacra
1177 2311 1281 2347 passim
1297 2310 1441 2344 Scriptura
1463 2308 1606 2338 feruntur;
1622 2306 1688 2336 haec,
1705 2304 1748 2330 in-

960 2367 1058 2395 quam,
1095 2357 1236 2385 evidenter
1267 2354 1415 2382 admodum
1443 2353 1510 2380 mihi
1540 2351 1748 2380 demonstrant,

960 2393 1042 2439 quam
1055 2410 1106 2430 nec
1124 2400 1236 2429 obvium
1250 2406 1340 2435 neque
1355 2403 1444 2426 tutum
1456 2396 1492 2424 ad
1503 2393 1671 2431 prophetiam
1689 2399 1749 2426 per-

961 2450 1067 2485 fugium
1082 2449 1129 2476 sit.

997 2527 1043 2553 2L
1061 2525 1113 2553 Sed
1138 2524 1211 2552 enim
1231 2522 1304 2550 haud
1327 2525 1454 2549 accurata
1487 2518 1685 2553 interpretatio,
1699 2516 1750 2544 sed

962 2571 1086 2606 exempla
1102 2573 1183 2597 modo
1206 2569 1402 2604 quaestionum,
1427 2573 1490 2593 cum
1507 2564 1675 2592 solutionum
1691 2567 1751 2590 ten-

964 2619 1075 2649 Iatnine,
1093 2617 1161 2644 mihi
1176 2623 1249 2642 nunc
1261 2615 1288 2641 in
1300 2613 1426 2640 manibus
1444 2616 1518 2639 sunt.
1539 2610 1608 2637 Nam
1627 2615 1653 2638 et
1670 2609 1752 2637 aliam

964 2666 1027 2693 novi
1043 2665 1233 2701 praedictorum
1248 2661 1392 2689 verborum
1412 2659 1638 2690 declarationem,
1651 2666 1712 2693 quae
1738 2666 1753 2685 ιι

964 2712 1030 2741 diris
1056 2711 1138 2739 simul
1153 2708 1335 2743 vaticiuioque
1360 2706 1512 2740 declinans,
1526 2705 1594 2732 nihil
1609 2711 1691 2740 grave
1707 2710 1754 2731 aut

1041 2810 1062 2826 ’⁸
1073 2809 1095 2837 ll
1112 2808 1183 2836 Tim.
1201 2816 1237 2841 tr,
1255 2806 1299 2834 Li.
1356 2807 1378 2823 ’⁵
1391 2805 1441 2834 Act
1454 2826 1460 2833 .
1480 2813 1540 2838 xm,
1557 2804 1600 2831 i0.
1653 2803 1675 2820 ³⁰
1691 2803 1751 2831 Λοι-
