1881 3077
111 143 146 174 ’Π

638 149 687 178 ΑΙ)
706 147 1001 179 AMPHILOCHIUM
1015 150 1187 186 QU/ESTIO
1211 149 1235 178 Ι.

1704 146 1740 177 78

112 203 206 232 θεῖσιν
220 204 312 231 πᾶσαν
324 204 409 240 ἄλλην
430 205 560 240 προνοίας
581 214 611 232 τε
631 206 680 233 καὶ
694 206 900 242 φιλανθρωπίας

996 215 1023 235 ac
1046 215 1079 235 ac
1093 207 1247 234 dilectionis
1266 206 1425 233 exhaustam
1443 204 1592 237 rationem,
1613 204 1740 232 Servatur

113 243 227 283 μέθοδον
241 249 256 276 ὸ
267 248 363 284 Σωτὴρ
375 249 422 275 τοῦ
432 249 528 284 γένους
541 250 605 282 τοὺς
619 251 664 278 διὰ
676 251 794 287 σταυροῦ
817 252 900 279 θάνα-

112 302 159 320 τον
171 293 247 329 αὐτῷ
259 294 458 327 ἐπενεγκόντας
471 295 614 331 ἀνέφερεν.

149 342 204 373 κγ’.
217 339 298 366 Ἀλλὰ
306 339 393 366 ταῦτα
404 339 453 375 μὲν
462 340 527 372 ἴσως
535 341 582 368 καὶ
592 341 642 376 τῆς
650 342 792 377 παρούσης
800 342 903 378 μακρό-

114 393 194 420 τερον
203 385 371 417 ὐποθέσεως·
382 386 465 420 χωρὶς
474 386 566 420 μέντοι
573 395 606 420 γε
612 388 666 414 τῶν
673 388 904 423 προεκτεθέντων.

115 429 165 455 καὶ
179 429 257 464 παρὰ
269 430 300 456 τὸ
315 429 406 456 διττὸν
417 429 463 456 τοῦ
478 431 611 465 ὀνόματος
633 432 795 468 συνταράξοι
817 432 851 459 ἄν
863 441 905 464 τις

115 475 147 500 τὸ
162 474 289 509 βούλημα
301 475 350 508 τῆς
362 476 474 511 Γραφῆς
484 477 534 503 οὐκ
551 477 581 503 ἐν
597 475 709 509 ὀλίγοις.
725 477 829 504 Αὐτίκα
846 486 856 503 ι
870 478 905 505 τὰ

115 519 191 546 κακὰ
210 521 259 547 καὶ
287 521 339 547 οὐκ
365 521 440 548 ἐστιν
460 521 479 548 ἃ.
502 522 541 557 μὴ
564 522 653 555 κτίζει
679 523 799 558 Κύριος
822 534 832 549 ι
847 524 905 556 καὶ,

118 574 129 591 ι
146 566 210 592 Τῶν
224 566 318 593 κακῶν
330 567 410 593 πάλιν
428 567 534 600 οὐδενός
548 569 622 596 ἐστιν
638 569 734 601 αίτιος.
751 579 760 595 ι
777 570 832 596 Καὶ
848 569 908 601 πῶς

117 613 152 639 ἂν
170 612 383 648 συμϐιϐασθείητ
396 613 492 646 ταῦτα,
506 615 531 640 εί
552 615 589 649 μὴ
604 615 635 641 τὸ
647 615 735 641 διττὸν
753 615 803 648 τῆς
817 615 908 650 φωνῆς

115 657 284 693 surripere;
301 659 376 685 κακά
397 659 447 694 μὲν
461 659 588 693 λέγεσθαι
611 660 715 696 κυρίως
729 660 764 686 τὰ
782 661 909 696 ἁμαρτή-

119 712 206 738 ματα,
223 700 262 730 ὧν
276 705 337 730 ἐστι
353 705 444 731 καὶτὸ
464 705 543 731 Θείον
564 705 700 732 ἀναίτιον·
720 706 794 733 κακά
808 705 838 732 6's
861 705 909 732 καὶ

117 749 154 776 τὰ
163 749 300 776 λυποῦντα
311 750 393 777 πάλιν
410 751 458 776 καὶ
467 750 615 786 ἀδούλητα,
625 753 704 783 νόσος
713 752 760 779 καὶ
769 751 849 778 πενία
861 751 909 778 καὶ

119 794 276 830 τραύματα,
288 796 369 831 ἀκρὶς
385 797 432 822 καὶ
441 795 554 832 βροῦχος
567 797 615 823 καὶ
627 797 739 833 ὲρυσίδη
753 798 799 824 καὶ
809 799 917 833 κάμπη·

121 843 169 869 καὶ
177 842 293 878 χάλαζα,
301 844 348 869 καὶ
357 844 408 870 ὃσα
417 844 485 871 ἄλλα
493 844 623 876 πολλάκις
632 845 649 880 ἡ
657 845 781 880 Πρόνοια,
794 845 844 876 τὰς
853 844 907 871 τῶν

121 888 357 924 πλημμελούντων
371 890 460 924 ὁρμὰς
472 890 684 923 ἀναστέλλουσα,
701 891 748 917 καὶ
761 891 816 917 τῶν
833 890 910 924 κηλί-

120 935 176 961 δων
194 935 429 970 ἀποκαθαίρουσα,
446 936 504 967 τοῖς
522 936 626 971 ὲνὸχοις
640 937 786 971 ἐπαφιέναι
809 938 855 964 καὶ
867 937 911 964 λέ-

121 988 202 1014 γεται
217 981 265 1006 καὶ
277 981 452 1007 πιστεύεται·
465 981 496 1013 οὺ
509 982 664 1009 κακῠνουσα
686 981 716 1009 τὸ
729 981 909 1017 ἀνθρώπινον,

119 1025 184 1051 οὐδὲ
199 1026 268 1060 πρὸς
280 1026 311 1052 τὸ
323 1027 414 1061 χεῖρον
428 1026 459 1052 τὸ
467 1026 664 1063 δημιούργημα
677 1028 910 1063 μεταπλάττουσα,

124 1068 162 1104 μή
176 1077 203 1095 τι
217 1068 330 1103 γένηται
343 1077 350 1084 ·
370 1070 516 1104 ἀπάγουσα
529 1071 558 1098 δὲ
574 1071 630 1098 τῶν
653 1072 826 1099 κακυνόντων
841 1072 910 1108 μᾶλ-

121 1113 179 1145 λον,
196 1114 244 1140 καὶ
263 1115 296 1149 τῇ
317 1114 478 1150 καταλλήλῳ
499 1116 546 1142 τοῦ
565 1117 708 1149 νοσοῦντος
724 1117 859 1154 θεραπείᾳ
880 1118 912 1145 τὺ

119 1156 303 1191 ὴρρωστηκὺς
310 1158 361 1192 τῆς
372 1157 484 1193 γνώμης
493 1160 561 1195 πρὸς
570 1160 600 1187 τὸ
606 1161 718 1195 ἄμεινον
725 1162 910 1195 ὲπανάγουσα.

122 1201 250 1228 Τοιοῦτον
273 1201 306 1228 ἂν
329 1202 374 1238 εῐη
397 1204 445 1230 καὶ
468 1204 509 1237 τὸ,
528 1214 538 1230 ι
563 1206 725 1241 Παρέδωκεν
744 1207 844 1240 αὐτοὺς
865 1207 913 1234 λα-

120 1246 231 1281 τρεύειν
247 1249 280 1283 τῇ
303 1250 419 1285 στρατιᾷ
432 1249 479 1276 τοῦ
494 1251 622 1286 οὐρανοῦ.
648 1261 658 1278 ι
680 1267 717 1273 -
733 1262 742 1279 ι
761 1253 816 1280 Καὶ
841 1262 913 1289 παρ-

120 1293 225 1320 έδωκεν
234 1294 332 1326 αὐτοὺς
340 1295 381 1326 είς
391 1296 464 1331 πάθη
476 1296 598 1331 ἀτιμίας.
605 1306 614 1322 ι
624 1312 658 1317 —
668 1306 678 1323 ι
688 1298 744 1325 Καὶ
755 1299 855 1325 ἔδωκεν
864 1299 913 1326 αὺ-

119 1340 178 1383 τοῖς
194 1339 303 1375 πνεῦμα
312 1341 655 1378 κατανύξεως,όφθαλμοῦς
666 1344 713 1371 τοῦ
726 1345 763 1380 μὴ
773 1345 910 1380 βλέπειν.»

121 1385 180 1419 Τῆς
193 1386 249 1421 γὰρ
259 1387 352 1421 φωνῆς
362 1388 393 1414 τὸ
403 1388 547 1424 ὁμώνυμον
562 1390 711 1423 κάνταῦθα,
724 1392 754 1417 οὺ
768 1392 848 1427 τυχὸν
864 1393 914 1426 μὲν

119 1430 297 1465 διακρίσεως,
316 1433 355 1464 εις
371 1434 487 1460 ἀτοπίαν
510 1435 656 1470 συστρέφει
679 1436 711 1462 τὸ
732 1436 831 1472 νόημα.
851 1438 914 1470 Πῶς

120 1475 179 1510 γὰρ
195 1476 242 1502 καὶ
257 1477 322 1503 πότε
336 1477 452 1513 ψυχικὸν
467 1479 545 1515 ὄμμα
566 1481 662 1515 τυφλοί
675 1482 690 1509 ὁ
711 1482 794 1516 Θε6ς;
813 1484 872 1516 πῶς
884 1484 913 1511 δὲ

952 252 1059 287 generis
1079 257 1204 279 auctores
1220 250 1272 278 sibi
1295 258 1343 286 per
1358 257 1466 277 crucem
1482 249 1558 278 necis
1573 253 1740 285 prosccutus

952 301 1007 324 est.

988 342 1034 369 25.
1066 341 1168 369 Verum
1199 341 1258 369 haec
1287 340 1405 368 fortasse
1430 340 1540 376 longius
1565 348 1580 367 a
1607 343 1743 374 praesente

954 387 1094 422 proposito
1110 387 1219 414 abeunt.
1237 386 1269 412 Et
1281 386 1390 421 quidem
1403 391 1500 420 praeter
1517 386 1650 413 hactenus
1659 385 1743 417 dicta,

956 433 1074 460 nominis
1086 439 1194 467 quoque
1211 432 1377 466 ambiguitas
1404 431 1476 458 haud
1501 439 1563 458 raro
1583 431 1641 458 ﬁeri
1656 434 1745 465 potest

956 483 986 505 ut
1005 478 1167 505 sententiam
1186 477 1340 505 conturbet.
1355 476 1456 510 Veluti,
1480 486 1489 502 ι
1510 476 1570 504 Νοιι
1586 481 1628 504 est
1640 477 1744 503 malum

956 524 1027 558 quod
1044 531 1097 551 non
1118 523 1201 550 faciat
1220 523 1354 550 Dominus
1364 523 1408 556 ³⁸;
1429 533 1439 549 ι
1462 530 1625 557 rursusque,
1641 531 1651 547 ι
1679 522 1745 549 Nul-

957 570 1010 596 lius
1024 569 1088 596 mali
1106 574 1203 596 auctor
1222 568 1355 596 Dominus
1369 572 1411 596 est
1428 568 1460 594 ³⁴.
1483 577 1492 594 υ
1511 567 1653 600 Quomodo
1674 567 1743 599 haec,

957 615 1081 649 inquam,
1096 620 1258 648 congruent,
1282 614 1336 641 nisi
1355 613 1512 648 ambiguum
1536 612 1662 640 vocabuli
1683 619 1746 640 sen-

958 668 1018 688 sum
1031 659 1201 695 distinguas?
1216 659 1285 686 Mala
1296 659 1401 686 scilicet
1413 658 1543 693 primario
1554 666 1636 686 sensu
1648 657 1746 685 dicun-

959 710 1004 733 tur
1026 710 1147 740 peccata,
1170 712 1288 740 quorum
1309 705 1381 732 Deus
1399 712 1483 732 causa
1511 713 1565 732 non
1587 709 1649 732 est:
1673 704 1745 731 mala

959 754 1089 786 praetcrea
1104 755 1168 778 sunt
1183 751 1226 777 illa
1243 758 1304 784 quae
1318 749 1443 778 molestia
1462 750 1595 782 alliciunt,
1612 749 1747 784 nobisque

960 796 1052 823 invitis
1072 796 1210 828 accidunt,
1236 796 1358 829 morbus,
1380 800 1537 831 paupertas,
1557 796 1682 827 vulnera.
1704 794 1748 822 lo-

961 844 1048 872 custa,
1063 840 1195 872 bruchus,
1212 840 1319 874 rubigo,
1331 848 1425 873 eruca,
1439 841 1552 875 grando,
1572 844 1598 867 et
1613 844 1749 874 quotquot

960 885 1013 913 alia
1028 893 1215 920 saepenumero
1232 885 1286 914 reis
1311 885 1420 913 immitti
1438 893 1453 912 a
1470 886 1561 913 divina
1579 885 1748 921 providentia

959 932 1087 960 dicuntur
1100 937 1182 967 atque
1197 931 1354 965 creduntur,
1370 932 1412 959 vel
1428 936 1458 959 ut
1468 936 1579 960 ruentes
1592 932 1624 959 ad
1638 935 1748 966 peccata

960 977 1088 1004 mortales
1105 977 1242 1010 cohibeat,
1264 978 1306 1005 vel
1333 983 1363 1005 ut
1388 977 1464 1005 labes
1488 977 1582 1005 abluat
1601 985 1608 1003 :
1632 977 1748 1005 minime

960 1030 1024 1050 vero
1036 1027 1066 1050 ut
1080 1022 1209 1057 depravet
1225 1023 1375 1050 humanum
1400 1030 1496 1058 genus,
1519 1029 1608 1057 neque
1623 1026 1653 1049 ut
1668 1021 1747 1056 pejo—

961 1076 1017 1095 rem
1033 1068 1216 1096 conditionem
1232 1074 1364 1096 creaturae
1379 1076 1435 1096 suae
1460 1068 1541 1095 faciat
1559 1067 1647 1100 Deus;
1674 1067 1748 1102 quod

960 1115 1048 1147 absit;
1068 1114 1123 1141 imo
1143 1115 1233 1149 potius
1255 1119 1285 1141 ut
1305 1122 1321 1141 a
1345 1114 1473 1142 vitiorum
1494 1114 1672 1141 irritamentis
1684 1113 1749 1140 abs-

962 1160 1062 1192 trahat,
1077 1164 1160 1194 atque
1182 1164 1212 1186 ut
1222 1167 1341 1194 congrua
1354 1159 1504 1186 laborantis
1518 1167 1596 1192 cura,
1610 1158 1748 1186 inlirmam

961 1205 1044 1232 animi
1056 1210 1159 1240 partem
1177 1205 1211 1232 ad
1233 1205 1374 1233 meliorem
1391 1205 1497 1240 frugem
1516 1209 1635 1233 revocet.
1654 1203 1750 1238 Hujus-

962 1250 1034 1277 modi
1057 1249 1109 1277 erit
1131 1250 1212 1277 etiam
1229 1250 1350 1278 locutio:
1367 1259 1376 1276 ι
1391 1249 1423 1278 Ει
1440 1250 1551 1278 tradidit
1572 1257 1621 1278 eos
1647 1249 1751 1278 servire

963 1295 1066 1323 militiae
1083 1295 1143 1323 cceli
1160 1295 1194 1323 ³⁷.
1211 1304 1220 1321 ι
1237 1310 1271 1316 -
1285 1304 1294 1321 ι
1314 1295 1347 1322 Et
1365 1296 1477 1323 tradidit
1490 1303 1537 1323 eos
1551 1296 1578 1323 in
1604 1295 1752 1331 passiones

964 1341 1120 1376 ignominiae
1136 1341 1170 1373 ³³,
1187 1350 1197 1367 ›
1217 1356 1253 1361 -
1270 1350 1279 1367 ι
1294 1340 1327 1368 Ει
1340 1340 1461 1369 dediteis
1479 1341 1603 1376 spiritum
1615 1348 1750 1376 compun-

963 1386 1072 1418 ctionis.
1093 1387 1188 1414 oculos
1209 1394 1244 1414 ne
1261 1386 1371 1413 vldeant
1385 1386 1419 1413 ".
1441 1395 1450 1412 ›
1467 1385 1534 1413 Nam
1550 1386 1674 1414 vocabuli
1698 1387 1751 1414 ho-

964 1432 1100 1468 monymia
1125 1432 1169 1459 hic
1192 1439 1312 1467 quoque,
1333 1431 1386 1458 nisi
1399 1430 1583 1463 discernatur,
1603 1431 1752 1458 absurdam

964 1479 1125 1507 sententiam
1146 1478 1226 1513 parit.
1242 1477 1385 1511 Quomodo
1401 1479 1473 1504 enim
1491 1481 1539 1504 aut
1563 1477 1674 1512 quando
1693 1476 1753 1503 anl-

122 1522 239 1549 πάθεσιν
250 1523 265 1549 ό
282 1524 387 1551 τούτων
399 1524 564 1561 καθαιρὲτης
579 1527 626 1554 καὶ
637 1528 750 1564 ἀσεϐείᾳ
765 1530 813 1556 καὶ
825 1529 911 1566 πλάνη

996 1534 1014 1553 aa
1033 1525 1142 1553 oculum
1164 1528 1280 1552 excaecat
1304 1523 1397 1551 Deus?
1411 1523 1550 1558 quomodo
1564 1522 1752 1558 passionibus,

121 1567 291 1602 παραδίδωσι
302 1577 310 1602 ;
326 1570 516 1606 Διακριθέντος
525 1572 556 1598 δὲ
565 1573 623 1604 τοῖς
642 1575 853 1609 σημαινομένοις
864 1576 911 1602 τοῦ

122 1612 258 1646 ῥήματος,
273 1614 373 1646 παντὸς
392 1615 407 1640 ὸ
421 1615 499 1649 λόγος
519 1617 685 1652 σοφίσματος
703 1618 860 1645 ἀπολύεται.
876 1619 913 1646 Τὸ

121 1658 190 1699 γάρ,
203 1658 371 1693 παρέδωκε,
390 1660 517 1695 σημαίνει
532 1662 581 1697 μὲν
600 1663 689 1690 καὶτὸ
703 1664 851 1698 ἐνεχείρισε
866 1664 914 1691 καὶ

122 1703 319 1739 παρέπεμψεν,
342 1705 359 1740 ἢ
380 1705 518 1741 συνώθησε.
537 1707 585 1734 καὶ
609 1707 761 1743 συνήλασε·
788 1708 914 1743 σημαίνει

121 1749 146 1775 δ’
160 1750 238 1776 οὐδὲν
261 1750 372 1778 ἔλαττον
392 1752 439 1778 καὶ
457 1752 574 1787 μάλιστά
589 1762 621 1787 γε
638 1754 677 1789 τῷ
699 1753 851 1790 βουλήματι
865 1755 914 1790 τῆς

122 1793 240 1829 Γραφῆς
255 1797 303 1822 καί⁸
317 1796 347 1822 τὺ
362 1799 546 1832 συνεχώρησε,
559 1798 702 1832 καθυφῆκε
713 1799 761 1825 καὶ
772 1799 912 1832 ἐνέδωκεν,

124 1840 200 1866 εἴασε
217 1840 350 1875 φέρεσθαι
366 1843 426 1873 ταῖς
442 1843 552 1877 ὁρμαῖς,
572 1843 663 1878 ἀφῆκε
682 1844 712 1870 τὺ
724 1843 848 1871 ἑκούσιον
863 1845 913 1872 αὑ-

123 1887 287 1914 τοδέσποτον
298 1895 306 1904 ·
322 1888 385 1915 καθ’
402 1889 416 1915 ὂ
433 1890 631 1924 σημαινόμενον
646 1891 853 1926 ὑπειλημμένου
867 1891 913 1919 τοῦ

125 1932 310 1967 παρέδωκεν,
330 1934 406 1961 οὐδὲν
424 1935 477 1962 τῶν
492 1935 656 1970 παραλόγων
675 1936 743 1968 ὅλως
758 1937 913 1972 ὑφίσταται.

132 1978 259 2012 Ἀφέλκει
276 1979 326 2014 μὲν
346 1979 399 2015 γὰρ
413 1980 443 2007 τὸ
460 1980 536 2007 Θεῖον
557 1981 631 2016 νόμῳ
647 1982 853 2018 φιλανθρωπίας
869 1983 916 2010 καὶ

127 2025 259 2058 προνοίας
271 2025 327 2051 τῶν
341 2025 436 2052 παθῶν
449 2026 496 2053 καὶ
509 2027 716 2062 ἁμαρτημάτων
734 2028 765 2055 τὸ
777 2028 916 2064 ἀνθρώπι-

128 2077 190 2096 νον*
209 2071 322 2098 ἐπειδὰν
338 2071 367 2098 δὲ
388 2072 538 2108 μοχθηρίας
553 2073 690 2109 ὑπερϐολῇ
703 2074 734 2100 τὸ
755 2074 916 2102 ἀναστελλό-

129 2124 210 2150 μενον
224 2116 275 2151 τῆς
294 2117 453 2152 εὐεργεσίας
464 2118 512 2144 καὶ
526 2119 636 2154 χάριτος
651 2119 701 2146 οὐκ
714 2120 847 2155 ἀνέχοιτο,
863 2121 917 2148 οὐδ’

128 2161 216 2187 ἐθέλοι
229 2161 271 2197 τῷ
287 2162 444 2197 μεθέλκοντι
460 2163 613 2196 πείθεσθαι,
629 2165 690 2191 τότε
705 2165 748 2201 δὴ,
761 2166 822 2193 τότε
831 2166 916 2193 ὑπεν-

127 2206 222 2233 δὶδωσι
245 2207 377 2242 φέρεσθαι
397 2210 430 2243 τῇ
447 2209 521 2245 ῥύμῃ
536 2209 566 2235 τὸ
580 2209 721 2243 ἀπειθοῦν,
743 2211 790 2238 καὶ
806 2212 917 2247 ἀφίησιν

128 2252 338 2287 ἀποκεχρῆσθαι
351 2253 389 2288 τῷ
402 2253 560 2289 βουλήματι,
572 2256 615 2282 ἵνα
632 2256 680 2292 μὴ,
696 2257 743 2283 ἐπὶ
759 2257 841 2284 πλέον
852 2259 918 2285 ἀνα-

131 2297 249 2323 στέλλων
262 2298 310 2324 καὶ
319 2298 499 2333 ἀναχαιτίζων
510 2300 558 2335 τῆς
569 2301 665 2336 ῥοπῆς,
676 2301 739 2337 δόξῃ
752 2302 918 2338 διαφθείρειν

129 2342 162 2368 τδ
185 2341 373 2374 αὐτεξούσιον·
398 2344 445 2370 καὶ
470 2344 487 2378 ἡ
515 2345 660 2380 εὐεργεσία
687 2347 735 2373 καὶ
762 2348 779 2383 ὴ
805 2347 918 2382 πρόνοια

131 2387 187 2418 τοῖς
206 2387 347 2422 ἀγνώμοσι
359 2387 406 2414 δια)⁸
419 2388 575 2424 ἀχαρίστοις
590 2391 630 2422 είς
645 2391 772 2427 ἔγκλημα
790 2393 918 2428 περιτρέ-

131 2439 209 2458 ποιτο
212 2452 219 2459 ι

166 2478 216 2505 κδ’.
232 2478 314 2506 Κατὰ
329 2479 408 2505 τοῦτο
425 2479 457 2515 δὴ
466 2481 496 2506 τὺ
511 2481 709 2517 σημαινόμενον
725 2482 785 2515 ἔθος
796 2482 854 2510 ἐστὶ
867 2492 920 2511 πα-

134 2524 357 2559 ραλαμωνεσοαι
370 2527 426 2558 τοῖς
442 2526 523 2561 ίεροῖς
535 2528 551 2561 ἡ
555 2527 614 2562 μῶν
624 2528 772 2563 Γράμμασι
783 2530 814 2556 τὸ
827 2529 920 2557 ἔδωκε

133 2571 180 2596 καὶ
195 2571 349 2605 παρέδωκε
368 2573 415 2599 καὶ
431 2572 458 2598 εἴ
473 2581 498 2599 τι
518 2573 653 2601 τοιοῦτον·
666 2575 735 2609 ὅπερ
749 2576 845 2603 οὐδένα
861 2576 920 2611 μῶ-

137 2625 185 2650 μον
197 2616 259 2643 οὐδὲ
276 2617 362 2653 λαῆὴν
379 2619 413 2654 τῇ
429 2618 619 2655 φιλανθρωπίᾳ
632 2621 680 2647 καὶ
700 2621 858 2657 δικαιοσύνῃ
872 2622 920 2649 τοῦ

135 2661 201 2688 Θεοῦ
223 2663 279 2689 οὐδ’
293 2664 445 2698 ἡντιναοῦν,
464 2664 502 2696 ὡς
519 2665 602 2693 πᾶσίν
623 2666 682 2692 ἐστι
693 2667 819 2702 φανερὸν,
834 2676 919 2704 προσ-

137 2708 225 2735 άπτει.
238 2709 318 2736 Οὕτω
336 2709 447 2744 λέγεται
465 2711 614 2747 σκληρῦναι
635 2712 716 2739 πάλιν
733 2714 783 2748 τὴν
807 2714 921 2748 καρδίαν

137 2753 251 2788 Φαραώ·
264 2755 314 2790 οὐχ
326 2755 367 2782 ὅτι
391 2755 482 2782 λαϐὼν
493 2757 619 2784 εἴκουσαν
634 2758 680 2784 καὶ
694 2758 859 2794 πειθομένην
872 2760 921 2786 αὺ-

138 2800 183 2826 τοῦ
202 2802 258 2832 τοῖς
276 2801 496 2837 προστάγμασιν,
511 2803 552 2834 είς
568 2803 599 2830 τὸ
622 2804 740 2840 σκληρὸν
756 2805 805 2832 καλ¹
820 2805 921 2842 ἀτέρα-

966 1572 1010 1599 ille
1027 1571 1072 1606 qui
1089 1571 1183 1598 harum
1199 1575 1330 1605 purgator
1345 1574 1397 1602 est,
1417 1574 1443 1597 et
1463 1569 1596 1604 impietati
1619 1573 1700 1603 atque
1712 1575 1753 1595 er-

966 1617 1021 1644 rori
1041 1616 1141 1643 tradit?
1160 1616 1300 1643 Distinctis
1321 1619 1412 1643 autem
1432 1615 1559 1643 vocabuli
1583 1614 1752 1647 nationibus.

966 1661 1040 1688 omni
1061 1661 1232 1689 cavillatione
1256 1662 1400 1696 expeditur
1425 1668 1527 1689 sermo.
1552 1661 1619 1688 Nam
1639 1661 1753 1687 verbum

967 1707 1078 1734 tradidit
1100 1707 1234 1743 signiﬁcat
1264 1714 1347 1734 sane:
1366 1707 1460 1734 alienae
1491 1707 1617 1741 potestati
1639 1707 1753 1738 dedidit.

967 1753 1129 1785 transmisit,
1142 1753 1274 1789 compulit
1293 1762 1299 1779 ε
1315 1753 1504 1785 nihilominus,
1522 1753 1577 1780 imo
1590 1760 1655 1779 vero
1665 1752 1752 1787 potis-

967 1800 1036 1826 sime
1047 1799 1199 1827 secundum
1225 1799 1381 1833 Scripturae-
1393 1807 1515 1832 sensum,
1540 1798 1686 1830 concessit,
1709 1798 1755 1824 in-

967 1845 1061 1876 dulsit,
1077 1844 1212 1879 permisit,
1230 1844 1296 1871 ferri
1320 1844 1384 1871 sivit
1409 1844 1510 1878 impetu
1526 1850 1587 1877 suo,
1609 1843 1754 1870 arbitrium

966 1898 1028 1918 esse
1050 1890 1165 1917 liberum
1197 1897 1294 1924 passus
1315 1894 1378 1916 est:
1404 1889 1480 1924 juxta
1509 1896 1592 1923 quam
1615 1890 1753 1916 notionem

967 1935 1050 1963 verbo
1069 1935 1181 1962 tradidit
1199 1934 1346 1966 intellecto,
1365 1934 1440 1962 nulla
1451 1934 1607 1962 absurditas
1621 1934 1754 1968 sequitur.

968 1983 1070 2009 Avocat
1082 1982 1154 2009 enim
1172 1982 1245 2008 Deus
1269 1981 1391 2016 ingenito
1414 1980 1545 2008 bonitatis
1568 1980 1757 2016 pr0videntiaa-

968 2034 1022 2061 que
1035 2034 1092 2054 suae
1109 2034 1185 2054 more
1198 2033 1214 2053 a
1224 2026 1400 2062 passionibus
1414 2033 1446 2053 ac
1465 2026 1585 2062 peccatis
1603 2026 1731 2054 homines
1748 2035 1756 2053 :

969 2076 1156 2099 verumtamen
1171 2071 1216 2099 ubi
1230 2072 1269 2104 hi,
1280 2076 1426 2106 superante
1440 2071 1554 2104 malitia,
1571 2071 1664 2099 frenos
1679 2079 1694 2098 a
1715 2072 1757 2098 tli-

969 2119 1031 2145 vina
1052 2117 1227 2145 beneﬁcentia
1255 2117 1396 2152 gratiaque
1423 2117 1539 2152 iniectos
1564 2117 1754 2152 indignantur,

970 2164 1120 2198 noluntque
1138 2163 1286 2191 retrahenti
1310 2170 1414 2190 morem
1441 2171 1546 2198 gerere,
1567 2167 1626 2190 tum
1645 2163 1756 2191 demum

968 2209 1033 2237 sinit
1054 2217 1136 2236 cursu
1159 2216 1209 2238 suo
1235 2213 1411 2236 contumaces
1433 2207 1513 2240 ferri;
1536 2213 1618 2244 atque
1643 2207 1758 2235 arbitrio

968 2255 1096 2283 abutendi
1121 2254 1229 2289 copiam
1258 2253 1344 2281 facit:
1368 2261 1402 2280 ne
1425 2254 1449 2280 si
1472 2252 1546 2280 'l'orte
1568 2252 1758 2280 vehementius

968 2300 1102 2328 inhiberet
1115 2307 1149 2327 ac
1162 2301 1273 2327 sisteret
1288 2299 1512 2334 propensionem,
1542 2298 1635 2326 libera!
1657 2298 1757 2325 volun-

969 2345 1032 2373 tatis
1056 2345 1213 2372 facultatem
1235 2344 1414 2380 pessumdare
1435 2344 1595 2371 vidcrctur:
1615 2347 1697 2377 atque
1721 2343 1757 2370 ita

970 2391 1102 2419 beneﬁcia
1116 2390 1236 2426 ejusdem
1251 2391 1293 2418 vis
1309 2398 1340 2417 ac
1353 2389 1522 2425 providentia
1538 2389 1702 2417 vecordibus
1717 2393 1760 2416 at-

970 2445 1023 2473 que
1037 2438 1148 2472 ingratis
1163 2437 1273 2465 crimini
1292 2441 1454 2464 verteretur.

1004 2483 1050 2511 ‘24.
1071 2482 1128 2510 Hac
1150 2483 1233 2518 igitur
1249 2483 1355 2510 ratione
1369 2482 1459 2510 solent
1479 2480 1631 2516 Scriptura;
1655 2485 1758 2507 nostrae

970 2529 1061 2558 verbis
1074 2529 1112 2557 uti
1125 2529 1196 2556 dedit
1216 2534 1243 2557 et
1258 2529 1368 2556 tradidit
1382 2533 1409 2555 et
1423 2528 1520 2555 horum
1542 2527 1679 2555 similibus
1694 2535 1702 2554 :
1730 2527 1758 2554 id

971 2576 1044 2612 quod
1070 2576 1175 2604 nullum
1197 2576 1327 2611 probrum
1350 2574 1510 2608 nullamque
1538 2581 1633 2602 ansam
1652 2570 1759 2608 vitupe-

973 2620 1048 2648 randi
1059 2619 1106 2647 Dei
1117 2619 1263 2647 bonitatem
1279 2618 1516 2653 atquejustitiam,
1541 2622 1572 2645 ut
1596 2618 1695 2653 cuique
1709 2625 1758 2645 ex—

973 2668 1106 2703 ploratum
1118 2669 1170 2699 est,
1187 2665 1268 2700 parit.
1288 2663 1334 2692 Sic
1350 2671 1458 2691 rursum
1475 2663 1548 2691 Deus
1560 2663 1660 2690 dicitur
1678 2662 1760 2689 indu-

972 2714 1077 2742 ravisse
1096 2720 1144 2740 cur
1171 2710 1322 2738 Pharaonis
1343 2709 1387 2737 ‘°:
1413 2718 1467 2737 non
1494 2709 1566 2744 quod
1592 2709 1659 2736 illud
1677 2707 1760 2735 molle

972 2759 1075 2795 pridem
1090 2758 1202 2792 suisque
1212 2756 1335 2791 jussibus
1347 2756 1444 2789 docile,
1460 2756 1493 2783 ad
1516 2756 1657 2788 duritiem,
1679 2755 1759 2789 perti-

974 2805 1091 2837 naciam,
1106 2803 1360 2837 contumaciamth
1374 2801 1539 2830 converterit
1552 2809 1559 2834 ;
1576 2801 1622 2828 sed
1637 2801 1701 2836 quia
1712 2800 1758 2829 diu

174 2860 196 2876 "
208 2860 293 2889 Amos
310 2869 352 2894 Ill,
372 2861 399 2889 6.
438 2862 460 2878 '°
472 2861 530 2891 Jac.
548 2870 566 2897 I,
588 2863 630 2891 l3.
669 2863 690 2880 ³⁷
706 2864 765 2892 Act.
780 2872 826 2898 VII,
844 2865 889 2894 42.
909 2867 911 2882 ³

997 2872 1025 2892 ιι.
1042 2871 1061 2897 ι,
1073 2863 1119 2891 26.
1158 2862 1180 2879 ³⁹
1196 2861 1275 2890 Rern.
1292 2869 1330 2896 ιι,
1350 2861 1378 2889 8.
1417 2861 1440 2877 ⁸ο
1454 2861 1540 2889 Exod:
1554 2868 1602 2894 vu,
1614 2859 1642 2888 5.
