1881 3077
110 106 147 137 '79
693 107 827 138 ΡΗΟΤῘΙ
845 109 859 138 Ι

991 109 1100 139 RCHIE
1115 109 1171 139 ΟΡ.
1716 112 1752 143 80

110 167 172 192 data
194 172 275 200 opera
301 169 330 192 ut
347 172 394 192 cor
415 164 480 192 illud
505 165 539 193 ab
562 165 745 193 inobedieutia
770 171 797 193 et
819 166 859 193 rei

991 176 1023 194 ιον
1039 167 1087 194 καὶ
1111 166 1224 198 ἀπειθὲς
1245 166 1445 202 μεταπλάσατο,
1465 167 1524 195 ἀλλ’
1546 168 1586 196 ὅτι
1610 169 1752 211 μεθέλκων

110 211 197 238 clario
209 211 305 246 spiritu
322 217 474 244 revocaret,
491 216 637 247 postquam
651 211 809 247 Egyptium
827 213 904 240 nullo

111 256 195 284 modo
220 257 360 284 cedentem
382 265 471 291 neque
492 258 526 284 ad
552 258 735 285 obedientiam
762 266 904 286 reversum

111 302 206 334 sensit,
223 302 278 329 imo
290 310 356 330 vero
372 310 401 330 se
416 307 503 329 tolmu
524 303 550 330 in
571 304 710 331 contraria
728 305 906 339 repugnanti-

111 356 164 382 que
187 349 321 376 sententia
346 349 557 381 obiirmautem;
586 349 658 377 Deus
692 350 739 385 qui
764 359 904 386 nunquam

111 395 188 422 liberi
211 395 266 421 vim
285 394 393 421 arbitrii
409 395 493 426 laedit.
517 395 580 422 sivit
603 403 664 422 cum
692 403 741 423 sua
765 396 906 424 voluntate

111 440 243 476 fcrri,qui
259 440 366 467 meliori
382 440 500 468 causilio
513 448 616 467 morem
637 447 732 475 gerere
748 441 904 469 recusabat.

110 486 204 522 Neque
217 487 270 513 erit
288 487 449 518 absurdum,
468 486 556 522 siquis
569 486 623 514 hoc
639 487 701 514 loco
716 495 811 515 vocem
828 488 907 515 indu-

110 534 179 560 ravit
196 533 235 560 sic
251 532 308 559 fere
322 532 468 568 intelligat,
482 537 511 559 ut
535 533 635 560 durum
658 533 730 568 regis
753 541 802 561 cor
822 539 906 570 atque

110 579 285 614 praefractum
304 577 377 606 Deus
395 578 475 606 editis
498 578 630 613 prodigiis
653 579 807 608 evidentius
824 587 905 608 coar-

111 623 211 658 guerit,
226 627 252 650 et
267 623 468 650 contumaciam
484 623 543 658 ejus
561 624 640 659 quasi
654 624 794 660 triumpho
810 629 905 653 osten-

110 669 219 700 taverit,
239 669 469 704 desperatumque
483 674 510 696 et
526 669 701 698 intractabile
715 671 817 698 mentis
845 672 905 698 vul-

110 722 175 746 nus,
204 715 324 742 nondum
345 715 475 742 omnibus
498 715 564 742 satis
585 715 737 751 cognitum,
760 716 905 745 manifesta

110 760 172 786 iuce
202 759 392 795 impertiverit.
424 759 617 795 Prodigiorum
650 767 717 787 sane
744 758 905 795 magnitudo

111 812 174 832 cum
204 805 295 831 Omnis
319 804 522 832 adhortationis
545 804 740 840 suasionisquc
769 805 837 833 tinos
857 813 905 833 ex-

112 851 236 884 cesserit,
251 859 340 886 neque
355 855 447 879 tamen
463 851 617 880 Pharaonis
633 852 754 880 animum
766 859 905 887 expugna-

112 898 191 930 verit,
221 905 311 925 nonne
335 906 472 926 summam
495 903 577 934 atque
599 899 781 927 insanabilem
811 898 904 926 cordis

111 945 171 978 ejus
187 944 318 971 duritiam
339 944 554 972 demonstravit?
582 944 628 972 Sic
652 952 718 980 ergo
740 945 903 977 locutiones,
920 954 942 984 Β

115 999 126 1014 ο
144 989 222 1016 Dedit
234 989 306 1017 Deus
322 989 362 1016 vel
378 989 490 1017 tradidit
508 990 537 1017 in
556 990 699 1025 passiones
714 989 901 1026 ignominiae»

112 1035 247 1070 itemque,
266 1044 275 1061 ι
295 1035 328 1062 Et
356 1035 494 1063 induravit
523 1044 571 1064 cor
596 1036 765 1069 Pharaonis,
790 1045 800 1062 ›
820 1044 905 1071 quas-

111 1079 178 1106 libet
193 1079 337 1107 calumniat
352 1080 467 1108 insidias
480 1086 626 1116 astumque
639 1081 816 1110 frustrantur.

147 1125 192 1152 25.
214 1125 274 1152 Jam
301 1125 366 1161 quid
395 1134 465 1161 opus
488 1131 529 1154 est
546 1134 592 1154 me
615 1132 713 1154 caetera
740 1127 905 1163 homonyma

112 1171 407 1207 perscqttl?siquidem
427 1172 469 1199 vel
485 1173 545 1208 quis
565 1173 669 1208 syllaba
688 1178 786 1208 pra-ter
805 1174 904 1201 distin-

112 1217 212 1245 ctionis
231 1218 302 1253 leges
323 1219 422 1253 posita,
445 1226 501 1246 non
524 1219 690 1247 mediocrem
717 1220 904 1254 perturbatio-

112 1271 173 1290 nem
193 1263 440 1299 confusionemque
464 1265 569 1299 ignaris
585 1265 683 1292 harum
704 1265 794 1300 legum
816 1271 904 1294 creat.

114 1309 180 1342 Quis
198 1310 283 1342 enim,
297 1310 330 1337 de
345 1318 399 1344 qua
414 1318 487 1338 nunc
501 1311 619 1346 agimus,
639 1300 742 1346 syllaba
754 1312 906 1346 interroga-

112 1355 214 1382 tionem
227 1355 374 1390 signillcat.
389 1355 459 1382 Tum
481 1364 548 1383 vero
560 1364 621 1383 cum
642 1363 674 1383 ea
693 1363 802 1392 quoque
822 1365 906 1392 nega-

112 1401 188 1429 tione
200 1402 382 1435 construitur,
401 1410 462 1437 qua:
477 1402 519 1429 vel
541 1402 663 1438 apprime
678 1403 715 1429 illi
732 1403 904 1436 adversatur,

113 1454 174 1474 cum
187 1447 320 1475 vocabulo
339 1448 442 1475 scilicet
463 1456 549 1475 nemo.
571 1448 647 1476 Alias
670 1453 761 1476 autem
780 1449 906 1477 indeﬁni-

112 1499 168 1521 tam
183 1501 240 1521 rem
262 1494 391 1521 ostendit.
416 1493 469 1522 Sed
494 1502 582 1529 neque
602 1495 792 1523 admirationis
812 1500 906 1531 stupo-

112 1540 205 1574 risque
216 1539 269 1566 vim
287 1546 407 1567 recusat.
419 1539 490 1573 Quin
506 1540 573 1567 adeo
589 1541 622 1568 ad
638 1541 779 1568 raritatem
796 1549 905 1576 quoque

112 1584 286 1611 indicandam
301 1584 458 1616 adhibetur,
476 1593 526 1612 nec
540 1593 594 1612 non
612 1585 645 1612 ad
667 1585 904 1621 objurgationem;

958 213 1006 240 καὶ
1019 213 1180 239 ἀνακύπτων
1190 212 1239 248 τῆς
1252 212 1393 245 ἀπειθείας
1405 213 1452 239 καὶ
1465 213 1511 240 τοῦ
1523 214 1672 241 ἀντιτύπου
1685 223 1752 250 φροο

959 259 1091 293 νήματος,
1116 258 1232 294 ἐπείπερ
1252 258 1378 293 οὐδαμῶς
1404 255 1485 294 εὗρεν
1504 259 1678 286 ὑπενδιδόντα
1703 261 1752 287 καὶ

960 304 1029 339 πρὸς
1044 303 1129 331 πειθὼ
1155 303 1352 339 μεθιστάμενον
1370 304 1417 331 τὸν
1440 305 1601 339 Αίγύπτιον,
1617 306 1676 332 ἀλλ’
1690 306 1752 332 ὅλον

958 349 1055 376 ἐαυτὸν
1068 349 1197 376 ποιοῦντα
1208 350 1255 376 τοῦ
1267 350 1407 377 ἀντιθέτου
1424 352 1472 378 καὶ
1494 351 1751 387 ἀντι[τεῖταγμένου

958 395 1039 430 βουλή
1044 404 1137 430 ματος,
1147 397 1161 423 ὁ
1172 396 1298 431 μηδαμοῦ
1308 396 1426 431 φθείρων
1435 397 1466 423 τὸ
1475 397 1647 429 αὐτεξούσιον
1658 399 1751 433 ἀφῆκε

956 440 990 475 τῇ
1007 439 1105 476 γνώμῃ
1120 440 1251 475 φέρεσθαι
1261 440 1308 466 τὸν
1326 441 1357 467 οὐ
1373 440 1538 476 βουληθέντα
1558 442 1703 477 πεισθῆναι
1715 445 1750 479 τῇ

958 485 1103 521 κρείττονι.
1118 485 1167 521 Εἰη
1183 486 1205 512 δ’
1224 486 1257 512 ἂν
1272 486 1375 521 ἀπᾷδον
1389 486 1464 513 οὐδὲν
1479 487 1526 513 καὶ
1537 487 1565 513 εί
1578 496 1620 519 τις
1631 489 1751 515 ἐνταῦθα

956 531 985 558 τὸ
1001 531 1194 566 stultia-urar
1208 532 1268 559 ἀντὶ
1279 532 1339 565 τοῦ,
1353 532 1475 568 σκληρὰν
1489 531 1572 560 οὖσαν
1587 535 1635 561 καὶ
1650 535 1751 562 ἀπότο-

957 585 1008 611 μον
1029 577 1110 608 αὺτδς
1136 577 1180 604 διὰ
1195 577 1250 604 τῶν
1272 578 1473 613 ἐπενεχθέντων
1499 580 1621 615 σημείων
1648 581 1751 615 μᾶλλον

955 621 1096 658 ἐξήλεγξε.
1122 624 1170 649 καὶ
1191 623 1242 658 τὴν
1268 624 1410 651 ἀπείθειαν
1425 624 1628 660 ἐθριάμϐευσεο
1652 627 1699 653 καὶ
1718 627 1752 653 τὸ

955 667 1005 702 τῆς
1021 667 1132 703 γνώμης
1157 667 1316 702 ἀμείλικτόν
1333 677 1361 695 τε
1382 670 1431 695 καὶ
1456 669 1575 702 ἀνίατον,
1597 669 1676 697 οῠπω
1692 672 1750 703 τοῖς

956 714 1039 740 πᾶσιν
1057 713 1129 740 οὕτω
1142 713 1282 749 γνώριμόν
1297 722 1327 740 τε
1350 715 1396 741 καὶ.
1411 714 1573 750 περιϐόητον
1590 717 1752 751 περιφανῶς

956 758 1156 794 ἐστηλίτευσεν.
1176 759 1210 785 Ἦ
1226 759 1280 794 γὰρ
1290 759 1345 785 τῶν
1364 759 1512 794 θαυμάτων
1531 761 1680 796 ὑπερϐολὴ,
1697 771 1753 788 πα-

956 804 1115 840 ρακλήσεως
1129 805 1176 832 καὶ
1189 805 1299 837 πειθοῦς
1323 805 1432 840 ἀπάσης
1444 805 1507 838 τοὺς
1520 806 1620 841 νόμους
1633 807 1751 838 νικῶσα,

955 850 1002 877 τοῦ
1024 851 1124 886 Φαραὼ
1144 851 1173 877 δέ
1187 850 1237 886 τῆς
1261 850 1376 886 γνώμης
1402 851 1599 887 ἐλαττουμένη,
1618 852 1678 884 πῶς
1701 853 1751 879 οὐκ

955 897 1160 933 ἀνυπέρϐλητον
1184 896 1268 923 αὑτοῦ
1287 897 1334 923 καὶ
1347 896 1537 932 ἀθεράπευτον
1558 897 1609 932 τὴν
1633 899 1751 932 σκληρο-

957 942 1070 978 καρδίαν
1087 942 1267 978 παρίστησιν;
1287 941 1365 968 Οὕτω
1382 942 1431 976 μὲν
1445 942 1491 968 οὖν
1510 941 1551 973 τὸ,
1571 951 1580 968 ι
1598 942 1720 969 Ἔδωκεν
1736 943 1752 968 6

957 987 1034 1020 Θεὸς,
1055 997 1065 1014 ›
1082 987 1131 1014 καὶ
1151 997 1160 1014 ι
1187 987 1345 1023 παρέδωκεν
1369 987 1409 1018 είς
1431 987 1504 1022 πάθη
1528 987 1651 1022 ἀτιμίας,
1668 997 1677 1013 ι
1690 989 1750 1020 καὶ,

958 1043 968 1060 ι
982 1034 1147 1069 Ἐσκλήρυνε
1160 1034 1209 1069 τὴν
1223 1033 1338 1070 καρδίαν
1353 1033 1462 1068 Φαραὼ.
1483 1043 1492 1060 ι
1509 1034 1600 1060 πᾶσαν
1615 1042 1752 1068 συκοφαν-
1783 1038 1784 1041 ‘

955 1080 1016 1112 τίας
1025 1080 1157 1115 ἐκφεύγει
1171 1079 1339 1116 περιδρομὴν
1351 1080 1398 1106 καὶ
1408 1080 1560 1115 δεινότητα.

991 1129 1042 1152 κε’.
1058 1125 1092 1152 Τί
1104 1125 1133 1152 δὲ
1146 1125 1180 1152 τὰ
1199 1125 1268 1153 ἄλλα
1283 1134 1317 1160 με
1331 1126 1372 1152 δεῖ
1392 1126 1448 1152 τῶν
1464 1126 1620 1161 ὁμωνύμων
1632 1126 1751 1162 ἐπέρχε-

956 1170 1036 1205 σθαι;
1050 1172 1118 1198 ὅπου
1136 1179 1167 1205 γε
1181 1172 1227 1198 καὶ
1242 1171 1258 1206 ὴ
1281 1171 1327 1204 τίς
1345 1171 1474 1207 συλλαὸὴ.
1487 1173 1551 1203 τοὺς
1574 1172 1624 1207 τῆς
1641 1173 1750 1200 διαστοο

955 1215 1005 1251 λῆς
1022 1216 1192 1244 λανθάνουσα
1211 1217 1322 1252 νόμους,
1339 1219 1370 1244 οὺ
1393 1218 1441 1253 τὴν
1459 1218 1597 1253 τυχοῦσαν
1618 1218 1751 1254 σύγχυσιν

957 1263 1004 1289 καὶ
1018 1263 1141 1298 ταραχὴν
1155 1265 1213 1295 τοῖς
1225 1263 1310 1299 μηδὲν
1338 1263 1441 1291 τούτων
1454 1265 1676 1292 ἐπικοινωνοῦσιν
1691 1266 1749 1292 είσ-

957 1309 1031 1343 άγει.
1043 1310 1099 1336 Καὶ
1108 1309 1162 1345 γάρ
1176 1309 1254 1345 δηλοῖ
1269 1311 1317 1344 μὲν
1329 1310 1395 1337 αὐτὸ
1406 1310 1487 1337 τοῦτο
1501 1311 1548 1337 καὶ
1562 1311 1592 1338 τὸ
1608 1311 1659 1338 ἀνά
1671 1312 1751 1347 χεῖρα

955 1353 1006 1390 τὴν
1022 1355 1171 1390 ἐρώτησιν·
1193 1350 1400 1390 συμφθέγγεταὶ
1416 1356 1444 1382 δὲ
1459 1356 1572 1383 καὶτῶν
1585 1356 1752 1390 ἀποφάσεων

955 1400 1016 1435 ἥτις
1039 1400 1113 1435 αὺτῷ
1144 1401 1261 1436 μάλιστα
1293 1401 1472 1437 διαμάχεται,
1500 1403 1533 1437 τῇ
1559 1402 1659 1435 οὐδείς
1679 1403 1749 1438 (I9).

959 1444 1070 1471 ΙἈλλοτε
1083 1445 1111 1471 δὲ
1127 1445 1158 1471 τὸ
1177 1445 1305 1480 ἀόριστον
1325 1445 1455 1480 σημαίνει
1466 1454 1474 1461 ’
1490 1445 1521 1472 οὐ
1542 1446 1596 1480 μὴν
1609 1446 1670 1472 οὐδὲ
1682 1446 1750 1472 θαυ-

959 1491 1068 1525 μασμοῦ
1091 1490 1139 1517 καὶ
1160 1490 1356 1526 καταπλήξεως
1380 1491 1456 1524 τάξιν
1477 1491 1657 1525 ἀπαρνεῖται·
1682 1490 1753 1517 ἀλλὰ

957 1535 1004 1561 καὶ
1020 1535 1087 1570 πρὸς
1102 1535 1133 1562 τὸ
1149 1535 1262 1563 σπάνιον
1278 1536 1457 1570 ὑποφέρει-αι,
1473 1536 1635 1571 ἐπιτίμησιν
1651 1535 1680 1562 δέ
1699 1536 1752 1562 πά-

956 1580 997 1606 λιν
1018 1580 1073 1607 ἐσθ¹
1094 1582 1138 1607 ὅτε
1165 1582 1212 1608 καὶ
1227 1582 1384 1618 ἀμηχανίαν
1397 1582 1445 1608 καὶ
1465 1582 1646 1617 διαπόρησιν·
1666 1583 1708 1608 ὅτι
1721 1582 1752 1609 δὲ

112 1630 249 1658 interdum
263 1638 372 1666 quoque
390 1631 424 1658 ad
446 1631 652 1666 perplexitatem
681 1637 763 1667 atque
791 1633 857 1660 dubi

991 1626 1005 1653 τὶ
1025 1627 1237 1662 προσδιορισμὸς
1261 1630 1318 1660 τοῖς
1342 1628 1522 1663 φιλοσοφοῦσι
1543 1627 1751 1663 καθωμίληται,

111 1675 226 1704 tionem.
252 1675 374 1711 Denique
388 1677 452 1712 quia
477 1677 615 1704 restrictio
636 1677 765 1705 modestis
785 1678 906 1705 homini-

112 1722 166 1750 bus
189 1722 331 1750 familiaris
356 1728 409 1756 est,
428 1731 463 1750 ue
489 1723 669 1751 humilitatem
688 1724 798 1758 quidem
816 1731 906 1759 neque

112 1767 166 1794 alia
187 1767 290 1794 similia
302 1775 356 1794 non
372 1767 518 1802 signiticet.
534 1767 624 1795 Plena!
648 1767 836 1803 exemplorum
860 1776 905 1796 sa-

112 1820 167 1840 crae
190 1812 300 1840 Litterae
319 1818 407 1840 sunt:
428 1821 498 1848 quas
523 1814 746 1842 circumstantias
770 1814 825 1841 nisi
843 1815 906 1850 quis

112 1858 260 1891 discernat,
280 1863 306 1886 et
329 1866 410 1886 suum
436 1858 535 1893 cuique
559 1859 619 1896 voci
647 1859 766 1888 oﬂicium
791 1860 904 1893 tribuat,

112 1904 182 1932 nihil
207 1904 304 1932 attinet
335 1905 444 1937 dicere,
475 1905 586 1940 quantis
614 1906 756 1934 erroribus
787 1911 905 1934 mentem

113 1958 192 1977 suam
205 1951 317 1978 inﬁciet.
338 1950 428 1985 Atque
445 1950 471 1977 id
488 1950 547 1985 ipsa
564 1951 735 1979 locutionum
753 1951 906 1986 prolatione

113 1998 288 2033 perspicuum
309 1997 363 2024 lict.
390 1997 513 2031 Exempli
537 1997 624 2032 gratia
642 2007 649 2025 :
668 2007 677 2024 ι
695 1997 764 2031 Quis
787 2003 829 2026 est
855 1998 907 2026 iste

112 2051 160 2070 rex
173 2043 319 2078 gloriae“?
336 2052 345 2069 ›
363 2043 396 2070 Ει
411 2051 418 2070 :
435 2052 444 2068 ι
462 2042 530 2075 Quis
543 2050 573 2071 es
589 2047 628 2074 tu.
646 2047 677 2070 ut
690 2044 907 2078 respondeamus

113 2089 157 2116 his
171 2088 217 2123 qui
233 2096 284 2116 nos
300 2088 435 2116 miserunt
447 2089 490 2116 l"?
507 2098 516 2114 ι
537 2093 565 2116 et
582 2093 719 2124 quotquot
744 2089 845 2117 similia
865 2090 906 2117 vel

114 2135 356 2170 interrogationem
375 2135 540 2170 signiﬁcant,
553 2135 596 2163 vel
610 2135 715 2175 nullam
728 2135 906 2170 quaestionem

114 2185 299 2208 commovent.
328 2179 406 2214 Quod
433 2181 457 2208 si
485 2181 549 2216 quis
564 2186 673 2216 propter
694 2180 818 2208 vocabuli
832 2180 908 2208 simi-

113 2225 269 2259 litudinem,
280 2225 433 2254 locutiones
443 2233 553 2261 quoque
569 2235 593 2253 ε(
613 2225 682 2259 Quis
698 2225 774 2253 novit
788 2230 906 2252 mentem

113 2272 243 2299 Domini?
264 2276 312 2300 aut
334 2272 397 2307 quis
418 2272 595 2304 consiliarius
615 2272 675 2307 ejus
699 2271 752 2299 fuit
763 2272 806 2297 "‘3
821 2280 831 2296 ›
852 2276 880 2298 et
899 2279 906 2296 :

956 1672 1017 1699 οὐδὲ
1033 1673 1083 1707 τὴν
1102 1673 1241 1700 εὐτέλειαν
1256 1673 1317 1700 οὐδέ
1331 1673 1446 1700 τοιαῦτα
1467 1674 1549 1709 ἐτερα
1569 1674 1751 1709 παρατρέχει.

956 1719 1013 1745 Καὶ
1026 1719 1080 1746 τῶν
1102 1720 1337 1755 παραδειγμάτων
1349 1720 1385 1747 τά
1408 1720 1468 1755 ίερὰ
1481 1721 1562 1754 γέμει
1580 1720 1750 1755 Γράμματα·

957 1763 1030 1800 ἅπερ
1044 1765 1124 1796 εἴτις
1142 1765 1180 1800 μὴ
1196 1766 1386 1802 φιλοκρινήσῃ,
1402 1766 1462 1802 μηδ’
1473 1766 1580 1801 ἑκάστῳ
1594 1766 1643 1800 τῆς
1659 1766 1752 1801 φωνῆς

956 1810 987 1836 τὸ
1007 1812 1146 1846 προσῆκον
1162 1811 1307 1847 άπονέμοι,
1323 1812 1384 1838 οὺδέ
1404 1812 1484 1845 λόγου
1497 1813 1547 1845 δεῖ,
1567 1812 1672 1847 πλάνης
1685 1811 1752 1846 ὅσης

956 1855 1021 1888 τοὺς
1037 1857 1133 1883 ἑαυτοῦ
1151 1855 1299 1892 λογισμοὺς
1319 1857 1485 1893 ἀναπλήσει.
1503 1857 1557 1884 Καὶ
1574 1856 1654 1883 τοῦτο
1667 1857 1752 1883 κατάο

957 1901 1036 1936 δηλον
1051 1902 1099 1928 ἀπ’
1111 1902 1197 1937 αὐτῆς
1209 1910 1241 1936 γε
1262 1901 1312 1936 τῆς
1324 1902 1380 1929 τῶν
1404 1902 1535 1938 ῥημάτων
1551 1901 1730 1938 παραθέσεως
1741 1909 1750 1916 ·

957 1947 1057 1974 αὐτίκα
1071 1948 1112 1979 τὸ,
1128 1957 1138 1974 ι
1157 1948 1206 1979 Τίς
1217 1948 1292 1975 ἐστιν
1306 1945 1384 1980 οὗτος
1399 1949 1413 1975 6
1426 1947 1554 1983 βασιλεὺς
1566 1948 1617 1983 τῆς
1631 1947 1724 1981 δόξης
1737 1956 1749 1972 ι

958 1992 1005 2018 καὶ
1019 1992 1060 2024 τὸ,
1082 2002 1091 2018 ι
1114 1992 1162 2024 Τίς
1177 1991 1204 2020 εἴ
1218 1993 1262 2024 σὺ,
1278 1993 1322 2020 Eva
1342 1994 1489 2029 ἀπόκρισιν
1502 1993 1593 2029 δῶμεν
1608 1994 1665 2024 τοῖς
1676 1992 1751 2027 πέμ-

958 2039 1041 2074 φασιν
1052 2041 1126 2076 ἡμᾶς
1138 2049 1145 2073 ς
1166 2041 1239 2068 fuat
1252 2041 1303 2068 ὅσα
1312 2041 1424 2068 τοιαῦτα
1438 2041 1571 2076 ἐρώτησιν
1588 2040 1644 2076 (20)
1659 2049 1690 2067 τε
1703 2040 1752 2074 δη-

958 2085 1035 2112 λοῦσι
1055 2086 1102 2113 καὶ
1115 2087 1244 2122 οὐδεμίαν
1261 2087 1380 2124 ἀπορίαν
1399 2087 1531 2115 κινοῦσιν.
1553 2088 1585 2114 Εί
1606 2087 1635 2114 δέ
1648 2095 1690 2118 τις
1706 2086 1752 2113 διὰ

959 2131 1009 2167 τὴν
1024 2132 1073 2167 τῆς
1094 2133 1187 2168 φωνῆς
1208 2133 1367 2169 ὁμοιότητα,
1385 2134 1434 2160 καὶ
1450 2134 1491 2166 τὸ,
1510 2143 1519 2160 ι
1535 2134 1583 2165 Τίς
1598 2133 1669 2167 ἔγνω
1687 2132 1752 2158 νοῦν

958 2178 1061 2213 Κυρίου
1074 2186 1081 2211 ;
1094 2178 1110 2214 ἢ
1123 2179 1164 2210 τίς
1180 2179 1331 2214 σύμὸουλος
1344 2179 1428 2206 αὑτοῦ
1440 2179 1549 2213 ἐγένετο
1562 2187 1569 2211 ;
1586 2189 1595 2205 ι
1604 2179 1662 2211 καὶ,
1678 2188 1687 2204 ι
1702 2178 1753 2209 Τίς

960 2223 1116 2259 προέδωκεν
1131 2224 1205 2258 αὑτῷ
1217 2224 1265 2252 καὶ¹
1278 2224 1529 2260 ἀνταποδοθήσεται
1549 2224 1643 2260 αὐτῴ;
1664 2233 1673 2249 t
1691 2224 1749 2255 καὶ,

961 2278 971 2295 ι
991 2269 1039 2302 Τίς
1063 2270 1137 2297 ἐστιν
1159 2270 1301 2306 ἄνθρωπος
1325 2270 1355 2303 ὃς
1378 2270 1504 2306 ζήσεται,
1519 2270 1567 2296 καὶ
1583 2271 1634 2297 οὐκ
1655 2269 1752 2304 ὄψεται

117 2327 127 2344 ι
145 2318 210 2351 Quis
233 2323 295 2346 ante
320 2306 394 2346 dedit
420 2318 457 2346 illi
471 2320 519 2351 iut,
531 2318 556 2346 ei
581 2306 751 2346 retribuatur
764 2317 806 2345 “?
824 2327 833 2344 ι
857 2330 859 2342 ι

991 2324 1089 2349 ινατονς
1106 2326 1116 2342 ι
1136 2316 1163 2343 εί
1175 2325 1216 2348 τις
1234 2315 1281 2343 οὖν
1296 2317 1342 2343 καὶ
1356 2317 1441 2343 ταῦτα
1456 2317 1499 2344 διά
1513 2317 1558 2343 τὸν
1571 2316 1652 2343 αὐτὸν
1665 2316 1751 2343 τύπον

118 2370 128 2387 ι
146 2362 213 2395 Quis
228 2367 271 2390 est
281 2363 364 2390 homo
376 2363 423 2398 qui
433 2363 514 2396 vivet,
527 2371 578 2391 nec
594 2368 709 2392 mortem
725 2363 828 2391 videbit
842 2363 884 2390 u‘?
894 2373 903 2390 ν

115 2407 138 2434 si
160 2409 232 2442 quis,
258 2409 379 2443 inquam,
405 2410 455 2437 has
481 2409 634 2437 locutiones
651 2414 761 2444 propter
781 2411 905 2437 eamdem

115 2455 242 2482 vocabuli
260 2454 386 2487 formam,
413 2455 446 2482 ad
465 2455 589 2483 eamdem
606 2455 745 2482 notionem
761 2455 785 2482 vi
800 2460 907 2490 pertra-

115 2500 171 2532 het,
189 2501 282 2535 procul
300 2501 449 2529 admodum
470 2509 485 2528 a
502 2501 616 2529 veritate
637 2501 786 2528 aberrabit.
801 2501 907 2536 Quippe

115 2545 160 2573 ba:
172 2553 234 2573 cum
255 2546 371 2581 negandi
395 2546 448 2573 vim
464 2547 592 2580 habeant,
613 2546 798 2582 interrogandi
824 2548 907 2574 ratio-

117 2599 179 2619 nem
194 2600 247 2619 nou
262 2592 408 2627 recipiunt.
423 2591 509 2620 Nemo
525 2593 597 2620 enim
615 2593 655 2621 vel
669 2597 785 2620 mentem
799 2592 909 2623 Domini

959 2362 1010 2396 τῆς
1022 2362 1113 2397 φωνῆς
1125 2362 1193 2396 πρὸς
1203 2362 1252 2397 τὴν
1267 2362 1352 2397 αὐτὴν
1367 2362 1487 2389 διάνοιαν
1502 2363 1668 2401 ἐκϐιάσοιτο,
1681 2361 1750 2388 πολὺ

960 2409 993 2435 ἂν
1013 2408 1064 2444 τῆς
1080 2409 1210 2444 ἀληθείας
1235 2409 1421 2445 ἀποσφαλείη·
1438 2409 1523 2436 ταῦτα
1545 2409 1610 2445 γὰρ,
1636 2409 1685 2443 τὴν
1701 2409 1752 2444 τῆς

960 2455 1126 2488 ἀποφάσεως
1150 2455 1283 2489 ἐπέχοντα
1301 2455 1427 2490 δύναμιν,
1449 2455 1500 2491 τὴν
1518 2455 1568 2490 τῆς
1591 2456 1752 2490 ἐρωτήσεως

960 2501 1012 2527 οὐκ
1033 2500 1193 2535 ἀναδέχεται
1210 2500 1298 2532 τάξιν.
1321 2501 1416 2533 Οὐδεὶς
1440 2501 1495 2537 γὰρ
1516 2500 1579 2528 οὔτε
1596 2499 1659 2527 νοῦν
1681 2500 1753 2534 ἔγνω

963 2548 1079 2584 Κυρίου⁷
1092 2547 1153 2575 οὔτε
1170 2548 1321 2583 σύμϐουλος
1337 2547 1419 2574 αὐτοῦ
1435 2547 1547 2582 γέγονεν
1557 2555 1563 2561 ·
1579 2547 1610 2573 οὺ
1625 2546 1677 2582 μὴν
1692 2544 1752 2572 ἀλλ’

962 2593 1016 2621 οὐδ’
1034 2593 1108 2621 ἐστιν
1123 2594 1268 2630 ἄνθρωπος
1282 2593 1311 2626 ὃς
1329 2593 1455 2628 ζήσεται,
1470 2592 1517 2620 καὶ
1530 2593 1580 2619 οὐκ
1595 2592 1691 2628 ὂψεται
1703 2590 1752 2618 θά-

149 2693 171 2708 “
188 2692 260 2721 Psal.
273 2700 353 2724 χχιιι,
368 2692 395 2720 8.
433 2693 455 2709 ⁵⁸
469 2692 547 2721 Joan.
565 2701 583 2726 ι,
598 2693 644 2720 2'2.
689 2694 712 2709 ⁸³
729 2693 808 2721 Rom.
830 2702 856 2721 xl

991 2694 1082 2727 'ibid.,
1095 2695 1140 2722 55.
1181 2695 1203 2710 ⁸³
1222 2694 1295 2723 Psal.
1310 2702 1442 2727 uxxvm,
1455 2695 1502 2723 d9.

877 2754 991 2784 NOTE.

149 2810 205 2844 (ιθ)
219 2811 320 2848 Nempe
334 2813 420 2847 οὐδείς
435 2823 487 2848 τις,
509 2813 605 2842 Latine
620 2823 693 2842 nemo
705 2815 858 2850 quisquam.

996 2814 1053 2850 (20)
1069 2814 1135 2842 Cod.
1150 2814 1304 2850 ἀπόκρισιν,
1324 2814 1527 2847 responsionem.
