1881 3077
81 143 115 177 81
619 146 669 176 ΑΙ)
682 146 849 177 AMPHILO

966 149 980 178 1
999 147 1172 183 QU/ESTIO
1193 147 1217 177 Ι.
1689 147 1726 180 82

83 208 183 230 νιτον⁴
207 199 264 228 οὐδ’
279 199 367 236 ἑτέρῳ
387 200 416 227 δὲ
429 200 511 228 πάλιν
526 201 582 228 τῶν
600 204 755 240 είρημένων
773 213 847 241 συμφ

966 205 1012 238 vit,
1030 205 1071 231 vel
1089 204 1149 239 ejus
1170 204 1345 232 consiliarius
1369 204 1439 238 fuit;
1464 212 1555 240 neque
1576 210 1618 233 est
1643 207 1725 233 homo

85 252 175 278 ρεται,
189 245 215 270 εί
229 244 278 271 καὶ
290 245 324 278 τῇ
337 244 445 280 προόδῳ
456 245 506 272 ’ιοῦ
521 246 644 281 ῥήματος
656 248 687 274 οὺ
702 249 876 285 διήλλακται·

81 289 144 317 οὐδὲ
162 289 206 320 τὺ,
225 298 235 314 ι
256 290 418 324 Ἀνθρωπος
434 299 476 322 τις
491 292 651 319 κατέϐαινεν
663 294 717 320 ἀπὸ
742 295 879 330 Ἰερουσα-

82 335 139 370 λὴμ
153 334 225 370 [σοά.
249 335 358 370 Ἰσραήλ
372 335 385 371 }
398 337 439 368 είς
460 337 580 373 Ἰεριχώ·
603 348 613 364 ι
629 339 661 365 τὸ
678 339 732 374 γὰρ
754 340 879 375 ἀόριστον

83 380 99 413 ὴ
113 378 191 413 φωνὴ
203 379 261 405 νυνὶ
273 379 402 414 σημαίνει
411 381 466 407 τῶν
476 382 564 409 ἄλλων
575 383 755 419 ἀποστήσασα
763 393 771 401 ⁸
783 385 879 421 ὥσπερ

84 424 132 450 καὶ
143 423 185 456 τὸ,
197 433 206 450 ι
222 424 281 450 Εἰσί
293 433 367 456 τινες
381 425 436 452 τῶν
445 423 497 452 ὧδε
509 427 675 462 ἑστηκότων,
688 429 787 461 οἵτινες
798 431 828 456 οὐ
841 431 878 466 μὴ

82 469 237 504 γεύσωνται
264 470 380 498 θανάτου
396 471 450 503 ἓως
469 473 502 499 ἂν
517 473 592 500 ίδωσι
613 474 664 510 τὴν
679 475 818 509 βασιλείαν
831 477 878 503 τοῦ

82 515 164 549 θεοῦ,
181 526 191 542 ι
205 516 257 552 τὴν
270 517 318 543 τοῦ
334 517 548 554 προσδιορισμοῦ
567 520 664 555 χρείαν
684 521 876 557 ἀναπληροῦν.

81 562 242 597 ’Λρκεῖγὰρ
258 563 307 590 καὶ
321 564 416 600 μνήμη
432 565 514 600 μόνον
529 566 589 597 ἑνὸς
602 567 822 602 παραδείγματος
830 568 880 604 τὴν

82 609 183 644 χρῆσιν
199 610 333 642 ἐπιδεῖξαι
351 611 401 645 τῆς
418 611 523 647 φωνῆς,
539 612 578 644 ὡς
597 613 687 640 οὐδενὶ
702 614 760 641 τῶν
777 623 879 649 atposs—

82 655 230 689 ταγμένων
241 656 453 691 συμσιὸάζεται.

930 251 978 286 qui
999 250 1123 277 victurus
1136 249 1183 282 sit,
1201 255 1375 285 mortemque
1399 258 1453 277 non
1480 251 1602 278 visurus.
1623 251 1726 286 'Neque

932 297 974 324 hae
988 303 1086 323 rursus
1098 296 1227 330 cuiquam
1240 304 1273 323 ex
1291 296 1443 324 antedictis
1458 297 1645 329 locationibus
1660 305 1726 325 con-

931 348 1043 378 gruunt,
1071 343 1178 370 etiamsi
1207 343 1364 370 terminatio
1390 343 1518 370 vocabuli
1549 351 1723 378 nequaqu-m

931 389 1040 416 diﬂ‘ert:
1065 396 1153 423 neque
1175 388 1260 415 item:
1279 397 1289 414 ‹
1308 387 1396 415 Homo
1416 388 1459 419 τὶς
1478 393 1537 416 erat
1566 390 1592 416 in
1615 390 1725 424 regione

931 435 1055 463 Ausitide
1075 434 1112 467 “;
1129 436 1189 468 »εει
1204 443 1211 461 :
1229 444 1238 461 ι
1255 434 1343 461 Homo
1365 435 1408 467 τὶς
1436 434 1634 469 Hierosolymis
1656 435 1724 463 Jcri-

930 485 1040 508 euntem
1053 480 1177 508 veniebat
1187 480 1219 508 "'.
1240 489 1249 507 ι
1268 480 1328 507 Vox
1342 480 1416 507 enim
1430 480 1474 507 hic
1489 481 1610 507 ostendit
1626 481 1724 508 indeﬁ-

930 527 1017 555 nitum
1048 527 1170 562 aliquid.
1198 531 1281 562 atque
1312 535 1326 554 a
1358 527 1549 561 superioribus
1583 528 1724 555 sententiis

930 573 1043 601 abludit.
1058 573 1145 600 Veluti
1158 578 1185 600 et
1198 573 1264 600 illud
1285 581 1313 599 ει
1332 572 1403 599 Sunt
1415 572 1488 604 τινὲς
1501 572 1535 600 de
1547 572 1591 600 hic
1606 580 1710 607 praesen
1723 593 1726 595 η

930 619 1014 652 tibus,
1030 619 1076 654 qui
1095 627 1148 646 non
1174 617 1325 654 gustabunt
1348 623 1476 649 mortem;
1500 618 1589 645 donec
1614 618 1726 645 videant

929 671 1044 699 regnum
1063 664 1110 691 Dei
1123 663 1157 696 ⁸⁸,
1180 673 1189 689 ›
1206 663 1388 690 restrictionis
1398 663 1516 690 ofﬁcium
1532 663 1636 698 implet.
1659 662 1725 690 Suf-

82 702 140 729 ﬁcit
160 706 253 729 autem
280 703 324 730 vel
350 704 433 731 unius
456 705 574 740 exempli
601 707 706 734 mentio
732 707 881 736 indicando
897 710 1024 737 vocabuli
1058 709 1133 742 usui,
1163 716 1261 744 nempe
1282 709 1330 744 qui
1362 709 1430 736 nulli
1462 711 1636 745 superiorum
1657 718 1725 738 con-

83 748 170 783 gruit.

119 800 178 828 xg'.
189 796 258 823 Τίνα
267 796 291 822 δ’
305 797 340 823 ἂν
348 797 403 832 ἔχοι
415 799 559 826 κοινωνίαν
572 800 641 836 πρὸς
648 800 683 827 τὰ
696 801 849 836 προλαϐόντ

969 799 1016 828 26.
1034 798 1107 826 Sane
1121 797 1188 833 quid
1203 805 1349 825 commune
1364 797 1465 825 habent
1489 805 1552 825 cum
1568 798 1724 833 suprascri-

84 844 109 869 εἰ
127 843 177 869 καὶ
189 842 242 876 τῆς
267 843 359 878 φωνῆς
385 843 598 879 ἀπαράλλακτος
612 846 627 872 6
645 845 725 881 ἦχος,
740 847 781 879 τὺ,
798 857 808 874 ι
832 848 880 880 Τίς

84 888 231 922 ἀνήγγειλὲ
256 896 309 920 σοι,
331 889 371 915 ὅτι
396 890 500 924 γυμνὸς
514 888 557 924 είς
574 900 583 917 ι
599 892 656 924 καὶ,
675 900 684 917 ι
699 892 747 924 Τίς
762 901 792 919 σε
813 902 880 921 κατ-

85 933 203 967 έστησεν
225 932 346 968 ἄρχοντα
372 935 420 961 καὶ
440 935 572 972 δικαστὴν
594 938 638 971 ἐφ’
669 938 764 973 ἡμᾶς-ς
785 949 794 965 ι
819 941 878 973 καὶ,

88 988 97 1005 ι
115 979 164 1011 Τίς
178 977 204 1006 εἷ
220 980 253 1006 σὺ
263 981 278 1006 6
292 980 394 1015 κρίνων
405 981 546 1017 ἀλλότριον
557 984 683 1019 οίκέτην;
706 994 715 1010 ι
731 986 790 1018 καὶ,
807 995 816 1012 ι
831 986 881 1018 Τίς

83 1025 206 1058 ἐπάταξε
216 1026 264 1052 τὸν
283 1027 428 1062 Ἀϐιμέλεχ
444 1027 501 1055 υἱὸν
521 1029 682 1066 Ἱεροσοάμ;
700 1040 709 1057 ι
727 1031 784 1064 καὶ,
802 1041 812 1058 ι
831 1033 881 1065 Τίς

84 1072 159 1098 ἐστιν
173 1069 252 1104 οὗτος
268 1073 283 1099 6
296 1072 427 1108 κρύπτων
444 1083 478 1109 με
498 1073 612 1111 βουλήν;
630 1085 639 1102 ι
659 1076 754 1104 Ταῦτα
772 1077 826 1113 γὰρ
841 1079 881 1111 είς

84 1117 272 1152 ἀγανάκτησιν
286 1118 336 1152 μὲν
350 1119 398 1145 καὶ
417 1119 578 1156 ἐπιτίμησιν
593 1121 743 1156 ἀφορῶσιν,
759 1123 836 1150 οὐδὲν
851 1123 880 1150 δὲ

84 1162 177 1197 ὅμοιον
197 1162 254 1190 τῶν
271 1164 519 1200 προδεδηλωμένων
543 1167 725 1202 παριστῶσιν.
742 1169 773 1196 Εἰ
795 1169 824 1196 δέ
838 1179 880 1202 τις

85 1209 132 1234 καὶ
147 1208 238 1235 ταῦτα
253 1209 295 1241 είς
305 1210 351 1237 τὸν
364 1211 414 1246 τῆς
430 1212 593 1248 ἐρωτήσεως
605 1214 771 1248 μεθελκύσει
785 1216 878 1251 νόμον,

86 1254 129 1281 ἵνα
147 1254 186 1289 μὴ
204 1255 275 1290 πρὸς
287 1256 321 1283 τὰ
338 1256 406 1283 ἄλλα
421 1257 505 1292 λέγω,
521 1259 634 1293 ἄγνοιάν
648 1269 678 1287 τε
693 1262 880 1297 κατηγορήσοι

85 1299 133 1326 τοῦ
151 1300 244 1332 Θείου,
264 1302 311 1328 καὶ
324 1303 355 1329 οὐ
378 1304 610 1340 καταμέμφεσθαι
634 1307 684 1339 τὰς
701 1309 814 1344 πράξεις
835 1309 881 1336 διὰ

85 1349 134 1382 τῆς
146 1347 252 1382 φωνῆς,
269 1348 336 1375 ἀλλὰ
351 1349 447 1384 μαθεῖν
461 1350 553 1386 ζητεῖν
566 1351 596 1384 ἐξ
609 1352 720 1386 ἀγνοίας
732 1354 778 1381 τὸν
793 1363 831 1381 πα
836 1363 882 1390 ρα-

87 1394 185 1428 σχόντα
200 1395 249 1430 τὴν
266 1395 313 1422 τοῦ
328 1397 430 1431 πρᾶξαι
444 1397 536 1425 ἄδειαν
547 1406 554 1413 ”
575 1399 620 1426 ναὶ
635 1399 667 1434 δὴ
687 1401 734 1427 καὶ
745 1400 786 1434 τὸ,
803 1411 812 1426 ι
831 1401 880 1434 Τίς

85 1441 143 1476 εἰμι
165 1441 241 1475 ὲγώς
268 1442 370 1476 Κύριός
395 1452 457 1478 μου1
476 1444 596 1479 Κύριος·
625 1447 673 1472 καὶ
696 1446 739 1478 τίς
767 1448 840 1474 ἐστιν
865 1448 880 1474 6

85 1485 159 1519 οἶκος
176 1487 224 1514 τοῦ
245 1489 351 1524 πατρός
374 1498 442 1524 μου;
462 1499 471 1516 ι
493 1490 540 1517 ἐπὶ
563 1491 691 1519 τοσοῦτον
708 1493 881 1528 ἐμφανεστά-

85 1542 136 1568 την
153 1533 235 1570 φέρει
250 1534 300 1569 τὴν
314 1535 505 1575 παραλλαγὴν,
526 1536 570 1571 ἐφ’
586 1537 648 1564 ὅσον
668 1538 880 1574 ἀπαράλλακτον

84 1580 204 1615 προάγει
221 1580 271 1616 τὴν
284 1582 378 1617 φωνήν
389 1589 396 1597 ο
414 1583 552 1615 εὐτελείας
565 1584 620 1619 γὰρ
634 1584 781 1619 ὁμολογίαν
800 1586 879 1618 ιδίας,

85 1627 134 1653 καὶ
153 1626 205 1660 τῆς
224 1627 293 1662 πρὸς
306 1627 373 1654 Θεὸν
394 1628 572 1663 εὐχαριστίας
588 1629 702 1665 γνώμην
715 1631 878 1665 ἀναφαίνει·

84 1673 116 1699 οὐ
134 1672 186 1708 μὲν
201 1673 242 1705 είς
257 1673 403 1708 ἐρώτησιν,
417 1674 479 1701 οὐδὲ
494 1675 594 1702 πολλοῦ
611 1675 652 1702 δεῖ
666 1676 734 1712 πρὸς
748 1677 880 1713 ἐπιτίμη-

86 1726 128 1744 σιν
142 1718 158 1754 ῆ
176 1718 375 1756 ἀγανάκτησιν,
396 1719 412 1755 ἢ
431 1721 500 1756 πρὸς
511 1720 576 1748 ἄλλο
590 1730 616 1748 τι
630 1721 685 1748 τῶν
709 1723 879 1759 προειρημέ-

84 1774 139 1792 νων
157 1764 204 1792 τὸν
217 1766 348 1801 λογισμὸν
362 1765 527 1799 διαϐιϐάζει.

120 1898 172 1931 κζ’.
191 1898 228 1925 Τὺ
250 1898 342 1933 μέντοι
368 1898 482 1927 σπάνιον
502 1899 583 1936 εἴπερ
601 1909 627 1927 τι
649 1900 717 1933 ὅλως
734 1901 811 1936 δηλοῖ
837 1901 879 1934 τὸ,

87 1953 98 1970 ‹
111 1943 161 1975 τίς
174 1943 267 1977 σοφὸς,
281 1945 329 1970 καὶ
345 1944 458 1978 φυλάξει
472 1944 575 1978 mira;
593 1954 602 1970 ι
619 1945 666 1972 καὶ
676 1946 717 1978 τὸ,
735 1955 745 1973 ι
761 1946 809 1978 Τίς
820 1947 881 1973 ὲπί-

87 1997 184 2015 στευσε
198 1990 232 2024 τῇ
248 1989 319 2025 ἀκοῇ
338 1989 435 2024 ἡμῶνς
456 1999 466 2016 ι
483 1991 540 2021 καὶ,
558 2000 567 2016 ι
590 1991 619 2018 '0
635 1991 756 2027 βραχίων
774 1992 879 2028 Κυρίου

85 2035 139 2062 τίνι
153 2035 351 2071 ἀπεκαλύφοης
370 2045 379 2061 ι
397 2036 429 2062 El.
443 2036 498 2072 γὰρ
512 2037 560 2064 καὶ
578 2037 615 2072 μὴ
629 2037 740 2070 πάντες,
756 2038 814 2065 ἀλλ’
833 2036 880 2065 οὖν

84 2082 118 2115 γέ
138 2090 212 2112 τινες
227 2082 276 2108 καὶ
291 2082 505 2115 πεπιστεύκασι,
518 2083 567 2110 καὶ
581 2083 632 2119 τὴν
649 2085 839 2121 φρουρητικὴν
849 2094 879 2112 τε

84 2129 132 2155 καὶ
145 2128 347 2163 κυϐερνητικὴν
363 2130 410 2155 καὶ
426 2130 681 2166 παντοκρατορικὴν
695 2131 742 2157 τοῦ
755 2131 822 2157 Θεοῦ
835 2131 881 2158 δύ-

84 2184 167 2210 ναμιν
183 2175 215 2201 ἐκ
231 2175 283 2210 τῆς
302 2175 365 2210 περὶ
391 2175 489 2208 αὐτοὺς
513 2176 561 2203 καὶ
572 2176 622 2211 τῆς
636 2176 702 2210 περὶ
721 2176 751 2203 τὸ
766 2176 879 2212 σύμπαν

83 2221 246 2256 εὐεργεσίας
265 2229 295 2247 τε
309 2221 356 2248 καὶ
371 2221 500 2257 προνοίας
514 2222 632 2250 συνιδεῖν
646 2222 813 2258 ἠξιώθησαν,
831 2223 879 2249 καὶ

82 2267 133 2302 τῆς
149 2267 257 2294 ἐκεῖθεν
283 2268 470 2303 μαρμαρυγῆς
489 2269 550 2300 ταῖς
573 2268 728 2303 λαμπηδόσι
753 2270 798 2295 τὸν
816 2269 879 2295 νοῦν

83 2313 286 2348 ἑλλαμφθῆναι.
303 2313 365 2346 Πῶς
385 2314 408 2340 δ’
420 2313 519 2341 αὐτίκα
532 2314 563 2340 τὺ
585 2313 679 2348 θαῦμα
697 2314 745 2341 καὶ
763 2314 811 2350 τὴν
831 2314 879 2341 ἐκ-

83 2360 183 2395 πληξιν
196 2360 247 2387 οὐκ
262 2359 376 2395 ἀφίησιν
391 2361 405 2387 6
421 2360 519 2394 λέγων·
541 2369 550 2386 ι
566 2360 615 2392 Τίς
629 2357 708 2393 οὗτος
722 2362 736 2387 6
751 2369 879 2395 παραγε-

83 2405 201 2439 νόμενος
217 2405 249 2437 ἐξ
271 2404 379 2440 Ἐδώμ;
397 2415 406 2432 ι
423 2405 480 2438 καὶ,
500 2414 510 2431 ι
524 2406 572 2437 Τίς
584 2406 659 2432 ἐστιν
671 2401 759 2439 οὗτος,
774 2406 815 2433 ὅτι
828 2406 877 2433 καὶ

82 2451 98 2485 ἡ
117 2451 243 2478 θάλασσα
257 2449 306 2476 καὶ
320 2450 346 2476 οἱ
360 2451 456 2484 ἄνεμοι
470 2450 655 2477 ὑπακούουσιν
668 2451 759 2485 αὐτῷ;
778 2461 788 2477 ι
808 2452 876 2487 ὅπερ

83 2497 196 2532 οὐδεμία
209 2496 264 2523 τῶν
279 2496 511 2532 προτεταγμένων
534 2498 632 2531 φωνῶν
649 2499 678 2524 οὐ
699 2498 747 2534 μὲν
766 2496 813 2525 οὖν
827 2499 877 2526 οὐκ

84 2540 154 2578 εἶχεν
170 2543 251 2578 lexin:
266 2542 421 2578 σημαίνειν.
440 2543 577 2578 Προσθείη
587 2543 610 2569 δ’
625 2543 658 2570 ἄν
673 2552 716 2575 τις
727 2545 784 2575 τοῖς
801 2545 878 2580 εἰρη-

86 2588 175 2622 μένοις
189 2589 238 2614 καὶ
251 2589 294 2622 τὸ,
310 2598 319 2614 ι
339 2588 389 2619 Τίς
406 2588 533 2624 δώσειτῇ
552 2588 657 2624 κεφαλῇ
681 2597 732 2624 μου
753 2589 843 2625 ὐδωρ;
864 2599 873 2616 ι

86 2635 143 2665 καὶ,
161 2644 170 2660 ‹
187 2634 238 2666 Τίς
253 2634 287 2661 ἄν
311 2642 345 2668 με
360 2634 422 2669 θείη
444 2635 515 2662 κατὰ
533 2635 607 2670 μῆνα
622 2635 735 2671 ἡμερῶν
750 2635 805 2662 τῶν
825 2635 876 2670 ἐμ-

86 2680 216 2714 προσθεν;
232 2689 241 2707 t
256 2681 317 2713 καὶ,
332 2691 343 2707 ι
356 2680 535 2716 Ταλαίπωρος
547 2681 604 2715 ἐγὼ
616 2681 774 2716 ἄνθρωποςί
788 2682 830 2713 τίς
842 2690 876 2716 με

88 2725 196 2759 ῥύσεται
213 2727 247 2753 ἐκ
259 2727 307 2754 τοῦ
321 2727 449 2762 σώματος
460 2726 507 2753 τοῦ
531 2726 648 2754 θανάτου
665 2727 781 2761 τούτου;
798 2737 807 2754 ι
824 2727 874 2754 Εὐ-

135 2805 157 2820 "
168 2804 221 2831 Joh
243 2813 262 2834 ι.
281 2804 306 2830 ί.
347 2805 369 2821 ⁸⁷
385 2804 451 2833 Luc.
466 2813 494 2836 x.
507 2805 552 2833 50.

92 2834 113 2849 ..
127 2804 221 2849 :25"?
243 2813 269 2849 ιν,
281 2804 325 2849 lt.
347 2804 494 2849 δ’ἔνια-,κν
507 2805 552 2833 δο-
571 2841 587 2849 η
610 2804 760 2849 "Iern",
774 2805 820 2832 2⁷-

127 2840 148 2874 !!
159 2839 212 2874 “re

877 2805 899 2822 bl

216 2813 221 2829 ι
243 2813 262 2834 ι.
281 2806 306 2830 ‘l.
347 2806 369 2821 "’
385 2806 451 2833 an.
466 2813 494 2836 κ,
507 2806 552 2833 50.
610 2806 632 2821 ⁸³
649 2806 704 2833 Luc
722 2813 760 2838 ιιι,
774 2806 820 2832 27.
877 2806 899 2822 δ’
918 2806 986 2834 Gen.
1015 2814 1057 2837 ιιι,
1089 2807 1132 2833 ll.
1188 2807 1211 2822 ‘°
1229 2806 1315 2833 Exod.
1335 2814 1365 2838 ιι,
1387 2806 1428 2833 H.
1484 2806 1505 2820 ⁸¹
1525 2806 1603 2830 “om.
1621 2809 1676 2833 XIV.
1692 2806 1720 2828 4-

216 2859 222 2866 .
242 2839 339 2875 ψει.
377 2840 400 2856 ⁵³
415 2839 475 2868 Joh.
491 2849 555 2873 xui,
571 2841 597 2868 5.
637 2841 660 2858 ⁵⁸
676 2840 695 2866 ιι
712 2840 777 2873 Reg.
795 2848 872 2873 xvm,
895 2841 938 2868 18.
977 2842 999 2857 ¹⁵
1017 2841 1088 2868 Psal.
1107 2849 1161 2875 ενι,
1177 2841 1221 2869 63.
1259 2841 1281 2857 "
1299 2841 1351 2869 lsa.
1373 2850 1432 2875 Lm,
1453 2842 1474 2868 l.
1499 2840 1521 2856 "
1534 2839 1586 2866 lsa-
1603 2845 1681 2870 LXIII.
1694 2837 1722 2864 ί-

932 847 998 882 ptis,
1019 852 1178 881 quanquam
1204 845 1281 872 vocis
1297 852 1383 872 sonus
1399 845 1472 872 haud
1497 845 1670 878 immntatur,
1683 845 1726 872 lo-

931 892 1061 920 cutiones
1091 891 1156 918 hae?
1175 890 1301 918 videlicet
1317 899 1324 917 :
1343 900 1352 916 ι
1372 889 1440 924 Quis
1461 891 1512 918 tibi
1539 892 1675 918 nuntiavit
1700 895 1726 918 te

931 947 993 967 esse
1012 938 1115 966 nudum
1133 938 1179 965 "‘2
1196 948 1205 964 ι
1223 952 1260 959 —
1275 947 1285 963 ι
1304 937 1372 970 Quis
1387 943 1412 966 te
1427 939 1571 965 Dominum
1584 937 1727 964 constituit

893 1013 901 1019 ,
928 986 1106 1020 iudicemque
1133 990 1257 1013 nostrum
1274 984 1321 1012 ὀἳ
1339 995 1348 1011 ι
1362 1000 1397 1005 ——
1417 993 1427 1010 ι
1455 984 1523 1017 Quis
1548 991 1579 1011 es
1602 988 1629 1010 tu
1644 1003 1652 1016 ,
1678 983 1725 1018 qui

933 1032 1054 1059 alienum
1077 1036 1186 1058 servum
1210 1029 1319 1065 iudicas
1333 1030 1378 1057 "1'
1396 1040 1406 1057 ›
1421 1045 1456 1052 -
1473 1039 1483 1056 ι
1500 1029 1566 1062 Quis
1588 1028 1726 1064 percussit

930 1077 1138 1105 Abimelechum
1160 1076 1316 1105 Jeroboami
1334 1077 1419 1104 ﬁlium
1434 1076 1480 1103 "‘P
1497 1085 1506 1102 ›
1523 1091 1558 1096 -—
1571 1085 1580 1101 ι
1598 1075 1666 1108 Quis
1684 1079 1727 1102 est

931 1124 977 1159 qui
1001 1132 1044 1151 me
1069 1123 1234 1151 sententiam
1260 1123 1330 1151 celat
1345 1123 1388 1149 ιιι
1419 1131 1429 1148 ι
1456 1137 1492 1143 —
1518 1121 1653 1149 Nimirum
1682 1121 1725 1148 [ne

931 1168 1087 1196 locutiones
1122 1167 1155 1194 ad
1196 1167 1411 1203 indignationem
1447 1166 1726 1202 objurgationemque

932 1219 1070 1249 spectant,
1082 1213 1150 1241 nihil
1167 1218 1258 1241 autem
1273 1214 1363 1241 simile
1380 1213 1572 1248 praedictarum
1585 1212 1724 1240 exhibent.

932 1260 1011 1294 Quod
1028 1260 1050 1287 si
1060 1260 1123 1294 quis
1136 1267 1182 1287 eas
1197 1259 1230 1286 ad
1247 1259 1474 1294 interrogationis
1489 1259 1611 1294 regulam
1633 1258 1725 1284 trahe-

931 1313 982 1338 ret.
999 1306 1099 1340 nequid
1122 1311 1255 1341 praetcrea
1282 1307 1383 1338 dicam,
1408 1305 1591 1338 ignorantiam
1617 1311 1726 1339 quoque

932 1353 959 1380 in
974 1352 1029 1380 Deo
1039 1356 1218 1388 coargueret;
1231 1360 1320 1387 neque
1333 1353 1367 1380 ab
1377 1360 1409 1380 eo
1421 1351 1582 1387 reprehendi
1597 1351 1648 1378 hac
1660 1357 1726 1377 voce

933 1398 1056 1426 actiones
1080 1398 1223 1425 hominum
1247 1397 1386 1430 suaderet,
1415 1405 1510 1424 verum
1536 1404 1648 1431 operam
1665 1395 1725 1422 daxi

933 1444 967 1471 ab
982 1444 1077 1471 eodem
1095 1448 1207 1479 propter
1225 1451 1303 1471 suam
1320 1443 1457 1471 inscitiam
1478 1447 1507 1470 ut
1527 1443 1598 1469 sciat
1612 1442 1725 1476 aliquid.

932 1490 980 1525 qui
1004 1490 1067 1518 aliis
1086 1490 1244 1518 facultatem
1269 1489 1367 1524 agendi
1393 1489 1559 1524 suppeditat.
1585 1488 1682 1522 Utique
1698 1492 1726 1514 et

934 1536 999 1563 illud
1015 1545 1022 1563 :
1044 1545 1053 1561 ι
1072 1535 1140 1568 Quis
1161 1543 1222 1563 sum
1237 1536 1310 1570 ego?
1325 1535 1458 1562 Dominus
1472 1542 1558 1565 meus,
1573 1533 1724 1565 Dominus;

932 1587 959 1609 et
980 1590 1042 1617 qua:
1066 1587 1108 1609 est
1130 1582 1229 1609 domus
1251 1582 1337 1616 patris
1360 1582 1413 1608 mei
1426 1580 1471 1608 "?
1499 1590 1507 1606 ι
1540 1585 1616 1607 tanto
1638 1576 1726 1614 magis

932 1627 993 1655 haec
1007 1628 1195 1655 diversitatem
1212 1627 1252 1654 rei
1277 1627 1367 1662 palam
1394 1627 1508 1658 faciunt,
1530 1629 1634 1660 quanto
1649 1625 1727 1653 simi-

932 1673 1000 1702 li’dre
1016 1682 1083 1702 voce
1098 1674 1238 1702 dicuntur.
1265 1673 1443 1709 Signiﬁcatur
1460 1673 1533 1700 enim
1551 1672 1669 1707 propria:
1685 1672 1726 1698 vi-

933 1721 1020 1749 litatis
1032 1720 1180 1751 confessio.
1192 1725 1344 1756 gratusque
1357 1720 1491 1747 adversus
1506 1718 1590 1746 Deum
1605 1718 1724 1745 animus.

931 1765 1026 1801 Neque
1043 1766 1107 1793 licet
1131 1765 1175 1792 hic
1194 1765 1316 1799 cogitare
1334 1764 1577 1802 interrogationem
1589 1783 1597 1795 ,
1625 1763 1726 1789 multo-

931 1819 985 1846 que
1007 1811 1098 1839 minus
1119 1811 1339 1846 objurgationem
1362 1814 1408 1837 aut
1433 1809 1661 1844 indignationem,
1678 1804 1726 1834 au't

932 1857 1081 1892 quemlibet
1095 1864 1111 1885 e
1127 1857 1266 1892 praedictis
1279 1855 1404 1882 modum.

966 1903 1010 1931 27.
1024 1902 1083 1930 Jam
1102 1902 1184 1930 etiam
1198 1904 1338 1929 raritatem
1352 1908 1435 1936 quam
1450 1899 1524 1934 quod
1540 1900 1658 1926 maxime
1672 1898 1725 1925 hoc

931 1949 1096 1977 vocabulum
1119 1948 1258 1983 designat,
1280 1947 1407 1982 Nempe:
1429 1956 1438 1973 ι
1457 1945 1527 1980 Quis
1552 1945 1672 1980 sapiens.
1698 1950 1726 1972 et

932 1995 1069 2024 custodiet
1096 1996 1154 2022 haec
1168 1994 1216 2021 "?
1246 2003 1256 2021 ›
1274 1997 1302 2021 et
1328 2002 1336 2021 :
1368 2003 1377 2020 ι
1407 1993 1476 2027 Quis
1503 1993 1620 2019 credidit
1647 1991 1726 2019 audi—

931 2041 970 2068 tui
996 2046 1110 2072 nostro,
1138 2044 1166 2066 et
1189 2038 1331 2066 brachium
1357 2037 1467 2065 Domini
1492 2035 1536 2064 cui
1570 2035 1723 2063 revelatum

931 2090 972 2114 est
983 2085 1029 2112 “‘2
1046 2095 1056 2111 ι
1072 2085 1139 2112 Nam
1158 2085 1182 2112 si
1200 2085 1291 2112 minus
1311 2084 1415 2117 cuncti,
1436 2089 1510 2111 certe
1535 2082 1640 2117 aliquot
1663 2090 1726 2109 creo

931 2132 1078 2164 diderunt;
1099 2131 1200 2166 quibus
1220 2137 1287 2158 sane
1307 2129 1550 2160 conservatricem.
1568 2128 1724 2160 rectricem.

932 2178 1129 2212 dominamque
1143 2177 1266 2204 omnium
1289 2176 1336 2203 Dei
1353 2175 1407 2202 vim
1425 2181 1482 2202 tum
1501 2183 1516 2203 e
1539 2174 1679 2202 beneﬁciis
1697 2174 1724 2200 in

931 2231 960 2251 se
974 2223 1163 2258 mundumque
1177 2226 1265 2249 totum
1281 2221 1399 2251 collatis.
1422 2226 1477 2248 tum
1500 2220 1583 2247 etiam
1603 2227 1618 2247 e
1633 2219 1727 2254 provi-

930 2267 1022 2294 dentia
1039 2267 1163 2294 contueri
1180 2267 1325 2301 dignanter
1337 2273 1499 2293 concessum
1518 2265 1590 2291 fuit-:
1606 2272 1727 2299 quorum

930 2313 1065 2341 luminum
1086 2313 1170 2340 radiis
1186 2312 1353 2343 collustrati.
1370 2312 1472 2343 mentis
1488 2311 1614 2338 tenebras
1629 2310 1724 2343 dispu-

929 2359 1031 2386 lerunt.
1063 2356 1159 2385 Nonne
1190 2364 1256 2385 vero
1288 2356 1498 2384 admirationem
1527 2359 1725 2390 stuporemque

930 2404 1021 2440 prodit
1054 2404 1078 2431 is
1109 2403 1156 2439 qui
1187 2403 1249 2430 ait:
1270 2412 1280 2429 ι
1303 2402 1371 2436 Quis
1396 2407 1438 2430 est
1466 2402 1519 2429 iste
1549 2401 1662 2428 veniens
1689 2407 1723 2426 ex

930 2450 1017 2478 Edom
1034 2449 1080 2477 "2
1096 2459 1105 2475 ι
1126 2465 1160 2470 -
1183 2459 1192 2475 ι
1212 2449 1280 2483 Quis
1296 2453 1340 2476 est
1363 2449 1416 2481 hic,
1441 2448 1484 2475 cui
1503 2454 1578 2474 mare
1595 2445 1724 2480 ventique

931 2498 1062 2525 obediunt
1075 2497 1119 2524 ³⁸2
1136 2506 1146 2523 ι
1163 2505 1244 2532 quem
1271 2504 1337 2525 sane
1364 2495 1560 2531 signiﬁcatum.
1585 2493 1723 2520 dictarum

930 2549 1009 2570 antea
1035 2544 1204 2571 locutionum
1228 2543 1302 2570 nulla
1319 2550 1376 2577 prae
1397 2549 1427 2569 sc
1451 2540 1512 2567 l'ert.
1531 2539 1607 2567 Adde
1622 2539 1676 2570 his,
1698 2538 1724 2565 si

930 2589 1012 2617 libet:
1028 2598 1037 2615 t
1056 2589 1124 2622 Quis
1138 2589 1211 2616 dabit
1227 2589 1309 2624 capiti
1321 2595 1383 2615 meo
1399 2594 1498 2621 aquam
1514 2586 1561 2612 "‘3
1578 2594 1641 2612 D—I
1655 2584 1726 2617 Quis

931 2643 974 2663 me
989 2641 1071 2670 ponet
1085 2636 1162 2670 juxta
1186 2642 1306 2662 mensem
1323 2633 1498 2669 superiorum
1521 2633 1628 2660 dierum
1642 2631 1686 2658 ⁸⁸2
1709 2640 1724 2657 ι

930 2682 963 2709 Ει
977 2691 984 2709 :
1002 2692 1011 2708 ι
1031 2681 1125 2710 Infelix
1142 2689 1193 2718 ego
1209 2682 1289 2708 homo
1303 2681 1309 2708 l
1331 2681 1395 2715 quis
1413 2688 1456 2707 me
1472 2678 1600 2707 liberabit
1615 2678 1650 2706 de
1661 2685 1725 2705 cor-

931 2736 997 2764 pore
1019 2729 1117 2756 mortis
1139 2729 1219 2764 hujus
1232 2728 1276 2755 “?
1293 2737 1302 2753 ι
1321 2727 1432 2756 Scilicet
1456 2727 1514 2754 hare
1538 2725 1678 2754 hominem
1692 2724 1723 2751 in

1188 2807 1211 2822 ‘°
1229 2805 1315 2833 Exod.
1335 2814 1365 2838 ιι,
1387 2806 1428 2833 H.
1484 2805 1505 2820 ‘“
1525 2804 1603 2830 Rom.
1621 2809 1676 2833 xw,
1692 2801 1720 2828 4.

92 2867 113 2884 ⁸⁵
124 2867 260 2908 Μειοῖιν,
276 2867 337 2902 Συ(
360 2875 385 2893 ”
396 2875 495 2903 τισι-ειη.
512 2867 555 2909 ix;
569 2875 593 2903 Ι.
634 2877 657 2893 ⁸ο
669 2875 721 2904 Job
737 2867 811 2909 x'xtx,
830 2876 847 2903 2

966 2884 1016 2905 πη.
1031 2867 1078 2911 vn,
1096 2867 1143 2905 275.
