1881 3077
163 156 199 188 83
730 155 863 184 ΡΗΟΤΙΙ
889 155 954 184 ΡΛἹ

1031 155 1141 185 RCH/E
1161 155 1215 185 ΟΡ.
1752 153 1790 188 84

163 209 299 245 angustiis
319 204 353 237 ad
375 217 468 245 preces
491 209 695 245 confugienlem
717 210 862 242 exhibent,
886 218 949 237 ctttn

1028 211 1052 244 ῆς
1066 210 1116 244 μὲν
1130 210 1185 245 γὰρ
1199 208 1363 244 καταφυγήν
1379 209 1409 242 ἐξ
1429 209 1585 244 ἀμηχανίας
1598 208 1634 236 τά
1654 209 1788 245 εἰρημένα

164 256 360 284 sententiarum
386 256 509 291 priorum
536 255 611 282 nulla
637 260 813 290 congruunt:
835 260 863 283 et
885 261 948 284 vota

164 302 274 336 quidem
293 309 340 335 pro
367 302 501 328 malorum
525 301 687 336 depulsione
715 301 867 334 continent,
894 309 948 329 non

164 351 253 372 tamen
268 346 308 372 vel
323 346 574 380 interrogationem,
597 347 638 374 vel
657 346 797 374 modestiae
810 347 950 382 signiﬁca-

165 390 281 421 tionem.
296 390 338 417 vel
353 390 523 417 indeﬁnitum
537 390 612 425 qttid,
634 391 676 417 vel
687 391 807 425 aliquam
824 391 949 426 increpa-

164 435 282 468 tionem;
299 443 388 470 neque
409 443 506 462 rursus
526 436 676 468 raritatem,
693 444 780 471 neque
799 437 949 471 gratiarum

164 482 311 512 actionem,
329 489 418 514 neque
433 481 644 508 admirationem
659 481 701 508 vel
716 486 867 516 stuporem.

197 526 243 553 28.
271 525 404 553 Praeterea
430 526 501 553 istud
532 526 614 553 etiam
644 534 751 554 mecum
778 528 949 558 considera:

166 571 249 604 «Quis
260 571 374 605 decipiet
381 571 564 598 Achaabum"
574 572 586 597 ἰν
598 576 636 604 et,
646 572 747 604 «Quem
756 573 860 600 mittam
869 575 902 590 °"
917 576 948 602 τι

163 622 192 644 et
206 625 214 644 :
229 626 238 642 ι
255 617 321 649 Quis
347 617 397 643 ibit
419 617 452 644 ad
477 617 606 652 populum
624 617 665 643 "?
679 627 689 643 ι
703 617 868 646 Nonnullam
895 620 951 648 haec

163 663 272 697 quidem
289 662 406 696 speciem
424 662 535 695 habent,
551 661 610 690 fore
628 667 658 689 ut
672 663 723 690 sub
736 664 829 699 aliquo
843 672 860 692 e
879 673 950 700 prae-

163 708 326 736 cedentibus
354 708 443 736 modis
473 709 683 741 concludantur,
711 717 740 737 re
770 714 862 738 tamen
888 719 950 739 vera

164 754 267 781 aditum
310 754 374 781 illuc
408 761 462 781 non
496 755 636 782 inveniunt
662 774 670 788 ,
706 754 753 782 sed
785 757 951 790 provocandi

165 799 265 832 potius,
290 799 332 826 vel
354 798 428 826 modi
455 799 548 826 nescio
571 799 650 833 cujus
678 800 843 827 sententiam
859 802 947 829 conti-

165 848 241 871 nent.
270 844 337 871 lllud
360 849 451 872 autem
468 853 475 872 :
495 853 504 870 ι
521 844 587 877 Quae
601 845 675 872 enim
698 844 831 874 fortitudo
848 854 907 873 mea
923 850 952 874 ιιι

998 255 1124 289 δηλώσει,
1144 255 1184 287 εἰς
1194 255 1269 282 οὐδὲν
1279 255 1308 281 δὲ
1321 255 1377 282 τῶν
1389 255 1640 290 προδιεσταλμὲνων
1653 254 1789 292 συνε[νε]-

998 300 1092 336 χθείη·
1109 300 1157 327 καὶ
1176 300 1337 335 ἀπαλλαγῆς
1361 300 1410 335 μὲν
1427 300 1566 335 ἐξαίτησιν
1590 300 1643 326 τῶν
1663 301 1789 335 συνεχόν-

999 353 1064 377 των,
1082 344 1113 370 οὺ
1130 344 1182 380 μὴν
1196 344 1343 380 ἐρώτησιν,
1363 344 1425 370 οὐδὲ
1441 344 1663 379 προσδιορισμὺν,
1682 344 1743 371 οὐδὲ
1757 345 1790 371 τδ

999 390 1135 425 ἀόριστον,
1151 390 1206 417 οὐδ’
1218 390 1388 426 ἐπιτίμησιν,
1402 389 1459 417 ἀλλ’
1473 390 1534 416 οὐδὲ
1547 390 1579 416 τὸ
1593 389 1716 422 σπάνιον,
1729 390 1789 416 ἀλλ’

999 435 1060 462 οὐδὲ
1081 435 1268 470 εὐχαριστίαν,
1284 436 1301 471 ἦ
1322 435 1471 469 εὐτέλειαν,
1487 435 1548 462 οὐδὲ
1565 435 1657 471 θαῦμα
1673 435 1720 462 καὶ
1743 434 1791 461 εκ-

1000 481 1098 516 πληξιν
1114 482 1281 517 ὑπογράφει.

1034 527 1088 562 κη’.
1106 527 1142 554 Σὺ
1166 527 1195 554 δέ
1221 535 1267 562 μοι
1299 527 1410 554 κάκεῖνο
1433 526 1641 562 προσεπιζήτει,
1655 526 1696 560 τὸ,
1713 535 1723 552 ι
1739 526 1791 558 Τίς

1000 575 1137 609 ἀπατήσει
1147 573 1327 609 τὸν,¹Δχαά6;
1343 583 1353 599 ι
1369 574 1441 605 xum
1454 573 1520 600 Τίνα
1531 573 1688 606 ﬁnenem);
1701 582 1712 599 ι
1730 573 1790 606 καὶ,

1003 628 1013 645 ι
1030 619 1080 650 Τίς
1100 618 1265 654 πορεύσεται
1290 619 1359 653 πρὸς
1373 618 1419 645 τὸν
1435 618 1513 651 λαόν;
1530 627 1540 644 ι
1566 618 1719 645 Φαντασίαν
1740 619 1792 653 μὲν

1001 672 1063 690 τινα
1079 664 1230 699 παρέχεται
1244 663 1282 695 ὡς
1295 663 1408 690 δυνατὸν
1424 663 1470 697 ὑφ’
1490 663 1520 689 ἐν
1539 663 1594 689 τῶν
1618 663 1792 699 προδιευκρι-

1002 710 1128 744 νημένων
1142 709 1291 744 ἀναχθῆναι
1301 717 1309 724 -
1325 709 1356 735 ού
1369 710 1423 744 μήν
1439 717 1471 743 γε
1483 708 1532 735 καὶ
1544 709 1577 743 τῇ
1591 708 1706 744 ἀληθείᾳ
1720 708 1794 743 πάρο

1002 756 1062 783 οδον
1081 756 1214 790 εὑρίσκει.
1243 754 1312 783 ἀλλὰ
1331 754 1516 790 προκλητικῆς
1534 753 1635 789 μᾶλλόν
1654 754 1713 779 ἐστι
1731 753 1793 781 διο.-

1003 801 1088 833 νοίας,
1111 801 1128 837 ἢ
1155 801 1248 837 ἑτέρου
1264 800 1336 832 τινὸς
1351 799 1437 826 τύπον
1453 799 1591 830 διασώζει.
1610 799 1647 825 Τὸ
1658 798 1697 832 δὲ,
1717 807 1727 824 ι
1743 799 1793 830 Τίς

1003 845 1058 881 γάρ
1076 853 1127 880 μου
1144 845 1161 880 ή
1174 845 1263 879 ἰσχὺς,
1278 844 1319 871 ὅτι
1335 843 1481 879 ύπομένω;
1499 843 1515 878 ἢ
1530 843 1571 875 τίς
1588 851 1638 878 μου
1653 843 1667 869 ὸ
1684 843 1792 878 χρόνος,

165 889 337 917 sustineam?
352 893 400 917 aut
421 890 558 925 quodnam
580 894 689 925 tempus
706 898 797 918 meum
819 897 847 919 ut
864 892 952 927 perie-

1028 899 1042 916 ιι
1063 890 1215 925 ¹ἀνέχομσ.ι;
1232 899 1241 915 ι
1270 890 1328 920 πῶς
1348 889 1398 925 οὐχ
1422 889 1515 922 ἕτερόν
1540 897 1566 916 τι
1590 888 1794 923 σημαινόμενον

167 942 224 961 ram
239 934 283 961 “‘2
301 943 310 960 ›
328 935 424 970 quidni
445 935 529 962 alittm
550 943 662 963 sensum
684 936 736 964 sibi
760 936 898 970 deposcet,
915 938 951 964 ita

166 983 196 1006 ut
214 979 358 1007 consilium
381 979 494 1007 minime
515 980 646 1014 injurium
670 980 726 1008 Deo
741 981 799 1009 sit?
818 981 864 1010 Ille
877 983 951 1010 enim

165 1023 366 1051 calamitatibus
379 1031 502 1059 pressus,
515 1025 580 1053 dum
593 1026 656 1053 vita:
669 1026 828 1054 brevitatem
841 1027 953 1055 virium—

165 1077 219 1104 que
244 1069 430 1096 inﬁrmitatetn
455 1074 483 1097 et
503 1070 667 1105 paucitatem
688 1071 827 1099 declarare
851 1073 951 1106 studet,

166 1114 209 1141 his
224 1122 285 1148 qute
297 1114 355 1142 dixi
370 1115 460 1142 verbis
476 1119 503 1142 et
518 1115 564 1142 illa
578 1116 660 1143 simul
679 1116 762 1150 mala,
779 1122 806 1144 et
820 1125 901 1145 suum
917 1119 952 1146 ob

165 1165 198 1185 ea
212 1164 338 1186 maestum
361 1159 554 1195 defessumque
571 1161 694 1189 anitnum
713 1163 811 1197 aperit.
839 1163 954 1199 insuper

166 1204 232 1232 illud
253 1215 260 1232 :
278 1215 287 1231 ι
306 1205 376 1233 Num
398 1206 461 1240 quis
489 1207 563 1234 novit
587 1215 620 1234 an
646 1216 708 1236 eum
731 1209 953 1245 deprehcttsurus

165 1252 216 1278 sim
229 1251 271 1278 ουτ
284 1261 293 1277 ι
305 1257 331 1279 et
342 1261 349 1279 :
359 1261 368 1277 ι
381 1252 449 1285 Quis
462 1253 549 1287 novit,
561 1259 653 1281 utrum
668 1256 703 1282 sit
717 1264 877 1285 reversurus
888 1258 929 1286 “1
940 1268 950 1285 ι

165 1297 234 1330 haec,
251 1298 373 1333 inquam,
390 1299 548 1326 dubitanter
562 1300 645 1333 dicta,
660 1301 682 1328 si
697 1301 734 1328 ita
754 1302 952 1338 intelligantur,

167 1350 341 1377 nequaquam
362 1345 523 1372 sententiam
540 1345 739 1379 obscurabunt,
760 1348 890 1383 nullaque
903 1357 954 1376 au—

166 1388 282 1415 ditorcm
308 1389 486 1423 ambiguitate
512 1390 645 1418 irretient.
672 1391 718 1418 Sin
747 1393 840 1420 eadem
856 1402 870 1421 a
886 1402 954 1428 prte—

165 1432 238 1459 dicta
256 1433 454 1468 signiﬁcatione
469 1435 606 1468 recedent,
619 1435 783 1470 pcrplexitas
800 1438 953 1465 auditorem

166 1478 275 1510 obruet,
301 1480 438 1507 contraria
464 1488 578 1515 prorsus
602 1481 641 1508 illi
674 1483 874 1516 perspicuitati,
894 1492 955 1518 quae

167 1524 446 1558 reclaaiuteiligeutiae
461 1525 567 1553 fructus
589 1530 641 1554 est.
663 1527 752 1561 Atque
774 1529 857 1563 hujus
871 1538 953 1558 voea-

167 1568 223 1596 buli
241 1577 283 1600 τις
297 1570 398 1597 multas
414 1571 484 1598 alias
508 1570 679 1600 diﬁcreutias
693 1580 706 1599 a
724 1581 767 1600 me
784 1575 952 1608 praetermis-

167 1622 224 1646 sas.
247 1615 294 1650 qui
310 1616 427 1643 scrutari
443 1624 539 1645 sacros
559 1617 655 1646 Libros
682 1619 810 1653 voluerit‘,
830 1621 954 1655 profccm

168 1661 299 1694 iuvcnicl,
316 1670 384 1696 quas
399 1667 426 1690 et
451 1663 512 1691 aliis
534 1664 679 1692 ostendere
692 1673 746 1692 non
764 1673 843 1694 secus
858 1673 890 1694 ac
903 1666 954 1694 de-

167 1707 345 1741 prehendere,
363 1708 491 1742 perfacile
505 1710 642 1743 negotium
655 1715 708 1737 cst.

202 1752 247 1779 29.
267 1752 326 1780 Non
354 1753 442 1781 solum
470 1759 562 1781 autem
590 1755 672 1782 unica
697 1756 834 1785 interdum
864 1758 955 1787 brevis

168 1797 251 1825 dictio
268 1797 412 1832 multiplici
427 1799 581 1834 signiﬁcatu
596 1801 718 1834 praedita,
735 1801 870 1836 siquando
881 1803 954 1831 haud

168 1844 361 1871 convenienter
383 1844 564 1879 intelligatur,
590 1851 707 1873 mentem
723 1847 804 1874 etiam
827 1849 955 1877 cordata-

168 1897 228 1916 rum
245 1889 386 1916 hominum
405 1890 534 1918 obscurat
549 1895 631 1926 atque
643 1893 802 1927 conturbat;
819 1895 865 1922 sed
881 1894 955 1923 litte-

168 1935 235 1963 rulm
258 1943 371 1971 quoque
393 1936 540 1969 aberratio,
565 1937 669 1966 additio
691 1938 733 1966 vel
747 1939 894 1973 detractio,
911 1941 954 1967 vel

168 1982 257 2008 dirutn
282 1982 347 2017 quid
371 1982 516 2017 aliquoties
539 1983 620 2018 parit.
638 1984 679 2010 vel
705 1989 778 2012 certe
804 1986 954 2013 absurdum

168 2028 238 2054 solet
258 2027 372 2054 edicere.
389 2027 479 2062 Atque
504 2032 535 2055 ut
558 2033 655 2056 czetera
679 2029 790 2056 interim
815 2031 954 2064 omittam,

168 2073 191 2099 si
215 2073 277 2108 quis
307 2073 420 2100 verbum
444 2073 542 2108 ἐκτησε
566 2073 646 2110 longa
670 2075 772 2110 syllaba
800 2077 953 2111 praeditum,

168 2119 241 2146 brevi
254 2119 357 2147 scribat
369 2120 484 2155 (ἔκτισε)
502 2125 586 2156 atque
610 2121 646 2149 ita
670 2122 806 2157 intelligat
824 2122 850 2149 in
866 2130 897 2150 ea
913 2123 955 2149 lo-

168 2165 276 2193 cutione
295 2176 304 2192 ι
324 2166 454 2194 Dominus
467 2167 567 2202 ἐκτησε
582 2167 691 2202 (nempe
713 2169 809 2195 creavit
828 2176 876 2203 pro
892 2177 955 2203 pos-

1003 936 1175 970 ὲπιζητήσει,
1186 935 1220 962 δι’
1233 931 1265 962 οὗ
1274 935 1305 961 τὸ
1319 934 1426 961 ἐκείνου
1438 934 1563 970 βούλημα
1573 934 1624 960 οὐκ
1635 933 1792 969 ἑξυῦρίσοις

1003 981 1040 1008 Τδ
1053 980 1108 1016 γὰρ
1121 980 1208 1016 βραχῦ
1233 980 1281 1007 καὶ
1296 980 1391 1007 ἄτονον
1412 980 1461 1007 καὶ
1475 979 1658 1014 ὀλιγοχρόνιον
1671 979 1718 1006 τοῦ
1733 979 1792 1014 βίου

1002 1027 1051 1054 καὶ
1062 1026 1113 1062 τῆς
1128 1026 1220 1062 ἰσχύος
1234 1027 1249 1053 ό
1264 1027 1297 1061 τῇ
1313 1026 1486 1061 ταλαιπωρίᾳ
1503 1025 1685 1061 ὲκτρυχωθεὶς
1699 1033 1793 1060 παρα-

1004 1072 1102 1107 στῆσαι
1116 1071 1269 1107 βουληθεὶς,
1289 1071 1334 1098 διὰ
1348 1071 1452 1098 τούτων
1475 1070 1529 1098 τῶν
1551 1071 1683 1106 ῥημάτων
1699 1070 1794 1097 ἐκεῖνά

1001 1127 1032 1145 τε
1048 1119 1106 1153 ἅμα
1129 1118 1177 1145 καί¹
1197 1117 1242 1144 τὸν
1257 1117 1302 1144 ἐπ’
1326 1117 1418 1149 αὐτοῖς
1435 1117 1636 1151 ὀλοφυρόμενον
1661 1116 1724 1143 νοῦν
1744 1116 1794 1142 καὶ

1003 1162 1174 1199 ἀπειρηκότα
1191 1161 1372 1189 ἀναπτύσσει.
1395 1161 1477 1188 Ἀλλὰ
1501 1161 1555 1197 γὰρ
1576 1161 1625 1188 καὶ
1647 1160 1687 1192 τὸ,
1714 1169 1723 1186 ι
1743 1159 1794 1192 Τίς

1003 1208 1058 1242 ἄρα
1072 1207 1166 1242 γνοίη,
1182 1207 1224 1233 ὅτι
1240 1206 1350 1242 εὕροιμι
1366 1206 1463 1239 αὐτόν;
1481 1215 1491 1232 ›
1509 1205 1554 1232 καὶ
1568 1205 1610 1238 τὸ,
1627 1214 1636 1230 ι
1657 1204 1706 1236 Τίς
1720 1202 1793 1231 οἶδεν

1003 1253 1028 1279 εἱ
1045 1251 1221 1287 ἐπιστρέψοις
1239 1260 1249 1277 ι
1272 1251 1342 1277 κατὰ
1356 1249 1517 1285 διαπόρησιν
1536 1249 1687 1284 εἰρημένα,
1704 1249 1728 1276 εἰ
1744 1248 1792 1275 οὖ-

1003 1305 1057 1328 τως
1072 1295 1271 1332 προσληφθείη,
1292 1295 1370 1321 οὐδὲν
1388 1294 1438 1330 μὲν
1453 1294 1503 1329 τὴν
1516 1294 1636 1320 διάνοιαν
1659 1293 1794 1329 ἀμαυρὼ⁴

1005 1349 1056 1372 σει,
1072 1341 1112 1372 εἰς
1125 1335 1254 1375 οὐδεμίαν
1268 1340 1298 1366 δὲ
1315 1338 1482 1374 ἀμφιϐολίαν
1500 1339 1546 1365 τὸν
1558 1338 1697 1374 ἀκροατὴν
1712 1346 1795 1373 περι-

1003 1386 1098 1421 τρὲψει
1108 1392 1116 1400 ·
1130 1385 1281 1412 ἐκπεσόντα
1304 1385 1332 1411 δὲ
1344 1385 1393 1420 τῆς
1405 1383 1535 1419 τοιαύτης
1551 1384 1700 1419 σημασίας,
1717 1383 1794 1410 οὐδὲν

1004 1432 1114 1458 ἔλαττον
1128 1431 1144 1466 ἢ
1162 1431 1230 1466 ὅπερ
1242 1430 1369 1457 ἐϐούλετο
1384 1429 1481 1465 δηλοῦν
1496 1430 1612 1464 ὀρθότης
1625 1429 1672 1456 τοῦ
1690 1437 1795 1465 σημαι-

1004 1477 1128 1512 νομένου,
1141 1476 1258 1511 ἀπορίας
1274 1475 1356 1502 αὐτὸν
1379 1475 1560 1511 ἀναπλήσσει.
1579 1475 1634 1501 Καὶ
1646 1475 1676 1501 οὐ
1691 1475 1795 1506 ταύτας

1009 1523 1099 1557 μόνον,
1113 1521 1180 1548 ἀλλὰ
1196 1523 1244 1548 καὶ
1260 1521 1362 1552 πολλὰς
1377 1521 1460 1553 ἄλλας
1472 1520 1603 1556 διαφορὰς
1616 1521 1666 1555 τῆς
1679 1529 1795 1556 προκει-

1010 1569 1093 1603 μένης
1121 1568 1213 1603 φωνῆς
1229 1566 1490 1603 παραλελειμμένας
1514 1568 1529 1593 δ
1555 1566 1718 1602 βουλόμενος
1744 1566 1798 1601 τὴν

1009 1614 1084 1648 ἱερὰν
1096 1613 1294 1648 ἀναλεγόμενος
1307 1612 1420 1648 Γραφὴν
1437 1611 1561 1647 εὑρήσει,
1577 1611 1610 1644 ἃς
1623 1611 1699 1638 οὐδὲν
1715 1611 1797 1647 ἔργον

1007 1661 1068 1688 οὕτε
1087 1660 1168 1688 αὐτὸν
1184 1660 1278 1687 λαὸεἴν
1297 1658 1360 1686 οὔτε
1373 1659 1431 1691 τοῖς
1447 1658 1540 1689 ἄλλοις
1556 1657 1722 1692 ἐκκαλύψαι.

1044 1757 1097 1785 κθ’.
1117 1757 1156 1784 Ού
1173 1756 1252 1792 μόνον
1265 1756 1294 1783 δὲ
1310 1755 1360 1791 μία
1373 1755 1446 1788 λέξις
1458 1755 1506 1783 καὶ
1517 1755 1580 1782 τότε
1593 1755 1706 1791 βραχεῖα
1724 1756 1798 1782 κατὰ

1007 1803 1114 1830 πολλῶν
1128 1803 1177 1838 μὲν
1191 1801 1379 1837 ὑποκειμένων
1395 1801 1545 1837 φερομένη,
1557 1801 1588 1827 οὺ
1603 1801 1751 1836 προσφυῶς
1766 1801 1798 1828 δὲ

1007 1848 1292 1885 παραλαμϐανομένη,
1321 1848 1368 1873 τὸν
1394 1846 1457 1873 νοῦν
1483 1847 1539 1874 τῶν
1562 1846 1652 1881 ὀρθῶς
1678 1847 1799 1882 ἑχόντων

1008 1893 1129 1922 ὲπιθολοϊ
1156 1894 1203 1920 καὶ
1229 1893 1420 1929 διαταράττει,
1458 1892 1527 1919 ἀλλὰ
1553 1892 1602 1919 καὶ
1631 1892 1799 1928 γράμματος

1008 1938 1170 1975 παραλλαγὴ
1181 1958 1187 1968 .
1203 1938 1219 1973 ἢ
1235 1938 1382 1973 πρόσθεσις
1397 1938 1445 1964 καὶ
1462 1937 1608 1973 ἀφαίρεσις
1620 1957 1627 1969 ,
1653 1938 1678 1964 εἰ
1693 1937 1740 1964 καὶ.
1759 1938 1798 1972 μὴ

1008 1985 1125 2022 χαλεπὸν
1136 1984 1335 2016 ἀποσκευάσαι,
1344 1984 1419 2018 ὅμως
1430 1983 1531 2010 ἄτοπόν
1542 1991 1569 2009 τι
1581 1984 1704 2019 ἀπαντᾷν
1717 1983 1798 2010 εἴωθε

1008 2030 1240 2067 παρασκευάζειν.
1269 2030 1325 2057 Καὶ
1348 2030 1392 2056 ἵνα
1416 2030 1464 2057 νῦν
1485 2030 1559 2057 ἐάσω
1573 2029 1608 2056 τὰ
1623 2028 1702 2062 ἄλλα,
1728 2029 1799 2056 ἀλλὰ

1007 2078 1062 2116 γάρ
1088 2078 1136 2104 καὶ
1162 2077 1192 2103 τὺ
1206 2077 1337 2109 ἐκτησεν
1353 2076 1380 2102 εἰ
1403 2085 1446 2107 τις
1471 2076 1659 2111 μηκυνόμενον
1682 2074 1727 2102 διὰ
1749 2075 1798 2102 τοῦ

1009 2122 1211 2158 βραχυνομένου
1236 2122 1292 2158 (21)
1311 2122 1357 2149 καὶ
1373 2122 1488 2157 γράψειε
1503 2121 1552 2148 καὶ
1565 2123 1686 2157 νοήσειεν
1701 2121 1731 2147 ἐν
1748 2120 1798 2155 τῷ,

1012 2178 1021 2196 ι
1038 2168 1140 2204 Κύριος
1165 2168 1265 2203 ἐκτησέ
1290 2176 1323 2202 με
1345 2167 1433 2202 ἀρχὴν
1447 2167 1515 2194 ὁδῶν
1532 2166 1607 2203 [cod.
1625 2165 1697 2202 ὁδὸν]
1713 2165 1798 2192 αὐτοῦ

168 2212 247 2246 sedit)
263 2219 306 2240 me
317 2212 423 2240 initium
435 2214 539 2240 viarum
557 2221 669 2241 suarum
683 2213 717 2241 ad
729 2221 812 2248 opera
828 2222 878 2242 sua
890 2215 913 2230 °"
923 2237 929 2247 ,
943 2225 952 2241 ›

1028 2216 1048 2246 [ς
1061 2213 1129 2249 ἔργα
1144 2213 1240 2240 αὐτοῦ·
1259 2222 1268 2239 ι
1283 2211 1342 2239 εἵτα
1355 2213 1423 2248 πρὸς
1435 2212 1484 2247 τὴν
1496 2212 1544 2239 τοῦ
1563 2211 1668 2247 Ἀρείου
1682 2211 1799 2246 γνώμην

168 2257 267 2285 deinde
282 2258 314 2285 ad
333 2258 390 2286 Arii
413 2259 577 2286 sententiam
600 2259 729 2292 inclinet;
748 2259 772 2286 is
789 2264 885 2286 contra
906 2260 954 2287 ﬁlii

168 2303 334 2331 divinitatem
363 2304 481 2339 linguam
512 2308 602 2332 acuet.
635 2303 687 2331 Sed
717 2304 774 2331 Arii
802 2305 953 2332 suavitatem

168 2349 344 2380 multifariam
368 2349 495 2377 insectari
519 2354 546 2376 et
572 2356 721 2384 coarguere
747 2357 862 2384 pronum
887 2354 952 2378 est:

169 2398 318 2431 przescrtim
337 2397 400 2432 quia
418 2397 530 2424 verbum
549 2396 660 2432 ἔκτησε,
676 2396 747 2423 haud
770 2405 818 2432 per
840 2397 894 2424 iota
910 2397 954 2425 lit—

169 2447 260 2469 teram.
277 2443 324 2470 sed
341 2450 389 2477 per
408 2447 452 2470 eta
476 2442 711 2476 pronuntiandum
727 2442 749 2470 si
764 2442 825 2477 quis
839 2443 955 2470 demon-

169 2492 246 2520 stret,
265 2488 289 2516 is
305 2488 448 2524 loquacem
468 2487 603 2515 haeretica:
617 2488 752 2522 superbia:
765 2487 907 2514 audaciam
921 2487 955 2514 ad

169 2533 308 2560 silentium
328 2538 407 2567 turpe
423 2533 576 2567 compellet.
595 2532 661 2559 Nam
682 2533 793 2560 verbum
812 2533 863 2560 hoc
876 2533 955 2568 longa

170 2578 260 2604 littera
278 2577 427 2612 prolatum,
451 2578 527 2604 nullo
551 2579 630 2605 modo
658 2583 784 2605 naturam
805 2578 955 2609 imminuit.

170 2631 257 2657 neque
271 2624 340 2650 intra
359 2623 494 2650 minorem
510 2624 650 2651 modulum
667 2629 798 2658 coarctat,
816 2632 905 2660 neque
922 2624 957 2651 ad

1007 2260 1159 2293 ἀποκλίνοι,
1167 2259 1238 2286 κατὰ
1252 2259 1301 2294 τῆς
1317 2258 1365 2285 τοῦ
1381 2258 1448 2285 Υἱοῦ
1462 2258 1590 2293 θεότητος
1606 2257 1657 2293 τὴν
1670 2257 1799 2291 γλῶσσαν

1007 2306 1112 2339 όξύνοι·
1138 2303 1169 2333 οὗ
1187 2306 1217 2332 τὺ
1232 2305 1375 2341 δύσφημον
1391 2304 1534 2340 πολλαχῶς
1562 2304 1612 2340 μὲν
1634 2303 1800 2339 ὲρραπίζειν

1007 2350 1056 2377 καὶ
1071 2349 1221 2384 διελέγχειν
1238 2350 1314 2384 ῥᾷον,
1331 2349 1387 2375 ἀλλ’
1412 2349 1489 2375 οὐδὲν
1504 2348 1614 2375 ἔλαττον
1633 2348 1680 2375 καὶ
1707 2348 1750 2374 ὅτι
1770 2349 1800 2374 τι)

1008 2394 1141 2427 Exulcer-
1154 2394 1185 2420 οὐ
1198 2393 1248 2428 τῆς
1262 2393 1306 2420 διὰ
1320 2393 1367 2419 τοῦ
1380 2393 1447 2419 ἰῶτα
1462 2392 1606 2428 γραμμῆς,
1626 2392 1670 2418 διὰ
1695 2391 1725 2418 δὲ
1749 2393 1800 2427 τῆς

1007 2440 1054 2466 τοῦ
1073 2438 1127 2475 ἦτα
1143 2439 1348 2475 προφερόμενον
1370 2439 1384 2465 ὁ
1408 2438 1569 2470 ὑποδεικνὺς
1584 2437 1799 2468 ἀνακαλύπτων,

1006 2488 1045 2517 είς
1059 2485 1138 2521 σιγὴν
1150 2485 1282 2520 αἰσχύνης
1298 2484 1344 2511 τοῦ
1361 2484 1502 2519 αἰρετικοῦ
1518 2484 1694 2519 φρονήματος
1711 2483 1742 2509 τὸ
1755 2483 1801 2509 λὰ·

1006 2532 1052 2558 λον
1074 2531 1175 2566 θράσος
1193 2530 1351 2556 συνελάσει·
1376 2531 1393 2564 ή
1415 2529 1469 2564 γὰρ
1496 2529 1565 2564 μετὰ
1588 2529 1636 2555 τοῦ
1665 2528 1800 2563 μεγέθους

1010 2575 1142 2612 προϊοῦσα
1164 2575 1236 2608 λέξις
1257 2575 1308 2601 οὐκ
1331 2575 1437 2601 ἐλαττοῖ
1459 2575 1508 2609 τὴν
1525 2574 1616 2608 φύσιν,
1635 2573 1665 2600 ού
1680 2573 1733 2607 μὲν
1752 2570 1800 2599 οὖν

1011 2623 1071 2650 οὐδὲ
1085 2622 1225 2649 συστέλλει
1239 2621 1307 2656 πρὸς
1323 2620 1352 2646 τὺ
1366 2620 1546 2656 βραχύτερον,
1563 2619 1623 2647 οὐδὲ
1644 2620 1683 2650 εἰς
1695 2619 1800 2654 κτίσμα

205 2691 228 2726 ξ’
246 2690 278 2717 lil
294 2690 359 2726 [ιι-κ.
383 2699 450 2724 xxu,
465 2691 510 2719 20.
549 2693 582 2708 ⁶¹⁶
598 2691 650 2719 lsa.
663 2699 700 2726 vt,
717 2692 744 2720 8.
792 2692 814 2708 "
831 2691 932 2720 Jerem.
948 2700 954 2718 1

1028 2711 1033 2717 .
1079 2690 1102 2708 ⁸⁸
1118 2689 1169 2718 Job
1184 2698 1221 2722 v1,
1240 2690 1284 2717 ‘Ii.
1304 2689 1327 2705 ⁸³
1341 2688 1393 2716 Job
1413 2697 1493 2722 xttttt,
1516 2689 1543 2716 5.
1591 2689 1613 2704 ⁸⁸
1632 2687 1695 2716 Jon.
1713 2696 1756 2722 tu,
1771 2687 1798 2717 9-

921 2760 1037 2788 ΝΟΤᾸΞ.

170 2726 193 2743 ⁸⁷
205 2725 287 2754 Prov.
303 2725 363 2760 vtit,
379 2726 425 2754 ‘22.

208 2835 264 2870 (2|)
279 2834 348 2863 lliue
379 2835 569 2870 cognoscimus
596 2833 721 2870 Photium
737 2832 959 2870 pronuntiavisse

171 2867 329 2899 unico'sono
363 2867 425 2898 ιιιηῖ
436 2875 478 2898 ctu
492 2879 572 2905 quant
588 2870 652 2897 ευια.
667 2869 704 2897 De
717 2867 745 2896 re
759 2869 855 2904 legesis
865 2867 959 2903 dispu-

1012 2836 1113 2859 tantem
1145 2830 1325 2859 Villoisonum
1345 2829 1452 2862 Proleg.
1480 2828 1514 2855 ad
1540 2827 1651 2857 Homer.
1675 2835 1705 2864 p.
1723 2829 1802 2862 tv,et

1012 2867 1136 2894 Auecdot.
1153 2865 1200 2894 Gr.
1222 2871 1288 2895 tom.
1303 2865 1336 2899 il,
1348 2872 1374 2901 p.
1397 2864 1448 2892 1⁸36
1462 2871 1539 2900 seqq.
