1881 3077
110 141 148 174 85
631 147 682 177 AD
696 147 993 179 AMPHILOCIIIUM
1009 148 1182 185 QUt‘ES'l‘IO
1196 149 1220 179 Ι.
1716 151 1751 182 86

106 201 160 234 τὴν
174 200 304 227 ἀκτιστον
326 200 422 229 οὐσίαν
435 202 569 238 κατάγει·
594 204 632 240 μή
661 213 689 232 τι
709 205 843 241 γένηται·

1007 212 1092 236 atura:
1104 208 1290 236 conditionem
1310 208 1491 237 substantiam
1507 199 1663 238 incrcatam'
1678 211 1749 238 redi-

108 245 223 272 κείωσιν
251 246 279 273 δὲ
308 247 411 281 μᾶλλον
434 249 482 275 καὶ
503 249 658 285 πρόσληψιν
684 251 732 277 καὶ
762 252 907 278 κοινωνίαν

108 291 165 317 τῶν
186 291 315 326 ὁμοφυῶν
329 293 438 328 Πατρδς
458 294 613 329 ὑπογράφει
635 295 682 323 καὶ
699 296 777 324 Υῐοῦ.
800 296 829 323 '0
852 297 907 333 γὰρ

107 336 262 369 διαστατῶς
275 339 417 375 πανταχοῦ
433 340 521 367 συνὼν
536 341 575 376 τῷ
586 343 667 377 γεννή
673 351 740 377 ματι
753 343 904 379 γεννήτωρ,

108 384 159 410 καὶ
171 385 254 419 μηδὲν
266 385 406 420 ἀπότομον
415 388 463 413 καὶ
479 387 644 423 διῃρημένον
654 389 706 424 τῆς
722 389 827 416 ἐκείνου
844 389 907 425 βου-

107 428 161 464 λῆς
175 431 223 456 καὶ
238 430 354 466 γνώμης
368 434 440 459 κατά
453 433 638 470 δημιουργίαν
662 434 731 470 μηδὲ
753 437 826 462 κατὰ
840 435 906 472 πρό-

108 483 186 502 νοιαν
203 478 345 511 πράττων,
357 477 437 513 δῆλον
453 479 493 505 ὅτι
510 480 570 515 μετ’
581 480 745 513 οῑκειώσεως
761 482 808 508 καὶ
820 490 905 517 προσ-

107 519 218 555 λήψεως
234 522 290 549 τῶν
314 522 507 559 βουλευμάτων
527 526 581 553 τῶν
609 527 656 554 τοῦ
675 527 742 555 Υίοῦ
764 529 854 556 πάντα
872 529 905 557 ἂν

107 567 158 593 καὶ
181 567 338 602 προαγάγοι
353 569 402 596 καὶ
419 571 549 606 προνοίας
560 571 674 608 ἀξιώσῃ.
688 569 736 605 Οἷς
747 573 802 609 γὰρ
815 575 904 610 ἀπαρ-

106 611 244 640 άλλακτον
262 615 310 641 καὶ
330 616 420 643 κοινὸν
445 617 475 643 τὸ
493 617 605 652 ἀξίωμα
626 620 674 646 καὶ
702 619 719 655 ἡ
741 620 824 654 φύσις
855 620 904 648 καὶ

106 659 229 692 ἐξουσία,
252 660 360 693 τούτοις
382 662 504 698 δηλονότι
530 663 578 690 καὶ
602 664 634 690 τὸ
654 664 832 701 δημιουργεῖν
856 666 904 693 καὶ

107 705 253 740 προάγειν,
269 708 419 744 ἀμέριστόν
433 718 462 736 τε
483 709 531 736 καὶ
548 710 721 742 ἀδιάστατον.
735 712 783 738 καὶ
795 713 903 746 παραλ-

107 749 197 786 λαγὴν
210 751 261 786 τῆς
272 752 387 789 γνώμης
402 753 433 780 οὐ
447 755 531 790 φέρον
544 756 682 791 οὐδεμίαν.
694 750 728 783 Ὃ
741 758 788 784 καὶ
798 758 815 793 ἡ
830 766 903 794 παρ-

106 794 179 822 οῦσα
191 798 469 834 συνεπιμαρτύρηται
479 801 559 836 ῥῆσις
569 801 630 828 ’ὲπί
641 810 671 828 τε
684 802 740 837 γὰρ
751 804 785 838 τῇ
800 812 904 839 κοσμο-

105 843 203 879 γενείᾳ
215 843 263 871 τοῦ
278 845 392 878 παντὸς,
408 846 457 873 καὶ
479 847 525 873 ἐπὶ
544 848 577 883 τῇ
591 848 762 875 ἀνακαινίσει
784 849 832 876 καὶ
846 858 900 877 σω-

104 889 192 925 τηρίᾳ
211 889 260 917 τοῦ
276 891 533 927 παρολισθήσαντος
550 894 630 929 ἡμῶν
645 895 742 928 γένους
754 895 802 922 καὶ
817 905 903 923 κατα-

105 935 236 968 πεσόντος
251 937 292 968 εἰς
305 937 462 973 συντριϐὴν,
479 938 574 975 κοινὴν
594 939 643 966 καὶ
657 940 706 976 τὴν
719 941 902 977 δημιουργίαν

104 979 177 1008 εἴναι
187 982 234 1018 καὶ
247 983 296 1018 τὴν
310 983 441 1018 πρόνοιαν
454 985 562 1020 Πατρδς
579 986 626 1012 καὶ
640 985 708 1013 Υἱοῦ
725 987 880 1014 ἐκδιδάσκει
891 996 898 1004 ’

101 1025 119 1059 ῆ
134 1033 166 1052 τε
181 1026 238 1062 γὰρ
251 1027 306 1054 τῶν
321 1027 391 1055 ὅλων
409 1031 440 1056 ὲκ
458 1030 496 1065 μὴ
510 1031 595 1058 ὄντων
609 1032 733 1067 πρόοδος,
750 1033 797 1059 καὶ
812 1035 827 1068 ὴ
849 1036 900 1069 τῆς

100 1070 244 1107 ἡμετέρας
260 1071 370 1107 φύσεως
385 1075 426 1106 εἰς
442 1074 473 1101 τὸ
489 1076 582 1112 χεῖρον
596 1077 787 1113 ἅπονευσάσης
801 1079 847 1105 ἐπὶ
866 1079 896 1106 τὸ

100 1116 216 1150 ἄμεινον
231 1119 386 1154 ἀνάκτησις
397 1120 445 1146 καὶ
458 1121 622 1157 ἐπιστροφὴ,
639 1122 719 1157 δῆλον
734 1124 775 1151 ὃτι
787 1124 836 1160 τῆς
849 1125 896 1152 τοῦ

100 1160 210 1195 Πατρὸς
227 1162 275 1188 καὶ
289 1163 338 1190 τοῦ
352 1164 419 1191 Υἱοῠ
434 1166 483 1192 καὶ
498 1167 660 1201 Πνεύματός
683 1168 741 1194 ἐστι
763 1168 896 1205 δημιουρ-

104 1206 164 1240 γίας
179 1207 228 1234 καὶ
245 1209 392 1243 προνοίας·
406 1210 466 1238 ἀλλ’
481 1212 497 1247 ἡ
523 1212 573 1247 μὲν
593 1213 626 1240 ἐκ
639 1213 687 1240 τοῦ
702 1214 895 1242 συστέλλεσθαι

99 1252 149 1278 καὶ
166 1254 338 1288 μηκύνεσθαι
355 1257 462 1292 γραφὴ,
484 1257 523 1290 ὡς
544 1258 591 1285 ἐπὶ
614 1259 837 1296 παραδείγματος
857 1263 896 1288 εἰ-

100 1298 175 1330 πεῖν,
187 1299 239 1334 τὴν
252 1300 371 1336 ἀπορίαν
386 1302 473 1334 οὕτως
486 1303 673 1337 διασκεδάζει.
692 1306 832 1338 Ὡσαύτως
847 1306 895 1334 καλ⁵

99 1342 130 1369 τὸ
145 1343 317 1378 ἐγέννησεν
333 1347 480 1382 ἀφαίρεσιν
509 1350 561 1385 μὲν
585 1351 615 1384 ἐξ
643 1352 791 1387 ἐπιϐουλῆς
817 1353 833 1388 ἢ
865 1353 895 1387 ἐξ

98 1388 213 1422 ἀγνοίας
236 1391 285 1418 τοῦ
307 1393 368 1424 ἑνὸς
387 1402 402 1420 ν
420 1396 572 1429 πεπονθὸς,
597 1398 757 1432 κτισμάτων
776 1397 895 1434 ὓπαρξιν

98 1434 243 1470 ἐπεισάγει
253 1445 261 1451 ⁸
275 1438 359 1466 λαϐὸν
374 1439 403 1467 δὲ
419 1441 450 1467 τὸ
464 1442 625 1477 ἀφαιρεθὲν,
643 1444 713 1480 πρὸς
729 1445 760 1471 τὸ
772 1445 895 1480 ὁμοφυές

101 1488 131 1506 τε
158 1483 205 1508 καὶ
228 1483 374 1516 όμοούσιον
396 1488 575 1516 κατευθύνει·
596 1490 643 1516 καὶ
666 1490 752 1518 πολλὰ
774 1491 803 1518 δὲ
826 1491 893 1519 ἄλλα

958 254 1014 289 git;
1035 255 1108 290 quod
1128 255 1218 289 absit;
1241 255 1288 282 sed
1311 256 1542 284 necessitudinem
1558 257 1651 291 potius
1665 262 1692 284 et
1705 259 1760 284 so-‘

957 300 1084 327 cietatem
1113 301 1392 335 communionemque
1417 301 1501 328 unitze
1520 305 1626 328 natura:
1655 301 1750 329 Patris

957 344 1075 379 Filiique
1090 344 1232 372 describit.
1249 343 1300 378 Qui
1312 346 1385 372 enim
1400 345 1529 373 distincte
1542 346 1624 373 simul
1641 347 1750 374 exsistit

956 398 1018 418 cum
1034 390 1125 426 genito
1138 392 1256 425 genitor,
1269 391 1393 425 nihilque
1404 394 1557 424 separatum
1569 395 1617 418 aut
1629 391 1748 419 divisum

957 437 991 464 ab
1008 437 1069 471 ejus
1084 437 1226 464 voluntate
1245 445 1278 465 ac
1299 442 1390 464 mente
1404 437 1431 464 in
1445 437 1594 464 creationis
1609 445 1642 465 ac
1657 439 1750 472 provi-

956 483 1055 510 dctttize
1076 490 1158 518 opere
1181 483 1256 515 facit,
1282 482 1356 510 hunc
1378 487 1451 517 patet
1472 482 1531 510 fore
1558 488 1588 511 ut
1620 491 1673 510 noti
1689 484 1749 512 sine

955 528 1105 563 coniuncto
1119 529 1250 564 socioque
1259 529 1446 557 Filiiconsilio
1460 530 1553 556 omnia
1569 530 1704 564 producat
1716 538 1748 558 ac

956 574 1128 610 providentia
1151 575 1289 609 dignetur.
1315 574 1422 608 Quibus
1448 575 1521 603 enim
1549 575 1649 603 similis
1677 577 1749 604 inest

956 621 1170 655 communisque
1193 620 1322 655 dignitas,
1337 625 1436 648 natura
1449 626 1476 648 et
1495 625 1627 655 potestas,
1644 621 1687 649 his
1704 623 1749 648 ni-

956 667 1056 694 mirum
1075 671 1170 693 creare
1197 666 1278 693 etiam
1307 670 1335 693 ct
1357 666 1477 693 condere
1493 666 1678 701 inseparabile
1695 667 1749 693 erit

955 716 1038 746 atque
1056 710 1257 742 indistinctum,
1287 718 1375 745 neque
1396 711 1452 738 ulla
1477 711 1585 738 consilii
1610 711 1748 738 dissensio

955 757 1062 784 accidet
1079 765 1086 784 :
1107 755 1133 783 id
1152 756 1224 791 quod
1248 763 1369 791 prasens
1393 757 1476 784 etiam
1498 761 1616 784 testatur
1631 757 1745 784 locutio.

954 803 1021 830 Nam
1037 802 1095 830 sive
1106 803 1134 829 in
1151 802 1272 830 universi
1287 802 1440 834 creatione,
1457 803 1515 830 sive
1529 803 1556 830 in
1572 803 1642 838 lapsi
1657 803 1745 831 nostri

956 849 1065 885 generis
1080 853 1162 884 atque
1176 849 1203 875 in
1219 848 1366 884 perniciem
1388 848 1495 875 decidui
1516 849 1695 876 renovatione
1714 857 1747 876 ac

956 894 1152 929 redemptione,
1167 901 1339 921 communem
1360 901 1421 921 esse
1435 893 1515 921 docet
1529 893 1604 921 Patri
1620 893 1746 929 Filioque

955 941 1123 968 creationem
1148 947 1181 967 ac
1202 939 1415 974 providentiam.
1436 939 1504 966 Nam
1526 944 1554 967 et
1575 940 1697 968 universi
1711 948 1745 967 ex

953 985 1041 1013 nihilo
1060 985 1162 1017 exitus,
1177 990 1204 1011 et
1224 988 1329 1012 natura:
1354 988 1455 1012 nostra:
1483 984 1614 1012 deorsum
1644 992 1692 1020 per
1715 992 1745 1012 se

954 1032 1059 1060 ruentis
1079 1031 1240 1058 instauratio
1255 1038 1287 1058 ac
1301 1031 1448 1066 reparatio,
1466 1030 1492 1057 id
1507 1038 1600 1063 omne,
1618 1031 1742 1065 inquam,

951 1085 966 1105 a
982 1077 1070 1105 Patris
1087 1081 1114 1104 et
1127 1076 1187 1103 Filii
1205 1081 1233 1103 et
1245 1076 1363 1111 Spiritus
1378 1075 1516 1103 creatione
1531 1075 1664 1110 procedit.
1672 1075 1742 1102 Tum

951 1129 1016 1150 vero
1031 1121 1123 1149 brevis
1139 1125 1186 1148 aut
1205 1121 1286 1156 longa
1305 1121 1451 1154 scripturae
1471 1121 1609 1156 pradicas
1629 1122 1741 1156 positio,

950 1173 981 1195 ut
997 1167 1024 1195 id
1041 1167 1158 1202 exempli
1184 1167 1270 1194 instar
1296 1167 1341 1198 sit,
1359 1167 1566 1202 ambiguitatem
1590 1167 1643 1194 hoc
1660 1167 1742 1195 modo

949 1215 1077 1249 dissipat.
1092 1213 1225 1241 Similiter
1240 1213 1353 1240 verbum
1378 1214 1535 1247 ἐγέννησεν,
1555 1214 1578 1241 si
1599 1214 1683 1241 unius
1698 1215 1742 1241 lit-

949 1265 1014 1287 terae
1040 1268 1054 1286 ν
1082 1259 1191 1287 inscitia
1219 1258 1262 1286 vel
1288 1264 1351 1285 asm
1377 1258 1574 1286 detrimentum
1607 1260 1740 1294 patiatur,

948 1310 1067 1334 creatam
1081 1309 1207 1332 naturam
1217 1306 1326 1332 asserit.
1340 1304 1534 1332 Verumtamen
1546 1305 1568 1332 si
1579 1313 1639 1340 qua:
1651 1305 1741 1333 ablata

946 1353 1035 1381 fuerat
1051 1353 1139 1380 littera
1156 1356 1323 1383 resumatur,
1345 1352 1422 1379 unita
1438 1356 1466 1379 et
1488 1351 1742 1379 consubstantialis

946 1404 1044 1427 natura
1063 1402 1219 1426 revocatur.
1234 1397 1318 1425 Multa
1338 1398 1391 1425 alia
1406 1398 1465 1426 sive
1481 1398 1508 1425 in
1530 1398 1655 1433 profanis
1670 1399 1741 1426 scri-

946 1446 1000 1480 ptis
1023 1446 1081 1473 sive
1098 1445 1125 1471 in
1145 1445 1232 1472 sacris
1258 1444 1361 1471 nostris
1389 1444 1510 1471 oraculis
1535 1444 1742 1479 deprehendere

945 1492 1019 1522 licet,
1037 1497 1098 1525 qua:
1113 1489 1165 1516 sub
1179 1489 1303 1516 eamdem
1321 1488 1574 1516 considerationem
1590 1489 1703 1515 cadunt.

103 1527 175 1554 κατά
194 1537 225 1555 τε
246 1529 309 1561 τοὺς
336 1531 389 1563 ἔξω
412 1532 509 1566 λόγους
531 1534 583 1561 κάν
605 1536 662 1567 τοῖς
685 1535 768 1572 ιεροῖς
789 1536 818 1563 δὲ
843 1538 891 1565 καὶ
905 1537 1051 1573 ἡμετέροις
1060 1535 1194 1570 χρησμοῖς
1208 1533 1347 1569 φωράσειέ
1373 1542 1416 1566 τις
1443 1534 1483 1566 εὶς
1513 1533 1563 1569 τὴν
1577 1534 1661 1570 αὐτὴν
1673 1535 1741 1562 ἀναν

98 1574 237 1610 φερόμενα.
252 1575 358 1611 σκέψιν.

133 1621 168 1648 λ’.
190 1621 229 1648 Οὐ
246 1621 328 1656 μόνον
353 1622 382 1649 δὲ
405 1623 572 1659 γράμματος
594 1625 654 1658 ένδς
677 1627 828 1662 πρόσθεσις
846 1636 875 1655 κο

999 1624 1027 1652 0.
1044 1623 1138 1658 Neque
1165 1630 1230 1650 vero
1253 1621 1338 1649 unius
1363 1622 1554 1650 tantummodo
1580 1622 1675 1651 littera
1691 1626 1741 1651 ad-

98 1666 248 1702 ἀφαίρεσις
270 1667 344 1695 οὕτω
369 1669 475 1697 πολλῶν
500 1672 675 1707 πραγμάτων
701 1675 895 1709 καταστροφὴν

98 1715 146 1739 καὶ
162 1713 310 1741 ἀλλοίωσιν
332 1715 536 1751 ἀπεργάζεται,
560 1717 629 1745 ἀλλὰ
653 1719 701 1746 καὶ
723 1720 801 1747 τόνου
823 1719 895 1756 χρῆ-

100 1767 142 1790 σις
154 1758 212 1794 (22)
226 1760 276 1786 οὐκ
295 1759 440 1795 εὔκαιρος,
458 1762 488 1789 τό
504 1771 534 1789 τε
550 1763 626 1799 ῥῆμα
639 1764 699 1791 ἀνθ’
715 1766 822 1800 ἑτέρου,
833 1766 894 1793 καί-

98 1811 140 1829 τοι
162 1803 214 1838 τῆς
239 1805 351 1840 γραφῆς
371 1805 553 1833 ἀναλλοιώτου
580 1808 714 1844 μενούσης
736 1810 894 1845 παρέδειξεν

99 1849 203 1885 ἕτερον.
219 1851 267 1877 καὶ
279 1851 320 1882 εἰς
335 1852 426 1887 νόημα
442 1852 587 1885 παντελῶς
602 1854 819 1889 ἀλλοτριῶτατον
847 1856 893 1882 τὸν

99 1895 162 1922 νοῦν
176 1897 366 1932 ἑκτοπήσασα,
379 1898 396 1933 ἢ
412 1898 530 1934 δυσσεϐῆ
545 1898 624 1931 δόξαν
640 1899 657 1934 ἣ
672 1900 826 1935 γελώμενον
843 1900 894 1936 λῆ-

100 1950 147 1976 ρον
164 1943 325 1978 συνήγαγε’
354 1943 381 1970 τί
395 1943 424 1971 δὲ
439 1943 512 1978 λέγω
526 1945 694 1980 γράμματα;
711 1946 778 1972 ὅπου
795 1954 827 1980 γε
847 1947 894 1972 καὶ

100 1989 165 2015 αὐτὸ
178 1989 209 2016 τὸ
223 1990 341 2016 πάντων
349 1989 518 2026 βραχύτατον
533 1992 549 2026 ἡ
567 1991 669 2026 στιγμὴ
685 1993 893 2027 κακουργούμε-

99 2039 144 2058 νον
158 2032 176 2067 ῆ
190 2033 400 2068 παρορώμενον,
418 2035 466 2062 καὶ
485 2035 536 2069 ⁸τῆς
559 2035 663 2067 οἰκείας
682 2029 893 2072 μετατιθέμενοι]

98 2076 214 2111 λήξεως,
231 2078 409 2112 παντοδαπὰς
433 2080 483 2114 μὲν
499 2080 546 2107 καὶ⁵
562 2080 684 2116 μεγάλας
699 2082 821 2117 αἱρέσεις
840 2083 893 2109 ἀπ-

98 2123 193 2150 έτεκεν
204 2131 211 2139 ³
226 2124 353 2160 ἀφρόνων
378 2125 406 2152 δὲ
420 2125 506 2153 πολὺν
520 2127 617 2162 χρόνον
635 2127 810 2163 κατενεμήθη
827 2137 893 2163 φρο‹

99 2170 219 2205 νήματα,
243 2170 292 2197 καὶ
311 2171 368 2202 τοῖς
380 2171 540 2199 εὐσεϐοῦσιν
562 2172 633 2199 ὥστε
653 2172 840 2209 θριαμϐεῦσαι
858 2174 892 2201 τὰ

98 2215 147 2251 τῆς
161 2216 324 2248 δυσσεϐείας
336 2217 471 2253 δόγματα.
492 2219 587 2254 μακρὰ
602 2219 725 2255 παρέσχε
743 2219 778 2246 τὰ
791 2220 893 2254 ἀγωνί-

99 2263 204 2296 σματα.
220 2262 336 2295 Αὐτίκα,
355 2263 399 2290 ἵνα
410 2264 445 2290 τὰ
458 2264 526 2292 ἄλλα
548 2264 640 2300 παρῶ,
655 2266 669 2292 6
685 2265 833 2301 μετάρσιος
846 2266 893 2293 ἀν-

946 1670 1034 1706 jectio
1051 1669 1094 1696 vel
1112 1668 1268 1700 subductio,
1284 1671 1324 1695 tot
1343 1675 1435 1695 rerum
1457 1667 1663 1696 subversionem
1679 1677 1741 1696 mn-

948 1716 1136 1750 tationemque
1158 1714 1234 1746 facit,
1256 1721 1352 1741 verum
1379 1713 1461 1741 etiam
1486 1718 1652 1742 accentuum
1674 1722 1741 1742 usus

948 1761 1158 1796 intempestivus
1173 1760 1238 1787 facit
1253 1765 1282 1787 ut
1298 1759 1371 1786 aliud
1386 1766 1435 1794 pro
1449 1759 1504 1786 alio
1516 1759 1680 1787 vocabulum
1693 1760 1739 1792 sit,

948 1815 1105 1843 quanquam
1124 1807 1236 1834 immota
1253 1807 1387 1840 scriptura
1413 1810 1535 1839 maneat;
1558 1810 1614 1833 ttlm
1629 1806 1663 1833 ad
1679 1815 1741 1834 sen-

950 1853 1063 1881 tentiam
1076 1852 1157 1886 plane
1175 1851 1311 1879 diversam
1340 1855 1429 1878 tuente
1448 1851 1595 1883 abstracta,
1622 1854 1669 1878 aut
1686 1851 1740 1877 im-

949 1899 1023 1934 pium
1050 1905 1161 1926 sensum
1183 1901 1231 1924 aut
1255 1896 1386 1924 ridiculae
1407 1896 1525 1931 ineptias
1548 1897 1663 1924 invehit.
1685 1897 1739 1924 Sed

947 1953 997 1973 cur
1011 1945 1118 1972 litteras
1141 1944 1213 1976 dico,
1240 1943 1464 1978 quandoquidem
1481 1943 1665 1978 interpunctio
1681 1943 1740 1979 (qui

947 1990 1128 2018 brevissimus
1143 1989 1268 2016 omnium
1291 1995 1360 2024 apex
1375 1989 1428 2022 est)
1445 1996 1527 2023 prava
1540 1989 1676 2016 interdum
1692 1993 1740 2016 aut

947 2036 1176 2070 neglecta,suove
1192 2035 1252 2063 loco
1267 2035 1561 2069 demota,multiplices
1571 2043 1739 2071 magnasque

947 2082 1067 2110 haereses
1083 2080 1214 2116 peperit?
1230 2080 1383 2108 Stultorum
1406 2085 1497 2107 autem
1514 2081 1601 2108 multo
1617 2085 1739 2116 tempore

947 2136 1075 2156 mansere
1089 2127 1245 2163 opiniones.
1268 2127 1377 2162 piisque
1403 2127 1562 2155 hominibus
1586 2132 1616 2154 ut
1638 2128 1671 2154 de
1685 2128 1738 2154 im-

946 2173 1057 2208 pietatis
1082 2172 1256 2207 dogmatibus
1284 2171 1509 2206 triumpharent,
1542 2172 1736 2199 diuturnorum

946 2218 1128 2246 certaminum
1146 2225 1229 2246 causa
1244 2217 1366 2246 fuerunt.
1382 2217 1506 2253 Exempli
1527 2225 1619 2251 causa,
1637 2224 1667 2245 ut
1683 2226 1738 2246 ca:-

947 2268 1004 2291 tera
1019 2263 1234 2298 praetermittam,
1251 2263 1350 2289 virille
1365 2262 1393 2290 in
1417 2264 1517 2290 caelum
1542 2263 1667 2290 mortalis
1689 2264 1737 2290 ad-

99 2307 209 2343 Θρωπος
238 2309 287 2335 καὶ
317 2309 368 2344 τῆς
392 2311 556 2346 οἰκουμένης
582 2311 742 2344 διδάσκαλος
762 2313 776 2338 ό
803 2312 841 2348 μέη

993 2318 996 2336 ι
1010 2309 1148 2341 sublatus,
1162 2314 1190 2335 et
1209 2309 1302 2335 mundi
1320 2310 1427 2341 doctor,
1454 2316 1569 2343 magnus
1584 2309 1735 2343 apostolus,

104 2355 269 2386 Ἀπόστολος
290 2355 319 2383 ἐν
332 2365 388 2383 τισι
412 2357 467 2384 τῶν
491 2356 575 2384 αὑτοῦ
592 2357 764 2394 γραμμάτων
779 2357 892 2392 (Κορίν-

99 2399 151 2426 θιοι
166 2399 196 2426 δὲ
213 2399 262 2435 τὴν
276 2401 422 2436 ἐπιστολὴν
436 2401 625 2436 ὑποδέχονται)
639 2401 711 2428 οὕτω
722 2401 815 2437 φησίν·
827 2410 836 2427 ι
849 2401 893 2427 Ἐν

97 2443 138 2477 οἷς
155 2447 170 2472 6
183 2446 251 2478 Θεὸς
265 2446 313 2473 τοῦ
328 2447 426 2479 αἰῶνος
445 2447 540 2474 τούτου
560 2447 702 2482 ἐτύφλωσε
716 2447 752 2474 τὰ
767 2448 893 2482 νοήματα

98 2491 151 2518 τῶν
167 2492 306 2523 ἀπίστων,
322 2493 361 2524 εἰς
374 2493 404 2519 τὸ
421 2494 459 2528 μὴ
473 2494 623 2528 ὲναυγάσαι
635 2494 725 2525 αὐτοῖς
745 2494 792 2520 τὸν
810 2502 894 2528 φωτι-

99 2537 166 2572 σμὸν
178 2537 227 2563 τοῦ
251 2538 419 2572 Εὑαγγελίου
435 2540 485 2573 τῆς
503 2539 583 2574 δόξης
596 2538 643 2565 τοῦ
662 2538 792 2574 Χριστοῦ.
807 2548 816 2564 ι
834 2539 892 2565 ἀλλ’

99 2583 113 2608 6
127 2583 174 2617 μὲν
190 2582 273 2610 τοῦτο
287 2583 384 2617 εἰπὼν,
402 2584 553 2619 θαυμάσιόν
570 2593 632 2611 τινα
656 2585 704 2612 καὶ
726 2584 782 2611 τῶν
804 2585 884 2620 οὐρα-

100 2628 161 2654 νίων
182 2628 376 2664 ἀπ-ηχημάτων
395 2629 507 2662 ἐπάξιον
520 2629 584 2656 νοῦν
607 2631 664 2662 τοῖς
684 2629 889 2666 τετελεσμένοις

133 2716 156 2733 ⁸⁸
171 2717 191 2745 ll
202 2717 268 2746 Cor.
285 2726 324 2753 tv,
339 2717 366 2746 4.

941 2355 969 2382 in
982 2355 1040 2382 suis
1055 2354 1218 2390 quihusdam
1232 2354 1331 2382 litteris
1347 2356 1457 2390 (nempe
1471 2355 1499 2382 in
1515 2362 1546 2382 ea
1562 2362 1623 2389 quae
1634 2355 1735 2389 scripta

940 2403 983 2426 est
1009 2399 1042 2426 ad
1071 2398 1231 2426 Corinthios
1256 2399 1384 2434 epistola)
1411 2399 1452 2426 sic
1476 2400 1535 2425 ait:
1558 2408 1567 2424 ‹
1587 2399 1616 2425 In
1634 2398 1736 2433 quibus

941 2446 1015 2474 Deus
1030 2446 1114 2481 hujus
1129 2447 1223 2474 surculi
1238 2447 1387 2474 excwcavit
1412 2446 1592 2481 cogitationes
1607 2446 1735 2473 incredu-

940 2491 1042 2524 lorum,
1057 2492 1205 2526 quominus
1228 2491 1272 2519 his
1292 2491 1462 2519 illucesceret
1480 2490 1572 2517 lumen
1594 2489 1733 2525 Evangelii

942 2537 1034 2573 glorim
1049 2537 1152 2566 Christi
1171 2538 1204 2565 ⁸⁸.
1228 2547 1238 2564 ι
1260 2537 1394 2572 Equidem
1418 2537 1464 2571 qui
1482 2537 1518 2564 ita
1543 2537 1653 2564 locutus
1680 2542 1732 2570 est,

945 2583 1089 2611 miriﬁcam
1111 2584 1259 2619 quamdam
1291 2583 1457 2616 vocibusque
1479 2582 1507 2609 in
1533 2583 1604 2610 ccelo
1632 2582 1735 2610 auditis

946 2630 1058 2666 dignam
1073 2631 1236 2659 sententiam
1250 2630 1391 2665 discipulis
1405 2629 1547 2666 sapientia:
1563 2638 1621 2659 suae
1636 2631 1734 2665 imper-

858 2790 977 2820 NOTAE.

137 2845 190 2881 (ᾗ)
206 2847 261 2876 lies
273 2849 416 2877 notissima
441 2849 653 2885 leximgraphis,
671 2858 743 2887 quos
757 2851 828 2879 inter
845 2850 889 2879 adi
910 2857 957 2879 seu
974 2848 1105 2885 Cyrillum
1122 2858 1170 2878 seu
1187 2849 1377 2886 Pniloponum.
