1881 3077
154 149 190 182 59
734 149 866 180 PHOTlI
887 150 954 181 PA'I

1045 148 1141 180 {CHIE
1157 145 1211 179 ΟΡ.
1756 144 1794 176 60

159 204 257 238 vobis;
275 213 285 231 ο
300 211 356 233 non
373 205 434 233 aliis
451 205 498 233 sed
511 205 590 233 vobis
608 205 687 241 ipsis,
703 213 774 241 quos
789 211 868 234 antea
883 215 952 242 prm-

1045 216 1075 233 'to
1086 207 1168 238 ὑμῖν·
1190 215 1199 231 ι
1217 205 1267 232 οὐκ
1282 204 1373 236 ἄλλοις
1395 203 1455 231 ἀλλ’
1472 202 1537 239 ὑμῖν
1561 201 1663 234 αὐτοῖς,
1679 201 1725 234 οὕς
1747 199 1795 228 καὶ

155 250 275 277 dicatum
294 250 366 278 misi.
389 251 478 284 Quare
496 251 574 278 locus
596 250 759 285 recipiendae
773 259 950 287 personarum

156 297 299 324 mutatu-ni
315 296 406 324 nullus
422 301 475 328 est_
488 296 545 325 lino
556 305 620 325 vero
635 297 701 333 quid
719 302 949 331 consentaneum,

155 341 198 368 vel
214 349 294 376 quem
315 350 416 369 nexum
439 343 540 370 habent
553 343 635 371 verba
650 352 658 371 :
679 353 689 369 ι
707 343 787 372 Nunc
801 344 847 379 qui
871 344 952 371 habet

157 394 331 420 crumenam,
350 392 441 414 sumat
458 388 561 423 pariter
587 393 614 416 et
631 396 737 424 peram,
760 398 770 415 ι
795 397 857 417 cum
883 397 952 424 pau-

155 434 269 467 pertatis
290 434 442 461 mandato?
452 434 508 462 Cur
521 435 593 462 enim
612 443 714 470 pauper
730 443 889 463 crumenam
905 435 954 463 ha-

155 479 247 513 beretI‘!
255 478 315 506 Jam
329 479 386 514 ipsa
397 488 466 513 pera:
476 487 536 507 cum
547 488 677 508 crumena
687 481 851 516 assumptio,
863 480 952 515 quod-

157 532 231 555 nam,
249 532 355 559 quaeso.
371 524 477 552 Judaici
491 526 566 553 exitii
588 526 746 553 vaticinium
760 527 867 554 innuit?
882 526 954 553 Sane

158 569 216 596 haac
243 569 401 603 opinionum
438 571 575 606 indagatio
602 571 624 598 si
654 572 740 598 libero
764 571 871 606 judicio
895 572 952 603 liat,

158 614 348 649 praedictarum
377 624 486 651 quoque
519 617 720 645 sententiarum
741 618 881 646 nonnullis
902 618 953 645 0b-

159 661 253 694 stabit,
272 669 360 695 neque
383 662 457 689 siuet
479 663 618 690 indubiam
639 663 805 691 solutionem
827 664 953 691 evadere.

159 706 286 740 Namque
310 708 373 734 olim
401 708 576 736 interdixisse
599 708 757 743 discipulis,
774 709 871 736 deinde
886 717 955 736 con-

162 753 290 782 cessisse,
316 760 396 787 opes;
424 753 477 786 his,
506 754 635 789 inquam,
659 755 796 782 mandatis
823 755 870 790 qui
894 755 954 783 ﬁeri

162 805 252 836 potest
266 805 295 827 ut
316 800 537 827 accommodetur
556 801 658 827 dictum
679 801 744 827 illud
762 808 769 826 :
788 810 797 827 ι
816 800 894 828 Nunc
909 800 955 836 qui

159 847 241 874 habet
264 853 437 878 crumenam,
462 850 554 873 sumat
576 851 604 873 et
628 846 742 882 peram?
770 855 780 872 ι
803 854 955 882 rursusque

1002 251 1151 287 κηρύσσειν
1179 250 1346 277 ἀπέστειλα·
1363 249 1434 275 ὥστε
1451 248 1499 276 νῦν
1518 248 1536 283 ὴ
1559 247 1614 273 τῶν
1631 246 1795 282 ’προσώπων

1003 297 1147 332 ὑπαλλαγὴ
1172 296 1302 331 οὐδεμίαν
1326 295 1450 331 εὑρίσκει
1474 293 1567 330 χώραν
1588 293 1734 328 ἀποδοχῆς.
1755 291 1794 318 Οὐ

1004 343 1058 378 μὴν
1074 342 1143 369 ἀλλά
1159 342 1207 369 καὶ
1222 342 1283 368 τίνα
1296 341 1386 376 λόγον,
1404 341 1483 367 ποῖον
1497 339 1527 366 δὲ
1543 338 1724 366 συνδιασώσει
1736 338 1797 372 εἰρ-

1005 388 1054 424 μὸν
1073 388 1114 420 τὸ,
1131 397 1141 413 ‹
1165 387 1245 414 Ἀλλά
1269 386 1317 413 νῦν
1339 387 1353 412 6
1377 386 1448 421 ἔχων
1474 384 1617 419 βαλάντιον
1633 383 1729 419 ἀράτω
1747 381 1797 408 καὶ

1005 436 1109 470 πήραν,
1128 444 1137 460 ι
1156 435 1224 469 πρὸς
1238 433 1288 469 τὴν
1309 433 1358 466 τῆς
1377 431 1570 468 ἀκτημοσύνης
1586 430 1714 465 ὲντολήν;
1732 428 1798 459 Πῶς

1003 481 1058 515 γὰρ
1078 480 1110 507 ἂν
1135 480 1149 506 ό
1166 480 1298 514 ἀκτήμων
1317 478 1458 514 βαλάντιον
1471 477 1547 512 ἔχοις
1566 476 1633 503 Τίνα
1648 475 1676 502 δὲ
1690 483 1799 511 προφη-

1003 526 1080 553 τείαν
1103 525 1133 552 τὸ
1157 525 1322 561 προσλαϐεῖν
1338 524 1377 559 τῷ
1397 524 1541 559 βαλαντίῳΔ
1559 522 1607 549 καὶ
1632 522 1724 557 πήραν
1745 522 1798 556 τῆς

1004 573 1059 601 τῶν
1088 572 1224 599 Ἰουδαίων
1254 571 1410 606 ὑπογράφει
1441 569 1651 604 καταστροφῆςς
1683 567 1753 594 Ἀλλ’
1778 568 1797 602 ἡ

1004 618 1116 653 τοιαύτη
1141 618 1190 652 μὲν
1217 617 1315 653 ἔρευνα
1330 616 1384 643 τῶν
1399 615 1538 650 λογισμῶν
1551 614 1692 648 ἀδεκάστῳ
1705 613 1798 648 κρίσει

1005 665 1052 692 καὶ
1065 664 1120 692 τῶν
1143 663 1300 700 ἔμπροσθεν
1315 661 1520 697 ἀποδεδομένων
1536 661 1624 695 λόγων
1641 659 1722 691 ἐνίοις
1740 660 1799 685 τισὶ

1005 710 1137 749 διανοβις
1152 709 1278 745 ἐμποδὼν
1291 709 1324 736 ἂν
1335 709 1427 744 σταίη,
1443 708 1491 735 καὶ
1501 709 1552 734 οὐκ
1561 706 1594 734 ἂν
1608 706 1798 742 συγχωρήσειε

1005 757 1056 792 τὴν
1072 755 1149 782 λύσιν
1161 755 1402 790 ἀναμφισϐήτητον
1413 753 1571 788 προελθεῖν·
1591 752 1621 779 τὺ
1635 752 1690 786 γὰρ
1710 750 1798 778 πάλαι

1008 803 1058 838 μὲν
1083 804 1141 834 τοῖς
1157 801 1292 837 μαθηταῖς
1309 800 1498 832 ἀποκωλῦσαι,
1519 799 1632 834 ὕστερον
1645 798 1668 824 δ’
1685 796 1797 832 ἐπιτρέ-

1006 848 1056 881 ψαι
1080 847 1130 884 τὴν
1147 848 1262 883 κτῆσιν
1282 846 1395 876 ταύταις
1415 845 1444 872 δὲ
1471 846 1531 876 ταῖς
1551 844 1672 874 ἐντολαῖς
1687 842 1745 874 πῶς
1765 843 1800 868 ἂν

160 892 224 920 illud
249 901 255 920 :
277 901 286 918 ‹
308 892 354 927 qui
371 896 462 919 autem
483 899 538 919 non
555 892 646 924 habet,
665 892 811 919 divenditis
831 892 953 919 vestibus

1045 882 1188 928 ελκυσθείη
1205 894 1375 929 συναρμόσαι
1388 892 1429 924 τὸ,
1448 901 1456 917 ι
1472 891 1553 918 Ἃ).λά
1572 890 1620 917 νῦν
1632 891 1646 916 ό
1663 889 1733 925 ἔχων
1749 889 1800 924 βα-

159 938 280 973 gladium
299 937 388 965 emet?
401 947 410 963 ι
426 937 520 973 Neque
530 945 606 971 vero,
621 937 644 965 si
662 938 704 964 vel
726 938 783 964 hau:
797 938 953 965 concedan-

162 989 217 1017 tur,
240 984 343 1012 idcirco
364 989 476 1020 apparet
494 984 593 1019 prioris
615 984 735 1011 mandati
752 984 822 1018 apud
843 991 891 1011 eos
906 984 953 1018 qui

161 1035 326 1066 acceperant
352 1030 544 1058 observantia:
570 1030 673 1065 alioqui
701 1031 792 1058 nullus
818 1038 955 1058 crumena!

161 1077 238 1104 lows
259 1080 342 1103 esset.
371 1075 513 1104 Posterius
529 1082 618 1103 autctn
643 1077 801 1104 mundattun
823 1084 876 1104 non
900 1081 954 1104 tam

161 1120 320 1156 possidendi
335 1121 442 1156 copiam
463 1121 539 1153 facit,
555 1128 638 1156 quam
656 1121 809 1156 superioris
829 1121 955 1148 violatio-

161 1175 221 1194 nem
244 1167 378 1202 coarguit.
403 1167 469 1199 Quae
494 1174 557 1193 eum
582 1167 619 1194 ita
638 1174 669 1194 se
693 1167 830 1199 habeant,
855 1166 955 1193 nihilo-

161 1215 254 1241 minus
279 1221 372 1241 sacros
395 1213 456 1240 illos
478 1213 639 1248 interpretes
661 1218 773 1249 propter
796 1221 847 1241 sua
863 1214 954 1248 priora

161 1261 316 1288 teutamina
339 1260 470 1295 piutnqne
494 1259 616 1287 animum
637 1259 737 1287 divinis
757 1259 901 1294 praeconiis
915 1258 955 1287 ef-

162 1307 233 1333 ferre
246 1307 334 1334 de'cet.
348 1305 436 1341 Opum
451 1305 551 1341 quippe
561 1305 827 1333 hermeneuticarum
845 1306 953 1333 initimn

162 1351 226 1379 inde
251 1356 393 1379 traxerunt
409 1353 439 1385 ii,
462 1353 508 1387 qui
532 1353 592 1380 illos
615 1353 754 1380 consecuti
773 1357 847 1385 sunt,
868 1353 955 1380 inter-

161 1403 264 1433 pretes,
280 1398 435 1426 seminibus
452 1399 580 1426 nimirum
598 1399 718 1434 acceptis
733 1405 765 1426 ac
784 1399 954 1427 solutionum

169 1444 372 1471 aeruratiorum
395 1445 534 1479 primitiis.
556 1445 639 1480 ldquc
664 1445 750 1480 magis
774 1445 827 1472 illis
847 1450 954 1478 patrum

164 1496 211 1524 ius
223 1497 287 1524 erga
304 1497 352 1516 nos
368 1490 477 1523 asserit,
491 1498 593 1525 n05que
609 1490 699 1517 omnis
714 1490 892 1517 observantia:
908 1490 955 1517 de-

162 1535 267 1562 bitores
284 1536 467 1568 demonstrat,
486 1536 561 1571 quod
577 1536 706 1562 nimirum
729 1535 841 1563 aeribus
857 1543 953 1562 eorum

162 1581 308 1609 conatibus
329 1589 362 1609 ac
386 1582 538 1613 laboribus,
564 1589 636 1609 nunc
661 1582 771 1609 demum
795 1581 828 1608 ad
849 1582 954 1616 apicem

161 1627 255 1654 videre
276 1626 338 1654 licet
353 1635 493 1654 sacrarum
517 1627 681 1654 Litterarum
700 1627 954 1662 interpretationem

161 1677 330 1707 provectam,
359 1680 409 1700 nec
436 1673 557 1707 cuipiam
576 1673 691 1700 inscitia:
706 1678 753 1700 aut
776 1672 955 1701 dubitationis

163 1727 258 1746 ausam
277 1719 334 1753 jam
351 1727 413 1746 esse
428 1720 563 1747 relictam.

203 1763 245 1790 ll.
265 1763 343 1796 Quod
359 1765 381 1792 si
399 1764 468 1791 forte
481 1765 581 1799 aliquis
594 1764 681 1792 sancti
694 1763 813 1799 Spiritus
824 1764 954 1792 instinctu

161 1807 246 1843 dicat,
263 1810 410 1844 praedictas
422 1810 590 1838 oﬂ'ensiones
604 1811 761 1838 declinandi
785 1818 879 1843 causa,
899 1811 955 1845 ple-

162 1861 264 1889 rasque
287 1862 381 1882 earum
405 1862 465 1890 qua:
489 1855 518 1883 in
543 1856 634 1883 divina
662 1855 801 1890 Scriptura
826 1856 955 1883 videntur

161 1901 405 1933 contradictiones,
422 1901 532 1930 inscitia
550 1902 689 1930 malitiave
712 1910 806 1930 eorum
829 1903 888 1930 ﬁeri
906 1903 952 1938 qui

161 1949 251 1973 textus
266 1946 327 1974 illos
340 1952 516 1982 oppugnant;
529 1947 567 1979 id,
579 1947 704 1982 inquam,
719 1954 792 1975 recte
805 1948 953 1975 admodum

161 1990 292 2025 justeque
304 1991 423 2019 dicetur.
443 1992 551 2019 Etenim
567 1993 666 2027 partim
685 1993 758 2020 haud
777 1994 955 2021 considerant

161 2036 385 2065 circumstantias
415 2038 517 2072 quibus
547 2040 733 2072 repugnantia;
765 2039 952 2073 auferuntur,

162 2083 262 2117 partim
279 2090 345 2110 vero
361 2083 538 2118 improbitate
558 2091 608 2110 sua
631 2084 818 2112 dilﬁcultatem
836 2094 954 2121 exagge-

162 2131 235 2155 rant.
262 2129 389 2155 Attamen
426 2136 607 2164 personarutn
640 2129 847 2159 circumstantia
881 2131 955 2159 haud

162 2180 326 2209 magnopere
349 2176 475 2209 praesenti
492 2181 654 2211 argumento
671 2177 793 2212 prodest,
815 2177 863 2205 sed
879 2177 954 2212 ipsa-

162 2226 223 2246 rum
245 2220 337 2255 potius
353 2229 495 2249 sacrarum
523 2223 676 2251 litterarum
699 2223 814 2258 diligens
827 2224 952 2251 conside-
969 2221 992 2250 D

162 2265 244 2297 ratio,
271 2265 385 2294 inscitiae
414 2268 510 2296 sordes
543 2269 662 2303 puritate
690 2268 732 2295 sui
760 2276 858 2296 sensus
888 2269 953 2297 hinc

160 2311 266 2345 cjiciet.
288 2311 409 2347 Sequere
434 2322 479 2341 me
495 2313 578 2349 igitur
595 2315 758 2349 cogitatione
774 2319 831 2348 tua,
848 2323 954 2342 meam-

161 2365 215 2391 que
226 2365 338 2392 operam
352 2359 494 2386 comitare.
507 2359 600 2387 Primo
611 2360 721 2395 quidem
735 2360 869 2388 Dominus
882 2361 953 2388 haud

158 2402 236 2436 jubet
248 2403 398 2438 discipulos
414 2412 574 2432 crumenam
591 2413 696 2440 gerere,
718 2413 812 2433 verum
834 2414 882 2434 eos
906 2408 953 2441 qui

161 2446 232 2474 hanc
258 2448 402 2481 haberent,
428 2457 521 2484 peram
544 2457 654 2485 quoque
676 2451 759 2478 simul
778 2450 851 2478 ferre
875 2451 952 2479 sinit.

160 2493 224 2526 Qui,
237 2501 341 2528 quaeso,
362 2494 420 2522 haec
449 2495 521 2522 inter
537 2502 567 2522 se
584 2496 736 2528 dissonant,
755 2496 796 2523 vel
816 2498 954 2531 quomodo

159 2538 212 2565 sibi
227 2538 431 2567 adversantur?
446 2539 472 2567 in
488 2541 687 2576 discipulorum
713 2550 829 2570 numero
853 2543 955 2570 habere

160 2591 192 2611 ac
203 2586 351 2618 praedicare
362 2593 409 2614 eos
421 2587 467 2622 qui
480 2589 648 2622 paupertatis
666 2589 823 2615 mandatum
837 2594 953 2621 curant;

160 2630 342 2659 violatoribus
357 2637 449 2660 autem
465 2633 618 2669 indulgere,
637 2641 719 2670 atque
737 2635 797 2670 ejus
826 2635 863 2662 rei
885 2642 954 2670 pra:-

160 2681 272 2710 cepturn
290 2677 447 2711 antiquare.
466 2679 572 2706 Etenim
596 2679 711 2707 inﬁrma:
725 2680 809 2707 menti
823 2680 954 2707 severitas

159 2721 385 2765 regulaeinutilis
407 2729 464 2757 est;
490 2730 517 2752 et
541 2726 591 2760 qui
617 2727 759 2761 superiore
786 2727 837 2753 vita
863 2727 955 2761 negle-

159 2771 217 2794 tutn
242 2767 309 2803 legis
327 2777 382 2803 prae
402 2777 431 2797 se
445 2771 517 2802 tulit,
535 2771 558 2799 is
575 2772 679 2799 inhibet
694 2772 853 2799 ulteriorem
870 2773 955 2807 legis-

159 2813 254 2843 latoris
270 2815 487 2848 providentiam.
504 2817 670 2846 Conceditur
687 2826 763 2855 ergo,
779 2823 810 2846 ut
824 2818 954 2852 diximus,

159 2859 323 2889 habentibus
340 2869 501 2891 crumenam
515 2864 596 2892 etiam
611 2872 696 2900 pera;
714 2865 755 2893 vel
772 2865 865 2900 potius
881 2864 956 2893 futu-

1005 941 1112 968 λάντιον
1126 940 1220 975 ἀράτω
1238 939 1287 966 καὶ
1300 939 1338 974 πή
1343 944 1411 973 ρανς
1425 947 1434 964 ι
1447 937 1496 964 καὶ
1511 937 1552 969 τὸ,
1571 946 1580 962 ι
1591 937 1620 962 '0
1635 936 1663 962 δὲ
1681 936 1718 970 μὴ
1731 935 1800 969 ἔχων

1005 986 1128 1021 πωλήσει
1139 985 1169 1011 τὸ
1182 985 1289 1020 ίμάτιον
1303 983 1397 1016 αὑτοῦ,
1409 983 1456 1010 καὶ
1472 983 1602 1017 ἀγοράσει
1615 981 1755 1017 μάχαιραν
1768 989 1796 1013 ς)

1006 1032 1075 1060 Οὓτε
1091 1031 1146 1068 γὰρ
1163 1032 1188 1058 εί
1204 1030 1291 1058 ταῦτα
1313 1029 1403 1065 δοθείη
1417 1049 1425 1062 ,
1450 1030 1499 1064 τῆς
1523 1028 1660 1064 προτέρας
1687 1026 1800 1061 ἐντολῆς

1005 1078 1130 1114 οὐδαμῶς
1148 1076 1367 1111 ἐπιγινώσκεται
1382 1076 1439 1108 τοῖς
1465 1074 1597 1102 λαϐοῦσιν
1623 1075 1639 1109 ἠ
1669 1073 1799 1108 φυλακή·

1006 1125 1036 1151 οὐ
1053 1124 1107 1159 γὰρ
1131 1123 1163 1151 ἃν
1194 1123 1286 1159 χώραν
1303 1119 1360 1158 εἶχε
1391 1122 1423 1148 τὸ
1454 1120 1606 1156 βαλάντιον.
1632 1119 1720 1155 Καὶὴ
1739 1120 1801 1146 δευ-
1837 1147 1842 1152 _

1005 1171 1072 1206 τέρα
1100 1169 1129 1196 δὲ
1157 1169 1208 1196 οὐκ
1227 1167 1380 1204 ἐπιτροπὴν
1396 1167 1503 1201 είσάγει
1528 1166 1630 1202 μᾶλλον
1664 1164 1712 1192 τοῦ
1730 1167 1800 1200 κτή-

1006 1215 1117 1248 σασθαι,
1139 1214 1197 1242 ἀλλ’
1221 1214 1333 1249 ἔλεγχον
1353 1213 1401 1240 τοῦ
1420 1213 1458 1248 μὴ
1474 1212 1591 1247 φυλάξαι
1607 1211 1643 1238 τὰ
1659 1211 1799 1247 πρότερα·

1006 1261 1075 1288 ἀλλά
1088 1262 1142 1297 γὰρ
1156 1261 1220 1292 τοὺς
1234 1260 1284 1295 μὲν
1305 1258 1396 1295 ίεροῦς
1417 1258 1539 1289 ἐκείνους
1557 1257 1657 1292 ἄνδρας
1672 1257 1750 1291 ἄγειν
1769 1265 1800 1283 τε

1005 1307 1094 1344 χρεὼν
1111 1307 1158 1334 καὶ
1168 1306 1289 1338 θειάζειν
1303 1306 1354 1340 τῆς
1367 1313 1396 1331 τε
1413 1304 1527 1339 πρώτης
1541 1303 1672 1338 ἐπιϐολῆς
1685 1303 1734 1330 καὶ
1747 1303 1801 1337 τῆς

1006 1352 1172 1387 εὐσεϐούσης
1192 1351 1322 1386 γνώμης·
1340 1350 1388 1376 καὶ
1412 1350 1453 1376 ὅτι
1473 1349 1522 1383 τὴν
1543 1349 1631 1384 ἀρχὴν
1645 1348 1696 1383 τῆς
1716 1349 1800 1375 εὐποα

1007 1399 1068 1436 ρίας
1085 1398 1191 1425 ἐκεῖθεν
1213 1397 1238 1424 οῑ
1256 1396 1315 1432 μετ’
1331 1396 1430 1428 αὐτοὺς
1451 1395 1623 1428 ἀνεδέξαντο,
1651 1395 1800 1430 σπέρματα

1006 1446 1135 1476 λαϐόντες
1150 1445 1198 1471 καὶ
1213 1443 1342 1478 ἀπαρχὰς
1356 1441 1561 1478 ἀκριϐεστέρων
1577 1440 1730 1467 ὲπιλύσεων
1754 1440 1801 1466 καὶ

1005 1492 1035 1519 τό
1055 1500 1087 1526 γε
1103 1490 1226 1526 πατέρας
1247 1489 1346 1519 αὐτοὺς
1361 1487 1461 1523 μᾶλλον
1475 1488 1542 1522 ἡμῖν
1556 1485 1730 1521 ἐπιγράφων,
1749 1485 1800 1512 καὶ

1006 1537 1138 1574 τροφείων
1151 1537 1224 1572 ἡμᾶς
1237 1536 1386 1570 ἀποφαῖνον
1405 1534 1557 1570 χρεώστας,
1574 1533 1616 1559 ὃτι
1628 1533 1689 1564 ταῖς
1703 1532 1798 1559 συντό-

1007 1593 1062 1616 νοις
1082 1583 1173 1610 αὐτῶν
1202 1581 1346 1613 ἐπιϐολαῖς
1368 1580 1417 1607 καὶ
1440 1580 1620 1615 φιλοπονίαις,
1643 1579 1684 1611 είς
1712 1579 1800 1614 ἀκρον

1007 1631 1082 1658 ἔστιν
1108 1630 1173 1657 ἰδεῖν
1198 1629 1232 1655 τὰ
1255 1628 1368 1655 πλεῖστα
1382 1627 1436 1654 τῶν
1454 1626 1534 1663 ιερῶν
1556 1625 1730 1662 γραμμάτων
1750 1625 1800 1660 τὴν

1006 1675 1138 1712 ἐργασίαν
1169 1673 1360 1709 ἀπειληφότα,
1399 1672 1447 1700 καὶ
1478 1671 1615 1707 μηδεμίαν
1639 1671 1751 1706 ἀγνοίας
1780 1667 1797 1704 ἢ

1006 1721 1239 1759 ἀμφισϐητήσεως
1250 1729 1306 1747 τισι
1319 1719 1535 1747 καταλελοιπότα
1548 1718 1699 1754 πρόφασιν.

1045 1768 1090 1795 ια’.
1109 1767 1179 1802 Φαίη
1190 1767 1212 1793 δ’
1226 1766 1259 1793 ἄν
1275 1774 1317 1797 τις
1336 1766 1401 1797 ἴσως
1413 1764 1503 1799 ίδηγῷ
1517 1764 1556 1799 τῷ
1574 1763 1714 1798 Πνεύματι
1727 1761 1798 1798 χρώ-

1008 1823 1097 1850 μενος,
1122 1813 1193 1840 ὥστε
1207 1813 1254 1840 καὶ
1271 1812 1319 1844 τὰς
1336 1812 1486 1847 εἰρημένας
1501 1810 1587 1842 λαϐὰς
1601 1810 1744 1844 ἐκφυγεῖν,
1761 1809 1797 1840 ὼς

1006 1860 1035 1887 τὺ
1052 1860 1102 1895 μὲν
1127 1859 1213 1886 πολλὰ
1241 1858 1295 1885 τῶν
1313 1857 1484 1892 φαινομένων
1510 1858 1539 1883 ὲν
1560 1857 1592 1892 τῇ
1613 1855 1673 1891 θείᾳ
1703 1855 1797 1890 Γραφῇ

1007 1905 1141 1942 μάχεσθαι
1164 1906 1241 1939 παρά
1261 1904 1311 1939 τὴν
1327 1904 1439 1938 ἄγνοιαν
1457 1904 1473 1939 ἢ
1489 1903 1540 1939 τὴν
1554 1902 1724 1938 κακουργίαν
1743 1902 1799 1928 τῶν

1004 1953 1060 1984 τοῖς
1078 1953 1171 1987 ῥητοῖς
1192 1950 1404 1982 ἐπιϐαλλόντων,
1422 1949 1511 1985 ὀρθῶς
1526 1958 1556 1976 τε
1573 1950 1620 1976 καὶ
1636 1948 1749 1980 δικαίως
1765 1948 1800 1975 εί-

1008 2005 1103 2032 ρηται’
1120 1998 1145 2024 οί
1163 1997 1213 2032 μὲν
1229 1997 1284 2031 γὰρ
1310 1997 1341 2023 οὐ
1367 1996 1535 2031 συνορῶντες
1556 1995 1591 2021 τὰ
1616 1995 1802 2031 περιστατικὶ

1004 2043 1038 2069 δι’
1052 2040 1090 2070 ὧν
1104 2043 1139 2070 τὰ
1154 2043 1298 2078 μαχόμενα
1314 2042 1408 2069 λύεται
1419 2049 1426 2057 '
1442 2042 1467 2068 οἱ
1489 2041 1518 2067 δὲ
1539 2032 1801 2076 κακομηχανοῦντες

1005 2089 1054 2124 τὴν
1076 2089 1194 2124 ἀπορίαν
1209 2088 1390 2125 κρατύνουσι·
1415 2088 1485 2123 πλὴν
1507 2087 1575 2114 ἀλλά
1590 2095 1622 2122 γε
1643 2087 1692 2114 νῦν
1709 2088 1725 2123 ή
1744 2087 1801 2114 ἀπὸ

1004 2134 1053 2162 τοῦ
1078 2135 1227 2169 προσώπου
1243 2135 1407 2171 περίστασις
1423 2135 1500 2161 οὐδὲν
1526 2134 1598 2170 μέγα
1621 2134 1654 2168 τῇ
1672 2134 1799 2168 παρούσῃ

1006 2181 1109 2219 θεωρίᾳ
1135 2182 1330 2218 συμϐάλλεται,
1355 2182 1445 2209 αὐτῶν
1467 2181 1497 2209 δὲ
1519 2182 1620 2217 μᾶλλον
1636 2182 1691 2208 τῶν
1716 2181 1800 2217 ίερῶν

1005 2228 1179 2264 γραμμάτων
1194 2229 1211 2264 ή
1225 2228 1343 2264 ἀκριϐὴς
1367 2227 1541 2261 συνεξέτασις
1559 2227 1588 2261 ἐξ
1616 2228 1720 2254 ἑαυτῶν
1738 2228 1800 2255 δια-

1005 2274 1166 2306 σκεδὰζεται
1185 2273 1364 2301 ὲπιϐολοῦσαν
1379 2274 1492 2308 ἄγνοιαν
1507 2274 1540 2308 τῇ
1566 2273 1735 2309 καθαρότητι
1750 2273 1798 2299 τοῦ

1004 2321 1151 2356 νοήματος.
1168 2319 1222 2347 Καί
1242 2328 1287 2354 μοι
1303 2319 1499 2347 συνδιασκόπει
1512 2320 1569 2351 τοῖς
1592 2319 1734 2353 λογισμοῖς
1750 2319 1799 2345 καὶ.

1005 2366 1198 2393 συνακολούθει
1213 2366 1250 2401 τῷ
1265 2367 1457 2403 ἐγχειρήματι.
1479 2366 1591 2402 Πρῶτον
1606 2365 1655 2401 μὲν
1668 2365 1682 2391 6
1694 2365 1798 2392 Δεσπό-

1004 2420 1054 2446 της
1071 2412 1122 2438 οὐκ
1139 2412 1279 2439 ἐπιτάττει
1302 2413 1366 2444 τοὺς
1389 2412 1515 2448 μαθητὰς
1541 2411 1682 2447 βαλάντιον
1696 2412 1797 2445 αἴρειν,

1005 2457 1073 2483 ἀλλὰ
1093 2457 1156 2488 τοὺς
1170 2456 1293 2493 ἔχοντας,
1312 2458 1360 2484 καὶ
1374 2458 1466 2493 πήραν
1482 2458 1674 2492 συνεπιφὲρειν
1687 2457 1796 2492 ἀφίησι.

1006 2501 1060 2528 Ποῦ
1084 2502 1174 2529 τοίνυν
1196 2503 1282 2529 ταῦτα
1298 2503 1461 2538 ἀσύμφωνα,
1483 2503 1603 2534 καὶπῶς
1620 2503 1653 2530 ἂν
1670 2502 1798 2537 ἀλλήλοις
1820 2524 1823 2526 .

1007 2549 1137 2583 μάχοιτος
1169 2550 1294 2584 μαθητὰς
1324 2550 1373 2585 μὲν
1400 2551 1488 2577 ποιεῖν
1512 2550 1560 2577 καὶ¹
1583 2548 1723 2576 δεικνύναι
1747 2549 1798 2583 τῆς

1005 2593 1199 2630 ἀκτημοσύνης
1229 2595 1438 2630 νομοφύλακας,
1474 2595 1537 2626 τοὺς
1567 2594 1738 2630 ήθετηκότας
1767 2594 1798 2621 δὲ

1007 2641 1168 2674 συγχωρεῖν,
1191 2641 1260 2667 κάπὶ
1274 2641 1328 2667 τῶν
1345 2642 1445 2676 ὁμοίων
1462 2641 1536 2668 λύειν
1556 2641 1587 2668 τὸ
1609 2641 1794 2676 πρόσταγμα·

1006 2683 1205 2719 ἀρρωστήματι
1224 2685 1279 2721 γάρ
1296 2685 1408 2721 γνώμης
1434 2687 1523 2714 κανὼν
1539 2686 1683 2722 ἀκριϐείας
1708 2685 1798 2721 ἀσύμ-

1007 2737 1090 2763 φορον
1102 2738 1108 2745 ·
1126 2730 1174 2756 καὶ
1186 2731 1200 2756 6
1217 2731 1278 2763 δοὺς
1305 2733 1362 2763 τοίς
1385 2731 1553 2767 προλαϐοῦσι
1574 2733 1623 2767 τῆς
1648 2732 1797 2767 ὀλιγωρίας

1005 2774 1051 2800 τὸν
1073 2773 1192 2810 ἔλεγχον,
1218 2777 1299 2808 αὐτος
1319 2778 1488 2812 ἀναχαιτίζει
1514 2778 1562 2805 τοῦ
1580 2778 1727 2813 νομοθέτου
1748 2777 1797 2812 τὴν

1006 2819 1055 2845 ἐπὶ
1074 2821 1128 2852 τοῖς
1152 2820 1281 2856 μέλλουσι
1297 2822 1437 2857 πρόνοιαν.
1461 2823 1649 2859 Συγχωρεῖται
1670 2822 1720 2858 μὶν
1738 2820 1795 2853 οὖν,

1006 2865 1043 2898 ὡς
1070 2866 1186 2902 ἔφημεν,
1211 2868 1267 2900 τοῖς
1289 2869 1470 2905 κτησαμένοις
1492 2870 1523 2896 τὸ
1545 2869 1688 2904 βαλάντιον
1713 2868 1759 2896 καὶ
1779 2868 1795 2902 ή
