1881 3077
113 146 147 180 61
643 148 694 178 AD
709 147 903 178 AMPHILOC

981 148 1007 178 M
1025 148 1198 184 ΟυίΕΞΤῙΟ
1215 149 1240 179 Ι.
1719 153 1756 185 62

114 204 194 239 πήρα
205 211 213 219 ·
227 203 244 240 ἢ
256 223 264 237 ,
278 204 303 231 εί
319 203 430 239 βούλει,
447 204 689 238 προαναφωνεῖται
705 204 756 237 τῆς
775 204 904 238 ἐσομένης

981 211 1022 230 um
1040 204 1101 230 vitae
1116 211 1201 238 genus
1212 211 1319 237 eorum,
1333 204 1380 239 qui
1394 204 1485 240 priora
1497 206 1624 234 mandata
1640 208 1755 237 minime

115 249 257 282 πολιτείας
282 251 339 281 τοῖς
366 250 404 285 μὴ
428 249 463 276 τὰ
487 249 629 283 φθάσαντα
663 251 868 285 συντηρήσασιν
897 251 912 276 ὁ

114 296 229 332 τρόπος”
244 296 367 323 ἐναντίον
380 296 409 323 δὲ
425 297 457 331 τῇ
470 296 575 331 ἐντολῇ,
590 296 624 322 δι’
635 293 669 332 ἦς
683 296 707 323 0!
720 296 910 328 τελειωθέντες

114 341 164 377 τὴν
185 341 381 377 ἀκτημοσύνην
404 342 601 377 κατώρθωσαν,
623 343 750 378 οὐδαμῶς
779 342 910 370 ἂντοῦτο

115 388 292 424 συνοραθείη.
315 388 400 424 Ὀρᾷς
414 388 473 420 πῶς
487 387 516 420 ἐξ
531 388 620 422 αὐτῆς
642 388 693 423 τῆς
707 388 807 422 λέξεως
823 389 909 416 καθα-

114 432 199 468 ρῶςὴ
213 432 293 464 λύσις
310 432 494 467 προέρχεται,
510 432 595 467 μηδὲν
607 433 727 467 ἐργῶδες
744 433 812 468 μηδέ
830 441 910 467 περι-

113 479 278 513 νενοημένον
293 478 462 514 παρέχουσα-
483 488 493 505 ι
511 478 592 505 Ἀλλὰ
607 479 664 512 νῦν,
687 480 781 514 φησὶν,
802 479 817 506 ὁ
839 478 909 514 ἔχων

113 524 272 559 βαλάντιον,
288 524 384 559 ἀράτω
400 524 502 559 ὁμοίως
518 525 564 551 καὶ
575 525 677 560 πήραν.
691 534 700 550 ι

149 570 196 605 ιβ’.
209 571 262 597 Δύο
275 570 367 602 τάξεις
380 571 438 603 νῦν,
458 571 472 597 ὃ
484 571 532 597 καὶ
547 571 595 597 ἐπὶ
615 571 706 607 πάσης
724 571 808 607 ἄλλης
834 571 908 598 ἔστιν

112 617 204 652 εὑρεῖν
227 617 349 652 ἐντολῆς,
378 617 566 651 συνορῶνται·
587 618 611 644 οἱ
642 618 691 653 μὲν
715 618 906 654 κατορθοῦσιν,

112 663 137 688 οἱ
149 663 177 689 δὲ
194 663 225 689 τὸ
240 663 406 698 πρόσταγμα
423 663 626 698 παραϐαίνουσι
638 672 645 678 ·
662 664 718 695 τοῖς
738 664 788 698 μὲν
803 672 908 700 κατωρ-

113 708 214 735 θωκὸτι
229 709 279 735 καὶ
308 708 363 735 τῶν
391 709 522 743 μειζόνων
537 710 551 735 ό
569 709 650 741 πόνος
667 709 835 744 πιστεύεται,
850 712 907 742 τοῖς

111 753 134 780 δ’
147 753 367 789 ἐρῤᾳθυμηκόσι,
397 753 474 780 οὐδὲν
488 754 551 781 ἄλλο
567 753 649 789 βάρος
668 755 820 782 ἐπιτίθεται
832 763 839 770 ”
858 756 905 782 ἀλ-

112 799 146 826 λά
160 800 209 826 καὶ
222 801 406 835 συγχωρεϊται
429 800 461 827 τὸ
483 800 602 834 φθάσαν,
628 801 672 828 ἵνα
689 801 771 836 μὴτὸ
790 802 845 828 πᾶν
875 802 905 836 ἐξ

112 844 297 878 ἀπογνώσεως
313 845 480 874 ἀπολέσωσι.
497 846 602 873 Ἔδωκε
618 847 675 879 τοῖς
693 847 829 882 μαθηταῖς
849 857 902 883 μη-

111 891 156 918 δὲν
171 891 342 926 κεκτῆσθαι·
358 891 435 918 οὐδὲν
450 892 543 924 αὐτοῖς
559 892 615 919 τῶν
631 881 791 926 ἀναγκαίων
814 881 904 921 ἐπιλέ-
921 881 941 908 Β

111 937 260 969 λοιπεν,οὑ
294 937 404 973 μικρὸν,
421 938 452 964 οὺ
472 937 558 972 μέγα·
589 938 638 973 οὐχ
665 937 745 974 εὗρον
777 940 905 976 ἀφορμὴν

112 984 239 1019 οὐδεμίαν
253 984 309 1011 οὐδ’
325 984 417 1011 αἰτίαν
432 984 533 1012 πλάσαι
550 985 750 1020 παραϐάσεως·
768 986 816 1013 καὶ
832 987 905 1022 μάρ-

111 1039 191 1065 τυρες
206 1030 285 1057 αὐτοὶ
298 1029 346 1056 τοῦ
363 1030 478 1065 μηδενὸς
491 1031 520 1056 ἐν
539 1030 628 1066 ἐνδείᾳ
649 1031 905 1066 νομοφυλακοῦντες

111 1078 290 1112 καταστῆναι.
300 1086 309 1102 ι
322 1076 368 1111 Μή
375 1085 447 1107 τινος
466 1076 530 1112 γὰρ,
543 1085 552 1102 ι
570 1077 663 1112 φησὶν,
678 1086 687 1103 ι
698 1078 876 1113 ὐστερὴσατε;
893 1088 902 1104 ι

111 1123 135 1149 οῑ
143 1123 171 1149 δὲ
183 1131 191 1147 ι
205 1122 330 1153 Οὐδενός.
341 1131 351 1147 ι
361 1122 437 1148 Ἐπεὶ
449 1121 495 1149 οὖν
505 1122 647 1158 όμοτίμως
657 1123 707 1157 μὲν
715 1124 732 1158 ἡ
746 1123 840 1158 ἐντολὴ
848 1124 905 1151 ὲδό”

112 1170 155 1205 θη,
174 1169 316 1204 ὁμοτίμως
331 1168 360 1195 δέ
382 1168 412 1195 τὺ
427 1168 476 1203 τῆς
497 1168 593 1204 χρείας
614 1168 731 1203 ἄφθονον
760 1169 882 1205 ὑπῆρχεν
895 1179 902 1186 ·

111 1215 167 1243 ἀλλ’
181 1216 207 1242 oi
224 1215 285 1250 μὲν,
303 1215 333 1241 οὺ
350 1215 410 1241 δέον
425 1214 628 1250 συνεπιφέρειν,
654 1214 797 1250 βαλάντιον
811 1213 901 1251 εἶχον·

111 1263 134 1288 ol
149 1261 178 1287 δὲ
196 1261 246 1296 τῆς
260 1261 371 1295 ἐντολῆς
383 1259 454 1296 ἦσαν
467 1269 474 1275 ·
500 1260 565 1292 τοὺς
593 1261 642 1296 μὲν
668 1262 846 1297 ὑπεριδόντας
873 1262 905 1290 τὸ

111 1306 276 1341 πρόσταγμα
292 1326 300 1338 ,
325 1305 384 1340 ἅμα
415 1305 466 1339 μὲν
496 1305 626 1340 ἐλέγχων.
658 1305 717 1342 ἅμα
758 1307 788 1334 δέ
813 1308 903 1342 ἀφιεὶς

111 1351 242 1387 φέρεσθαι
255 1351 289 1386 τῇ
302 1349 410 1385 γνώμῃ,
420 1349 467 1376 καὶ
480 1349 511 1376 οὑ
526 1350 681 1384 συγκλείων
696 1352 737 1383 εἰς
749 1351 810 1386 βίαν
821 1361 828 1368 ·
844 1351 903 1387 ἅμα

111 1398 138 1425 δὲ
150 1398 174 1424 εἰ
193 1396 284 1431 βούλει
299 1395 346 1422 καὶ
359 1395 561 1431 πρωναφωνῶν
578 1396 670 1428 αὐτοῖς
691 1397 740 1431 τῆς
764 1397 903 1430 πολιτείας

111 1444 140 1470 τδ
153 1443 260 1478 μέλλον,
277 1450 286 1467 ι
309 1442 339 1468 '0
351 1441 430 1476 ἔχων,
448 1441 526 1475 φησὶ,
536 1440 688 1476 βαλάντιον,
698 1442 792 1477 ἀράτω
803 1444 903 1477 ὁμοίως

113 1489 158 1515 καὶ
173 1489 276 1523 πήραν.
295 1496 305 1512 ι
321 1485 532 1521 Προανεκήρυξε
550 1485 605 1520 γὰρ
619 1487 633 1512 ό
652 1487 781 1522 παραϐὰς
795 1485 836 1519 οἷς
854 1487 902 1522 ἐνρ-

113 1534 175 1560 θασε
189 1532 308 1568 πράξας,
322 1532 369 1559 καὶ
395 1531 445 1565 τῆς
469 1531 581 1578 ὲντολῗις
604 1531 752 1566 ἀλογήσας,
780 1533 840 1560 οἵαν
855 1534 902 1560 γαὶ
916 1548 937 1578 c

111 1580 176 1614 περὶ
187 1578 235 1605 106
251 1576 401 1611 συστοίχων
414 1576 465 1610 τὴν
485 1576 513 1602 ἐν
523 1575 561 1611 τῷ
579 1576 704 1610 μέλλοντι
718 1576 838 1604 διάθεσιν
849 1577 902 1603 δεί-

113 1627 153 1660 ξει
164 1635 171 1641 ·
189 1626 247 1656 τοῖς
261 1624 291 1651 δὲ
303 1623 431 1658 καθαρῶς
444 1622 652 1657 ἀσπασαμένοις
680 1623 710 1650 τὸ
726 1623 901 1659 πρόσταγμα,

113 1672 160 1706 τῆς
175 1671 290 1705 γνώμης
302 1668 391 1696 αὐτῶν
407 1667 608 1702 ἀποδεξάμενος
623 1667 654 1694 τὸ
668 1668 792 1704 στερῤδν,
808 1669 857 1696 καὶ
871 1669 903 1696 τὸ

114 1718 262 1752 κεφάλαιον
279 1715 335 1742 τῶν
345 1714 569 1750 κατορθωμάτων
582 1714 610 1740 ἐν
628 1714 736 1748 ἀγῶνος
752 1715 836 1752 μοίρᾳ.
853 1724 903 1751 χα-

117 1763 220 1799 gignat
235 1763 284 1789 καὶ
299 1761 368 1797 πρδς
382 1760 413 1787 τδ
429 1760 480 1795 τῆς
496 1759 656 1794 φιλοσοφίας
674 1760 760 1796 ἄκρον
780 1758 820 1793 οἷς
844 1763 902 1788 τίσ-

115 1810 173 1844 ἀγει
190 1808 335 1842 ἀναφέρει.

149 1858 191 1889 ιγ’.
207 1854 253 1880 Διό
268 1861 335 1888 φησι
347 1852 415 1888 πρὸς
425 1851 572 1888 ἑκατέρους
584 1851 630 1878 τοῦ
639 1851 718 1885 λόγου
728 1851 901 1887 σχιζομένουι

114 1900 170 1927 Νῦν
186 1900 215 1927 δὲ
229 1900 274 1926 ὅτε
289 1898 406 1933 μάλιστα
419 1899 449 1925 τὸ
462 1898 547 1930 πάθος
561 1898 662 1932 ἥκειτὸ
669 1899 745 1933 ἐμὸν,
757 1899 804 1924 καὶ
817 1899 831 1925 ὁ
841 1899 902 1926 καθ’

114 1944 189 1980 ὖμῶν
211 1943 259 1971 ἐπὶ
282 1944 354 1979 μέγα
378 1943 543 1978 κρατύνεται
569 1942 698 1977 πόλεμος,
721 1942 771 1969 καὶ
795 1943 902 1970 πολλῶν

114 1991 221 2025 ἔλεγχον
236 1988 351 2016 δώσουσι
365 1988 490 2023 λογισμοί
499 1997 505 2003 ·
520 1985 561 2019 οἷς
575 1987 624 2022 μὲν
639 1989 653 2014 ὁ
672 1988 722 2023 τῆς
735 1988 844 2023 ἐντολῆς
858 1988 902 2014 λό-

113 2045 157 2070 γος
174 2035 228 2062 οὐδ’
246 2035 318 2062 οὕτω
341 2034 461 2069 χαλεπὸς
484 2033 522 2060 ὦν
542 2034 592 2060 οὐκ
620 2033 770 2068 ἐφυλάχθη,
796 2034 902 2066 τούτοις

116 2082 295 2116 ἀκολουθήσει
313 2079 383 2116 μετὰ
398 2079 446 2106 τοῦ
478 2079 621 2114 βαλαντίου
635 2079 682 2106 καὶ
695 2080 710 2114 ἡ
727 2080 902 2114 περιποίησις

112 2127 160 2162 τῆς
175 2128 268 2162 πήρας
282 2133 290 2141 ·
306 2122 346 2157 οἷς
358 2125 381 2152 δ’
394 2125 523 2160 ἀνωτέρω
538 2124 666 2160 γενέσθαι
681 2124 731 2159 τῆς
745 2124 901 2160 ἀθετήσεως

111 2173 267 2208 διεπονήθη,
283 2168 357 2199 οὗτοι
372 2171 420 2197 καὶ
436 2170 466 2197 τὸ
484 2170 562 2202 τέλος
587 2170 688 2197 οἰκεῖον
701 2169 756 2196 τῶν
773 2177 901 2205 προηγω-

963 248 1188 280 observaverunt,
1203 249 1370 284 praadicitur.
1383 249 1483 278 Verum
1503 251 1528 278 id
1541 252 1663 286 profecto
1681 254 1754 282 haud

962 293 1133 320 contrarium
1152 299 1266 329 apparet
1284 295 1413 323 mandato
1430 296 1478 329 illi,
1497 297 1541 324 cui
1566 298 1676 331 perfecti
1712 299 1754 327 di-

961 339 1060 373 scipuli
1078 339 1279 374 obsequentes,
1301 345 1486 375 paupertatem
1507 343 1603 370 sedulo
1629 345 1738 372 retinue

963 391 1035 413 runt.
1050 385 1146 414 Viden‘
1161 391 1192 414 ut
1208 395 1240 414 er
1259 387 1319 422 ipsa
1340 388 1479 416 locutione
1491 391 1633 425 perspicue
1650 393 1752 420 solutio

960 431 1036 461 ﬂuat.
1053 433 1113 460 sine
1128 433 1184 460 ullo
1201 434 1242 460 vel
1259 433 1352 461 labore
1366 435 1408 462 vel
1420 435 1513 462 Sllblili
1530 438 1750 472 excogitatione:

963 486 973 503 ι
990 476 1067 505 Nunc
1085 485 1150 505 vero
1172 478 1219 514 qui
1243 479 1326 507 habet
1348 487 1518 514 crumenam,
1533 486 1623 509 sumat
1647 484 1751 518 pariter

959 528 986 551 et
1000 532 1092 559 peram
1106 525 1112 551 l
1131 534 1141 551 ι

995 570 1038 598 12.
1061 570 1135 599 Duos
1150 571 1193 599 hic
1208 571 1353 599 hominum
1371 571 1482 599 ordines
1501 572 1543 608 (ut
1559 572 1585 600 in
1603 573 1658 600 alio
1681 582 1751 608 quo-

958 616 1000 644 vis
1012 617 1091 652 jusso
1108 617 1313 653 deprehendere
1329 618 1401 653 licet)
1417 619 1543 647 videmus
1562 627 1569 645 :
1586 619 1631 647 alii
1646 621 1750 648 scilicr-t

958 664 1117 691 mandatum
1143 668 1250 697 curant,
1276 664 1322 691 alii
1349 665 1452 692 violant
1479 673 1486 691 :
1512 670 1586 693 recte
1605 666 1750 701 agentibus

958 709 1070 745 majoris
1084 717 1193 745 quoque
1216 710 1296 738 molis
1319 710 1396 737 labor
1410 710 1603 744 cOncreditur;
1625 713 1749 739 socordi-

957 755 1010 783 bus
1033 755 1137 782 nullum
1155 755 1268 791 insuper
1289 756 1395 790 pondus
1411 756 1550 790 adjicitur,
1570 757 1625 784 imo
1640 762 1667 784 et
1683 756 1749 784 illud

956 800 1033 835 prius
1058 801 1215 834 remittitur,
1243 809 1277 828 ne
1293 801 1384 828 omnia
1408 801 1598 835 desperatione
1621 809 1749 836 pessum-

957 847 1033 874 dent.
1065 846 1202 874 Mandavit
1220 847 1362 881 discipulis
1390 847 1458 874 nihil
1488 851 1517 874 ut
1541 847 1712 882 possiderent
1738 857 1745 875 :

957 892 1024 919 nihil
1048 891 1082 919 iis
1105 893 1305 924 necessarium,
1333 892 1391 920 sive
1408 892 1433 919 id
1461 900 1576 927 parvum
1594 898 1666 921 esset
1690 894 1748 920 sive

956 945 1104 972 magnum,
1135 937 1241 970 defuit;
1270 937 1371 965 nullam
1398 938 1573 965 occasionem
1601 945 1749 966 enusamve

956 982 1111 1017 contingere
1133 986 1292 1016 potuerunt,
1312 990 1362 1009 cur
1381 983 1566 1010 obedientiam
1585 983 1746 1016 abjicercnt.

956 1027 1027 1060 Quin
1053 1027 1104 1063 ipsi
1121 1028 1211 1055 testati
1226 1034 1289 1055 sunt
1304 1028 1376 1055 nulla
1402 1036 1430 1056 se
1445 1033 1565 1064 egestate
1581 1029 1747 1057 laboravisse

955 1073 1020 1100 dum
1035 1074 1060 1101 ei
1077 1079 1212 1108 praecepto
1227 1073 1453 1108 obsequerentur.
1479 1083 1488 1099 ι
1511 1073 1649 1109 Nunquid,
1668 1084 1677 1101 ι
1697 1075 1746 1108 ait,

959 1127 968 1144 ι
988 1119 1066 1146 vobis
1078 1118 1184 1146 defuit?
1201 1129 1210 1145 ι
1228 1119 1440 1153 reSponderunt,
1455 1127 1465 1144 ι
1487 1118 1568 1146 Nihil.
1590 1129 1600 1146 ›
1619 1120 1748 1153 Quando-

955 1165 1064 1200 quidem
1081 1165 1164 1199 igitur
1174 1172 1319 1192 commune
1333 1165 1491 1192 mandatum
1506 1169 1576 1196 erat,
1590 1166 1746 1193 communis

954 1218 1065 1246 quoque
1088 1210 1139 1237 fuit
1155 1211 1242 1238 victus
1259 1211 1350 1245 copia.
1370 1210 1565 1238 Verumtamen
1581 1211 1626 1238 alii
1649 1216 1745 1238 contra

954 1255 1072 1282 ollicium
1096 1262 1252 1282 crumenam
1283 1255 1450 1287 habuerunt,
1476 1256 1522 1283 alii
1547 1257 1676 1284 mandato
1698 1257 1746 1284 ad-

955 1301 1103 1329 haeserunt.
1125 1301 1216 1334 Quare
1241 1303 1363 1329 mandati
1389 1303 1533 1331 violatores
1552 1303 1633 1331 simul
1651 1312 1744 1339 repre-

953 1347 1057 1379 hendit,
1073 1353 1101 1375 et
1127 1348 1210 1375 simul
1237 1355 1289 1375 suo
1317 1356 1454 1383 quemque
1476 1350 1610 1384 permittit
1629 1351 1745 1379 arbitrio

953 1395 1030 1429 ferri,
1044 1396 1172 1431 nullaque
1186 1396 1210 1422 vi
1224 1396 1308 1430 cogit.
1329 1396 1417 1423 Simul
1430 1400 1533 1429 autem,
1551 1397 1572 1424 si
1591 1397 1628 1425 ita
1644 1398 1744 1433 placet,

953 1442 1105 1476 praedicens
1120 1442 1172 1469 illis
1186 1441 1306 1469 futuram
1320 1442 1442 1477 ipsorum
1459 1443 1577 1470 vitamzi
1587 1444 1639 1477 Qui
1652 1445 1743 1476 habet.

953 1488 1001 1520 ait,
1019 1496 1189 1519 crumenam,
1206 1493 1297 1516 sumat
1313 1489 1415 1524 pariter
1431 1494 1458 1516 et
1469 1497 1571 1524 peram.
1590 1500 1599 1516 ι
1617 1490 1684 1517 Nam
1697 1491 1743 1526 qui

954 1537 1034 1561 antea
1047 1534 1174 1569 deliquit,
1189 1534 1317 1562 mandato
1328 1539 1495 1570 contempto,
1513 1535 1536 1563 is
1551 1537 1619 1563 satis
1633 1541 1744 1571 porten-

954 1578 995 1606 dit
1015 1579 1125 1614 qualem
1150 1583 1259 1614 postero
1280 1587 1391 1615 quoque
1416 1584 1537 1616 tempore
1559 1582 1585 1609 in
1609 1590 1639 1610 re
1661 1583 1743 1610 simili

953 1625 1074 1652 animum
1091 1630 1218 1660 gesturus
1241 1626 1287 1654 sit.
1305 1626 1407 1654 Contra
1430 1634 1537 1660 eorum,
1554 1629 1600 1663 qui
1617 1635 1744 1658 accurate

953 1677 1011 1697 rem
1037 1670 1197 1705 imperatam
1217 1670 1351 1705 fecerunt,
1376 1676 1507 1700 constans
1523 1673 1661 1708 ingenium
1682 1683 1744 1709 pro-

953 1716 1032 1748 bans,
1047 1724 1182 1744 summam
1197 1724 1307 1752 quoque
1318 1718 1515 1752 perfectionem
1530 1719 1556 1745 in
1571 1721 1666 1754 agonis
1682 1729 1744 1756 par-

953 1767 1006 1789 tem
1025 1761 1150 1796 largitur,
1162 1769 1264 1797 eosque
1280 1761 1313 1790 ad
1327 1762 1462 1798 religiosae
1482 1763 1544 1791 vitae
1559 1764 1665 1792 culmen
1683 1773 1743 1793 mo-

953 1807 1018 1834 nitis
1038 1807 1096 1835 suis
1115 1807 1252 1835 subvehit.

989 1852 1033 1879 15.
1054 1852 1235 1884 Quamobrem
1255 1852 1294 1879 ait
1305 1851 1413 1887 utrique
1424 1852 1523 1885 ordini,
1537 1853 1666 1888 bipartito
1683 1863 1743 1882 ser-

953 1905 1033 1925 mone
1053 1897 1152 1925 :Nunc
1176 1905 1238 1925 cum
1255 1898 1373 1925 maxime
1399 1899 1490 1933 passio
1518 1907 1576 1926 mea
1593 1901 1742 1935 appropin—

952 1947 1028 1978 quat.
1057 1943 1213 1977 bellumque
1238 1950 1368 1977 magnum
1385 1948 1481 1970 contra
1499 1950 1548 1971 vos
1566 1944 1741 1979 ingravescit,

953 1989 1100 2016 nmltorum
1120 1988 1238 2023 denique
1272 1988 1465 2015 revelabuntnr
1485 1989 1675 2024 cogitationes.
1694 1990 1742 2017 Et-

952 2033 1026 2060 enim
1041 2033 1118 2066 illos,
1134 2041 1149 2060 a
1165 2032 1265 2068 quibus
1281 2033 1409 2068 superius
1424 2033 1595 2067 mandatum,
1608 2035 1671 2062 licet
1686 2043 1740 2063 non

952 2080 988 2107 ita
997 2080 1124 2112 arduum,
1135 2080 1265 2107 violatum
1279 2079 1339 2112 fuit,
1352 2087 1410 2111 eos,
1424 2080 1547 2115 inquam,
1560 2085 1621 2116 post
1636 2090 1742 2110 crume-

951 2133 1015 2152 nam
1037 2129 1218 2159 consequetur
1240 2132 1312 2160 pera:
1335 2133 1444 2160 quoque
1467 2125 1586 2159 adjectio
1611 2135 1619 2154 :
1645 2132 1740 2155 contra

951 2171 1001 2203 illi,
1016 2171 1119 2207 quibus
1135 2179 1207 2199 cura:
1223 2171 1274 2199 fuit
1288 2175 1318 2199 ut
1338 2171 1373 2198 ab
1398 2172 1583 2200 inobedientia
1601 2179 1738 2207 caverent,

111 2219 246 2254 νιτμένων
261 2217 423 2252 ἐπιθήσουσι
436 2224 443 2232 ·
461 2216 509 2243 καὶ
522 2216 585 2247 τοὺς
602 2216 651 2251 μὲν
666 2216 716 2250 τῆς
743 2215 830 2250 ἄκρας
857 2223 902 2249 φι-

981 2218 1110 2245 ιιοιιίιιοηι
1123 2225 1232 2252 quoque
1243 2217 1368 2243 idoneam
1385 2217 1521 2251 prioribus
1534 2218 1641 2246 actibus
1653 2219 1740 2254 impo-

111 2264 249 2300 λοσοφίας,
269 2264 319 2291 καὶ
334 2263 378 2290 διὰ
392 2263 470 2289 τοῦτο
488 2262 537 2289 καὶ
552 2262 602 2297 τῆς
623 2262 757 2296 ἀκτησίας
784 2270 900 2294 κατενη-

111 2312 270 2348 νεγμένους,
287 2313 304 2347 ἡ
328 2310 382 2338 τῶν
399 2309 505 2338 πολλῶν
523 2309 644 2345 μέριμνα
673 2310 721 2336 καὶ
746 2310 762 2344 ή
791 2311 902 2344 φροντὶς

111 2359 267 2391 ὑποδέξεται
281 2366 288 2374 ·
302 2355 344 2389 οἷς
363 2357 432 2393 μετὰ
448 2356 495 2383 τοῦ
511 2356 655 2391 βαλαντίου
672 2355 717 2382 καὶ
730 2355 746 2390 ἡ
758 2355 844 2390 πήρα,
855 2354 901 2381 καὶ

109 2404 158 2431 ὅσα
169 2404 204 2431 ἄν
215 2404 247 2430 τὸ
261 2403 458 2438 εὐπερίστατον
487 2402 620 2437 ἐπιτάττῃ
635 2401 683 2428 τοῦ
701 2401 770 2436 βίου,
792 2402 822 2427 οὺ
844 2401 902 2428 δια-

110 2449 194 2484 λείψει
209 2449 243 2475 δι’
256 2449 336 2484 ὄχλου
349 2448 481 2482 γινόμενα
494 2456 500 2463 ·
517 2448 574 2478 τοῖς
595 2447 623 2473 δέ
639 2455 671 2481 γε
692 2447 846 2482 τηρήσασιν
872 2447 901 2473 ἐν

110 2495 210 2530 σπουδῇ
226 2493 274 2520 καὶ
287 2493 378 2523 πόνοις
391 2492 422 2518 τὸ
438 2491 594 2527 ἀγώνισμα.
612 2491 689 2518 Ἐπεὶ
703 2491 793 2523 τοῦτο,
807 2491 899 2526 φησὶν.

109 2541 171 2575 ὑμῖν
183 2539 272 2575 ὀρθῶς
285 2547 314 2565 τε
338 2538 386 2565 καὶ
403 2538 542 2573 ἐπιμελῶς
568 2537 787 2572 διαπέπρακται,
805 2538 851 2564 καὶ
870 2537 901 2564 τὸ

108 2586 156 2620 τῆς
168 2583 364 2620 ἀκτημοσύνης
378 2581 459 2610 ἆλθον
475 2582 569 2617 ὥσπερ
585 2582 695 2618 ἀρραγῆ
713 2582 834 2617 κρηπῖδα
846 2582 900 2608 τῶν

111 2631 260 2667 μελλόντων
273 2630 386 2664 ἀγώνων
400 2628 530 2663 ἐπήξατε,
548 2628 672 2655 λείπεται
694 2627 723 2654 δὲ
743 2636 899 2663 παρεσκευι

110 2679 243 2714 ἀσμένους
257 2678 299 2704 ἔτι
315 2677 415 2713 μᾶλλον
427 2676 474 2703 καὶ
496 2676 620 2710 ἑτοίμους
637 2675 708 2710 ὑμᾶς
725 2673 795 2701 εῖναι
813 2675 860 2702 νῦν
881 2675 897 2710 ἢ

111 2725 241 2761 πρότερον
255 2724 325 2759 πρὸς
349 2723 395 2750 τὸν
414 2723 485 2757 ὑπὲρ
515 2722 584 2757 ἐμοῦ
611 2722 745 2748 θάνατον·
771 2722 821 2757 ήδη
844 2722 898 2757 γὰρ

110 2771 185 2806 κάγὼ
195 2772 240 2798 τὸν
255 2771 327 2806 ὑπὲρ
334 2769 382 2796 τοῦ
393 2769 496 2804 κόσμου
511 2768 677 2803 ὑπερχομαι.
694 2768 732 2794 E6
750 2768 778 2795 δὲ
792 2768 899 2795 ποιοῦν-

111 2825 153 2850 τες
161 2816 351 2853 προαπέθεσθε
361 2815 411 2852 μὲν
424 2815 513 2842 πάντα
521 2814 555 2841 τά
565 2813 614 2841 τοῦ
624 2813 681 2849 βίου
697 2821 703 2828 ·
717 2813 793 2840 οὐδὲν
803 2813 825 2840 δ’
834 2813 898 2847 ὑμῖν

111 2863 268 2900 ἐπισύρεται
283 2863 351 2890 τῶν-
365 2860 507 2896 μεθέλκειν
523 2860 681 2894 δυναμένων
707 2859 761 2887 ἀπὸ
786 2858 834 2886 τοῦ
860 2859 897 2895 μὴ

951 2267 1026 2291 nent.
1043 2263 1112 2291 llinc
1135 2270 1182 2290 eos
1198 2262 1244 2297 qui
1261 2270 1276 2289 a
1296 2263 1407 2290 sublimi
1426 2263 1598 2298 philosophia
1622 2264 1739 2300 ideoque

950 2309 1031 2338 etiam
1056 2317 1072 2336 a
1098 2309 1266 2344 paupertatis
1285 2308 1365 2335 laude
1388 2306 1559 2342 exciderunt,
1589 2309 1738 2336 multarum

950 2362 1040 2383 rerum
1054 2354 1207 2382 sollicitudo
1218 2359 1246 2381 et
1259 2361 1326 2381 cura
1340 2354 1457 2388 excipiet
1472 2362 1478 2380 :
1490 2355 1656 2390 eesdemque
1670 2363 1738 2390 pra:-

952 2406 992 2428 ter
1015 2408 1175 2428 crumenam
1195 2404 1222 2428 et
1239 2407 1344 2434 peram,
1361 2404 1457 2427 caetera
1476 2400 1570 2434 etiam,
1593 2409 1654 2436 qua:
1676 2402 1739 2430 vita:

950 2446 1056 2474 lautitia
1083 2446 1178 2481 exigit,
1204 2446 1343 2473 turmatim
1374 2446 1589 2474 circumsistent.
1615 2447 1649 2474 At
1674 2455 1739 2475 vero

951 2492 1003 2519 illis
1014 2492 1060 2526 qui
1075 2492 1170 2519 sedulo
1184 2496 1212 2519 et
1225 2491 1333 2520 fortiter
1346 2493 1372 2519 in
1394 2493 1536 2527 proposito
1552 2500 1633 2528 opere
1648 2501 1740 2528 perse-

949 2541 1122 2570 veravernnt,
1135 2538 1266 2573 quoniam
1279 2539 1342 2571 hoc,
1355 2538 1453 2574 inquit,
1469 2543 1543 2566 recte
1555 2544 1581 2566 et
1596 2539 1740 2574 diligenter

949 2592 964 2610 a
979 2583 1057 2611 vobis
1079 2590 1217 2618 peractum
1232 2589 1370 2611 certamen
1391 2588 1442 2616 est,
1466 2592 1498 2612 ac
1517 2585 1685 2620 paupertatis
1699 2586 1740 2613 la-

949 2629 1043 2656 borem
1071 2636 1120 2656 ceu
1144 2629 1311 2656 immobilem
1334 2629 1489 2656 futurorum
1504 2637 1621 2664 agonum
1635 2630 1740 2658 colum-

948 2683 1012 2702 nam
1023 2675 1217 2707 constituistis,
1231 2679 1357 2710 snperest
1372 2679 1401 2702 ut
1426 2683 1500 2702 nunc
1518 2676 1640 2710 apprime
1656 2677 1738 2704 morti

949 2728 998 2755 pro
1015 2728 1058 2747 me
1071 2720 1202 2748 obeundae
1223 2720 1309 2755 parati
1327 2720 1387 2748 sitis
1409 2729 1416 2747 ι
1435 2728 1497 2747 nam
1518 2727 1544 2748 et
1567 2728 1618 2756 ego
1644 2728 1739 2748 necem

948 2773 997 2801 pro
1015 2766 1116 2793 mundo
1141 2773 1205 2792 mox
1222 2765 1364 2793 subiturus
1377 2773 1450 2794 sum.
1478 2765 1550 2793 liene
1571 2771 1662 2793 autem
1685 2771 1738 2799 est,

948 2813 1020 2848 quod
1045 2816 1124 2839 antea
1155 2811 1293 2839 mundana
1313 2812 1404 2839 omnia
1431 2811 1569 2846 abjecistis
1590 2819 1597 2839 :
1620 2812 1687 2839 nihil
1710 2817 1740 2839 ut

949 2866 997 2887 vos
1011 2858 1126 2894 pelliciat
1150 2865 1257 2891 eorum,
1272 2865 1333 2893 quae
1356 2857 1487 2893 impedire
1499 2862 1621 2893 possent,
1632 2857 1740 2893 quomi-
