1881 3077
142 132 178 162 6}

723 131 856 162 PHOTII
870 130 1125 161 PATRIARCH/E
1144 112 1201 160 CI“:

1746 136 1782 167 64

144 195 197 215 nus
212 187 359 215 ltetabnndi
376 187 409 215 ad
425 195 560 216 summam
581 187 620 216 rei
639 187 766 218 veniatis.
789 195 889 220 nempe
905 186 936 214 ad

1023 185 1135 221 ,ίροντας
1151 185 1239 212 ἐλθεῖν
1263 185 1311 213 ἐπὶ
1323 186 1353 213 τδ
1364 187 1475 215 πάντων
1487 189 1636 224 κεφάλαιον
1649 191 1699 227 τὴν
1713 192 1784 228 ὑπὲρ

141 234 244 261 caedem
257 233 309 260 mei
325 241 409 260 causa
421 233 588 269 patiendam.
607 234 727 261 Pronum
744 233 842 268 oppido
859 233 936 261 vobis

142 279 194 307 erit
206 279 341 306 alacribus
355 279 424 312 ﬁeri,
440 284 522 314 atque
535 284 688 307 extremum
707 279 859 307 amiculum
879 283 936 306 tra—

143 324 218 356 dere,
239 328 267 351 et
282 324 334 351 mei
352 325 438 359 gratia
456 330 572 352 mortem
597 333 659 353 cum
681 325 737 352 vita
754 329 934 352 commutare.

142 369 171 398 ld
199 370 271 397 enim
298 371 524 399 commodissime
547 371 670 398 omnium
700 371 831 407 praedicta
854 371 936 398 verba

142 415 310 449 signiﬁcant,
326 423 488 446 crumenam
505 416 683 447 non.habere,
700 415 854 452 vestimenti
871 422 935 442 ven-

141 463 219 495 ditio,
246 462 353 497 gladius
369 471 376 489 :
391 463 474 489 veluti
493 471 526 490 ne
550 463 703 490 novissimo
730 462 839 497 quidem
866 461 936 489 ami-

142 509 204 536 culo
219 508 357 543 perfectus
373 510 541 543 paupertatis
557 509 662 536 assecla
675 516 811 543 parsurus
825 508 873 539 sit,
886 515 935 535 ve-

141 561 203 580 rum
219 554 283 580 illud
299 561 408 588 quoque
423 561 563 586 cessurus,
577 553 641 581 dum
658 554 783 588 expedite
798 554 885 581 currit
902 553 934 581 ad

142 599 271 634 gladium.
285 599 354 626 Hinc
368 607 421 626 non
439 601 476 627 ait
492 601 584 626 vendat
600 605 647 628 aut
660 604 750 632 emat;
773 600 820 627 sed
842 599 935 626 vendet

142 650 168 673 et
181 650 247 672 emet
263 654 272 673 :
287 646 495 680 quibunverbis
520 654 607 681 neque
620 647 706 681 legem
723 654 811 681 neque
827 646 935 680 jussum

141 691 253 724 statuit;
269 696 295 718 et
313 696 404 718 tamen
421 699 478 718 rem
494 691 614 719 futuram
631 696 694 718 ante
709 692 862 718 denuntiat.
881 691 936 718 Sci-

142 736 205 764 licet
217 736 288 763 haud
309 737 422 770 mando,
438 737 537 772 inquit.
560 742 591 765 ut
616 738 674 765 haec
691 739 768 768 fiant.
786 738 832 765 sed
851 738 934 765 futuri

142 782 273 818 praescius
298 788 361 810 ante
380 783 469 815 edico,
490 783 548 811 fore
563 788 593 811 ut
609 783 735 818 prrecepii
756 783 880 811 custodia
901 783 935 810 ad

141 835 294 857 extremum
321 837 431 865 quoque
457 835 484 857 et
513 830 620 866 insigne
640 830 747 858 facinus
764 831 834 857 viam
855 829 934 857 vobis

142 876 268 902 muniat:
283 875 327 902 illa
343 877 413 903 enim
431 876 555 904 suadebit
569 876 658 909 vobis,
678 881 708 904 ut
720 884 812 904 necem
825 884 933 911 (pioque

141 920 194 947 mei
213 927 294 947 causa
308 921 423 948 libenter
435 922 510 948 adire
522 921 624 954 velitis,
644 921 718 948 omni
731 929 798 949 cura
809 921 932 948 saeculari

141 966 254 999 vacetis,
274 967 341 993 nihil
355 967 498 1002 corporale
509 968 666 1001 sectemini,
681 973 780 996 cuncta
795 968 826 994 ad
843 975 932 994 meum

141 1012 302 1039 famulatum
319 1013 456 1040 referatis.
481 1014 558 1046 Quod
586 1019 678 1041 autem
697 1013 769 1041 haud
795 1014 866 1041 alius
894 1013 933 1040 rei

141 1059 227 1093 gratia
243 1058 347 1093 gladios
375 1064 506 1087 memoret
529 1067 630 1088 arcano
651 1060 810 1087 Dominicus
829 1067 933 1092 sermo,

139 1104 244 1139 jamdiu
271 1105 408 1139 parabolis
427 1105 463 1132 uti
492 1105 599 1138 solitus,
627 1106 680 1133 nisi
706 1110 735 1133 ut
754 1113 803 1133 eos
819 1113 876 1133 suae
901 1113 934 1138 ac

141 1150 337 1184 discipulorum
354 1151 493 1186 passionis
509 1151 663 1187 symbolum
680 1151 773 1185 faciat,
789 1151 934 1180 manifeste

140 1197 268 1223 enucleat
289 1197 316 1224 in
340 1197 585 1232 subsequentibus.
603 1198 671 1226 Cum
684 1198 757 1226 enim
774 1199 933 1234 respondis-

141 1247 203 1270 sent
220 1243 348 1278 discipuli
366 1249 466 1278 praasto
479 1251 542 1272 esse
558 1244 662 1279 gladios
679 1244 760 1276 duos,
779 1245 847 1272 nihil
862 1253 933 1280 pra:-

141 1294 213 1316 terea
228 1290 262 1316 ab
275 1290 309 1317 iis
326 1290 485 1324 exquisivit,
502 1295 567 1325 puta
582 1291 624 1318 vel
636 1295 675 1325 ,ιιι
688 1296 790 1319 vestem
804 1291 934 1319 diveude-

141 1336 262 1367 rent,vel
280 1344 313 1362 an
331 1336 359 1368 ii,
373 1336 473 1371 quibus
485 1342 706 1369 essetcrumcna,
721 1345 813 1373 peram
825 1346 935 1373 quoque

143 1381 336 1414 sumpsissent,
351 1390 439 1417 neque
465 1383 498 1409 ad
522 1383 589 1410 alias
610 1391 657 1411 eos
679 1385 819 1412 transtulit
837 1385 935 1420 cogita-

142 1427 248 1462 tiones;
273 1429 319 1457 sed
347 1439 355 1455 ι
376 1429 448 1458 Satis
471 1436 522 1464 est,
553 1441 562 1457 ι
588 1432 626 1459 ait
644 1441 651 1459 :
670 1432 774 1460 scilicet
790 1433 876 1468 signis
891 1440 935 1461 res

143 1481 204 1509 quae
218 1475 389 1509 portenditur
400 1477 608 1512 circumscripta
621 1483 680 1510 est;
696 1484 777 1513 atque
789 1479 845 1506 lucc
860 1487 937 1507 asse-

142 1522 252 1556 quendo
268 1530 353 1558 scopo
370 1524 517 1551 sufﬁciunt.
544 1523 644 1552 Totum
668 1526 769 1560 quippe
796 1526 934 1558 negotium

143 1567 226 1602 gladii
248 1569 302 1596 duo
317 1569 404 1597 oculis
417 1570 578 1605 subjiciunt,
595 1571 700 1606 etquid
717 1571 768 1599 sibi
781 1571 845 1598 velit
863 1580 935 1607 sym-

141 1614 234 1641 bolum
252 1615 431 1650 patefaciunt.
458 1616 535 1644 Alter
560 1617 633 1644 enim
659 1617 764 1652 gladius
789 1617 937 1645 Dontinicaa

142 1658 278 1692 paSsionis
304 1659 394 1694 imago
417 1666 486 1693 erat,
512 1661 581 1688 alter
596 1661 737 1695 Evangelii
753 1662 935 1696 genuinorutu

140 1709 169 1731 et
185 1705 244 1732 sine
257 1704 318 1732 fuco
335 1706 545 1741 discipulorum,
560 1708 607 1742 qui
620 1708 728 1735 cunctis
744 1708 814 1735 infra
828 1708 936 1736 Domini

142 1749 305 1776 charitatem
324 1749 432 1783 locatis,
450 1752 631 1779 novissimum
652 1759 763 1788 quoque
787 1753 935 1780 amiculum

144 1800 261 1828 exuunt,
290 1799 372 1830 atque
389 1797 464 1824 otnni
486 1797 608 1824 terrestri
631 1805 670 1829 re,
692 1798 748 1825 imo
763 1803 791 1826 et
814 1799 870 1833 ipsa
887 1806 936 1827 na-

142 1847 214 1875 tura,
228 1843 333 1876 nudati,
359 1843 441 1870 simul
457 1851 488 1871 ac
509 1843 619 1871 Occasio
644 1844 761 1872 athletas
777 1850 883 1878 evocat,
901 1845 936 1872 ad

144 1896 238 1916 necem
256 1897 306 1924 pro
322 1889 424 1917 dilecto
439 1894 552 1917 ovantes
569 1890 725 1918 convolant.

950 865 970 892 Β

950 1546 971 1575 ο

179 2016 223 2044 u.
240 2017 328 2051 Atque
342 2016 379 2043 ita
394 2017 452 2044 haec
467 2017 549 2044 etiam
566 2025 625 2052 qua:
636 2018 663 2044 in
682 2019 808 2046 manibus
823 2023 866 2047 est
879 2020 936 2048 dis-

142 2063 248 2098 putatio
271 2062 478 2089 consonantiam
496 2062 632 2090 dictorum
656 2063 840 2096 demonstrat,
864 2065 935 2092 haud

141 2106 267 2142 oqnidem
276 2113 454 2140 personarqu
464 2105 626 2138 differentia,
638 2114 720 2141 quam
733 2108 834 2136 divina:
844 2108 936 2144 Scrip-

142 2150 211 2179 (ιιι-ιο
229 2151 330 2178 locutio
359 2151 404 2179 hic
421 2159 475 2179 non
492 2152 606 2187 patitur,
632 2154 679 2180 sed
699 2156 934 2189 causequentibus

143 2196 232 2229 factis,
249 2200 276 2224 et
289 2197 477 2232 progrediente
493 2198 629 2226 sermonis
642 2199 739 2226 ordine
755 2200 932 2235 symbolicatn

143 2242 289 2269 verborum
314 2242 541 2278 significationem
563 2244 700 2278 aperiens.
724 2244 852 2272 Profecto
872 2246 935 2274 licet

143 2296 198 2316 non
212 2289 300 2316 solum
324 2289 460 2324 praedictis
484 2289 574 2316 modis
596 2290 817 2318 stmulamentum
840 2299 937 2326 pugna:

141 2342 315 2370 cognoscere,
331 2335 378 2362 sed
393 2335 454 2362 aliis
467 2335 550 2362 etiam
564 2335 648 2363 multo
664 2336 709 2368 iis,
722 2337 770 2370 qui
784 2338 848 2365 dicti
862 2343 936 2371 sunt,

140 2381 277 2416 pluribus,
290 2388 409 2416 quorum
426 2381 562 2416 expositio
580 2385 663 2417 atque
685 2384 839 2417 percensio,
855 2392 938 2419 pecu-

139 2427 218 2455 tiaris
239 2427 393 2462 cujusdam,
418 2435 473 2454 non
502 2428 654 2463 prmsentis,
682 2430 854 2458 tractationis
881 2437 933 2458 est.

140 2472 211 2500 Nihil
229 2478 319 2500 tamen
343 2473 576 2508 vetatquominus
589 2473 695 2508 aliquot
707 2475 933 2511 perstringamus,

140 2520 188 2554 qui
201 2520 282 2547 etiam
300 2519 439 2547 nonnullis
455 2519 516 2546 aliis
527 2519 747 2547 dubitationibus
762 2522 827 2554 tuis,
838 2523 860 2549 si
872 2523 934 2557 quis

140 2575 196 2594 rem
215 2572 305 2594 tecum
324 2567 521 2600 considerabit,
540 2568 748 2602 responsionem
775 2571 935 2605 suppedita-

137 2613 219 2646 bunt.
231 2613 301 2640 Nam
318 2614 401 2640 multa
419 2621 525 2645 eorunl,
546 2621 607 2649 quae
628 2614 740 2642 minime
755 2615 824 2643 inter
836 2625 865 2644 se
880 2625 931 2652 pu-

139 2663 233 2694 gnant,
248 2659 271 2686 si
291 2660 390 2693 partim
407 2659 559 2686 secundum
584 2661 768 2688 (nconomiam
793 2662 929 2696 dicantur,

138 2703 236 2739 partim
253 2704 402 2732 secundum
413 2707 518 2732 natura:
530 2705 667 2738 ordinem,
683 2711 767 2742 tuque
779 2714 811 2734 ea
821 2708 933 2736 minimc

138 2750 291 2782 discernas,
301 2749 527 2778 contradictionis
537 2750 631 2779 fucum
643 2751 753 2780 facient.
765 2752 933 2782 (Economia

988 231 1056 266 ὲμοῦ
1074 232 1184 266 σφαγήν
1195 239 1201 245 ·
1219 231 1312 266 ἕψεται
1323 233 1432 266 πάντως
1442 234 1507 269 ὑμῖν
1522 235 1681 272 προθύμους
1697 236 1783 270 εἶναι,

987 278 1036 303 καὶ
1056 277 1089 304 τὸ
1102 277 1214 312 ἔσχατον
1227 278 1375 305 ἀποδοῦναι
1389 281 1575 316 περιῦόλαιον,
1597 283 1645 309 καὶ
1663 283 1784 316 ἀλλάξα-

988 322 1049 349 σθαι
1065 322 1115 358 τῆς
1128 322 1202 358 ζωῆς
1215 323 1261 350 τὸν
1277 324 1346 359 ὑπὲρ
1361 325 1429 360 ἐ.μοῦ
1460 326 1588 354 θάνατον.
1616 328 1701 355 Τοῦτο
1727 330 1784 365 γὰρ

988 368 1116 404 σημαίνοι
1135 368 1168 396 ἂν
1185 369 1240 396 τῶν
1262 370 1416 405 εἰρημένων
1443 373 1552 400 πάντων
1581 373 1784 410 εὖττοχώτερον

986 413 1017 440 τὸ
1041 413 1182 448 βαλάντιον
1201 414 1240 450 μὴ
1255 414 1338 450 ἔχειν,
1355 415 1402 443 καὶ
1428 417 1444 452 ἡ
1463 417 1510 443 τοῦ
1533 418 1643 452 ἱματίου
1669 421 1782 456 πρᾶσις,

987 459 1035 485 καὶ
1050 459 1067 493 ἡ
1084 459 1205 493 μάχαιρα
1220 467 1226 474 ·
1242 459 1344 486 ὡσανεὶ
1360 460 1426 487 ὅταν
1443 470 1496 497 περ
1510 463 1571 489 οὐδὲ
1592 463 1640 490 τοῦ
1665 465 1781 499 ἐσχάτου

987 505 1163 540 περιϐολαίου
1194 506 1209 532 ὁ
1227 505 1277 541 τὴν
1299 507 1349 541 τῆς
1378 507 1573 544 ἀκτημοσύνης
1596 509 1780 545 τελεσάμενος

988 552 1122 587 φείσεται,
1138 552 1206 580 ἀλλὰ
1221 555 1332 580 κακεῖνο
1350 554 1432 581 δώσει
1448 556 1546 590 χωρῶν
1566 556 1696 592 εὐθύμως
1711 559 1781 593 πρὸς

988 599 1135 634 μάχαιραν.
1149 599 1194 625 Διὸ
1210 600 1240 626 οὐ
1267 601 1445 634 πωλησάτω,
1471 602 1565 636 φησὶν,
1579 603 1640 630 οὐδὲ
1671 604 1782 638 dropa-

987 645 1079 678 σάτω,
1095 644 1162 671 ἀλλὰ
1179 645 1316 679 πωλήσει
1331 647 1377 673 καὶ
1402 647 1546 681 ἀγοράσει
1562 656 1569 663 '
1595 648 1654 684 ἅμα
1673 650 1723 684 μὲν
1750 651 1780 677 οὗ

987 691 1079 725 νόμον,
1095 690 1150 717 οὐδ’
1166 691 1307 725 ἐπίταγμα
1330 692 1365 717 τὰ
1381 692 1493 726 ῥήματα
1508 693 1603 725 ποιῶν,
1617 693 1677 728 ἄμα
1690 693 1719 721 δὲ
1735 695 1783 721 καὶ

986 736 1018 762 τὸ
1037 735 1134 770 μέλλον
1149 735 1345 771 προαγορεύων
1359 744 1366 751 ·
1379 734 1444 769 οἷον,
1459 738 1516 764 Οὐκ
1533 737 1683 770 ἐπιτάσσω,
1697 740 1778 774 φησὶ,

987 782 1067 808 τοῦτο
1081 781 1218 815 γένεσθαι,
1234 781 1291 808 ἀλλ’
1304 781 1382 813 εἰδὼς
1397 783 1427 808 τὸ
1441 783 1623 818 γενησόμενον
1639 785 1778 819 προλέγω,

987 828 1024 859 ὡς
1036 828 1053 863 ὴ
1070 827 1120 863 τῆς
1136 828 1248 861 ἐντολῆς
1263 827 1372 863 φυλακὴ
1393 829 1441 855 καὶ
1468 828 1498 855 τὺ
1515 829 1628 864 ἔσχατόν
1656 839 1708 857 που
1734 832 1783 858 καὶ

987 873 1059 910 μέγα
1075 874 1138 908 ύμῖν
1160 874 1369 910 προὺπογράιρει
1385 875 1552 910 κατόρθωμα
1570 883 1577 891 ·
1606 876 1698 912 ἐκείνη
1727 877 1783 912 γὰρ

985 921 1075 947 πείσει
1100 920 1145 947 καὶ
1157 920 1203 946 τδν
1217 920 1289 960 ὑπέρ
1315 919 1383 955 ἐμοῦ
1410 920 1525 947 θάνατον
1551 921 1638 957 ἡδέως
1662 922 1781 954 ἑλέσθαι,

983 966 1014 992 τὸ
1031 967 1122 1001 πάσης
1141 966 1213 1000 ὑμᾶς
1231 966 1360 1001 βιωτικῆς
1375 967 1533 999 ἐλευθέρους
1549 965 1619 994 εἶναι
1634 969 1783 1004 μερίμνης,

986 1011 1054 1046 πρὸς
1069 1011 1100 1038 τὸ
1125 1011 1207 1047 μηδὲν
1225 1011 1439 1047 ἐπιστρέφεσθαι
1470 1011 1524 1038 τῶν
1552 1012 1727 1046 σωματικῶν,
1753 1014 1783 1039 τὸ

984 1058 1074 1085 πάντα
1084 1057 1152 1093 πρὸς
1166 1058 1216 1094 τὴν
1230 1058 1300 1093 ἐμὴν
1310 1057 1457 1093 ἀναφέρειν
1471 1057 1629 1093 θεραπείαν.
1642 1058 1704 1085 Ὀτι
1714 1058 1742 1085 δὲ
1751 1060 1782 1085 οὔ

986 1103 1086 1138 μᾶλλον
1093 1102 1187 1138 ἑτέρου
1200 1103 1271 1136 τινὸς
1291 1103 1370 1139 χάριν
1385 1103 1434 1135 τὰς
1449 1103 1588 1138 μαχαίρας
1602 1103 1658 1130 6τὰ
1673 1104 1720 1130 ἀπ’
1731 1105 1783 1140 ἀρ-

984 1150 1035 1185 χῆς
1052 1150 1233 1185 προὸλήματα
1241 1150 1428 1185 φθεγγόμενος
1445 1151 1668 1184 αἰνιγματίζεται
1690 1150 1782 1185 λόγος,

984 1196 1001 1232 ἢ
1020 1195 1153 1232 σύμϐολον
1170 1195 1254 1228 αὑτὰς
1264 1197 1449 1232 πεποιημένος
1465 1196 1512 1223 τοῦ
1525 1205 1554 1223 τε
1563 1197 1663 1224 οἰκείου
1678 1197 1783 1229 πάθους

985 1242 1032 1269 καὶ
1047 1241 1101 1268 τῶν
1120 1241 1260 1277 μαθητῶν,
1278 1241 1371 1276 σαφῶς
1386 1241 1656 1274 ἁναπτύσσεταιττοῖς
1670 1242 1781 1278 ἐφεξῆς.

990 1287 1231 1324 Ἀποκριναμένων
1250 1288 1305 1323 γὰρ
1314 1288 1368 1314 τῶν
1385 1287 1516 1323 μαθητῶν
1531 1288 1569 1320 ὡς
1584 1288 1719 1323 μάχαιραι
1735 1289 1783 1315 δύο

986 1334 1067 1367 εἰσὶν,
1084 1333 1141 1360 οὔθ’
1160 1334 1255 1368 ἔτερόν
1266 1342 1292 1360 τι
1323 1333 1521 1369 προσαπῄτησε
1533 1333 1598 1369 παρ’
1612 1334 1711 1365 αὐτῶν,
1727 1331 1784 1360 οἷον

988 1380 1098 1415 ἱμάτιον
1115 1379 1251 1414 πωλῆσαι,
1266 1379 1282 1415 ἢ
1296 1381 1351 1411 τοῖς
1360 1379 1451 1415 ἔχουσι
1461 1380 1491 1406 τὺ
1503 1380 1654 1414 βαλάντιον,
1668 1381 1692 1407 ει
1706 1380 1753 1407 καὶ
1765 1380 1784 1416 ἡ

987 1426 1063 1460 πήρα
1078 1425 1290 1461 προσείληπται,
1311 1424 1372 1451 οὗτε
1390 1425 1459 1461 πρὸς
1479 1425 1563 1461 ἀλλην
1578 1425 1699 1452 διάνοιαν
1717 1434 1785 1460 μετ-

987 1471 1124 1503 εϐίϐασεν,
1139 1471 1197 1498 ἀλλ’
1221 1472 1324 1498 Ἱκανόν
1339 1472 1408 1504 ὲττι,
1439 1472 1524 1507 φησίν
1537 1480 1544 1487 ·
1559 1471 1619 1498 ἀντὶ
1640 1471 1688 1498 τοῦ
1704 1480 1786 1507 περι-

989 1518 1098 1553 εγράφη
1117 1519 1173 1549 τοῖς
1187 1525 1217 1543 συ
1223 1517 1332 1552 μῦὁλοις
1343 1517 1373 1544 τὺ
1384 1517 1618 1552 μηνυόμενον,καὶ
1627 1517 1785 1553 ἀρκούντως

988 1564 1044 1599 ἔχει
1058 1564 1235 1599 παραστῆσαι
1248 1563 1336 1591 ταῦτα
1349 1564 1394 1590 τὸν
1409 1564 1522 1590 σκοπόν.
1540 1564 1574 1591 At
1597 1563 1652 1599 γὰρ
1667 1563 1715 1590 δύο
1729 1564 1783 1599 μά-

987 1618 1081 1645 χαιραι
1095 1609 1143 1644 τὴν
1163 1610 1259 1645 χρείαν
1273 1610 1340 1645 ὅλην
1356 1610 1556 1645 ὑπογράφουσι,
1572 1608 1619 1636 καὶ
1647 1610 1695 1637 τοῦ
1713 1619 1784 1645 συμ-

987 1656 1066 1682 ϐόλου
1080 1656 1111 1682 τὸ
1131 1655 1255 1691 βούλημα
1269 1655 1458 1690 διαγγέλλουσι
1472 1664 1480 1671 ·
1501 1656 1549 1683 καὶ
1564 1656 1619 1690 γὰρ
1648 1656 1752 1684 τούτων
1767 1657 1785 1693 ἠ

988 1703 1038 1734 μὲν
1053 1702 1213 1737 παραῦολὴν
1230 1702 1324 1737 ἐπεῖχε
1339 1702 1386 1728 τοῦ
1401 1702 1564 1729 δεσποτικοῦ
1590 1703 1706 1734 πάθους,
1724 1704 1741 1738 ἠ
1753 1704 1782 1729 δὲ

986 1747 1041 1775 τῶν
1062 1748 1183 1783 γνησίων
1202 1756 1232 1774 τε
1246 1749 1293 1775 καὶ
1307 1748 1345 1780 ὡς
1361 1748 1471 1783 ἀληθῶς
1485 1748 1531 1775 τοῦ
1554 1748 1633 1782 λόγον
1652 1748 1784 1784 μαθητῶν

986 1792 1027 1826 οἷς
1042 1793 1150 1821 ἅπαντα
1161 1794 1210 1829 τῆς
1218 1795 1257 1825 εις
1269 1793 1300 1820 τὸ
1310 1794 1448 1829 Δεσπότην
1456 1794 1562 1826 εὐνοίας
1571 1794 1784 1829 ἀλλασσομένοις

987 1841 1035 1867 καὶ
1047 1839 1117 1875 αὺτὴ
1124 1840 1380 1876 προσαποδεύεταιή
1396 1840 1540 1868 τελευταία
1559 1841 1690 1876 περιϐολή
1706 1849 1713 1857 ³
1734 1850 1785 1876 γυ-

990 1888 1052 1922 μνοὶ
1065 1887 1096 1914 δὲ
1109 1888 1165 1914 τῶν
1182 1887 1341 1922 περιγείων,
1356 1886 1425 1913 ἀλλὰ
1442 1887 1489 1914 καὶ
1502 1887 1585 1922 αὐτῆς
1599 1887 1647 1923 τῆς
1664 1887 1783 1922 φύσεως,

986 1933 1128 1968 χαίροντες
1143 1932 1261 1968 ἔδραμον
1278 1933 1345 1968 πρὸς
1368 1931 1428 1967 τὴν,
1440 1932 1504 1959 ὃταν
1533 1933 1547 1959 ὁ
1569 1932 1663 1968 καιρὸς
1690 1932 1785 1959 ἐκάλει

985 1978 1049 2009 τοὺς
1069 1977 1199 2013 ἀθλητὰς,
1216 1978 1286 2013 ὑπὲρ
1301 1977 1348 2004 τοῦ
1372 1977 1540 2012 ποθουμένου
1559 1978 1675 2012 σφαγήν.

1023 2023 1064 2049 ιδ’.
1085 2023 1168 2050 Ἀλλὰ
1183 2023 1314 2058 τοιαύτην
1331 2022 1381 2059 μὲν
1396 2023 1443 2050 καὶ
1457 2023 1473 2058 ἡ
1491 2022 1539 2049 νῦν
1550 2023 1603 2050 τῶν
1619 2023 1710 2058 ῥητῶν
1733 2023 1784 2057 τὴν

986 2068 1148 2104 συμφωνίαν
1161 2068 1292 2096 δεικνῦσα
1305 2068 1417 2104 θεωρία,
1433 2069 1466 2104 τῇ
1477 2068 1527 2103 μὲν
1545 2069 1600 2096 τῶν
1627 2069 1785 2103 προσώπων

986 2115 1016 2141 οὺ
1044 2115 1207 2150 χρησαμένη
1219 2114 1347 2150 διαφορᾷ,
1361 2116 1403 2141 ὅτι
1419 2115 1481 2149 μηδ’
1492 2114 1628 2150 ἐπέτρεπε
1641 2113 1724 2141 τοῦτο
1733 2116 1785 2149 τῆς

987 2161 1062 2195 ἱερᾶς
1078 2160 1189 2196 Γραφῆς
1200 2161 1217 2196 ή
1230 2160 1318 2196 φωνὴ,
1346 2161 1392 2188 ὑπ’
1405 2161 1495 2188 αὐτῶν
1514 2161 1543 2187 δὲ
1554 2160 1608 2187 τῶν
1633 2161 1785 2196 ἐκϐεϐηκό-

985 2214 1039 2232 των
1059 2206 1230 2241 πραγμάτων
1248 2206 1296 2232 καὶ
1320 2206 1370 2241 τῆς
1398 2206 1459 2233 καθ’
1472 2206 1569 2242 εἱρμὸν
1592 2207 1707 2242 προόδου
1734 2207 1784 2233 τοῦ

985 2252 1066 2286 λόγου
1085 2253 1136 2286 τὴν
1147 2252 1314 2288 συμϐολικὴν
1327 2252 1382 2279 τῶν
1403 2253 1535 2289 ῥημάτων
1551 2253 1690 2288 σημασίαν
1715 2255 1784 2281 ἁνα-

991 2297 1162 2325 πτύσσουσα.
1180 2298 1259 2324 Ἔστι
1283 2298 1332 2334 μὲν
1352 2296 1410 2332 οὖν,
1436 2298 1508 2325 ἔστιν
1523 2299 1553 2325 οὐ
1567 2299 1638 2326 κατὰ
1654 2300 1718 2331 τοὺς
1746 2300 1784 2325 εί-

987 2343 1122 2378 ρημένους
1140 2343 1221 2378 μόνον
1237 2344 1358 2379 τρόπους
1379 2345 1429 2380 τὴν
1446 2345 1597 2379 φαντασίαν
1610 2344 1662 2380 τῆς
1690 2345 1782 2380 μάχης

986 2388 1150 2415 ἀπαντῶσαν
1164 2389 1270 2422 λαϐεῖν,
1289 2389 1358 2417 ἀλλὰ
1375 2390 1423 2417 καὶ
1437 2392 1497 2417 κατ’
1512 2390 1611 2422 ἄλλους
1626 2390 1717 2426 πολλῷ
1727 2391 1783 2418 τῶν

985 2435 1138 2471 εἰρημένων
1152 2436 1289 2469 πλείονας,
1316 2433 1353 2464 ὧν
1366 2437 1383 2472 ἡ
1401 2437 1572 2472 στοιχείωσις
1600 2437 1647 2463 καὶ
1680 2445 1783 2471 συγκεο

985 2481 1138 2515 φαλαίωσις
1153 2481 1321 2518 ίδιαξούσης,
1345 2483 1402 2510 ἀλλ’
1417 2483 1479 2518 οὐχὶ
1500 2483 1551 2518 τῆς
1566 2483 1614 2509 νῦν
1626 2484 1700 2510 ἐστιν
1714 2484 1782 2510 ὑπο-

986 2528 1096 2560 θέσεως.
1112 2529 1187 2564 Πλὴν
1199 2529 1276 2556 οὐδὲν
1296 2529 1397 2557 κωλύει
1422 2529 1469 2557 καί
1496 2538 1573 2562 τινας
1592 2530 1682 2556 αὐτῶν
1710 2530 1782 2557 διελς

986 2573 1053 2606 θεῖν,
1071 2574 1096 2601 οἳ
1109 2575 1156 2602 καὶ
1175 2576 1244 2611 πρὸς
1263 2575 1332 2603 ἄλλα
1347 2576 1410 2603 τινὰ
1425 2576 1480 2603 τῶν
1506 2576 1562 2603 σῶν
1593 2576 1782 2612 ἀπορημὰτων

984 2621 1041 2651 τοῖς
1060 2621 1292 2648 συνεπισκοποῦσι
1309 2622 1392 2657 πόρον
1407 2622 1583 2658 παρέχονται.
1614 2622 1703 2649 Πολλὰ
1732 2623 1782 2657 μὲν

985 2665 1040 2701 γὰρ
1052 2665 1107 2692 τῶν
1122 2667 1152 2693 οὺ
1171 2668 1343 2702 μαχομένων,
1357 2667 1390 2695 ἂν
1402 2668 1433 2695 τὸ
1447 2669 1497 2703 μὲν
1508 2669 1650 2704 οἰκονομία
1661 2669 1740 2706 λέγῃ.
1751 2669 1782 2696 τὸ

986 2711 1015 2738 δὲ
1031 2711 1080 2747 τῆς
1099 2712 1208 2746 φύσεως
1227 2713 1257 2740 τὸ
1271 2714 1433 2746 ἀκόλουθον,
1448 2716 1481 2742 σὺ
1498 2715 1526 2743 δὲ
1559 2715 1596 2750 μὴ
1614 2714 1781 2753 διαστείλῃς,

988 2756 1092 2792 πλάνην
1108 2760 1181 2785 ποιεῖ
1209 2759 1374 2791 ἀντιθέσεως
1397 2760 1538 2796 οἰκονομία
1554 2761 1610 2796 (ιο)
1639 2760 1667 2788 δὲ
1681 2760 1783 2800 λέγοιτ’

174 2841 232 2880 (10)
247 2842 284 2872 De
300 2843 352 2872 hoc
363 2850 443 2872 sacro
461 2843 592 2872 vocabulo
612 2844 716 2872 multus
738 2850 778 2873 est
805 2801 950 2874 Suicerf?
958 2802 1147 2881 flauaura,
1160 2857 1242 2884 quem
1258 2858 1322 2878 cum
1338 2850 1429 2879 fructu
1441 2852 1540 2880 adibis.
