1881 3077
101 119 138 151 65
663 121 712 150 AD
724 119 1020 150 AMPHILOCHIUM
1034 121 1206 156 QUIES’I’lO
1222 122 1242 152 Ι.
1701 125 1736 157 ϐὶῖ

99 178 131 204 ἂν
146 175 252 212 κυρίως
272 175 321 211 μὲν
337 177 354 211 ἠ
371 176 419 203 τοῦ
444 177 532 211 Λόγου
554 177 685 212 φρικτικὴ
707 175 778 210 ὑπὲρ
793 175 862 201 ἐννοί

966 182 1015 202 ero
1039 175 1227 210 principaliter
1249 177 1350 205 dicitur
1381 178 1461 207 Verbi
1480 180 1634 210 incarnatio
1654 192 1737 219 supra

99 222 317 257 ὲνανθρώπησις.
331 222 386 249 Καὶ
398 222 460 249 καθ’
472 222 564 258 ἕτερον
581 222 609 249 δὲ
624 222 725 256 τρόπον
747 220 801 247 τῶν
813 221 893 255 ἀκρι-

97 268 234 302 ϐεστέρων
249 267 339 302 νόμων
353 269 370 302 ή
387 267 431 294 ὲπί
441 275 502 294 τινα
515 268 612 303 χρόνον
634 266 768 301 ὐποστολὴ
780 266 796 301 ἢ
809 265 890 300 σχολὴ

97 314 112 347 ἦ
131 312 190 339 τῶν
205 313 358 347 ἀνειμένων
373 313 489 348 εἰσφορὰ
504 313 571 349 πρὸς
583 313 633 347 τὴν
660 312 715 338 τῶν
737 312 890 346 δεχομένων

96 358 252 389 ἀσθένειαν.
267 359 498 394 ὃιοικονομοῦντος
514 359 560 385 τοῦ
588 358 734 393 νομοθέτου
751 357 780 383 τὸ
805 357 892 392 πρόσ-

96 412 201 438 ταγμα.
216 404 412 439 Προκύπτονσι
424 404 452 430 δὲ
468 404 517 438 τῆς
534 403 646 438 πρώτης
660 401 828 436 οἰκονομίας,
850 401 891 427 ού-

95 450 121 475 ὂὲ
137 450 187 483 τῆς
210 449 339 484 δευτέρας
356 449 472 484 ὲχούσης
489 449 518 475 τὸ
544 448 707 483 ἀδιαίρετον,
737 448 784 473 καὶ
815 446 890 473 ἄλλοι

96 494 191 529 τρόποι
205 494 339 529 διάφοροι.
365 494 470 521 Αὐτίκα
498 495 512 520 ὁ
529 494 624 529 Σωτὴρ
650 493 755 528 ἠγωνία
784 501 814 518 τε
841 492 889 518 καὶ

97 540 245 574 παρῃτεῖτο
271 539 318 565 τὸν
330 539 456 571 θάνατον,
481 539 550 570 ἀλλὰ
563 539 610 565 καὶ.
626 538 749 570 ἐξουσίαν
760 535 817 572 εἶχε
833 537 888 563 θεῖ-

95 594 138 612 ναι
150 586 202 620 τὴν
220 585 311 621 ψυχὴν
322 585 405 612 αὑτοῦ
423 585 471 612 καὶ
485 585 567 611 πάλιν
593 585 686 611 λαϐεῖν
706 584 803 619 αὑτήν.
832 582 887 610 Καὶ

95 634 143 669 ὅρα
164 634 214 665 ὡς,
229 634 256 660 ετ
268 642 309 665 τις
325 633 362 668 μὴ
378 633 409 660 τὸ
425 633 475 668 μὲν
497 634 531 668 τῇ
543 632 686 667 οἰκονομίᾳ
709 631 778 667 δοίη,
797 631 831 658 τὰ
857 631 886 657 δὲ

95 680 126 714 τῇ
140 679 252 714 ἐξουσίᾳ
271 680 304 713 τῇ
317 678 406 713 eam,
419 678 516 705 ἑαυτὸν
533 679 592 709 τοῖς
606 678 740 709 ἐναντίοις
757 676 885 712 περιτρι-

93 725 162 758 ψειε.
181 725 237 752 Καὶ
252 725 283 751 τό
299 733 333 758 γε
361 724 408 750 νῦν
425 725 476 759 τῆς
497 723 653 759 οἰκονομίας
671 723 757 758 ὄνομα
785 722 884 757 φύεται

95 771 154 804 μὲν,
169 770 265 805 ὥσπερ
281 771 401 805 εἴρηται,
416 771 470 797 ἀπό
483 778 515 804 γε
529 771 578 805 τῆς
593 770 727 806 δηλούσης
742 769 794 804 τὴν
804 770 882 796 ὲναν-

94 817 245 851 θρὼπησιν,
255 817 318 851 ἣτις
327 817 374 843 καί
387 816 490 851 κυρίως
503 815 537 842 ἃν
553 815 600 842 καὶ
612 814 728 850 πρώτως
740 814 881 850 οἰκονομία

945 228 1053 248 omnem
1062 221 1268 256 intelligentiam
1278 225 1458 252 admirabilis.
1473 225 1580 254 llursus
1587 229 1642 256 alio
1655 232 1736 259 modo

944 266 1097 293 (economia
1110 267 1267 302 intelligitur
1281 270 1367 296 severi
1381 271 1452 305 juris
1463 271 1497 298 ad
1508 277 1612 300 certum
1629 279 1736 310 tempus

943 312 1072 340 remissio
1089 313 1314 349 alqncjustitium
1326 325 1334 349 ;
1345 317 1385 343 vel
1401 318 1483 344 etiam
1496 318 1659 347 immuninm
1670 315 1747 356 pen-1

942 358 1035 386 sitatio
1047 364 1158 394 propter
1169 367 1258 395 aegros
1272 362 1460 396 recipientium
1474 365 1581 393 animos
1598 363 1731 401 ιιι-πεύκης

941 402 981 430 sic
994 403 1119 430 videlicet
1132 404 1286 439 legislature
1298 407 1454 434 mandatum
1467 416 1547 436 suum
1558 411 1729 439 moderante.

940 448 1083 476 Exsistunt
1099 454 1190 477 autem
1207 459 1222 478 e
1237 452 1329 486 priore
1343 454 1498 481 oeconomia
1524 455 1625 491 (neque
1642 462 1735 491 poste-

940 494 997 521 rior
1015 494 1071 529 ipsa
1087 495 1229 530 abhorret)
1242 497 1289 524 alii
1305 505 1416 532 quoque
1427 500 1501 526 modi
1516 499 1618 534 plures.
1634 495 1733 529 Eitem-

938 539 974 575 pli
988 546 1082 571 causa,
1094 539 1224 568 Servator
1238 541 1265 568 in
1281 543 1376 578 agonia
1387 544 1492 578 positus
1508 550 1622 572 mortem
1637 547 1734 582 depre-

938 583 1052 613 cabatur
1061 584 1081 611 ⁸.
1095 584 1178 619 Atqui
1192 586 1261 613 idem
1274 593 1432 621 potestatem
1448 589 1566 616 habebat
1582 590 1732 625 deponendi

937 628 1067 659 animam.
1092 633 1175 664 atque
1200 630 1298 658 iterum
1327 633 1452 660 sumendi
1485 641 1546 661 eam
1566 635 1586 661 '.
1606 634 1733 668 Coristat,

936 675 990 701 nisi
1032 676 1094 711 quis
1137 677 1215 712 prius
1267 678 1336 706 illud
1381 680 1543 706 (economize
1592 681 1731 715 ascribat.

935 721 1051 749 alterum
1087 731 1153 751 vero
1179 724 1278 752 divina:
1309 726 1448 759 potestati,
1474 725 1562 760 ipsum
1594 735 1624 754 se
1663 736 1731 757 con—

935 767 1141 797 tradictionibus
1181 770 1397 804 implicatur-um.
1435 770 1467 798 Et
1504 771 1557 800 hoc
1579 773 1640 800 loco
1668 775 1731 809 qui-

933 812 992 839 dem
1018 815 1179 842 (economiae
1204 816 1315 842 nomine
1338 816 1508 851 intelligitur,
1537 821 1566 844 ut
1595 817 1726 848 diximus.

92 863 129 896 τῷ
141 861 277 897 ἀξιώματί
296 871 327 889 τε
338 863 385 889 καὶ
401 862 440 897 τῷ
456 862 536 896 αἰτίῳ
547 861 598 896 τῆς
617 861 646 894 ἐξ
663 860 749 896 αὐτῆς
765 860 865 894 λέγοιτ(

964 860 1096 892 carnatio,
1121 868 1182 895 qua:
1216 863 1351 896 praecipue
1382 863 1566 898 primitusque
1597 865 1632 892 ob
1670 865 1729 900 dig-

92 907 122 932 οὑ
138 906 190 941 μὴν
203 907 243 938 εἰς
257 907 318 933 ὅλον
335 906 428 942 ἐκείνῃ
443 905 614 940 συμφύεται·
637 904 760 940 σχίζεται
773 904 828 938 γὰρ
845 903 886 934 είς

91 952 137 978 δύο
153 953 223 983 τέως
239 952 287 979 καὶ
305 951 393 987 αὕτη·
415 951 508 979 καὶτὸ
525 951 574 982 μὲν
593 951 679 986 αὐτῆς
700 950 747 976 ἐπὶ
772 949 883 985 μᾶλλον,

91 997 121 1024 τὸ
139 997 168 1023 δὲ
185 997 231 1024 ἐπ’
245 997 356 1025 ἔλαττον
372 998 412 1033 τῷ
447 997 641 1032 σημαινομένῳ
672 995 882 1030 συμϐιὸάζεται.

92 1043 119 1069 Εἰ
137 1043 186 1077 μὲν
203 1044 258 1079 γάρ
272 1052 314 1075 τις
333 1044 383 1079 τὴν
402 1043 523 1078 ἀγωνίαν
547 1043 596 1069 καὶ
615 1043 666 1077 τὴν
683 1041 731 1068 τοῦ
767 1041 884 1068 θανάτου

92 1090 256 1124 παραίτησιν
271 1090 332 1116 καθ’
349 1090 363 1116 ὃ
379 1091 490 1124 γέγονεν
506 1089 649 1125 ἄνθρωπος
667 1088 759 1115 λαὸετν
789 1087 885 1122 ἐθελή-

90 1142 139 1166 σοι,
159 1135 318 1168 οἰκονομίαν
334 1134 452 1162 ἐνταῦθα
464 1135 514 1170 τὴν
537 1134 638 1169 μᾶλλον
671 1133 883 1169 προσφυομένην

89 1179 142 1211 ἕξει
158 1179 198 1214 τῷ
212 1180 395 1215 προταχθέντι
410 1181 530 1216 ρήματι¹
547 1181 572 1207 εἰ
584 1180 606 1206 δ’
619 1180 739 1215 ἁγωνιᾷν
750 1180 797 1205 καὶ
813 1187 882 1214 παρ-

90 1225 223 1252 αιτεῖσθαι
239 1226 285 1252 τὸν
302 1226 429 1257 θάνατον,
446 1226 496 1253 οὐκ
510 1226 576 1253 αὐτὸ
593 1225 672 1253 τοῦτο
686 1225 754 1252 διότι
770 1226 882 1260 γέγονεν

89 1272 232 1306 ἄνθρωπός
248 1281 291 1304 τις
312 1272 444 1299 ὑπολάϐοι
459 1272 578 1307 (πολλοῖς
596 1273 650 1308 γὰρ
663 1273 709 1299 καὶ
724 1272 779 1299 τῶν
808 1281 880 1307 μαρ-

89 1320 175 1355 τύρων
190 1321 239 1346 καὶ
252 1320 380 1355 ἀσκητῶν
390 1320 513 1352 ἑκούσιος
521 1320 593 1354 ὁρμὴ
604 1320 651 1346 καὶ
667 1319 739 1355 χαρὰ
749 1319 818 1354 πρὸς
832 1319 879 1346 τὸν

89 1366 226 1398 θάνατον),
235 1366 294 1392 ἀλλ’
304 1366 504 1401 οἰκονομεῖσθαι
519 1366 565 1392 νῦν
581 1367 631 1402 τὴν
645 1366 765 1401 ἀγωνίαν
776 1366 822 1392 καὶ
831 1365 880 1399 τὴν

88 1411 133 1438 τοῦ
148 1411 267 1438 Θανάτου
287 1411 452 1446 παραίτησιν
469 1413 508 1441 εἰς
524 1411 670 1446 βεϐαίωσιν
680 1411 730 1447 μὲν
740 1411 789 1446 τῆς
803 1411 880 1437 ἐναν-

90 1456 267 1492 θρωπήσεως,
284 1457 394 1491 ἔλεγχον
408 1457 438 1483 δὲ
465 1457 602 1491 φθάνοντα
616 1456 671 1483 τῶν
701 1455 878 1490 ὑποθεμένων

89 1502 239 1535 φαντασίαν
251 1502 281 1528 τὺ
294 1503 407 1538 φρικτὸν
422 1503 472 1537 τῆς
485 1503 721 1538 ἐνανθρωπήσεως
731 1503 778 1529 καὶ
789 1502 877 1537 παραυ

87 1547 170 1580 δοξον,
185 1548 236 1583 τὴν
248 1547 292 1574 ἐπ’
304 1548 414 1574 ἔλαττον
430 1545 508 1580 οὗτος
517 1548 725 1583 συναπτομένην
740 1548 791 1582 τῆς
805 1548 878 1574 οἱκο-

91 1594 182 1627 νομίας
209 1594 304 1629 φωνὴν
329 1593 398 1630 πρὸς
433 1594 485 1629 τὴν
510 1594 561 1629 τῆς
589 1594 679 1629 μάχης
697 1593 774 1620 λύσιν
799 1591 880 1628 εὗρεν

90 1639 236 1674 ἐπίκουρον
246 1647 255 1655 ·
274 1639 345 1675 πλὴν
359 1639 417 1666 ἀλλ’
432 1639 510 1666 οὐδὲν
524 1639 636 1666 ἔλαττον
664 1638 835 1674 ἑκατέρωθεν
860 1640 877 1674 ἠ

92 1685 224 1721 φαντασία
241 1684 293 1720 τῆς
314 1685 406 1722 μάχης
422 1685 576 1713 ἐλαύνεται.

121 1833 160 1856 ιε’.
180 1829 242 1856 Εἰσὶ
258 1829 287 1856 δὲ
301 1829 349 1856 καὶ
366 1829 443 1865 παρὰ
456 1828 565 1860 τούτοις
581 1828 737 1863 οἰκονομίας
759 1828 878 1863 διάφορα

90 1875 135 1909 μὲν
149 1875 350 1911 σημαινόμενα,
364 1875 414 1910 τῆς
431 1874 519 1909 αὐτῆς
533 1874 555 1900 δ’
574 1875 649 1909 ὅμως
663 1873 782 1909 λαχόντα
800 1873 877 1907 γενέ-

90 1930 162 1954 σεως,
180 1921 253 1956 πλὴν
269 1921 339 1948 ἀλλά
351 1929 384 1955 γε
401 1921 448 1948 νῦν
463 1921 549 1957 μυρία
573 1921 623 1956 μὲν
651 1919 698 1947 καὶ
724 1919 793 1947 ἄλλα
820 1919 876 1947 τῶν

88 1969 124 1999 ei;
136 1969 253 2003 ἀπορίαν
268 1967 493 2004 ἀναφερομένων,
509 1969 544 2002 τῇ
558 1966 698 2002 ἐπικρίσει
709 1974 739 1992 τε
755 1966 802 1993 καὶ
816 1966 875 1992 δια-

87 2014 160 2048 λήψει
178 2013 227 2040 τοῦ
241 2014 290 2048 τὴν
307 2014 409 2048 κυρίως
424 2012 732 2048 οἰκονομίανδηλοῡντος
742 2012 876 2048 ὀνόματος

87 2061 100 2095 ἡ
117 2060 192 2092 λύσις
207 2060 315 2087 ἐκεῖθεν
329 2060 398 2095 πρὸς
413 2059 444 2086 τὸ
462 2059 547 2093 σαφὲς
567 2059 629 2093 ἄγει
641 2068 648 2075 ·
671 2058 822 2091 ἐπιλύσεως
844 2059 874 2086 δὲ

83 2107 156 2134 οὐδὲν
170 2107 283 2133 ἔλαττον
297 2106 341 2133 διὰ
354 2106 457 2141 ταύτης
473 2106 551 2141 τύχοι
567 2106 600 2132 ἂν
620 2105 636 2140 ἦ
664 2105 698 2132 δι’
714 2105 797 2140 ἄλλης
826 2106 873 2140 ιφ-

83 2153 140 2180 6δου
156 2154 203 2180 καὶ
217 2153 259 2184 se,
273 2162 283 2178 ι
299 2152 333 2180 Τί
349 2161 382 2188 με
397 2153 505 2187 ζητεῖτε
517 2152 678 2178 ἀποκτεῖναι
690 2151 834 2186 ἄνθρωπον
843 2151 873 2182 ὃς

936 903 1048 931 nitatem
1066 913 1143 932 suam
1158 911 1186 933 et
1196 906 1368 934 eﬂicientiam
1385 909 1482 934 merito
1495 908 1595 936 dicitur
1610 917 1728 938 (ecouo-

936 950 1002 977 mia.
1016 949 1111 986 Neque
1127 956 1218 979 tamen
1240 952 1400 987 praedictum
1424 961 1524 981 nomen
1548 955 1575 982 in
1600 955 1651 983 hac
1675 964 1727 983 una

935 996 1046 1024 notione
1067 998 1203 1025 consistit.
1225 997 1294 1026 Nam
1310 1003 1337 1026 et
1361 999 1419 1034 ipsa
1442 1000 1518 1027 notio
1539 1000 1676 1028 interdum
1699 1001 1727 1029 in

934 1041 1003 1070 duas
1018 1042 1171 1076 scinditur;
1188 1051 1305 1078 quarum
1322 1044 1408 1072 altera
1420 1045 1517 1080 magis,
1534 1046 1619 1073 altera
1634 1047 1726 1074 minus

934 1093 997 1114 cum
1023 1095 1052 1114 re
1070 1088 1206 1116 intellecta
1218 1090 1355 1124 congruit.
1379 1089 1446 1117 Nam
1471 1091 1494 1118 si
1510 1091 1574 1126 quis
1596 1092 1724 1127 agoniam

934 1133 1085 1168 mortisque
1101 1134 1320 1168 deprecationem
1338 1140 1474 1170 quatenus
1497 1137 1580 1164 homo
1605 1141 1666 1165 erat
1681 1137 1725 1165 in-

939 1178 1061 1213 telligt're
1091 1179 1174 1212 volet,
1201 1180 1224 1206 is
1247 1182 1426 1208 teconomiam
1446 1182 1591 1217 praeposito
1613 1184 1726 1211 nomine

932 1224 1052 1250 maxime
1075 1224 1187 1260 dignam
1215 1225 1327 1253 habebit
1349 1235 1356 1253 :
1386 1227 1429 1254 sin
1457 1228 1595 1262 agoniamj
1616 1229 1672 1263 pati
1696 1235 1726 1257 et

932 1273 1050 1296 mortem
1068 1269 1220 1302 deprecari,
1243 1269 1316 1297 haud
1333 1278 1348 1297 a
1364 1270 1467 1299 Christi
1487 1272 1659 1301 humanitate
1680 1281 1725 1301 re-

931 1320 1004 1350 petet
1020 1318 1175 1351 (propterea
1193 1318 1265 1351 quod
1279 1318 1356 1345 multi
1374 1323 1508 1355 martyres
1517 1321 1725 1355 piiqueathletaa

931 1365 1029 1396 sponte
1051 1366 1133 1396 atque
1156 1363 1285 1390 alacriter
1301 1364 1335 1391 ad
1357 1372 1451 1392 necem
1471 1370 1723 1402 properaverunt);

929 1414 1025 1435 verum
1053 1407 1156 1435 idcirco
1177 1409 1298 1444 positum
1323 1419 1384 1438 esse
1406 1411 1432 1438 in
1455 1413 1553 1446 agonia
1573 1413 1667 1442 Jcsum
1697 1420 1725 1443 et

929 1453 1027 1480 mortis
1041 1453 1132 1489 fugam
1149 1455 1315 1489 appetivisse
1327 1456 1474 1492 judicabit,
1499 1463 1528 1486 ut
1541 1459 1723 1489 humanitatis

930 1506 986 1528 suae
1003 1499 1082 1526 [idem
1096 1499 1207 1533 faceret,
1223 1506 1305 1536 atque
1322 1507 1352 1529 ut
1373 1502 1399 1530 in
1421 1508 1596 1532 antecessum
1611 1514 1660 1534 eos
1677 1515 1723 1534 re-

931 1543 1046 1576 felleret,
1060 1545 1106 1580 qui
1123 1545 1284 1574 admirabile
1299 1551 1380 1582 atque
1392 1548 1535 1584 inopinum
1557 1550 1724 1580 incarnatio-

930 1589 973 1617 nis
987 1596 1057 1623 opus
1074 1589 1226 1624 phantasia:
1237 1592 1384 1631 ascripturi
1409 1599 1508 1628 erant;
1521 1596 1581 1630 qui,
1597 1596 1722 1631 inquam.

929 1635 970 1662 sic
983 1636 1151 1670 opinabitur,
1166 1637 1190 1665 is
1201 1629 1363 1667 mcutioiniaa
1377 1641 1721 1670 vocabulmu-secuudario

928 1687 1011 1708 sensu
1028 1682 1063 1709 ad
1084 1686 1274 1718 repugnantia:
1299 1685 1521 1714 conciliationem
1544 1689 1719 1717 auxiliarium

928 1727 1056 1755 habebit:
1067 1736 1146 1764 atque
1157 1734 1248 1758 tamen
1260 1730 1388 1767 utrinque
1406 1733 1532 1761 siumiata
1542 1736 1721 1771 repugnantia

926 1773 1083 1807 expellitur.

964 1819 1008 1846 l5.
1027 1820 1097 1847 Sunt
1112 1826 1203 1849 autem
1216 1827 1314 1856 przeter
1330 1823 1381 1851 has
1395 1823 1456 1851 alite
1471 1832 1583 1861 quoque
1595 1831 1622 1853 et
1635 1828 1720 1855 vari-.e

926 1866 1052 1893 vocabuli
1072 1868 1234 1895 oeconomiae
1250 1869 1475 1904 signiﬁcationes,
1493 1879 1555 1906 qua:
1576 1876 1668 1900 tamen
1685 1874 1721 1901 ab

926 1911 1021 1938 eadem
1038 1912 1146 1947 origine
1158 1918 1279 1941 manant.
1296 1913 1420 1950 Denique
1434 1916 1487 1943 alia
1504 1917 1649 1946 innumera
1658 1927 1720 1955 quae

926 1957 960 1983 ad
977 1956 1158 1986 dubitandum
1173 1959 1295 1993 trahunt,
1316 1960 1422 1995 judicio
1432 1966 1460 1990 et
1473 1962 1642 1991 discretione
1665 1973 1716 1993 no-

926 2003 1010 2031 minis
1031 2004 1105 2039 quod
1124 2005 1311 2040 principaliter
1333 2007 1552 2036 incarnationem
1570 2010 1717 2045 signiﬁcat,

924 2050 1137 2078 declarationem
1167 2053 1339 2087 perspicuam
1355 2059 1574 2090 consequuntur.
1600 2055 1635 2084 Et
1666 2058 1718 2086 hac

924 2095 1038 2129 quidem
1054 2097 1174 2130 ratione,
1188 2098 1276 2126 nihilo
1289 2099 1379 2128 secius
1395 2108 1477 2134 quam
1489 2101 1553 2135 alia,
1572 2103 1717 2132 solutionis

923 2146 1063 2176 compotes
1080 2142 1139 2169 lleri
1157 2143 1233 2171 licet.
1255 2143 1344 2173 Veluti
1362 2146 1388 2172 in
1404 2146 1456 2174 hoc
1472 2146 1552 2175 loco:
1573 2156 1584 2174 ‹
1599 2148 1655 2176 Cur
1672 2157 1717 2178 me

83 2200 130 2232 τὴν
144 2198 276 2233 ἀλήθειαν
295 2197 432 2231 λελάληκα
446 2198 531 2232 ὑμῖνς
549 2206 558 2222 ι
588 2196 647 2227 καὶ,
664 2205 673 2222 ι
699 2195 770 2230 Ἐγὼ
784 2196 832 2223 καὶ
857 2197 865 2222 ί

964 2189 1045 2215 aet-itis
1057 2189 1212 2217 interﬁcere
1226 2190 1363 2219 hominem
1386 2192 1431 2227 qui
1450 2193 1592 2222 veritatem
1605 2195 1714 2225 locutus

83 2243 174 2278 Πατὴρ
184 2243 214 2269 ἓν
228 2244 322 2277 ὲσμεν.
344 2252 353 2268 ι
372 2242 540 2277 Συγκρούειν
555 2242 604 2277 μὲν
618 2246 674 2277 γὰρ
688 2241 813 2277 ἀλλήλοις
825 2240 869 2267 δο-

82 2289 122 2314 κεῖ
139 2297 196 2320 πως
210 2290 268 2319 τοῖς
297 2288 437 2319 ἀσυνέτοις
459 2288 476 2323 ἢ
509 2287 699 2323 ῥᾳδιουργοῦσι
711 2287 745 2313 τὰ
773 2287 844 2322 ῥητά
858 2295 865 2303 ·

81 2332 134 2358 ἀλλ’
147 2334 161 2359 ὃ
174 2341 206 2366 γε
222 2332 305 2367 σοφὸς
317 2332 367 2367 τῆς
380 2331 510 2367 ἀληθείας
524 2332 602 2366 λόγος
617 2331 666 2367 τὴν
686 2332 735 2366 μὲν
748 2331 802 2357 τῶν
815 2339 868 2365 φω-

81 2377 131 2403 νῶν
145 2379 176 2412 τῇ
194 2377 327 2413 ἁκηράτῳ
342 2377 389 2404 καὶ
408 2377 533 2413 μακαρίᾳ
549 2379 598 2413 τῆς
630 2377 766 2412 θειότητος
800 2377 865 2403 ὐπο-

83 2423 167 2457 φὲρων
185 2422 276 2456 φύσει,
292 2422 342 2457 τὴν
364 2422 393 2448 δὲ
421 2422 481 2448 καθ’
506 2422 538 2457 ἢν
555 2423 641 2457 αὐτὴν
665 2423 679 2449 ὀ
702 2423 788 2456 Λόγος
817 2422 865 2457 τὴν

83 2466 213 2501 ἡμετέραν
232 2466 328 2493 οὐσίαν
348 2467 540 2502 προσείληφας
560 2468 650 2494 πᾶσαν
660 2467 796 2494 διωθεῖται
810 2468 865 2503 ἁμ-

84 2512 250 2548 φισϐἠτησιν.
266 2512 325 2539 Οὺκ
339 2513 538 2548 ἀποστατήσειε
553 2513 575 2539 δ’
588 2512 622 2540 ἂν
641 2512 688 2539 τοῦ
703 2514 807 2545 εἰκότος
819 2514 866 2540 καὶ

85 2557 160 2589 εἴτις
186 2560 218 2593 τῇ
235 2559 304 2593 αὐτῇ
324 2558 451 2585 διαλύοιτ’
466 2559 500 2584 ἂν
515 2558 657 2594 ἐπισκέψει
674 2559 721 2585 καὶ
744 2558 784 2591 τὸ,
805 2569 815 2585 ι
836 2559 865 2586 ’0

85 2602 169 2638 Πατήρ
184 2612 235 2638 μου
257 2604 358 2637 μείζων
376 2603 427 2638 μού
446 2605 519 2630 ἐστι·
536 2613 545 2630 ›
561 2604 645 2631 δεῖται
665 2605 715 2639 μὲν
729 2606 783 2640 γὰρ
800 2614 863 2632 συν-

85 2646 144 2672 ιτῶν
159 2649 203 2674 καὶ
219 2647 281 2673 καθ’
299 2648 378 2674 ἑαυτὸ
392 2647 472 2673 τοῦτο
487 2648 518 2674 τὸ
546 2647 618 2683 ίερὸν
638 2648 736 2684 χωρίον
761 2650 862 2685 ἀκροα-

83 2691 139 2718 τῶν.
154 2691 258 2719 Μᾶλλον
270 2691 294 2718 δ’
308 2692 341 2719 ἂν
356 2692 467 2727 δεηθείη
484 2693 532 2718 καὶ
546 2692 595 2726 τῆς
603 2693 753 2728 εἰρημένης
769 2694 861 2730 φωνῆς

83 2736 135 2770 ἥτις
150 2739 241 2773 ἐδήλου
261 2737 311 2773 τὴν
337 2738 447 2772 ἰσότητα
475 2737 591 2773 Πατρὸς,
615 2739 860 2775 συνεξεταζομένης

83 2783 123 2809 καὶ
141 2783 439 2820 συμπαραῦαλλομένης
455 2785 545 2819 αὐτῷ’
567 2786 591 2812 εί
607 2785 662 2820 γὰρ
687 2786 734 2813 καὶ
750 2786 860 2822 ἑτέραις

111 2837 122 2854 ⁸
137 2838 200 2867 Luc.
219 2849 287 2872 uti,
303 2840 349 2868 45.
383 2842 393 2857 ’
409 2840 487 2868 Joan.
511 2850 538 2875 x,
561 2841 604 2870 18.
622 2842 642 2858 ¹⁶
659 2842 739 2870 Joan.
759 2852 816 2878 Vlll,
832 2845 876 2873 ιο.

216 2885 355 2917 Parnm.
375 2888 437 2918 Gn.
448 2888 500 2918 Cl.

917 2243 977 2264 sum
986 2235 1062 2262 vobis
1075 2235 1113 2261 "‘2
1126 2235 1209 2263 iTum
1220 2244 1226 2263 :
1239 2245 1248 2261 ι
1264 2236 1319 2272 Ego
1329 2241 1355 2264 et
1367 2236 1446 2266 Pater
1460 2247 1544 2266 unum
1555 2248 1651 2268 sumus
1663 2242 1711 2268 ¹¹.›

915 2280 1120 2316 Stultisoppido
1143 2282 1300 2310 hominibus
1328 2283 1435 2319 levique
1463 2291 1552 2313 mente
1587 2283 1709 2321 praeditis

915 2327 1051 2354 Contraria
1077 2327 1135 2354 haec
1155 2327 1227 2355 dicta
1249 2328 1398 2357 videntur:
1428 2331 1475 2358 sed
1502 2331 1575 2358 enim
1601 2333 1712 2368 sapiens

915 2372 1038 2399 veritatis
1047 2379 1138 2400 sermo
1150 2373 1264 2400 alterum
1280 2375 1389 2409 quidem
1401 2376 1503 2404 dictum
1512 2377 1546 2405 ad
1572 2377 1713 2406 immerta‘

916 2419 969 2445 lem
978 2418 1140 2452 beatamque
1147 2419 1296 2448 divinitatis
1309 2426 1434 2450 naturam
1448 2423 1579 2456 referens,
1595 2425 1711 2453 alterum

917 2464 951 2490 ad
991 2464 1141 2491 humanam
1179 2472 1242 2492 cutn
1269 2466 1396 2494 Christus
1420 2475 1592 2496 communem
1629 2470 1710 2498 nobis

917 2509 1099 2537 substantiam
1113 2511 1240 2545 sumpsit.
1257 2513 1411 2540 universam
1429 2514 1554 2550 protligat
1571 2515 1708 2552 ambigui-

919 2559 1014 2582 tatem.
1023 2555 1116 2591 Neque
1125 2563 1139 2583 a
1147 2556 1220 2591 justa
1232 2558 1367 2585 sententia
1380 2560 1497 2591 recedet,
1511 2561 1532 2587 si
1543 2561 1605 2596 quis
1612 2563 1707 2590 eodem

917 2601 1032 2629 consilio
1052 2602 1169 2637 explicet
1188 2603 1269 2630 etiam
1282 2623 1289 2636 ,
1306 2613 1316 2629 ι
1337 2603 1415 2631 Pater
1431 2605 1519 2640 major
1532 2614 1575 2634 me
1587 2613 1628 2635 est.
1641 2607 1674 2636 ".
1697 2619 1706 2634 ι

910 2646 977 2674 Nam
992 2656 1054 2675 cum
1072 2655 1151 2675 sacer
1168 2649 1211 2675 hic
1220 2649 1295 2677 locus
1312 2657 1358 2684 per
1371 2657 1400 2677 se
1411 2652 1558 2685 prudentes
1568 2653 1707 2682 auditores

912 2693 1043 2728 postulat,
1058 2698 1114 2720 tum
1129 2693 1216 2721 multo
1229 2694 1311 2722 etiam
1325 2695 1411 2731 magis
1433 2696 1546 2733 indiget,
1562 2703 1593 2726 ut
1607 2706 1707 2735 supra-

914 2739 986 2766 dicta
1004 2746 1066 2771 vox,
1091 2747 1151 2774 qua:
1165 2747 1226 2766 cum
1249 2739 1330 2768 Patre
1353 2743 1535 2777 aqualitatem
1560 2744 1705 2781 signiﬁcat,

913 2787 1079 2822 adjungatur
1101 2787 1165 2814 huic
1188 2787 1323 2824 juxtaque
1350 2796 1478 2825 ponatur.
1495 2790 1562 2819 Nam
1595 2791 1619 2820 si
1646 2793 1706 2820 aliis

914 2844 1028 2872 “'Joan.
1045 2851 1072 2876 χ,
1087 2843 1130 2870 30.
1165 2844 1186 2860 "
1201 2843 1282 2872 Joan.
1295 2854 1351 2878 xw,
1363 2847 1409 2875 28.

1476 2895 1497 2925 3
