1881 3077
152 141 187 172 67
712 141 762 172 PH
766 141 846 171 0TH
866 141 934 171 PAT

1035 142 1119 173 (ῘΗίΕ
1138 142 1191 174 CP.
1747 142 1786 177 68

153 203 263 232 quoque
277 196 374 231 patriis
387 195 546 224 unctionibus
572 195 702 224 simulata
716 197 840 231 ipsorum
855 204 934 231 pugn:

1034 199 1143 234 zptzai’:
1167 197 1338 229 ἐπιστασίαις
1357 197 1374 233 ή
1389 197 1418 224 ἐν
1433 197 1529 230 αὐταῖς
1542 198 1690 235 φαινομένη
1706 199 1782 235 μάχη

153 243 328 271 concordiam
343 242 471 275 exhibet;
489 242 572 270 veluti
587 242 653 278 quia
676 243 839 271 vocabulum
855 242 942 276 major

153 289 187 316 ad
206 296 315 317 causam
330 287 463 321 refertur;
477 296 559 315 unum
570 293 660 316 autem
675 293 782 316 natura.
798 288 942 323 aequalita-

153 339 207 362 tem
219 333 353 369 signiﬁcat
363 342 370 367 ;
380 333 507 368 sequitur
516 338 546 361 ut
555 334 714 361 wconomiae
722 341 831 369 quoque
839 340 940 364 sermo,

152 375 199 415 qui
214 381 241 407 in
253 387 283 407 se
295 379 390 415 recipit
405 387 501 408 vocem
518 381 621 415 major,
631 381 743 408 liberam
760 387 854 407 errore
864 387 941 406 com-

152 425 249 460 probet
259 433 307 460 per
323 433 416 453 vocem
431 434 514 453 unum
527 426 615 454 Patris
633 434 696 454 cum
708 425 778 453 Filio
797 425 940 460 aequalita-

151 475 221 510 tem.-
233 470 320 498 Porro
346 472 414 499 nihil
436 472 562 506 prohibet
596 472 743 506 quominus
764 471 783 498 ii
799 477 940 498 sermones

151 516 199 550 qui
218 517 374 544 adhaerente
393 518 444 545 sibi
469 518 645 545 contentione
668 517 802 549 laborant,
823 516 940 544 diversis

152 559 223 586 hanc
235 560 394 595 propulsent
409 561 588 596 argumentis.
601 562 634 589 Et
645 561 753 596 quidem
771 561 823 588 hoc
838 561 938 596 ipsum,

152 605 186 633 de
196 613 252 641 quo
260 614 332 634 nunc
340 607 473 642 agimus”
485 607 566 635 Pater
575 607 663 642 major
675 615 717 635 me
728 607 861 640 est,taliis
869 614 885 634 a
896 614 939 634 me

156 652 320 686 rationibus,
341 661 402 689 quae
424 647 547 682 mentem
570 655 727 682 auditorum
752 653 938 689 pervicerunt,

152 698 226 725 omni
240 699 409 727 dubitatione
428 699 583 735 expeditum
600 699 662 733 fuit,
677 706 739 727 cum
754 698 890 734 probabili
908 702 938 725 ut

151 743 271 772 arbitror
284 745 430 773 solutione.
460 749 464 753 '

992 242 1043 277 τὴν
1071 243 1232 278 συμφωνίαν
1253 243 1432 279 προήνεγκεν,
1461 241 1517 270 οἷον
1536 245 1578 270 ὅτι
1599 244 1631 270 τὸ
1656 243 1706 279 μὲν
1719 246 1784 279 μείς

993 287 1049 318 ζων
1067 289 1107 321 είς
1135 289 1166 316 τὺ
1196 289 1281 316 αῐτιον
1317 289 1387 324 (11)
1419 289 1603 325 ἀναφέρεται,
1635 290 1665 316 τὸ
1692 290 1721 316 δὲ
1746 290 1785 318 ἓν

994 334 1090 370 μηνύει
1116 335 1165 370 τῆς
1181 335 1289 370 φύσεως
1317 335 1368 371 τὴν
1393 335 1516 370 ἰσότητα,
1543 335 1602 362 ἀλλ⁸
1626 334 1673 362 οὖν
1698 336 1746 363 καὶ
1767 336 1784 362 6

992 380 1043 414 τῆς
1056 380 1210 416 οἰκονομίας
1224 381 1302 415 λόγος
1317 381 1358 412 είς
1371 381 1468 408 ἑαυτὸν
1480 381 1510 408 τὺ
1529 381 1636 416 μείζων
1652 381 1781 417 ἀναδεχό-

993 433 1083 460 μενος,
1099 425 1243 460 ἐλευθέραν
1257 426 1390 461 ἐπηρείας
1401 427 1451 462 τὴν
1464 426 1510 453 τοῦ
1529 427 1636 462 Πατρός
1650 426 1721 462 ’πρὸς
1733 427 1781 453 τὸν
1796 427 1799 433 ”

991 471 1055 498 Υἰδν
1069 471 1113 498 διὰ
1124 471 1173 498 τοῦ
1187 470 1257 504 ἐνὸς
1271 472 1526 506 συγκατασκευάζει
1543 472 1664 507 ισότητα.
1694 472 1781 498 Οὐδὲν

989 516 1018 543 δὲ
1041 516 1141 543 κωλύει
1156 517 1220 548 τοὺς
1234 516 1282 552 τὴν
1293 516 1350 553 ἔριν
1363 516 1555 552 ἐπιτιθεμένην
1571 517 1662 548 αὐτοῖς
1675 517 1781 551 ὑποφέ-

991 569 1088 597 ροντας
1100 561 1196 595 λόγους
1208 562 1346 596 διαφόροις
1354 561 1591 593 ἀποσκευάζεσθαι
1614 561 1717 595 ταύτην
1728 562 1779 595 ἑφ-

989 605 1069 637 όδοις”
1081 605 1142 632 ἐπεὶ
1152 606 1199 632 καὶ
1211 605 1281 640 ὅπερ
1291 604 1338 631 νῦν
1349 605 1465 640 εἰρηται,
1483 614 1492 630 ι
1504 604 1534 631 '0
1544 605 1641 639 Πατήρ
1653 613 1703 639 μου
1717 604 1780 639 μεί-

990 651 1046 684 ξων
1061 651 1114 686 μού
1124 651 1211 685 ἐστιν,
1226 660 1236 677 ι
1249 650 1357 686 ἑτέραις
1372 651 1439 686 παρ’
1453 649 1734 685 ἡμιῦνέὲπισκέψεσιν,
1747 649 1778 676 αἱ

989 697 1039 733 τὴν
1048 697 1103 725 τῶν
1113 697 1256 733 ἀκροατῶν
1265 696 1398 732 ὑπόληψιν
1407 694 1643 731 ὑπε[ρε]ὁάλοντο,
1654 694 1704 729 τῆς
1712 694 1780 720 ἀπο-

991 743 1052 777 ρίας
1058 742 1246 778 ἀνεκαθάρθη,
1260 742 1290 770 οὺ
1309 741 1448 778 μεμπτὴν,
1463 738 1555 777 οἶμαι,
1571 741 1621 775 τὴν
1635 740 1712 768 λύσιν
1725 740 1779 767 ἀπ-

989 787 1181 822 ενεγκάμενον.

189 832 233 859 tti.
245 831 347 860 Praeter
358 832 492 860 hactenus
502 832 586 864 dicta,
600 836 627 860 et
637 836 734 867 praeter
746 832 934 860 necessitatem

1037 836 1074 866 ς’.
1090 834 1182 868 Χωρὶς
1196 833 1225 859 δὲ
1238 832 1294 860 τῶν
1309 832 1462 868 εἰρημένων
1476 831 1523 859 καὶ
1536 831 1615 867 παρά
1627 831 1677 866 τὴν
1693 831 1780 866 ἀνάγ-

149 883 176 906 et
201 877 413 910 immunitatem,
439 878 457 904 ii
481 879 527 913 qui
561 877 746 905 dillicultatem
771 878 939 906 ealumniose

150 931 291 952 sermones
306 924 458 956 clamitant,
481 929 627 951 auctorum
647 931 761 951 suorttm
783 924 939 959 sycophan-

150 971 216 998 tiam
236 973 400 1005 coarguunt.
416 969 505 1001 Quare
532 973 559 996 et
580 968 735 996 communis
760 968 894 995 Dominus
912 973 940 996 et

150 1015 264 1043 Creator
282 1014 389 1049 generis
400 1018 482 1044 atque
497 1011 624 1040 Servator
638 1012 777 1043 Davidetn,
794 1012 841 1046 qui
855 1019 939 1046 panes

151 1059 297 1086 oblationis
331 1057 458 1090 comedit,
476 1057 510 1084 dc
543 1056 608 1084 laeso
631 1056 693 1091 jure
722 1056 849 1084 absolvit.
870 1055 937 1084 Nam

150 1107 242 1138 utpote
266 1102 413 1137 legislator,
454 1106 578 1128 naturam
600 1101 667 1136 legis
703 1101 814 1135 vimque
838 1108 938 1134 cogno-

127 1154 130 1157 '
149 1156 238 1182 scens,
250 1153 276 1175 et
296 1148 397 1183 quibus
429 1147 535 1174 actibus
561 1146 736 1174 moderandis
757 1146 799 1173 lex
826 1146 862 1174 sit
885 1153 936 1181 po-

149 1195 200 1222 sita
232 1194 316 1229 probe
337 1193 437 1225 sciens,
460 1193 576 1227 injurios
598 1193 726 1227 equidem
757 1197 786 1220 et
810 1193 857 1227 qui
889 1196 938 1227 per

148 1244 332 1275 contemptum
348 1244 471 1274 peccant,
487 1246 566 1274 poena
574 1238 671 1274 dignos
685 1246 756 1273 saepe
769 1238 917 1266 declaravit
929 1247 936 1266 :

149 1290 334 1314 verumtamen
350 1284 384 1312 iis
406 1284 507 1319 quibus
528 1291 605 1311 amor
624 1289 652 1311 et
669 1284 822 1311 reverentia
846 1283 935 1319 legum

148 1331 229 1363 inest.
255 1330 301 1358 sed
333 1329 483 1357 necessitas
510 1337 572 1357 cum
603 1329 764 1357 inﬁrmitate
789 1329 936 1364 conjuncta

148 1384 271 1404 amorem
286 1376 523 1410 reverentiamque
543 1375 701 1407 labefactat,
713 1376 821 1403 veniam
846 1375 936 1403 molli-

152 1422 255 1450 tudinis
265 1422 430 1456 itnpertitur,
451 1429 540 1456 neque
554 1422 582 1448 in
599 1422 649 1449 hos
662 1421 722 1449 siue
740 1422 937 1450 misericordia

150 1468 291 1496 affectibus
311 1468 473 1496 sententiam
504 1467 566 1495 fert.
592 1467 679 1495 Sicuti
701 1467 811 1496 beatum
827 1475 937 1503 quoque

991 887 1042 914 κην
1056 879 1103 905 xui.
1116 878 1165 914 τὴν
1179 878 1281 910 ἄδειαν.
1296 879 1321 904 οἱ
1342 878 1381 909 εἰς
1396 877 1426 904 τὸ
1438 877 1539 913 ἄπορον
1561 876 1778 913 ἐπηρεαζόμενοι

989 925 1063 958 λόγοι
1081 923 1252 958 συκοφάντας
1266 923 1329 955 τοὺς
1343 922 1547 958 ἐπιτιθεμένους
1554 922 1644 954 αὐτοῖς
1656 923 1778 956 ἀπελέγ-

989 978 1092 1006 χουσιν.
1101 965 1186 1002 Ἑξῶ
1199 969 1268 996 καὶὸ
1280 969 1370 1000 κοινὸς
1381 969 1521 1003 Δεσπότης
1535 969 1583 995 καὶ
1597 968 1718 1003 πλάστης
1730 966 1779 994 τοῦ

988 1015 1084 1049 γένους
1099 1014 1146 1041 καὶ
1163 1014 1258 1049 Σωτὴρ
1281 1014 1328 1041 τὸν
1344 1013 1426 1040 Δαὸὶδ
1444 1013 1508 1045 τοὺς
1534 1013 1632 1048 ἄρτους
1656 1013 1780 1047 φαγόντα

988 1060 1039 1095 τῆς
1054 1059 1221 1094 προθέσεως,
1235 1059 1326 1094 νόμων
1339 1059 1453 1094 ἀφίησιν
1467 1058 1636 1093 ἁθετήσεως.
1660 1057 1703 1089 Ὦς
1720 1059 1778 1093 γὰρ

988 1104 1110 1140 θέμενος,
1121 1104 1168 1131 καὶ
1181 1103 1259 1135 εεδὼς
1273 1104 1322 1139 τήν
1334 1111 1364 1130 τε
1373 1103 1454 1137 φύσιν
1467 1104 1516 1130 καὶ
1530 1103 1607 1138 ίσχὺν
1620 1102 1668 1129 τοῦ
1680 1102 1776 1137 νόμου,

988 1150 1036 1176 καὶ
1050 1146 1088 1176 ὢν
1105 1149 1211 1184 όνόμος
1223 1148 1272 1184 τὴν
1290 1148 1429 1176 πολιτείαν
1447 1147 1528 1183 ἐτέθη
1543 1147 1695 1182 ῥυθμίζειν,
1712 1147 1778 1178 τοὺς

990 1194 1040 1230 μὲν
1053 1194 1193 1230 ὐὸριστάς,
1212 1194 1259 1221 καὶ
1273 1191 1314 1226 οἷς
1325 1193 1461 1229 ὑπεροψία
1472 1195 1545 1220 ποιεῖ
1556 1193 1605 1228 τὴν
1619 1192 1778 1228 παράϐασιν

987 1239 1085 1267 δικαιοί
1095 1240 1143 1276 τὴν
1165 1240 1244 1275 δίκην
1260 1241 1290 1267 ὲν
1312 1240 1402 1272 ἄλλοις
1432 1239 1561 1270 πολλάκις
1584 1239 1713 1274 ὑπέχειν
1735 1236 1779 1269 οἷς

987 1285 1015 1313 δὲ
1031 1285 1133 1321 στοργὴ
1155 1286 1207 1321 μιν
1232 1286 1280 1313 καὶ
1304 1285 1386 1317 αἰδὼς
1409 1285 1464 1312 τῶν
1488 1285 1589 1320 νόμων,
1612 1285 1719 1319 ἀνάγκη
1747 1285 1778 1311 δὲ

988 1331 1038 1365 τὴν
1054 1331 1173 1367 στοργὴν
1188 1331 1277 1358 καὶτὸ
1297 1331 1456 1366 αἰδούμενον
1478 1331 1524 1358 διὰ
1551 1330 1602 1366 τῆς
1633 1330 1778 1362 ἀσθενείας

988 1375 1090 1408 ἐκλύει,
1103 1375 1268 1411 συγγνώμην
1282 1376 1371 1408 διδοὺς
1385 1378 1417 1412 τῇ
1437 1376 1528 1412 ἀτονία
1547 1377 1595 1402 καὶ
1612 1375 1777 1410 σπλάγχνοις

987 1421 1079 1453 ἐλέους
1098 1421 1210 1453 τούτους
1226 1422 1390 1457 ἀνακρίνων.
1406 1422 1542 1457 Καθάπερ
1555 1421 1585 1448 δὲ
1599 1422 1647 1448 καὶ
1661 1421 1707 1448 τὸν
1724 1422 1779 1448 Δα-

987 1467 1031 1494 σιδ
1039 1467 1130 1502 νόμων
1139 1466 1320 1502 παραϐάσεως
1330 1467 1453 1499 ἀπολύει,
1462 1469 1519 1499 τοῖς
1526 1468 1624 1501 ἐνεγκα
1628 1467 1720 1502 μένοις
1728 1467 1778 1502 οὐχ

151 1514 278 1542 Davidem
298 1514 331 1542 de
360 1513 433 1541 laesis
458 1514 564 1548 legibus
583 1513 716 1548 absolvit;
733 1514 767 1541 iis
787 1513 834 1548 qui
853 1521 934 1548 panes

1034 1511 1140 1546 εροψιαν
1157 1511 1282 1546 ἐγκαλῶν
1296 1511 1432 1547 τολμῆσαι
1445 1512 1500 1538 τῶν
1513 1512 1613 1547 νόμων,
1632 1513 1682 1547 τῆς
1701 1512 1726 1538 δ’
1748 1512 1780 1538 ὲν

150 1559 318 1587 abstulerant
335 1559 407 1586 baud
423 1559 556 1586 audacem
578 1558 668 1594 legum
684 1563 872 1593 contemptum
887 1566 935 1586 ex-

150 1606 301 1640 probrans;
316 1606 363 1633 sed
384 1605 448 1640 quia
465 1610 570 1632 naturae
585 1605 669 1632 robur
684 1612 738 1632 non
754 1605 821 1632 satis
837 1604 936 1632 mentis

151 1651 293 1686 proposito
316 1650 510 1686 respondebat,
534 1640 623 1678 id'cis
641 1650 668 1677 in
686 1650 853 1678 defensionis
876 1650 936 1678 loco

149 1704 264 1732 ponens,
284 1696 483 1724 absolutionem
508 1695 632 1723 decernit
652 1696 775 1724 clemens
794 1695 885 1724 Jesus.
903 1695 937 1724 Et

150 1742 210 1769 alite
223 1742 334 1777 quidem
350 1742 545 1770 controversia:
569 1741 662 1769 multa:
678 1741 712 1769 ad
726 1741 859 1777 liquidum
885 1742 937 1769 hac

150 1788 256 1816 ratione
268 1788 453 1816 deducuntur.

204 1833 246 1862 t7.
255 1833 375 1863 Caeteras
386 1839 477 1863 autem
491 1834 711 1864 circumstantias
719 1841 862 1863 recensere
870 1834 934 1870 quid

149 1879 277 1907 interest"
295 1879 364 1908 Nam
386 1884 414 1908 et
437 1880 497 1916 ipse
520 1889 568 1917 per
591 1888 621 1909 se
643 1880 768 1908 lectlonis
787 1879 896 1913 modus,
912 1879 936 1908 si

148 1926 245 1962 cuique
250 1926 392 1954 sententiae
399 1927 538 1962 proprium
547 1927 622 1954 vocis
627 1934 725 1955 sonum
735 1926 934 1958 accommodet,

149 1973 251 2000 aditum
269 1972 343 2000 omni
363 1973 527 2000 dubitationi
540 1973 657 2001 obstruit
683 1982 689 2000 :
712 1973 754 2000 sin
783 1977 845 2007 apta
860 1971 936 1999 vocis

149 2018 219 2045 ratio
234 2025 248 2044 a
261 2017 414 2052 signiﬁcatu
433 2025 483 2045 suo
497 2018 661 2050 demutetur,
687 2025 730 2045 res
747 2017 888 2052 perspicua
908 2016 935 2044 in

149 2062 294 2089 obscuraut
315 2062 436 2089 vertitur.
457 2071 467 2087 ι
486 2061 542 2096 Ego
560 2070 608 2089 vos
626 2061 706 2096 elegi,
728 2071 738 2088 ι
756 2062 795 2088 ait
809 2061 936 2089 Servator

150 2106 289 2141 discipulis
301 2105 333 2132 ".
349 2105 481 2141 Itemque,
504 2115 513 2132 ι
531 2105 589 2133 Non
606 2105 662 2140 (l3)
682 2113 732 2141 ego
749 2106 818 2141 elegi
832 2113 879 2133 vos
894 2106 936 2133 “?

151 2152 180 2180 Si
192 2152 253 2187 quis
263 2151 345 2187 igitur
359 2156 500 2187 utramque
514 2159 547 2179 ex
559 2151 602 2180 bis
617 2151 736 2187 periodis
752 2153 847 2180 eodem
863 2153 936 2180 vocis

989 1557 1022 1592 τῇ
1039 1556 1118 1591 φύσει
1134 1556 1229 1592 ῥώμης
1251 1556 1283 1583 οὑ
1295 1557 1588 1593 συμπαρατεινομένης
1607 1558 1640 1592 τῇ
1664 1556 1776 1592 γνώμῃ,

990 1601 1038 1629 καὶ
1053 1602 1131 1629 τοῦτο
1139 1602 1218 1637 λόγον
1230 1602 1322 1634 αὐτοῖς
1336 1603 1478 1638 τιθέμενος
1485 1604 1500 1630 ό
1509 1602 1700 1637 φιλάνθρωπος
1709 1604 1781 1637 γρά-

990 1656 1035 1683 φει
1056 1647 1107 1684 τὴν
1121 1647 1289 1683 ἐλευθερίαν.
1314 1647 1372 1674 Καὶ
1392 1640 1479 1674 πολλά
1498 1647 1566 1675 ἄλλα
1580 1647 1635 1674 τῶν
1656 1647 1779 1682 ἀπορου-

991 1693 1079 1729 μένων
1091 1694 1131 1725 εἰς
1144 1693 1174 1720 τὸ
1187 1692 1302 1729 εὔπορον
1317 1692 1363 1720 διὰ
1384 1691 1435 1727 τῆς
1455 1693 1541 1728 αὐτῆς
1554 1693 1684 1730 ἐπιϐολῆς
1710 1694 1780 1729 μεθ.

990 1740 1126 1766 οδεύεται.

1034 1841 1076 1874 ιζ’.
1091 1841 1124 1867 Τί
1141 1840 1169 1867 δὲ
1191 1840 1233 1866 δεῖ
1251 1838 1300 1871 τὰς
1320 1839 1404 1872 ἄλλας
1430 1840 1568 1875 ἐπεξιέναι
1584 1840 1777 1876 περιστάσειςς

988 1887 1074 1919 Δὺτδς
1091 1886 1151 1914 καθ’
1164 1886 1261 1914 ἑαυτὸν
1274 1887 1289 1912 ὁ
1302 1886 1352 1921 τῆς
1363 1887 1544 1921 ἀναγνώσεως
1556 1887 1657 1923 τρόπος
1667 1887 1778 1919 οίκείως

990 1934 1040 1970 μὲν
1054 1935 1111 1965 τοῖς
1124 1933 1242 1968 νοήμασι
1263 1932 1314 1968 τῆς
1342 1933 1436 1968 φωνῆς
1449 1932 1495 1960 τὸν
1509 1931 1576 1968 ἦχον
1588 1933 1779 1969 ὲναρμοζόμε-

989 1988 1044 2012 νος,
1063 1979 1153 2014 πάσης
1167 1979 1285 2014 ἀπορίας
1299 1978 1467 2014 ἀποτειχίζει
1484 1979 1601 2014 πάροδον
1613 1987 1620 1994 ·
1635 1979 1778 2007 ἀπαλλατο

988 2025 1105 2061 τομένης
1118 2025 1147 2052 δὲ
1163 2025 1213 2060 τῆς
1227 2024 1396 2059 καταλλήλου
1411 2025 1505 2060 φωνῆς
1527 2024 1566 2059 τῷ
1590 2025 1719 2060 νοήματι,
1736 2025 1778 2056 εις

987 2071 1018 2098 τὺ
1030 2071 1188 2106 ἀδιανόητον
1201 2071 1232 2097 τὸ
1247 2070 1331 2104 σαφὲς
1345 2070 1526 2098 καταδύεται·
1550 2081 1559 2096 ι
1585 2070 1667 2105 Ἐγὼ,
1678 2071 1775 2107 φησὶν,

988 2113 1156 2150 ἐξελεξάμην
1165 2114 1249 2150 ὑμᾶς,
1264 2123 1274 2140 ι
1287 2114 1356 2149 πρὸς
1366 2115 1429 2146 τοὺς
1442 2114 1567 2151 μαθητὰς
1578 2116 1592 2142 ὁ
1600 2116 1704 2151 Σωτήρ·
1718 2118 1776 2149 καὶ,

992 2168 1001 2185 ι
1022 2159 1080 2186 Οὐκ
1095 2158 1150 2193 ἐγὼ
1164 2158 1330 2194 ἐξελεξάμην
1342 2159 1416 2194 ὑμᾶς
1431 2160 1487 2196 (12)
1501 2169 1508 2194 ;
1525 2170 1535 2186 ι
1547 2161 1581 2188 Et
1593 2169 1634 2192 τις
1647 2158 1694 2188 οὖν
1713 2161 1778 2188 ἑκα-

150 2203 217 2225 tono
227 2197 337 2232 ﬁguret;
351 2197 394 2225 vel
401 2198 459 2225 vice
467 2205 544 2225 versa
554 2198 673 2233 priorem
685 2198 885 2232 interrogative,
899 2199 934 2226 al-

1034 2213 1071 2232 ιαν
1092 2204 1146 2231 τῶν
1159 2192 1348 2240 προκειμένων
1361 2192 1546 2242 implicando“)
1562 2206 1637 2241 αὐτῷ
1649 2206 1699 2242 τῆς
1720 2215 1777 2241 φω-

150 2249 235 2271 teram
245 2244 281 2270 ita
296 2242 390 2271 eﬁ‘erat
410 2249 438 2271 ut
456 2243 574 2278 priorem
598 2248 746 2279 oporteret,
764 2251 822 2271 rem
848 2244 937 2272 mani-

988 2251 1037 2286 νῆς
1051 2250 1303 2286 κατασχηματίσειε
1321 2250 1431 2286 τόνῳ,ἢ
1449 2251 1480 2278 ἐδ
1501 2252 1638 2279 ἀνάπαλιν
1662 2252 1712 2288 τὴν
1725 2252 1778 2287 μὲν

151 2289 249 2317 festam
262 2289 296 2316 ad
328 2289 535 2325 perplexitatem
549 2290 649 2321 trahet,
673 2294 700 2317 et
726 2297 758 2317 ea
783 2297 845 2324 quae
870 2291 934 2318 nulli

1034 2295 1124 2331 πέραν
1137 2296 1166 2322 ὲν
1180 2296 1323 2330 ἐρωτήσει,
1336 2296 1386 2331 τὴν
1407 2296 1437 2322 δὲ
1454 2297 1583 2332 δευτέραν
1594 2298 1662 2332 ὅπερ
1676 2294 1712 2333 ἦν
1726 2296 1777 2332 τῆς

149 2335 332 2362 criminationi
353 2334 471 2362 obnoxia
502 2339 589 2367 erant,
603 2334 630 2361 in
653 2334 732 2369 culpa
747 2338 838 2369 ponet.
869 2334 934 2363 Nam

1034 2341 1125 2376 πέρας
1140 2340 1354 2376 ἀποφηνάμενος
1373 2343 1546 2377 προενέγχοι,
1561 2343 1594 2370 τὰ
1610 2343 1681 2378 σαφῆ
1696 2343 1776 2378 ποιή-

151 2381 198 2415 qui
224 2380 351 2415 elegerat,
379 2387 442 2407 cum
468 2379 610 2408 electionis
630 2387 687 2407 suat
711 2380 841 2408 conscius
855 2387 934 2413 esset,

1047 2387 1246 2422 δυστέκμαρτα,
1266 2387 1314 2414 καὶ
1326 2387 1360 2414 τὰ
1371 2387 1458 2423 λαϐῆς
1469 2389 1578 2424 ἀπάσης
1589 2388 1773 2424 ὑπερανεστη-

152 2431 234 2461 atque
251 2426 321 2452 hanc
335 2425 477 2461 discipulis
490 2426 517 2452 in
528 2429 646 2453 mentem
670 2430 820 2459 revocaret,
839 2434 874 2454 ne
890 2434 934 2454 att-

1037 2440 1055 2457 α
1084 2431 1228 2466 ἑπίμωμα.
1258 2431 1288 2458 ‘0
1313 2432 1368 2467 γὰρ
1386 2432 1575 2467 ἐκλεξάμενος,
1601 2432 1679 2465 εἰδώς
1690 2441 1722 2459 τε
1737 2432 1777 2465 ὡς

150 2472 254 2507 tiquum
272 2472 377 2500 scilicet
388 2471 580 2500 benevolentia
602 2479 665 2507 erga
681 2479 712 2499 se
735 2471 855 2500 debitum
873 2473 934 2500 obli

1034 2476 1139 2509 λέξατο,
1154 2477 1202 2503 καὶ
1218 2477 1276 2508 τοῖς
1291 2477 1425 2512 μαθηταῖς
1445 2477 1495 2513 τὴν
1509 2477 1625 2514 ἐκλογὴν
1644 2478 1690 2504 ἐπὶ
1707 2478 1777 2513 μνή-

149 2518 238 2546 vionis
257 2517 385 2546 ﬂuctibus
401 2518 580 2552 abriperetur,
595 2522 679 2552 atque
687 2521 718 2544 ut
731 2525 779 2545 eos
793 2518 934 2553 promptio-

1034 2530 1046 2554 ς
1069 2522 1172 2557 φέρων,
1200 2521 1238 2554 ὡς
1251 2522 1285 2549 ἂν
1296 2522 1326 2549 τό
1340 2529 1370 2548 τε
1385 2523 1498 2558 ἀρχαῖον
1511 2522 1591 2558 χρέος
1607 2522 1656 2558 τῆς
1670 2523 1711 2555 εἰς
1728 2522 1779 2550 at'p

186 2582 208 2599 ¹³
224 2581 412 2614 Marc.u,25.
440 2580 556 2609 “Joan.
584 2589 630 2615 xv,
656 2581 700 2610 t6.
738 2582 760 2598 “
781 2581 860 2610 Joan.
891 2587 990 2619 Vl,°7l.

900 2643 1014 2673 NOTIE.

184 2682 241 2740 (li)
256 2698 295 2740 De
308 2697 439 2740 vocabulo
452 2697 553 2740 αίιιειον,¹
563 2696 731 2740 de'ali'isl)ei
745 2697 836 2739 Patris
849 2701 938 2727 nomi-
987 2707 1051 2740 nota
1064 2702 1110 2740 illa
1124 2701 1323 2740 interrogandi,
1344 2711 1396 2740 qua
1412 2711 1486 2731 nunc
1500 2704 1704 2739 perspicuitatis
1718 2714 1778 2740 gra-

151 2732 268 2773 niliuiet
279 2733 313 2773 de
330 2737 386 2759 toto
399 2734 450 2759 hoc
465 2732 525 2772 loco
536 2732 697 2773 tlteologico
707 2733 807 2773 legesis
822 2739 936 2773 pt-_aecta_-
988 2738 1023 2764 lia
1036 2738 1147 2764 utimur.
1163 2732 1268 2773 “eapse
1294 2732 1338 2766 vix
1353 2732 1395 2766 'in
1422 2732 1777 2768 codicibus'reccntissi‘inis

150 2777 195 2808 ras
211 2768 387 2808 S_S.'_i"a_trum
403 2768 577 2808 auctoritates
590 2768 662 2802 apud
679 2769 831 2802 Petavium,
844 2769 934 2798 Tlteol.
986 2773 1114 2808 praedicta
1127 2778 1189 2799 nota
1207 2768 1385 2808 conspicitur.

149 2803 342 2844 doyrﬂdel'l'ri'u.
363 2811 388 2835 v,
478 2843 481 2844 ν
500 2837 517 2844 η
724 2839 729 2844 _
888 2840 895 2844 ἑ
986 2803 995 2808 “
1021 2807 1082 2844 (ίόλ
1096 2807 1123 2844 _Si
1140 2815 1223 2834 nonne
1232 2803 1326 2836 Latine
1342 2809 1427 2842 dicas,
1440 2809 1495 2837 vim
1508 2810 1650 2838 sentcan
1663 2808 1772 2837 Photin-

185 2837 240 2873 ζιὲ)
256 2839 371 2873 Antiqua
383 2838 486 2866 scilicet
498 2837 653 2866 Graecorum
677 2839 809 2875 scriptura
825 2840 936 2879 carebat
986 2837 1030 2870 nae
1041 2837 1180 2878 iniringcs.
