1881 3077
130 145 165 178 71
715 141 848 173 ΡΠΟἸῚΙ
868 141 872 170 ἶ

1032 140 1123 170 LC‘H/E
1138 141 1190 171 cp.
1446 138 1451 147 ‘
1736 143 1774 175 τε

131 200 278 229 refelletur.
292 198 398 227 merum
443 197 550 225 homini
562 197 609 233 qui
638 197 763 233 pecunia:
785 201 832 222 aut
854 202 869 222 a

1030 195 1188 230 ισταμένου,
1201 194 1238 227 ὡς
1251 195 1268 230 ἠ
1283 195 1358 221 αἰτία
1373 194 1512 230 διάφορος,
1527 195 1625 223 θᾶττον
1644 195 1770 223 ἀπαιτεῖ-

132 255 193 274 rum
208 254 290 281 opum
305 249 351 272 aut
373 244 497 279 corporis
524 243 720 271 detrimentum
736 250 836 278 passus
863 241 924 268 l'uc-

131 293 179 324 rit,
204 291 316 318 mandat
341 289 417 324 pacis
448 289 522 317 Deus
546 296 582 316 ne
617 291 757 324 repugnet,
790 290 873 322 atque
896 290 927 313 ut

133 337 256 365 omnium
283 335 368 363 indici
395 335 617 370 persecutionem
643 333 752 369 injuria;
773 332 924 368 permittat.

133 382 231 409 Verum
254 381 395 409 enimvero
412 379 456 408 ubi
471 380 608 416 quispiam
622 379 751 407 scelestas
765 385 864 406 manus
885 378 927 405 in-

132 427 234 459 tulerit,
251 434 307 454 non
329 430 359 453 ut
369 426 450 454 alieni
470 426 661 461 pmdictarum
693 432 786 452 rerum
806 428 924 456 noceat,

131 473 176 500 sed
202 476 233 499 ut
249 471 278 499 in
294 471 529 499 oriscontumelia
545 479 601 498 rem
617 471 783 506 praecipuam
805 477 928 505 pessum-

130 520 186 552 det,
199 526 299 554 nempe
331 518 512 553 religionem;
532 522 598 546 tunc
617 518 726 545 demum
747 517 819 544 haud
847 524 926 552 aequo

131 565 224 592 animo
237 563 364 599 iniuriam
378 568 434 599 pati
445 564 591 599 jubemur,
608 571 642 591 ne
660 563 799 599 patientia
813 563 926 590 obtentu

131 609 307 637 audaciorem
324 609 437 644 impium
451 610 610 642 reddamus.
630 617 683 638 neu
700 609 811 637 silentio
825 616 927 644 augea-

131 664 194 683 mus
221 655 292 683 hosti
305 655 423 687 animos,
438 662 494 691 quo
506 656 602 690 pietati
615 656 785 691 petulantius
801 656 926 683 insultet.

133 702 201 729 lluic
215 702 295 730 divus
314 703 396 730 etiam
432 701 546 736 Paulus,
570 711 619 730 ceu
646 703 772 731 sincerus
786 701 927 737 Evangelii

131 749 293 784 discipulus,
322 749 459 784 sapienter
491 755 625 785 prmecpto
649 750 741 785 paruit
757 750 781 766 "
800 770 807 777 .
823 749 932 777 Idcirco

131 795 212 823 etiam
230 795 340 823 tribuno
354 795 508 823 Romanum
525 796 641 824 incussit
651 797 789 827 timorem,
803 803 838 823 ne
851 796 927 824 salu-

133 841 167 867 tis
189 840 316 876 proprias,
336 848 418 875 quam
447 841 527 869 facile
547 843 676 877 consequi
701 847 818 878 poterat,
855 841 928 869 ultro

131 886 253 920 proditor
265 886 414 918 videretur,
427 894 459 914 ac
471 887 580 922 pietatis
590 888 701 916 cederet
716 888 838 916 inimico.
865 887 928 915 Ideo

131 932 249 967 denique
270 932 427 960 uberrimus
457 940 505 960 eos
529 933 662 968 repressit
700 933 927 966 refutationibus,

132 978 179 1013 qui
204 978 329 1014 religioni
356 979 511 1007 calumnias
536 980 682 1008 struebant
695 980 741 1009 “.
759 979 792 1008 Et.
816 980 926 1016 quidem

132 1024 349 1052 fortissimorum
377 1032 489 1060 quoque
505 1030 659 1061 martyrum
685 1026 812 1062 egregius
826 1026 928 1054 chorus

132 1071 263 1098 adversus
289 1076 420 1107 tyrannos
437 1071 473 1098 ob
501 1072 627 1099 eamdem
653 1079 766 1100 causam
791 1072 929 1100 constanti

131 1117 223 1153 Lingua
237 1117 380 1154 ﬁrmisque
402 1118 489 1147 oculis
516 1120 684 1152 armabatur,
703 1119 831 1155 pietatem
864 1127 929 1147 ora-

133 1164 206 1191 tione
225 1168 316 1196 tuens,
334 1172 365 1192 ac
381 1164 587 1200 superstitionis
604 1165 737 1200 ﬂagitium
761 1172 927 1201 coarguens.

132 1209 228 1243 Quoad
244 1211 317 1237 enim
338 1214 471 1245 tyrannus
497 1217 588 1238 veram
607 1211 694 1246 ipsam
724 1212 928 1239 accusationem

132 1257 252 1292 maligno
267 1257 361 1284 animo
372 1256 538 1289 dissimulat,
548 1257 726 1285 aliisinterim
741 1257 928 1293 sycophantiis

132 1312 182 1331 eeu
197 1303 362 1338 quibusdam
393 1303 598 1331 velitationibus
626 1304 755 1331 athletam
772 1311 903 1332 exercens
920 1324 928 1336 ,

133 1350 214 1377 silere
235 1353 346 1385 praestat
373 1350 578 1385 clementerque
611 1350 764 1378 molestiam
781 1350 848 1386 pati.
875 1350 929 1378 Ve-

133 1404 195 1424 rum
209 1396 255 1424 ubi
270 1396 357 1423 aulaeo
372 1396 494 1428 sublato,
510 1397 582 1424 haud
603 1396 660 1432 jam
685 1401 850 1432 personatus
862 1405 930 1425 con-

134 1448 179 1469 tra.
202 1441 363 1477 religionem
396 1441 556 1476 aggreditur
578 1441 711 1476 fabulam,
738 1447 795 1469 tum
813 1442 930 1476 denique

133 1487 240 1515 strenui
255 1487 305 1515 viri
321 1491 374 1521 est,
393 1491 490 1515 etcum
514 1487 570 1515 Deo
585 1493 692 1523 gratum
715 1495 784 1524 opus
800 1492 856 1516 tum
875 1487 930 1515 Do-

976 249 1021 267 ται
1036 240 1082 267 τὸν
1095 241 1217 276 ἔλεγχον.
1234 241 1290 268 Καὶ
1312 242 1367 277 γὰρ
1393 242 1433 277 τῷ
1464 242 1513 276 μὲν
1537 242 1577 274 είς
1608 241 1772 278 ἀργύριονῆ

977 286 1074 320 κτῆσιν
1092 285 1177 321 ἄλλην
1189 286 1237 313 καὶ
1252 286 1319 313 αὐτὸ
1330 286 1361 313 τὺ
1374 286 1454 320 σῶμα
1475 286 1526 321 τὴν
1542 286 1645 321 ζημίαν
1666 287 1773 322 ὑπομέ-

977 340 1049 358 νοντι
1063 331 1102 368 μὴ
1113 332 1317 366 ἀντεπεξιέναι,
1331 334 1509 368 παραχωρεῖν
1523 333 1551 359 δέ
1568 332 1608 368 τῷ
1619 334 1705 369 κριτῇ,
1719 333 1774 360 τῶν

977 378 1057 410 ὅλων,
1073 380 1122 414 τῆς
1145 379 1259 416 εἰρήνης
1285 380 1352 410 Θεδς
1376 380 1518 407 ἐπιτάττει
1543 379 1594 415 τὴν
1620 379 1773 415 ἐκδίκησιν.

977 425 1103 453 Ἐπειδὰν
1117 426 1145 452 δέ
1159 435 1202 458 τις
1212 427 1262 458 τὰς
1275 426 1385 459 ἀδίκους
1398 426 1507 462 ἐκτείνῃ
1519 427 1615 461 χεῖρας
1635 426 1686 461 οὐχ
1698 426 1774 458 ὅπως

977 472 1018 504 είς
1031 481 1058 499 τι
1074 473 1131 499 τῶν
1148 473 1302 509 εἰρημένων
1334 472 1384 508 τὴν
1408 472 1510 508 βλάϐην
1535 472 1703 505 ἐνσιτίξειεν,.
1715 471 1766 499 ἀλλ

978 519 1007 545 ἐν
1019 520 1051 554 τῇ
1066 519 1114 546 τοῦ
1128 519 1276 554 προσώπου
1293 519 1372 554 ὕϐρει
1392 519 1423 546 τὸ
1449 518 1670 554 πρεσϐευόμενον
1685 518 1774 554 1:96:1—

978 573 1058 600 σηται
1071 565 1120 600 τὴν
1133 564 1277 592 εὐσέϐειαν
1290 565 1358 600 (18),
1373 565 1438 591 τότε
1455 565 1492 600 μὴ
1518 564 1613 600 φέρειν
1642 564 1777 600 ῥᾳθύμως

977 612 1027 647 τὴν
1042 612 1122 647 ὓϐριν
1137 611 1376 647 προσταττόμείια,
1389 611 1458 647 μηδέ
1470 612 1534 646 σιγῇ
1548 610 1773 645 συγκατασκευάσ

979 658 1037 694 ζειν
1048 658 1088 693 τῷ
1100 657 1192 694 ἐχθρῷ
1212 657 1258 685 τὸν
1280 657 1511 694 προπηλακισμὸν
1526 656 1575 683 τοῦ
1589 656 1763 691 σεϐάσματος

978 703 1089 740 Ταύτην
1101 704 1149 730 καὶ
1159 704 1175 730 ὁ
1184 703 1256 734 θεῖος
1269 702 1390 734 Παῦλος,
1397 702 1445 729 ἆτε
1456 701 1489 737 δὴ
1502 702 1615 737 γνήσιος
1627 700 1675 727 τοῦ
1690 701 1773 735 λόγον

980 750 1116 786 μαθητὴς,
1133 751 1162 777 ἐν
1178 749 1260 785 σοφίᾳ
1278 748 1328 784 τὴν
1338 748 1449 784 ἐντολὴν
1463 747 1680 783 κατωρθώσατο·
1693 746 1779 773 τοῦτο

981 798 1030 833 μὲν
1052 797 1172 832 Ἐλύμαν
1191 797 1236 823 τὸν
1254 796 1342 832 μάγον
1368 795 1424 831 (19)
1445 793 1707 828 ἐπιϐουλεύοντατῷ
1721 801 1776 828 κη-

981 844 1101 880 ρύγματι
1113 844 1240 880 στερήσει
1250 843 1306 870 τῶν
1316 843 1414 876 ἅψεων,
1427 840 1600 868 ἀναστέλλων
1609 848 1640 866 τε
1651 838 1698 866 τοῦ
1712 838 1775 865 τολ-

981 891 1018 926 μή
1023 899 1108 925 ματος
1121 891 1170 917 καὶ
1181 889 1259 924 δίκην
1271 888 1411 916 ἀπαιτῶν·
1424 886 1504 913 τοῦτο
1526 885 1556 912 δέ
1576 884 1615 920 τῷ
1637 883 1780 921 χιλιάρχων

978 938 1023 965 τὸν
1045 937 1200 972 Ῥωμαϊκὸν
1213 936 1342 963 ἐπισείων
1357 935 1450 970 φόϐον,
1465 935 1507 961 ἵνα
1518 934 1570 969 μὴ,
1584 933 1648 969 ῥᾷον
1660 932 1691 958 δν
1703 932 1774 959 ἀνα-

979 984 1132 1018 σώσασθαι,
1147 984 1197 1019 τῆς
1211 982 1349 1018 σωτηρίας
1364 981 1499 1016 προδότης
1518 979 1585 1015 ἁλῷ,
1601 979 1648 1005 καὶ
1668 978 1708 1013 τῷ
1722 977 1775 1012 τῆς

979 1029 1121 1060 εὐσεϐείας
1145 1027 1432 1062 ὑποκατακλινόμενος
1456 1025 1546 1061 ἐχθρῷ
1559 1032 1567 1039 ·
1584 1023 1665 1051 τοῦτο
1675 1023 1703 1049 δὲ
1719 1031 1778 1058 μαο

979 1077 1057 1110 κροῖς
1072 1074 1259 1110 ἐπιστομίζων
1274 1073 1397 1109 ἐλέγχοις
1424 1072 1488 1105 τοὺς
1512 1072 1563 1107 τὴν
1588 1068 1781 1104 συκοφαντίαν

979 1121 1051 1148 κατὰ
1065 1121 1117 1156 τῆς
1131 1120 1251 1152 πίστεως
1269 1118 1496 1151 συσκευάζοντας.
1509 1117 1565 1145 Καὶ
1580 1116 1637 1143 τῶν
1652 1114 1781 1142 καλλινί-

979 1175 1036 1194 κων
1051 1165 1080 1194 δέ
1097 1166 1247 1202 μαρτύρων
1260 1166 1274 1192 ὁ
1288 1165 1360 1197 θεῖος
1373 1163 1454 1200 χορὸς
1464 1164 1509 1191 διὰ
1521 1163 1573 1199 τὴν
1584 1161 1670 1197 αὐτὴν
1682 1159 1775 1187 αἰτίαν

979 1213 1049 1250 πρὸς
1062 1214 1126 1246 τοὺς
1137 1213 1289 1249 τυράννους
1301 1209 1538 1247 ἐπαρρησιάζοντο
1546 1208 1675 1243 ἀπτοήτῳ
1684 1206 1783 1241 γλώσ-

980 1269 1015 1296 σῃ
1030 1260 1079 1287 καὶ
1089 1259 1260 1294 δυσωπήτοις
1270 1258 1420 1294 ὀφθαλμοῖς
1432 1257 1478 1284 τὸν
1492 1257 1563 1292 ὑπὲρ
1572 1255 1622 1291 τῆς
1631 1253 1776 1284 εὐσεϐείας

979 1306 1058 1340 λόγον
1074 1305 1255 1341 συνείροντες,
1268 1304 1374 1340 καὶτῆς
1390 1303 1520 1335 ἀσεϐείας
1538 1303 1568 1329 τὸ
1582 1301 1725 1336 δύσφημον
1735 1299 1776 1327 δι-

980 1353 1148 1388 ελέγχοντες.
1163 1352 1209 1379 Ἐν
1226 1349 1267 1384 οἷς
1281 1352 1336 1387 μένι
1346 1351 1402 1387 γὰρ
1412 1352 1426 1378 ὁ
1439 1350 1572 1386 τύραννος
1583 1348 1630 1376 τὸν
1642 1347 1690 1374 τοῦ
1701 1355 1781 1382 μαρι

980 1400 1075 1436 τυρίον
1093 1399 1172 1434 λόγον
1188 1398 1263 1426 ἔνδον
1283 1398 1447 1433 κακούργως
1468 1394 1712 1431 ἀποκρυπτόμενος
1725 1393 1778 1419 ἄ).-

980 1446 1041 1479 λαις
1052 1446 1206 1482 ἐπηρείαις,
1216 1445 1310 1480 ὥσπερ
1318 1444 1373 1471 τισὶ
1383 1442 1626 1479 προαγωνίσμασι,
1634 1440 1681 1468 τδν
1691 1438 1778 1474 ἀθλη-

980 1493 1031 1528 τὴν
1045 1490 1202 1527 δοκιμάζει,
1221 1491 1301 1526 σιγᾷν
1312 1490 1424 1525 ἄμεινον
1439 1488 1487 1516 καὶ
1508 1488 1603 1524 πράως
1617 1487 1710 1522 φέρειν
1725 1484 1783 1520 τὴν.

135 1535 228 1563 minici
239 1533 449 1567 hictiaamulum,
459 1534 549 1562 verbis
561 1534 773 1562 adversantibus
781 1534 831 1566 uti,
839 1542 877 1561 nei

1035 1537 1122 1574 ίλησιν
1135 1546 1143 1555 ·
1162 1537 1273 1564 ἐπειδὰν
1287 1537 1316 1563 δέ
1330 1536 1380 1572 τὴν
1395 1535 1499 1570 σκηνὴν
1511 1533 1652 1565 διαλύσας,
1668 1531 1777 1566 ἀπρόσ-

135 1589 181 1616 per
196 1580 335 1608 silentium
352 1579 432 1607 malis
464 1579 646 1607 histrionibus
667 1579 716 1607 Dei
738 1579 840 1607 cultum
864 1587 930 1615 pro-

134 1628 199 1655 dere
211 1635 226 1661 ς
239 1627 294 1653 imo
307 1633 376 1654 vero
394 1627 467 1654 hunc
490 1625 525 1653 ab
540 1625 614 1653 omni
640 1616 830 1653 criminatione
849 1630 931 1661 atque

136 1675 237 1709 impetu
253 1673 403 1705 vindicare,
420 1676 478 1699 tum
489 1671 611 1700 veridica
623 1672 732 1700 scilicet
743 1672 866 1700 oratione
872 1677 930 1700 tum

135 1720 218 1748 etiam
240 1719 326 1746 animi
352 1718 528 1747 strenuitate.
563 1717 648 1745 Nocet
671 1717 772 1753 aliquis
790 1718 931 1753 pecuniae,

136 1768 222 1803 agris,
239 1766 280 1794 vel
307 1766 534 1793 contumeliosam
557 1772 669 1800 quoque
690 1772 801 1792 manum
824 1765 931 1800 corpori

136 1815 237 1843 affert?
257 1814 393 1850 patienter
414 1813 486 1841 ferre
516 1813 606 1847 decet,
623 1813 778 1841 constantia
807 1813 933 1848 mitigare

136 1861 286 1889 iracundiae
309 1860 458 1893 ﬂammam,
475 1860 625 1895 damnique
642 1863 801 1894 contemptu
818 1859 933 1887 insatia-

136 1910 217 1937 bilem
238 1907 361 1935 avaritiae
385 1906 459 1934 sitim
486 1906 621 1934 inhibere.
646 1905 700 1933 Ubi
723 1910 813 1933 tamen
838 1905 933 1941 piacu-

137 1957 234 1984 larium
255 1959 337 1990 atque
359 1954 507 1989 impiorum
524 1953 622 1986 instar,
637 1952 746 1980 honesti
758 1952 844 1980 moris
858 1960 934 1980 asse-

136 2003 185 2029 cla:
212 2001 409 2036 religionisque
433 2005 585 2034 praconcs,
613 1998 648 2025 ab
673 1998 771 2026 harum
799 1998 932 2025 virtutum

136 2048 265 2075 hostibus
290 2046 471 2074 traducentur
503 2045 641 2080 malisque
668 2045 849 2077 irrctientnr,
868 2049 934 2071 tunc

137 2093 210 2121 haud
224 2092 301 2120 taciti
323 2091 455 2126 iniuriam
473 2090 660 2126 perferemus;
677 2091 724 2118 sed
753 2091 818 2126 quia
840 2090 933 2125 iniqua

138 2140 262 2175 patimur
289 2138 339 2173 pii,
354 2143 382 2165 et
395 2138 461 2173 quia
481 2136 622 2172 Evangelii
643 2137 766 2165 sacrario
787 2137 827 2164 vis
849 2136 934 2164 infer-

137 2191 192 2219 tur,
206 2188 297 2212 mente
310 2185 456 2220 linguaque
472 2183 643 2212 audebimus.
683 2183 751 2210 Nam
769 2191 832 2211 cum
860 2183 934 2219 prio-

139 2239 168 2259 re
185 2239 279 2259 rerum
307 2229 630 2258 conditione'silentium
656 2229 734 2257 mira:
762 2229 872 2257 virtutis
892 2229 932 2257 si-

137 2277 276 2313 gnilicatio
306 2281 359 2307 est.
384 2276 538 2312 posteriore
567 2280 659 2303 tamen
687 2275 710 2304 si
727 2275 807 2310 ,i‘orte
836 2283 930 2303 vocem

137 2325 339 2357 contineamus,
357 2322 506 2358 impietatis
525 2322 669 2350 audaciam
684 2327 785 2350 contra
795 2322 932 2358 evangeli-

137 2377 201 2397 cum
216 2370 330 2397 verbum
346 2376 530 2397 exacuemus-

178 2562 201 2579 η
216 2553 275 2579 Act.
290 2559 354 2585 ιιιι,
377 2551 405 2579 8.
434 2553 533 2582 “Act.
553 2554 680 2586 ηυλῶ

981 1594 1056 1612 ωπον
1080 1585 1130 1621 τὴν
1144 1584 1216 1612 κατὰ
1231 1584 1281 1619 τῆς
1292 1582 1435 1615 εὐσεϐείας
1447 1582 1603 1617 εἰσέρχεται
1613 1578 1782 1615 κωμῳδίαν,

981 1632 1044 1659 τότε
1055 1632 1098 1667 δὴ,
1115 1631 1176 1659 τότε
1195 1631 1322 1665 γενναῖόν
1336 1638 1366 1656 τε
1381 1629 1442 1656 καὶ·
1452 1628 1529 1663 φίλον
1548 1627 1620 1662 Θεῷ,
1649 1625 1697 1653 καὶ
1723 1624 1776 1659 τῆς

982 1678 1153 1713 Δεσποτικῆς
1167 1676 1300 1713 ἐργασίας
1315 1674 1443 1711 μίμησις,
1463 1671 1654 1705 ἀντεπεειέναι
1672 1670 1783 1708 λόγοις,

982 1724 1030 1752 καὶ
1046 1724 1083 1759 μὴ
1098 1724 1133 1759 τῇ
1152 1723 1242 1758 σιωπῇ
1261 1721 1416 1757 προδιδόναι
1434 1720 1495 1751 ταῖς
1514 1717 1673 1754 κωμῳδίαις
1685 1716 1717 1743 τὸ
1730 1717 1781 1742 λα-

983 1771 1162 1808 τρευόμενον·
1181 1770 1307 1805 κρεῖττον
1320 1768 1349 1795 δέ
1364 1767 1496 1803 παρέχειν
1507 1765 1593 1800 λαϐῆς
1608 1763 1718 1799 ἀπάσης
1731 1761 1784 1790 καὶ

986 1817 1135 1853 συσκευῆς,
1147 1817 1228 1844 τοῦτο
1249 1816 1298 1852 μὲν
1309 1815 1423 1850 ἀληθέσι
1437 1814 1538 1849 λόγοις,
1548 1810 1663 1839 τοῦτοδὲ
1676 1809 1716 1845 τῷ
1727 1809 1782 1844 τῆς

983 1864 1075 1899 ψυχῆς
1090 1862 1298 1898 παραστήματι,
1319 1860 1367 1892 Εἰς
1380 1858 1513 1895 ἀργύριόν
1529 1866 1575 1889 τις,
1594 1854 1786 1886 ἐπιϐουλεύει,

983 1911 1023 1942 είς
1035 1904 1151 1946 ἀγροὺς,
1168 1909 1185 1944 ἢ
1207 1908 1255 1935 καὶ
1272 1907 1352 1943 χεῖρα
1378 1905 1485 1940 ὕϐρεως
1506 1902 1714 1930 ἐπανατείνεται
1738 1900 1785 1935 τῷ

985 1956 1112 1991 σώματι;
1128 1954 1298 1987 ἀνεξικάκως
1312 1952 1446 1988 προσήκει
1466 1950 1573 1986 φέρειν,
1600 1946 1782 1983 μακροθυμίᾳ.

984 2001 1163 2038 διαπραΰνειν
1176 2001 1206 2027 τδ
1227 1999 1395 2034 φλεγμαῖνον
1408 1997 1458 2033 τῆς
1477 1995 1573 2031 ὀργῆς,
1590 1994 1637 2021 καὶ
1656 1992 1706 2029 τῆς
1718 1991 1782 2027 φιλ-

985 2037 1132 2084 αργυρίας,
1163 2046 1296 2082 ὀλιγωρίᾳ
1321 2045 1373 2080 τῆς
1400 2043 1512 2079 ζημίας,
1542 2039 1720 2068 ὗποστέ).λειν
1748 2037 1788 2065 τὺ.

985 2095 1136 2131 ἄπληστον.
1157 2094 1227 2121 ’Λλλ’
1243 2093 1281 2125 ὡς
1308 2093 1425 2127 ἐναγεῖς,
1440 2091 1478 2122 ὡς
1502 2089 1611 2121 ἀσεϐεῖς
1636 2089 1700 2120 τοὺς
1727 2088 1784 2123 τῆς

985 2142 1086 2177 ἀρετῆς
1099 2140 1218 2177 ἐργάτας
1233 2140 1281 2167 καὶ
1297 2139 1347 2174 τῆς
1358 2138 1501 2169 εὐσεϐείας
1514 2136 1665 2173 κήρυκαςὸ
1675 2134 1783 2170 ταύτης

985 2186 1094 2214 ἐλαύνει
1111 2185 1209 2222 ἐχθρὸς
1221 2186 1269 2213 κα)¹
1283 2186 1380 2216 κακοῖς
1400 2182 1598 2219 παραδίδωσιν,
1608 2181 1639 2208 οὐ
1652 2182 1716 2216 σιγῇ
1729 2180 1784 2216 τὴν

986 2234 1065 2271 ὕϐριν
1077 2234 1198 2269 οἴσομεν,
1213 2233 1272 2260 ἀλλ’
1287 2231 1326 2264 ὣς
1339 2231 1420 2259 ἄδικα
1443 2231 1493 2266 μὲν
1519 2229 1673 2263 πάσχοιμεν
1699 2227 1784 2253 εὐσε-

986 2281 1098 2313 ϐοῦντες
1115 2280 1203 2312 αὐτοὶ,
1222 2279 1303 2306 ἄδικα
1316 2278 1345 2305 δέ
1358 2276 1503 2313 πάσχωτὸ
1524 2275 1624 2302 σεπτὸν
1653 2273 1703 2301 τοῦ
1729 2282 1783 2310 κη-

989 2328 1038 2363 ρύγ
1044 2335 1141 2363 ματος,
1156 2326 1203 2352 καὶ
1221 2324 1321 2361 γνώμῃ
1336 2325 1384 2351 καὶ
1395 2322 1506 2358 γλώσσῃ
1517 2319 1781 2358 παῤῥησιασόμεθα.

988 2375 1065 2401 Ἐκεῖ
1086 2373 1136 2409 μὲν
1151 2372 1207 2408 γὰρ
1221 2372 1237 2407 ή
1257 2371 1322 2405 σιγὴ
1333 2370 1488 2406 θαυμασίας
1506 2369 1581 2396 ἐστὶν
1598 2367 1698 2403 ἀρετῆς
1710 2367 1783 2393 ὑπο-

986 2421 1110 2452 τύπωσις
1123 2428 1130 2435 ”
1147 2417 1268 2446 ἐνταῦθα
1281 2419 1309 2445 δέ
1322 2417 1351 2444 τὺ
1366 2417 1448 2452 σιγᾷν
1460 2414 1719 2451 καταθρασύνεσθαι
1733 2413 1786 2440 τοῦ

986 2467 1066 2501 λόγου
1084 2465 1185 2501 μᾶλλον
1202 2463 1364 2502 παρακαλεῖ.
1377 2462 1427 2498 τὴν
1444 2462 1584 2490 ἀσέϐειαν.

922 2624 1041 2653 ΝΟΤΑΕ.

177 2697 233 2732 (I8)
251 2695 348 2723 Cicero
361 2695 393 2732 in
410 2694 458 2723 0r.
476 2699 534 2732 post
548 2694 604 2721 red.
618 2694 644 2721 in
663 2701 721 2722 seu.
743 2702 769 2727 v,
783 2693 941 2732 et_l‘.actan-

142 2730 207 2763 tius,
222 2732 290 2758 Inst.
310 2739 338 2761 ν,
356 2731 383 2763 9,
400 2735 482 2765 caput
508 2730 603 2757 dicunt
620 2730 862 2765 partemhominis
877 2737 941 2757 san-

140 2768 302 2795 ctissimam.
319 2764 537 2793 Photius’autcm
551 2772 674 2800 anagoge
688 2764 795 2800 nititur.

177 2802 233 2837 (t9)
255 2801 363 2836 Elymus
379 2800 694 2837 vocabulunrsignilieat
717 2799 828 2827 Persam
849 2799 938 2837 (Poly~

142 2834 239 2865 chron.
260 2834 296 2864 ad
310 2837 380 2864 Dan.
393 2844 453 2872 cap.
469 2844 518 2867 vn,
538 2834 663 2871 2).]iag't
682 2840 772 2872 autem
789 2842 875 2872 genus
891 2834 940 2861 ho-

143 2873 247 2901 minum
262 2870 538 2901 Persaruntfl’hotio
558 2870 662 2898 nomen
681 2870 823 2905 proprium
846 2870 938 2898 visum

990 2699 1032 2721 est
1045 2693 1164 2728 Elymus.
1183 2693 1223 2720 Ad
1242 2694 1315 2721 hunc
1326 2694 1444 2728 A'ctuum
1466 2692 1678 2727 apostoli‘cornm
1693 2691 1790 2719 locum

991 2727 1145 2764 respexisse
1185 2728 1304 2756 arbitror
1324 2763 1328 2764 ν
1346 2727 1526 2764 Menandrum
1559 2727 1734 2764 historicunr
1756 2728 1786 2764 in

994 2761 1136 2799 Excerplis
1162 2772 1177 2792 a
1207 2771 1250 2791 me
1263 2763 1345 2791 editis
1358 2763 1582 2799 Porphyrogeniti
1608 2764 1640 2797 (t.
1664 2762 1685 2799 ll
1714 2761 1788 2799 Coll.

991 2799 1050 2826 Vat.
1085 2798 1124 2833 'p.
1156 2799 1219 2834 559)
1253 2800 1299 2826 ubi
1331 2804 1420 2826 exstat
1451 2800 1619 2833 epigramma
1639 2798 1691 2834 ﬁda
1729 2798 1789 2834 _ali_o

989 2842 1070 2868 mago
1083 2832 1235 2862 recentiore
1252 2835 1334 2863 Persa
1350 2832 1519 2869 praedictioni
1534 2833 1698 2870 evangelica
1710 2832 1782 2861 obsi—

991 2875 1090 2897 sleutr.
