1881 3077
97 141 126 172 73
609 137 659 167 AD
674 136 970 167 AMPHILOCHIUM
990 135 1162 172 QU/ESTIO
1181 135 1205 165 Ι.

1677 133 1712 164 ’ίῑ

86 219 88 222 .
129 196 164 224 ιϐ’.
182 196 330 231 Ὑπάγοιτο
340 196 362 223 δ’
376 195 410 223 ἂν
424 195 462 231 τῷ
476 195 551 231 αὐτῷ
560 192 611 230 τῆς
620 195 785 231 διακρίσεως
795 194 872 230 τύπῳ

978 195 1003 222 9.
1023 194 1109 221 Porro
1124 194 1157 221 ad
1173 193 1328 228 exemplum
1354 192 1525 220 disoriminis
1538 192 1639 220 sistere
1651 192 1714 220 licet

98 244 159 271 καὶὸ
175 242 299 274 ’Δνανίας
314 244 361 270 καὶ
376 243 393 276 ἡ
409 242 553 277 Σάπφειρα
569 241 608 276 τῷ
623 241 765 277 κορυφαίῳ
776 241 871 273 ποινὰς

97 289 320 324 εἰσπραττόμενοι,
333 289 382 314 καὶ
399 289 415 322 ἠ
432 288 485 319 ἕως
499 287 732 324 ἑϐδομηκοντάκις
743 286 813 314 ἑπτὰ
829 287 873 313 ὲν-

95 323 296 369 τολὴνμετροῦσα
313 335 371 365 τοῖς
399 334 590 368 ἁμαρτάνουσι
612 333 662 368 τὴν
688 323 872 368 σύγχώρησιικ

97 380 143 406 Καὶ
156 380 207 414 γὰρ
221 379 267 406 διὰ
283 380 333 415 μὲν
347 380 398 415 τῆς
411 379 521 414 ἐντολῆς
536 379 617 411 αὑτός
639 387 670 406 τε
691 379 796 414 Πέτρος
826 377 874 404 καὶ

96 427 165 460 ἡμεῖς
176 425 210 451 τὰ
222 426 266 456 είς
279 425 395 455 ἑαυτοὺς
407 419 598 460 ἀμαρτῇιατα
611 424 743 456 πολλάκις
764 424 874 459 ἀφιέναι

95 470 265 504 διδασκὸμεθα
278 478 285 485 ’
300 470 351 504 τὴν
365 469 387 495 δ’
401 470 442 500 είς
465 469 496 495 τὸ
518 469 597 495 θεῖον
620 468 700 504 ὖδριν
716 469 778 495 οὔτε
802 477 874 504 παρ-

95 516 150 551 ορᾷν
163 513 272 548 ἐντολὴν
287 513 396 548 ἔχομεν,
413 512 476 540 οῦτε
495 513 623 548 παρεῖδεν
639 514 754 544 ἐκεῖνος,
783 513 813 544 ὃς
841 521 874 547 γε

95 560 150 591 τοὺς
160 559 331 599 ἠσεϐηκότας
345 559 394 585 καὶ
417 558 635 593 νοσφισαμένους
658 558 709 593 μὲν
725 557 759 584 τὰ
773 557 875 591 ἀναθή-

96 614 170 641 ματα.
183 604 373 640 ψευσαμένους
405 603 434 631 δὲ
460 604 493 630 τὸ
521 603 633 639 Πνεῦμα
659 604 690 630 τὸ
709 603 798 637 ἅγιον,
826 603 876 637 τὴν

95 650 202 686 ἐσχάτην
220 650 299 684 δίκην
311 649 447 685 ἀπῇτησε.
464 649 518 675 Ναὶ
529 649 561 684 δὴ
577 649 624 676 καὶ
635 648 649 675 6
662 648 708 675 τοῦ
722 649 875 684 κορυφαίου

96 697 139 731 μὲν
151 696 304 731 συνόμιλος,
319 696 369 722 οὐκ
385 695 510 722 ἐλάττοσι
530 695 559 721 δὲ
580 694 735 730 πρεσϐείοις
759 695 813 721 τῶν
831 695 879 722 ἁλ-

96 742 142 768 λων
158 740 288 776 μαθητῶν
300 740 391 776 φέρων
403 741 434 766 τὸ
447 740 606 775 προνόμιον,
619 739 725 766 Παῦλον
738 739 810 774 λέγω
824 740 877 767 πά-

94 787 131 813 λιν
143 786 186 812 τὸν
201 786 251 821 τῆς
264 785 428 820 οἰκουμένης
442 785 603 812 διδάσκαλον
615 793 623 800 ·
637 785 706 811 ἀλλὰ
725 785 780 820 γὰρ
799 783 878 816 οὗτος

91 833 107 858 6
119 832 183 862 θεῖος
193 831 265 865 ἀνὴρ
279 831 309 856 έν
322 830 361 864 τῷ
374 830 482 864 λέγειν*
504 839 513 855 ι
532 829 675 863 Εὑλογεϊτε
689 830 751 861 τοὺς
766 829 876 856 διώκον-

94 886 139 909 τας
151 877 231 912 ὑμᾶς·
248 876 397 910 εὐλογεῖτε,
417 876 466 903 καὶ
491 876 528 911 μὴ
545 875 713 911 καταρᾶσθε,
733 885 743 901 ι
764 876 811 902 καὶ
824 876 878 902 πά-
894 868 913 896 Β

93 923 141 949 λιν⁴
156 931 165 948 ι
181 922 355 956 Ἀλέξανδρος
371 923 385 948 6
401 921 519 956 χαλκεὺς
528 921 614 948 πολλὰ
627 921 702 948 κακά
718 930 762 956 μοι
780 921 882 948 ἐνεδεί-

95 969 163 1000 ξατο.
184 976 194 993 ι
231 967 382 1001 ἀπολυθείη
402 967 435 994 ἂν
457 967 507 1002 τῆς
528 966 661 1001 δοκούσης
687 966 882 998 ἐναντιώσεως.

94 1015 127 1041 Ἰὺ
143 1014 192 1050 μὲν
207 1014 262 1048 γὰρ
281 1014 358 1048 δίκην
369 1013 459 1040 δοῦναι
475 1013 520 1040 τὸν
535 1013 687 1048 ηδικηκότα
709 1012 879 1049 ἐπαρᾶσθαι,

93 1062 107 1087 ὁ
123 1059 352 1096 προπηλακισμὺς
365 1060 438 1085 ποιεί
453 1059 500 1085 καὶ
515 1060 529 1085 6
542 1058 659 1093 πόλεμος
673 1057 720 1085 τοῦ
736 1058 884 1094 κηρύγμα-

92 1115 144 1138 τος.
160 1103 198 1133 ὧν
209 1106 333 1137 ἐπαίτιος
357 1105 405 1131 καὶ
427 1103 620 1140 Ἀλέξανδρος·
639 1105 670 1131 τὸ
693 1104 722 1130 δὲ
747 1103 886 1138 εὐλογίαις

93 1151 253 1187 ἀμείϐεσθαι
264 1151 327 1182 τοὺς
350 1150 492 1186 ὑϐριστὰς,
507 1150 550 1185 ἐφ’
567 1147 608 1181 οἷς
631 1150 671 1182 εἰς
691 1150 766 1186 ἡμᾶς
783 1150 885 1181 αὐτοὺς

94 1198 136 1224 τὸν
149 1197 271 1232 διωγμὸν
285 1197 468 1232 παλαμῶνται
478 1216 486 1228 ,
499 1196 686 1223 διατέτακται.

125 1300 162 1323 κ’.
179 1296 238 1322 υὺκ
249 1295 340 1329 ἀγνοῶ
350 1295 380 1322 δὲ
397 1295 434 1327 ὼς
457 1295 508 1321 οὐκ
529 1295 600 1330 ἀρᾶς
617 1294 726 1330 ἐπέχειν
739 1293 817 1328 λόγον
846 1293 886 1329 τῷ

93 1341 228 1376 Θεσπεσιῳ
248 1340 348 1375 Παύλῳ
359 1340 409 1372 τὰς
424 1340 490 1375 περὶ
503 1339 550 1366 τοῦ
565 1339 690 1375 χαλκέως
714 1338 805 1373 φωνὰς
820 1337 887 1365 ἔνιοί

95 1392 186 1417 φασιν,
202 1383 273 1409 ἀλλὰ
285 1384 441 1419 πρόρρησιν
458 1383 560 1418 μᾶλλον
573 1381 642 1409 εῐναι
661 1383 715 1409 τῶν
735 1383 886 1418 μελλόντων

94 1430 173 1456 αὐτὸν
184 1429 229 1455 ἔπ’
243 1429 351 1464 ἐσχάτῳ
362 1429 456 1455 δεινῶν
465 1429 688 1464 καταλαμόάνειν
704 1427 889 1455 δυσσεϐοὖντά

95 1483 123 1501 τε
136 1475 184 1501 καὶ
197 1475 243 1502 τὸν
256 1475 329 1502 κατὰ
342 1475 391 1510 τῆς
405 1475 549 1505 εὐσεϐείας
561 1475 677 1502 πνέοντα
695 1474 828 1508 πόλεμον·
842 1474 888 1501 καὶ

922 240 1054 268 Ananiam
1067 245 1149 275 atque
1163 239 1336 275 Sapphiram,
1348 240 1394 274 qui
1417 238 1606 274 apostolorum
1636 238 1714 273 prin-

922 287 977 322 cipi
1005 294 1102 322 pellas
1127 286 1317 321 dependerunt
1337 285 1378 318 ³⁸,
1399 285 1520 320 itemque
1552 284 1714 312 mandatum

923 333 989 361 illud
1005 340 1060 368 quo
1075 331 1256 368 peccantibus
1283 323 1480 366 indulgentiam
1497 331 1653 365 scptuagies
1664 339 1714 360 se-

923 380 993 416 pties
1008 379 1141 414 impertiri
1159 378 1288 413 iubemur
1303 378 1338 405 ".
1352 377 1424 405 Sane
1441 377 1492 405 hoc
1509 382 1647 413 pracepto
1656 384 1714 406 tum

922 427 983 461 ipse
1010 425 1110 453 Petrus
1140 428 1198 451 tum
1223 431 1276 452 nos
1301 423 1336 451 de
1359 423 1549 450 condonandis
1574 424 1715 452 multoties

923 473 1057 500 adversus
1072 478 1122 499 nos
1137 471 1255 506 peccatis
1265 470 1446 497 admonemur
1463 477 1470 496 :
1486 470 1634 504 cazteroqui
1649 477 1717 497 con-

925 517 1065 545 tumeliam
1090 516 1222 544 adversus
1243 515 1326 542 Deum
1352 521 1442 549 neque
1464 522 1514 542 nos
1542 514 1717 543 dissimulare

923 563 1063 597 juhemur,
1081 568 1170 596 neque
1196 560 1255 594 ipse
1275 558 1393 594 neglexit
1422 558 1504 589 Deus,
1518 565 1534 585 a
1547 565 1603 592 quo
1616 557 1654 585 rei
1669 557 1718 592 qui

926 607 1048 643 seposito
1059 613 1138 634 sacro
1153 606 1251 641 pretio,
1276 604 1390 640 Spiritui
1411 608 1509 631 sancto
1533 603 1640 630 mentiti
1659 602 1718 630 t‘ne-

926 658 998 687 rant,
1024 660 1135 681 summo
1157 651 1292 688 supplicio
1316 650 1405 679 aﬁ'ecti
1429 644 1561 678 'fuernnt.
1589 649 1719 677 Profecto

926 701 1010 727 etiam
1025 698 1159 735 principis
1188 698 1291 729 socius,
1309 701 1392 732 atque
1404 696 1476 724 haud
1493 695 1648 724 minoribus
1663 703 1720 724 me-

928 746 989 774 ritis
1011 745 1082 773 inter
1113 744 1183 772 alios
1210 743 1360 778 discipulos
1389 742 1570 777 praerogativa
1609 741 1718 776 fulgens

928 793 1052 829 (Paulum
1070 799 1167 819 rursus
1184 790 1247 817 dico
1270 789 1364 816 mundi
1393 788 1587 822 magistrum);
1606 787 1660 819 hic,
1681 788 1721 814 iu-

929 847 1024 874 quam,
1039 837 1148 864 divinus
1165 836 1205 863 vir
1215 835 1264 870 qui
1277 836 1383 862 dixerat
1399 843 1407 861 z
1427 844 1436 860 ι
1457 833 1613 861 Benedicite
1622 840 1722 868 perse-

928 884 1076 920 quentibus
1087 890 1146 914 vos,
1154 881 1307 910 benedicite
1317 886 1344 908 et
1352 887 1386 908 ne
1398 879 1567 907 maledicatis
1577 879 1599 894 “
1609 887 1635 912 ς»
1647 879 1720 906 idem

931 938 993 958 cum
1009 934 1103 965 postea
1118 929 1159 956 sie
1174 937 1182 956 :
1202 936 1212 953 ι
1229 927 1383 955 Alexander
1408 925 1523 953 aerarius
1538 925 1623 952 multa
1654 924 1721 952 mihi

934 976 1003 1003 mala
1016 976 1125 1003 intulit:
1135 974 1268 1002 retribuat
1281 973 1320 1000 illi
1330 971 1463 1000 Dominus
1472 971 1623 999 secundum
1639 978 1722 1006 opera

932 1023 993 1058 ejus
1003 1023 1042 1055 ";
1063 1031 1073 1048 ι
1090 1021 1185 1049 eodem
1210 1019 1311 1055 eﬂ'ugio
1332 1018 1494 1053 expedietur
1513 1017 1547 1044 ab
1574 1019 1723 1051 npparente

932 1069 1158 1098 contradictione.
1191 1067 1314 1102 Namque
1335 1070 1365 1093 ut
1395 1065 1559 1100 imprecetur
1576 1063 1722 1090 vindictam

934 1124 996 1149 reo,
1028 1118 1204 1149 contemptus
1231 1117 1313 1147 atque
1339 1110 1506 1147 oppugnatio
1526 1109 1663 1145 Evangelii
1695 1109 1723 1137 ia

933 1169 1017 1190 causa
1032 1165 1084 1192 est.
1101 1167 1218 1195 quorum
1243 1166 1307 1186 reus
1333 1157 1505 1185 Alexander:
1520 1163 1615 1184 verum
1641 1154 1725 1181 bene-

934 1207 1100 1235 dictionibus
1113 1204 1282 1233 remunerari
1295 1202 1454 1235 olTensores,
1467 1205 1601 1236 quatenus
1617 1202 1726 1227 uosmet

935 1253 1126 1289 persecutione
1139 1254 1307 1286 oppugnant,
1323 1249 1348 1276 id
1365 1248 1475 1276 demum
1491 1251 1657 1282 praceptum
1670 1250 1723 1272 est.

970 1301 1017 1329 20.
1034 1300 1094 1327 Non
1121 1299 1216 1334 ignoro
1232 1297 1359 1332 equidem
1388 1303 1487 1330 negare
1517 1294 1677 1324 nonnullos.
1692 1301 1724 1320 ea

936 1356 997 1383 qua:
1014 1347 1093 1374 divus
1104 1345 1204 1372 Paulus
1221 1344 1254 1371 de
1270 1343 1367 1371 aerario
1377 1341 1454 1374 dicit,
1469 1341 1592 1368 dirarum
1610 1340 1663 1366 vim
1676 1339 1727 1366 ha-

937 1394 1019 1426 bere;
1035 1392 1082 1420 sed
1095 1390 1257 1418 vaticinium
1272 1388 1359 1422 magis
1380 1395 1443 1415 esse
1457 1393 1600 1422 pmnarnm
1610 1392 1671 1419 qua:
1687 1385 1727 1418 ip-

938 1446 998 1466 sum
1018 1436 1135 1471 denique
1148 1439 1315 1469 correpturaa
1328 1436 1416 1464 erant,
1432 1431 1545 1466 impium
1563 1429 1689 1456 videlicet
1700 1433 1728 1455 (ιι

939 1484 984 1520 qui
1004 1481 1128 1518 religioni
1144 1480 1245 1508 bellum
1261 1478 1397 1506 conﬁabnt
1416 1486 1422 1504 :
1441 1481 1525 1510 atque
1545 1475 1596 1502 has
1623 1481 1727 1509 praeco-

94 1519 180 1547 ταῦτα
193 1522 450 1556 προανακηρύττειν
475 1520 522 1547 καὶ
549 1520 721 1555 ὑπογράφειν
736 1519 780 1546 διὰ
796 1520 872 1555 ρημά

978 1537 1001 1556 m
1016 1525 1288 1560 Pauium'designare
1299 1524 1391 1551 verbis
1404 1523 1457 1550 illis
1473 1527 1556 1557 atque
1563 1520 1727 1556 praedicere;

95 1575 150 1593 των
165 1566 213 1592 τὸν
228 1567 340 1602 κήρυκα
354 1574 361 1581 ·
378 1565 438 1601 ἅμα
451 1566 500 1601 μὲν
515 1566 565 1601 τῆς
579 1565 713 1600 τοσαύτης
724 1565 827 1600 λύσσης
841 1565 888 1592 τὸν

94 1611 255 1646 ἀποστάτην
267 1611 422 1645 ἀπάγοντα,
437 1610 506 1645 ἆμαι
520 1611 549 1636 δὲ
565 1610 613 1637 καὶ
625 1611 682 1642 τοῖς
711 1608 888 1636 συναθλοῦσιν

95 1658 244 1692 εἰσάγοντα
259 1656 446 1693 παραμύθιον.
463 1657 493 1683 τὸ
511 1656 603 1683 δοῦναι
618 1656 696 1690 δίκην
716 1656 826 1687 πάντως
842 1655 889 1681 τὸν

95 1704 283 1739 ὲι-ηρεαστὴν,
299 1703 367 1738 μηδὲ
389 1702 481 1729 λαθεῖν
497 1702 539 1737 ἐφ’
555 1699 596 1734 οἷς
608 1702 704 1737 ἔδρασε
714 1702 744 1728 τὸ
760 1702 810 1736 τῆς
824 1701 891 1736 Προ-

97 1750 172 1781 νοίας
188 1749 326 1785 ἀλάθητον
340 1757 346 1764 ·
363 1749 397 1776 δι’
411 1745 452 1776 ὧν
464 1749 512 1776 καὶ
530 1748 586 1775 τῶν
605 1747 711 1774 πολλῶν
728 1748 791 1778 τοὺς
807 1747 889 1774 ὀκλά-

96 1796 194 1828 ζοντας
212 1794 409 1830 ἀνακτώμενόν
422 1803 451 1821 τε
474 1794 521 1820 καὶ
545 1793 614 1829 πρὸς
631 1793 663 1819 τὸ
688 1792 804 1828 θαρρεῖν
832 1792 891 1819 ἐστι

100 1842 216 1877 σννορᾷν
240 1840 423 1874 ἐπανάγοντα.
441 1838 512 1873 Ἐγὼ
524 1838 553 1864 δὲ
571 1839 596 1864 εί
611 1838 660 1873 μὲν
677 1836 803 1872 μηδαμοῦ
819 1836 891 1863 κατὰ

97 1887 152 1913 τῶν
188 1885 421 1913 έπιὸουλευόντων
451 1884 490 1919 τῷ
521 1884 637 1919 δόγματι
673 1882 810 1918 μηδεμίαν
851 1879 892 1907 εἵ-

96 1933 142 1959 δον
166 1933 224 1962 τοῖς
252 1932 341 1966 ἁγίοις
362 1930 581 1966 ῆὰγανάκτησιν
600 1929 617 1964 ἢ
643 1928 814 1964 ἐπιτίμησιν,
838 1927 892 1954 οὐδ’

96 1976 182 2008 αὐτὸς
191 1976 226 2003 ἂν
236 1975 416 2011 ἀποστροφὴν
428 1975 511 2010 ἄλλην
525 1974 676 2009 ἐποιούμην
688 1973 737 2008 τῆς
747 1972 894 2008 νομιζομέ-

97 2031 148 2057 νης
166 2023 228 2049 νυνὶ
246 2021 349 2057 μάχης,
366 2020 384 2056 ἢ
396 2021 446 2056 τὴν
461 2019 617 2055 πρόρρησιν
630 2027 638 2034 ο
657 2018 714 2046 ἀλλ’
730 2019 744 2045 ὅ
756 2026 788 2053 γε
807 2018 895 2053 μάγος

103 2068 227 2105 Ἐλύμας
241 2068 354 2103 πλήρης
377 2067 427 2102 μὲν
451 2065 551 2098 παντὸς
570 2065 659 2098 δόλου,
675 2065 783 2100 πλήρης
801 2065 829 2091 δὲ
845 2065 895 2100 ρᾳ-

94 2115 254 2150 διουργίας,
271 2114 327 2146 υίὸς
338 2113 367 2139 δὲ
388 2112 601 2146 καταὸοώμενος
622 2111 747 2138 διαὸὀλου
757 2132 765 2143 ,
781 2110 828 2137 καὶ
842 2110 897 2137 πά-

96 2171 150 2198 n;
166 2161 344 2196 δικαιοσύνης
356 2160 470 2196 ὲχθρὸς·
487 2159 536 2186 καὶ
558 2159 591 2194 δὴ
608 2158 656 2186 καὶ
677 2158 763 2188 αὐτὰς
789 2156 897 2192 πικρῶς

939 1568 1003 1602 dum
1013 1581 1069 1601 una
1083 1572 1176 1600 studet
1191 1579 1206 1598 a
1222 1575 1297 1598 tanto
1312 1570 1406 1597 furore
1417 1572 1569 1602 apustatam
1586 1572 1727 1596 revocare.

938 1627 964 1650 et
981 1621 1039 1649 suis
1054 1619 1155 1654 pariter
1176 1617 1259 1645 sociis
1286 1616 1411 1643 laborum
1429 1614 1551 1642 solamen
1567 1612 1727 1643 insinuare;

940 1671 1083 1703 propterea
1099 1665 1172 1701 quod
1185 1663 1326 1691 maleﬁcus
1340 1661 1452 1689 omnino
1477 1659 1632 1695 puniendus
1647 1657 1728 1686 foret.

941 1702 1030 1748 neque
1039 1712 1237 1739 omnituentem
1255 1707 1436 1735 Providentiae
1447 1706 1558 1733 oculum
1579 1703 1657 1730 facta
1668 1702 1729 1736 ejus

942 1747 1066 1786 laterent.
1080 1758 1169 1792 Atque
1185 1756 1229 1783 his
1254 1753 1440 1781 locutionibus
1458 1751 1606 1778 multorum
1624 1747 1730 1775 demis-

942 1813 988 1833 sos
1002 1804 1109 1831 animos
1123 1801 1191 1837 erigi
1202 1809 1216 1827 a
1231 1801 1315 1828 Paulo
1326 1804 1353 1827 et.
1367 1799 1400 1826 ad
1412 1797 1538 1825 ﬁduciam
1553 1794 1675 1822 revocari
1691 1793 1731 1820 vi-

942 1851 1051 1878 demus.
1074 1849 1206 1884 Equidem
1223 1847 1245 1875 si
1260 1853 1397 1880 nusquam
1415 1850 1556 1871 cernerem
1573 1844 1730 1869 sanctoruun

942 1895 1083 1923 hominum
1104 1897 1201 1921 contra
1225 1891 1360 1926 dogmatis
1386 1890 1478 1916 hostes
1502 1885 1673 1914 iracundiam
1691 1884 1732 1912 vei

944 1940 1135 1971 inventionem,
1160 1938 1233 1966 haud
1254 1936 1327 1964 aliud
1341 1935 1471 1970 cﬂugium
1498 1933 1632 1961 simulata:
1650 1931 1733 1965 hujus

945 1985 1130 2022 repugnantia
1143 1991 1293 2019 quaererem
1304 1990 1387 2018 quam
1402 1979 1576 2008 vaticinium.
1591 1978 1644 2006 Sed
1658 1978 1732 2005 enim

944 2040 1008 2061 cum
1024 2038 1119 2066 magus
1134 2029 1243 2065 Elymas
1258 2029 1355 2064 plenus
1372 2027 1447 2054 omni
1459 2026 1534 2058 dolo,
1549 2025 1650 2060 plenus
1680 2022 1731 2050 ial-

947 2078 1014 2106 lacia
1028 2082 1055 2105 et
1069 2076 1170 2104 diaboli
1197 2075 1271 2103 ﬁlius
1285 2074 1404 2106 dicatur,
1421 2077 1502 2107 atque
1518 2072 1609 2098 omnis
1621 2069 1735 2105 iustitiae

948 2125 1033 2152 hostis
1047 2124 1069 2140 "
1084 2131 1092 2155 ;
1107 2129 1224 2157 cumque
1248 2121 1320 2148 idem
1348 2119 1435 2147 oculis
1460 2117 1559 2145 acerbe
1586 2116 1734 2147 multetur;

948 2169 1030 2196 verba
1042 2168 1153 2201 insuper
1163 2165 1253 2200 paries
1267 2163 1408 2191 dealbatus
1417 2162 1439 2178 '°
1451 2161 1550 2197 (siveis
1561 2159 1736 2195 poratiﬁcatus

95 2208 286 2243 ἀφῃρημένος
305 2207 354 2238 τὰς
381 2205 457 2240 ὕψεις
471 2205 517 2232 καὶ
540 2206 554 2232 6
577 2204 772 2239 κεκονιαμένος
794 2204 872 2238 τοῖχοι

978 2213 1065 2249 signia
1081 2220 1173 2240 coram
1194 2218 1265 2238 caeso
1280 2209 1403 2245 apostolo
1423 2208 1543 2243 gerebat,
1559 2207 1617 2233 sive
1632 2207 1736 2237 secns,)

95 2255 157 2280 εἴτε
181 2252 214 2279 τδ
241 2252 292 2287 τῆς
316 2250 522 2286 ἀρχιερωσύνης
553 2249 637 2285 ἔφερε
661 2248 823 2284 τυπτομένῳ
856 2247 895 2283 τῷ

95 2298 207 2334 ἀθλητῇ
224 2298 380 2334 γνώρισμα,
397 2297 453 2324 εἴτε
469 2297 516 2323 καὶ
532 2296 571 2331 μή
582 2304 589 2311 ·
607 2296 655 2323 καὶ
676 2296 729 2322 ὅσα
758 2295 806 2330 μὲν
828 2294 897 2322 ἄλλα

96 2345 156 2381 πρὸ
171 2345 291 2381 βραχέος
304 2344 423 2379 εἴρηται,
432 2344 482 2370 ὅσα
494 2343 523 2370 δὲ
533 2342 581 2370 καὶ
596 2342 650 2369 τῶν
663 2341 801 2378 ῥηθέντων
815 2340 897 2367 πλέον

97 2389 248 2425 πανταχοῦ
273 2389 321 2424 τῆς
346 2390 422 2423 ἱερᾶς
447 2388 564 2423 φέρεται
593 2388 717 2422 Γραφῆς.
737 2386 819 2413 Ἀλλὰ
842 2386 897 2422 γὰρ

96 2435 195 2463 ταῦτα
205 2436 240 2471 δὴ
248 2436 337 2462 ταῦτα
351 2434 486 2470 λαμπρῶς
502 2435 532 2461 οὐ
545 2434 640 2469 κοινὴν
651 2433 705 2460 οὐδ’
720 2432 831 2468 ἀσφαλῆ
845 2433 896 2468 τὴν

97 2481 148 2509 διὰ
161 2481 216 2516 τῆς
233 2481 415 2517 προρρήσεως
429 2481 590 2516 καταφυγήν
608 2489 653 2514 μοι
666 2479 831 2506 δεικνύουσι.

138 2531 197 2555 καί.
214 2527 290 2562 Πλὴν
301 2527 368 2563 ἡμῖν
379 2527 427 2562 οὐχ
437 2527 586 2563 ἑρμηνείας
599 2526 647 2553 νῦν
660 2526 799 2561 ἀκρίϐεια,
811 2533 900 2560 παρα-

97 2575 246 2610 δείγματα
258 2574 289 2601 δὲ
306 2574 388 2609 μόνον
402 2573 581 2608 ζητημάτων,
594 2569 632 2599 ὧν
648 2573 664 2608 ἡ
677 2572 754 2604 λύσις
763 2580 797 2606 γυ
802 2572 899 2607 μνάζεο

99 2628 163 2653 ται,
187 2619 416 2656 πραγματεύεται
428 2627 435 2634 '
451 2620 512 2646 ἐπεὶ
525 2619 572 2646 καὶ
589 2619 672 2654 ἄλλην
692 2618 754 2645 τινὰ
773 2616 832 2644 οῖδα
851 2625 899 2644 του

101 2667 294 2703 προκειμένου
313 2665 396 2702 ῥητοῦ
409 2666 584 2701 διασάφησιν,
603 2665 664 2700 ἣτις
685 2665 733 2691 καὶ
754 2664 803 2699 τὴν
830 2663 900 2698 ἀρὰν

102 2713 157 2739 καὶ
172 2713 224 2748 τὴν
242 2713 397 2749 πρόρρησιν
410 2712 605 2744 ἀποκλίνουσα,
624 2711 700 2738 οὐδὲν
713 2709 831 2746 χαλεπὸν
844 2709 899 2736 οὐδ’

163 2811 190 2826 ²⁸
201 2812 262 2838 Act.
282 2819 309 2844 v,
328 2811 352 2839 l.
388 2811 412 2828 ¹⁶
425 2809 521 2838 Matth.
539 2818 616 2842 xvm,
631 2808 677 2837 22.

109 2846 236 2879 utu,5.

734 2809 754 2824 ³⁷
768 2807 847 2835 Rom.
865 2814 915 2841 xtl,

947 2265 975 2288 et
992 2263 1126 2295 quotquot
1142 2257 1224 2292 paulo
1234 2261 1298 2283 ante
1323 2255 1395 2282 dicta
1407 2258 1482 2285 sunt,
1494 2257 1522 2280 et
1538 2259 1598 2287 quae
1609 2249 1738 2285 pluradi-

948 2307 1000 2334 ctis
1018 2306 1044 2332 in
1069 2311 1148 2332 sacra
1166 2303 1270 2338 passim
1287 2301 1430 2336 Scriptura
1453 2299 1596 2329 feruntur;
1611 2297 1677 2327 haec,
1694 2295 1737 2321 in-

949 2358 1047 2387 quam,
1084 2348 1225 2377 evidenter
1256 2346 1404 2374 admodum
1431 2343 1499 2372 mihi
1529 2341 1737 2371 demonstrant,

949 2384 1031 2431 quam
1045 2401 1095 2422 nec
1113 2392 1226 2421 obvium
1239 2398 1329 2426 neque
1344 2394 1433 2418 tutum
1445 2387 1482 2415 ad
1492 2384 1661 2422 prophetiam
1677 2390 1738 2417 per-

950 2442 1057 2477 fugium
1072 2441 1118 2468 sit.

987 2518 1032 2545 21.
1050 2517 1103 2544 Sed
1127 2516 1200 2544 enim
1221 2514 1293 2542 haud
1317 2517 1444 2540 accurata
1477 2509 1674 2545 interpretatio,
1691 2507 1740 2536 sed

952 2563 1076 2598 exempla
1092 2565 1173 2589 modo
1195 2560 1391 2596 quaestionum,
1417 2565 1479 2585 cum
1497 2555 1665 2584 solutionum
1680 2558 1740 2581 ten-

953 2610 1064 2640 tmnine,
1083 2608 1150 2635 mihi
1165 2614 1239 2634 nunc
1251 2607 1278 2633 in
1290 2604 1416 2632 manibus
1433 2607 1507 2631 sunt.
1530 2601 1598 2629 Nam
1617 2606 1643 2629 et
1660 2601 1741 2628 aliam

954 2658 1017 2685 novi
1032 2656 1223 2692 praedictorum
1238 2653 1382 2680 verborum
1401 2650 1628 2682 declarationem,
1641 2657 1702 2684 qua:
1727 2657 1742 2676 ιι

953 2704 1020 2732 diris
1045 2702 1128 2730 simul
1143 2700 1325 2735 vaticiuioque
1350 2698 1502 2731 declinans,
1516 2697 1584 2724 nihil
1599 2703 1681 2732 grave
1697 2701 1744 2722 ant

1643 2794 1665 2811 ιο
1681 2795 1740 2822 Λα,

1030 2802 1052 2818 ’⁸
1064 2801 1085 2829 ll
1102 2799 1174 2828 Tim.
1190 2807 1227 2833 IV,
1245 2798 1289 2826 Η.
1346 2799 1368 2814 ’³
1381 2797 1431 2826 Act
1444 2817 1450 2825 .
1471 2804 1529 2830 ml,
1547 2796 1590 2823 tt).

932 2805 972 2833 Η.
