1881 3077
173 159 209 190 75
752 160 884 191 ΡΗΟΤΙΙ
899 162 953 192 ΡΛἿ

1025 162 1154 194 \liClle'
1173 164 1228 195 ΟΡ.
1770 166 1806 199 76

165 218 396 246 eontumeliosnm
425 216 582 244 Alexandro
610 217 735 252 imponit.
759 217 865 245 Etenim
883 224 898 245 a
913 217 952 245 Do

1025 219 1180 255 εφύσριστον
1190 220 1230 256 τῷ
1248 219 1415 256 Ἀλεξάνδρῳ
1425 220 1591 257 περιτίθησι.
1615 221 1667 248 Τὸν
1682 222 1736 257 γὰρ
1751 221 1815 249 K6—

167 265 252 298 mino,
265 266 311 300 qui
330 269 371 292 est
384 264 475 292 omnis
485 264 638 291 clementiae
655 265 805 299 salutisque
818 263 892 297 fons,
911 265 962 292 ho-

165 312 267 339 minem
296 311 372 338 iliuxn
390 311 471 338 aiunt
483 310 612 337 traditum
630 311 772 344 maleiicis,
791 310 863 338 haud
882 312 961 346 equi-

166 358 227 385 dem
255 357 384 392 puniendi
412 363 494 384 causa
525 360 680 384 creaturam
708 363 786 383 suam
815 364 903 391 neque
934 356 960 383 in

165 411 225 430 eam
238 401 487 434 animadvertendi,
497 409 589 429 verum
601 402 694 436 potius
708 407 762 429 uta
780 402 859 430 malis
871 402 963 436 operi-

164 449 217 476 bus
228 452 371 476 revocaret
384 452 465 482 atque
479 448 512 475 ad
523 446 662 475 meliOrem
674 446 779 482 frugem
793 447 958 475 traduceret.

164 496 223 528 Qua
248 495 277 522 in
301 502 331 522 re
349 494 427 530 quid,
444 501 503 527 oro,
524 493 646 520 dirarum
671 493 730 520 est?
744 493 820 527 quid.
838 493 961 520 Vaticinii

164 549 275 576 pinnam
306 540 470 568 clamantis?
486 538 539 566 Sed
562 538 636 566 enim
652 538 732 566 sicuti
753 538 798 565 uni
817 539 961 573 praedicta-

164 595 227 615 rum
256 586 467 617 sententiarum,
497 585 535 612 ita
555 584 623 611 mihi
639 584 768 612 Videntur
796 585 878 611 etiam
897 584 960 612 huic

164 633 305 661 adversari
318 639 381 667 quae
390 636 545 666 sequuntur
561 631 644 658 verba
659 637 666 656 :
683 639 693 656 o
705 629 791 662 Quem
807 635 836 658 tu
851 638 960 665 quoque

165 686 242 712 cave,
257 678 336 706 valde
359 677 434 705 enim
446 667 568 705 'obstitit
595 676 783 711 praedicationi
815 681 928 704 nostrae.
945 686 955 703 ι

164 724 236 757 Haec.
250 724 374 759 inquam,
388 722 450 750 aliis
467 721 586 750 fortasse
599 721 743 749 sententiis
757 721 957 754 adversantur;

162 771 257 798 favent
272 777 339 798 vero
355 769 551 805 interpretibus
566 767 600 796 iis
615 767 663 803 qui
678 767 769 795 locum
779 768 813 795 ad
827 767 903 795 diras
920 775 959 796 re-

161 816 266 844 ferunt.

196 862 242 889 22.
260 862 355 897 Neque
384 869 451 889 vero
479 862 560 890 nobis
576 861 697 890 obstabit
722 861 819 888 beatus
840 859 957 895 Stepha—

161 916 214 936 nus
227 909 266 942 ",
285 913 436 944 martyrum
460 908 581 944 primus.
609 909 657 943 qui
677 907 865 936 interfectores
891 913 957 934 suos

161 955 242 982 bonis
256 955 348 982 verbis
363 962 418 982 non
434 955 501 982 diris
516 958 708 982 remuneratus
721 957 780 986 est;
795 959 883 987 neque
896 956 959 979 ante

161 1002 236 1029 hunc
248 1002 405 1029 communis
417 999 560 1032 Dominus.
570 1001 616 1035 qui
628 1008 678 1035 pro
689 999 898 1027 cruciﬂxoribus
907 998 958 1025 Pa-

162 1052 232 1075 trem
249 1048 373 1075 exoravit
386 1047 420 1075 ".
433 1046 596 1081 Quanquam
609 1054 706 1082 reapse
729 1045 882 1074 Servatoris
897 1052 958 1072 ora-

161 1094 200 1121 tio
217 1093 299 1121 habet
315 1093 419 1128 aliquid
440 1092 526 1121 altius
548 1097 631 1127 atque
651 1092 808 1128 augustius,
826 1099 909 1127 quam
927 1097 958 1119 ut

160 1147 235 1167 nunc
252 1138 377 1173 indagari
393 1145 445 1173 pro
459 1137 592 1173 dignitate
607 1142 699 1172 queat.
715 1137 957 1172 Triumphalisrta-

165 1191 228 1210 men
255 1187 359 1218 martyr
384 1182 480 1218 quidni
507 1182 585 1210 nobis
598 1187 731 1217 patronus
747 1189 837 1210 causa:
861 1181 957 1209 adsit?

160 1229 208 1264 qui
228 1227 337 1256 Judaos
359 1235 472 1256 cernens
495 1228 536 1255 ira
562 1227 747 1256 inﬂammatos
773 1228 956 1263 vecordiaque

159 1277 263 1309 ebrios,
282 1283 367 1311 seque
382 1276 455 1303 (:de
470 1276 580 1310 penitus
595 1274 753 1310 impiantes,
765 1275 823 1309 ipse
846 1275 902 1309 jam
927 1275 953 1302 in

159 1322 316 1358 martyricaz
343 1322 418 1349 necis
435 1321 531 1348 limine
548 1329 675 1354 versans,
692 1327 720 1349 et
732 1321 789 1356 jam
819 1321 954 1356 supplicio

159 1365 380 1393 adhortationem
405 1365 558 1401 quamlibet
571 1366 623 1393 sibi
640 1366 781 1401 eripiente,
808 1373 897 1401 neque
913 1366 955 1393 lo-

159 1419 222 1439 cum
241 1412 426 1447 objurgationi
441 1412 584 1448 largiente,
613 1417 671 1440 tum
691 1412 755 1447 quia
775 1412 875 1440 summi
895 1412 954 1440 dis-

159 1458 284 1487 criminis
312 1458 489 1494 impendebat
508 1459 585 1493 hora,
603 1463 660 1486 tum
671 1459 737 1494 quia
756 1458 849 1486 nullus
860 1466 953 1493 spera-

157 1503 241 1530 batur
265 1503 373 1530 t'ructus
397 1503 557 1538 increpandi
576 1503 618 1530 vel
642 1502 805 1530 adhortandi
828 1503 953 1530 homines

1015 274 1083 301 ριον,
1105 266 1135 298 ὃς
1154 267 1212 295 ἐστι
1239 266 1446 302 φιλανθρωπίας
1478 268 1526 294 καὶ
1555 267 1694 303 σωτηρίας
1717 268 1806 304 πηγὴ,

1012 311 1108 339 τοῦτον
1122 312 1276 339 ἀποδιδόναι
1290 313 1355 348 φησὶ
1372 314 1429 345 τοῖς
1442 314 1608 348 κακούργοις
1620 315 1651 340 οὐ
1664 315 1806 350 τιμωρού-

1015 367 1096 393 μενον
1106 358 1137 385 τὸ
1145 359 1245 385 οἰκεῖον
1255 360 1380 394 πλάσμα,
1392 360 1453 386 οὐδὲ
1463 359 1623 392 κολάζοντα,
1636 360 1806 395 μεθιστῶντα

1012 404 1042 430 δὲ
1055 404 1110 431 τῶν
1124 404 1234 438 φαύλων
1248 404 1337 439 ἔργων
1350 405 1397 431 καὶ
1422 405 1490 440 πρὸς
1504 405 1552 440 τὴν
1574 405 1628 432 τῶν
1653 406 1806 440 ἀμεινόνων

1012 449 1113 485 πρᾶξιν
1125 449 1390 485 μεταῤῥυθμίζοντα.
1402 451 1435 477 Ὃ
1442 449 1514 482 τίνος
1527 450 1559 477 ἃν
1573 450 1616 485 εἴη
1629 452 1697 486 ἀρᾶς
1708 460 1715 485 ;
1732 453 1805 484 τίνος

1011 495 1040 521 δὲ
1060 495 1157 528 ποινὰς
1172 495 1333 532 ἁναδοώσης
1345 497 1542 532 προῤῥὴσεως;
1563 497 1633 524 Ἀλλ’
1645 495 1691 524 οὖν
1708 497 1806 531 ὥσπερ

1012 541 1059 568 καὶ
1079 541 1182 577 θατέρᾳ
1192 541 1247 568 τῶν
1262 542 1408 574 ἐπιϐολῶν,
1423 542 1496 569 οὕτω
1511 552 1556 578 μοι
1567 543 1642 570 δοκεῖ
1655 544 1701 569 καὶ
1715 543 1804 579 ταύτῃ

1011 588 1046 615 τὰ
1062 587 1162 622 ἑφεξῆς
1171 588 1372 623 διαμάχεσθαι⁵
1386 589 1434 614 καὶ
1450 588 1506 624 γὰρ
1522 588 1621 621 ἐπάγει
1635 597 1643 619 τ
1660 599 1669 615 ι
1687 590 1735 615 Ὃν
1757 590 1804 615 καὶ

1012 633 1045 660 σὺ
1069 634 1208 668 φυλάσσου
1220 642 1227 650 ·
1244 634 1304 660 λίαν
1321 634 1376 669 γὰρ
1395 633 1547 669 ἀνθέστηκέ
1570 635 1627 666 τοῖς
1655 635 1804 670 ἡμετέροις

1011 679 1111 712 λόγοις.
1123 688 1134 705 ι
1151 680 1222 706 Ἀλλ’
1238 679 1365 714 ἐμποδὼν
1379 680 1428 714 μὲν
1442 681 1498 710 τοῖς
1509 679 1599 711 ἄλλοις
1615 679 1680 711 ῖσως
1696 680 1804 706 ἵσταται

1010 725 1097 752 ταῦτα
1110 733 1118 741 ⁸
1136 727 1278 760 συμφωνεῖ
1293 725 1321 752 δὲ
1334 725 1438 761 μᾶλλον
1456 726 1512 758 10E;
1527 726 1567 757 είς
1581 725 1652 761 ἀρὰν
1663 725 1693 752 τὸ
1703 727 1804 761 χωρίον

1011 771 1192 807 ἀναφέρουσι.

1046 863 1098 899 κβ¹.
1118 864 1176 891 Οὐκ
1187 863 1380 891 ἐναντιώσεται
1396 863 1425 890 δὲ
1441 863 1507 899 ἡμῖν
1519 863 1597 890 οὐδὲν
1616 862 1679 890 οὒτε
1695 861 1804 897 Στέφα-

1008 919 1053 942 νος
1070 910 1124 937 τῶν
1141 910 1289 945 μαρτύρων
1304 909 1423 945 πρῶτος,
1436 909 1500 940 τοὺς
1512 907 1643 943 φονευτὰς
1652 907 1801 941 εὐλογίαις,

1009 955 1068 983 ἀλλ’
1083 956 1133 982 οὑκ
1152 955 1234 991 ἀραῖς
1258 955 1442 990 ἀμυνόμενος.
1458 953 1520 981 οὔτε
1541 953 1594 989 πρὸ
1614 952 1696 980 αὑτοῦ
1711 953 1726 979 6
1743 960 1801 978 κοι-

1008 1002 1053 1034 νδς
1069 1002 1211 1036 Δεσπότης
1234 1001 1305 1035 ὑπὲρ
1319 997 1386 1027 ’τῶν
1407 1000 1599 1035 σταυρούντων
1622 999 1669 1026 τδν
1689 998 1802 1033 Πατέρα

1007 1048 1206 1081 ὲξιλεούμενος.
1231 1047 1302 1073 Ἀλλ’
1316 1047 1332 1072 δ
1346 1046 1396 1081 μὲν
1406 1046 1454 1072 τοῦ
1472 1045 1598 1081 Σωτῆρος
1608 1045 1687 1078 λόγος
1701 1043 1757 1079 ἔχει
1773 1052 1800 1070 τι

1008 1094 1056 1121 καὶ
1073 1094 1122 1129 τῆς
1137 1092 1280 1129 παρούσης
1299 1091 1413 1128 ἐρεύνης
1428 1091 1577 1127 βαθύτερόν
1597 1099 1628 1118 τε
1641 1091 1688 1118 καὶ
1703 1098 1802 1126 μυστι-

1007 1139 1144 1175 κώτερον·
1157 1140 1171 1166 ό
1186 1139 1215 1165 δὲ
1230 1138 1386 1169 καλλίνικος
1408 1138 1513 1173 μάρτυς
1537 1136 1598 1169 πῶς
1615 1137 1682 1171 ἡμῖν
1705 1136 1736 1162 οὐ
1764 1136 1801 1162 δι’

1007 1187 1112 1221 ἀγῶνος
1144 1185 1287 1212 ἐλεύσεται
1297 1193 1305 1218 ;
1316 1185 1368 1216 ὅτι,
1380 1184 1444 1215 τοὺς
1463 1183 1608 1214 Ἰουδαίους
1620 1182 1727 1217 βλέπων
1741 1182 1800 1212 τοῖς

1006 1234 1067 1261 κατ’
1084 1232 1166 1261 αὑτοῦ
1186 1231 1281 1267 θυμοῖς
1305 1230 1545 1266 ἁναφλεγομένους
1569 1230 1617 1256 καὶ
1631 1230 1666 1264 τῇ
1680 1227 1799 1263 ἀπονοίᾳ

1007 1279 1166 1316 μεθύοντας,
1183 1279 1230 1305 καὶ
1242 1279 1312 1313 σφᾶς
1329 1277 1428 1309 αὐτοὺς
1447 1277 1525 1309 ὅλους
1545 1276 1585 1312 τῷ
1611 1275 1685 1311 φόνῳ
1699 1274 1798 1310 βαπτί-

1007 1334 1118 1358 σαντας,
1133 1325 1215 1357 αὐτὸς
1231 1325 1282 1360 ἠδη
1300 1324 1393 1351 λοιπὸν
1416 1324 1463 1351 ἐπὶ
1485 1323 1585 1354 πύλαις
1604 1320 1728 1357 έστηκὼς
1748 1319 1799 1347 τοῦ

1006 1371 1178 1408 μαρτυριποῢ
1193 1371 1321 1402 θανάτου,
1335 1369 1431 1405 καιρδν
1446 1369 1474 1395 δὲ
1498 1368 1689 1404 παραινέσεως
1705 1363 1797 1393 πάντα

1003 1417 1054 1451 τῆς
1073 1414 1231 1451 μιαιφονίας
1244 1414 1484 1449 α’ποτειχιζούσης,
1503 1412 1635 1448 οὐδεμίαν
1656 1420 1687 1438 τε
1710 1411 1799 1437 ἐπιτί-

1006 1470 1092 1497 μησιν
1106 1461 1273 1495 ἐνδιδούσης,
1296 1460 1376 1486 τοῦτο
1396 1459 1445 1495 μὲν
1472 1459 1514 1497 ὅτι
1533 1459 1581 1486 ἐπὶ
1601 1457 1681 1493 ξυροῦ
1704 1457 1799 1484 ἵστατο

1003 1508 1108 1543 ἀκμῆς,
1117 1506 1233 1534 τοῦτοδὲ
1248 1507 1289 1533 ὅτι
1303 1505 1425 1541 μηδεμία
1434 1505 1528 1539 ὄνησις
1539 1505 1597 1536 τοῖς
1610 1503 1681 1530 οὕτω
1692 1511 1799 1538 κεκρα-

158 1549 196 1576 ita
209 1549 344 1584 percitos;
359 1549 431 1584 quod
450 1549 585 1583 reliquum
600 1552 671 1580 erat,
682 1547 837 1576 extremum
851 1549 952 1576 athleta

1025 1554 1134 1590 ημένοις
1149 1552 1310 1588 ἐπιτίμησις
1325 1552 1342 1587 ἢ
1361 1550 1534 1586 παραίνεσις,
1547 1549 1562 1576 ὃ
1578 1549 1671 1576 λοιπὸν
1685 1546 1730 1583 ἧν,
1747 1547 1798 1583 τὴν

157 1604 222 1632 erga
233 1604 298 1624 suos
315 1596 459 1624 carniﬁces
473 1595 610 1630 expromit
629 1595 759 1628 ofﬁcium,
775 1599 858 1630 atque
875 1600 904 1622 ut
917 1603 952 1623 ne

158 1642 214 1670 illis
237 1647 380 1677 peccatum
397 1644 524 1677 imputet,
544 1649 719 1669 communem
739 1641 886 1670 Dominum
902 1641 950 1669 de-

158 1691 298 1722 precatur.
326 1687 394 1720 Quis
420 1692 511 1714 autem
526 1687 591 1714 hic?
611 1694 709 1722 nempe
724 1687 747 1715 is
770 1686 817 1722 qui
841 1687 950 1723 longam

158 1741 248 1769 nuper
277 1733 349 1768 apud
364 1733 474 1761 Judaeos
490 1733 653 1761 recitaverat
666 1732 884 1761 admonitionem
910 1738 951 1760 at-

158 1787 212 1814 que
224 1779 378 1807 doctrinam
395 1787 401 1805 :
418 1779 489 1806 idem
517 1786 579 1806 cum
599 1785 648 1806 eos
674 1778 789 1806 vidisset
819 1778 951 1806 adversus

158 1824 330 1852 hortamenta
346 1831 395 1852 sua
416 1828 604 1855 contumaces,
619 1828 701 1858 atque
724 1823 758 1850 ad
775 1823 866 1851 scelus
894 1823 951 1851 ala-

158 1870 272 1903 criores,
283 1870 356 1905 juste
368 1870 516 1897 admodum
535 1869 801 1904 reprehensionibus
813 1873 896 1904 atque
909 1869 952 1896 in-

156 1915 332 1943 vectionibus
343 1922 473 1946 onerans.
489 1915 698 1942 incircumcisos
711 1915 794 1942 corde
817 1915 951 1950 durisque

156 1961 326 1993 cervicibus.
347 1961 499 1988 homicidas
518 1968 550 1988 ac
564 1960 729 1995 proditores,
743 1961 852 1988 vocavit
867 1965 951 1996 atquc

157 2008 293 2042 coarguit,
314 2011 341 2034 et
365 2007 454 2041 patrio
480 2007 594 2034 crimine
610 2006 739 2037 imbutos.
755 2007 949 2042 prophetarum

157 2053 264 2080 scilicet
277 2052 449 2080 occisoribus
461 2052 576 2087 genitos.
595 2052 686 2085 Quare
700 2061 756 2080 non
770 2054 859 2081 solum
870 2055 951 2084 nobis

157 2100 200 2128 vir
212 2100 256 2128 hic
273 2100 359 2136 gratia
372 2104 400 2127 et
412 2099 545 2135 sapientia
560 2105 712 2135 sanctoque
727 2101 833 2136 Spiritu
846 2109 879 2129 ac
895 2102 951 2130 vir-

157 2150 215 2173 tute
227 2145 323 2180 plenus
346 2152 401 2173 non
428 2145 601 2177 adversatur.
619 2153 712 2174 verum
738 2147 857 2175 maxime
879 2147 952 2176 favet

155 2199 189 2219 ac
205 2191 403 2226 patrocinatur.
424 2191 502 2224 Quod
519 2192 543 2220 si
559 2192 719 2221 verissimus
737 2193 844 2221 Domini
869 2194 951 2222 disci-

1005 1600 1124 1636 ἐσχάτην
1136 1601 1150 1626 ὁ
1166 1598 1287 1634 ἀθλητὴς
1299 1598 1345 1624 ἐπὶ
1357 1597 1422 1628 τοὺς
1433 1595 1567 1630 φονευτὰς
1583 1595 1703 1630 ἁρπάζει
1715 1594 1798 1629 θερα-

1004 1646 1085 1673 πείαν
1096 1654 1103 1661 ·
1120 1646 1168 1672 καὶ
1189 1645 1226 1680 μὴ
1248 1644 1345 1679 στῆσαι
1362 1643 1452 1674 αὐτοῖς
1465 1642 1514 1677 τὴν
1530 1640 1668 1676 ἁμαρτίαν
1682 1639 1728 1666 τὸν
1740 1648 1799 1666 κοι-

1003 1694 1049 1722 νὺν
1063 1693 1202 1726 Δεσπότην
1212 1692 1323 1725 ἐξαιτεῖ.
1339 1691 1388 1722 Τίς
1399 1686 1492 1722 οὗτος
1513 1689 1542 1715 '0
1558 1688 1667 1724 μακρὰν
1682 1688 1732 1722 μὲν
1747 1687 1799 1714 αὺ-

1003 1743 1061 1774 τοῖς
1081 1741 1214 1777 πρότερον
1234 1739 1394 1774 νουθέτησιν
1419 1737 1467 1764 καὶ
1490 1736 1667 1763 διδασκαλίαν
1686 1735 1799 1762 ἀποτεί-

1003 1797 1053 1820 νας
1065 1796 1073 1803 ·
1088 1787 1126 1818 ὡς
1143 1786 1165 1813 δ’
1181 1785 1394 1820 ἀπειθεστέρους
1407 1792 1436 1810 τε
1449 1784 1506 1814 τοῖς
1517 1781 1680 1818 παραινοῦσι
1694 1780 1797 1815 λόγοις,

1004 1833 1053 1861 καὶ
1069 1832 1169 1868 μᾶλλον
1185 1831 1260 1866 ἐώρα
1275 1830 1345 1865 πρὸς
1365 1828 1528 1855 δυσσέϐειαν
1547 1826 1796 1863 παροξυνομένους,

1003 1879 1064 1906 τότε
1080 1877 1122 1914 δὴ,
1136 1877 1198 1904 τότε
1213 1875 1262 1903 καὶ
1283 1874 1356 1910 μάλα
1374 1873 1552 1907 δικαίως,κα“ι
1577 1874 1634 1904 τοῖς
1655 1871 1798 1907 ἒ>.έγχουσί

1003 1933 1034 1951 τε
1048 1924 1096 1951 καὶ
1120 1921 1309 1958 στηλιτεύουσι
1329 1920 1441 1952 τούτους
1460 1918 1616 1951 ὑποϐαλὼν,
1638 1918 1797 1952 ἀπεριτμή-

1003 1979 1066 2002 τους
1080 1970 1113 2004 τῇ
1131 1967 1231 2003 καρδίᾳ
1243 1967 1290 1994 καὶ
1307 1965 1567 2002 σκληροτραχήλους
1580 1964 1648 2000 (l7),
1665 1964 1798 1998 φονεῖςτε

1004 2016 1052 2042 καὶ
1071 2013 1215 2050 προδότας,
1233 2013 1281 2040 καὶ
1293 2011 1458 2047 προγονικὸν
1474 2011 1505 2038 τὺ
1521 2011 1629 2046 μίασμα
1650 2010 1797 2045 φέροντας,

1004 2062 1052 2089 ἆτε
1067 2060 1100 2096 δὴ
1116 2059 1344 2095 προφητοκτὸνων
1359 2058 1453 2089 τέκνα,
1467 2057 1575 2088 δεικνὺς
1594 2057 1653 2092 ἅμα
1668 2056 1716 2082 καλ⁸
1728 2056 1798 2082 ἁπο-

1003 2106 1106 2134 καλῶν.
1124 2106 1206 2131 Ὥστε
1222 2105 1252 2131 οὐ
1268 2104 1348 2140 μόνον
1364 2102 1491 2138 οὐδαμῶς
1503 2103 1570 2138 ἡμῖν
1588 2103 1602 2129 ὸ
1616 2102 1725 2137 πλήρης
1744 2101 1798 2136 χὰο

1006 2160 1078 2188 ριτος
1091 2151 1139 2178 καὶ
1151 2150 1246 2184 σοφίας
1262 2149 1309 2176 καὶ.
1324 2149 1484 2184 Πνεύματος
1501 2148 1579 2182 ἁγίου
1593 2148 1641 2174 καὶ
1651 2147 1798 2181 δυνάμεως

1003 2199 1034 2225 οὐ
1050 2197 1100 2234 μὲν
1113 2194 1160 2224 οὖν
1174 2195 1381 2231 ἀνταγωνιστὴς
1396 2195 1446 2222 οὐκ
1469 2194 1553 2227 ἐστιν,
1571 2193 1640 2221 ἀλλὰ
1663 2193 1710 2220 καὶ
1725 2192 1798 2220 πάν-

155 2239 250 2274 pulus,
267 2243 474 2274 martyrumquc
488 2239 609 2274 primus.
637 2239 801 2267 sententiam
825 2244 949 2269 nostram

1025 2254 1057 2272 ιον
1073 2244 1192 2280 μάλιστα
1217 2241 1422 2278 συναγωνιστὴς
1443 2241 1490 2268 καὶ
1509 2240 1678 2275 ὑπέρμαχος.
1702 2239 1734 2266 Εἰ
1747 2238 1800 2265 δ’ὁ

156 2285 314 2320 factisipsis
329 2290 442 2313 secutus
453 2290 507 2317 est,
522 2286 591 2313 satis
601 2285 667 2313 hinc
684 2292 798 2321 apparet
809 2287 837 2314 in
853 2289 949 2316 eodem

155 2333 282 2360 instituto
297 2332 382 2360 fuisse
404 2332 579 2367 magistrum.
608 2331 648 2359 Ne
665 2331 721 2367 jam
736 2341 948 2362 commemorem

153 2378 254 2405 verba:
269 2386 278 2403 ι
286 2377 341 2405 Vos
351 2385 385 2405 ex
402 2382 478 2412 patre
490 2377 591 2404 diaboli
599 2377 667 2405 estis
677 2377 716 2410 ³³;
728 2387 737 2403 ι
745 2382 773 2405 et
783 2386 792 2404 ι
803 2378 949 2406 Generatio

153 2431 239 2459 prava
253 2431 285 2451 ac
299 2423 422 2451 adultera
431 2423 469 2457 “;
484 2432 493 2449 ι
510 2429 537 2451 et
552 2429 680 2450 sexcenta
698 2423 750 2451 alia
768 2433 774 2451 :
792 2432 909 2459 quorum
920 2430 948 2452 et

154 2477 232 2497 reum
258 2477 321 2498 esse
343 2469 486 2504 judaicum
516 2469 814 2505 populurn;simulque
838 2478 947 2498 corona:

155 2519 295 2543 auctorem
318 2515 464 2543 Dominum
478 2515 506 2541 in
522 2516 617 2542 eodem
636 2523 728 2543 secum
751 2524 833 2551 opere
846 2517 949 2544 doctri—

157 2569 247 2597 naque
260 2567 428 2594 versantem,
451 2569 499 2589 seu
512 2562 715 2597 praedicationis
730 2562 887 2590 sinceritate
900 2571 948 2590 seu

156 2608 291 2636 fundendi
315 2609 460 2644 sanguinis
475 2608 628 2642 alacritate,
645 2608 786 2636 evidenter
805 2617 837 2636 ac
861 2609 951 2644 splen-

154 2654 218 2682 dide
231 2660 381 2682 coronatus
402 2658 495 2682 noster
515 2654 634 2682 ostendit
647 2663 654 2681 :
667 2654 774 2682 etiamsi
790 2654 888 2682 deinde
902 2655 950 2682 bo-

153 2701 199 2729 nis
226 2700 355 2736 precibus
381 2705 464 2736 atque
491 2700 582 2732 venia,
609 2703 671 2735 post
687 2704 814 2728 caeteram
833 2707 945 2728 omnem

1003 2291 1115 2326 γνήσιος
1129 2289 1177 2316 τοῦ
1193 2289 1328 2315 Δεσπότου
1347 2287 1472 2322 μαθητὴς
1489 2287 1536 2313 καὶ
1553 2285 1701 2321 μαρτύρων
1717 2284 1798 2320 πρῶ-

1002 2346 1048 2369 τος
1063 2335 1142 2369 δόξαν
1158 2336 1223 2371 ἡμῖν
1235 2335 1292 2366 τοῖς
1307 2334 1398 2370 ἔργοις
1421 2333 1505 2365 ἔδειξε
1525 2331 1664 2368 μετελθὼν
1683 2332 1734 2367 τὴν
1747 2332 1799 2358 αὖ-

1002 2381 1062 2418 τὴν,
1076 2381 1155 2415 δῆλον
1169 2381 1209 2407 ὅτι
1223 2379 1270 2407 καὶ
1284 2379 1330 2405 τδν
1345 2378 1505 2405 διδάσκαλον
1516 2385 1522 2392 ·
1539 2378 1583 2404 ἵνα
1597 2377 1635 2412 μὴ
1643 2376 1690 2404 νῦν
1701 2376 1778 2410 λέγω
1788 2384 1798 2392 '

1005 2437 1014 2454 ‹
1026 2428 1121 2462 Ὑμεῖς
1142 2427 1174 2452 ἐκ
1199 2424 1246 2452 τοῦ
1274 2424 1378 2460 πατρὸς
1401 2424 1446 2451 τοῦ
1463 2423 1589 2450 διαϐόλου
1607 2423 1666 2458 (18)
1681 2422 1745 2449 ἔστὲ
1758 2430 1767 2438 ~
1786 2430 1797 2448 ι

1001 2473 1066 2500 καί·
1087 2482 1095 2498 ι
1118 2471 1201 2498 Γενεὰ
1224 2471 1332 2506 πονηρὰ
1360 2471 1408 2497 καὶ
1439 2469 1580 2504 μοιχαλίς·
1602 2479 1612 2495 ι
1636 2469 1683 2495 καὶ
1711 2468 1800 2504 μυρία

1001 2518 1070 2545 ἄλλα
1081 2514 1118 2544 ὧν
1133 2517 1163 2544 τὸ
1183 2515 1317 2543 Ἰουδαίων
1341 2515 1417 2546 ἔθνος
1433 2514 1594 2545 ὑπεύθυνον,
1608 2513 1643 2540 τὰ
1663 2512 1734 2539 αὐτὰ
1749 2512 1799 2538 καὶ

1001 2563 1183 2597 τελεσάμενον
1199 2562 1247 2588 καὶ
1259 2561 1405 2594 διδάξαντα
1412 2560 1458 2586 τὸν
1470 2559 1666 2594 στεφανοδότην
1680 2557 1720 2592 τῷ
1730 2565 1800 2592 γνη-

1004 2609 1053 2644 σίῳ
1069 2609 1188 2644 μάλιστα
1212 2608 1260 2635 τοῦ
1287 2606 1476 2642 κηρύγματος,
1498 2605 1546 2632 καὶ
1569 2605 1608 2640 τῷ
1629 2604 1663 2630 δι’
1680 2604 1800 2638 αἵματος

1004 2656 1080 2689 πόθῳ
1093 2654 1230 2690 λαμπρῶς
1242 2654 1290 2680 καὶ
1305 2651 1500 2688 ἀναμφιϐόλως
1517 2651 1531 2678 ὸ
1545 2650 1708 2684 στεφανίτης
1723 2658 1798 2683 παρα

1004 2702 1105 2737 έστησε
1117 2709 1124 2715 ·
1141 2700 1194 2727 κᾶν
1207 2700 1273 2735 εὐχῇ
1286 2699 1332 2726 καὶ
1349 2697 1497 2734 συγγνώμῃ
1510 2697 1580 2733 μετὰ
1601 2694 1799 2732 προκαταϐλη-

190 2759 211 2775 ³¹
229 2760 288 2787 Act.
302 2767 351 2792 vn,
365 2759 410 2787 60.
454 2759 477 2775 ³¹
492 2758 559 2786 Luc.
572 2764 650 2790 XXIII,
666 2757 711 2784 54.
751 2758 774 2773 ⁸³
786 2757 865 2784 Jozin.
887 2766 947 2790 vm,

1042 2760 1065 2775 ³⁵
1079 2759 1174 2787 Matth.
1197 2767 1245 2791 xu,
1263 2758 1307 2785 59.

917 2818 1034 2847 NOTAE.

191 2866 246 2900 (l7)
262 2867 329 2894 Cod.
345 2866 587 2902 σκληροναρδίους.

192 2903 249 2938 (18)
269 2900 436 2929 Vocabulum
449 2900 574 2938 διαβόλου
591 2901 645 2937 τι)δί
660 2909 674 2927 a
689 2901 791 2936 πατρὺς
808 2900 949 2938 existima:

158 2936 220 2965 runt
246 2938 370 2966 nonnulli
396 2942 465 2966 teste
492 2936 601 2972 Photio,
627 2938 674 2973 qui
700 2939 733 2964 de
757 2941 834 2970 patre
847 2936 950 2965 diaboli

1004 2867 1126 2902 disputat
1141 2866 1168 2893 in
1183 2865 1387 2902 ampliaqua‘st.
1397 2863 1430 2891 88
1443 2862 1543 2902 illunc
1556 2859 1625 2902 2.511
1634 2859 1704 2900 apud
1717 2857 1798 2899 Wol-

1004 2895 1081 2936 tium,
1096 2907 1123 2930 et
1135 2901 1268 2938 prolixius
1282 2895 1309 2928 in
1324 2902 1420 2936 quaest.
1436 2898 1471 2927 ΓΙ
1484 2897 1588 2926 codicis
1604 2895 1740 2924 Vaticani.
