1881 3077
104 145 134 177 ’Π
623 150 673 180 ΑΙ)
691 148 898 180 AMPHILOCI

983 152 986 180 ζ
1001 151 1173 187 QU/ESTIO
1197 150 1220 180 Ι.
1689 147 1725 178 78

104 206 191 235 θεῖσιν
205 206 298 233 πᾶσαν
310 206 394 242 ἀλλην
415 207 545 242 προνοίας
566 216 596 234 τε
616 208 665 234 καὶ
679 208 885 243 φιλανθρωπίας

983 216 1009 236 ‘ze
1032 217 1064 237 ac
1079 207 1234 236 dilectionis
1252 207 1411 234 exhaustam
1429 205 1578 238 rationem,
1598 205 1725 233 Servator

105 245 213 285 μέθοδον
226 251 241 277 ό
252 250 348 286 Σωτὴρ
360 251 407 278 τοῦ
418 251 513 285 γένους
527 252 591 284 τοὺς
605 252 649 279 διά
662 253 779 289 σταυροῦ
802 253 885 281 θάνα-

104 304 146 323 τον
157 296 232 331 αὑτῷ
244 297 444 330 ἐπενεγκόντας
456 297 599 332 ἀνέφερεν.

136 344 189 375 κγ’.
201 341 283 367 Ἀλλά
291 341 378 368 ταῦτα
389 341 439 377 μὲν
448 343 512 373 ίσως
520 343 568 369 καὶ
577 343 627 378 τῆς
636 343 777 379 παρούσης
785 344 889 380 μακρό-

105 395 180 421 τερον
187 387 343 419 ὑποθέσεως
349 396 356 403 ·
367 388 451 422 χωρὶς
460 388 551 422 μέντοι
559 397 591 422 γε
597 389 651 416 τῶν
658 389 889 425 προεκτεθέντων,

105 431 151 458 καὶ
165 431 242 466 παρά
254 431 285 458 τὸ
301 431 391 458 διττὸν
402 431 449 458 τοῦ
464 433 596 467 ὀνόματος
619 434 780 470 συνταράξαι
803 434 836 461 ἀν
848 443 891 465 τις

106 477 134 502 τὸ
149 476 275 511 βούλημα
287 477 335 510 τῆς
348 478 460 512 Γραφῆς
470 478 520 505 οὐκ
536 479 566 505 ἑν
583 478 695 511 ὀλίγοις.
711 479 814 506 Αὐτίκα
832 488 841 504 ι
855 480 891 506 τά

106 521 177 548 κακὰ
196 523 245 549 καὶ.
273 523 325 549 οὐκ
351 523 425 550 ἔστιν
445 523 464 550 ἃ
488 524 526 559 μὴ
549 524 638 557 κτίζει
665 524 785 560 Κύριος·
808 535 817 551 ι
832 525 891 557 καὶ,

108 577 118 593 ι
133 568 194 594 Τῶν
209 568 304 595 κακῶν
315 569 396 595 πάλιν
413 569 519 602 οὐδενός
534 571 607 597 ἐστιν
624 571 720 602 αίτιος.
736 580 746 597 ι
762 571 817 598 Καὶ
834 570 894 602 πῶς

108 615 139 641 ἂν
156 614 358 650 συμϐιὸασθείη
382 615 478 648 ταῦτα,
492 617 517 642 εί
537 617 575 651 μὴ
590 617 621 642 τὺ
632 616 720 643 διττὸν
739 616 789 650 τῆς
802 616 894 651 φωνῆς

105 660 270 695 διαιτήσειε;
286 661 361 688 κα.κά
383 661 433 696 μὲν
447 661 573 695 λέγεσθαι
597 662 701 697 κυρίως
715 661 750 688 τὰ
768 662 895 697 ἁμαρτή-

109 714 191 740 ματα,
208 702 247 732 ὧν
262 707 323 733 ἐστι
338 706 430 733 καὶτὸ
450 707 529 733 Θείον
549 707 686 734 ἀναίτιον·
705 707 779 734 κακά
794 707 824 733 δὲ
846 707 895 733 καὶ

107 751 141 778 τὰ
149 751 180 778 λυ
185 751 286 778 ποῦντα
297 752 378 779 πάλιν
396 753 444 779 καὶ
453 752 601 788 ἀδούλητα,
611 754 689 785 νόσος
699 754 746 780 καὶ
755 753 835 780 πενία
846 753 894 780 καὶ

108 797 262 832 τραύματα,
274 798 355 833 ἀκρὶς
370 799 417 824 καὶ
427 798 540 834 βροῦχος
552 799 601 826 καὶ
612 799 725 835 ἑρυσίὸη
739 799 785 826 καὶ
795 800 903 834 κάμπηι

109 845 154 871 καὶ
161 844 279 880 χάλαζα,
287 846 333 871 καὶ
343 846 394 872 ὃσα
403 845 471 872 ἀλλα
479 846 608 878 πολλάκις
618 847 635 882 ἡ
643 846 767 882 Πρόνοια,
781 847 830 878 τὰς
839 846 893 873 τῶν

109 890 343 926 πλημμελούντων
357 892 446 926 ὁρμὰς
458 891 670 925 ἀναστέλλουσα,
687 892 734 919 καὶ
747 893 802 918 τῶν
819 892 896 926 κηλί-

108 937 161 963 δων
179 937 415 972 ἀποκαθαίρουσα,
432 938 489 969 τοῖς
508 938 612 973 ἐνόχοις
625 939 772 972 ἐπαφιέναι
794 939 841 965 καὶ
853 938 897 965 λέ-

109 991 187 1017 γεται
202 983 251 1009 καὶ
263 982 421 1009 πιστεύεται
431 991 438 998 ·
451 983 482 1015 οὐ
495 983 650 1010 κακῦνουσα
671 983 701 1010 τὸ
715 983 895 1019 ἀνθρώπινον,

108 1027 168 1054 οὐδὲ
184 1028 253 1062 πρὸς
266 1028 297 1054 τὸ
309 1029 399 1063 χεῖρον
413 1028 444 1054 τὺ
453 1028 650 1065 δημιούργημα
663 1029 896 1065 μεταπλάττουσα,

112 1071 147 1106 μή
160 1079 188 1097 τι
203 1070 316 1106 γένηται
329 1079 336 1087 ·
356 1072 502 1106 ἀπάγουσα
515 1073 544 1100 δὲ
561 1073 616 1100 τῶν
639 1074 812 1101 κακυνόντων
828 1074 897 1109 μᾶλ-

109 1115 164 1147 λον,
181 1116 230 1142 καὶ
249 1117 283 1151 τῇ
303 1117 464 1152 καταλλήλῳ
485 1118 532 1144 τοῦ
551 1118 694 1151 νοσοῦντος
710 1119 845 1155 θεραπείᾳ
867 1119 898 1146 τὺ

108 1158 290 1193 ἡρρωστηκὺς
297 1160 347 1194 τῆς
358 1159 469 1195 γνώμης
479 1161 546 1197 πρὸς
556 1162 586 1188 τὸ
592 1163 704 1197 ἄμεινον
712 1163 896 1197 ὲπανάγουσα.

110 1203 237 1230 Τοιοῦτον
258 1203 293 1230 ἂν
316 1204 360 1240 εἴη
382 1205 430 1232 καὶ
455 1206 496 1238 τὸ,
514 1216 524 1232 ι
549 1208 711 1243 Παρέδωκεν
731 1209 830 1241 αὐτοὺς
851 1209 900 1236 λα-

109 1249 216 1283 τρεύειν
232 1251 266 1285 τῇ
290 1252 405 1287 στρατιᾷ
418 1251 466 1278 τοῦ
480 1253 608 1288 οὐρανοῦ.
634 1263 644 1280 ι
666 1269 703 1275 -
720 1263 729 1280 ι
747 1255 803 1282 Καὶ
827 1264 899 1290 παρ-

109 1295 210 1321 έδωκεν
218 1296 319 1327 αὐτοὺς
327 1297 367 1328 είς
377 1298 450 1333 πάθη
462 1298 584 1333 ἀτιμίας.
591 1308 601 1324 ι
610 1314 644 1319 ——
654 1309 664 1325 ι
674 1300 731 1327 Καὶ
742 1300 842 1327 ἔδωκεν
850 1301 900 1327 ιιιιῖι⁶

109 1342 163 1385 τοῖς
179 1341 289 1377 πνεῦμα
298 1343 642 1380 κατανύξεως,όφθαλμοὺς
652 1346 700 1372 τοῦ
712 1347 750 1382 μὴ
760 1346 879 1382 βλέπειν.
886 1356 896 1373 ι

110 1387 165 1421 Τῆς
178 1388 234 1423 γὰρ
245 1389 337 1423 φωνῆς
348 1389 379 1416 τὸ
389 1389 533 1426 ὁμώνυμον
549 1391 697 1425 κάνταῦθα,
710 1393 741 1419 οὐ
754 1394 834 1428 τυχὸν
851 1394 900 1428 μὲν

109 1432 284 1467 διακρίσεως,
303 1435 341 1466 είς
358 1436 474 1462 ἀτοπίαν
496 1437 643 1472 συστρέφει
666 1437 697 1464 τὸ
718 1438 817 1473 νόημα.
837 1439 900 1472 Πῶς

110 1477 164 1512 γὰρ
181 1478 228 1504 καὶ
243 1479 309 1505 πότε
323 1480 439 1515 ψυχικὸν
453 1481 531 1517 ὄμμα
552 1483 648 1517 τυφλοῖ
661 1484 676 1510 ὁ
698 1483 780 1518 Θεόςς
799 1485 858 1517 πῶς
870 1485 899 1512 δὲ

938 253 1045 288 generis
1064 258 1190 280 auctores
1206 251 1258 280 sibi
1281 259 1329 287 per
1343 258 1452 278 crucem
1468 251 1543 278 necis
1559 254 1725 286 prosccutus

938 302 992 325 est.

974 343 1021 371 25.
1051 342 1153 370 Verum
1184 343 1244 370 haec
1273 341 1390 369 fortasse
1415 341 1525 377 longius
1551 348 1566 368 a
1593 345 1729 375 prtesente

940 389 1080 424 proposito
1096 389 1205 416 abeunt.
1223 387 1255 414 Et
1266 387 1375 422 quidem
1389 392 1486 421 praeter
1502 387 1635 413 hactenus
1645 385 1729 418 dicta,

942 434 1059 461 nominis
1072 440 1180 468 quoque
1197 433 1362 467 ambiguitas
1390 432 1462 459 haud
1487 440 1548 459 raro
1569 432 1627 458 ﬁeri
1642 436 1731 465 potest

942 485 972 507 ut
990 479 1152 507 sententiam
1172 478 1326 506 conturbet.
1341 477 1442 511 Veluti,
1466 487 1475 503 ι
1496 477 1555 504 Non
1572 482 1614 505 est
1627 478 1730 504 malum

942 525 1013 560 quod
1029 532 1083 552 non
1104 524 1187 552 iaciat
1206 524 1340 551 Dominus
1350 524 1394 556 ²¹;
1415 533 1425 550 ι
1448 531 1611 558 rursusque,
1628 531 1637 548 ι
1664 523 1731 550 Nul-

942 571 995 598 lius
1010 570 1074 597 mali
1092 575 1188 597 auctor
1208 569 1341 597 Dominus
1355 573 1397 597 est
1414 569 1446 595 ¹⁸.
1469 578 1478 594 ι
1497 568 1639 601 Quomodo
1660 568 1730 600 haec,

943 617 1067 650 inquam,
1082 621 1244 649 congruent,
1268 615 1322 642 nisi
1341 614 1498 649 ambiguum
1523 613 1648 640 vocabuli
1669 620 1732 640 sen-

943 670 1004 689 sum
1017 660 1187 696 distinguas?
1202 660 1270 687 Mala
1282 660 1387 688 scilicet
1398 659 1529 694 primario
1540 667 1622 687 sensu
1634 658 1731 686 dicun-

945 712 990 734 llﬂ'
1012 711 1133 741 peccata,
1156 714 1274 741 quorum
1295 706 1367 733 Deus
1385 713 1470 733 causa
1497 713 1551 733 non
1573 709 1636 732 est:
1659 705 1731 732 mala

944 756 1074 787 praeterea
1090 757 1154 779 sunt
1169 751 1212 778 illa
1230 759 1290 786 quae
1304 750 1429 779 molestia
1448 751 1581 783 alliciunt,
1598 750 1733 784 nobisque

946 798 1038 825 invitis
1058 797 1196 830 accidunt,
1221 797 1344 830 morbus,
1365 801 1523 832 paupertas,
1543 797 1669 827 vulnera,
1690 795 1734 822 io-

946 846 1033 874 cnsta,
1049 841 1181 873 bruchus,
1198 841 1305 876 rubigo,
1318 848 1411 873 eruca,
1425 842 1538 875 grando,
1558 844 1584 867 et
1599 844 1735 875 quotquot

946 887 999 914 alia
1014 894 1201 922 saepenumero
1218 886 1272 914 reis
1297 887 1406 914 immitti
1424 894 1440 913 a
1456 887 1548 914 divina
1566 886 1734 922 providentia

944 934 1073 961 dicuntur
1086 938 1168 968 atque
1183 933 1340 966 creduntur,
1356 933 1397 960 vel
1414 937 1444 959 ut
1454 937 1564 961 ruentes
1578 932 1610 960 ad
1624 936 1734 967 peccata

946 978 1074 1005 mortales
1092 978 1228 1011 cohibeat,
1250 979 1292 1006 vel
1320 985 1350 1005 ιιι
1374 978 1450 1006 labes
1474 978 1568 1006 abluat
1587 985 1595 1004 :
1618 977 1734 1004 minime

946 1031 1010 1051 vero
1022 1028 1052 1051 ut
1066 1023 1195 1058 depravet
1211 1024 1361 1051 humanum
1385 1031 1482 1058 genus,
1505 1030 1594 1057 neque
1609 1026 1639 1049 ut
1655 1022 1734 1057 pejo-

947 1077 1004 1097 rem
1019 1070 1202 1097 conditionem
1218 1075 1350 1097 creatura:
1365 1077 1421 1097 suae
1446 1068 1527 1096 iaciat
1545 1068 1634 1101 Deus;
1660 1067 1735 1103 quod

946 1116 1034 1148 absit;
1054 1115 1110 1142 imo
1129 1116 1219 1150 potius
1241 1120 1271 1142 ut
1291 1123 1307 1142 a
1332 1115 1460 1142 vitiorum
1480 1114 1659 1142 irritamentis
1671 1114 1736 1141 abs-

949 1162 1048 1193 trahat,
1064 1165 1146 1196 atque
1168 1165 1198 1187 ut
1208 1168 1328 1194 congrua
1340 1160 1491 1187 laborantis
1504 1167 1583 1193 cura,
1597 1159 1734 1186 inﬁrmam

947 1207 1030 1234 animi
1042 1211 1145 1242 partem
1163 1207 1197 1234 ad
1220 1207 1360 1234 meliorem
1378 1205 1484 1241 frugem
1503 1209 1621 1233 revocet.
1640 1204 1737 1239 Hujus-

948 1251 1021 1278 modi
1043 1251 1095 1279 erit
1117 1251 1199 1278 etiam
1215 1251 1337 1279 locutio:
1353 1260 1363 1277 ι
1378 1250 1409 1279 Ει
1427 1251 1538 1278 tradidit
1559 1258 1607 1279 eos
1633 1250 1737 1278 servire

949 1296 1052 1324 militiae
1069 1297 1129 1324 coeli
1147 1297 1180 1324 ".
1197 1305 1206 1322 ι
1223 1311 1258 1317 -
1272 1305 1281 1322 ι
1300 1296 1334 1323 Ει
1351 1296 1463 1324 tradidit
1477 1303 1524 1324 eos
1537 1296 1565 1324 in
1591 1296 1737 1331 passiones

950 1342 1106 1377 ignominias
1122 1342 1157 1374 ³⁸,
1173 1352 1183 1368 ι
1204 1357 1240 1362 —
1256 1351 1266 1368 ι
1280 1341 1314 1369 Ει
1326 1341 1448 1370 dediteis
1465 1341 1590 1376 spiritum
1602 1349 1736 1376 compun-

949 1388 1059 1419 ctionis.
1079 1388 1174 1416 oeulos
1196 1395 1230 1415 nc
1247 1387 1357 1415 videant
1371 1388 1406 1414 ³⁸.
1427 1397 1436 1413 ι
1453 1386 1521 1414 Nam
1537 1387 1661 1415 vocabuli
1684 1387 1738 1414 ho-

950 1433 1086 1469 monymia
1112 1433 1156 1460 hic
1179 1440 1299 1468 quoque,
1319 1432 1372 1460 nisi
1385 1432 1570 1464 discernatur,
1589 1431 1739 1459 absurdam
1787 1444 1790 1446 ν

950 1481 1112 1508 sententiam
1133 1479 1213 1515 parit.
1229 1478 1371 1512 Quomodo
1387 1479 1459 1506 enim
1478 1482 1525 1505 aut
1550 1478 1660 1513 quando
1679 1477 1740 1504 ani-

111 1524 225 1552 πάθεσιν
236 1525 251 1550 ὁ
269 1526 373 1553 τούτων
386 1526 551 1563 καθαιρέτης
565 1529 612 1556 uel.
624 1529 736 1566 ἀσεϐείᾳ
751 1532 799 1558 καὶ
811 1531 898 1568 πλάνῃ

983 1535 1001 1555 se
1020 1527 1129 1554 oculum
1150 1530 1266 1554 cxcmcat
1290 1524 1383 1552 Deus?
1398 1524 1536 1560 quomodo
1551 1523 1738 1559 passionibus,

111 1569 297 1605 mpuSlGent;
313 1572 503 1608 Διακριθέντος
512 1574 542 1600 δὲ
552 1575 610 1605 τοῖς
628 1576 839 1611 σημαινομένοις
851 1577 898 1603 τοῦ

112 1614 245 1648 ῥήματος,
260 1616 359 1648 παντὸς
379 1617 393 1642 ὁ
408 1617 485 1651 λόγος
505 1618 672 1654 σοφίσματος
690 1620 847 1647 ἀπολύεται.
863 1621 900 1648 Τὸ

111 1660 176 1700 γάρ,
190 1660 357 1695 παρέδωκε,
376 1663 503 1697 σημαίνει
518 1663 568 1698 μὲν
587 1665 675 1691 καὶτὸ
690 1666 838 1700 ἐνεχείρισε
852 1666 900 1693 καὶ

113 1706 306 1741 παρέπεμψεν,
329 1707 345 1742 ἦ
367 1707 505 1742 συνώθησε
524 1709 572 1735 καὶ
596 1709 748 1744 συνήλασε·
774 1710 900 1745 σημαίνει

111 1751 134 1777 δ’
147 1751 225 1778 οὐδὲν
249 1752 359 1780 ἔλαττον
379 1753 426 1780 καὶ
444 1753 562 1789 μάλιστά
576 1763 608 1789 γε
624 1755 664 1790 τῷ
686 1754 838 1791 βουλήματι
852 1757 901 1791 τῆς

113 1795 227 1831 Γραφῆς
242 1799 290 1824 καὶ
304 1797 334 1824 τὸ
349 1800 534 1834 συνεχώρησε,
546 1799 689 1834 καθυφῆκε
701 1800 748 1826 καὶ
759 1801 899 1834 ἐνέδωκεν,

113 1842 187 1868 εἴασε
204 1842 337 1878 φέρεσθαι
353 1845 412 1875 ταῖς
429 1845 539 1879 ὁρμαῖς,
559 1845 650 1880 ἀφῆκε
669 1845 700 1872 τὸ
711 1845 835 1873 ἑκούσιον
850 1847 900 1873 αὐ-

113 1889 273 1916 τοδέσποτον
285 1898 294 1906 ο
309 1890 371 1917 καθ’
389 1890 404 1918 ὅ
419 1892 619 1927 σημαινόμενον
633 1892 840 1928 ὑπειλημμένον
854 1893 900 1920 τοῦ

114 1935 297 1969 παρέδωκεν,
317 1937 392 1963 οὐδὲν
410 1937 464 1964 τῶν
479 1937 642 1972 παραλόγων
662 1938 730 1969 ὅλως
745 1939 900 1974 ὑφίσταται.

121 1981 247 2014 ’Λφέλκει
263 1981 313 2016 μὲν
334 1981 387 2017 γὰρ
400 1982 430 2009 τὸ
447 1982 524 2009 Θεῖον
545 1983 619 2018 νόμῳ
635 1983 840 2020 φιλανθρωπίας
856 1985 902 2011 καὶ

116 2026 246 2060 προνοίας
258 2027 314 2053 τῶν
329 2027 423 2054 παθῶν
436 2028 483 2054 καὶ
496 2028 703 2064 ἁμαρτημάτων
722 2030 752 2056 τὺ
765 2030 903 2066 ἀνθρώπι-

116 2079 177 2098 νον·
197 2073 309 2100 ἐπειδὰν
325 2073 354 2100 δὲ
376 2074 526 2110 μοχθηρίας
540 2074 677 2111 ὑπερϐολῇ
691 2075 721 2102 τὺ
742 2075 904 2103 ἀναστελλόο

117 2126 198 2152 μενον
211 2119 261 2153 τῆς
280 2119 441 2154 εὐεργεσίας
452 2120 499 2146 καὶ
513 2121 623 2156 χάριτος
638 2121 688 2148 οὐκ
702 2121 834 2157 ἀνέχοιτο,
851 2122 904 2149 οὐδ’

117 2163 204 2189 ἐθέλοι
217 2163 258 2198 τῷ
274 2164 432 2199 μεθέλκοντι
448 2165 601 2198 πείθεσθαι,
617 2166 678 2193 τότε
693 2166 736 2202 δὴ,
749 2167 809 2194 τότε
818 2167 903 2195 ὑπεν-

116 2207 209 2235 δὶδωσι
232 2208 364 2244 φέρεσθαι
384 2212 417 2245 τῇ
435 2211 509 2247 ῥύμῃ
524 2211 554 2237 τὸ
567 2211 709 2245 ἀπειθοῦν,
730 2213 778 2239 καὶ
793 2213 904 2249 ἀφίησιν

116 2254 326 2289 ἁποκεχρῆσθαι
339 2255 377 2290 τῷ
390 2255 548 2291 βουλήματι,
559 2257 603 2284 ἵνα
619 2258 667 2293 μὴ,
684 2258 731 2285 ἐπὶ
747 2259 828 2285 πλέον
839 2261 905 2286 ἀνα-

119 2299 236 2326 στέλλων
250 2300 298 2326 καὶ
306 2301 487 2335 ἀναχαιτίζων
497 2302 545 2337 τῆς
557 2303 652 2338 ῥοπῆς,
664 2303 727 2339 δόξῃ
740 2304 905 2340 διαφθείρειν

117 2343 149 2370 τὸ
173 2344 361 2376 αὐτεξούσιον·
386 2345 433 2372 καὶ¹
458 2346 475 2381 ὴ
503 2347 647 2382 εὐεργεσία
674 2349 722 2375 καὶ
749 2349 766 2384 ἡ
792 2349 906 2384 πρόνοια

118 2389 175 2420 τοῖς
193 2389 335 2424 ἀγνώμοσι
347 2390 393 2416 καὶ
407 2390 562 2426 ἀχαρίστοις
578 2393 617 2423 είς
633 2392 760 2429 ἔγκλημα
778 2395 906 2430 περιτρέ-

119 2442 207 2462 ποιτο.

154 2481 204 2507 κδ’.
221 2481 301 2508 Κατά
316 2480 396 2508 τοῦτο
412 2482 444 2517 δὴ
454 2482 484 2508 τὺ
499 2483 697 2518 σημαινόμενον
713 2484 773 2516 ἔθος
783 2484 842 2511 ἐστὶ
855 2493 908 2512 πα-

120 2526 345 2561 ραλαμϐάνεσθαι
358 2529 414 2559 τοῖς
430 2528 511 2562 ἱεροῖς
523 2529 601 2564 ἡμῶν
612 2530 760 2565 Γράμμασι
771 2531 802 2557 τὸ
815 2531 908 2559 ἔδωκε

119 2573 168 2598 καὶ
183 2573 337 2607 παρέδωκε
356 2574 403 2600 καὶ
419 2574 446 2600 εἰ
460 2583 486 2601 τι
505 2575 641 2603 τοιοῦτον·
654 2576 722 2610 ὅπερ
737 2577 832 2605 οὐδένα
849 2578 908 2612 μῶ-

122 2626 173 2651 μον
185 2619 247 2645 οὐδὲ
264 2619 350 2655 λασὴν
367 2622 401 2655 τῇ
417 2620 608 2657 φιλανθρωπίᾳ
620 2622 668 2649 καὶ
687 2622 846 2659 δικαιοσύνῃ
861 2623 908 2650 τοῦ

120 2664 189 2690 Θεοῦ
211 2665 267 2691 οὐδ’
281 2666 433 2699 ἡντιναοῦν,
452 2666 490 2698 ὡς
507 2667 589 2694 πᾶσίν
611 2668 670 2694 ἐστι
681 2669 807 2704 φανερὸν,
822 2677 907 2705 προσ-

122 2710 213 2737 άπτει.
225 2710 306 2738 Οὕτω
324 2711 435 2746 λέγεται
453 2713 602 2749 σκληρῦναι
623 2713 704 2740 πάλιν
721 2715 772 2749 τὴν
795 2715 909 2750 καρδίαν

122 2755 239 2790 Φαραώ·
253 2757 302 2792 οὐχ
315 2758 356 2783 ὅτι
379 2757 470 2784 λαϐὼν
481 2759 607 2786 είκουσαν
622 2760 668 2786 καὶ
682 2759 847 2795 πειθομένην
860 2761 909 2787 αὺ-

122 2802 171 2829 τοῦ
190 2804 247 2834 τοῖς
264 2803 484 2839 προστάγμασιν,
499 2805 540 2836 εἰς
555 2805 587 2832 τὸ
610 2805 728 2841 σκληρὸν
744 2807 793 2834 καὶ
808 2807 908 2843 ἀτέρα-

953 1573 997 1600 ille
1014 1573 1059 1608 qui
1075 1573 1170 1599 harum
1186 1576 1317 1607 purgator
1331 1576 1384 1604 est,
1403 1575 1430 1598 et
1450 1570 1583 1605 impietati
1606 1575 1687 1604 atque
1699 1576 1740 1596 er-

953 1618 1008 1646 rori
1028 1617 1128 1645 tradit?
1147 1617 1287 1645 Distinctis
1308 1621 1399 1644 autem
1419 1616 1545 1644 vocabuli
1569 1615 1738 1648 nationibus,

953 1663 1027 1690 omni
1047 1662 1219 1690 cavillatione
1242 1663 1386 1697 expeditur
1412 1669 1514 1690 sermo.
1539 1661 1605 1689 Nam
1626 1662 1740 1689 verbum

954 1709 1065 1736 tradidit
1087 1708 1220 1744 signiﬁcat
1251 1715 1334 1736 sane:
1352 1708 1447 1735 aliena:
1477 1708 1604 1742 potestati
1625 1708 1740 1739 dedidit.

954 1754 1116 1786 transmisit,
1129 1755 1261 1790 compulit
1280 1763 1286 1780 2
1302 1754 1490 1786 nihilominus,
1510 1754 1564 1780 imo
1577 1761 1642 1780 vero
1652 1753 1740 1788 potis-

954 1801 1022 1828 sime
1035 1800 1186 1828 secundum
1212 1799 1502 1834 Scriptum-sensum,
1527 1799 1672 1831 concessit,
1697 1799 1742 1825 in-

954 1847 1048 1877 dulsit,
1065 1845 1199 1880 permisit,
1217 1845 1282 1872 ferri
1307 1845 1371 1872 sivit
1397 1845 1497 1879 impetu
1513 1851 1574 1877 suo,
1596 1843 1741 1871 arbitrium

954 1899 1015 1920 esse
1038 1891 1152 1919 liberum
1184 1898 1281 1925 passus
1303 1895 1365 1918 est:
1391 1890 1468 1924 juxta
1496 1897 1579 1924 quam
1602 1891 1741 1917 notionem

954 1937 1037 1964 verbo
1056 1936 1168 1963 tradidit
1186 1935 1333 1967 intellecto.
1351 1935 1427 1963 nulla
1438 1935 1595 1962 absurditas
1609 1935 1742 1969 sequitur.

955 1983 1057 2010 Avocat
1069 1983 1141 2010 enim
1160 1982 1232 2009 Deus
1256 1982 1378 2017 ingenito
1401 1981 1532 2009 bonitatis
1556 1981 1744 2017 providentia:-

955 2035 1009 2063 que
1022 2035 1078 2056 suae
1096 2035 1172 2056 more
1185 2034 1201 2054 a
1211 2027 1387 2062 passionibus
1401 2034 1433 2054 ac
1451 2027 1572 2063 peccatis
1591 2027 1718 2054 homines
1735 2036 1743 2054 :

956 2077 1143 2100 verumtamen
1158 2072 1203 2100 ubi
1218 2072 1257 2104 hi,
1268 2076 1413 2107 superante
1427 2072 1542 2105 malitia,
1558 2072 1652 2099 frenos
1667 2080 1682 2099 a
1703 2072 1744 2099 di—

956 2120 1018 2146 vina
1039 2118 1215 2146 beneﬁcentia
1243 2118 1384 2154 gratiaque
1411 2118 1527 2153 injectus
1551 2117 1741 2153 indignantur,

957 2166 1108 2200 noluntque
1125 2164 1274 2192 retrahenti
1298 2171 1402 2191 morem
1429 2171 1533 2199 gerere,
1555 2168 1613 2191 tum
1633 2163 1743 2191 demum

955 2211 1021 2238 sinit
1042 2218 1123 2238 cursu
1146 2217 1197 2238 suo
1222 2214 1399 2237 contumaces
1421 2208 1500 2241 ferri:
1524 2214 1605 2245 atque
1630 2207 1746 2235 arbitrio

956 2256 1083 2284 abolendi
1109 2255 1216 2290 copiam
1246 2254 1332 2282 facit:
1356 2262 1390 2281 ne
1413 2254 1437 2281 si
1462 2253 1534 2281 l'orte
1556 2252 1746 2281 vehementius

956 2302 1090 2329 inhiberet
1103 2308 1136 2329 ac
1149 2302 1260 2328 sisteret
1276 2300 1499 2335 propensionem,
1529 2299 1622 2326 liberal.
1645 2299 1745 2326 volun-

956 2347 1020 2374 tatis
1043 2346 1201 2374 facultatem
1223 2345 1402 2381 pessumdare
1422 2345 1559 2372 videretur
1576 2353 1582 2371 :
1602 2348 1684 2379 atque
1708 2343 1745 2371 ita

958 2392 1090 2420 beneﬁcia
1104 2391 1224 2426 ejusdem
1239 2392 1281 2418 vis
1297 2399 1328 2418 ac
1340 2390 1510 2426 providentia
1525 2389 1690 2417 vecordibus
1705 2394 1747 2417 at-

957 2447 1011 2474 que
1024 2439 1136 2473 ingratis
1151 2438 1260 2466 crimini
1279 2442 1442 2466 verteretur.

992 2485 1038 2512 24.
1059 2483 1115 2512 Hac
1138 2484 1221 2518 igitur
1237 2484 1343 2511 ratione
1357 2484 1447 2511 solent
1467 2481 1619 2516 Scriptura:
1643 2485 1746 2509 nostrae

958 2530 1049 2559 verbis
1062 2531 1100 2558 uti
1113 2530 1185 2557 dedit
1204 2535 1231 2558 et
1246 2530 1356 2557 tradidit
1370 2534 1397 2557 et
1411 2529 1507 2556 horum
1529 2528 1667 2555 similibus
1682 2536 1689 2555 :
1718 2528 1745 2555 id

959 2578 1032 2613 quod
1057 2577 1163 2605 nullum
1185 2577 1315 2612 probrum
1339 2575 1498 2609 nullamque
1526 2582 1621 2602 ansam
1640 2574 1746 2609 vitupe-

961 2622 1036 2649 randi
1047 2621 1094 2649 Dei
1104 2621 1251 2649 bonitatem
1267 2619 1504 2654 atquejustitiam,
1529 2623 1559 2645 ut
1584 2619 1684 2654 cuique
1697 2626 1746 2646 ex-

961 2669 1094 2704 ploratum
1106 2670 1158 2700 est,
1174 2666 1256 2701 parit.
1276 2664 1321 2692 Sic
1338 2672 1447 2691 rursum
1464 2663 1536 2691 Deus
1548 2663 1648 2691 dicitur
1666 2663 1748 2690 indu-

960 2714 1065 2742 ravisse
1084 2721 1133 2741 cor
1159 2711 1310 2740 Pharaonis
1331 2710 1375 2738 ‘°:
1401 2718 1455 2738 non
1482 2710 1554 2745 quod
1580 2710 1647 2737 illud
1666 2708 1748 2736 molle

960 2760 1063 2796 pridem
1078 2759 1190 2793 suisque
1200 2757 1323 2792 jussibus
1335 2757 1432 2790 docile,
1448 2756 1482 2784 ad
1504 2757 1645 2789 duritiem,
1667 2756 1748 2790 perti-

962 2806 1079 2838 naciam,
1094 2804 1348 2838 contumaciamth
1362 2802 1548 2835 converterit;
1564 2802 1610 2829 sed
1625 2801 1689 2837 quia
1700 2801 1746 2830 diu

161 2862 281 2891 "Amos
298 2871 341 2896 ιιι,
360 2863 387 2891 6.
426 2863 449 2880 ³⁸
461 2863 518 2893 Jac.
536 2872 554 2898 ι,
575 2865 617 2893 l5.
657 2865 678 2881 ³⁷
694 2866 753 2894 Act.
768 2874 814 2900 vu,
832 2867 877 2895 42.
896 2877 898 2882 ·

985 2874 1013 2893 n.
1031 2872 1049 2898 i,
1061 2863 1107 2892 26.
1146 2863 1167 2880 "
1183 2862 1264 2891 Rom.
1281 2870 1319 2896 ιι,
1338 2862 1366 2890 8.
1405 2862 1428 2879 ⁸ο
1443 2861 1528 2890 Exod.
1543 2869 1591 2895 vu,
1603 2860 1630 2889 5.
