1881 3077
115 108 152 138 79

115 168 177 193 data
198 173 280 202 opera
305 170 334 193 ut
352 173 399 194 cor
420 165 485 193 illud
510 166 544 193 ab
566 166 750 194 inobedientia
775 171 802 194 et
823 167 909 194 refra.
924 181 947 207 Α

115 213 201 240 clario
213 212 310 247 spiritu
326 217 478 245 revocaret,
496 217 643 248 postquam
656 212 814 249 Egyptium
831 214 909 241 nullo

116 257 200 286 modo
225 258 365 285 cedentum
387 266 476 292 neque
497 258 531 285 ad
557 259 740 286 obedientiam
767 267 909 287 reversum

116 303 211 336 sensit,
228 304 283 330 imo
295 311 361 331 vero
377 311 406 331 se
421 308 508 331 totum
529 304 555 331 in
577 305 714 331 contraria
733 306 910 340 repugnanti-

116 357 169 384 quc
191 350 325 377 sententia
351 349 562 382 oblirmantem:
592 350 663 378 Deus
697 351 744 386 qui
769 360 909 387 nunquam

116 396 193 423 liberi
217 396 271 423 vim
290 395 398 423 arbitrii
414 396 498 427 laedit,
522 397 586 424 sivit
608 405 670 423 eum
697 404 746 424 sua
769 397 911 425 voluntate

116 441 248 477 ferri,qui
264 442 371 468 meliori
387 441 505 469 consilio
518 449 622 468 morem
642 449 737 476 gerere
753 442 909 470 recusabat.

115 487 208 523 Neque
222 489 274 515 erit
293 488 454 519 absurdum,
473 488 561 523 siquis
574 487 628 515 hoc
644 488 706 516 loco
721 496 817 516 vocem
832 489 912 516 indu-

115 535 184 561 ravit
201 535 241 561 sic
257 533 313 561 fere
327 533 473 569 intelligat,
487 538 516 560 ut
540 534 639 561 durum
663 534 735 569 regis
758 542 807 562 cor
827 540 911 571 atque

116 580 290 616 praeit-actum
310 579 381 607 Deus
400 579 480 607 editis
503 579 635 614 prodigiis
658 580 811 608 evidentius
829 588 910 609 coar-

117 624 217 659 guerit,
231 628 258 651 et
272 624 473 652 contumaciam
489 624 548 658 ejus
566 625 645 660 quasi
659 625 799 661 triumpho
815 630 910 654 osten-

115 670 224 702 taverit,
244 670 474 705 desperatumque
488 675 515 697 et
531 670 706 698 intractabile
721 672 822 699 mentis
850 672 910 700 vul-

116 723 180 748 nus,
210 716 329 743 nnndum
350 716 480 743 omnibus
502 716 569 743 satis
590 716 742 752 cognitum,
765 717 910 745 manifesta

116 760 177 787 luce
207 760 396 796 impertiverit.
428 760 622 796 Prodigiorum
654 768 722 788 sane
749 758 910 796 magnitudo

117 813 179 833 cum
209 806 300 832 Omnis
324 805 527 832 adhortationis
550 805 745 842 suasionisquc
774 806 842 834 lines
862 814 911 834 ex-

116 852 240 885 cesserit,
256 859 345 887 neque
360 856 452 879 tamen
468 851 622 881 Pharaonis
638 853 759 881 animum
771 860 910 888 expugna-

117 899 196 931 verit,
225 906 316 926 nonne
340 906 477 926 summam
500 903 582 935 atque
604 899 786 928 insanabilem
816 899 910 927 cordis

117 945 177 979 ejus
193 945 323 972 duritiam
344 945 560 973 demonstravit?
587 945 633 973 Sic
657 953 723 980 ergo
745 945 908 977 locutiones,
925 955 948 985 Β

120 999 131 1015 ο
150 989 228 1017 Dedit
240 989 312 1017 Deus
328 990 367 1017 vel
383 990 495 1017 tradidit
513 991 542 1018 in
562 990 704 1025 passiones
719 990 906 1026 ignominiaep

118 1035 252 1070 itemque.
272 1045 281 1062 ι
300 1035 334 1063 Et
361 1036 500 1064 induravit
528 1045 577 1065 cor
601 1036 771 1069 Pharaonis,
795 1046 805 1063 ι
826 1044 910 1072 quas-

117 1079 184 1107 libet
198 1080 342 1107 calumniae
358 1081 472 1108 insidias
486 1087 631 1117 astumque
644 1081 821 1110 frustrantur.

152 1125 198 1152 25.
219 1125 279 1153 .lam
306 1126 371 1161 quid
401 1134 469 1162 opus
493 1132 535 1155 est
551 1135 597 1155 me
620 1132 718 1155 caetera
745 1128 910 1164 homonyma

117 1172 412 1207 persequi‘ZSiquidem
433 1173 474 1200 vel
491 1173 550 1208 qui:
570 1174 674 1209 syllaba
693 1179 792 1209 praeter
810 1175 909 1202 distin-

117 1218 217 1246 ctionis
236 1218 308 1254 leges
328 1219 427 1254 posita,
451 1227 506 1247 non
529 1220 696 1248 mediocrem
722 1221 909 1255 perturbatio-

117 1272 178 1291 nem
198 1264 446 1300 conl'usionemque
470 1265 574 1299 ignaris
591 1266 689 1292 harum
710 1266 799 1301 legum
821 1272 908 1295 creat.

119 1310 185 1342 Quir
204 1310 289 1342 enim,
302 1311 335 1337 de
351 1318 405 1345 qua
419 1319 493 1338 nunc
506 1311 624 1346 agimus,
645 1301 748 1347 syllaba
759 1313 911 1347 interroga-

118 1356 219 1383 tionem
232 1356 379 1391 signillrat.
395 1355 464 1383 Tum
486 1364 553 1384 vero
565 1364 627 1384 cum
647 1364 679 1384 ea
698 1365 807 1392 quoque
827 1365 911 1392 nega-

118 1402 193 1429 tione
205 1403 387 1436 construitur,
406 1410 467 1438 qua:
482 1403 524 1430 vel
546 1403 668 1438 apprime
683 1403 721 1430 illi
737 1404 909 1437 adversatur,

118 1455 179 1475 cum
193 1448 325 1476 vocabulo
344 1449 447 1476 scilicet
469 1456 554 1476 nemo.
577 1449 653 1477 Alias
676 1454 766 1477 autem
786 1449 911 1478 indeﬁni-

117 1499 173 1522 tam
188 1502 245 1522 rem
267 1495 396 1522 ostendit.
422 1494 474 1522 Sed
499 1503 587 1530 neque
608 1495 798 1524 admirationis
816 1501 911 1531 stupo-

117 1541 210 1575 risque
222 1540 274 1567 vim
292 1547 412 1568 recusat.
425 1540 495 1574 Quin
511 1541 579 1568 adeo
594 1541 627 1568 ad
644 1542 784 1569 raritatem
801 1550 911 1577 quoque

117 1585 291 1612 indicandam
307 1585 463 1617 adhibetur,
482 1593 532 1613 nec
545 1594 599 1612 non
618 1586 650 1612 ad
673 1586 910 1622 objurgationem;

117 1630 255 1658 interdum
268 1639 377 1666 quoque
395 1631 430 1658 ad
452 1631 658 1666 perplexitatem
686 1637 769 1667 atque
796 1633 907 1660 dubita-
923 1637 944 1667 ο

117 1675 231 1704 tionem.
256 1676 380 1712 Denique
394 1677 458 1712 quia
482 1677 621 1705 rcstrictio
641 1678 771 1705 modestis
790 1678 911 1705 homini-

117 1722 171 1750 bus
194 1723 337 1750 familiaris
362 1728 414 1756 est,
434 1731 468 1750 ne
495 1723 675 1752 humilitatem
694 1724 804 1759 quidem
821 1732 911 1760 neque

117 1767 172 1795 alia
191 1767 295 1795 similia
308 1775 361 1795 non
377 1767 524 1803 signiﬁcat.
540 1767 630 1795 Plena:
654 1768 841 1803 exemplorum
865 1777 910 1796 sa-

117 1821 172 1840 era
196 1812 305 1841 Litterae
325 1818 412 1841 sunt:
434 1821 504 1848 quas
529 1814 752 1842 circumstantias
776 1815 830 1842 nisi
849 1816 911 1850 quis

117 1859 265 1891 discernat,
285 1863 312 1886 et
334 1866 415 1887 suum
441 1859 542 1894 cuique
565 1860 625 1897 voci
652 1860 771 1888 ollicium
796 1861 909 1894 tribuat,

118 1905 187 1932 nihil
212 1905 310 1932 attinet
340 1905 449 1938 dicere,
480 1906 592 1940 quantis
619 1906 761 1934 erroribus
792 1912 910 1934 mentem

119 1959 198 1978 suam
210 1951 323 1979 inﬁciet.
344 1951 434 1986 Atque
451 1950 477 1978 id
494 1951 553 1986 ipsa
570 1951 740 1980 locutionum
758 1952 912 1987 prolatione

119 1998 294 2033 perspicuum
314 1997 368 2025 ﬁct.
395 1998 519 2032 Exempli
542 1998 629 2033 gratia
647 2007 654 2025 :
673 2008 682 2024 ι
700 1998 769 2032 Quis
792 2004 835 2026 est
860 1999 912 2026 iste

117 2051 165 2071 rex
179 2043 324 2078 gloriae“?
342 2053 351 2069 ι
369 2043 401 2071 Et
417 2053 424 2070 :
440 2053 450 2069 ι
468 2043 536 2076 Quis
549 2051 579 2072 es
594 2048 634 2075 tu.
651 2048 682 2071 ut
695 2044 912 2079 respondeamus

118 2090 163 2117 his
177 2089 222 2123 qui
239 2097 289 2117 nos
305 2089 441 2117 miserunt
453 2090 496 2116 “‘1
513 2099 522 2115 ι
543 2094 570 2117 et
587 2094 724 2125 quotquot
749 2090 850 2118 similia
870 2091 912 2118 vel

119 2135 362 2171 interrogationem
381 2135 545 2170 signiﬁcant,
559 2136 601 2164 vel
616 2136 720 2176 nullam
733 2136 911 2171 quastionem

119 2185 305 2209 commovent.
334 2180 412 2214 Quod
439 2182 463 2209 si
491 2181 554 2217 quis
569 2186 679 2217 propter
699 2181 822 2209 vocabuli
837 2181 914 2208 simi-

119 2226 274 2259 litudinem,
286 2226 438 2254 locutiones
448 2234 558 2262 quoque
574 2236 598 2254 ιι
619 2226 687 2260 Quis
703 2226 779 2254 novit
793 2231 911 2253 mentem

119 2272 248 2299 Domini?
269 2277 318 2300 aut
339 2273 402 2307 quis
423 2273 601 2305 consiliarius
621 2272 681 2307 ejus
705 2272 757 2300 fuit
768 2273 810 2299 “1'
826 2281 836 2297 ι
858 2277 885 2299 et
903 2279 910 2297 :

698 108 831 139 ΡΗΟΤῘῙ
850 109 1105 140 PATRIARCIL‘E
1120 110 1175 140 CP.

1722 112 1761 144 8‘.)

963 177 1028 203 μνον
1044 168 1092 195 καὶ
1115 167 1228 199 ἀπειθὲς
1250 167 1449 203 μετεπλάσατο,
1470 168 1529 196 ἀλλ’
1550 169 1592 197 ὅτι
1615 169 1761 205 μεθέλκων

963 214 1010 240 καὶ
1023 213 1184 240 ἀνακύπτων
1195 213 1244 249 τῆς
1257 213 1398 245 ἀπειθείας
1410 214 1457 240 καὶ
1469 213 1516 240 τοῦ
1528 215 1676 242 ἀντιτύπου
1689 209 1760 251 φρο-

964 260 1096 294 νήματος,
1121 259 1237 294 ἐπείπερ
1257 259 1383 294 οὐδαμῶς
1409 255 1490 295 εὗρεν
1509 260 1683 287 ὑπενδιδόντα
1707 262 1759 288 καὶ

965 305 1034 340 πρὸς
1048 304 1134 332 πειθὼ
1160 304 1357 340 μεθιστάμενον
1375 305 1422 332 τὸν
1445 305 1606 340 Αίγύπτιον,
1622 306 1681 333 ἀλλ’
1694 307 1758 333 ὅλον

963 350 1060 377 ἑαυτὸν
1073 350 1202 377 ποιοῦντα
1213 351 1260 377 τοῦ
1272 351 1412 378 ἀντιθέτου
1429 353 1477 378 καὶ
1498 351 1757 388 ἀντι[τε]ταγμένου

963 396 1044 431 βουλή
1049 405 1142 431 ματος,
1152 399 1166 424 ὁ
1178 396 1304 432 μηδαμοῦ
1314 397 1431 432 φθείρων
1440 397 1470 424 τὸ
1480 398 1652 430 αὐτεξούσιον
1662 400 1756 434 ἀφῆκε

961 441 995 476 τῇ
1012 440 1109 477 γνώμῃ
1125 441 1256 476 φέρεσθαι
1267 441 1313 467 τὸν
1331 442 1363 468 οὐ
1377 441 1543 477 βουληθέντα
1562 443 1707 477 πεισθῆναι
1720 446 1756 480 τῇ

962 486 1108 522 κρείττονι.
1123 486 1172 521 Εἶη
1188 487 1210 513 δ’
1229 486 1262 513 ἂν
1277 487 1380 522 ἀπᾷδον
1393 487 1469 514 οὐδὲν
1484 488 1531 514 καὶ
1541 488 1570 514 εῐ
1583 497 1625 520 τις
1636 490 1756 516 ἐνταῦθα

961 532 990 559 τὺ
1006 532 1199 567 ὲσκλήρυνεν
1213 533 1273 560 ἀντὶ
1284 533 1344 566 τοῦ,
1358 533 1480 568 σκληρὰν
1494 532 1577 561 οὖσαν
1592 536 1640 562 καὶ
1655 536 1756 563 ἀπότοο

963 585 1013 612 μον
1033 578 1115 609 αὐτὸς
1141 578 1185 604 διὰ
1200 577 1255 606 τῶν
1277 579 1478 615 ἐπενεχθέντων
1503 580 1625 616 σημείων
1653 582 1756 616 μᾶλλον

961 622 1102 658 ἐξήλεγξε.
1128 625 1176 650 καὶ
1196 624 1247 659 τὴν
1273 625 1415 652 ἀπείθειαν
1430 625 1613 661 ἐθριάμϐευσε
1625 634 1633 642 ’
1657 628 1704 654 καὶ
1723 628 1756 654 τὸ

960 669 1010 703 τῆς
1026 668 1137 704 γνώμης
1162 668 1321 703 ἀμείλικτον
1337 678 1366 696 τε
1388 670 1436 696 καὶ
1460 669 1580 703 ἀνίατον,
1602 670 1680 698 οὗπω
1697 673 1754 703 τοῖς

961 715 1045 741 πᾶσιν
1062 713 1134 741 οὕτω
1147 714 1287 749 γνώριμόν
1303 723 1333 741 τε
1355 716 1401 742 καὶ
1416 715 1578 751 περιϐόητον
1595 718 1756 752 περιφανῶς

961 759 1160 794 ἑστηλίτευσεν.
1181 760 1215 786 Ἦ
1231 760 1285 795 γὰρ
1295 760 1350 786 τῶν
1369 760 1517 796 θαυμάτων
1536 762 1685 798 ὑπερϐολὴ,
1702 772 1756 789 πα-

961 805 1120 841 ρακλήσεως
1134 805 1181 832 καὶ
1194 806 1304 838 πειθοῦς
1328 806 1437 840 ἀπάσης
1449 807 1512 839 τοὺς
1525 807 1625 842 νόμους
1638 808 1755 839 νικῶσα,

960 851 1007 877 τοῦ
1029 852 1129 886 Φαραὼ
1149 851 1178 878 δὲ
1192 851 1242 887 τῆς
1267 851 1381 887 γνώμης
1408 851 1605 888 ἐλαττουμένη,
1623 853 1682 885 πῶς
1705 854 1756 879 οὐκ

960 898 1165 933 ἀνυπέρϐλητον
1189 897 1273 924 αὑτοῦ
1292 897 1339 924 καὶ
1352 897 1542 932 ἀθεράπευτον
1564 898 1615 933 τὴν
1638 899 1756 933 σκληρο-

961 943 1075 979 καρδίαν
1091 943 1272 979 παρίστησιν;
1292 942 1370 969 Οὕτω
1387 943 1436 978 μὲν
1450 943 1497 969 οὖν
1515 942 1556 974 τὸ,
1576 952 1585 968 ι
1603 943 1723 969 Ἔδωκεν
1741 943 1756 969 ό

962 988 1039 1021 θεὸς,
1060 997 1069 1015 ι
1087 988 1136 1016 καὶ
1156 998 1165 1014 ι
1192 988 1350 1024 παρέδωκεν
1374 988 1414 1019 εις
1436 987 1509 1023 πάθη
1533 988 1656 1023 ἀτιμίας,
1673 989 1754 1020 ικαὶ,

963 1044 972 1060 ε
987 1035 1152 1070 Ἐσκλήρυνε
1165 1035 1214 1070 τὴν
1229 1034 1343 1071 καρδίαν
1358 1033 1467 1069 Φαραὼ,
1487 1043 1497 1060 ›
1514 1035 1605 1061 πᾶσαν
1620 1043 1756 1069 συκοφαν-

960 1081 1021 1112 τίας
1031 1080 1162 1116 ἐκφεύγει
1176 1080 1344 1116 περιδρομὴν
1356 1081 1403 1107 καὶ
1413 1080 1441 1107 δε
1446 1081 1566 1116 ινὸτητα.

996 1129 1048 1153 κε’.
1063 1126 1097 1152 Τί
1109 1126 1138 1153 δὲ
1151 1126 1185 1153 τὰ
1204 1126 1273 1154 ἄλλα
1288 1135 1322 1161 με
1336 1127 1377 1153 δεῖ
1397 1127 1453 1153 τῶν
1469 1127 1625 1161 ὁμωνύμων
1637 1127 1756 1163 ἐπέρχε-

961 1171 1042 1206 σθαι;
1055 1172 1123 1199 ὅπου
1141 1180 1172 1206 γε
1186 1172 1232 1199 καὶ
1247 1173 1263 1207 ἡ
1285 1172 1333 1205 τίς
1350 1172 1479 1208 συλλαϐὴ,
1493 1173 1556 1204 τοὺς
1579 1173 1630 1208 τῆς
1646 1173 1754 1200 διαστο-

960 1217 1011 1252 λῆς
1027 1217 1197 1245 λανθάνουσα
1216 1218 1327 1253 νόμους,
1344 1219 1375 1245 οὐ
1398 1219 1446 1254 τὴν
1465 1218 1602 1254 τυχοῦσαν
1623 1219 1755 1255 σύγχυσιν

962 1264 1009 1291 καὶ
1023 1264 1146 1300 ταραχὴν
1160 1266 1218 1296 τοῖς
1230 1265 1315 1300 μηδὲν
1343 1264 1446 1291 τούτων
1459 1265 1681 1292 ἐπικοινωνοῦσιν
1696 1267 1753 1292 els-

962 1310 1036 1343 ἁγει.
1048 1311 1104 1337 Καὶ
1113 1310 1167 1346 γὰρ
1182 1311 1258 1346 δηλοῖ
1274 1311 1322 1345 μὲν
1334 1311 1400 1337 αὐτὸ
1412 1311 1492 1338 τοῦτο
1507 1312 1553 1338 καὶ
1567 1311 1598 1338 τὸ
1613 1312 1664 1339 ἀνὰ
1676 1313 1755 1347 χεῖρα

961 1354 1011 1390 τὴν
1027 1355 1176 1391 ἐρώτησιν
1199 1351 1405 1391 συμφθέγγεται
1421 1357 1450 1383 δὲ
1464 1357 1511 1383 καὶ
1522 1357 1577 1383 τῶν
1590 1357 1756 1391 ἀποφάσεων

960 1401 1021 1435 ἦτις
1044 1401 1119 1436 αὐτῷ
1149 1401 1266 1436 μάλιστα
1298 1402 1477 1437 διαμάχεται,
1505 1404 1538 1438 τῇ
1564 1403 1663 1436 οὐδείς
1684 1403 1752 1439 (l9).

964 1445 1076 1471 Ἀλλοτε
1088 1445 1116 1472 δὲ
1133 1446 1163 1472 τὸ
1183 1445 1310 1481 ἀόριστον
1330 1446 1479 1481 σημαίνει·
1495 1446 1526 1473 οὐ
1547 1447 1601 1481 μὴν
1614 1446 1676 1473 οὐδὲ
1687 1446 1753 1473 θαυ-

964 1491 1073 1525 μασμοῦ
1096 1490 1144 1518 καὶ
1165 1491 1361 1526 καταπλήξεως
1385 1491 1461 1524 τάξιν
1482 1491 1662 1526 ἀπαρνεῖται·
1688 1491 1756 1517 ἀλλά

962 1535 1009 1561 καὶ
1025 1535 1092 1571 πρὸς
1107 1535 1138 1562 τὸ
1155 1536 1267 1564 σπάνιον
1283 1537 1462 1571 ὑποφέρεται,
1477 1537 1639 1571 ἐπιτίμησιν
1656 1536 1685 1563 δὲ
1703 1537 1756 1562 πά-

961 1580 1003 1607 λιν
1023 1581 1078 1607 ἔσθ’
1099 1582 1143 1608 ὅτε
1170 1582 1217 1609 καὶ
1232 1583 1389 1618 ἀμηχανίαν
1403 1583 1450 1609 καὶ¹
1470 1583 1651 1618 διαπόρησιν·
1671 1583 1713 1609 ὅτι
1726 1583 1755 1609 δὲ

962 1627 1009 1653 καὶ
1030 1627 1242 1663 προσδιορισμὸς
1266 1630 1323 1661 τοῖς
1347 1628 1527 1664 φιλοσοφοῦσι
1548 1628 1754 1663 καθωμίληται,

961 1672 1022 1699 οὐδὲ
1038 1674 1088 1708 τὴν
1107 1673 1246 1701 εὐτέλειαν
1261 1674 1322 1701 οὐδὲ
1336 1674 1451 1701 τοιαῦτα
1472 1674 1554 1710 ἕτερα
1574 1674 1754 1710 παρατρέχει.

961 1719 1018 1746 Καὶ
1032 1719 1086 1746 τῶν
1107 1720 1342 1755 παραδειγμάτων
1354 1720 1389 1747 τὰ
1413 1720 1473 1756 ἱερά
1486 1722 1567 1755 γέμει
1585 1720 1754 1756 Γράμματω

962 1764 1035 1800 ἅπερ
1050 1765 1130 1797 εἴτις
1148 1766 1185 1800 μὴ
1201 1766 1391 1803 φιλοκρινήσῃ,
1406 1767 1468 1802 μηδ’
1478 1767 1586 1802 ἑκάστῳ
1599 1767 1648 1801 τῆς
1664 1767 1755 1801 φωνῆς

961 1811 993 1837 τὸ
1013 1812 1151 1846 προσῆκον
1168 1812 1312 1847 ἀπονέμοι,
1328 1813 1389 1839 οὐδὲ
1410 1813 1489 1846 λόγου
1502 1813 1551 1845 δεῖ,
1572 1813 1677 1848 πλάνης
1690 1812 1755 1847 ὅσης

961 1856 1026 1888 τοὺς
1042 1857 1139 1884 ἑαυτοῦ
1157 1856 1305 1892 λογισμοὺς
1324 1857 1490 1893 ἀναπλήσει.
1508 1858 1562 1885 Καὶ
1579 1856 1659 1884 τοῦτο
1672 1857 1755 1884 κατά-

962 1901 1041 1937 δηλον
1056 1902 1105 1929 ἀπ’
1117 1903 1202 1938 αὐτῆς
1215 1911 1246 1937 γε
1267 1902 1318 1937 τῆς
1329 1903 1385 1929 τῶν
1409 1903 1540 1938 ῥημάτων
1556 1902 1734 1938 παραθέσεως
1745 1910 1753 1917 ·

963 1947 1063 1974 αὐτίκα
1076 1948 1117 1980 τὸ,
1134 1958 1143 1974 ι
1162 1948 1211 1980 Τίς
1222 1949 1297 1975 ἐστιν
1312 1945 1389 1980 οὗτος
1404 1950 1418 1975 ὸ
1430 1948 1559 1984 βασιλεὺς
1571 1949 1622 1983 τῆς
1636 1948 1728 1982 δόξηςς
1741 1957 1752 1973 ι

963 1993 1010 2019 καὶ
1024 1993 1066 2025 τὸ,
1087 2002 1096 2019 ι
1120 1993 1168 2025 Τίς
1182 1992 1209 2020 εἴ
1223 1994 1267 2025 σὺ,
1283 1993 1328 2020 ῐνα
1347 1994 1494 2030 ἀπόκρισιν
1507 1994 1598 2030 δῶμεν
1613 1994 1670 2025 τοῖς
1681 1993 1754 2028 πέμ-

963 2040 1046 2075 ψασιν
1057 2041 1131 2076 ἡμᾶς
1143 2049 1150 2073 ς
1172 2042 1243 2068 ι’καὶ
1257 2042 1308 2069 ὅσα
1317 2041 1428 2069 τοιαῦτα
1443 2041 1576 2077 ὲρώτησίν
1593 2041 1650 2076 (20)
1665 2049 1695 2068 τε
1709 2040 1755 2075 δη-

963 2086 1039 2113 λοῦσι
1059 2087 1108 2114 καὶ
1121 2087 1250 2123 οὐδεμίαν
1266 2088 1385 2124 ἀπορίαν
1404 2087 1536 2115 κινοῦσιν.
1558 2089 1590 2114 El
1611 2087 1640 2115 δέ
1653 2096 1696 2119 τις
1711 2087 1755 2114 διὰ

964 2132 1014 2168 τὴν
1029 2133 1078 2167 τῆς
1099 2134 1193 2169 φωνῆς
1213 2133 1372 2169 ὁμοιότητα,
1390 2135 1439 2161 καὶ
1455 2134 1496 2166 τὸ,
1515 2143 1524 2160 ι
1540 2134 1588 2166 Τίς
1603 2134 1674 2167 ἔγνω
1692 2132 1755 2159 νοῦν

964 2179 1067 2214 Κυρίου
1079 2187 1086 2212 ;
1099 2179 1115 2214 ἦ
1129 2179 1170 2211 τίς
1185 2179 1336 2214 σύμϐουλος
1350 2180 1432 2207 αὑτοῦ
1445 2179 1554 2213 ἐγένετο
1566 2188 1574 2211 ς
1591 2179 1667 2212 ικαὶ,
1683 2189 1692 2205 ι
1708 2179 1756 2210 Τίς

965 2224 1121 2259 προέδωκεν
1136 2224 1210 2259 αὐτῷ
1223 2225 1270 2252 καὶ
1283 2225 1534 2260 ἀνταποδοθήσεται
1554 2224 1649 2260 aii-rip;
1669 2233 1678 2249 ι
1695 2225 1753 2256 καὶ,

966 2279 976 2296 ‹
996 2270 1044 2302 Τίς
1068 2271 1143 2298 ἐστιν
1164 2270 1306 2306 ἄνθρωπος
1330 2271 1360 2303 ὃς
1383 2270 1509 2306 ζήσεται,
1524 2271 1573 2297 καὶ
1588 2271 1639 2297 οὐκ
1660 2270 1756 2304 ὄψεται

123 2328 133 2344 ε
151 2318 216 2351 Quis
239 2324 301 2346 ante
325 2319 400 2347 dedit
425 2319 462 2347 illi
477 2320 525 2352 ξυι,
537 2319 561 2347 ei
587 2319 756 2347 relribuatur
769 2318 811 2346 “‘P
829 2328 838 2345 ι
861 2323 886 2346 et

996 2324 1095 2350 ινατον;
1112 2327 1121 2342 ι
1141 2317 1169 2343 εί
1180 2326 1221 2348 τις
1239 2315 1287 2344 οὖν
1301 2317 1347 2343 καὶ
1361 2317 1447 2344 ταῦτα
1461 2317 1505 2344 διά
1519 2317 1563 2344 τὸν
1576 2316 1658 2344 αὐτὸν
1670 2316 1756 2343 τύπον

123 2371 133 2388 ε
151 2362 218 2395 Quis
234 2368 276 2390 est
287 2363 370 2391 homo
382 2364 428 2399 qui
439 2364 519 2396 vivet,
532 2371 583 2392 nec
599 2369 715 2392 mortem
730 2364 833 2392 videbit
847 2364 889 2391 "?
899 2373 908 2390 ι

121 2407 144 2434 si
166 2409 238 2443 quis,
264 2409 385 2444 inquam,
411 2410 461 2437 has
486 2410 640 2438 locutiones
656 2415 766 2445 propter
786 2411 910 2438 eamdem

121 2455 248 2482 vocabuli
265 2455 392 2488 formam,
418 2456 451 2482 ad
471 2456 595 2483 eamdem
612 2455 751 2483 notionem
766 2456 791 2483 vi
805 2461 912 2491 pertra-

121 2501 177 2533 het.
194 2502 288 2536 procul
306 2501 455 2529 admodum
475 2510 491 2529 a
507 2502 622 2529 veritate
642 2501 791 2529 aberrabit.
806 2501 912 2536 Quippe

121 2546 165 2574 hae
177 2554 239 2574 cum
261 2547 376 2582 negandi
400 2547 453 2574 vim
469 2547 598 2580 habeant,
618 2547 804 2583 interrogandi
829 2548 912 2574 ratio-

122 2600 184 2620 nem
199 2600 253 2620 non
267 2592 413 2628 recipiunt.
428 2592 514 2621 Nemo
531 2593 602 2621 enim
620 2593 661 2621 vel
674 2598 791 2620 mentem
805 2593 914 2623 Domini

154 2693 176 2708 “
193 2692 265 2721 Psal.
279 2701 357 2726 mn,
373 2693 401 2721 8.
438 2693 460 2710 "
474 2693 553 2722 Joan.
569 2701 588 2726 ι,
603 2694 649 2721 ‘23.
695 2695 718 2710 "
735 2693 814 2722 Rom.
835 2702 873 2726 χι,
895 2694 940 2721 34.

964 2363 1015 2398 τῆς
1028 2362 1118 2397 φωνῆς
1130 2363 1198 2397 πρὸς
1208 2362 1257 2398 τὴν
1272 2362 1357 2397 αὐτὴν
1371 2362 1493 2390 διάνοιαν
1507 2363 1672 2402 ἐκϐιάσοιτο,
1686 2362 1754 2389 πολὺ

965 2409 998 2436 ἂν
1018 2409 1069 2444 τῆς
1086 2409 1215 2444 ἀληθείας
1240 2409 1427 2446 ἀποσφαλείη·
1443 2410 1529 2437 ταῦτα
1551 2409 1616 2445 γὰρ,
1641 2409 1690 2443 τὴν
1706 2409 1756 2444 τῆς

965 2455 1131 2488 ἀποφάσεως
1155 2455 1288 2489 ἐπέχοντα
1306 2455 1432 2490 δύναμιν,
1455 2456 1505 2492 τὴν
1523 2455 1573 2491 τῆς
1596 2456 1757 2490 ἐρωτήσεως

965 2502 1016 2527 οὐκ
1038 2500 1198 2535 ἀναδέχεται
1215 2500 1304 2533 τάξιν.
1326 2501 1422 2533 οὐδεὶς
1445 2502 1500 2537 γὰρ
1521 2501 1584 2528 οὔτε
1601 2500 1664 2527 νοῦν
1686 2500 1758 2534 ἔγνω

968 2548 1084 2583 Κυρίου,
1097 2547 1158 2575 οὔτε
1175 2548 1326 2583 σύμϐουλος
1342 2548 1424 2574 αὐτοῦ
1441 2548 1551 2582 γέγονεν
1562 2555 1569 2562 ο
1585 2547 1615 2573 οὐ
1629 2547 1683 2582 μὴν
1697 2545 1756 2572 ἀλλ1

967 2594 1021 2620 οὐδ’
1039 2594 1113 2622 ἔστιν
1128 2594 1272 2630 ἄνθρωπος
1287 2593 1317 2626 ὃς
1334 2593 1460 2629 ζήσεται,
1475 2593 1522 2620 καὶ
1535 2593 1586 2620 οὐκ
1599 2592 1696 2628 ὄψεται
1708 2590 1758 2618 θά-

976 2694 1000 2710 δδ
1011 2694 1087 2727 ibitl.,
1101 2695 1146 2722 35.
1186 2695 1208 2711 "
1227 2694 1301 2723 Psal.
1315 2703 1447 2727 uxxvm.
1461 2695 1507 2724 59.

882 2754 997 2784 NOTAE.

155 2811 210 2845 (l9)
224 2811 324 2850 Nempe
339 2815 425 2849 οὐδείς
440 2824 493 2848 τις,
515 2814 610 2843 Latine
624 2792 699 2843 immo
711 2816 862 2851 quicquam.

1002 2814 1058 2850 (“20)
1075 2814 1140 2842 Cod.
1155 2815 1310 2850 ἀπόκρισιν,
1329 2814 1533 2847 responsionem.
