1881 3077
83 141 112 174 81
615 144 666 174 ΑΙ)
679 144 846 175 AMPHILO

962 147 977 176 d
996 145 1169 182 QUIESTIO
1190 146 1214 175 Ι.
1687 145 1722 178 82

84 207 163 228 suos
173 206 182 214 '
204 198 261 226 οὐδ’
277 197 365 234 ἑτέρῳ
384 198 413 225 δὲ
427 198 508 226 πάλιν
523 199 579 226 τῶν
597 202 753 237 εἰρημένων
769 211 844 239 συμφ

963 203 1009 236 vit,
1027 203 1068 229 vel
1085 203 1146 237 ejus
1167 201 1342 230 consiliarius
1366 202 1436 236 fuit;
1461 210 1552 238 neque
1573 208 1615 231 est
1640 205 1722 231 homo

85 250 173 276 ρεται,
187 242 212 268 εί
226 242 275 269 καὶ
287 243 322 276 τῇ
335 243 442 278 προόδῳ
453 243 503 270 τοῦ
518 244 641 278 ῥήματος
653 246 684 272 οὐ
699 247 873 283 διήλλακται·

82 287 142 315 οὐδὲ
159 287 203 318 τὸ,
221 296 232 312 ι
253 288 415 322 Ἄνθρωπός
431 297 473 320 τις
487 289 649 317 κατέϐαινεν
660 291 714 319 ἀπὸ
739 293 876 327 Ἰερουσα-

82 333 138 368 λὴμ
151 332 222 368 [catt
246 333 356 368 Ἰσραήλ
369 333 382 369 ].
395 335 435 366 είς
457 335 577 371 Ὶεριχώ·
600 346 610 362 ι
627 337 658 363 τὸ
675 338 729 372 γὰρ
751 338 876 373 ἀόριστον

82 378 96 411 ἡ
109 376 189 411 φωνὴ
201 377 258 403 νυνὶ
270 377 399 412 σημαίνει
408 379 462 405 τῶν
473 380 561 407 ἄλλων
571 381 752 416 ἀποστήσασα
760 391 768 399 ·
781 383 876 419 ὥσπερ

83 422 129 448 καὶ
141 421 183 454 τὸ,
194 431 204 447 ι
218 422 278 448 Είσί
290 431 364 454 τινες
378 423 433 449 τῶν
442 421 493 450 ὧδε
505 425 672 460 ἑστηκότων,
686 427 784 459 οἵτινες
795 429 825 454 οὐ
838 429 875 464 μὴ

82 467 234 501 γεύσωνται
261 468 377 496 Θανάτου
394 469 447 501 ἕως
466 470 499 496 ἂν
514 471 589 498 ίδωσι
610 472 661 507 τὴν
676 473 815 507 βασιλείαν
828 475 875 501 τοῦ

82 513 162 546 Θεοῦ,
179 524 189 540 ι
203 513 254 549 τὴν
266 515 314 541 τοῦ
331 515 545 552 προσδιορισμοῦ
564 518 661 552 χρείαν
681 519 873 555 ἀναπληροῦν.

82 560 240 595 ’Δρκεῖγὰρ
254 561 303 588 καὶ
318 562 413 598 μνήμη
429 563 510 598 μόνον
526 563 585 595 ἰνὸς
598 565 819 601 παραδείγματος
827 566 877 602 τὴν

82 606 180 642 χρῆσιν
196 607 329 640 ἐπιδεῖξαι
347 609 398 643 τῆς
415 609 520 644 φωνῆς,
536 610 575 642 ὡς
594 611 684 638 οὐδενὶ
699 611 756 639 τῶν
774 621 876 647 προτε-

82 653 226 687 ταγμένων
238 653 449 688 συμϐιϐάζεται.

927 249 975 284 qui
996 248 1119 275 victurus
1134 247 1179 280 sit,
1199 253 1371 283 mortemque
1396 256 1450 275 non
1477 249 1598 277 visurus.
1620 249 1723 284 'Neqne

928 296 971 322 ba:
986 302 1083 321 rursus
1094 294 1224 328 cuiquam
1237 302 1270 321 ex
1288 294 1440 322 antedictis
1455 295 1642 327 locutionibus
1656 303 1722 323 con-

929 345 1040 376 gruunt,
1067 341 1175 368 etiamsi
1203 340 1361 368 terminatio
1387 341 1516 368 vocabuli
1546 349 1720 376 nequaqu-um

928 387 1037 414 differt:
1061 394 1150 421 neque
1171 386 1257 413 item:
1276 396 1285 411 ι
1305 385 1393 413 Homo
1413 387 1455 418 τὶς
1475 391 1534 414 erat
1563 388 1589 414 in
1611 389 1722 423 regione

928 433 1052 460 Ausitide
1071 432 1109 465 ἠς
1126 434 1186 466 »ζει
1201 441 1208 460 :
1226 442 1235 458 ι
1252 432 1340 459 llomo
1362 433 1405 465 τὶς
1434 432 1631 467 Hierosolymis
1652 433 1721 461 Jeri-

926 483 1036 506 euntem
1050 478 1174 506 veniebat
1184 478 1216 506 υ.
1237 487 1246 505 ι
1265 478 1325 505 Vox
1339 479 1412 505 enim
1427 478 1471 505 hic
1486 479 1606 505 ostendit
1623 479 1720 506 indeii-

926 525 1014 552 nitum
1045 525 1167 560 aliquid.
1195 530 1278 561 atque
1309 533 1324 552 a
1355 525 1546 559 superioribus
1580 526 1721 554 sententiis

926 571 1039 598 abludit.
1055 570 1142 598 Veluti
1155 575 1182 598 et
1195 571 1261 598 illud
1282 580 1310 597 τι
1330 570 1400 597 Sunt
1412 571 1484 602 τινὲς
1498 570 1532 598 de
1544 570 1588 598 hic
1603 578 1707 606 praesen
1720 591 1723 592 ν

927 617 1011 650 tibus,
1027 617 1073 652 qui
1091 625 1145 643 non
1171 615 1322 652 gustabunt
1345 621 1473 647 mortem;
1497 616 1586 643 donec
1610 616 1722 643 videant

926 669 1040 697 regnum
1060 662 1107 689 Dei
1121 662 1154 694 “,
1177 671 1186 687 ›
1203 661 1385 688 restrictionis
1395 661 1513 689 ofﬁcium
1529 661 1633 696 implet.
1656 661 1722 688 Suf—

83 699 138 726 licit
158 703 250 727 autem
276 700 320 728 vel
346 701 430 729 unius
452 703 571 738 exempli
597 704 703 732 mentio
728 705 878 734 indicando
894 707 1022 735 vocabuli
1055 707 1130 740 usui,
1159 714 1258 742 nempe
1280 708 1327 742 qui
1359 708 1427 735 nulli
1458 709 1633 742 superiorum
1653 716 1722 736 con-

83 745 167 780 gruit.

117 797 175 826 ις’.
186 793 254 820 Τίνα
264 794 288 820 δ’
302 794 336 822 ἃν
343 794 400 830 ἔχοι
411 797 556 823 κοινωνίαν
569 798 638 833 πρὸς
645 798 680 825 τὰ
693 799 846 834 προλαϐόντ

965 797 1013 826 9.6.
1031 796 1104 824 Sane
1118 795 1185 831 quid
1200 803 1346 823 commune
1360 795 1462 822 habent
1486 803 1549 823 cum
1565 796 1721 831 suprascri-

84 841 107 867 εἰ
125 841 174 866 καὶ
187 840 238 874 τῆς
264 841 356 876 φωνῆς
382 841 595 877 ἀπαράλλακτος
609 844 623 870 ό
642 843 721 879 ἦχος,
736 845 777 876 τὸ,
795 855 805 872 ι
829 846 877 878 Τίς

83 885 228 920 ἀνήγγειλέ
252 894 305 917 σοι.
327 887 368 913 ὅτι
392 887 496 922 γυμνὸς
511 885 553 921 si;
570 898 580 914 ι
596 890 653 921 καὶ,
671 898 681 915 ι
695 890 744 921 Τίς
759 899 789 917 σε
810 900 877 919 κατ-

85 930 200 965 έστησεν
221 930 342 966 ἄρχοντα
368 933 416 959 καὶ
437 932 568 970 δικαστὴν
591 935 635 969 ἐφ’
665 936 761 971 ἡμᾶςς
781 947 790 963 ι
815 938 875 971 καὶ,

87 986 96 1002 ι
113 977 162 1008 Τίς
175 974 201 1003 εἴ
217 978 250 1004 σὺ
260 979 274 1004 ὸ
289 978 391 1013 κρίνων
401 978 543 1015 ἀλλότριον
554 981 680 1017 οίκέτην;
702 992 712 1008 ι
728 984 787 1016 καὶ,
804 993 813 1010 ι
828 984 878 1016 Τίς

83 1023 203 1056 ἐπάταξε
213 1024 260 1050 τδν
280 1024 424 1060 ’Λϐιμέλεχ
440 1025 498 1053 υίδν
517 1027 678 1063 Ἰεροϐοάμς
696 1038 706 1055 ι
723 1030 781 1062 καὶ,
799 1039 808 1056 ι
828 1031 877 1063 Τίς

83 1070 157 1096 ἐστιν
171 1066 249 1102 οὗτος
264 1070 279 1097 ό
293 1070 423 1106 κρύπτων
440 1080 475 1107 με
495 1071 608 1109 βουλήν;
626 1083 636 1100 ι
656 1074 750 1102 Ταῦτα
769 1076 822 1111 γὰρ
837 1077 878 1108 είς

83 1115 268 1150 ἀγανάκτησιν
283 1116 332 1150 μὲν
347 1117 394 1144 καὶ
414 1117 574 1154 ἐπιτίμησιν
590 1119 740 1154 ἀφορῶσιν,
756 1121 832 1148 οὐδὲν
848 1121 876 1149 δὲ

83 1160 174 1194 ὅμοιον
194 1160 251 1187 τῶν
267 1162 515 1198 προδεδηλωμένων
540 1165 721 1200 παριστῶσιν.
738 1167 770 1194 Εί
791 1167 820 1194 δέ
834 1177 877 1201 τις

84 1207 130 1232 καὶ
145 1205 234 1233 ταῦτα
249 1207 291 1239 είς
301 1207 348 1235 τὸν
361 1209 410 1244 τῆς
427 1210 589 1246 ἐρωτήσεως
602 1211 767 1247 μεθελκύσει
781 1214 874 1249 νόμον,

84 1251 127 1278 ἴνα
144 1252 182 1287 μὴ
201 1253 271 1288 πρὸς
283 1253 317 1280 τὰ
335 1254 402 1281 ἄλλα
417 1254 501 1290 λέγω,
517 1257 630 1291 ἄγνοιάν
644 1267 675 1285 τε
689 1260 876 1295 κατηγορήσοι

84 1297 129 1324 τοῦ
148 1298 241 1330 Gelon,
260 1299 307 1327 καὶ
321 1300 352 1327 οὐ
374 1302 607 1338 καταμέμφεσθαι
630 1305 680 1337 τὰς
697 1306 810 1342 πράξεις
832 1307 877 1334 διὰ

85 1346 132 1380 τῆς
143 1345 248 1380 φωνῆς,
265 1346 333 1373 ἀλλὰ
348 1347 444 1382 μαθεῖν
457 1347 549 1384 ζητεῖν
563 1349 592 1382 ἐξ
605 1350 716 1384 ἀγνοίας
728 1352 775 1378 τὸν
790 1361 878 1388 παρα-

86 1392 181 1426 σχόντα
196 1392 246 1428 τὴν
263 1393 309 1420 τοῦ
324 1395 426 1429 πρᾶξαι
441 1395 532 1422 ἄδειαν
543 1404 550 1411 ³
571 1397 616 1424 ναὶ
631 1397 664 1432 δὴ
683 1398 730 1424 καὶ
742 1398 783 1432 τὸ,
799 1408 808 1424 ι
827 1399 877 1432 Τίς

85 1439 140 1473 εἰμι
161 1439 238 1473 syth;
264 1440 367 1474 Κύριός
391 1450 454 1476 μου,
472 1442 592 1476 Κύριοςο
622 1445 670 1471 καὶ
692 1444 735 1476 τίς
763 1446 837 1472 ἔστιν
861 1446 876 1472 ὀ

85 1483 155 1517 οἶκος
172 1485 220 1512 τοῦ
241 1487 347 1522 πατρὸς
370 1496 438 1522 pou;
459 1497 468 1513 ι
489 1489 536 1515 ἐπὶ
559 1489 687 1517 τοσοῦτον
704 1491 877 1526 ἐμφανεστά-

85 1540 133 1566 την
150 1531 230 1567 φέρει
247 1532 297 1567 τὴν
310 1533 502 1573 παραλλαγὴν,
523 1535 566 1569 ἐφ’
581 1535 645 1562 ὅσον
661 1536 876 1571 ἀπαράλλακτον

85 1578 200 1613 προάγει
217 1579 267 1614 τὴν
280 1580 374 1615 φωνήν
385 1587 392 1595 ·
411 1580 548 1613 εὐτελείας
561 1582 616 1617 γὰρ
630 1582 777 1617 ὁμολογίαν
796 1584 875 1616 ιδίας,

86 1625 131 1650 καὶ
149 1624 201 1658 τῆς
220 1625 290 1660 πρὸς
302 1625 368 1652 Θεὸν
390 1626 568 1661 εὐχαριστίας
584 1627 698 1663 γνώμην
711 1630 855 1663 ἀναφαίνει
868 1639 874 1645 ·

86 1670 115 1697 οὐ
131 1670 181 1705 μὲν
197 1671 238 1702 εις
253 1671 399 1707 ἐρώτησιν.
413 1672 475 1698 οὐδὲ
490 1673 590 1700 πολλοῦ
607 1673 648 1700 δεῖ
663 1674 730 1710 πρὸς
744 1674 876 1711 ἐπιτίμη-

88 1716 155 1751 σινῆ
172 1716 372 1753 ἀγανάκτησιν,
392 1717 408 1753 ἢ
428 1718 496 1753 πρὸς
507 1718 572 1746 ἀλλο
586 1727 613 1747 τι
627 1719 682 1746 τῶν
705 1721 876 1757 προειρημὲ-

87 1771 137 1789 νων
154 1763 200 1789 τὸν
213 1763 344 1799 λογισμὸν
358 1763 523 1797 διαϐιϐάζει.

120 1895 169 1928 κζ’.
186 1895 224 1922 Τὸ
247 1895 339 1931 μέντοι
365 1896 478 1924 σπάνιον
499 1897 579 1934 εἴπερ
597 1907 623 1925 τι
645 1898 714 1930 ὅλως
730 1899 807 1934 δηλοῖ
834 1899 876 1932 τὺ,

91 1950 101 1967 ι
113 1941 158 1973 Τίς
170 1941 264 1975 σοφὸς.
277 1942 325 1968 καὶ
342 1941 455 1976 φυλάξει
469 1942 571 1976 ταῦτα;
589 1952 598 1968 ι
615 1943 662 1970 καὶ
672 1944 714 1975 τὸ,
731 1953 741 1970 ι
757 1944 805 1976 Τίς
817 1945 877 1971 ὲπί-

91 1994 180 2013 στευσε
194 1988 228 2022 τῇ
245 1987 315 2023 ἀκοῇ
334 1987 432 2022 ήμῶν;
452 1997 463 2014 ι
479 1989 537 2019 καὶ,
554 1997 563 2014 ι
586 1988 615 2015 '0
632 1989 752 2025 βραχίων
771 1990 875 2026 Κυρίου

89 2033 137 2058 τίνι
150 2032 348 2068 ἀπεκαλύφῦη;
366 2042 376 2059 ι
393 2034 425 2060 Ei
439 2033 494 2069 γὰρ
509 2035 557 2062 καὶ
575 2035 612 2070 μὴ
625 2035 737 2067 πάντες,
752 2036 810 2063 ἀλλ’
829 2034 876 2063 οὖν

88 2079 118 2111 γέ
135 2087 208 2110 τινες
223 2080 271 2106 καὶ
287 2080 501 2113 πεπιστεύκασι,
515 2081 564 2107 καὶ
578 2081 628 2117 τὴν
646 2083 835 2118 φρουρητικῆν
845 2092 875 2110 τε

88 2126 131 2152 καὶ
143 2126 344 2161 κυϐερνητικὴν
359 2128 407 2153 καὶ
422 2127 677 2164 παντοκρατοριιιὴν
691 2129 739 2155 τοῦ
751 2128 818 2156 Θεοῦ
831 2129 877 2156 δύ-

88 2181 164 2207 ναμιν
180 2173 211 2199 ὲκ
227 2173 279 2208 τῆς
298 2173 362 2208 περὶ
387 2174 486 2206 αὐτοὺς
509 2174 618 2209 καὶτῆς
632 2174 698 2208 περὶ
717 2175 748 2201 τὸ
763 2174 875 2210 σύμπαν

87 2218 243 2253 εὐεργεσίας
261 2227 292 2245 τε
306 2219 352 2245 καὶ
368 2219 496 2255 προνοίας
511 2220 629 2248 συνιδεῖν
642 2219 809 2256 ἠξιώθησαν,
827 2221 875 2248 καὶ

86 2265 131 2299 τῆς
147 2265 253 2292 ἐκεῖθεν
279 2266 466 2301 μαρμαρυγῆς
485 2267 546 2298 ταῖς
569 2266 724 2302 λαμπηδόσι
749 2268 794 2293 τὸν
812 2267 875 2293 νοῦν

87 2311 282 2346 ἑλλαμφοῆναι.
299 2311 361 2343 Πῶς
381 2312 404 2338 δ’
417 2312 516 2338 αὐτίκα
528 2312 559 2338 τὸ
581 2312 675 2345 Θαῦμα
693 2312 741 2339 καὶ
759 2313 808 2348 τὴν
827 2312 876 2339 ἔκ-

86 2357 179 2392 πληξιν
191 2358 244 2385 οὐκ
259 2357 372 2393 ἀφίησιν
387 2358 402 2385 ό
417 2358 516 2392 λέγων’
537 2367 546 2384 ι
562 2358 611 2390 Τίς
625 2355 704 2390 οὗτος
718 2360 732 2386 ό
747 2367 875 2394 παραγε-

85 2403 197 2437 νόμενος
213 2403 245 2435 ἐξ
267 2402 375 2438 Ἐδώμ;
393 2413 403 2429 ι
419 2403 476 2436 καὶ,
496 2412 506 2430 ι
520 2404 568 2435 Τίς
580 2404 655 2430 ἐστιν
667 2400 755 2437 οὗτος,
770 2404 812 2431 ὅτι
825 2404 873 2431 καὶ

84 2448 99 2482 ἠ
116 2448 238 2475 θάλασσα
254 2447 302 2474 καὶ
316 2448 342 2474 οί
356 2448 452 2482 ἄνεμοι
467 2448 650 2475 ὑπακούουσιν
665 2449 755 2483 αὐτῷ;
774 2459 784 2475 ›
804 2450 872 2486 ὅπερ

83 2494 192 2529 οὐδεμία
205 2494 260 2521 τῶν
275 2494 507 2530 προτεταγμένων
530 2495 627 2529 φωνῶν
645 2497 674 2522 οὐ
695 2497 744 2531 μὲν
762 2495 809 2523 οὖν
823 2497 873 2524 οὐκ

84 2538 151 2575 εἶχεν
167 2541 247 2575 ίσχὺν
262 2540 417 2576 σημαίνειν.
436 2541 573 2576 Προσθείη
584 2541 606 2567 δ’
621 2541 655 2568 ἄν
669 2550 712 2573 τις
724 2543 780 2573 τοῖς
797 2543 874 2578 είρη-

85 2586 172 2620 μένοις
185 2587 234 2612 καὶ
247 2587 290 2620 τὸ,
306 2596 316 2612 ι
336 2586 385 2618 Τίς
403 2586 529 2622 δώσειτῇ
548 2587 653 2622 κεφαλῇ
677 2596 728 2622 μου
749 2586 839 2623 ὐδωρς
859 2597 869 2614 ›

85 2633 140 2662 καὶ,
158 2641 167 2657 ι
183 2632 233 2664 Τίς
249 2632 283 2659 ἄν
308 2640 342 2666 με
357 2632 418 2667 Θείη
440 2633 511 2659 κατὰ
530 2633 602 2668 μῆνα
618 2633 731 2669 ἡμερῶν
746 2633 801 2660 τῶν
821 2633 872 2668 ἐμ-

86 2678 212 2712 προσθενς
228 2687 237 2704 ι
252 2678 313 2712 καὶ,
328 2688 338 2705 ι
352 2678 532 2714 Ταλαίπωρος
544 2679 600 2713 ἐγὼ
612 2680 771 2714 ἀνθρωποςί
784 2680 826 2711 τίς
838 2689 872 2715 με

87 2722 193 2756 ῥύσεται
210 2725 244 2751 ἐκ
255 2724 304 2751 τοῦ
317 2725 445 2760 σώματος
456 2724 504 2751 τοῦ
527 2724 644 2752 Θανάτου
661 2724 778 2759 τούτου;
794 2735 803 2752 ι
820 2726 871 2752 Εὐ-

132 2802 154 2817 “
166 2801 217 2829 Joh
238 2810 259 2832 ι.
278 2802 303 2828 Ι.
343 2803 365 2818 ’⁵⁷
381 2802 448 2830 Luc.
462 2811 490 2835 ι,
503 2803 548 2831 50.

90 2831 110 2846 ,ι
125 2802 217 2846 ,Ἠίιῇ
238 2810 265 2846 ιι,
278 2802 322 2846 ιλ,
343 2802 490 2846 "_1‘a“‘c.‘x.
503 2803 548 2831 50.
567 2839 583 2846 η
606 2802 755 2846 "trienni,
770 2803 816 2830 γι.

124 2837 142 2861 ll
156 2836 191 2863 ﬂe

193 2803 217 2829 rh
238 2810 259 2832 ι.
278 2803 303 2828 Ι.
343 2803 365 2818 ’⁵⁷
381 2803 448 2830 Luc.
462 2811 490 2835 ι,
503 2803 548 2831 50.
606 2803 628 2820 ⁸⁸
645 2803 701 2831 Luc
717 2812 755 2836 ιιι,
770 2803 816 2830 2⁵1.
872 2803 896 2820 δ’
914 2804 982 2832 Gen.
1012 2813 1053 2835 ιιι.
1086 2805 1128 2832 Η.
1184 2805 1207 2821 ⁸ο
1225 2804 1312 2832 Exod.
1331 2813 1361 2837 ιι,
1383 2804 1424 2832 Η.
1481 2803 1502 2819 ⁵¹
1521 2803 1599 2829 Rom.
1617 2808 1672 2832 XIV,
1688 2803 1717 2827 ιν

193 2845 219 2872 g.
239 2837 335 2874 n.72l.
373 2837 472 2874 "Joh.
488 2846 551 2871 XLII,
567 2839 593 2874 3.
633 2839 656 2856 ⁵⁸
672 2838 691 2874 ιι
708 2838 774 2872 Reg.
791 2846 868 2871 xvnt,
891 2840 934 2867 18.
973 2840 995 2856 ⁸⁸
1014 2839 1085 2867 Psal.
1103 2848 1158 2874 ενι,
1173 2841 1217 2868 45.
1255 2840 1278 2856 "
1296 2839 1348 2868 lsa.
1370 2848 1427 2873 Lm,
1449 2840 1470 2867 l.
1495 2839 1517 2854 ⁵⁷
1531 2837 1582 2865 lsa.
1599 2836 1719 2870 thn,l.

928 845 994 880 ptis,
1015 850 1175 879 quanquam
1201 843 1278 871 vocis
1294 850 1380 870 sonus
1395 843 1468 870 haud
1494 843 1666 876 immutatur,
1679 843 1723 871 lo-

928 890 1058 918 cutiones
1088 889 1153 916 hae?
1172 889 1321 916 videlicet:
1340 898 1349 914 ι
1369 887 1437 922 Quis
1458 889 1508 916 tibi
1535 889 1672 916 nuntiavit
1697 893 1723 915 te

928 945 990 965 esse
1009 937 1112 964 nudum
1130 936 1176 963 "?
1193 945 1202 962 ι
1220 950 1256 957 -
1272 945 1281 962 ι
1301 935 1369 969 Quis
1384 941 1409 963 te
1423 937 1568 963 Dominum
1581 935 1723 962 constituit

890 1011 898 1017 _
925 983 1103 1018 judicemque
1129 988 1253 1010 nostrum
1271 983 1317 1010 ὀἳ
1336 993 1394 1010 ι-
1414 991 1423 1008 ι
1452 982 1519 1015 Quis
1545 989 1575 1010 es
1599 986 1626 1009 tu
1641 1002 1649 1014 ,
1675 981 1722 1016 qui

929 1030 1050 1057 alienum
1074 1034 1183 1056 servum
1207 1027 1316 1063 iudicas
1329 1028 1375 1055 "‘2
1393 1038 1403 1055 ι
1418 1043 1453 1050 -
1470 1037 1479 1053 ι
1496 1027 1562 1060 Quis
1584 1027 1723 1062 percussit

927 1075 1134 1103 Abimelcchum
1157 1074 1313 1103 Jeroboami
1331 1075 1416 1102 ﬁliuni
1431 1075 1477 1101 "1'
1493 1083 1503 1100 ι
1519 1089 1555 1094 —-
1568 1083 1577 1099 ι
1595 1073 1663 1106 Quis
1681 1077 1724 1100 est

928 1122 973 1157 qui
998 1129 1041 1149 me
1066 1122 1230 1149 sententiam
1257 1121 1326 1149 celat
1341 1121 1385 1147 δεῖ
1416 1130 1425 1146 ι
1452 1135 1489 1140 —
1515 1119 1650 1147 Nimirum
1679 1119 1722 1146 Ine

928 1166 1084 1194 locutiones
1119 1165 1152 1192 ad
1193 1165 1408 1201 indignationem
1443 1165 1723 1200 objurgatiouemquc

928 1216 1066 1247 spectant,
1078 1211 1147 1239 nihil
1164 1216 1255 1239 autem
1270 1212 1360 1239 simile
1376 1212 1568 1246 praedictarum
1582 1210 1721 1238 exhibent.

928 1258 1007 1291 Quod
1025 1258 1047 1285 si
1057 1258 1119 1292 quis
1132 1265 1178 1285 eas
1193 1257 1227 1284 ad
1243 1257 1470 1292 interrogationis
1486 1258 1608 1292 regulam
1630 1256 1722 1283 trahe—

928 1311 978 1336 ret,
995 1304 1096 1338 nequid
1119 1309 1252 1339 praeterea
1278 1304 1380 1336 dicam,
1404 1303 1588 1337 ignorantiam
1614 1309 1723 1337 quoque

929 1351 955 1378 in
971 1350 1025 1378 Deo
1035 1354 1214 1386 coargueret;
1227 1358 1317 1385 neque
1330 1351 1364 1378 ab
1373 1358 1406 1378 eo
1418 1349 1578 1385 reprehendi
1593 1349 1644 1376 hac
1656 1355 1723 1375 voce

929 1396 1053 1423 actiones
1076 1395 1219 1423 hominum
1244 1395 1383 1428 suaderet,
1411 1403 1507 1422 verum
1533 1402 1645 1429 operam
1662 1393 1722 1420 dari

929 1442 964 1469 al)
978 1442 1073 1469 eodem
1091 1446 1204 1477 propter
1221 1449 1299 1469 suam
1317 1441 1453 1469 inscitiam
1474 1445 1503 1468 ut
1524 1441 1594 1468 sciat
1608 1440 1721 1475 aliquid,

890 1475 912 1504 (ἶ
929 1488 976 1523 qui
1001 1488 1064 1515 aliis
1082 1475 1240 1515 facultatem
1266 1488 1363 1522 agendi
1390 1487 1555 1522 suppeditat.
1581 1486 1679 1521 Utique
1695 1491 1722 1512 et

930 1533 996 1562 illud
1012 1543 1019 1561 :
1040 1543 1049 1559 ι
1068 1533 1136 1567 Quis
1158 1541 1218 1561 sum
1234 1534 1306 1568 ego?
1321 1533 1454 1560 Dominus
1468 1540 1555 1564 meus,
1569 1532 1721 1564 Dominus;

929 1585 955 1607 et
976 1588 1038 1615 quas
1062 1584 1105 1607 est
1126 1580 1225 1607 domus
1247 1580 1333 1614 patris
1356 1580 1408 1606 mei
1423 1579 1467 1606 "'2
1495 1588 1504 1604 ι
1537 1583 1612 1606 tanto
1635 1575 1723 1613 magis

928 1625 988 1653 harc
1004 1626 1192 1653 diversitatem
1208 1625 1249 1652 rei
1274 1625 1364 1660 palam
1391 1625 1504 1656 faciunt,
1527 1627 1630 1659 quanto
1645 1623 1724 1651 simi—

928 1671 996 1700 h'Ore
1012 1680 1080 1700 voce
1094 1672 1235 1700 dicuntur.
1262 1671 1440 1708 Significatur
1457 1671 1529 1698 enim
1547 1671 1666 1705 propria:
1682 1670 1723 1697 ri-

928 1719 1016 1747 litatis
1028 1719 1176 1750 confessio.
1189 1723 1341 1754 gratusque
1354 1719 1488 1745 adversus
1503 1717 1586 1744 Deum
1601 1716 1721 1743 animus.

927 1763 1022 1799 Neque
1040 1764 1103 1792 licet
1127 1764 1171 1791 hic
1190 1764 1313 1797 cogitare
1331 1763 1573 1801 interrogationem
1585 1782 1593 1793 ,
1621 1761 1723 1788 multo-

928 1817 981 1844 que
1003 1809 1095 1837 minus
1115 1809 1335 1844 objurgationmn
1358 1812 1405 1834 aut
1429 1807 1657 1842 indignationem,
1675 1802 1723 1833 au't

927 1855 1077 1891 quemlibet
1091 1862 1107 1883 e
1124 1854 1262 1890 praedictis
1276 1854 1400 1881 modum.

962 1901 1006 1929 27.
1020 1900 1079 1928 Jam
1098 1900 1181 1928 etiam
1194 1902 1334 1928 raritatem
1349 1907 1432 1934 quam
1447 1897 1521 1933 quod
1536 1899 1655 1924 maxime
1668 1896 1722 1924 hoc

927 1947 1092 1975 vocabulum
1115 1946 1254 1981 designat,
1277 1945 1403 1981 Nempe:
1425 1955 1435 1972 ι
1454 1943 1523 1978 Quis
1549 1944 1669 1979 sapiens,
1694 1949 1722 1971 et

928 1994 1065 2022 custodiet
1093 1994 1151 2021 haec
1165 1993 1213 2020 "‘l
1242 2002 1253 2019 ι
1271 1996 1299 2020 et
1325 2001 1333 2019 :
1364 2001 1374 2018 ι
1403 1992 1473 2025 Quis
1500 1991 1617 2018 credidit
1643 1989 1723 2017 audi-

927 2039 966 2066 tui
993 2044 1106 2070 nostro,
1134 2043 1162 2065 et
1185 2037 1327 2064 brachium
1354 2035 1463 2063 Domini
1488 2034 1532 2062 cui
1567 2034 1719 2062 revelatum

927 2088 968 2112 est
980 2084 1025 2110 ⁸⁸⁵2
1044 2093 1052 2109 ι
1069 2084 1136 2111 Nam
1155 2083 1178 2111 si
1196 2084 1288 2110 minus
1307 2082 1411 2115 cuncti,
1432 2087 1507 2110 certe
1532 2081 1637 2116 aliquot
1660 2088 1722 2108 cre-

927 2130 1075 2162 diderunt;
1095 2129 1196 2164 quibus
1217 2135 1283 2156 sane
1303 2128 1546 2158 conservatricem,
1564 2126 1720 2158 rectricem,

928 2176 1126 2210 dominamque
1139 2175 1262 2202 omnium
1285 2174 1332 2202 Dei
1349 2174 1404 2200 vim
1421 2179 1479 2201 tum
1497 2181 1512 2201 e
1535 2172 1675 2200 beneﬁciis
1693 2172 1721 2199 in

927 2230 956 2250 se
971 2221 1159 2256 mundumque
1173 2225 1261 2247 totum
1277 2219 1395 2249 collatis.
1418 2224 1473 2247 tum
1496 2218 1579 2246 etiam
1599 2226 1614 2245 e
1629 2217 1724 2253 provi-

926 2265 1018 2293 dentia
1035 2265 1159 2292 contueri
1176 2265 1322 2300 dignanter
1334 2271 1495 2291 concessum
1514 2264 1586 2290 fuit-:
1602 2271 1723 2298 quorum

926 2312 1061 2339 luminum
1082 2311 1166 2338 radiis
1182 2310 1349 2341 collustrati,
1367 2310 1468 2341 mentis
1484 2309 1610 2336 tenebras
1626 2309 1720 2342 dispu-

926 2357 1027 2385 lerunt.
1060 2354 1156 2383 Nonne
1186 2362 1252 2383 vero
1285 2354 1494 2382 admirationem
1524 2357 1721 2389 stuporemque

926 2402 1017 2438 prodit
1051 2402 1074 2430 is
1105 2401 1153 2437 qui
1183 2401 1245 2429 ait:
1266 2411 1276 2427 ι
1299 2400 1367 2434 Quis
1393 2405 1434 2428 est
1462 2401 1515 2428 iste
1545 2399 1658 2426 veniens
1685 2406 1719 2425 ex

926 2448 1013 2476 Edom
1030 2447 1077 2475 "5’
1092 2457 1102 2473 ι
1122 2463 1157 2468 ——
1180 2458 1189 2473 ι
1209 2448 1277 2481 Quis
1292 2452 1336 2475 est
1359 2447 1412 2479 hic,
1437 2446 1480 2474 cui
1499 2453 1575 2473 mare
1591 2444 1721 2479 ventique

927 2496 1058 2523 obediunt
1071 2495 1116 2522 "17
1132 2505 1142 2521 ι
1159 2503 1240 2531 quem
1268 2503 1333 2523 sane
1360 2493 1557 2529 significatum,
1582 2491 1720 2518 dictarum‘

926 2546 1005 2569 antea
1030 2542 1201 2569 locutionum
1224 2541 1298 2568 nulla
1315 2548 1371 2576 prae
1394 2547 1423 2567 se
1446 2539 1508 2566 fert.
1527 2538 1603 2565 Adde
1618 2537 1672 2568 his.
1694 2536 1718 2564 si

926 2588 1008 2615 libet:
1023 2597 1032 2613 ι
1052 2587 1120 2621 Quis
1134 2588 1208 2615 dabit
1224 2587 1305 2622 capiti
1318 2593 1380 2613 meo
1395 2592 1494 2620 aquam
1511 2585 1534 2601 "
1545 2584 1558 2611 ?
1574 2593 1637 2610 ι-ι
1651 2582 1723 2616 Quis

927 2642 970 2661 me
984 2639 1067 2669 ponet
1081 2634 1158 2668 juxta
1181 2641 1302 2661 mensem
1319 2632 1494 2668 superiorum
1518 2631 1624 2658 dierum
1639 2630 1682 2656 6"‘i
1705 2639 1719 2656 ι

927 2681 959 2708 Ει
973 2689 980 2708 :
998 2690 1007 2706 ι
1026 2680 1122 2708 Infelix
1138 2688 1190 2716 ego
1205 2681 1305 2707 homol
1328 2679 1391 2714 quis
1409 2686 1452 2706 me
1468 2677 1596 2706 liberabit
1611 2677 1646 2704 de
1658 2683 1722 2704 coro

927 2734 993 2762 pore
1015 2727 1113 2755 mortis
1135 2728 1216 2762 hujus
1228 2727 1272 2753 "?
1289 2736 1299 2752 ›
1317 2725 1428 2754 Scilicet
1452 2726 1511 2753 haec
1534 2723 1675 2752 hominem
1689 2722 1719 2749 in

1184 2805 1207 2821 ⁸ο
1225 2804 1312 2832 Exod.
1331 2813 1361 2837 ιι,
1383 2804 1424 2832 Η.
1481 2803 1502 2819 ⁵¹
1521 2802 1599 2829 Rom.
1617 2808 1672 2832 xw,
1688 2800 1717 2837 4.

89 2865 110 2881 ’⁵
121 2865 208 2900 Μειιοῖ
219 2880 256 2906 tv,
272 2865 333 2900 10.7
356 2874 381 2891 ”
393 2873 491 2901 Jerem.
509 2865 551 2907 ix;
565 2865 591 2901 l.
630 2875 653 2890 '°
666 2873 717 2902 Job
733 2865 807 2907 x'in;
826 2865 868 2901 εἴ
893 2865 914 2891 δ’
928 2865 1139 2910 Ἲῐζοιιιίνιιξθίιξ
