1881 3077
163 154 198 185 83
729 151 862 182 PHOTII
889 152 953 182 ΡΛΊ

1031 152 1141 182 RCHJE
1160 153 1215 182 (ΣΡ.
1753 150 1790 185 84

163 207 298 242 anguStiis
318 201 352 235 ad
374 214 468 242 preces
490 206 694 242 confugientem
717 207 861 239 exhibent,
886 215 949 234 cum

1028 209 1052 241 ᾗς
1065 207 1116 241 μὲν
1129 207 1184 242 γάρ
1199 205 1362 241 καταφυγὴν
1379 205 1408 238 ἐξ
1429 206 1585 241 ἀμηχανίας
1598 206 1634 233 τὰ
1654 206 1788 242 είρημένα

164 254 360 281 sententiarum
385 253 509 288 priorum
535 253 611 280 nulla
637 257 813 288 congruunt:
835 258 863 280 et
885 258 948 281 vota

164 299 273 334 quidem
292 306 340 332 pro
367 299 501 326 malorum
525 298 687 333 depulsione
715 299 866 332 continent,
893 307 947 326 non

164 348 252 369 tamen
267 343 308 369 vel
322 343 574 378 interrogationem,
596 343 638 370 vel
657 343 797 371 modestiae
810 344 950 379 significa-

165 387 280 418 tionem.
296 387 338 414 vel
353 387 523 414 indefinitum
537 387 612 422 quid,
634 388 676 414 vel
687 388 806 423 aliquam
824 389 949 423 increpa-

163 433 281 465 tionem;
298 440 388 467 neque
409 440 506 460 rursus
525 433 676 466 raritatem,
692 441 780 468 neque
799 434 949 468 gratiarum

163 479 311 510 actionem,
329 486 418 512 neque
433 478 644 506 admirationem
658 479 701 506 vel
716 483 867 514 stuporem.

197 524 243 550 28.
270 523 404 550 Praeterea
429 523 501 551 istud
532 524 614 550 etiam
645 531 751 551 mecum
778 525 948 555 considera:

166 569 249 602 «Quis
259 568 374 603 decipiet
380 569 586 596 Acbaabnm“?
598 574 635 602 et,
646 569 747 602 «Quem
756 570 860 598 mittam
869 572 902 588 "‘
917 573 948 599 ?»

163 619 191 642 et
206 623 214 642 :
229 624 237 640 ι
254 615 321 647 Quis
346 615 396 642 ibit
418 615 452 642 ad
477 614 605 649 populum
623 615 664 641 "1’
679 625 688 640 ι
703 614 868 644 Nonnullam
895 618 951 646 haec

163 661 272 695 quidem
289 660 406 694 speciem
423 659 535 693 habent,
551 659 610 688 fore
628 665 658 687 ut
672 661 723 688 sub
736 661 829 696 aliquo
843 669 860 690 e
879 671 950 697 prae-

164 706 325 734 cedentibus
353 706 443 734 modis
472 707 683 738 concludantur,
710 715 740 734 re
770 712 862 735 tamen
888 716 950 736 vera

164 752 266 778 aditum
309 752 374 779 illuc
408 759 462 778 non
495 752 637 780 invoniunt
662 772 670 785 .
706 752 753 780 sed
785 754 951 788 provocandi

164 797 265 830 potius,
289 796 331 823 vel
354 796 427 823 modi
455 796 547 823 nescio
571 797 651 831 rujns
677 797 843 824 sententiam
860 799 947 826 conti-

165 846 241 869 nent.
269 842 338 869 lllud
360 846 451 869 autem
468 851 475 870 :
495 851 505 867 ι
521 842 587 874 Qua:
601 843 675 869 enim
698 842 831 871 fortitudo
848 851 907 870 mea
923 848 952 871 ut

164 887 337 915 sustineam?
352 891 400 914 aut
421 887 558 922 quodnam
581 891 690 923 tempus
706 896 797 915 meum
819 894 848 916 ut
864 889 952 924 perfe-

166 940 224 958 ram
238 932 283 959 “?
301 941 310 958 ι
328 932 424 967 quidni
445 933 529 960 alium
551 941 662 960 sensum
684 934 735 961 sibi
760 934 897 967 deposcet,
915 935 952 962 ita

166 980 196 1003 ut
213 977 358 1004 consilium
380 977 494 1005 minime
515 977 646 1012 lnjurium
669 978 726 1006 Deo
741 978 799 1006 sit?
818 978 864 1007 llle
877 980 951 1008 enim

164 1021 366 1049 calamitatibus
379 1029 502 1056 pressus,
516 1022 580 1050 dum
593 1024 656 1050 vita:
669 1023 828 1051 brevitatem
841 1024 953 1052 virium:

164 1074 218 1101 que
244 1067 430 1094 infirmitatem
455 1072 483 1094 et
504 1068 667 1102 paucitatem
688 1069 827 1096 declarare
851 1070 951 1104 studet,

166 1112 209 1139 his
223 1119 285 1146 qua:
297 1112 355 1139 dixi
371 1112 460 1139 verbis
475 1116 504 1140 et
518 1113 564 1140 illa
578 1113 661 1141 simul
679 1114 761 1147 mala,
779 1119 806 1142 et
820 1123 901 1142 suum
917 1117 952 1143 ob

165 1163 198 1183 ea
212 1161 338 1184 moestum
362 1157 555 1192 defessumque
571 1159 694 1186 animum
713 1161 811 1195 aperit.
839 1161 954 1197 Insuper

165 1202 232 1230 illud
253 1212 260 1230 :
278 1212 288 1229 ‹
306 1203 376 1230 Num
398 1204 461 1238 quis
488 1204 564 1232 novit
586 1212 620 1232 an
645 1213 708 1233 eum
731 1207 953 1242 deprehensurus

164 1249 216 1276 sim
229 1249 271 1276 "ll
284 1258 293 1275 ι
305 1254 332 1277 et
342 1259 349 1277 :
359 1259 368 1275 ι
382 1250 449 1283 Quis
463 1251 549 1284 novit,
561 1256 653 1279 utrum
668 1253 703 1280 sit
717 1261 877 1283 reversurus
888 1256 929 1283 “2
940 1265 950 1282 ι

165 1295 234 1328 haec,
251 1296 374 1331 inquam,
390 1296 548 1324 dubitanter
563 1298 645 1330 dicta,
660 1298 682 1326 si
697 1298 734 1326 ita
754 1299 952 1336 intelligantur,

167 1348 341 1375 nequaquam
362 1342 523 1368 sententiam
540 1342 739 1376 obscurabunt,
760 1345 890 1380 nullaque
903 1354 954 1373 au-

166 1386 283 1412 ditorem
308 1387 487 1421 ambiguitate
512 1387 645 1415 irrctieut.
672 1388 719 1416 Sin
747 1390 840 1417 eadem
856 1399 870 1418 a
886 1399 954 1426 pra:-

166 1430 238 1456 dieta
256 1430 454 1466 signiﬁcatione
469 1432 607 1465 recedent,
620 1433 784 1467 perplexitas
800 1435 953 1463 auditorem

166 1476 275 1508 obruet,
301 1477 439 1504 contraria
464 1485 578 1512 prorsus
602 1478 641 1505 illi
674 1480 873 1514 perspicuitati.
894 1489 955 1516 quae

167 1526 247 1548 recta;
260 1521 446 1556 intelligentiae
461 1522 568 1551 fructus
589 1528 641 1551 est.
663 1524 752 1559 Atque
774 1526 857 1561 hujus
871 1534 952 1555 voca-

167 1566 223 1593 buli
241 1575 283 1598 τις
298 1567 397 1595 multas
415 1568 484 1596 alias
509 1567 679 1597 differentias
694 1578 707 1596 a
724 1579 767 1598 me
784 1573 952 1606 praetermis-

167 1620 224 1644 sas,
247 1613 294 1647 qui
310 1613 427 1641 scrutari
443 1621 539 1642 saeros
558 1615 655 1643 Libros
682 1616 810 1651 voluerit",
830 1619 954 1652 profecto

169 1659 299 1691 inveniet,
316 1667 384 1693 quas
399 1665 426 1688 et
450 1661 512 1688 aliis
534 1662 679 1689 ostendere
692 1670 746 1689 non
764 1671 844 1691 secus
858 1671 891 1691 ac
904 1664 954 1691 de-

168 1704 345 1738 prehendere,
363 1705 491 1740 perfacile
505 1707 642 1741 negotium
655 1712 708 1735 est.

203 1750 248 1777 29.
268 1749 326 1777 Non
354 1751 442 1778 solum
470 1756 562 1778 autem
591 1753 672 1780 unica
697 1753 835 1782 interdum
864 1755 954 1784 brevis

168 1794 251 1823 dictio
268 1795 412 1830 multiplici
428 1796 581 1831 significatu
596 1798 718 1832 praedita,
735 1798 870 1834 siquando
881 1800 954 1829 haud

168 1841 361 1869 convenienter
383 1841 564 1876 intelligatur,
590 1848 708 1870 mentem
723 1845 804 1872 etiam
828 1846 955 1874 cordate-

168 1895 229 1914 rum
245 1887 386 1914 hominum
405 1887 534 1915 obseurat
548 1893 631 1923 atque
643 1891 802 1923 conturbat;
819 1892 865 1919 sed
881 1892 955 1920 litte-

168 1933 235 1960 rulae
259 1940 371 1968 quoque
392 1933 540 1967 aberratio,
565 1934 670 1963 additio
691 1936 734 1963 vel
748 1936 894 1970 detractio,
911 1938 954 1965 vel

168 1979 257 2006 dirum
282 1980 347 2014 quid
370 1980 516 2014 aliquoties
539 1981 621 2015 parit,
638 1981 679 2008 vel
705 1986 778 2009 certe
804 1983 954 2011 absurdum

168 2025 238 2051 solet
259 2024 372 2052 eﬂleere.
389 2024 479 2059 Atque
504 2029 535 2051 ut
558 2030 656 2053 caatera
680 2026 790 2054 interim
815 2028 954 2060 omittam,

168 2069 191 2096 si
215 2070 278 2105 quis
307 2070 420 2097 verbum
443 2069 543 2104 ἐκτησε
567 2070 646 2106 longa
671 2072 772 2107 syllaba
801 2073 954 2107 praeditum,

169 2116 242 2143 brevi
255 2117 357 2144 scribat
370 2116 484 2152 (ἔκτισε)
503 2121 587 2152 atque
610 2118 646 2145 ita
670 2118 807 2154 intelligat
824 2119 850 2146 in
866 2127 898 2147 ea
913 2120 955 2146 lo-

168 2162 277 2190 «utioue
296 2172 305 2189 ι
324 2162 455 2191 Dominus
468 2164 568 2199 έκτησε
583 2163 691 2199 (nempe
713 2165 809 2192 creavit
828 2173 877 2200 pro
893 2174 955 2200 pas-

998 252 1124 286 δηλώσει,
1143 253 1184 284 είς
1193 251 1269 279 οὐδὲν
1279 252 1307 279 δὲ
1321 252 1376 279 τῶν
1389 251 1640 288 προδιεσταλμένων
1653 251 1789 289 συνε[νε]-

998 298 1092 333 χθείηο
1109 297 1157 324 καὶ
1176 298 1337 332 ἀπαλλαγῆς
1360 297 1410 332 μὲν
1427 297 1566 332 ὲξαίτησιν
1590 297 1643 323 τῶν
1663 298 1790 332 συνεχόν-

998 350 1063 374 των,
1082 341 1113 367 οὐ
1129 341 1182 376 μὴν
1196 341 1342 377 ἐρώτησιν,
1362 341 1424 368 οὐδὲ
1440 340 1663 376 προσδιορισμόν,
1681 341 1744 368 οὐδὲ
1758 342 1789 368 τὸ

999 387 1135 422 ἀόριστον,
1151 387 1205 414 οὐδ’
1217 387 1388 423 ἐπιτίμησιν,
1402 386 1459 414 ἀλλ’
1473 387 1534 413 οὐδὲ
1547 387 1578 413 τὸ
1593 386 1716 418 σπάνιον,
1730 386 1789 413 ἀλλ’

998 433 1060 459 οὐδὲ
1081 432 1268 468 εὐχαριστίαν,
1284 433 1301 468 ἢ
1322 433 1471 466 εὐτέλειαν,
1486 432 1548 459 οὐδὲ
1565 431 1657 468 θαῦμα
1673 433 1721 458 καὶ
1744 431 1790 458 Ξκ-

1000 478 1098 514 πληξιν
1114 479 1281 514 ὑπογράφει.

1035 524 1088 558 κη’.
1106 524 1142 551 Σὺ
1165 524 1195 551 δέ
1220 532 1267 559 μοι
1299 524 1410 551 κάκεῖνο
1433 523 1641 559 προσεπιζήτει,
1655 523 1696 557 τὺ,
1713 532 1723 549 ι
1739 523 1791 555 Τίς

1000 572 1137 606 ἀπατήσει
1146 571 1327 606 τὸν,Ἀχαάϐ;
1343 579 1352 596 ι
1369 571 1441 602 καὶ,‹
1454 570 1520 596 Τίνα
1531 569 1688 603 ἀποστελῶ;
1701 579 1712 596 ι
1731 570 1790 602 καὶ,

1003 625 1013 642 ι
1031 616 1080 648 Τίς
1100 615 1264 651 πορεύσεται
1290 616 1359 650 πρὸς
1372 615 1419 642 τὸν
1434 615 1512 648 λαόν;
1530 624 1540 641 ι
1566 615 1719 642 Φαντασίαν
1739 615 1791 650 μέν

1000 670 1062 688 τινα
1079 661 1230 696 παρέχεται
1244 661 1282 692 ὡς
1295 660 1408 687 δυνατὸν
1424 660 1470 694 ὑφ’
1490 660 1520 686 ἓν
1539 660 1594 686 τῶν
1617 660 1792 696 προδιευκρι-

1002 707 1127 742 νημένων
1142 706 1292 741 ἀναχθῆναι
1301 715 1309 721 ·
1325 706 1356 732 ού
1369 707 1423 741 μήν
1439 714 1471 740 γε
1483 705 1532 732 καὶ
1543 706 1577 740 τῇ
1591 705 1707 741 ἀληθείᾳ
1720 705 1794 740 πάρ-

1002 753 1061 780 οδον
1081 753 1214 787 εὑρίσκει,
1243 751 1312 780 ἀλλά
1330 751 1516 786 προκλητικῆς
1534 750 1635 786 μᾶλλόν
1654 751 1713 776 ἐστι
1731 750 1793 777 δια-

1003 798 1088 830 νοίας,
1111 798 1128 834 ἢ
1155 798 1248 833 ἑτέρου
1264 797 1337 828 τινος
1351 797 1437 823 τύπον
1452 796 1591 828 διασώζει.
1610 796 1647 822 Τὸ
1658 795 1696 828 δὲ,
1717 805 1727 821 ι
1742 796 1794 827 Τίς

1003 842 1058 877 γάρ
1076 850 1127 877 μου
1144 842 1160 877 ἠ
1174 841 1263 876 ἰσχὺς,
1278 841 1319 868 ὅτι
1334 841 1480 876 ὑπομένω;
1499 840 1515 875 ἢ
1530 840 1571 872 τίς
1588 849 1638 875 μου
1652 840 1667 865 ὀ
1684 839 1792 875 χρόνος,

1002 888 1043 914 ὅτι
1063 887 1215 922 ,ἀνέχομαις
1232 896 1241 912 ι
1269 886 1328 918 πῶς
1348 887 1398 922 οὐχ
1422 885 1515 920 ἕτερόν
1540 894 1566 912 τι
1590 886 1795 920 σημαινόμενον

1003 933 1175 968 ἐπιζητήσει,
1186 932 1220 959 δι⁹
1233 928 1265 959 οὗ
1274 932 1305 958 τὸ
1320 931 1426 958 ἐκείνου
1437 931 1563 967 βούλημα
1574 930 1624 957 οὑκ
1635 930 1793 966 ἑξυϐρὶσοις

1002 978 1040 1005 Τὸ
1053 978 1108 1013 γὰρ
1122 977 1208 1013 βραχὺ
1233 977 1281 1004 καὶ
1297 977 1391 1004 ἄτονον
1412 977 1461 1003 καὶ
1475 976 1658 1011 ὀλιγοχρόνιον
1670 976 1719 1003 τοῦ
1733 976 1794 1011 βίου

1003 1025 1050 1052 καὶ
1062 1024 1113 1060 τῆς
1128 1024 1220 1059 ίσχύος
1234 1024 1249 1050 ὀ
1264 1024 1297 1058 τῇ
1313 1022 1486 1058 ταλαιπωρίᾳ
1503 1022 1686 1058 ὲκτρυχωθεὶς
1699 1031 1795 1057 παρα-

1004 1070 1102 1105 στῆσαι
1116 1068 1269 1105 βουληθεὶς,
1289 1068 1334 1095 διὰ
1348 1067 1452 1095 τούτων
1475 1066 1529 1094 τῶν
1552 1067 1683 1103 ῥημάτων
1700 1067 1796 1094 ἐκεῖνά

1001 1124 1032 1142 τε
1047 1116 1106 1150 ἅμα
1130 1116 1177 1142 καὶ
1197 1115 1242 1141 τὸν
1257 1114 1302 1141 ἐπ’
1326 1114 1418 1146 αὐτοῖς
1436 1113 1636 1149 ὀλοφυρόμενον
1661 1113 1724 1140 νοῦν
1744 1113 1796 1139 καὶ

1003 1160 1174 1196 ἀπειρηκότα
1191 1159 1372 1186 ἀναπτύσσει.
1395 1157 1477 1185 Ἀλλὰ
1501 1158 1556 1194 γὰρ
1577 1157 1625 1184 καὶ
1647 1157 1687 1190 τὸ,
1714 1166 1723 1183 ι
1742 1156 1795 1189 Τίς

1003 1205 1058 1239 ἄρα
1072 1204 1166 1239 γνοίη,
1182 1204 1224 1231 ὃτι
1240 1203 1350 1239 εὕροιμι
1366 1202 1463 1236 αὐτόν;
1481 1212 1491 1229 ι
1508 1202 1554 1229 καὶ
1568 1202 1610 1235 τὸ,
1627 1211 1636 1227 ι
1657 1201 1706 1233 Τίς
1720 1199 1794 1228 οἶδεν

1003 1250 1028 1276 εἰ
1045 1248 1221 1284 ὲπιστρέψοι;
1239 1258 1249 1274 ι
1272 1247 1342 1275 κατὰ
1356 1246 1517 1282 διαπόρησιν
1537 1246 1688 1282 εἰρημένα,
1704 1246 1729 1272 εί
1744 1245 1792 1272 οὗ·

1003 1302 1057 1325 τως
1072 1292 1271 1329 προσληφθείη,
1292 1292 1371 1319 οὐδὲν
1388 1291 1438 1326 μὲν
1453 1291 1503 1326 τὴν
1516 1291 1636 1317 διάνοιαν
1659 1290 1795 1326 ἀμαυρὼ-

1005 1346 1056 1369 σει,
1072 1339 1112 1369 είς
1125 1332 1254 1372 οὐδεμίαν
1269 1337 1298 1363 δὲ
1315 1335 1483 1371 ἀμφιϐολίαν
1501 1336 1546 1362 τὸν
1558 1335 1697 1370 ἀκροατὴν
1712 1343 1795 1370 περι-

1003 1383 1098 1419 τρέψει
1108 1389 1116 1398 '
1130 1383 1282 1409 ἐκπεσόντα
1304 1382 1332 1408 δὲ
1344 1382 1393 1417 τῆς
1405 1381 1535 1416 τοιαύτης
1551 1381 1700 1416 σημασίας,
1717 1380 1794 1407 οὐδὲν

1004 1429 1115 1455 ἔλαττον
1128 1428 1144 1463 ἢ
1162 1428 1230 1463 ὅπερ
1243 1427 1369 1454 ἐϐούλετο
1384 1426 1481 1462 δηλοῦν
1497 1427 1612 1461 ὀρθότης
1625 1426 1672 1453 τοῦ
1690 1434 1795 1461 σημαι-

1004 1475 1128 1509 νομένου,
1142 1473 1259 1508 ἀπορίας
1274 1472 1356 1499 αὑτὸν
1380 1472 1560 1507 ἀναπλήσσει.
1579 1472 1635 1498 Καὶ
1646 1472 1677 1498 οὐ
1691 1472 1795 1503 ταύτας

1009 1520 1099 1554 μόνον,
1113 1519 1181 1545 ἀλλὰ
1196 1519 1244 1545 καὶ
1261 1518 1362 1550 πολλὰς
1377 1518 1460 1550 ἄλλας
1472 1517 1604 1552 διαφορὰς
1616 1517 1666 1552 τῆς
1679 1525 1795 1553 προκει-

1010 1566 1093 1600 μένης
1121 1565 1214 1600 φωνῆς
1230 1563 1490 1600 παραλελειμμένας
1514 1564 1529 1590 ό
1555 1563 1718 1598 βουλόμενος
1744 1563 1797 1598 τὴν

1008 1611 1084 1645 ἱερὰν
1096 1610 1294 1645 ἀναλεγόμενος
1308 1609 1420 1645 Γραφὴν
1437 1608 1561 1643 εὑρήσει,
1577 1608 1610 1640 ἀς
1623 1608 1700 1634 οὐδὲν
1715 1607 1797 1644 ἔργον

1006 1657 1068 1685 οὔτε
1087 1657 1169 1685 αὑτὸν
1185 1657 1278 1684 λαϐεῖν
1297 1655 1360 1683 οὒτε
1374 1656 1431 1687 τοῖς
1447 1655 1541 1686 ἄλλοις
1556 1653 1722 1689 ἐκκαλύψαι.

1044 1755 1097 1782 κο’.
1118 1754 1156 1781 οὑ
1174 1753 1253 1789 μόνον
1265 1753 1295 1780 δὲ
1310 1752 1361 1788 μία
1374 1752 1446 1785 λέξις
1458 1752 1506 1779 καὶ
1518 1752 1580 1779 τότε
1593 1752 1707 1788 βραχεῖα
1724 1753 1798 1779 κατά

1007 1800 1114 1827 πολλῶν
1128 1800 1178 1836 μὲν
1191 1798 1380 1834 ὑποκειμένων
1395 1798 1545 1834 φερομένη,
1558 1798 1588 1824 οὐ
1603 1798 1751 1833 προσφυῶς
1767 1798 1798 1825 δὲ

1007 1845 1293 1882 παραλαμϐανομένη,
1321 1844 1369 1870 τὸν
1395 1843 1458 1870 νοῦν
1484 1844 1539 1871 τῶν
1563 1843 1653 1878 ὀρθῶς
1679 1844 1798 1879 ἐχόντων

1008 1891 1129 1919 ὲπιοολοϊ
1156 1891 1203 1917 καὶ
1229 1890 1420 1926 διαταράττει,
1458 1889 1527 1916 ἀλλὰ
1553 1889 1602 1916 καὶ
1632 1890 1798 1925 γράμματος

1008 1935 1170 1972 παραλλαγὴ
1181 1955 1187 1966 ,
1203 1935 1220 1970 ἢ
1235 1935 1383 1971 πρόσθεσις
1398 1935 1446 1961 καὶ
1463 1935 1609 1970 ἀφαίρεσις
1620 1954 1628 1966 ,
1653 1935 1679 1961 εί
1693 1935 1741 1961 καὶ
1759 1934 1797 1969 μὴ

1008 1983 1126 2019 χαλεπὸν
1137 1982 1335 2013 ἀποσκευάσαι,
1344 1981 1419 2015 ὅμως
1430 1980 1531 2008 ἄτοπόν
1543 1989 1569 2007 τι
1581 1981 1705 2016 ἀπαντᾷν
1717 1980 1797 2007 εἴωθε

1008 2027 1240 2065 παρασκευάζειν.
1270 2028 1325 2054 Καὶ
1349 2027 1392 2054 ἵνα
1417 2027 1465 2054 νῦν
1486 2027 1560 2054 ἐάσω
1574 2026 1608 2053 τὰ
1624 2026 1703 2059 ἄλλα,
1728 2026 1798 2053 ἀλλὰ

1008 2075 1062 2114 ’γρρ
1089 2075 1136 2101 καὶ
1162 2074 1193 2100 τὸ
1206 2074 1338 2106 ἐκτησεν
1354 2073 1381 2100 εί
1403 2082 1446 2105 τις
1472 2073 1660 2108 μηκυνόμενον
1683 2071 1727 2099 διὰ
1749 2072 1797 2098 τοῦ

1009 2119 1212 2156 βραχυνομένου
1236 2119 1292 2155 (21)
1311 2119 1358 2146 καὶ
1373 2119 1488 2154 γράψειε
1504 2118 1552 2146 καὶΙ
1565 2119 1687 2154 νοήσειεν
1702 2119 1732 2144 ὲν
1748 2117 1797 2153 τῷ,

1012 2175 1021 2193 ι
1038 2165 1140 2202 Κύριος
1165 2165 1265 2200 ἐκτησέ
1290 2173 1324 2200 με
1345 2165 1434 2200 ἀρχὴν
1447 2164 1516 2191 ὀδῶν
1533 2163 1607 2200 [cod.
1626 2162 1698 2198 ὁδὸν]
1714 2162 1797 2189 αὑτοῦ

168 2209 248 2243 sedi!)
263 2217 307 2236 me
318 2209 424 2236 initium
436 2211 540 2237 viarum
558 2218 670 2238 suarum
684 2210 717 2238 ad
730 2218 812 2245 opera
829 2219 878 2238 sua
890 2212 929 2244 ",
943 2222 952 2238 ι

1028 2213 1048 2243 ίς
1062 2211 1130 2247 ἔργα
1143 2210 1241 2237 αὐτοῦ·
1260 2220 1269 2236 ι
1283 2208 1342 2236 εἷτα
1355 2210 1424 2245 πρὸς
1435 2210 1485 2245 τὴν
1497 2209 1544 2236 τοῦ
1564 2209 1669 2244 Ἀρείου
1683 2207 1798 2243 γνώμην

169 2254 267 2282 deinde
282 2255 314 2281 ad
334 2255 391 2282 Arii
413 2255 577 2283 sententiam
600 2256 729 2289 inclinet;
749 2256 772 2283 is
789 2261 885 2284 contra
906 2257 954 2284 lilii

168 2300 334 2328 divinitatem
363 2300 481 2336 linguam
512 2305 602 2328 acuet.
635 2301 686 2328 Sed
717 2301 775 2328 Arii
803 2302 954 2330 suavitatem

168 2346 344 2376 multifariam
369 2346 495 2373 insectari
519 2351 545 2374 et
572 2353 722 2381 coarguere
747 2354 863 2381 pronum
887 2351 953 2375 est:

169 2394 318 2427 priesertim
337 2394 400 2428 quia
418 2394 530 2421 verbum
549 2393 660 2428 ἔκτησε,
676 2393 747 2421 haud
771 2401 819 2429 per
841 2394 894 2421 iota
910 2395 955 2422 lit—

170 2443 260 2465 teram.
277 2439 324 2466 sed
341 2447 389 2474 per
408 2443 452 2467 eta
476 2439 711 2474 pronuntiandum
727 2439 749 2467 si
764 2439 826 2474 quis
839 2440 956 2467 demon-

169 2488 246 2516 stret,
265 2484 289 2513 is
305 2485 448 2520 loquacem
468 2485 603 2512 luereticae
617 2485 753 2519 superbia:
765 2485 907 2512 audaciam
922 2484 955 2511 ad

169 2529 308 2556 silentium
328 2535 406 2564 turpe
423 2530 576 2564 compellet.
595 2529 661 2556 Nam
682 2530 793 2557 verbum
812 2530 863 2557 hoc
877 2530 955 2565 longa

171 2574 261 2600 littera
278 2574 427 2608 prolatum,
451 2575 527 2602 nullo
551 2576 631 2602 modo
657 2580 784 2602 naturam
806 2575 955 2607 imminuit,

171 2627 258 2653 neque
271 2621 340 2647 intra
359 2621 494 2648 minorem
510 2621 650 2648 modulqu
667 2626 798 2654 coarctat,
817 2629 905 2656 neque
923 2621 957 2648 ad

1008 2257 1159 2290 ἀποκλίνοι,
1167 2256 1238 2284 κατὰ
1253 2256 1302 2291 τῆς
1318 2255 1365 2282 τοῦ
1382 2256 1448 2282 Υἱοῦ
1463 2255 1591 2290 θεότητος
1607 2254 1657 2290 τὴν
1671 2254 1798 2288 γλῶσσαν

1007 2303 1113 2336 ὀξύνον
1139 2300 1169 2330 οὗ
1187 2303 1218 2329 τὸ
1233 2302 1376 2338 δύσφημον
1392 2301 1535 2337 πολλαχῶς
1563 2301 1613 2337 μὲν
1635 2300 1798 2336 ὲρραπίζειν

1008 2347 1056 2374 καὶ
1072 2347 1221 2382 διελέγχειν
1238 2347 1315 2381 ῥᾷον,
1332 2346 1388 2372 ἀλλ’
1412 2346 1490 2373 οὐδὲν
1504 2345 1615 2372 ἔλαττον
1634 2345 1680 2372 καὶ
1708 2346 1751 2372 ὅτι
1770 2346 1799 2371 το

1008 2391 1141 2424 ἐκίνησεν
1155 2391 1186 2417 οὑ
1199 2391 1249 2425 τῆς
1263 2391 1307 2417 διὰ
1321 2390 1367 2417 τοῦ
1381 2390 1448 2417 ίῶτα
1462 2390 1607 2426 γραμμῆς,
1626 2389 1672 2416 διὰ
1696 2389 1726 2416 δὲ
1750 2390 1799 2424 τῆς

1008 2436 1055 2464 τοῦ
1074 2435 1128 2472 ἦτα
1143 2436 1348 2472 προφερόμενον
1371 2436 1385 2463 ὁ
1409 2436 1570 2468 ὑποδεικνὺς
1585 2434 1798 2466 ἀνακαλύπτων,

1007 2485 1046 2514 εις
1060 2482 1139 2518 σιγὴν
1150 2482 1282 2516 αἰσχύνης
1298 2481 1345 2508 τοῦ
1362 2481 1503 2517 αίρετικοῦ
1519 2481 1694 2517 φρονήματος
1711 2479 1742 2506 τὸ
1756 2480 1800 2506 λά·

1007 2529 1052 2555 λον
1075 2528 1175 2563 θράσος
1193 2527 1353 2554 συνελάσει·
1377 2528 1395 2562 ὴ
1416 2527 1471 2562 γὰρ
1497 2526 1567 2561 μετά
1589 2526 1636 2552 τοῦ
1666 2525 1799 2560 μεγέθους

1011 2572 1142 2609 προϊοῦσα
1165 2572 1237 2605 λέξις
1258 2572 1309 2599 οὐκ
1331 2572 1438 2598 ὲλαττοί
1460 2572 1509 2606 τὴν
1526 2571 1617 2606 φύσιν,
1635 2571 1666 2597 οὐ
1680 2571 1733 2604 μὲν
1752 2567 1800 2596 οὖν

1012 2620 1072 2647 οὑδὲ
1086 2619 1226 2646 συστέλλει
1239 2618 1308 2654 πρὸς
1323 2617 1353 2644 τὸ
1367 2617 1546 2654 βραχύτερον,
1563 2617 1625 2644 οὐδὲ
1644 2618 1683 2648 είς
1695 2615 1800 2651 κτίσμα

206 2687 228 2723 '_'
246 2686 279 2714 lll
295 2687 359 2723 Reg.
383 2696 451 2720 xxn,
466 2689 511 2716 20.
549 2690 583 2706 ⁶¹”
598 2688 650 2717 lsa.
663 2696 700 2723 vt,
717 2689 744 2717 8.
792 2689 815 2705 "
831 2688 932 2717 Jerem.‘
949 2697 953 2716 1

1028 2709 1033 2714 .
1081 2687 1103 2704 “
1119 2686 1170 2715 Job
1185 2695 1222 2719 vi,
1241 2687 1284 2714 ll.
1306 2687 1328 2702 "
1342 2685 1394 2714 Job
1414 2694 1494 2719 ut",
1517 2686 1544 2713 5.
1592 2686 1615 2702 ⁸⁸
1634 2684 1696 2713 Jon.
1713 2693 1757 2718 tu,
1771 2685 1799 2714 9-

922 2757 1038 2785 NOTAE.

170 2723 193 2739 ‘7
206 2721 287 2750 Prov.
304 2721 364 2757 vui,
380 2723 426 2751 22.

209 2832 265 2866 (2|)
280 2830 349 2859 llinc
380 2832 570 2867 cognoscimus
596 2831 721 2867 Photium
738 2829 959 2867 pronuntiavisse

171 2865 331 2895 αιιὲρυεοιιο
364 2865 426 2894 tanr
437 2872 479 2894 ctu
493 2875 573 2902 quam
589 2867 652 2893 iuta.
667 2866 704 2894 De
716 2873 745 2893 re
759 2866 856 2901 legesis
866 2865 960 2900 dispu-

1012 2834 1114 2856 tantem
1145 2827 1326 2856 Villoisonum
1346 2826 1453 2859 Proleg.
1481 2826 1515 2853 ad
1541 2825 1652 2854 llomer.
1676 2832 1706 2861 ι).
1722 2831 1761 2859 tv,
1773 2827 1805 2854 et

1012 2864 1137 2891 Anecdot.
1154 2863 1201 2892 Gr.
1223 2868 1289 2892 tom.
1303 2862 1336 2896 ll,
1350 2870 1376 2897 p.
1398 2861 1448 2889 ηδ
1463 2868 1540 2896 seqq.
