1881 3077
103 143 140 176 85
625 149 676 178 AD
690 148 987 180 AMPHILOCIIlUM
1003 149 1176 186 QUi‘ES'l'IO
1191 151 1215 180 Ῐ.
1709 151 1745 183 86

99 203 152 236 τὴν
167 202 298 229 άκτιστον
319 202 416 230 οὖσίαν
429 203 563 240 κατάγει·
587 206 626 241 μή
655 215 683 233 τι
703 207 837 242 γένηται·

1001 214 1086 236 aturaa
1098 209 1284 237 conditionem
1304 209 1485 237 substantiam
1501 200 1657 238 incrcatam‘
1672 211 1743 238 redi-

101 246 217 274 κείωσιν
244 248 274 274 δὲ
302 248 405 283 μᾶλλον
428 250 477 277 καὶ
497 251 652 286 πρόσληψιν
677 252 726 278 καὶ
756 253 901 279 κοινωνίαν

100 293 158 319 τῶν
179 293 309 328 ὁμοφυῶν
323 294 432 330 Πατρός
452 295 607 331 ὑπογράφει
629 297 677 324 καὶ
693 297 771 325 Υίοῦ.
794 297 823 324 '0
846 299 901 334 γὰρ

101 338 256 371 hamati);
269 341 411 376 πανταχοῦ
427 341 516 369 συνὼν
530 342 569 377 τῷ
580 344 734 378 γεννήματι
747 345 898 380 γεννήτωρ,

102 386 151 412 καὶ
164 387 248 421 μηδὲν
260 387 400 422 ἀπότομον
409 389 457 415 καὶ
473 389 639 425 διῃρημένον
649 391 699 425 τῆς
716 390 821 418 ἐκείνου
838 390 901 426 βου-

101 430 153 465 λῆς
167 433 216 458 καὶ
231 432 348 468 γνώμης
362 435 434 461 κατὰ
447 435 632 471 δημιουργίαν
656 436 725 472 μηδὲ
747 439 820 464 κατὰ
834 437 901 473 πρό-

101 485 179 503 νοιαν
197 479 339 513 πράττων,
352 479 432 515 δῆλον
448 481 487 507 ὅτι
504 482 564 516 μετ’
575 481 739 514 οἰκειώσεως
756 483 802 509 καὶ
814 491 900 518 προσ-

101 521 211 557 λήψεως
228 523 284 550 τῶν
308 523 501 561 βουλευμάτων
522 527 576 554 τῶν
603 528 650 554 τοῦ
669 529 736 556 Υίοῠ
758 530 847 557 πάντα
866 531 900 558 ἂν

100 568 151 594 καὶ
175 569 332 605 προαγάγοι
347 571 396 598 καὶ
414 572 543 607 προνοίας
554 573 669 609 ἀξιώσῃ.
682 571 730 607 Οἷς
741 574 796 610 γὰρ
809 576 899 611 ἀπαρ-

100 613 237 642 άλλακτον
256 617 304 643 καὶ
324 617 415 644 κοινὸν
439 618 470 644 τὺ
488 619 600 654 ἀξίωμα
621 622 668 647 καὶ
697 621 714 656 ἡ
736 621 819 655 φύσις
849 621 899 648 καὶ

100 661 223 694 ἐξουσία,
246 662 354 695 τούτοις
376 663 498 700 δηλονότι
525 665 573 692 καὶ
597 665 628 692 τὸ
648 666 827 702 δημιουργεῖν
850 667 899 694 καὶ

101 708 248 742 προάγειν.
264 709 413 745 ἀμέριστον
427 719 457 737 τε
477 711 525 738 καὶ
542 711 716 743 ἀδιάστατον.
729 713 778 740 καὶ
790 714 898 748 παραλ-

101 751 190 788 λαγὴν
204 753 256 788 τῆς
266 754 380 790 γνώμης
396 755 427 782 οὺ
442 757 525 791 φέρον
539 757 677 792 οὐδεμίαν.
689 751 722 785 Ὃ
736 759 783 785 καὶ
793 760 810 795 ἠ
825 767 898 795 παρ-

101 796 172 824 οῦσα
185 799 464 836 συνεπιμαρτύρηται
474 802 554 837 ῥῆσις
563 802 626 829 ⁸ὲιιτί
636 811 666 830 τε
679 803 734 839 γὰρ
746 805 779 840 τῇ
795 813 898 840 κοσμο-

99 845 197 880 γενείᾳ
209 845 258 872 τοῦ
273 846 386 880 παντὸς,
403 848 452 874 καὶ
473 849 520 875 ἐπὶ
538 850 572 884 τῇ
585 849 757 877 ἀνακαινίσει
778 851 826 877 καὶ
841 859 895 878 σω-

99 891 186 926 τηρίᾳ
205 891 255 918 τοῦ
270 893 528 928 παρολισθήσαντος
544 895 625 930 ἡμῶν
640 896 737 930 γένους
749 897 796 923 καὶ
812 906 898 924 κατα-

100 937 230 969 πεσόντος
246 939 287 970 είς
300 939 456 974 συντριϐὴν,
473 939 568 976 κοινὴν
589 941 638 968 καὶ
652 941 701 977 τὴν
714 943 897 979 δημιουργίαν

99 981 170 1009 εἶναι
181 984 228 1019 καὶ
241 984 291 1020 τὴν
305 985 436 1020 πρόνοιαν
449 986 558 1021 Πατρδς
574 988 620 1013 καὶ
635 987 703 1014 Υἱοῦ
720 988 875 1016 ἐκδιδάσκει
886 997 893 1005 ·

96 1027 113 1061 ἦ
128 1035 160 1053 τε
176 1028 232 1064 γάρ
245 1029 301 1055 τῶν
317 1029 386 1056 ὅλων
403 1032 435 1057 ὲκ
453 1031 490 1067 μὴ
505 1032 590 1059 ὄντων
604 1033 728 1068 πρόοδος,
745 1034 792 1061 καὶ
806 1035 822 1069 ἡ
844 1036 894 1070 τῆς

95 1072 238 1108 ἡμετέρας
254 1073 365 1108 φύσεως
380 1076 421 1107 εἰς
436 1076 468 1102 τὺ
484 1077 577 1113 χεῖρον
591 1079 783 1114 ἀπονευσάσης
796 1079 842 1106 ἐπὶ
861 1080 891 1107 τὸ

95 1117 211 1152 ἄμεινον
226 1120 381 1156 ἀνάκτησις
391 1121 440 1148 καὶ
453 1122 617 1159 ἐπιστροφὴ,
634 1123 714 1159 δῆλον
729 1125 770 1152 ὅτι
781 1125 831 1161 τῆς
843 1125 891 1152 τοῦ

95 1162 204 1198 Πατρὸς
221 1164 270 1190 καὶ
284 1165 332 1191 τοῦ
347 1165 414 1192 Υίοῦ
429 1167 478 1193 καὶ
493 1168 654 1202 Πνεύματός
677 1169 736 1196 ἐστι
758 1169 891 1206 δημιουρ-

99 1208 157 1242 γίας
173 1209 222 1236 καὶ
239 1210 387 1246 προνοίας·
401 1211 461 1238 ἀλλ’
476 1214 492 1248 ἡ
518 1214 568 1249 μὲν
588 1214 621 1241 ὲκ
634 1214 682 1242 τοῦ
697 1215 890 1243 συστέλλεσθαι

94 1254 141 1281 καὶ
158 1256 333 1290 μηκύνεσθαι
350 1259 456 1294 γραφὴ,
480 1259 518 1291 ὼς
539 1260 586 1286 ἐπὶ
609 1261 833 1297 παραδείγματος
851 1263 890 1290 εί‹

94 1300 167 1332 πεῖν,
180 1301 233 1336 τὴν
247 1301 366 1338 ἀπορίαν
381 1304 468 1336 οὕτως
482 1305 669 1338 διασκεδάζει.
687 1307 826 1340 Ὡσαύτως
842 1308 890 1335 καὶ

94 1344 123 1371 εδ
137 1345 312 1380 ἐγέννησεν
328 1348 475 1384 ἀφαίρεσιν
505 1351 556 1386 μὲν
580 1352 610 1385 ἐξ
638 1353 786 1388 ἐπιϐουλῆς
812 1354 828 1389 ἧ
860 1354 890 1388 ἐξ

93 1390 206 1424 ἀγνοίας
231 1393 280 1420 τοῦ
303 1394 362 1426 ἑνὸς
382 1404 397 1422 ν
415 1397 567 1430 πεπονθὸς,
593 1399 753 1433 κτισμάτων
771 1398 890 1436 ὕπαρξιν

93 1436 238 1472 ἐπεισάγει
249 1446 256 1453 ·
271 1440 355 1468 λαϐὸν
369 1441 397 1468 δὲ
414 1442 446 1469 τὸ
460 1443 620 1478 ἀφαιρεθὲν,
638 1445 708 1481 πρὸς
724 1446 755 1472 τὸ
767 1446 889 1481 ὁμοφυές

96 1490 125 1508 τε
152 1485 200 1510 καὶ
223 1485 369 1518 ὀμοούσιον
391 1489 571 1517 κατευθύνει·
591 1491 638 1518 καὶ
661 1491 748 1519 πολλὰ
769 1492 798 1519 δὲ
821 1492 888 1519 ἄλλα

952 255 1008 291 git;
1028 256 1102 290 quod
1122 255 1212 290 absit;
1235 255 1283 283 sed
1305 256 1536 284 necessitudinem
1552 257 1645 292 potius
1659 262 1687 285 et
1699 259 1754 285 so-'

952 301 1078 329 cietatem
1107 301 1387 336 communionemque
1412 302 1495 328 unita:
1514 306 1621 329 naturae
1649 301 1744 329 Patris

951 345 1070 380 Filiique
1084 345 1226 373 describit.
1243 345 1295 378 Qui
1306 347 1379 372 enim
1395 346 1523 373 distincte
1536 347 1618 374 simul
1635 347 1744 374 exsistit

950 399 1012 419 cum
1028 392 1119 427 genito
1133 393 1251 427 genitor,
1264 391 1387 427 nihilque
1398 395 1552 426 separatum
1563 396 1612 418 aut
1623 392 1742 419 divisum

951 438 986 465 ab
1003 438 1063 473 ejus
1078 438 1221 466 voluntate
1239 446 1272 466 ac
1293 443 1384 465 mente
1399 439 1425 465 in
1439 438 1588 465 creationis
1603 446 1636 466 ac
1651 440 1744 473 provi-

950 484 1049 511 dentiae
1070 491 1152 519 opere
1175 483 1251 516 facit,
1277 484 1350 511 hunc
1373 488 1446 518 patet
1466 483 1525 511 l'ore
1552 489 1582 511 ut
1614 492 1667 511 non
1683 484 1744 512 sine

950 529 1099 564 coniuncto
1113 530 1245 565 socioque
1254 530 1314 557 Filii
1324 530 1440 558 consilio
1454 531 1547 557 omnia
1563 531 1698 565 producat
1711 538 1742 558 ac

950 575 1121 611 providentia
1145 575 1283 610 dignetur.
1310 576 1417 609 Quibus
1443 576 1515 603 enim
1543 576 1644 603 similis
1671 577 1743 604 inest

950 622 1164 656 communisque
1187 621 1316 656 dignitas,
1333 626 1430 649 natura
1443 626 1470 648 et
1489 625 1621 656 potestas,
1639 622 1681 649 his
1698 623 1743 649 ni-

950 668 1050 695 mirum
1069 664 1165 694 creare
1192 667 1273 694 etiam
1302 671 1329 693 et
1352 666 1472 694 condere
1488 666 1672 701 inseparabile
1690 667 1744 694 erit

950 717 1033 747 atque
1050 711 1251 743 iudistinctum,
1281 719 1369 746 neque
1391 711 1447 738 ulla
1471 711 1580 738 consilii
1604 711 1742 739 dissensio

949 757 1080 786 accidet:
1102 756 1128 784 id
1146 757 1219 792 quod
1242 763 1364 791 praesens
1388 757 1470 784 etiam
1492 761 1610 784 testatur
1625 757 1740 784 locutio.

949 804 1016 831 Nam
1032 804 1089 831 sive
1100 803 1128 830 in
1146 803 1267 831 universi
1282 803 1434 835 creatione,
1452 803 1510 830 sive
1524 803 1551 830 in
1567 804 1637 838 lapsi
1651 803 1739 831 nostri

951 851 1059 886 generis
1074 854 1157 884 atque
1170 849 1197 876 in
1213 849 1361 884 perniciem
1383 849 1490 876 decidui
1511 849 1690 876 renovatione
1708 857 1741 877 ac

950 894 1147 930 redemptione,
1161 901 1334 922 communem
1355 901 1416 922 esse
1430 894 1509 921 docet
1524 893 1598 921 Patri
1615 893 1741 930 Filioque

949 942 1117 969 creationem
1143 948 1176 967 ac
1197 940 1410 975 providentiam.
1431 939 1499 967 Nam
1521 944 1549 967 et
1570 940 1692 968 universi
1706 949 1739 968 ex

948 986 1036 1014 nihilo
1054 987 1157 1019 exitus,
1171 990 1199 1013 et
1219 990 1324 1013 naturae
1349 989 1450 1012 nostra:
1478 985 1608 1012 deorsum
1638 993 1687 1020 per
1710 993 1740 1012 se

949 1033 1054 1060 ruentis
1074 1031 1235 1059 instauratio
1250 1039 1282 1058 ac
1296 1031 1442 1066 reparatio,
1461 1031 1486 1058 id
1501 1039 1594 1064 omne,
1613 1031 1737 1065 inquam,

946 1086 960 1106 a
976 1078 1065 1106 Patris
1081 1082 1109 1105 et
1122 1077 1182 1104 Filii
1200 1081 1228 1104 et
1240 1076 1358 1111 Spiritus
1373 1075 1511 1103 creatione
1525 1075 1659 1110 procedit.
1667 1075 1737 1103 Tum

945 1130 1012 1150 vero
1025 1123 1117 1150 brevis
1134 1126 1181 1149 aut
1200 1121 1281 1156 longa
1300 1121 1446 1155 scripturae
1466 1122 1603 1156 praedictae
1624 1122 1736 1157 positio.

945 1174 976 1196 ut
991 1168 1019 1195 id
1036 1168 1153 1203 exempli
1179 1167 1265 1195 instar
1290 1167 1336 1199 sit,
1355 1167 1561 1202 ambiguitatem
1584 1168 1638 1195 hoc
1654 1168 1737 1195 modo

944 1215 1071 1250 dissipat.
1088 1214 1220 1242 Similiter
1235 1213 1348 1240 verbum
1373 1214 1530 1247 ἐγέννησεν,
1550 1214 1573 1241 si
1594 1214 1678 1241 unius
1693 1215 1737 1242 lit-

944 1265 1009 1288 terae
1035 1269 1049 1287 ν
1077 1260 1186 1288 inscitia
1215 1259 1257 1286 vel
1283 1264 1346 1286 astu
1372 1259 1569 1287 detrimentum
1602 1260 1735 1295 patiatur,

943 1311 1062 1335 creatam
1077 1310 1202 1333 naturam
1212 1306 1321 1333 asserit.
1335 1305 1529 1333 Verumtamen
1541 1305 1563 1333 si
1575 1313 1634 1340 qua:
1647 1305 1736 1333 ablata

941 1354 1031 1383 fuerat
1046 1354 1134 1380 littera
1151 1357 1318 1384 resumatur,
1340 1352 1417 1379 unita
1433 1357 1460 1379 et
1483 1352 1736 1379 consubstantialis

941 1406 1039 1428 natura
1058 1403 1213 1426 revocatur.
1229 1398 1313 1426 Multa
1333 1399 1386 1425 alia
1402 1398 1459 1426 sive
1476 1399 1503 1425 iu
1525 1398 1649 1433 profanis
1665 1399 1736 1426 seri-

941 1447 995 1481 ptis
1018 1446 1076 1474 sive
1093 1446 1120 1472 in
1141 1445 1227 1472 sacris
1253 1445 1355 1472 nostris
1384 1445 1505 1472 oraculis
1530 1445 1736 1479 deprehendere

939 1493 1014 1523 licet,
1032 1497 1093 1526 quae
1108 1490 1161 1517 sub
1175 1489 1298 1516 eamdem
1317 1489 1569 1516 considerationem
1585 1489 1698 1516 cadunt.

98 1529 169 1555 κατά
188 1539 220 1556 τε
241 1531 305 1563 τοὺς
331 1532 384 1565 ἔξω
407 1533 504 1568 λόγους
526 1535 578 1563 κάν
600 1537 657 1568 τοῖς
680 1537 763 1573 ἱεροῖς
785 1537 813 1564 δὲ
838 1538 886 1566 καὶ
901 1537 1046 1574 ἡμετέροις
1055 1536 1190 1571 χρησμοῖς
1203 1534 1342 1570 φωράσειέ
1368 1543 1411 1566 τις
1438 1535 1478 1566 είς
1508 1533 1558 1570 τὴν
1572 1534 1657 1570 αὐτὴν
1668 1535 1736 1562 ἀνα-

94 1577 232 1611 φερόμενα
248 1577 353 1612 σκέψιν.

127 1623 162 1649 λ’.
185 1623 224 1650 Οὺ
241 1623 323 1658 μόνον
347 1624 377 1651 δὲ
399 1623 567 1661 γράμματος
589 1626 649 1659 ἑνὸς
672 1627 823 1663 πρόσθεσις
841 1637 869 1655 κο

994 1625 1023 1653 0.
1039 1624 1133 1658 Neque
1160 1630 1226 1651 vero
1249 1623 1333 1650 unius
1358 1622 1549 1651 tantummodo
1575 1623 1671 1652 litterae
1686 1626 1736 1651 ad'

95 1668 244 1704 ἆξαίρεσις
266 1669 339 1696 οὕτω
364 1670 470 1698 πολλῶν
495 1673 670 1707 πραγμάτων
696 1675 890 1710 καταστροφὴν

96 1717 142 1741 καὶ
158 1715 305 1742 ἀλλοίωσιν
327 1717 531 1752 ἀπεργάζεται,
556 1719 624 1746 ἀλλὰ
648 1720 696 1747 καὶ
718 1721 796 1747 τόνου
818 1720 890 1757 χρῆ-

98 1769 138 1792 σις
150 1760 208 1795 (22)
221 1761 271 1787 οὐκ
289 1761 435 1797 εὕκαιρος,
453 1763 483 1790 τό
499 1772 529 1790 τε
545 1764 622 1800 ῥῆμα
635 1765 694 1792 ἀνθ’
711 1767 817 1801 ἐτέρου,
828 1766 889 1793 καί-

97 1813 136 1831 τοι
158 1805 210 1840 τῆς
234 1806 346 1842 γραφῆς
366 1807 548 1834 ἁναλλοιώτου
575 1809 710 1845 μενούσης
731 1810 890 1846 παρέδειξεν

98 1851 199 1887 ἕτερον,
215 1853 262 1878 καὶ
274 1852 315 1884 είς
330 1853 422 1888 νόημα
437 1853 582 1886 παντελῶς
597 1854 814 1890 ἀλλοτριώτατον
843 1856 889 1882 τὸν

97 1897 158 1924 νοῦν
172 1899 361 1933 ὲκτοπήσασα,
375 1899 391 1934 ἢ
407 1900 525 1935 δυσσεϐῆ
539 1899 619 1932 δόξαν
636 1900 652 1935 ῆ
668 1901 822 1936 γελώμενον
839 1901 889 1936 λῆ-

99 1951 143 1978 ρον
160 1945 302 1979 συνήγαγε
313 1953 319 1960 ·
349 1945 376 1972 τί
390 1945 419 1972 δὲ
434 1945 507 1980 λέγω
521 1946 689 1981 γράμματα;
707 1946 774 1973 ὃπου
791 1955 822 1980 γε
842 1947 889 1974 καὶ

99 1990 161 2016 αὐτὸ
174 1991 205 2017 τὸ
219 1990 514 2027 πάντων-βραχύτατον
527 1993 544 2027 ὴ
562 1992 665 2028 στιγμὴ
681 1994 888 2028 κακουργούμε-

98 2041 140 2059 νον
154 2034 172 2069 ἧ
186 2034 395 2070 παρορώμενον,
413 2036 461 2063 καὶ
481 2036 531 2071 τῆς
554 2037 659 2068 οἰκείας
677 2030 889 2073 μετατιθέμενοι)

97 2077 209 2113 λήξεως,
225 2079 405 2113 παντοδαπὰς
429 2081 479 2115 μὲν
494 2082 541 2108 καὶ
557 2082 679 2118 μεγάλας
695 2083 816 2118 αἱρέσεις
836 2084 889 2110 άπ-

97 2124 188 2151 έτεκεν
199 2133 206 2141 ·
221 2125 348 2161 ἀφρόνων
373 2126 402 2153 δὲ
415 2127 501 2154 πολὺν
515 2128 612 2163 χρόνον
631 2128 806 2164 κατενεμήθη
822 2137 889 2164 φρο-

97 2172 214 2206 νήματα,
238 2172 287 2198 καὶ
306 2173 364 2204 τοῖς
376 2172 536 2200 εὐσεϐοῦσιν
558 2173 628 2200 ὥστε
649 2174 836 2210 θριαμϐεῦσαι
854 2175 888 2202 τὰ

96 2217 144 2253 τῆς
158 2217 319 2249 δυσσεϐείας
331 2219 467 2254 δόγματα,
488 2221 583 2256 μακρὰ
598 2220 720 2256 παρέσχε
738 2220 773 2247 τὰ
787 2221 888 2255 ἀγωνί-

97 2265 200 2298 σματα.
215 2264 332 2297 Αὐτίκα,
350 2264 394 2292 ἵνα
405 2265 440 2292 τὰ
453 2266 522 2293 ἄλλα
544 2266 636 2301 παρῶ,
651 2267 665 2293 ὁ
681 2267 829 2302 μετάρσιος
842 2267 889 2294 ἇν-

941 1670 1029 1706 jectio
1046 1669 1089 1697 vel
1107 1668 1263 1701 subductio,
1279 1672 1320 1695 tot
1338 1675 1430 1696 rerum
1452 1668 1658 1696 subversionem
1675 1677 1737 1696 mu-

943 1717 1131 1751 tationemque
1154 1715 1229 1746 facit,
1252 1722 1347 1741 verum
1374 1714 1457 1741 etiam
1482 1718 1648 1742 accentuum
1669 1722 1736 1743 usus

944 1762 1153 1796 intempestivus
1168 1760 1233 1788 facit
1248 1765 1277 1787 ut
1293 1759 1367 1786 aliud
1381 1767 1431 1794 pro
1445 1759 1500 1786 alio
1512 1760 1676 1787 vocabulum
1688 1760 1734 1792 sit.

943 1815 1100 1843 quanquam
1119 1808 1231 1834 immota
1248 1807 1382 1841 scriptura
1408 1811 1531 1839 maneat;
1553 1811 1609 1833 tum
1625 1806 1659 1833 ad
1674 1814 1737 1834 sen-

945 1854 1058 1881 tentiam
1071 1853 1152 1887 plane
1171 1852 1306 1879 diversam
1335 1856 1425 1878 mcnte
1444 1851 1591 1883 abstracta,
1617 1855 1665 1878 aut
1682 1851 1735 1878 im-

944 1900 1019 1934 pium
1046 1906 1157 1927 sensum
1179 1901 1227 1925 aut
1251 1897 1382 1924 ridiculas
1403 1897 1520 1932 ineptias
1544 1897 1658 1925 invehit.
1681 1897 1734 1924 Sed

943 1954 993 1974 cur
1007 1946 1113 1972 litteras
1137 1945 1209 1976 dico,
1236 1943 1460 1978 quandoquidem
1477 1943 1661 1978 interpunctio
1676 1943 1735 1979 (qui

942 1991 1123 2019 brevissimus
1139 1989 1264 2017 omnium
1287 1996 1355 2024 apex
1371 1989 1424 2022 est)
1441 1996 1523 2024 prava
1536 1989 1672 2017 interdum
1688 1993 1735 2016 aut

943 2037 1172 2071 neglecta,suove
1187 2035 1248 2063 loco
1263 2035 1557 2070 demota,multiplices
1567 2043 1734 2071 magnasque

943 2083 1063 2111 haereses
1079 2081 1184 2117 peperit
1198 2081 1209 2108 ’ἔ
1225 2080 1378 2108 Stultorum
1402 2085 1493 2108 autem
1510 2081 1597 2108 multo
1613 2085 1734 2116 tempore

943 2137 1070 2157 mansere
1085 2128 1241 2163 opiniones,
1264 2128 1372 2162 piisque
1398 2127 1558 2155 hominibus
1581 2132 1611 2155 ut
1633 2128 1667 2154 de
1681 2128 1734 2155 im-

942 2174 1052 2209 pietatis
1078 2173 1252 2208 dogmatibus
1279 2172 1504 2207 triumpharent,
1538 2172 1732 2199 diuturnorum

941 2219 1124 2247 certaminum
1141 2226 1225 2246 causa
1241 2218 1363 2246 fuerunt.
1378 2217 1501 2253 Exempll
1522 2226 1615 2251 causa,
1633 2223 1663 2245 ut
1679 2226 1733 2246 cae-

942 2269 999 2292 tera
1015 2264 1230 2298 praetermittam.
1247 2264 1288 2290 vir
1301 2263 1346 2290 ille
1361 2263 1388 2290 in
1413 2263 1513 2291 calum
1537 2263 1663 2290 mortalis
1685 2264 1733 2291 ad—

97 2309 204 2345 θρωπος
233 2311 282 2337 καὶ
312 2311 363 2346 τῆς
388 2312 553 2348 οἰκουμένης
578 2313 738 2345 διδάσκαλος
758 2314 772 2339 ὁ
799 2313 839 2348 μέ¹

988 2319 992 2338 :
1006 2310 1144 2342 sublatus,
1158 2315 1186 2336 et
1205 2309 1299 2336 mundi
1316 2311 1423 2342 doctor,
1450 2316 1565 2343 magnus
1580 2309 1730 2344 apostolus,

101 2357 265 2388 Ἀπόστολος
285 2357 314 2384 ἐν
327 2366 383 2384 τισι
408 2358 463 2385 τῶν
487 2357 571 2385 αὑτοῦ
588 2359 760 2395 γραμμάτων
775 2359 888 2394 (Κορίν-

96 2401 147 2427 θιοι
163 2401 192 2428 δὲ
209 2401 258 2437 τὴν
271 2402 418 2438 ἐπιστολὴν
432 2402 621 2437 ὑποδέχονται)
635 2401 707 2429 οὓτω
718 2402 811 2438 φησιν·
823 2411 832 2428 t
844 2402 888 2428 Ἐν

95 2444 134 2479 οἷς
152 2448 166 2473 ό
179 2447 247 2479 Θεδς
261 2447 308 2474 τοῦ
323 2448 421 2480 αἰῶνος
441 2449 536 2475 τούτου
556 2449 698 2483 ἐτύφλωσε
712 2449 748 2475 τὰ
763 2449 889 2483 νοήματα

95 2492 148 2519 τῶν
164 2493 301 2525 ἀπίστων,
317 2494 357 2526 εἰς
369 2494 400 2520 τὸ
418 2495 455 2529 μὴ
470 2495 619 2529 ὲναυγάσαι
631 2495 721 2526 αὐτοῖς
741 2495 788 2521 τὸν
806 2503 889 2529 φωτι-

96 2538 163 2573 σμὸν
175 2538 224 2565 τοῦ
247 2539 415 2573 Εὐαγγελίου
431 2541 482 2574 τῆς
500 2540 580 2575 δόξης
593 2539 639 2566 τοῦ
658 2540 788 2575 Χριστοῦ.
803 2549 813 2565 ι
830 2540 888 2566 ἀλλ⁹

96 2584 109 2609 ό
124 2584 171 2618 μὲν
186 2584 268 2612 τοῦτο
282 2584 380 2618 εἰπὼν,
398 2585 550 2620 θαυμάσιόν
567 2594 629 2612 τινα
653 2586 700 2613 καὶ
722 2585 778 2612 τῶν
800 2586 879 2621 οὐρα-

97 2629 158 2656 νίων
178 2630 372 2666 άπηχημάτων
391 2630 504 2664 ἐπάξιον
517 2630 581 2658 νοῦν
603 2632 660 2663 τοῖς
680 2631 884 2667 τετελεσμένοις

130 2717 152 2734 ⁸⁸
167 2718 188 2746 ll
199 2719 264 2747 Cor.
282 2727 320 2753 tv,
335 2719 362 2747 4.

937 2356 965 2383 in
977 2356 1036 2383 suis
1050 2355 1214 2390 quihusdam
1228 2355 1327 2382 litteris
1343 2357 1453 2390 (nempe
1467 2355 1494 2382 in
1511 2362 1542 2382 ea
1557 2362 1618 2389 qum
1630 2355 1731 2389 scripta

936 2404 979 2427 est
1005 2400 1038 2427 ad
1067 2399 1227 2426 Corinthios
1252 2399 1379 2434 epistola)
1407 2400 1447 2426 sic
1471 2400 1531 2426 ait:
1554 2408 1563 2424 ι
1583 2398 1611 2425 ln
1630 2398 1731 2433 quibus

938 2446 1011 2475 Deus
1026 2447 1110 2482 hujus
1125 2447 1219 2474 saeculi
1235 2447 1383 2475 exczecavit
1408 2446 1588 2481 cogitationes
1603 2446 1731 2473 incredu-

936 2493 1038 2525 lorum,
1053 2493 1201 2527 quominus
1224 2492 1268 2519 his
1288 2492 1458 2519 illucesceret
1476 2491 1568 2517 lumen
1590 2489 1728 2525 Evangelii

937 2538 1030 2574 gloria:
1045 2538 1148 2566 Christi
1167 2539 1200 2566 ⁸⁸.
1224 2548 1234 2564 ι
1257 2538 1390 2573 Equidem
1413 2537 1460 2571 qui
1477 2537 1514 2564 ita
1539 2536 1649 2564 locutus
1676 2542 1728 2570 est,

942 2584 1086 2612 miriﬁcam
1107 2585 1255 2619 quamdam
1287 2583 1453 2616 vocibusque
1476 2583 1503 2609 in
1529 2583 1600 2610 cwlo
1628 2583 1731 2610 auditis

942 2631 1054 2667 dignam
1069 2632 1232 2660 sententiam
1246 2630 1388 2666 discipulis
1401 2629 1543 2666 sapientia:
1559 2638 1618 2659 suae
1633 2630 1731 2665 imper-

855 2791 960 2820 NOTIE
966 2812 973 2818 .

132 2846 186 2882 (Ὦ)
203 2847 258 2876 ltes
270 2849 413 2878 notissima
437 2850 650 2887 lexicographis,
668 2859 739 2887 quos
754 2851 825 2880 inter
841 2851 885 2880 adi
906 2858 954 2880 seu
970 2849 1102 2885 Cyrillum
1118 2858 1166 2879 seu
1184 2850 1373 2887 Pnilopouum.
