1881 3077
147 151 180 182 87

723 152 856 182 ΡΗΟΤΙΙ
868 152 1122 182 I‘ATRIARCH/E
1141 152 1195 182 ΟΡ.

1748 149 1784 181 88

152 211 220 237 titus
235 211 287 236 est.
303 209 337 236 At
358 208 430 236 enim
458 207 573 236 Manelis
600 209 802 244 Marcionisque
830 211 939 238 scelesli

1007 210 1040 246 ὴν
1055 210 1162 237 ἐκείνου
1179 208 1277 243 σοφίαν
1290 207 1477 242 μυσταγωγεῖ.
1494 207 1525 233 υί
1540 206 1562 233 δ’
1577 206 1631 233 ἀπὸ
1642 206 1783 238 Μάνεντος

147 254 259 281 asseclae
269 253 433 281 locutionem
444 253 516 281 hanc
527 254 560 280 ad
577 261 687 281 sensum
703 262 783 281 suum
800 255 938 290 captivam

146 299 350 334 quodammodo
367 299 531 334 pertrahunt
548 309 554 326 :
579 300 625 334 qui
644 300 769 328 videlicet
784 300 849 327 dum
869 301 940 328 inter

151 345 218 371 Deus
233 349 260 371 et
283 345 363 379 hujus
378 346 470 373 saeculi
488 346 740 380 interpunctionem
759 346 816 373 fieri
833 354 886 374 non
902 347 940 374 si-

148 394 227 421 nunt,
244 398 277 418 eo
294 391 407 418 sceleris
426 391 564 426 progressi
583 396 656 424 sunt,
669 397 698 419 ut
713 400 767 419 non
786 392 874 420 solum
888 393 938 424 ipsi

149 436 295 469 gravisime
311 437 469 471 religionem
487 437 626 469 laederent.
647 445 740 465 rerum
754 438 836 466 etiam
852 439 939 466 sacris

148 479 260 508 Litleris
276 488 387 508 causam
404 482 563 516 allingerent
582 483 743 511 adversandi
761 484 816 512 Deo
832 493 840 511 :
858 485 894 512 ita
911 490 939 511 ut

148 526 218 553 alter
241 526 277 553 sit
301 526 383 558 Deus,
400 528 445 561 qui
474 527 654 556 invisibilium
678 537 769 556 rerum
783 538 815 557 ac
829 531 939 565 spirita-

149 573 216 600 lium
234 573 404 600 dominatum
426 575 575 602 ereationis
591 583 675 603 causa
701 580 790 608 tenet;
806 577 873 604 alter
888 585 938 605 au-

150 622 204 645 tem
220 618 254 645 ab
271 619 338 653 ipsis
351 620 513 654 praedicetur
535 621 605 648 Deus
619 622 761 656 prmsentis
791 623 895 656 saeculi,
912 628 940 651 et

148 671 243 690 earum
260 672 361 697 rerum,
380 673 441 700 quae
457 666 520 694 huic
534 667 673 694 cohaerent
689 668 849 703 similesque
862 675 938 702 sunt,

148 715 267 736 creator.
279 710 333 738 Sed
347 712 420 738 enim
437 712 534 739 insana
548 713 623 740 circa
636 712 740 740 dictum
763 714 815 741 hoc
829 715 939 741 cavilla-

149 756 197 787 tio,
211 756 274 783 alibi
286 764 396 792 quoque
410 762 438 785 et
454 765 643 792 saepenumero
657 759 742 787 futilis
752 759 937 787 demonstrata

147 800 221 828 fuit:
243 803 378 836 przccipue
401 810 466 830 vero
488 803 680 835 convincitur,
703 804 767 839 quia
794 811 848 831 non
873 805 939 832 sinit

147 847 396 882 iuterpunctionem
413 849 531 877 statione
545 857 593 876 sua
607 850 760 884 quiescere.
776 851 845 878 Tum
861 852 938 879 deni-

147 900 201 927 que
217 895 282 928 quia
299 902 420 928 pra-scus
434 895 564 922 saeculum
583 896 662 923 modo
681 897 789 931 quidem
805 899 938 932 temporis

148 938 280 973 spatium.
306 941 388 967 modo
409 949 473 968 vero
498 942 581 968 etiam
603 941 754 974 ﬂagitiosos
778 947 867 974 actus.
889 943 937 978 qui

147 992 196 1018 per
211 985 282 1012 hanc
295 986 377 1012 vitam
393 987 549 1022 germinare
562 987 662 1020 solent,
685 987 830 1022 signiﬁcat.
847 990 938 1021 Quare

146 1030 169 1057 si
188 1030 251 1065 quis
263 1031 346 1058 etiam
363 1031 434 1059 illam
450 1032 523 1060 circa
539 1033 785 1068 interpunctioncm
804 1035 936 1062 malitiam

147 1076 286 1110 impunem
325 1084 387 1105 esse
419 1078 507 1110 sinat,
535 1078 714 1107 nihilominus
745 1081 937 1108 Inereticorum

145 1121 307 1148 sententiam
321 1122 444 1150 funditus
455 1123 721 1158 perimet.lllalorum
734 1125 807 1152 enim
824 1133 937 1161 operum

145 1171 227 1202 atque
246 1173 358 1195 actuum
374 1176 437 1196 cum
453 1174 532 1196 sator
545 1174 573 1196 et
586 1170 716 1197 incitator
734 1171 863 1199 diabolus
876 1172 913 1199 sit
928 1181 936 1206 ;

146 1210 218 1238 hunc
229 1212 252 1239 si
266 1212 337 1240 forte
353 1214 449 1241 talium
465 1222 557 1242 rerum
579 1215 724 1243 dominum
747 1222 775 1244 et
796 1221 937 1245 auctorem

145 1261 172 1283 et
183 1257 264 1285 deum
279 1259 362 1287 etiam
374 1261 510 1294 dicamus,
535 1262 625 1289 verbis
646 1262 754 1290 inﬂexis
769 1264 888 1291 maxime
903 1264 938 1292 ad

145 1311 240 1331 eorum
259 1305 416 1340 opinionem
438 1307 485 1342 qui
503 1307 576 1334 illius
597 1308 710 1335 malitia:
724 1310 938 1344 morigerantur,

146 1351 250 1378 nullum
271 1352 337 1379 hinc
362 1354 512 1388 apostalica
535 1354 697 1388 improbitas
716 1355 823 1383 lucrum
844 1356 938 1384 faciet.

146 1395 215 1424 Nam
231 1402 259 1425 et
272 1398 395 1433 gentium
409 1399 493 1431 idola,
511 1407 591 1428 casso
607 1408 674 1428 sane
697 1402 818 1435 nomine,
837 1403 883 1430 sed
899 1408 938 1430 ta-

147 1450 209 1469 men
228 1443 392 1471 dicebantur
411 1445 459 1472 dii.
483 1445 516 1472 Et
536 1445 664 1474 diabolus
679 1447 788 1481 quidem
807 1453 938 1476 creaturae

145 1486 263 1521 alicujus
278 1488 320 1515 vel
335 1496 426 1516 rerum
446 1489 552 1517 firmam
571 1495 731 1526 certamque
755 1493 936 1520 substantiam

990 256 1038 283 καὶ
1062 255 1227 291 Μαρκίωνος
1252 254 1395 285 δυσσεϐεῖς
1411 253 1587 288 ἁρπάσαντες
1606 253 1655 288 τὴν
1676 252 1782 287 φωνὴν,

991 303 1039 330 καὶ
1061 302 1130 336 πρὸς
1152 301 1201 336 τὴν
1226 301 1295 328 ιδίαν
1320 300 1576 336 αἰχμαλωτίσαντες
1596 299 1696 334 ὁρμὴν,
1723 297 1785 325 εἶτα

993 348 1095 383 μεταξὺ
1111 348 1158 374 τοῦ
1175 348 1247 380 Θεὸς
1260 347 1308 374 καὶ
1326 347 1379 374 τοῦ
1398 346 1507 379 αἰῶνος
1524 346 1632 373 τούτου
1655 345 1686 372 οὗ
1711 353 1785 379 παρ-

991 393 1068 424 έντες
1096 392 1201 419 κεῖσθαι
1229 391 1279 426 τὴν
1310 392 1439 426 στιγμὴν,
1465 391 1506 422 είς
1535 390 1673 425 τοσαύτην
1700 387 1785 424 ἦλθον

989 438 1149 469 δυσσεϐείας
1167 437 1331 472 ὑπερϐολὴν,
1344 437 1382 469 ὡς
1396 437 1433 472 μὴ
1453 436 1533 471 μόνον
1548 435 1583 462 τὰ
1599 435 1702 471 ἔσχατα
1715 435 1782 462 δυσ-

991 484 1091 516 σεϐεῖν,
1106 483 1174 510 ἀλλά
1196 483 1244 510 καὶ
1266 483 1327 514 ταῖς
1351 483 1438 517 ἱεραῖς
1454 482 1560 515 φωναῖς
1581 481 1713 508 ἀνάπτειν
1732 479 1785 512 τὴν

989 530 1079 557 αἰτίαν
1092 529 1139 556 τοῦ
1152 528 1298 563 θεομαχεῖν
1311 536 1318 544 ·
1340 528 1387 554 καὶ
1400 527 1495 562 ἓτερον
1509 527 1558 562 μὲν
1572 524 1643 553 εἶναι
1660 525 1784 558 δοξάζειν

989 576 1055 602 Θεὸν
1071 575 1101 607 ὃς
1116 575 1170 602 τῶν
1183 575 1308 610 ἀοράτων
1319 582 1349 600 τε
1361 574 1408 600 καὶ
1422 573 1527 607 νοητῶν
1541 573 1592 607 τῆς
1603 572 1785 608 δημιουργίας

989 622 1047 657 ἔχει
1060 621 1109 657 τὴν
1124 622 1228 657 ἀρχὴν,
1240 621 1336 656 ἓτερον
1351 620 1378 647 δὲ
1395 620 1441 646 τὸν
1455 619 1503 646 τοῦ
1517 619 1652 655 παρόντος
1670 619 1782 650 αἰῶνος,

989 667 1037 693 καὶ
1050 667 1101 694 ὅσα
1116 666 1246 700 σύστοιχα
1259 664 1356 691 τούτου
1371 665 1417 691 καὶ
1432 664 1568 699 ὁμοταγῆ,
1582 663 1785 699 ἀνακηρύττειν

989 711 1170 746 Δημιουργόν.
1184 711 1257 738 Ἀλλ’
1272 711 1288 746 ἠ
1303 710 1354 746 μὲν
1370 710 1435 746 περὶ
1450 709 1480 736 τὸ
1495 710 1578 745 ῥητὸν
1593 709 1784 745 φρενοϐλαϐὴς

988 757 1120 791 ἐπιϐουλὴ
1140 758 1187 783 καὶ
1201 757 1297 783 ἄλλοτε
1321 757 1371 791 μὲν
1388 755 1554 790 πολλαχόθεν
1569 755 1709 781 δείκνυται
1730 763 1782 781 σαι

989 803 1054 838 θρὰ,
1076 803 1152 830 οὐδὲν
1173 802 1200 829 δὲ
1223 799 1306 838 ἦττον
1325 801 1495 837 διελεγχθείη
1510 801 1543 828 ἄν
1559 801 1606 827 καὶ
1622 801 1663 827 ὅτι
1683 800 1721 836 μὴ
1730 800 1785 834 τὴν

989 849 1107 884 στιγμὴν
1128 849 1175 876 ἐπὶ
1200 849 1251 884 τῆς
1275 848 1378 879 οἰκείας
1401 847 1494 883 χώρας
1517 847 1625 882 ἀφῆκεν
1648 847 1784 881 ἠρεμεῖν·

956 883 975 910 Β
990 896 1051 922 ἐπεὶ
1064 894 1113 922 καὶ
1128 896 1142 922 ό
1154 894 1249 930 παρὼν
1264 894 1331 922 αίὼν
1343 894 1409 920 ποτὲ
1425 893 1474 928 μὲν
1492 893 1577 929 αὐτὴν
1590 893 1641 928 τὴν
1652 892 1785 928 χρονικὴν

989 940 1158 975 παράτασιν,
1176 940 1233 966 ἐσθ’
1249 940 1293 966 ὅτε
1307 938 1336 966 δὲ
1350 939 1397 966 καὶ
1411 939 1460 970 τάς
1479 938 1599 970 ἀτόπους
1612 937 1739 974 πράξεις,
1754 937 1784 964 αἱ

988 986 1060 1013 κατά
1073 986 1120 1012 τὸν
1135 985 1259 1021 παρόντα
1278 984 1335 1020 βίον
1354 984 1484 1010 εἰώθασιν
1496 983 1667 1017 ἀναφύεσθαι
1682 982 1783 1018 σημαί-

989 1038 1047 1057 νει·
1063 1030 1133 1057 ὥστε
1159 1030 1206 1057 καὶ
1232 1029 1259 1056 εί
1278 1038 1322 1061 τις
1339 1030 1432 1061 αὐτοῖς
1454 1028 1485 1055 τὸ
1505 1028 1570 1063 περὶ
1592 1027 1642 1063 τὴν
1663 1028 1786 1063 στιγμὴν

990 1077 1175 1112 κακούργημα
1195 1075 1318 1107 ἐνδώσει,
1335 1075 1412 1101 οὐδὲν
1432 1075 1543 1102 ἔλαττον
1558 1074 1649 1101 αὐτῶν
1664 1074 1694 1100 τὸ
1713 1075 1782 1108 φρό-

989 1131 1063 1158 νημα
1089 1121 1306 1156 καθαιρούμενον
1322 1121 1466 1156 διελέγχει.
1485 1120 1547 1146 Τῶν
1577 1120 1631 1155 γὰρ
1657 1121 1785 1154 πονηρῶν

989 1168 1078 1204 ἔργων
1094 1169 1143 1195 καὶ
1157 1167 1285 1204 πράξεων
1303 1168 1351 1195 ἅτε
1369 1167 1402 1203 δὴ
1421 1166 1541 1202 σπορεὺς
1561 1167 1610 1193 καὶ
1632 1166 1785 1197 ὑποϐολεὺς

988 1215 1002 1240 ό
1018 1214 1172 1248 ἀρχέκακος
1195 1212 1244 1245 ὢν,
1271 1214 1296 1239 εί
1324 1212 1419 1248 κύριος
1436 1212 1527 1239 αὐτῶν
1548 1211 1595 1237 καὶ
1616 1211 1786 1246 δημιουργὸς

989 1258 1038 1285 καὶ
1057 1258 1116 1290 θεὸς
1135 1258 1242 1294 ῥηθείη,
1264 1257 1333 1292 πρὸς
1353 1257 1404 1292 τὴν
1418 1257 1499 1289 δόξαν
1516 1257 1635 1291 μάλιστα
1650 1256 1707 1282 τῶν
1731 1257 1784 1283 ὑπ-

990 1304 1183 1340 ηρετουμένων
1198 1303 1281 1330 αὐτοῦ
1297 1305 1330 1338 τῇ
1350 1303 1468 1339 πονηρίᾳ
1484 1302 1540 1329 τῶν
1557 1302 1689 1338 ῥημάτων
1715 1301 1785 1337 μεθ-

989 1351 1197 1385 αρμοζομὲνων,
1217 1349 1294 1376 οὐδὲν
1309 1349 1342 1376 ἂν
1354 1350 1371 1384 ὴ
1387 1349 1535 1380 ἀποστάτις
1558 1348 1692 1384 ἐπιϐουλὴ
1716 1348 1785 1383 κέρ-

989 1397 1033 1428 δος
1057 1396 1189 1432 εὑρήσει·
1216 1396 1279 1422 ἐπεὶ
1299 1396 1347 1422 καὶ
1366 1395 1401 1422 τὰ
1423 1394 1478 1421 τῶν
1497 1394 1583 1421 ἐθνῶν
1608 1394 1718 1427 εἴδωλα,
1732 1393 1785 1420 οὐκ

988 1439 1058 1476 ἦσαν
1088 1441 1137 1475 μὲν
1155 1441 1223 1475 ὅπερ
1248 1440 1385 1474 ἒλέγοντο,
1408 1439 1533 1473 ἐλέγοντο
1553 1439 1575 1465 δ’
1599 1438 1676 1474 ὅμως
1715 1438 1784 1465 θεοί.

989 1486 1056 1517 Θεὸς
1088 1485 1139 1521 μὲν
1167 1487 1221 1521 γὰρ
1245 1484 1431 1520 δημιουργίας
1460 1483 1532 1516 τινὸς
1562 1484 1579 1519 ἢ
1611 1483 1786 1519 πραγμάτων

146 1533 303 1560 habentium
320 1542 462 1570 nunquam
487 1536 557 1564 deus
580 1537 686 1565 dicetur
703 1538 745 1566 vel
768 1539 938 1567 existimabi-

1007 1531 1106 1566 χόντων
1126 1530 1265 1567 σταθηράν
1282 1530 1330 1557 καὶ
1347 1529 1556 1565 γνωριζομένην
1571 1528 1733 1561 ὑπόστασιν,
1753 1529 1786 1555 οὗ

147 1582 192 1605 tur
210 1587 216 1605 :
233 1581 380 1615 caztcroqui
395 1580 428 1607 ad
445 1589 544 1616 pravos
562 1582 677 1611 allectus
701 1585 774 1619 quod
800 1585 898 1612 attinet
912 1590 939 1612 et

1007 1578 1040 1604 ,ὲν
1057 1575 1103 1604 οὖν
1121 1577 1171 1604 οὐκ
1195 1577 1229 1603 ἄν
1251 1575 1313 1603 οὔτε
1331 1575 1440 1611 λεχθείη
1464 1575 1526 1619 οὔτε
1552 1575 1712 1610 νομισθείη·
1736 1575 1788 1601 ὲκ-

146 1629 303 1658 peccatum.
318 1625 418 1660 quibus
434 1627 492 1661 ipse
513 1631 541 1654 et
562 1629 663 1663 gaudet
682 1633 763 1665 atque
779 1630 897 1662 laetatur,
913 1634 941 1657 et

147 1670 216 1697 alios
231 1670 421 1700 fraudulenter
437 1673 540 1701 illicere
554 1682 694 1709 nunquam
713 1675 834 1709 desinit;
848 1677 939 1711 quoad

146 1716 257 1750 quidem
283 1717 322 1744 ita
344 1725 374 1745 se
393 1724 487 1753 geret,
520 1727 602 1748 nemo
625 1728 688 1748 eum
711 1722 865 1756 pernicioso
888 1722 940 1751 hoc

148 1762 308 1798 infelicique
329 1764 471 1792 dominatu
502 1770 586 1801 atque
615 1768 731 1802 imperio
764 1769 868 1803 pollere
891 1777 940 1796 ne-

146 1809 231 1843 gabit.

181 1855 227 1882 3|.
247 1855 280 1882 Et
294 1864 401 1885 sacrum
417 1859 528 1894 quidem
551 1859 627 1887 Pauli
646 1861 748 1888 dictum
771 1862 855 1897 probe
865 1863 939 1896 novi,

146 1909 202 1929 non
227 1903 354 1937 prtelicta
375 1905 463 1933 solum
484 1906 727 1940 demonstratione,
753 1913 939 1943 apostatarum

147 1955 259 1976 sensum
278 1950 365 1978 vitare
379 1960 386 1983 ;
405 1960 500 1979 verum
516 1952 599 1980 etiam
614 1954 716 1983 omissa
741 1954 942 1989 interpunctio-

147 1994 191 2021 nis
203 1995 351 2028 mentione,
367 1997 549 2026 nihilominus
581 2006 662 2033 posse
680 2001 861 2028 temeritatem
886 2002 942 2028 illu-

148 2048 208 2068 rum
227 2041 349 2078 infringi.
366 2043 434 2070 Nam
450 2044 529 2072 sicuti
551 2053 633 2074 verus
663 2046 734 2074 Deus
766 2052 860 2075 noster
883 2048 942 2075 uni-

146 2088 220 2116 versi
248 2094 365 2121 creator.
402 2090 474 2119 Deus
502 2093 563 2120 caeli
584 2098 728 2128 terraeque,
760 2093 941 2123 nihilominus

146 2133 248 2161 dicitur
260 2135 342 2163 etiam
358 2136 429 2164 Deus
437 2137 585 2165 Ahrahami
600 2144 627 2166 et
639 2138 723 2167 lsaaci
736 2146 820 2175 atque
833 2139 940 2174 Jacobi,

146 2185 175 2206 ct
188 2179 258 2208 Deus
272 2182 479 2214 consolationis.
496 2189 524 2212 et
538 2184 608 2212 Deus
622 2185 717 2219 pacis;
742 2193 831 2221 neque
847 2190 938 2214 tamen

148 2225 251 2253 idcirco
276 2230 435 2255 czeterarum
463 2229 593 2258 similium
627 2231 807 2266 ejusdemque
833 2231 941 2259 ordinis

148 2280 239 2300 rerum
266 2281 320 2301 non
347 2278 390 2301 est
414 2274 510 2304 Deus:
541 2276 595 2303 imo
629 2277 722 2311 potius
748 2277 814 2311 quia
841 2276 942 2304 dicitur

147 2319 337 2353 praedictorum
347 2320 544 2348 elementorum
559 2326 586 2348 et
599 2322 740 2349 hominum
757 2322 942 2358 bonitatisquc

147 2363 231 2396 Deus,
257 2365 373 2392 aliarum
396 2374 507 2401 quoque
531 2374 622 2394 rerum
642 2367 714 2395 Deus
725 2368 940 2403 comprobatur;

145 2411 184 2438 ita
199 2419 261 2440 cum
285 2413 388 2440 dicitur
410 2413 492 2448 hujus
522 2415 615 2442 sreculi
639 2414 721 2448 Deus,
737 2423 751 2442 a
771 2420 847 2450 parte
857 2415 940 2443 simul

145 2458 308 2493 intelligitur
336 2458 474 2494 simulque
506 2459 670 2494 prazdicatur
698 2467 789 2487 rerum
815 2460 939 2487 omnium

147 2502 230 2537 Deus,
248 2505 305 2531 sive
321 2512 384 2539 quae
401 2505 434 2532 ad
457 2505 620 2540 spiritalium
641 2506 700 2533 sive
722 2513 783 2541 quae
800 2506 833 2533 ad
850 2506 940 2534 sensi-

147 2549 214 2576 lium
228 2550 352 2577 ordinem
366 2552 515 2582 pertinent.
533 2551 605 2584 Quin
619 2552 687 2579 adeo
701 2553 724 2580 si
745 2552 841 2580 latiore
854 2560 938 2580 sensu

145 2594 250 2621 dictum
269 2595 322 2622 hoc
335 2595 514 2630 intelligatur,
531 2596 611 2624 facile
634 2597 661 2625 id
678 2605 773 2625 rursus
787 2598 940 2625 calumnia-

146 2644 239 2668 torum
258 2642 372 2670 insidias
386 2643 492 2670 evadet.
511 2643 615 2672 Menles
634 2644 764 2672 nimirum
785 2646 935 2673 incredulo-

149 2695 210 2714 rum
230 2687 310 2722 hujus
325 2689 416 2716 szeculi
435 2688 507 2717 Deus
529 2696 667 2725 excaecat;
688 2691 739 2719 hoc
755 2697 797 2719 est
813 2692 939 2728 indignas

147 2733 455 2768 judicatdeficcatarum
476 2744 568 2764 rerum
598 2738 840 2773 contemplatione,
862 2738 939 2772 cujus

148 2787 202 2814 ope
226 2780 393 2815 contingeret
410 2782 450 2810 cis
480 2782 618 2819 Evangelii
648 2785 752 2812 lumine
773 2785 938 2812 collustrari.

150 2825 301 2855 Iucrcdulis
317 2828 390 2856 enim
421 2829 503 2866 hujus
519 2831 611 2859 stecnli
631 2831 790 2859 hominibus
805 2831 940 2859 rebellare

149 2878 232 2909 atque
239 2873 376 2902 adversari
386 2875 502 2904 Domino
512 2884 564 2904 suo
573 2876 750 2910 Crcatorique
763 2876 937 2911 permittitur;

990 1623 1100 1658 θέσμων
1115 1623 1143 1649 δὲ
1159 1622 1254 1649 παθῶν
1269 1622 1316 1649 καὶ
1328 1622 1477 1657 ἁμαρτίας,
1489 1618 1530 1653 οἷς
1543 1621 1638 1656 ἥδεται
1655 1621 1703 1647 καὶ
1717 1629 1788 1656 τρυ-

990 1669 1029 1703 φᾷ
1052 1667 1179 1699 καὶτοὺς
1194 1667 1292 1699 ἄλλους
1314 1667 1383 1702 πρὸς
1404 1666 1476 1693 αύτά
1496 1665 1531 1693 δι’
1563 1667 1671 1701 ἀπάτης
1694 1666 1789 1693 ἕλκειν

990 1715 1130 1742 ἄπαυστον
1143 1714 1200 1749 ἔχει
1217 1713 1249 1740 τὸ
1263 1714 1425 1747 φιλονικεῖν,
1445 1713 1543 1748 μέχρις
1557 1712 1590 1740 ἂν
1607 1711 1697 1739 ταῦτα
1708 1712 1789 1746 ἐνερ-

990 1761 1037 1795 γῇ,
1064 1759 1153 1791 οὐδεὶς
1180 1758 1263 1785 αὑτὸν
1291 1758 1353 1785 οὗτε
1379 1758 1429 1794 τῆς
1453 1758 1576 1793 ὀλεθρίου
1608 1757 1712 1792 ταύτης
1738 1757 1790 1784 καὶ

990 1806 1085 1837 ἀθλίας
1096 1805 1268 1841 κυριότητος,
1283 1803 1346 1831 οὔτε
1359 1804 1414 1840 μὴν
1425 1803 1474 1838 τῆς
1484 1803 1571 1840 ἀρχῆς
1588 1802 1752 1836 ἀπαλλάξει.

1025 1871 1076 1899 λα’.
1096 1869 1161 1898 οἶδα
1177 1871 1200 1898 δ’
1215 1869 1298 1897 ὅτιτὸ
1316 1869 1389 1904 ἱερὸν
1398 1869 1445 1896 τοῦ
1462 1868 1570 1896 Παύλου
1582 1867 1675 1904 ῥητὸν,
1689 1868 1721 1895 οὐ
1736 1869 1790 1904 μό-

991 1926 1036 1944 νον
1059 1918 1092 1944 kx
1116 1917 1165 1952 τῆς
1179 1915 1309 1950 τοιαύτης
1325 1914 1444 1950 θεωρίας
1467 1915 1518 1950 τὴν
1542 1914 1623 1947 δόξαν
1644 1914 1789 1949 διαφεύγει

990 1964 1046 1990 τῶν
1059 1963 1233 1995 ἀποστατῶν,
1253 1961 1324 1989 ἀλλά
1339 1961 1387 1988 καὶ
1411 1962 1438 1988 εῐ
1449 1969 1492 1993 τις
1514 1961 1561 1988 τὸν
1583 1961 1649 1996 περὶ
1666 1960 1789 1995 στιγμῆς

991 2009 1071 2044 λόγον
1101 2009 1189 2042 ἐάσει,
1213 2008 1290 2035 οὐδὲν
1319 2007 1430 2034 ἔλαττον
1451 2007 1542 2034 αὐτῶν
1564 2007 1737 2043 καταισχύνῃ
1756 2007 1790 2033 τὸ

993 2055 1138 2090 προπετές.
1152 2055 1264 2089 ’Ὥσπερ
1280 2053 1335 2089 γὰρ
1351 2054 1366 2080 ό
1380 2053 1484 2089 ἀληθὴς
1501 2052 1569 2085 Θεὸς
1580 2052 1661 2088 ἡμῶν
1676 2052 1725 2079 καὶ
1737 2052 1788 2079 τοῦ

992 2101 1093 2133 παντὸς
1105 2099 1291 2136 Δημιουργδς,
1312 2100 1379 2131 Θεὸς
1401 2099 1517 2135 ούρανοῦ
1535 2100 1582 2126 καὶ
1596 2100 1668 2135 γῆς,
1683 2099 1789 2133 λέγοιτ’

992 2147 1025 2173 ἃν
1049 2147 1097 2174 καὶ
1116 2146 1184 2179 Θεὸς
1210 2146 1338 2181 Ἀϐραὰμ
1363 2145 1410 2172 καὶ
1427 2144 1518 2171 Ἰσαὰκ
1531 2145 1579 2172 καὶ
1603 2145 1719 2177 Ἰακὼϐ,
1740 2146 1790 2172 καὶ

995 2194 1062 2226 Θεὸς
1087 2193 1300 2230 παρακλήσεως,
1315 2193 1362 2219 καὶ
1381 2192 1448 2224 Θεὸς
1468 2192 1592 2228 είρήνης,
1608 2191 1657 2219 καὶ
1670 2192 1787 2219 οὐδέπου

993 2240 1038 2267 διά
1051 2239 1138 2267 ταῦτα
1163 2239 1218 2266 τῶν
1233 2238 1378 2274 ὁμοταγῶν
1401 2238 1450 2265 καὶ
1476 2238 1628 2272 συστοίχων
1649 2237 1700 2264 οὐκ
1727 2238 1788 2265 ἐστι

992 2286 1069 2318 Θεὸς,
1085 2285 1154 2312 ἀλλά
1175 2284 1275 2320 μᾶλλον
1287 2284 1318 2316 ἐξ
1334 2281 1371 2310 ὧν
1395 2283 1505 2318 λέγεται
1526 2282 1640 2316 τούτων,
1665 2283 1711 2309 καὶ
1729 2284 1788 2311 τῶν

992 2329 1079 2355 ἄλλων
1099 2329 1290 2362 συνεισάγεται
1301 2328 1380 2359 Θεός·
1396 2327 1468 2354 οὓτω
1480 2328 1528 2354 καὶ
1543 2328 1609 2360 Θεὸς
1624 2327 1672 2354 τοῦ
1685 2328 1787 2361 αίῶνος

991 2375 1087 2401 τούτου
1100 2374 1218 2410 λεχθεὶς,
1236 2374 1290 2401 ἀπὸ
1306 2373 1408 2409 μέρους
1425 2372 1472 2400 καὶ
1483 2373 1531 2400 τοῦ
1555 2373 1666 2406 παντὸς,
1683 2375 1735 2401 ὅσα
1753 2383 1786 2401 τε

992 2423 1033 2454 είς
1047 2421 1147 2456 νοητὴν
1162 2420 1240 2455 λῆξιν
1256 2421 1304 2448 καὶ
1328 2421 1380 2447 ὅσα
1404 2421 1471 2456 πρὸς
1493 2419 1620 2455 αἴσθησιν
1648 2420 1787 2455 ἀναφέρε-

991 2475 1048 2498 ται,
1069 2466 1266 2492 συνεπινοεῖται
1291 2465 1339 2492 καὶ
1363 2465 1651 2500 συνανακηρύττεται·
1668 2465 1699 2492 οὺ
1728 2465 1785 2500 μὴν

992 2512 1059 2539 ἀλλὰ
1094 2511 1140 2539 καὶ
1170 2511 1232 2538 καθ’
1261 2510 1408 2546 ὑπέρθεσιν
1437 2511 1469 2538 τὸ
1503 2511 1584 2545 ῥητὸν
1621 2510 1760 2545 ὲκληφθὲν
1775 2531 1783 2543 ,

991 2557 1081 2584 πᾶσαν
1096 2556 1196 2592 ῥᾳδίως
1218 2555 1272 2582 τῶν
1287 2555 1494 2590 ἐπηρεαζόντων
1512 2554 1655 2588 διαφεύγει
1681 2555 1782 2591 λαϐήν.

991 2602 1032 2629 Τὰ
1043 2602 1098 2637 γάρ
1111 2602 1236 2637 νοήματα
1252 2601 1307 2628 τῶν
1329 2600 1453 2628 ἀπίστων
1466 2600 1514 2627 τοῦ
1530 2601 1628 2633 αίῶνος
1651 2600 1749 2628 τούτου
1767 2602 1784 2628 ό

990 2649 1058 2680 Θεὸς
1074 2647 1187 2683 ’τυφλοῖ⁸
1211 2647 1349 2674 τουτέστιν
1366 2647 1462 2679 ἀνάξια
1479 2647 1567 2682 κρίνει
1592 2647 1643 2682 τῆς
1657 2646 1711 2673 τῶν
1734 2655 1783 2674 κε-

990 2694 1172 2730 καθαρμένων
1192 2693 1322 2728 θεωρίας·
1337 2692 1371 2719 δι’
1392 2691 1426 2728 ἦς
1448 2693 1539 2724 αὐτοῖς
1555 2693 1618 2727 ἐνῆν
1634 2692 1680 2719 τὸν
1694 2701 1782 2726 φωτι-

991 2738 1059 2772 σμὸν
1071 2737 1271 2772 ὲναυγασθῆναι
1284 2736 1330 2762 τοῦ
1348 2736 1527 2770 Εὑαγγελίου.
1541 2736 1573 2763 Οί
1588 2736 1639 2770 μὲν
1655 2736 1712 2771 γὰρ
1731 2736 1781 2763 τοῦ

990 2784 1038 2812 νῦν
1053 2784 1149 2815 αἰῶνος
1159 2783 1281 2813 ἄπιστοι,
1297 2782 1343 2808 καὶ
1355 2781 1513 2813 στασιάζειν
1526 2781 1574 2808 καὶ
1584 2781 1781 2817 προσφιλονει-

991 2829 1049 2856 κεῖν
1065 2827 1190 2862 ἀφίενται
1201 2826 1240 2862 τῷ
1254 2826 1347 2862 οἰκείῳ
1360 2826 1484 2862 Δεσπότῃ
1497 2826 1544 2852 καὶ
1554 2826 1718 2861 Δημιουργῷ
1729 2833 1737 2841 ’
1750 2827 1781 2852 ὲν

990 2873 1018 2900 δὲ
1032 2873 1070 2910 τῷ
1084 2873 1208 2908 μέλλοντι
1229 2873 1274 2900 ὅτε
1290 2873 1344 2900 πᾶν
1358 2872 1424 2907 γόνυ
1443 2872 1548 2908 κάμψει
1569 2872 1645 2908 αὐτῷ
1659 2872 1780 2908 ἀπούρα-
