1881 3077
71 119 99 152 93
585 117 634 146 AD
651 114 856 146 AMPHILOC]

932 112 949 143 tl
968 112 1141 144 OUHSSTIO
1161 112 1186 141 ῐ.
1661 110 1697 141 94

72 173 144 210 μιθα.
171 173 207 199 Ἥ
219 172 242 200 δ’
256 169 303 199 οῦν
321 172 368 199 ἐπὶ
382 172 439 203 τοῖς
460 170 618 207 εἰρημένοις
641 170 781 206 γυμνασία
804 170 855 195 οὐκ

932 167 1015 194 iidem
1026 166 1221 201 praedictarum
1230 164 1478 192 controversiarum
1500 164 1586 192 solers
1600 165 1694 200 cogni-

71 222 95 247 ιν
106 219 199 251 αὐτοῖς
217 219 300 254 μόνον
317 218 486 254 περιγράφει
500 218 531 245 τὸ
550 218 697 253 χρήσιμον,
711 215 811 251 ¹πολλὴν
822 215 851 242 δὲ

72 264 160 299 ῥώμην
185 264 233 291 καὶ
254 264 355 299 κράτος
377 263 492 299 παρέχει
513 263 581 298 πρὸς
602 263 633 289 τὺ
654 262 704 297 τὴν
722 261 851 296 ἀλήθειαν

72 310 220 346 μεθοδεύειν
237 311 287 337 καὶ
306 310 481 344 διευκρινεῑν,
500 309 549 336 καὶ
563 308 597 335 τὰ
611 309 703 343 ὃμοια.
723 307 778 334 Καὶ
797 306 852 341 γὰρ

69 357 112 383 ὅσα
124 356 159 382 δι’
175 356 321 391 ὑῆρθεσιν
341 356 429 389 λόγων
448 355 464 390 ἦ
482 355 613 390 ῥημάτων
632 354 648 389 ἥ
665 353 818 389 ὀνομάτων,
833 352 849 388 ἢ

69 402 165 429 τούτων
181 402 301 437 ἔλλειψιν
315 401 362 429 καὶ
373 400 539 437 περικοπὴν,
554 400 571 436 ἢ
587 400 692 436 τροπὴν
703 399 750 426 καὶ
768 407 851 434 μετα-

71 448 164 482 φορὰν,
190 449 231 480 είς
254 447 405 482 ἀμφίϐολον
427 447 473 473 καὶ
494 446 653 482 μαχομένην
668 446 787 472 διάνοιαν
804 453 852 471 συ-

70 494 237 525 σκευάζεται.
251 492 395 520 καὶταῦτα
411 492 425 518 ό
443 493 503 523 ταῖς
516 491 678 526 εἰρημέναις
694 489 851 525 ἔμπροσθεν

70 538 171 573 ἐφόδοις
183 537 437 572 ἐγγυμνασάμενος,
449 536 500 571 τὴν
519 535 569 570 τῆς
580 534 724 570 ἀκρισείας
736 534 852 569 βάσανον

70 583 203 610 κάνταῦθα
222 582 338 615 καθιεὶς,
360 582 392 608 οὐ
406 581 534 617 χαλεπῶς
555 589 586 608 τε
599 579 631 606 τὺ
645 579 851 614 συγκεχυμένον

70 629 206 664 διακρινεῖ,
220 628 268 655 καὶ
285 628 316 654 τὸ
335 627 571 663 περιτρεπόμενον
588 623 640 652 ὦδε
656 626 769 652 κακεῖσε
783 624 851 659 πρὸς

71 673 114 708 τὴν
139 674 190 707 τῆς
211 672 341 707 ἀληθείας
356 671 466 707 sapam
490 671 649 705 διάγνωσιν.
669 670 774 697 Αὐτίκα
793 668 852 700 πῶς

70 720 113 746 οὐκ
126 719 232 745 ἐκεῖθεν
245 719 317 754 πρὸς
330 717 440 753 ἔλεγχον
453 718 546 753 ῥᾴδιον
558 717 572 743 δ
584 717 615 744 τὸ
628 717 684 743 τῶν
694 716 852 751 Ἀνθρωπο-

71 764 206 800 μορφιτῶν
230 764 308 798 γένος
334 763 574 798 ἁπεδουκόλησεν;
592 762 735 798 Ἀφορμὰς
757 761 812 796 γὰρ
838 761 852 787 ὸ

69 809 154 836 λαϐὼν
174 809 222 841 τὰς
245 810 275 836 ὲν
298 810 355 841 τοῖς
374 808 660 844 τοιούτοις’διαφορὰς
676 809 759 834 ὲπισκ
777 807 849 837 πεῖν.

69 857 114 891 τὴν
128 856 156 883 δὲ
168 856 298 891 σύγχυσιν
317 855 416 890 πολλὴν
428 855 478 890 τὴν
494 855 598 890 πλάνην
614 854 788 890 ἐργάζεσθαι,
807 854 853 880 εὐ-

69 902 115 934 θὺς
131 903 236 936 ἐπέγνω
256 902 303 928 καὶ
319 902 497 932 διεστείλατο,
511 901 595 936 ἄλλην
612 901 660 936 μὲν
670 900 768 935 χρῆσιν
781 900 854 934 ἔχειν

69 948 100 974 τὰ
111 947 181 974 κατὰ
194 945 362 981 μεταφορὰν,
375 946 461 980 ἄλλην
474 946 503 972 δὲ
517 945 566 979 τὴν
581 945 631 980 τῆς
645 945 746 977 λέξεως
758 944 854 979 κυριό-

69 1001 143 1027 τητα.
165 990 216 1018 Ὧν
229 991 306 1018 οὐδὲν
321 991 368 1017 ἐπὶ
382 990 447 1018 νοῦν
457 991 492 1017 τὰ
507 990 636 1026 αίρετικὰ
649 990 766 1016 λαϐόντα
786 998 854 1024 φρο-

68 1038 195 1073 νήματα,
221 1038 272 1064 ὅσα
294 1036 433 1072 τροπικῶς
456 1037 504 1063 καὶ
526 1036 599 1063 κατὰ
624 1035 781 1071 μεταφορὰν
807 1035 855 1061 ἐπὶ

69 1083 132 1110 Θεοῦ
151 1082 272 1117 εἴρηται,
284 1081 390 1117 τροπῆς
407 1081 455 1108 καὶ
469 1081 609 1116 ἀτρέπτου
628 1080 721 1115 φωνῆς
739 1081 771 1107 οὐ
791 1079 854 1115 βου-

68 1130 193 1165 ληθέντες
205 1128 321 1155 συνιδεῖν
333 1128 491 1162 ἑτερότητα,
507 1127 557 1163 τὴν
571 1127 661 1162 ἁπλῆν
671 1127 718 1153 καὶ
732 1127 854 1161 ἄληπτον

69 1176 113 1202 καὶ
135 1174 342 1210 ἀσχημάτιστον
358 1173 453 1200 οὐσίαν
469 1173 516 1200 τοῦ
529 1172 608 1205 Θεοῦ,
626 1173 668 1199 ὅτι
691 1173 788 1207 χεῖρας
806 1173 854 1199 καὶ

70 1220 148 1251 πόδας
163 1220 211 1246 καὶ
221 1219 378 1254 ὀφθαλμοὺς
391 1219 438 1245 καὶ
449 1217 629 1253 όσφραίνεθαι
644 1218 692 1244 καὶ
707 1217 795 1252 στόμα
807 1217 855 1243 καὶ

70 1266 161 1300 λόγους
187 1265 321 1301 ἥκουσαν,
346 1264 613 1299 ὀμοιοσχημᾶτιστον
636 1265 702 1299 ἡμῖν
719 1263 749 1290 τὺ
777 1263 854 1290 Θεῖον

69 1311 205 1343 δυσσεϐῶς
218 1319 249 1337 τε
261 1310 309 1337 καὶ¹
320 1309 459 1341 ἀσυνέτως
472 1310 636 1337 ὲπλάσαντο.

101 1396 146 1423 λε’.
164 1394 245 1423 Οὕτω
256 1394 323 1430 γοῦν
334 1395 382 1423 καὶ
397 1395 424 1422 εί
437 1404 463 1423 τι
479 1395 543 1423 ἄλλο
556 1395 612 1422 τῶν
624 1396 705 1432 ιερῶν
719 1397 857 1432 Γραμμα-

69 1451 119 1470 των
138 1443 153 1469 ὁ
175 1441 323 1478 αἱρετίζων
344 1441 360 1477 ἢ
381 1443 395 1468 ὀ
413 1441 564 1476 φιλόνεικος
578 1442 706 1477 ἁρπάσας
728 1443 857 1478 λογισμὸς

69 1488 134 1522 πρὸς
150 1487 314 1514 δυσσέϐειαν
337 1486 353 1521 ἢ
369 1486 487 1521 ἀπορίαν
503 1486 616 1513 ὲλκῦσαι
629 1487 854 1523 φιλονεικήσειεν,
874 1502 880 1523 τ

70 1520 98 1558 εἰ.
108 1532 157 1567 μὲν
170 1531 233 1559 καθ’
245 1532 275 1558 ἒν
295 1540 322 1558 τι
337 1520 391 1558 τῶν
407 1520 640 1566 διευκρινημένων
654 1532 685 1559 τὸ
700 1520 858 1568 κακομήχα-
872 1520 893 1549 c

70 1586 112 1603 νον
134 1578 249 1609 ὲπινοεῖ,
278 1576 391 1603 αὐτόθεν
416 1576 471 1608 ἕξει
498 1577 559 1604 καθ’
581 1577 677 1604 ἑαυτοῦ
703 1578 858 1614 φερομένην

70 1623 189 1658 ἄφυκτον
202 1622 252 1658 τὴν
267 1622 424 1657 ἀνατροπήν
435 1629 442 1637 ·
466 1622 491 1648 εί
512 1622 540 1648 δὲ
555 1622 617 1649 καθ’
631 1622 660 1649 ἓν
674 1630 700 1649 τι
717 1623 772 1651 τῶν
788 1632 860 1659 παρ-

71 1668 195 1703 ειμένων,
214 1668 246 1694 οὺ
263 1667 382 1702 χαλεπὸν
404 1660 441 1693 Et?
449 1667 503 1693 τῶν
524 1667 687 1701 φθασάντων
700 1668 749 1704 τὴν
761 1669 858 1704 ὁμοίαν

72 1714 159 1750 κρίσιν
172 1714 220 1741 καὶ
235 1713 283 1742 ἐπὶ,
293 1712 400 1744 τούτοις
413 1712 576 1745 ἑλκύσαντα,
591 1714 648 1745 τοῖς
662 1713 765 1749 όμοίοις
782 1715 860 1749 ἐλέγ-

73 1767 127 1793 χοις
138 1759 202 1789 τοὺς
217 1757 427 1792 μιμησαμένους
443 1756 597 1789 ὑποὸαλετν,
614 1755 654 1788 οἷς
676 1757 723 1784 καὶ
744 1758 769 1784 oi
793 1767 860 1793 προ-

73 1803 197 1834 λαϐόντες
214 1802 470 1838 ἁπερραπίσθησαν.
488 1803 543 1828 Καὶ
554 1802 635 1829 τοῦτό
650 1803 709 1829 ἐστι
722 1803 792 1838 μετὰ
806 1804 860 1835 τῶν

74 1849 180 1876 ἁλλωνδ
195 1849 234 1884 μὴ
249 1849 339 1880 πάσας
355 1847 404 1880 τὰς
418 1848 510 1879 αἰτίας
529 1848 684 1880 ἐπεξελθεῖν
697 1850 771 1885 ἡμᾶς
788 1850 861 1877 κατὰ

75 1895 153 1930 μέρος
166 1895 217 1921 οὐκ
232 1895 406 1928 ἐξεῦιάσατο·
421 1893 484 1921 οὔτε
499 1895 553 1929 γὰρ
569 1895 740 1930 στοιχείωσιν
757 1896 860 1923 τούτων

76 1942 234 1975 συναγαγεῖν
257 1939 443 1976 ὑπεσχόμεθα,
457 1940 519 1967 οὔτε
543 1940 712 1976 δυσθήρατός
735 1943 809 1968 ἐστιν
827 1943 860 1969 ὲκ

74 1987 126 2013 τῶν
142 1986 358 2022 προειρημένων,
382 1985 437 2012 τῶν
460 1987 634 2021 παρειμένων
655 1987 672 2022 ἡ
687 1986 790 2023 θεωρία
813 1989 861 2016 καὶ

73 2032 216 2068 διάκρισις.
234 2033 288 2059 Καὶ
300 2032 341 2059 ὃτι
354 2033 389 2059 τὰ
400 2032 467 2059 ἄλλα
483 2032 531 2067 οὐχ
549 2032 643 2067 ὥσπερ
657 2033 745 2060 ταῦτα
763 2035 861 2062 ἐπιπο-

73 2079 146 2111 λάζει
159 2080 208 2105 καὶ
224 2080 288 2110 τοὺς
302 2077 417 2110 πολλοὺς
433 2078 610 2114 ἐπινέμεται·
630 2079 677 2107 καὶ
688 2080 740 2106 ὅσα
754 2079 861 2116 φθάσας

74 2124 150 2155 αὐτὸς
166 2123 336 2158 διηπόρησας
356 2123 427 2150 κατὰ
445 2132 478 2158 γε
493 2125 543 2159 τὴν
559 2123 607 2151 νῦν
623 2125 672 2152 καὶ
686 2126 736 2162 τὴν
756 2126 859 2162 προλα-

902 214 941 241 tio
952 220 1007 240 non
1024 213 1052 240 in
1066 213 1109 240 his
1120 212 1208 239 solum
1227 211 1368 250 utilitatem
1385 218 1462 238 suam
1479 211 1692 244 circumscribit,

902 259 949 286 sed
974 266 1088 293 magnas
1101 258 1175 284 vires
1196 257 1332 291 roburque
1342 256 1418 283 addit
1430 256 1463 283 ad
1485 256 1627 283 veritatem
1641 256 1692 283 eli-

902 304 1027 331 ciendam
1046 303 1321 337 discernendamque,
1341 307 1367 328 et
1382 302 1415 329 ad
1430 307 1528 329 cazlera
1544 301 1691 335 ejusmodi.

901 348 970 377 Nam
996 356 1167 384 quaecunque
1190 348 1226 375 ob
1240 347 1444 375 translationem
1459 347 1629 374 locutionum
1644 351 1694 373 aut

902 397 1048 424 verborum
1079 401 1125 423 aut
1153 395 1306 428 nominum,
1330 399 1378 421 aut
1391 395 1427 422 ob
1446 395 1542 422 horum
1556 394 1692 422 defectum

901 449 934 470 ac
946 442 1165 474 subductionem,
1177 442 1219 469 vel
1230 441 1436 469 conversionem
1449 449 1480 468 ac
1494 441 1693 475 metaphoram,

902 487 1058 522 ambiguam
1074 491 1294 522 pugnantemque
1315 486 1478 513 sententiam
1500 485 1615 517 faciunt,
1633 487 1692 512 haec

903 531 948 560 ille
971 532 998 558 in
1014 532 1152 566 praedictis
1166 532 1347 559 solutionibus
1367 531 1515 561 exercitus.
1527 530 1693 565 exploratio-

901 577 945 604 nis
972 578 1099 605 acumine
1120 578 1173 605 huc
1195 577 1336 608 translato,
1358 577 1429 604 haud
1441 584 1511 611 :egre
1534 582 1561 603 et
1576 575 1692 603 confusa

902 621 1049 654 discernet.
1065 627 1093 650 et
1111 631 1168 650 rem
1183 622 1257 650 ultro
1280 623 1406 656 citroque
1422 621 1565 656 jacthtam,
1583 621 1609 648 in
1625 622 1696 649 veri-

903 669 967 696 tatis
981 669 1085 696 lumine
1095 668 1279 696 constabiliel.
1293 667 1391 694 Nonne
1410 667 1475 694 hinc
1492 667 1597 694 scilicet
1616 666 1695 694 facile

902 717 943 740 est
962 720 1112 748 coarguere
1134 713 1161 740 id
1194 713 1267 748 quod
1296 712 1580 746 anthropomorphitis
1601 711 1694 739 fucum

903 756 983 784 fecit?
1001 756 1098 786 Noster
1110 757 1182 784 enim
1199 757 1311 784 criticus
1326 756 1481 783 facultatem
1495 756 1609 791 adeptus
1621 757 1696 784 (μου.

903 802 1006 830 rentias
1032 803 1194 830 observandi
1207 810 1270 837 quae
1294 803 1320 829 in
1343 802 1384 829 his
1398 802 1482 836 tropis
1494 808 1649 836 occurrunt,
1667 807 1696 830 et

905 848 977 883 quod
995 848 1120 875 confusio
1138 849 1239 875 multos
1249 855 1358 875 errores
1376 849 1458 882 parit,
1476 849 1568 876 statim
1588 849 1696 876 noverit

903 899 986 929 atque
1000 894 1158 929 distinguet.
1172 894 1256 922 alium
1276 902 1337 921 esse
1350 902 1430 922 usum
1444 902 1540 922 eorum
1553 902 1614 929 quae
1628 902 1692 922 cum

904 939 1062 973 metaphora
1078 938 1216 971 dicuntur,
1246 938 1330 966 alium
1347 946 1442 966 eorum
1466 947 1527 974 quae
1543 939 1693 966 secundutn

904 984 1032 1012 dictionis
1047 985 1240 1019 proprietatem
1257 994 1264 1011 :
1284 992 1400 1020 quorum
1418 992 1479 1012 cum
1500 985 1568 1011 nihil
1587 985 1695 1012 haereti-

904 1029 986 1056 cisin
1012 1034 1130 1057 mentem
1148 1030 1277 1063 venisset,
1306 1030 1332 1057 hi
1354 1037 1526 1065 quaecunque
1539 1037 1602 1057 cum
1615 1034 1694 1065 tropo

905 1080 938 1101 ac
947 1074 1105 1107 metaphora
1118 1074 1152 1101 de
1167 1073 1223 1100 Deo
1239 1074 1378 1106 dicuntur,
1405 1082 1467 1101 cum
1497 1074 1601 1101 nollent
1622 1075 1694 1109 tropi

905 1125 952 1147 aut
962 1120 1110 1147 immutata:
1122 1120 1198 1147 vocis
1211 1127 1362 1155 agnoscere
1374 1119 1559 1147 diversitatem
1571 1127 1579 1151 ;
1592 1119 1696 1155 simpli-

905 1173 964 1193 cem
979 1170 1007 1193 et
1020 1166 1322 1201 incomprehensibilem
1337 1170 1363 1192 el
1379 1165 1439 1192 sine
1456 1165 1542 1200 ﬁgura
1564 1166 1694 1193 substan-

906 1212 970 1238 tiam
995 1211 1054 1244 Dei,
1083 1212 1147 1246 quia
1174 1218 1271 1237 manus
1284 1215 1312 1238 et
1332 1210 1414 1245 pedes
1435 1215 1463 1237 et
1481 1212 1576 1238 oculos
1591 1216 1618 1238 et
1629 1212 1696 1239 olfa-

905 1260 978 1283 ctum
992 1261 1020 1283 et
1032 1264 1062 1283 os
1072 1260 1099 1282 et
1109 1256 1247 1290 loquelam
1265 1255 1449 1287 iuaudierant,
1465 1255 1581 1282 similem
1603 1256 1696 1290 figura:

906 1305 1016 1334 nostrae,
1046 1302 1131 1329 Deum
1159 1302 1264 1334 scilicet
1290 1301 1404 1334 homini,
1426 1301 1559 1336 sacrilege
1579 1305 1606 1329 et
1621 1301 1697 1330 fatue

906 1348 1106 1375 continuerunt.
1653 1373 1656 1378 .

943 1393 987 1420 55.
1008 1393 1098 1428 Atque
1113 1393 1149 1420 ita
1163 1392 1312 1428 quamlibet
1325 1391 1525 1427 Scripturarum
1554 1399 1696 1420 sacrarum

907 1444 1011 1476 partem
1030 1438 1148 1466 llazretici
1167 1438 1209 1466 vel
1234 1438 1400 1466 contentiosi
1428 1438 1548 1465 hominis
1571 1438 1692 1466 studium

909 1486 943 1513 ad
962 1486 1085 1513 haeresim
1100 1485 1141 1512 vel
1159 1486 1338 1519 qumstioncm
1361 1484 1508 1511 conabitur
1527 1485 1644 1517 trahere,
1672 1484 1695 1511 si

910 1531 1059 1558 secundum
1074 1530 1177 1565 aliquid
1193 1537 1226 1557 ex
1240 1534 1303 1557 ante
1315 1529 1462 1564 disputatis
1476 1529 1599 1556 fraudem
1616 1536 1695 1556 suam

909 1577 1142 1607 comminiscetur,
1159 1575 1253 1603 statim
1272 1575 1336 1602 hinc
1352 1575 1463 1602 habebit
1479 1580 1575 1602 contra
1592 1583 1622 1603 se
1636 1575 1697 1602 ine-

909 1621 1048 1649 vitabilem
1068 1621 1273 1650 refutationem.
1294 1620 1343 1648 Sin
1373 1628 1438 1648 vero
1465 1621 1615 1649 secundum
1644 1621 1697 1648 ali-

909 1667 974 1702 quid
990 1667 1251 1702 praetermissurum,
1273 1666 1344 1693 haud
1364 1665 1474 1694 difﬁcile
1491 1667 1544 1693 erit
1569 1673 1603 1693 ex
1633 1670 1697 1694 ante

910 1711 991 1738 dictis
1003 1719 1052 1746 par
1064 1711 1198 1747 judicium
1213 1711 1248 1738 de
1262 1719 1291 1738 re
1309 1713 1438 1746 praesenti
1454 1719 1593 1743 exercere,
1615 1717 1698 1746 atque

910 1756 1060 1784 imitatores
1073 1757 1131 1791 pari
1144 1764 1244 1793 genere
1254 1762 1478 1792 argumentorum
1492 1756 1626 1790 refellere,
1640 1765 1696 1791 quo

910 1805 1068 1839 superiores
1080 1805 1119 1832 illi
1133 1805 1344 1839 vapulaverunt.
1359 1803 1400 1831 0b
1411 1805 1481 1832 hanc
1497 1805 1619 1839 aliasque
1632 1812 1697 1831 cau-

910 1858 956 1878 sas
970 1850 1042 1877 haud
1055 1854 1154 1877 cuncta
1170 1849 1312 1884 sigillatim
1325 1849 1408 1876 dubia
1421 1850 1574 1884 percenseri
1588 1856 1603 1876 a
1619 1849 1697 1876 nobis

911 1901 1024 1922 necesse
1051 1893 1225 1928 fuit:neque
1253 1893 1324 1921 enim
1343 1893 1440 1920 horum
1467 1893 1620 1928 catalogum
1651 1902 1697 1920 co-

910 1947 1040 1967 acervare
1054 1939 1250 1974 promisimus;
1269 1946 1356 1973 neque
1376 1939 1461 1966 ardua
1476 1942 1528 1970 est.
1551 1944 1612 1973 post
1627 1946 1697 1973 prue-

910 1985 993 2017 dicta.
1008 1985 1255 2020 prtetermissorum
1278 1983 1400 2019 cognitio
1411 1988 1438 2011 et
1451 1984 1581 2011 discretio
1601 1992 1608 2011 :
1627 1991 1697 2018 prae-

911 2033 1006 2060 sertim
1021 2033 1084 2068 quia
1099 2036 1197 2059 czetera
1217 2039 1271 2058 non
1295 2035 1362 2064 tam,
1395 2035 1425 2058 ut
1448 2031 1516 2064 haec,
1543 2030 1697 2065 frequentia

911 2083 985 2111 sunt,
1000 2085 1088 2113 neque
1111 2082 1168 2105 tam
1191 2078 1293 2105 multos
1318 2081 1463 2111 occupant.
1486 2077 1572 2112 Igitur
1588 2077 1643 2107 illa.
1665 2077 1698 2104 de

911 2125 1012 2159 quibus
1043 2131 1131 2159 nuper
1155 2123 1324 2158 ambigebas,
1352 2123 1503 2150 secundum
1537 2127 1698 2156 praesentem

75 2168 170 2196 ϐοῦσαν
197 2168 323 2200 ἀξίωσιν,
340 2169 485 2205 αὐτάρκως
504 2171 535 2196 τὸ
559 2170 644 2205 σαφὲς
669 2172 716 2198 καὶ
740 2171 789 2208 τὴν
810 2173 856 2208 τῆς

932 2171 1086 2204 rioremqne
1100 2168 1323 2204 postulationem,
1348 2168 1417 2195 satis
1439 2167 1612 2196 manifestam
1635 2176 1698 2204 pcr-

76 2215 188 2250 ἀπορίας
203 2214 283 2241 λύσιν
299 2214 439 2249 εἰλήφασι.

108 2260 160 2292 λς’.
177 2259 251 2294 Πλὴν
272 2259 300 2285 εί
314 2259 356 2290 τίς
371 2267 402 2294 γε
418 2260 466 2285 καὶ
478 2259 558 2286 τοῦτο
568 2258 628 2287 τῶν
642 2260 862 2294 ὲπιπολαζόντων

78 2306 131 2341 υεῐη
141 2306 211 2342 (ἔστι
226 2305 282 2340 γὰρ
291 2306 347 2337 τοῖς
365 2314 395 2332 τε
403 2305 494 2338 ἀλλοις
505 2307 654 2342 αίρετικοϊς
663 2307 710 2334 καὶ
716 2309 774 2340 τοῖς
788 2309 861 2335 είκο-

79 2353 204 2387 νομάχοις
225 2351 298 2386 μέγα
325 2350 495 2386 καταφύγιον
508 2360 515 2367 ·
535 2352 680 2380 καθολικὸν
698 2353 753 2389 γὰρ
778 2354 862 2381 τύπον

78 2397 203 2428 πολλάκις
220 2397 238 2432 η
257 2397 319 2432 ιερὰ
339 2396 416 2432 φωνὴ
436 2397 653 2432 σχηματίζουσα,
668 2398 699 2424 οὐ
715 2398 863 2434 καθολικὴν

78 2443 185 2468 ἁπαιτεῖ
195 2441 246 2476 τὴν
257 2441 361 2467 ἔννοιαν
376 2441 607 2476 ἐπιλαμϐάνεσθαι,
623 2443 662 2474 εἰς
676 2443 817 2478 ὡρισμένα
833 2444 862 2470 δέ

78 2496 133 2515 τινα
147 2489 194 2514 καὶ
208 2487 416 2523 προειλημμένα
430 2488 585 2521 συνάγουσα
600 2488 648 2524 τὴν
663 2488 800 2524 διήγησιν,
817 2499 864 2525 με·

80 2534 153 2568 ρικὴν
170 2533 337 2560 ἐνδείκνυται
353 2532 402 2568 τὴν
419 2533 579 2567 ἀπόφασιν),
596 2533 718 2560 τοιοῦτόν
740 2536 799 2562 ἐστι
821 2536 863 2568 τὸ,

83 2587 91 2603 ι
103 2579 206 2610 Πάντες
221 2578 279 2604 ὅσοι
292 2577 346 2613 πρὸ
361 2577 428 2613 ἐμοῦ
442 2576 535 2613 ἦλθον,
549 2578 666 2606 κλέπται
682 2580 736 2607 sic).
750 2581 799 2607 καὶ
815 2581 864 2617 λῃ-

78 2623 144 2650 σταί.
163 2633 173 2649 ι
190 2621 393 2650 ”Υπο6ἀλλουσι
412 2624 467 2659 γὰρ
490 2624 529 2659 τῷ
548 2624 685 2661 καθολικῷ
709 2626 864 2662 χαρακτῆρι

75 2670 123 2704 τῆς
137 2670 232 2705 φωνῆς
248 2671 274 2697 οί
294 2670 348 2697 ἀπὸ
360 2670 524 2706 Μαρκίωνος
538 2672 586 2699 καὶ
596 2672 648 2707 τῆς
661 2673 781 2707 γείτονος
795 2682 865 2709 φραγ

76 2717 162 2751 τρίας,
180 2717 282 2743 Μωσέα
299 2725 328 2743 τε
349 2717 394 2744 καὶ
413 2718 477 2749 τοὺς
491 2718 588 2750 ἄλλους
607 2719 654 2745 τοῦ
671 2719 738 2746 Θεοῦ
759 2720 865 2756 προφή-

77 2769 135 2795 τας,
152 2762 201 2798 τὴν
219 2762 343 2790 Παλαιὰν
359 2762 497 2800 Διαθήκην
517 2764 653 2798 συσκευὴν
674 2763 744 2792 εἶναι
762 2765 865 2802 δυσφη-

108 2841 130 2857 ⁷¹
146 2841 226 2870 Joan.
243 2850 271 2875 ιε,
289 2842 318 2869 8.

912 2215 1049 2250 plexitatis
1063 2222 1119 2242 sua:
1133 2214 1298 2242 solutionem
1317 2214 1541 2248 impetraverunt.

948 2260 992 2297 56.
1008 2259 1079 2292 Quid
1095 2267 1179 2294 porro
1190 2259 1213 2287 si
1231 2259 1295 2293 quis
1319 2258 1390 2286 hanc
1411 2259 1491 2286 etiam
1509 2266 1525 2286 e
1542 2259 1698 2294 vulgaribus

912 2306 1111 2341 qumslionibus
1128 2304 1261 2340 poneret?
1277 2313 1339 2340 quae
1356 2305 1465 2340 quidem
1483 2309 1540 2332 tum
1562 2305 1622 2332 aliis
1643 2305 1697 2332 haz-

912 2352 1004 2379 reticis
1015 2356 1072 2379 tum
1085 2351 1236 2387 imaginum
1248 2351 1485 2387 oppugnatoribus
1498 2357 1624 2385 magnum
1638 2358 1697 2384 pcr-

914 2399 1016 2433 fngium
1029 2403 1082 2425 est.
1094 2397 1232 2426 Nimirum
1247 2399 1430 2426 universalem
1444 2404 1632 2432 saepenumero
1645 2396 1695 2424 for-

914 2451 985 2470 mam
1006 2451 1091 2471 sacra:
1113 2443 1224 2471 Litterae
1247 2443 1405 2478 figurantes,
1428 2442 1502 2470 haud
1517 2441 1698 2469 universaletn

914 2490 1075 2517 sententiam
1089 2489 1141 2517 sibi
1154 2490 1238 2517 tribui
1249 2489 1404 2524 postulant;
1421 2489 1467 2515 sed
1481 2487 1552 2515 intra
1568 2487 1699 2514 terminos

914 2536 1059 2571 quosdam,
1075 2537 1120 2571 qui
1142 2536 1199 2572 jam
1217 2535 1375 2571 praesumpti
1400 2534 1520 2567 fuerunt,
1545 2533 1699 2561 orationem

915 2589 991 2609 suam
1011 2587 1192 2616 coarctantes,
1217 2582 1374 2618 partiariam
1403 2581 1518 2608 eii‘erunt
1540 2579 1698 2608 aﬂirmatio-

915 2635 987 2655 nem.
1003 2627 1222 2664 Hujusmollilest
1239 2637 1245 2655 :
1262 2637 1271 2654 ι
1288 2628 1390 2655 Omnes
1414 2631 1550 2662 quotquot
1574 2631 1637 2654 ante
1657 2634 1698 2653 me

915 2677 1058 2705 venerunt,
1074 2672 1149 2700 fures
1174 2673 1350 2707 latronesque
1362 2670 1439 2699 fuere
1451 2672 1485 2698 '”.
1507 2680 1516 2697 I
1534 2670 1561 2698 In
1582 2672 1633 2698 hoc
1652 2678 1698 2705 ge-

916 2717 1001 2744 nerali
1016 2717 1145 2744 dictionis
1160 2717 1318 2744 charactere
1337 2716 1505 2744 concludunt
1522 2715 1698 2747 Marcionita,

915 2768 942 2792 et
954 2763 1077 2800 proxima
1089 2767 1176 2797 secta,
1196 2762 1291 2791 Mosen
1312 2763 1402 2799 ipsum
1423 2762 1545 2798 aliosque
1568 2760 1615 2788 Dei
1636 2767 1698 2796 pro-
