1881 3077
173 110 209 142 95

756 110 889 142 PHOTII
906 111 1160 142 PATRIARCHE
1178 113 1233 143 (ΖΡ.

1777 119 1810 152 96

176 166 272 201 phetas
293 172 300 192 :
321 167 403 199 atque
417 164 453 191 ita
473 163 557 192 Vetus
571 164 778 193 Testamentum
803 167 868 195 mali
891 167 948 202 geni

1039 166 1133 199 οῦντες
1143 167 1192 194 τοῦ
1208 167 1332 204 Πονηροῦ
1343 177 1349 183 ι
1365 169 1455 196 καίτοι
1471 177 1504 204 γε
1522 171 1554 197 οὐ
1566 173 1627 199 κατ’
1640 172 1765 207 ἐκείνων,
1774 175 1810 207 ὡς

173 212 276 239 malum
301 218 370 246 opus
388 217 449 237 esse
471 211 688 239 calumniantur.
717 212 800 247 Atqui
827 220 860 241 ea
883 213 965 241 verba

174 264 229 283 non
242 256 374 282 adversus
389 255 440 283 hos
457 260 566 283 constat
584 264 647 284 esse
664 257 779 292 prolata,
800 258 847 285 sed
872 262 967 286 contra

173 302 237 329 illos
250 301 296 335 qui
311 301 392 336 paulo
414 306 478 329 ante
504 303 612 330 Domini
633 303 782 331 adventum
807 304 966 340 deceptores

172 352 200 374 et
220 347 294 381 plani
312 347 489 374 exstiterunt.
503 347 570 375 Nam
585 349 607 376 si
626 349 689 384 quis
719 350 847 385 opinetur
869 355 965 377 contra

173 394 314 421 daamonas
342 394 416 421 hanc
437 394 539 429 jactam
560 403 621 423 esse
647 396 816 424 Dominicam
849 396 966 424 locutio-

173 446 247 469 nem.
275 439 382 466 etiamsi
408 439 435 466 id
461 440 494 466 ad
524 441 689 476 sacrilegutn
720 441 825 468 nullum
851 441 967 476 impellit

173 492 300 518 sensum;
319 490 346 512 et
366 486 389 513 si
401 494 478 521 atque
493 488 647 522 praesumit,
674 487 747 516 haud
770 496 879 523 semper
906 489 967 515 uni—

172 529 277 556 versale
289 530 416 558 dictionis
434 531 546 558 schema
569 532 724 566 generalem
738 533 790 560 sibi
802 534 965 561 sententiam

172 575 329 609 vindicare;
348 576 528 604 nihilominus
547 577 716 612 exquisitior
741 579 891 612 subtilitas,
919 587 966 607 ne-

173 628 226 655 que
242 622 311 648 satis
326 623 486 657 evangelico
502 624 597 651 sensui
624 631 791 659 congruens,
815 625 964 653 secundum

173 666 238 694 huic
250 667 371 701 opinioni
385 673 447 702 post
457 669 616 702 pandit-tam
638 669 712 696 illam
737 670 829 698 locutu
848 671 906 698 dat.
922 671 966 698 ln-

173 714 252 740 terim
272 719 362 741 tamen
378 723 482 742 vesana
497 720 524 742 et
546 717 680 752 sacrilega
698 717 820 744 hostium
845 718 892 745 Dei
917 726 967 746 au-

172 759 261 792 dacia,
281 761 345 787 dum
371 761 469 788 formae
489 763 655 790 universalis
680 763 808 791 dictionis
832 765 965 798 adlneret.

172 805 284 833 sceleris
299 806 341 833 sui
357 810 481 834 tutamen
500 806 527 834 in
544 807 698 836 Dominicis
709 809 798 836 eil'atis
820 810 922 838 habere
936 819 966 838 se

171 854 262 884 putat.

206 895 251 922 57.
270 896 337 923 Illud
355 904 466 931 quoque
479 897 569 925 simile
582 903 625 926 cst
651 909 661 925 ι
679 899 778 928 Omnia
805 909 853 936 per
872 902 963 937 ipsum

171 941 244 969 facta
259 947 321 969 sunt
342 951 349 969 :
370 952 379 968 ι
394 944 467 976 quod
483 951 561 978 teque
576 946 666 973 sancti
683 946 802 981 Spiritus
819 955 964 983 oppugna-

172 987 280 1014 toribus
304 994 497 1022 argumentum
522 990 631 1017 errandi
656 995 709 1019 est.
737 992 805 1019 Dum
832 994 905 1020 enitn
929 995 964 1022 ob

171 1033 328 1060 universale
347 1034 476 1061 dictionis
490 1043 586 1069 genus,
604 1038 811 1065 sanctissimum
829 1039 963 1075 Spiritum

171 1087 187 1106 a
209 1085 401 1107 creaturarum
426 1081 602 1109 universitate
624 1091 678 1110 non
706 1090 846 1119 separant,
874 1087 964 1121 ipsum

170 1124 372 1158 blasphemant.
392 1125 525 1153 Sexcenta
538 1127 589 1154 alia
611 1136 696 1156 sacrae
719 1129 830 1159 Littera:
852 1133 965 1160 univer-

170 1170 219 1197 sali
236 1170 376 1198 schemale
393 1171 520 1206 elferunt,
538 1174 639 1208 quibus
667 1180 758 1203 tamen
779 1178 889 1205 nonnisi
903 1186 965 1213 par-

171 1216 280 1243 tiarium
297 1216 478 1252 significatum
501 1219 635 1249 tribuunt.
668 1221 759 1249 Veluti
785 1231 792 1249 ε
816 1232 825 1249 ι
850 1222 964 1252 Vanitas

170 1262 335 1294 vanitatum,
359 1267 386 1290 et
405 1265 498 1291 omnia
524 1267 631 1294 vanitas
647 1267 671 1283 ‘"
689 1275 696 1294 :
715 1277 725 1294 ι
744 1276 832 1303 neque
862 1269 964 1298 idcirco

169 1313 216 1333 aut
235 1309 321 1335 virtus
339 1314 386 1336 aut
400 1310 532 1343 sapientia
545 1316 593 1338 aut
607 1312 704 1348 religio
721 1313 748 1340 in
767 1322 899 1342 vanarttm
913 1323 964 1342 nu-

169 1361 247 1381 mero
265 1361 356 1381 rerum
378 1359 453 1382 aunt.
476 1356 546 1383 Tum
570 1357 635 1385 illud
654 1367 661 1385 :
680 1367 690 1384 ‹
721 1359 823 1387 Omnes
845 1361 964 1389 declina-

169 1404 277 1432 verunt,
297 1400 380 1427 simul
393 1401 504 1429 inutiles
520 1402 586 1430 facti
599 1409 665 1431 sunt
677 1405 716 1438 "';
738 1414 747 1431 ι
765 1413 854 1442 neque
871 1410 962 1435 tamen

169 1443 306 1478 ejusmodi
320 1451 399 1472 erant
413 1446 431 1473 ii
449 1455 520 1481 quos
536 1448 609 1476 Deus
633 1449 660 1476 in
691 1450 808 1486 singulis
838 1453 964 1481 aetatibus

170 1491 297 1518 vitiorum
330 1497 357 1519 et
379 1493 533 1520 daunonum
557 1499 585 1521 et
610 1499 790 1530 tyrannorum
815 1497 880 1525 fecit
902 1506 964 1526 esse

981 868 1003 896 Β

1017 213 1108 247 δῆλον,
1123 214 1239 250 ὲρῤἠθη,
1257 213 1314 241 ἀλλ’
1326 214 1374 246 οὒς
1387 217 1401 242 ὁ
1417 216 1508 251 μικρῷ
1523 217 1643 253 πρόσθεν
1653 219 1748 254 χρόνος
1762 219 1811 255 τῆς

1017 261 1189 296 Δεσποτικῆς
1207 261 1372 297 παρουσίας,
1385 263 1549 296 ἀπατεῶνας
1563 266 1611 291 καὶ
1626 265 1746 298 πλάνους
1759 267 1811 293 ἀπ-

1018 305 1169 339 έδειξε.”Τὺ
1195 307 1250 342 γὰρ
1267 308 1307 340 είς
1331 308 1394 340 τοὺς
1418 308 1549 344 δαίμονας
1572 311 1739 346 ὑπειλῆφθαι
1764 313 1812 346 τὴν

1018 353 1186 388 Δεσποτικὴν
1203 353 1306 388 ταύτην
1319 354 1489 389 ἁπερῤίφθαι
1508 357 1610 390 φωνὴν,
1627 357 1680 384 κᾶν
1695 359 1735 389 είς
1750 358 1813 384 ἀσε-

1021 395 1153 431 ϐημάτων
1170 398 1220 424 οὐκ
1236 398 1269 425 ἂν
1290 399 1345 434 ἥκῃ
1372 398 1513 433 λογισμὸν,
1529 399 1580 427 κᾶν
1603 401 1705 436 ὁμοίως
1728 404 1811 438 φρονῇ

1019 441 1057 476 μὴ
1073 442 1189 470 πάντοτε
1201 443 1232 470 τδ
1246 443 1390 471 καθολικὸν
1405 445 1499 480 σχῆμα
1517 446 1567 480 τῆς
1578 448 1670 482 φωνῆς
1683 448 1730 474 καὶ
1746 448 1812 474 καθ-

1017 487 1111 523 ολικὴν
1132 489 1238 516 ἔννοιαν
1261 491 1397 522 ἀπαιτεῖν,
1414 491 1472 518 ἀλλ’
1494 489 1540 519 οὖν
1555 492 1586 519 τὸ
1604 494 1813 529 περιεργότερον

1017 535 1065 561 καὶ
1085 534 1124 570 μὴ
1139 535 1189 570 τῆς
1201 536 1384 572 εὐαγγελικῆς
1400 536 1554 572 βουλήσεως
1569 539 1634 574 περὶ
1650 539 1718 566 πόδα
1731 536 1812 571 εἶναι,

1016 579 1146 617 δευτέραν
1158 581 1232 616 αὑτῷ
1243 582 1335 609 δίδωσι
1346 582 1394 609 τοῦ
1408 585 1611 620 προειρημένου
1624 585 1701 618 τάξιν
1710 586 1812 613 λαδεῖν·

1017 627 1088 662 πλήν
1101 635 1132 661 γε
1147 628 1177 654 τὸ
1190 628 1320 655 ἀσύνετον
1336 629 1382 656 καὶ
1394 629 1526 661 δυσσεὸὲς
1538 630 1592 656 τῶν
1606 631 1813 667 θεομαχοῦντων

1018 671 1117 708 θράσος
1133 672 1172 708 τῷ
1188 673 1268 710 τύπῳ
1289 675 1339 710 τῆς
1355 675 1502 710 καθολικῆς
1522 677 1740 712 προσανέχοντες
1755 686 1813 712 φω-

1017 716 1077 751 νῆς,
1092 717 1143 752 τῆς
1155 718 1258 751 οἰκείας
1273 718 1433 752 δυσσεϐείας
1447 719 1624 756 ἀναχώρησιν
1639 721 1672 748 τὰ
1685 723 1815 757 Κυριακά

1017 763 1159 797 νομίζουσι
1174 763 1264 799 λόγια.

1051 893 1099 926 λζ’.
1115 894 1229 929 ’Όμοιόν
1249 896 1308 922 ὲστι
1324 896 1372 923 καὶ
1389 897 1429 930 τδ,
1451 907 1460 923 ι
1480 898 1575 925 Πάντα
1596 899 1630 925 δι’
1644 900 1727 926 αὺτοῦ
1751 900 1816 935 ἐγέ-

1015 948 1091 967 νετο·
1111 950 1121 966 ι
1147 942 1195 968 καὶ
1220 941 1321 976 ὁμοίως
1340 944 1397 974 τοίς
1416 944 1662 980 Πνευματομάχοις
1689 946 1809 981 ὄργανον

1014 986 1064 1021 τῆς
1082 986 1187 1022 πλάνης
1207 987 1401 1016 ὑποϐάλλεται.
1417 988 1479 1016 Τῶν
1497 989 1606 1016 πάντων
1621 991 1676 1026 γὰρ
1696 992 1727 1018 τὸ
1742 1001 1816 1019 παν-

1014 1033 1092 1068 άγιον
1104 1034 1215 1069 Πνεῦμα
1227 1034 1272 1060 διὰ
1282 1035 1313 1061 τὸ
1327 1035 1442 1062 καθόλου
1455 1036 1504 1071 τῆς
1518 1039 1611 1073 φωνῆς
1624 1039 1675 1065 οὐκ
1688 1039 1818 1075 ἐξαιρού-

1017 1090 1092 1116 μενοι
1108 1081 1161 1108 τῶν
1177 1082 1340 1115 γεγονότων,
1359 1082 1408 1109 καὶ
1422 1082 1488 1109 αὐτὸ
1501 1084 1738 1120 δεδυσφημήκασι.
1756 1086 1818 1112 Καὶ

1016 1127 1101 1162 μυρία
1127 1127 1149 1153 δ’
1171 1127 1240 1154 ἄλλα
1264 1127 1289 1154 οι
1316 1128 1386 1163 [spot
1404 1128 1487 1162 Λόγοι
1501 1129 1541 1160 είς
1558 1129 1590 1156 τὸ
1604 1130 1666 1157 καθ’
1677 1131 1739 1158 ὂλου
1760 1131 1818 1166 μὲν

1016 1172 1227 1208 σχηματίζουσι,
1245 1173 1436 1210 μερικωτέραν
1451 1174 1480 1201 δὲ
1498 1174 1639 1203 ποιοῦνται
1656 1176 1706 1211 τὴν
1722 1176 1816 1212 δήλω-

1016 1227 1075 1245 σιν”
1091 1218 1128 1251 ὡς
1143 1219 1185 1245 τό·
1200 1228 1209 1244 ι
1225 1219 1384 1255 Ματαιὸτης
1399 1221 1597 1256 ματαιοτήτων,
1611 1221 1645 1248 τὰ
1654 1222 1742 1249 πάντα
1757 1231 1817 1258 μα-

1014 1264 1126 1299 mqu
1137 1272 1144 1279 '
1163 1274 1172 1290 ι
1194 1264 1254 1291 οὐδὲ
1268 1265 1322 1300 γὰρ
1333 1265 1386 1292 οὐδ’
1403 1266 1420 1301 ἡ
1437 1266 1522 1302 ἀρετὴ
1535 1267 1590 1293 τῶν
1605 1268 1738 1302 ματαίων,
1755 1269 1816 1294 οὐδ’

1016 1309 1032 1344 ὴ
1051 1309 1144 1342 σοφία,
1158 1309 1214 1336 οὐδ’
1231 1310 1248 1344 ὴ
1269 1309 1407 1337 εὐσέϐεια.
1427 1311 1492 1343 Καὶ,
1512 1320 1521 1336 ι
1535 1312 1640 1344 Πάντες
1657 1312 1815 1346 ἐξέκλιναν,

1015 1354 1074 1387 ἅμα
1086 1353 1289 1388 ἡχρειώθησαν·
1305 1363 1314 1380 ›
1331 1355 1392 1381 οὐδὲ
1404 1355 1458 1391 γὰρ
1471 1355 1526 1382 οὐδ’
1538 1357 1562 1383 οἱ
1578 1357 1654 1393 παρὰ
1664 1357 1731 1384 Θεοῦ
1747 1358 1817 1384 καθ’

1015 1401 1135 1436 ἑκάστην
1161 1403 1258 1435 γενεὰν
1279 1402 1327 1429 καὶ
1340 1403 1437 1436 γενεὰν
1453 1403 1525 1430 κατὰ
1541 1404 1635 1431 παθῶν
1652 1404 1699 1432 καὶ
1713 1405 1817 1439 δαιμὸ-

1015 1455 1069 1473 νων
1082 1447 1129 1473 καὶ
1140 1448 1279 1481 τυράννων
1291 1450 1451 1482 στεφανῖται
1463 1449 1634 1484 δεικνύμενοι
1645 1458 1652 1465 ·
1666 1450 1816 1478 καὶπολλὰ

1015 1494 1083 1521 ἄλλα
1099 1494 1212 1521 τοιαῦτα
1229 1495 1275 1521 ἐπὶ
1289 1495 1387 1531 σχολῆς
1400 1496 1432 1523 ἄν
1448 1505 1490 1528 τις
1507 1496 1673 1532 θεωρήσειεν
1686 1505 1696 1513 ο
1715 1497 1818 1533 ἀρκεῖν

170 1536 300 1565 victores.
320 1537 403 1564 Multa
418 1539 575 1573 hujusmodi
592 1540 655 1568 licet
677 1543 777 1577 cuique
804 1551 852 1578 per
876 1544 948 1572 otiun

1048 1538 1184 1576 οἶμαικαὶ
1198 1542 1233 1569 τὰ
1251 1543 1484 1578 παρατεθειμένα.
1498 1544 1555 1578 Τῆς
1568 1544 1621 1579 γὰρ
1636 1545 1818 1580 είκονομαχι-

169 1583 318 1610 (rbservare
335 1592 342 1610 :
360 1592 516 1619 quanquam
532 1586 600 1613 mihi
623 1587 757 1616 hactenus
771 1589 846 1617 dicta
865 1590 965 1618 viden-

170 1633 215 1656 tur
233 1629 366 1657 suﬂicere.
383 1629 464 1657 Certe
477 1635 505 1658 et
516 1631 637 1660 furorem
654 1635 872 1669 oppugnantium
896 1635 964 1663 ima-

168 1675 258 1710 gines,
276 1675 323 1710 qui
338 1676 422 1703 simili
438 1677 541 1705 malitia
563 1680 731 1714 vesaniaque
751 1680 878 1709 laborant
900 1689 963 1709 cum

168 1722 231 1748 aliis
243 1721 326 1749 fatuis
336 1723 460 1756 ejusdem
474 1729 555 1752 sectae
565 1726 705 1758 versutiis,
717 1727 851 1762 peculiari
861 1728 964 1763 scripto

167 1767 375 1796 debellavintus.
387 1768 504 1805 Jamque
519 1771 587 1798 adeo
602 1773 675 1805 quod
692 1773 785 1801 multae
799 1775 964 1809 quaestiones

167 1821 297 1842 sermone
312 1816 414 1850 praevio
426 1821 533 1852 egeant,
555 1822 582 1845 et
598 1820 671 1857 quod
696 1824 750 1848 tuae
777 1821 963 1850 dubitationes

168 1859 204 1887 ab
221 1861 424 1895 antiquioribus
439 1864 543 1892 sanctis
558 1864 636 1897 viris,
654 1870 737 1901 atque
750 1874 765 1894 a
781 1875 835 1900 me,
846 1868 963 1896 ducibus

168 1905 233 1938 illis,
251 1908 392 1942 diSsipatae
406 1908 520 1942 fuerint,
543 1914 570 1937 et
591 1911 663 1946 quod
689 1913 825 1948 plurimas
851 1922 962 1948 causas,

169 1952 242 1978 ttnde
255 1952 321 1979 oriri
335 1954 532 1981 controversiae
550 1955 648 1988 solent,
670 1958 884 1991 percensuerim,
902 1966 961 1986 ser-

167 2003 214 2021 mo
234 2004 313 2024 meus
328 1996 464 2026 hactenus
484 2000 693 2028 demonstravit.
712 2001 807 2030 Utrum
822 2011 888 2030 vero
906 2011 963 2031 om-

170 2039 214 2064 nia
229 2046 358 2067 accurate
372 2042 644 2077 cotnprchenderim,
663 2052 760 2078 necne,
778 2046 851 2074 haud
866 2046 963 2075 Hercle

167 2083 359 2112 aliirmaverim
377 2094 384 2112 :
401 2088 549 2121 caeteroqui
561 2089 635 2122 quod
647 2097 700 2116 non
726 2091 855 2125 pauciora
868 2097 962 2127 postu-

168 2127 231 2156 latis
247 2129 274 2155 in
288 2130 408 2157 medium
424 2131 547 2165 tulerim,
559 2133 585 2160 id
604 2133 626 2161 si
639 2133 708 2162 forte
725 2135 962 2169 aﬂirmemmemo

166 2181 222 2205 me,
238 2174 333 2208 judice
348 2176 473 2210 veritate,
490 2179 608 2212 superbe
623 2180 698 2215 loqui
717 2182 887 2210 causabitur.

456 2233 620 2267 QU/ESTIO
636 2236 668 2264 ll.

164 2276 209 2320 St"
219 2277 262 2304 die
285 2279 395 2318 septimo
427 2281 552 2320 requievit
571 2281 659 2320 Βία-ς⁵
669 2283 715 2320 alii
729 2284 857 2320 universis
872 2287 956 2320 operi-

200 2312 247 2350 bus
265 2314 331 2344 suis.
356 2317 488 2348 quomodo
501 2316 621 2343 salutare
638 2317 729 2346 Patris
746 2319 856 2347 Verbum

201 2356 211 2373 ‹
223 2347 304 2374 Pater
317 2347 389 2376 nteit:
402 2358 483 2384 usque
499 2353 576 2378 modo
587 2359 712 2386 operatur
721 2359 746 2381 et
760 2363 806 2390 ego
817 2347 912 2391 operor

192 2447 264 2489 Edita
279 2448 392 2489 ibiang.
407 2451 547 2489 Maio,!et.
576 2452 670 2485 Srript.
686 2460 741 2479 nov.
762 2454 836 2486 Coll.,
854 2459 870 2481 t.
889 2458 928 2488 IX,
942 2465 967 2489 p.

161 2478 225 2504 Gen.
237 2487 264 2511 ιι,
282 2481 297 2504 2
309 2484 336 2506 et
348 2478 419 2506 Joan.
435 2489 458 2511 ν,
473 2478 517 2513 Π,

200 2532 324 2566 Quatuor
338 2535 463 2564 videmus
478 2536 618 2565 Creatoris
629 2539 821 2574 operationes;
841 2549 959 2577 quarunt

163 2579 275 2614 quidem
302 2581 390 2615 prima
413 2587 455 2610 est
472 2582 531 2618 ipso
551 2584 586 2611 ab
604 2585 683 2612 initio
702 2593 798 2614 eorum
811 2595 871 2622 quae
883 2589 960 2617 exsi-

199 2636 222 2652 "
238 2635 329 2665 Eccle.
350 2646 370 2670 ι,
388 2638 415 2664 2.
453 2639 477 2656 "
492 2640 566 2668 Psal.
594 2649 655 2674 xui,
683 2643 711 2669 5.

1016 1588 1067 1622 κῆς
1094 1587 1197 1621 λύσσης
1222 1588 1273 1623 τὴν
1293 1588 1340 1615 διὰ
1362 1589 1414 1623 τῆς
1432 1589 1602 1625 κακουργίας
1622 1589 1725 1626 ταύτης
1742 1590 1818 1617 ἀπό-

1015 1639 1100 1663 νοιαν,
1118 1632 1187 1667 μετὰ
1199 1632 1251 1667 τῆς
1265 1632 1348 1668 ἄλλης
1361 1634 1452 1672 αὺτῶχ
1466 1634 1669 1669 φρενοσλαϐοὖς
1681 1643 1818 1672 κακομη-

1014 1662 1125 1712 χανίανςξ
1145 1662 1299 1710 ἰδιαζόντως
1321 1662 1389 1714 η-μϊν
1411 1662 1493 1714 10,70“;-
1512 1662 1713 1716 ἐθριάμϐευσεν
1740 1662 1817 1716 (:26').

1021 1723 1092 1750 Ἀλλ’
1117 1724 1159 1751 ὅτι
1189 1724 1239 1760 μὲν
1264 1724 1351 1752 πολλὰ
1373 1725 1429 1751 τῶν
1455 1726 1642 1762 ἀπορημάτων
1668 1735 1820 1763 προκατα-

1015 1770 1114 1806 cursui);
1141 1770 1238 1803 δεῖται,
1261 1771 1309 1797 καὶ
1327 1771 1368 1798 ὅτι
1385 1772 1420 1798 τὰ
1439 1771 1475 1798 σὰ
1488 1773 1566 1808 παρά
1585 1780 1615 1799 τε
1635 1772 1690 1799 τῶν
1705 1774 1821 1808 προλα-

1014 1815 1116 1842 ϐόντων
1135 1815 1240 1851 ἀνδρῶν
1253 1816 1338 1851 ἁγίων
1355 1817 1403 1844 καὶ
1418 1817 1485 1853 ἡμῖν
1501 1817 1594 1850 αὐτοῖς
1611 1818 1718 1845 ἐκεῖθεν
1732 1827 1774 1854 χει
1780 1828 1822 1855 ρο

1015 1861 1247 1897 α[γω]γουμένοις
1266 1863 1464 1899 διευκρίνηται,
1473 1864 1519 1890 καὶ
1529 1864 1571 1891 ὅτι
1585 1864 1620 1891 τὰ
1633 1864 1746 1891 πλεῖστα
1753 1865 1823 1892 τῶν

1014 1908 1109 1934 αίτίων
1119 1909 1185 1944 παρ’
1197 1908 1215 1935 ἃ
1227 1908 1307 1935 εἴωθε
1322 1909 1483 1944 συμϐαίνειν
1498 1911 1529 1937 τὸ
1543 1910 1646 1945 ἄπορον
1663 1911 1824 1946 ἐπεξήλθο-

1015 1961 1077 1989 μεν,
1099 1955 1114 1980 ὁ
1138 1953 1217 1988 λόγος
1240 1955 1374 1987 ἐπέδειξε.
1394 1955 1450 1982 Καὶ
1465 1955 1506 1982 ὅτι
1528 1956 1577 1990 μὲν
1599 1957 1648 1989 τῆς
1665 1957 1824 1993 ἀκριϐείας

1014 1999 1124 2026 πάντων
1144 2000 1348 2034 ὲπειλήμμεοα,
1369 2000 1419 2027 οὐκ
1442 2001 1476 2028 ἂν
1499 2001 1630 2037 φαίημεν·
1648 2003 1689 2029 ὅτι
1710 2003 1738 2029 δὲ
1758 2005 1825 2041 τῆς

1013 2045 1148 2079 αἰτήσεως
1170 2045 1221 2072 οὐκ
1246 2045 1357 2072 ἔλαττον
1373 2046 1585 2081 εἰσηνέγκαμεν,
1601 2048 1652 2074 οὐκ
1669 2048 1702 2076 ἂν
1721 2048 1773 2076 ὑπε
1782 2060 1823 2087 ρ-

1012 2090 1126 2124 ηφάνων
1138 2091 1235 2125 λόγων,
1247 2091 1410 2127 δικαζούσης
1424 2092 1566 2128 ἀληθείας,
1581 2093 1670 2126 οὐδεὶς
1684 2094 1719 2122 ἂν
1734 2095 1821 2139 ὴμᾷς

1013 2136 1179 2164 αἰτιάσαιτο.

976 2211 998 2238 D

1284 2246 1450 2274 ΕΡΩΤΗΣΙΣ
1466 2247 1503 2277 Β’.

1012 2290 1047 2317 Εἰ
1061 2289 1099 2324 τῇ
1111 2290 1223 2328 ὲόῥόμῃ
1239 2292 1336 2326 ἡμέρᾳ
1345 2294 1539 2321 κατέπαυσεν
1547 2296 1564 2322 ό
1575 2296 1647 2328 Θεὸς
1657 2297 1718 2324 ἀπὸ
1730 2299 1818 2324 πάι--

1046 2333 1106 2351 των
1121 2326 1180 2366 τ-ῶν
1211 2327 1305 2366 ὲξργων
1326 2329 1430 2366 αὑτοῦ,
1456 2329 1520 2366 nec
1539 2330 1556 2356 ὁ
1580 2326 1729 2366 σωξήριος
1753 2335 1818 2361 τοῦ

1045 2362 1162 2402 {Iazde
1184 2363 1279 2402 ᾼνόγος
1308 2363 1422 2402 φ-ηᾳινς·
1443 2364 1507 2402 «ιξο
1533 2365 1635 2400 Πατήρ
1657 2362 1725 2402 ’λιού
1751 2367 1818 2402 ἕως

1043 2396 1109 2429 ἄρτι
1123 2397 1283 2431 ἐργάζεται,
1297 2396 1379 2433 κάγὼ
1391 2399 1546 2434 ἐργάζομαι
1554 2408 1564 2432 ;
1584 2410 1594 2426 ι

988 2459 1035 2489 12ς
1059 2464 1203 2495 οχρῗεηθης,
1217 2466 1341 2496 quomodo
1354 2467 1423 2491 inter
1435 2473 1464 2492 se
1485 2469 1635 2493 conveniant
1659 2469 1816 2497 testimonia

1049 2547 1191 2583 Τέσσαρας
1207 2549 1317 2584 ὁρῶμεν
1339 2550 1386 2578 τοῦ
1404 2552 1579 2588 Δημιουργοῦ
1598 2553 1746 2590 {praeter
1766 2553 1816 2584 ὧν

1015 2593 1109 2628 πρώτη
1126 2594 1176 2629 μὲν
1189 2595 1265 2622 ἔστιν
1280 2595 1350 2632 αὕτη
1364 2597 1420 2625 τῶν
1436 2598 1548 2636 ὖντωνὴ
1561 2601 1623 2628 κατ’
1634 2600 1722 2637 ἀρχὰς
1738 2611 1817 2638 προ-

920 2692 1040 2722 ΝΟΤιΕ.

195 2739 251 2775 (Ξϋ)
270 2739 361 2781 Photii
375 2748 445 2782 opus
461 2749 521 2782 p‘ro_
536 2749 691 2782 sanctarum
713 2746 860 2782 imaginum
876 2749 951 2776 cultu

157 2776 320 2815 utcttttyrare_'
337 2776 445 2815 videtur
461 2776 623 2815 Euthymius
648 2781 720 2815 apud
737 2776 862 2811 La‘inbec.
884 2787 950 2811 tom.

158 2810 205 2838 ιιι.
221 2819 246 2839 ι).
264 2811 327 2839 421.
344 2812 506 2846 Quanquam
531 2810 599 2841 nihil
620 2810 695 2843 aliud
715 2816 831 2845 fortasse
845 2810 950 2846 intelli-Q

1006 2752 1126 2798 gendum
1139 2758 1192 2798 est.
1208 2760 1307 2796 praeter
1322 2756 1366 2784 ilia
1379 2765 1501 2798 qntepro
1516 2768 1549 2788 eo
1566 2762 1693 2798 dogmate
1709 2763 1814 2792 dicun—

1006 2792 1051 2837 ιςς
1064 2795 1078 2813 η
1092 2788 1194 2837 non,
1208 2788 1236 2837 in,
1248 2788 1469 2837 Priaaspiatotia
1484 2788 1817 2837 <meiéais‘in'ea“is.

1005 2826 1032 2848 et
1044 2824 1070 2849 in
1090 2824 1312 2859 Antp/tt'loc/tianis
1326 2824 1379 2854 196
1389 2828 1476 2864 (167),
1487 2824 1542 2859 ‘197
1558 2832 1644 2869 (res),
1660 2824 1723 2863 sos.
