1881 3077
211 153 246 186 99

788 156 919 186 PIIOTII
939 157 1191 188 PATlllAllCHE
1206 159 1259 188 (ΣΡ.

1787 162 1832 195 160

212 216 336 238 naturam
353 210 510 237 excedentia
524 217 605 245 opera
624 211 760 245 Ostendit;
774 220 835 246 qum
845 214 907 239 dum
918 212 1000 239 bene-

1091 224 1113 239 ιν
1131 215 1284 249 χαρίζεται,
1302 215 1459 251 παράλυτον
1473 218 1593 252 σφίγγει,
1607 221 1765 254 τεταρταῖον
1787 222 1832 246 ἀν-

212 257 337 283 γοίοηῑῐξο
362 256 463 291 regulis
479 261 505 283 ct
530 256 635 291 legibus
649 257 728 284 eilicit
750 257 880 285 Dominus
895 262 996 290 noster,

211 303 370 330 beneﬁcium
392 303 416 330 ei
442 303 588 338 exprobrat
611 303 735 338 ingratus
746 303 901 331 Judzeorum
913 312 998 339 popu-

211 350 263 382 lus,
289 349 409 376 Sahbato
435 349 554 375 debitam
571 349 772 376 venerationem
798 354 956 384 praetextum
973 356 999 377 rt

210 404 266 422 sua:
296 395 406 422 invidia:
435 395 599 430 malitimque
623 395 711 422 velum
744 396 877 431 objiciens
900 398 999 424 :audit

209 450 273 468 vero
291 441 446 470 Dominum.
477 446 533 468 tum
562 446 696 476 quatenus
711 440 845 470 Dominus
864 447 916 474 est.
938 448 995 470 tum

209 493 345 523 quatenus
373 488 504 522 magister
517 491 545 515 et
571 488 702 522 salvator,
717 489 870 516 dicentem:
899 489 999 517 «Pater

210 542 286 562 meus
302 541 390 570 usque
403 534 484 561 modo
499 539 628 569 operatur
642 540 668 562 et
682 542 732 570 ego
748 543 847 570 operor
857 535 918 562 7".)
930 535 997 563 Dum

209 586 298 608 autem
315 581 428 616 ingratis
442 580 542 609 Judmis
570 581 651 608 istam
682 583 804 616 corporis
817 583 997 614 curationem,

209 628 270 661 quia
295 626 414 654 Sabhato
443 627 513 654 facta
543 633 612 660 erat,
634 627 853 663 vituperantibus
876 633 903 656 ct
927 629 999 656 blas-

209 673 400 709 phemantibus
434 673 470 700 ita
504 673 637 701 Dominus
653 681 684 701 os
708 673 828 707 obturat,
861 683 910 702 nos
927 675 1000 703 clare

208 720 303 746 edocet
338 719 372 745 ab
403 718 590 753 hujuscemodi
619 718 748 753 operibus
774 727 862 754 neque
892 719 998 747 Patrem

210 764 392 799 requiescere.
413 770 502 798 neque
522 763 641 798 seipsum
657 764 764 799 operari
789 765 923 792 desinere.
960 765 999 792 Ex

210 813 259 839 hac
271 811 352 846 igitur
371 811 477 837 Domini
502 811 679 845 responsione
701 817 728 839 et
755 819 788 839 ex
804 812 919 839 diversis
936 820 999 846 ope-

209 859 343 885 ration-Im
361 857 569 885 characteribus
582 857 662 884 facile
681 857 729 884 tibi
750 863 791 885 est
816 858 967 894 intelligere
982 868 996 886 ιι

209 903 308 939 quibus
323 903 451 937 operibus
468 903 653 938 requieverint
665 902 746 930 Pater
764 909 790 931 et
811 903 907 937 Filius,
920 913 996 940 quae-
1014 895 1033 922 υ

211 957 272 976 nam
293 953 383 976 autem
414 956 500 983 usque
527 948 608 976 modo
640 955 695 976 non
722 949 848 976 desinant
877 951 996 984 operari.

209 993 321 1021 Creutor
336 994 475 1020 enimvero
490 993 658 1020 substantias
683 994 845 1028 jamdudum
865 996 997 1022 termina-

210 1040 264 1073 \it;
292 1039 357 1067 dum
382 1045 472 1067 autem
491 1040 707 1074 incorruptibilia
737 1048 770 1068 ea
784 1049 845 1075 qua:
861 1042 996 1074 condidit,

210 1090 312 1118 servat,
338 1087 458 1121 itemque
489 1087 590 1113 illa‘sas
618 1092 645 1113 et
675 1094 728 1114 non
754 1087 922 1115 adulterinas
936 1097 998 1116 esse

210 1141 305 1160 eorum
321 1134 455 1161 essentias
475 1141 524 1161 sua
538 1133 712 1168 providentia
727 1140 870 1169 procurat,
895 1140 923 1162 et
945 1135 997 1162 im-

210 1180 327 1215 positum
343 1179 466 1207 ordinem
483 1180 665 1215 semitamque
682 1180 878 1208 immutabilem
897 1185 998 1214 servat,

211 1226 323 1253 minime
339 1226 466 1253 videntur
475 1232 584 1252 cessare
603 1233 690 1261 neque
698 1225 788 1259 Pater,
800 1234 889 1261 neque
903 1226 999 1259 Filius,

210 1279 298 1307 neque
310 1271 391 1299 etiam
422 1271 541 1306 Spiritus
563 1277 687 1299 sanctus.
719 1271 1000 1306 Supersubstantialis

209 1319 281 1345 enim
292 1323 319 1345 et
330 1317 525 1353 omnipotentis
538 1322 565 1345 et
585 1318 675 1345 omnia
704 1319 824 1346 creantis
838 1319 1000 1346 substantia:

212 1373 264 1392 una
280 1369 360 1392 estet
373 1364 498 1391 voluntas
512 1368 540 1391 et
555 1364 678 1399 potentia
696 1368 722 1391 et
736 1364 793 1395 vis;
821 1364 998 1391 manifestum

211 1415 252 1437 est
268 1415 356 1436 autem
383 1417 414 1436 ea
443 1410 509 1436 hora
532 1417 585 1445 qua
603 1410 680 1444 signa
707 1416 756 1436 sua
769 1407 892 1435 Salvator
908 1414 1000 1435 noster
1020 1415 1023 1418 '

215 1457 390 1491 operabatur,
421 1461 563 1492 operatum
594 1465 655 1485 esse
683 1457 793 1491 quidem
817 1455 928 1488 Filium,
959 1456 998 1482 illi

212 1511 276 1530 vero
293 1507 453 1538 cooperatos
468 1510 529 1530 esse
545 1502 654 1530 Patrem
665 1506 693 1529 et
708 1501 840 1536 Spiritum
859 1506 997 1529 sanctum.

1052 261 1113 295 ιστᾷ
1129 260 1175 286 τοῦ
1193 261 1288 295 τάφου,
1310 262 1357 288 καὶ
1373 263 1500 297 κρεῖσσον
1516 264 1531 299 ἧ
1548 264 1732 300 ἀριθμεῖσθαι,
1756 266 1834 302 ὑπερ-

1050 307 1105 341 φυῆ
1117 306 1185 343 ἔργα
1197 307 1353 340 ἐπεδείξατο
1364 316 1371 323 δ
1385 308 1403 335 ἆ
1415 309 1462 335 τοῦ
1480 310 1616 337 Δεσπότου
1635 311 1834 347 φιλανθρωπίας

1049 354 1105 389 ὅρῳ
1119 354 1165 380 καὶ
1176 354 1250 389 νόμῳ
1267 355 1513 390 διαπραττομένου,
1539 356 1692 388 ἐξονειδίζει
1719 358 1767 393 μὲν
1789 358 1834 394 τὴν

1051 397 1213 433 εὐεργεσίαν
1230 399 1244 424 ὁ
1265 399 1412 434 ἀχάριστος
1431 400 1486 426 τῶν
1508 401 1643 428 Ἰουδαίων
1662 401 1764 436 δῆμος,
1787 403 1833 438 τὴν

1049 443 1096 468 τοῦ
1112 443 1251 470 Σαδὸάτου
1272 444 1353 479 τιμὴν
1377 445 1513 480 πρόφασίν
1533 455 1563 472 τε
1587 447 1634 474 καὶ
1655 448 1836 483 προκάλυμμα

1049 488 1097 514 τοῦ
1112 487 1210 522 φθόνου
1224 490 1331 525 καὶτῆς
1344 490 1474 526 πονηρίας
1492 491 1711 526 προϐαλλόμενος
1725 500 1732 506 ·
1746 493 1835 520 ἀκούει

1049 533 1078 560 δὲ
1092 534 1167 569 παρὰ
1182 533 1229 561 τοῦ
1244 535 1379 561 Δεσπότου
1394 535 1473 562 τοῦτο
1488 536 1538 571 μὲν
1558 537 1742 568 Δεσποτικῶς.
1759 538 1836 564 τοῦτο

1049 579 1078 606 δὲ
1090 579 1286 612 διδασκαλικῶς
1296 589 1325 607 τε
1334 581 1381 607 καὶ
1393 582 1570 617 σωτηριωόὦς
1583 590 1589 597 ’
1609 592 1618 608 ι
1633 583 1660 609 '0
1677 583 1770 619 Πατήρ
1787 593 1836 619 μου

1050 625 1102 656 ἕως
1124 626 1186 661 ἄρτι
1209 625 1367 660 ἐργάζεται,
1379 627 1457 661 κάγὼ
1474 628 1635 663 ἐργάζομαι.
1653 638 1663 654 ι
1680 628 1759 656 Ἀλλὰ
1775 630 1837 662 τοὺς

1052 671 1101 705 μὲν
1120 672 1284 707 ἀχαρίστους
1302 671 1450 704 Ἰουδαίους
1469 672 1518 708 τὴν
1534 674 1599 709 περὶ
1613 674 1644 700 τὸ
1664 675 1744 710 σῶμα
1758 675 1838 710 θερα-

1052 718 1132 744 πείαν
1147 718 1188 743 ὅτι
1203 718 1298 752 γέγονε
1317 719 1449 754 Σαὸὃάτῳ
1473 719 1649 755 διασύροντας
1671 720 1718 747 καὶ
1741 721 1838 756 δυσφη-

1052 763 1170 798 μοῦντας
1183 762 1269 795 οὕτως
1282 764 1296 789 ό
1311 765 1452 801 Δεσπότης
1476 763 1671 800 ἐπιστομίζων,
1683 766 1786 793 τούτων
1808 776 1838 793 τε

1051 809 1098 835 καὶ
1122 809 1175 836 τῶν
1198 810 1327 836 τοιούτων
1349 810 1438 846 ἔργων
1462 812 1532 846 μήτε
1546 811 1592 838 τὸν
1608 812 1718 847 Πατέρα
1731 812 1839 839 πεπαῦ-

1052 855 1124 887 σθαι,
1141 855 1208 890 μήτε
1223 856 1304 882 αὑτὸν
1319 856 1369 891 τῆς
1382 857 1512 892 ἐργασίας
1531 857 1624 893 λήγειν
1643 858 1748 893 τρανῶς
1765 859 1840 893 ἡμᾶς

1048 901 1211 934 ἁνεδίόαξεν.
1237 902 1303 929 Ἀπὸ
1313 902 1341 928 δὲ
1356 904 1405 938 τῆς
1417 903 1588 938 Δεσποτικῆς
1600 904 1763 938 ἀποφάσεως
1772 904 1840 930 tau"-

1046 956 1095 981 της
1114 949 1159 974 καὶ
1180 947 1197 974 ἂ
1213 948 1267 983 πρὸ
1286 948 1400 984 βραχέος
1415 948 1626 984 διευκρίνησενό
1644 949 1720 983 λόγος
1738 958 1840 983 σημαι-

1046 994 1147 1028 νόμενα
1161 994 1211 1029 τῆς
1225 995 1358 1030 ἐργασίας
1374 995 1486 1031 εὐχερές
1500 995 1558 1022 ἐστί
1577 1004 1617 1022 σοι
1633 996 1734 1028 λαϐεῖν,
1755 997 1842 1022 ποίων

1048 1039 1097 1074 μὲν
1113 1039 1202 1075 ἔργων
1223 1040 1394 1067 κατέπαυσεν
1412 1042 1425 1068 ό
1441 1043 1535 1078 Πατὴρ
1551 1043 1598 1068 καὶ
1615 1043 1628 1069 ὁ
1649 1042 1722 1074 Υἱὸς,
1737 1042 1800 1069 τινα
1813 1042 1841 1068 δὲ

1047 1085 1128 1121 μέχρι
1142 1085 1190 1112 τοῦ
1213 1087 1261 1113 νῦν
1285 1087 1315 1113 οὺ
1349 1087 1468 1114 παύεται
1496 1088 1697 1123 ἐργαζόμενος·
1712 1089 1759 1114 καὶ
1785 1088 1843 1123 γὰρ

1045 1132 1222 1167 δημιουργῶν
1235 1133 1285 1168 μὲν
1295 1133 1344 1164 τὰς
1359 1134 1455 1168 φύσεις
1468 1134 1551 1161 πάλαι
1564 1134 1749 1166 κατέπαυσεν,
1763 1134 1842 1161 ἀδιά-

1046 1177 1134 1212 φθορα
1150 1177 1178 1204 δὲ
1199 1177 1436 1213 δημιουργηθέντα
1467 1178 1626 1213 συντηρῶν,
1648 1177 1778 1209 ὡσαύτως
1813 1178 1843 1203 δὲ

1047 1223 1094 1249 καὶ
1106 1223 1354 1258 ὰπαραχαράκτους
1368 1224 1415 1249 καὶ
1425 1223 1636 1258 ἀκιϐδηλεύτους
1647 1223 1695 1254 τὰς
1708 1222 1842 1258 ὀλότητας

1048 1269 1102 1295 τῶν
1121 1269 1307 1296 οὺσιωθέντων
1323 1269 1367 1296 διὰ
1386 1269 1437 1304 τῆς
1453 1269 1536 1296 αὑτοῦ
1554 1268 1674 1305 συνέχων
1698 1269 1841 1305 προνοίας,

1047 1315 1095 1341 καὶ
1110 1315 1158 1350 τὴν
1170 1315 1326 1342 ὲντεθεῖσαν
1341 1316 1467 1348 εὐταξίαν
1479 1324 1509 1342 τε
1520 1315 1568 1342 καὶ
1577 1315 1622 1342 τὸν
1633 1315 1738 1351 εἱρμὸν,
1751 1315 1841 1341 ἀναλς

1047 1361 1146 1387 λοίωτα
1179 1362 1330 1397 συντηρῶν,
1360 1362 1478 1397 οὐδαμοῦ
1510 1363 1633 1396 φαίνεται
1663 1363 1843 1396 πεπαυμένος

1047 1406 1109 1433 οὔτε
1122 1408 1136 1433 ὁ
1153 1407 1247 1443 Πατὴρ
1264 1407 1326 1434 οὕτε
1346 1409 1359 1435 ὁ
1378 1408 1454 1441 Υἱὸς,
1470 1409 1500 1435 οὐ
1517 1408 1569 1444 μὴν
1583 1408 1640 1435 ἀλλ’
1653 1408 1713 1435 οὐδὲ
1726 1407 1844 1443 Πνεῦμα

1047 1455 1078 1480 τὸ
1090 1455 1166 1488 ἅγιον
1179 1463 1185 1470 ·
1200 1455 1250 1489 τῆς
1268 1454 1321 1490 γὰρ
1339 1454 1503 1490 ὺπερουσίου
1521 1455 1569 1481 καὶ
1584 1455 1843 1490 παντοκρατορικῆς

1048 1501 1096 1528 καὶ
1107 1500 1309 1536 δημιουργικῆς
1323 1501 1376 1527 τῶν
1391 1501 1460 1527 ὅλων
1470 1501 1564 1533 οὐσίας
1577 1500 1626 1535 μία
1640 1509 1670 1527 τε
1685 1502 1731 1527 καὶ
1744 1501 1761 1535 ἡ
1770 1501 1845 1535 αὐτὴ

212 1547 340 1582 βούλησις
349 1548 396 1574 καί⁸
406 1547 520 1583 δύναμις
532 1547 580 1574 καὶ
594 1547 720 1581 ἐνέργεια
734 1554 740 1561 ’
757 1546 836 1581 δῆλον
849 1546 878 1572 δὲ
893 1546 931 1578 ὡς
940 1547 1002 1573 κατ’
1022 1547 1111 1573 ὲκεῐνο
1125 1545 1223 1580 καιροῦ
1253 1545 1314 1572 καο’
1327 1546 1341 1572 ὃ
1367 1546 1416 1577 τὰς
1437 1545 1602 1582 θεοσημείας
1616 1547 1630 1573 ό
1645 1547 1741 1582 Σωτὴρ
1761 1546 1846 1582 ήμῶν

212 1592 345 1625 ἐπετέλει,
361 1592 518 1628 είργάζεται
534 1591 583 1627 μὲν
597 1592 610 1618 ὸ
625 1591 697 1623 Υἱὸς,
706 1590 887 1626 συνεργάζετο
900 1591 927 1617 δὲ
940 1591 1015 1626 αὐτῷ
1028 1590 1122 1625 Πατὴρ
1141 1591 1190 1618 καὶ
1205 1591 1234 1616 τὸ
1247 1591 1323 1624 ἅγιον
1337 1591 1458 1626 Πνεῦμα.

492 1646 658 1679 QUASSTIO
675 1646 719 1672 Ill.
1015 1640 1038 1670 C

213 1695 266 1721 Cur
288 1703 350 1721 usus
372 1699 409 1721 est
432 1694 488 1720 luto
507 1693 645 1724 Dominus,
670 1701 721 1718 mm
743 1696 831 1718 autem
844 1691 898 1718 alio
910 1692 998 1724 modo,

426 1734 453 1755 ut
471 1728 560 1754 oculos
580 1728 644 1754 ε(εεὶ
661 1728 787 1754 curaret?

1339 1648 1506 1674 ΕΡΩΤΗΣΙΣ
1518 1649 1556 1676 Γ’.

1054 1692 1108 1730 Aut
1121 1693 1149 1719 τί
1160 1693 1353 1730 χρησάμενος
1369 1694 1456 1727 πηλῷ
1472 1696 1488 1721 ὀ
1516 1695 1681 1730 Δεσπότης,
1697 1694 1778 1722 ἀλλὰ
1798 1695 1847 1730 μὴ

1089 1727 1172 1789 (ille:
1193 1729 1302 1768 τρόπῳ,
1328 1729 1399 1761 τοὺς
1430 1729 1604 1764 ὀφθαλμοὺς
1625 1730 1768 1762 ὲξιιίσατο
1787 1727 1848 1758 ἰοῦ

1089 1771 1156 1790 ww.
1171 1771 1227 1794 av;

625 1815 697 1840 Edita
712 1821 725 1839 a
736 1815 808 1846 Maio,
819 1815 836 1840 i.
847 1822 868 1839 c.
881 1822 906 1846 p.
917 1817 940 1839 5.
953 1817 989 1841 De
1001 1818 1130 1843 sanatione
1141 1819 1198 1844 caeci
1212 1821 1271 1844 nati.
1288 1820 1359 1844 Joan.
1372 1826 1405 1850 Ix,
1416 1819 1439 1844 6.

247 1873 318 1900 Luto
328 1879 396 1899 usus
407 1876 448 1898 est
459 1870 585 1903 Creator,
601 1879 663 1898 cum
681 1878 754 1898 casco
775 1871 916 1899 innovavit
935 1878 1001 1899 ncu-

213 1921 265 1953 los,
283 1924 313 1946 ut
329 1917 519 1946 dubitantibus
529 1918 666 1952 quomodo
678 1917 711 1945 de
721 1921 793 1945 terra
803 1918 908 1953 primus
919 1918 1000 1945 homo

211 1966 346 1993 formatus
360 1963 453 1997 fuerit,
477 1971 510 1991 eo
537 1963 610 1998 quod
628 1964 709 1999 hujus
730 1964 851 1991 creation
862 1964 885 1992 is
907 1964 999 1992 nullus

211 2013 305 2039 aderat
318 2011 456 2045 inspector
470 2015 497 2037 et
514 2010 603 2042 testis,
627 2014 743 2037 mentem
755 2010 787 2037 ad
810 2010 925 2037 solidam
945 2011 999 2037 eri-

212 2063 288 2093 geret
303 2057 394 2084 ﬁdem.
430 2056 497 2083 Illud
519 2056 592 2083 enim
616 2055 688 2083 circa
700 2056 892 2091 dignissimum
908 2056 999 2083 homi-

212 2104 257 2130 nis
281 2102 469 2130 membrorum
493 2101 633 2137 opilicium
656 2101 744 2130 oculis
760 2101 883 2128 omnium
896 2108 998 2136 propo-

212 2150 306 2182 situm,
313 2153 344 2176 ut
352 2153 379 2176 et
387 2150 418 2176 de
425 2149 531 2176 caeteris
542 2148 665 2184 corporis
673 2149 806 2184 partibus,
818 2148 917 2183 quibus
924 2147 999 2174 enin-

213 2195 308 2230 gendis
321 2195 412 2222 nullus
441 2194 535 2222 aderat
556 2194 664 2228 oculus,
686 2202 766 2222 nemo
782 2195 899 2222 incertas
909 2192 999 2221 difﬁn-

212 2241 277 2268 dere
290 2239 440 2268 sententias
459 2239 573 2272 dubitet,
598 2239 712 2267 multam
726 2239 780 2266 vim
799 2243 827 2266 et
843 2239 998 2266 [ﬁrmitatem

213 2286 324 2321 praebet.
351 2285 402 2313 Ubi
429 2286 503 2313 enim
531 2285 604 2313 videt
633 2285 700 2312 illud
719 2285 793 2320 quod
815 2285 843 2312 in
861 2284 940 2311 uobis
958 2288 1000 2311 est

213 2333 344 2368 optimum
371 2338 399 2360 et
429 2332 621 2368 dignissimum
646 2339 725 2360 suam
742 2331 951 2367 plasmationem
973 2335 1002 2358 et

213 2380 394 2408 substantiam
423 2387 455 2407 ex
483 2380 538 2407 luto
553 2379 712 2412 deduxisse,
740 2377 876 2413 quomodo
888 2385 944 2405 non
960 2377 1001 2404 in-
1018 2390 1039 2417 ι)

213 2434 349 2454 ροικιιιεεο
378 2429 540 2461 argumento
564 2429 594 2451 et
616 2429 713 2451 εωιοῖιι
739 2431 841 2459 organa
860 2431 893 2450 ex
906 2423 1000 2450 eadem

215 2472 328 2499 materia
341 2479 373 2499 ac
392 2470 514 2507 potentia
534 2469 604 2497 facta
617 2477 679 2498 esse
695 2469 886 2497 conﬁtebitur?
913 2468 1001 2496 Caete-

215 2525 275 2543 rum
295 2522 326 2544 ut
347 2517 449 2544 clarius
467 2516 558 2544 discas
573 2517 600 2544 in
615 2517 742 2545 omnibus
754 2517 788 2545 iis
807 2517 906 2551 quibus
924 2517 1002 2543 Pater

215 2568 244 2589 ut
261 2562 345 2589 Deum
363 2569 393 2589 se
407 2565 501 2589 notum
523 2561 597 2595 facit,
621 2562 742 2597 potentia
767 2569 863 2596 nempe
874 2566 901 2588 et
915 2562 998 2596 gloria

192 2621 195 2623 -
215 2607 405 2635 etsubstnntia
419 2612 446 2634 et
460 2607 659 2640 dominatione,
686 2608 713 2635 in
739 2609 773 2636 iis
796 2608 877 2635 etiam
899 2606 998 2634 Filium

215 2653 398 2687 aequalitatem
421 2658 516 2682 tenere
540 2659 567 2682 et
583 2654 841 2687 immutabiliiatem,
869 2654 955 2680 lutum
976 2657 1002 2679 et

215 2707 270 2726 non
298 2698 378 2725 aliam
419 2700 561 2727 materiam
593 2701 665 2735 cepit
679 2705 708 2727 ut
722 2700 816 2728 oculos
833 2699 895 2726 caeci
915 2699 1002 2726 refor-

215 2748 319 2776 marel;
338 2745 567 2779 quemadmodum
587 2751 613 2774 et
622 2746 702 2774 Pater
719 2746 778 2780 ejus
792 2745 927 2773 olimcum
943 2745 1003 2778 ipso

216 2797 248 2816 ex
268 2789 327 2816 luto
340 2789 478 2818 hominem
495 2796 579 2819 creat.
606 2791 795 2820 Manifestatur
819 2797 908 2820 autem
921 2791 1002 2818 etiam

254 2869 287 2885 “'
303 2868 380 2898 Joan.
401 2879 427 2904 v,
444 2871 487 2897 Π.

1090 1874 1171 1909 Πηλῷ
1182 1875 1210 1901 δὲ
1227 1876 1398 1910 χρησάμενος
1411 1875 1425 1901 ό
1441 1875 1565 1910 [nam];
1577 1874 1732 1910 ὀφθαλμοὺς
1746 1875 1850 1902 ἔκαιν-

1052 1920 1187 1956 οὑργησεν
1212 1921 1251 1956 τῷ
1273 1921 1376 1956 τυφλῷ,
1396 1921 1439 1948 ἵνα
1457 1921 1512 1948 τῶν
1533 1921 1745 1957 διαπορούντων,
1784 1922 1850 1953 πῶς

1053 1967 1107 1993 ἀπὸ
1125 1968 1176 2002 γῆς
1187 1968 1201 1993 ό
1214 1967 1322 2002 πρῶτος
1337 1967 1481 2002 ἄνθρωπος
1505 1967 1640 2002 ἐπλάσθη,
1659 1968 1778 2003 ἐπείπερ
1794 1968 1851 2004 τῆς

1052 2012 1180 2047 τοιαύτης
1197 2013 1379 2048 δημιουργίας
1396 2013 1483 2043 οὐδεὶς
1507 2013 1629 2047 ἐπόπτης
1649 2013 1708 2039 οὐδὲ
1735 2014 1850 2048 μάρτυς

1052 2058 1181 2093 εἱστήκει,
1199 2059 1248 2093 τὴν
1276 2058 1390 2092 γνώμην
1409 2057 1449 2088 εἰς
1472 2056 1656 2091 ἁναμφίὸολον
1683 2058 1850 2094 συμϐιϐασῃ

1053 2103 1144 2129 πίστιν
1159 2111 1166 2118 ’
1181 2104 1198 2138 ἡ
1213 2103 1268 2138 γὰρ
1278 2104 1341 2138 περὶ
1351 2104 1382 2130 τὸ
1404 2102 1567 2138 τιμιώτατον
1579 2102 1633 2129 τῶν
1642 2103 1670 2128 ὲν
1681 2103 1719 2138 τῷ
1734 2103 1851 2139 σῶμα-τ.

1051 2148 1097 2174 τοῦ
1112 2149 1255 2184 ἀνθρώπου
1271 2149 1360 2184 μελῶν
1383 2149 1551 2185 δημιουργία
1570 2148 1618 2176 ὑπ’
1634 2149 1696 2183 ὕψιν
1713 2150 1851 2176 ἁπάντων

1052 2196 1215 2230 προτεθεῖσα
1235 2196 1282 2222 καὶ
1295 2195 1360 2231 περὶ
1376 2195 1468 2222 λοιποῦ
1479 2195 1615 2231 σώματος,
1629 2193 1651 2231 ᾧ
1662 2196 1852 2232 πλαττομένῳ

1052 2240 1164 2275 οὐδεμία
1177 2241 1237 2275 ὄψις
1251 2242 1407 2276 ἐφεστήκει,
1428 2242 1466 2278 μὴ
1477 2243 1635 2278 ἁμφιϐάλλῃ
1661 2242 1754 2277 μηδεὶς
1771 2244 1851 2269 ἀπο-

1055 2288 1188 2322 ρουμένας
1202 2287 1389 2323 διασχίζεσοαι
1403 2288 1525 2324 γνώμας,
1552 2289 1673 2324 μεγάλην
1696 2288 1774 2324 ἰσχὺν
1799 2290 1852 2316 καὶ

1055 2333 1201 2368 βεϐαίωσιν
1227 2334 1343 2369 παρέχει
1356 2343 1363 2349 ·
1378 2332 1418 2366 οἷς
1439 2335 1493 2369 γὰρ
1513 2335 1545 2361 ἄν
1559 2343 1600 2366 τις
1617 2335 1648 2360 τὸ
1673 2334 1788 2368 ἄριστόν
1817 2344 1851 2361 τε

1054 2378 1102 2405 καὶ
1126 2378 1291 2413 τιμιώτατον
1313 2379 1368 2406 τῶν
1383 2381 1412 2406 ὲν
1427 2380 1492 2415 ἡμῖν
1515 2380 1548 2406 ὲκ
1565 2379 1651 2415 πηλοῦ
1675 2380 1723 2413 τὴν
1742 2379 1852 2406 πλάσιν

1053 2425 1102 2451 καὶ
1126 2425 1275 2452 ὑπόστασιν
1302 2426 1351 2461 ὁρᾷ
1383 2426 1577 2461 προαχθεῖσαν,
1605 2425 1663 2457 πῶς
1687 2422 1764 2456 οὗτος
1795 2426 1852 2452 οὐκ

1053 2471 1244 2506 ἀναντιρρήτῳ
1257 2471 1379 2506 λογισμῷ
1398 2472 1446 2498 καὶ
1465 2472 1494 2498 τὺ
1511 2471 1602 2498 λοιπὸν
1620 2471 1735 2506 ὄργανον
1747 2470 1782 2496 ὲκ
1796 2472 1853 2506 τῆς

1052 2517 1138 2551 αὐτῆς
1154 2516 1220 2551 ὕλης
1240 2518 1287 2543 καὶ
1298 2517 1441 2553 δυνάμεως
1450 2517 1646 2553 ἀνομολογήσει
1657 2515 1831 2551 γεγενῆσθαι
1844 2526 1851 2550 ;

1052 2562 1140 2594 ἄλλως
1151 2571 1181 2588 τε
1198 2562 1225 2589 δὲ
1245 2563 1288 2590 ἵνα
1309 2564 1386 2590 τοῦτο
1400 2564 1506 2599 τρανῶς
1528 2564 1672 2599 ἀναμάθῃς
1686 2563 1728 2589 ὃτι
1746 2571 1805 2598 περ
1822 2564 1854 2589 ὲν

1054 2608 1136 2634 πᾶσιν
1151 2605 1190 2639 οἷς
1205 2609 1220 2634 ὁ
1235 2609 1331 2645 Πατὴρ
1347 2610 1377 2636 τὸ
1396 2610 1462 2641 Θεὸς
1478 2608 1548 2636 εἶναι
1563 2609 1737 2645 γνωρίζεται,
1758 2608 1853 2636 δυνά-

1055 2661 1099 2686 μει
1109 2653 1181 2688 λέγω
1193 2655 1241 2681 καὶ
1251 2654 1315 2691 δόξῃ
1326 2655 1374 2681 καὶ
1385 2656 1464 2690 οὐσίᾳ
1476 2657 1522 2682 καὶ
1533 2656 1685 2691 κυριότητι,
1697 2655 1725 2681 ὲν
1735 2655 1854 2686 τοὺτοις

1030 2718 1036 2723 .
1053 2699 1100 2724 καὶ
1114 2699 1128 2724 ό
1141 2699 1204 2731 Υίὺς
1219 2700 1248 2726 τὸ
1266 2700 1322 2726 ἴσον
1335 2700 1407 2735 ἔχειν
1431 2701 1670 2736 καταλαμϐάνεται
1691 2700 1739 2726 καὶ
1755 2699 1856 2736 inap-

1055 2744 1204 2777 άλλακτον,
1221 2746 1306 2782 πηλὸν
1323 2747 1370 2774 καὶ
1397 2747 1447 2774 οὐκ
1473 2746 1556 2782 ἄλλην
1579 2746 1646 2782 ὓλην
1673 2745 1762 2772 λαϐὼν
1783 2746 1857 2776 τοὺς

1056 2790 1213 2827 ὀφθαλμοὺς
1238 2792 1403 2821 ἀναπλάττει
1435 2792 1482 2819 τοῦ
1508 2793 1609 2828 τυφλοῦ
1624 2800 1630 2807 ”
1651 2792 1745 2828 ὥσπερ
1770 2791 1826 2818 καὶ
1841 2792 1858 2818 ὁ
