1881 3077
203 127 254 160 103

782 124 914 155 ΡΗΟΤΙΙ
932 124 1184 156 ΡΛΤΒΙΑΒΟΗᾹΞ
1198 128 1252 158 CP.

1780 133 1825 165 10L

201 183 274 210 dicat
290 190 297 208 :
316 181 463 216 Oportebat
481 180 550 208 diris
574 188 672 208 vovere
695 179 846 208 hominem.
870 179 899 206 Si
919 187 943 206 el

1082 190 1104 206 ιν
1117 182 1186 215 ἀλλ’,
1205 183 1305 221 Ἐχρῆν
1321 185 1372 213 ὑπὸ
1385 188 1506 223 κατάραν
1521 188 1657 216 ποιεῖσθαι
1671 188 1715 216 τὸν
1726 189 1824 224 ἄνθρω-

202 228 323 260 .ιΙίιιιιιΙο,
337 235 425 263 neque
438 235 471 255 ex
485 232 577 254 nostra
592 232 619 254 et
634 227 719 254 libera
737 227 876 254 voluntate
888 233 990 260 expan-

202 276 304 302 duntur
314 273 455 305 scandala,
469 274 566 300 merito
582 280 672 301 sermo
681 273 725 300 ille
738 273 804 307 petit
817 280 852 300 ne
863 273 926 308 quis
941 273 991 299 ho-

203 328 246 348 mo
261 320 507 355 imprecationibus
521 320 703 354 subjiciatur;
728 319 750 346 si
767 324 859 347 autem
876 319 990 354 projicio

202 366 259 400 ipse
274 365 468 393 scandalorum
488 364 592 391 semina
605 384 613 396 ,
635 367 780 398 postquam
798 368 888 390 autem
905 362 989 389 semi-

201 417 263 438 nata
280 415 355 443 sunt,
373 417 485 437 necesse
496 414 539 437 est
555 414 584 436 ut
601 410 726 437 colantur
741 414 768 436 et
779 409 872 444 spinas
889 408 988 441 ferant,

200 464 251 492 ego
275 456 322 490 qui
341 455 408 483 mihi
425 455 482 490 ipse
498 462 605 489 poenam
625 463 672 490 per
686 454 878 482 scandalorum
897 454 990 488 spinas

199 501 354 534 conciliavi,
369 501 432 536 jure
448 509 490 528 me
507 505 533 528 et
547 501 734 536 imprecationi
752 505 779 528 et
795 508 882 536 poena:
896 500 989 535 subje-

199 553 274 575 ctum
289 547 376 574 efﬁcio
391 555 398 574 :
416 554 470 574 non
485 547 650 582 judicareris
666 551 756 574 autem
773 546 872 582 dignus
884 546 930 581 qui
947 554 990 572 ve-

200 594 273 621 niam
286 599 332 621 aut
341 593 559 621 benevolentiam
571 593 712 628 ullopacto
724 592 989 628 implorares.Porro

199 640 244 666 illa
260 639 388 667 scandala
402 645 466 667 sunt
477 647 648 675 quaecunque
668 638 861 674 impedimenta
876 646 989 665 moran-

200 691 244 713 tur
255 685 327 712 viam
339 685 368 712 in
379 690 510 713 aeternam
526 685 610 712 vitam
624 685 782 713 ducentem.
796 685 926 718 Quaenam
941 693 989 713 au-

200 736 253 759 tem
269 735 334 759 sunt
345 731 356 758 ?
369 730 554 763 Adulterium,
571 731 701 763 ebrietas,
714 730 829 762 furtum,
850 731 988 758 calumnia

202 783 229 804 et
241 778 269 804 in
288 777 385 812 primis
398 776 577 804 homicidium
592 782 619 804 et
630 776 755 808 avaritia,
769 781 796 803 et
818 784 988 812 quaecunque

199 824 251 851 alia
269 831 302 850 ex
318 823 352 851 iis
370 823 441 850 mala
453 823 597 854 oriuntur;
625 831 686 857 quae
707 823 827 850 humana
853 831 929 850 mens
955 823 988 850 ad

200 870 346 905 imaginem
364 869 411 897 Dei
429 869 514 902 facta,
529 869 686 897 indolentia:
702 875 729 897 et
753 870 874 897 mollitia:
888 869 987 903 dedita,

199 921 229 943 ut
245 917 272 943 in
289 915 421 943 mundum
444 915 556 942 veniant
570 915 652 949 facit;
671 920 698 943 et
723 923 785 943 cum
808 920 901 943 creata
916 922 990 943 esset

199 969 229 990 ιιι
241 967 402 998 operaretur
411 963 536 994 virtutes,
553 962 727 997 semctipsam
737 962 825 989 etfecit
836 962 988 997 operariam

198 1009 385 1044 iuiquitatum.
407 1007 494 1034 Simul
514 1013 604 1035 autem
624 1012 705 1042 atque
729 1015 761 1035 ex
789 1008 868 1035 nobis
885 1013 988 1035 motum

198 1061 225 1084 et
238 1055 438 1082 incrementum
449 1055 605 1083 istiusmodi
625 1055 788 1090 cupiditates
800 1058 942 1089 ceperunt,
955 1063 988 1082 ex

199 1101 364 1128 necessitate
380 1101 479 1128 deinde
492 1102 519 1128 in
531 1104 625 1128 nostra
638 1101 692 1127 vita
704 1104 846 1127 versantur
859 1104 886 1127 et
895 1105 987 1136 agunt.

199 1148 226 1175 Si
242 1148 315 1176 enim
329 1149 461 1184 antiquus
481 1149 567 1177 nostri
584 1150 692 1184 generis
707 1149 794 1177 hostis
821 1149 935 1184 impellit
963 1152 990 1176 et

197 1196 298 1223 excitat
326 1195 360 1222 ad
392 1196 484 1230 pejora
516 1200 636 1224 nostram
669 1201 817 1228 naturam,
848 1202 988 1230 nunquam

199 1246 289 1268 t:unen
304 1240 412 1268 videtur
424 1241 503 1268 nobis
517 1241 611 1269 invitis
623 1249 712 1276 neque
729 1241 822 1276 pejora
838 1240 928 1268 facere
940 1248 989 1268 cu-

196 1286 336 1315 pientibus
356 1286 506 1320 imperare;
523 1286 587 1313 dum
607 1291 699 1313 autem
725 1286 857 1321 quasdam
885 1286 990 1313 excita-

196 1333 287 1360 tiunes
304 1336 331 1360 et
344 1332 423 1367 quasi
440 1332 537 1360 solatia
557 1332 682 1359 alicunde
693 1337 895 1366 exspectamus,
910 1331 959 1366 ipsi
973 1339 988 1358 a

198 1378 269 1404 virili
285 1382 312 1405 et
326 1385 460 1413 generoso
480 1378 589 1406 virtutis
602 1386 685 1406 sensu
701 1378 882 1417 declinantes,
898 1378 988 1405 locum

197 1429 315 1458 orcupat
329 1425 430 1452 diaboli
446 1425 603 1459 consilium,
621 1430 647 1452 et
658 1426 687 1452 tit
704 1425 852 1452 auxiliator
867 1425 987 1460 quidem,

197 1471 246 1497 sed
268 1478 321 1497 non
348 1470 454 1504 primus
474 1477 557 1498 casus
571 1470 659 1497 nostri
673 1474 777 1497 auctor.
794 1469 872 1497 Patet
886 1475 987 1501 autem,

198 1516 428 1551 quemadmodum
443 1516 525 1543 vitam
541 1516 642 1543 bonam
657 1517 774 1551 perdunt
788 1523 820 1544 ac
843 1517 935 1544 destru

679 1517 774 1564 θταυιιέ
788 1523 820 1544 ac
843 1517 988 1564 ἐθείτυυιιι
1003 1525 1024 1554 C
1041 1529 1093 1556 ποῦ
1112 1538 1141 1556 τε
1157 1516 1206 1556 καὶ
1224 1516 1351 1563 γενναίου
1371 1528 1421 1564 τῆς

198 1562 353 1589 istiusmodi
375 1562 505 1589 scandala
532 1568 560 1589 et
576 1563 748 1598 cupiditates,
764 1563 801 1590 ita
816 1562 898 1590 etiam
911 1563 947 1590 ita
961 1569 988 1590 et

197 1610 258 1645 pios
272 1617 414 1637 sermones
427 1609 557 1637 invadere
570 1614 597 1637 et
610 1614 717 1637 vastare
740 1609 868 1637 lmretiea
892 1614 919 1637 et
933 1610 988 1637 dis-

198 1664 265 1684 sona
279 1656 427 1692 impiorum
445 1656 572 1691 dogmata
595 1660 622 1683 et
646 1657 762 1692 cogitata
780 1666 786 1684 :
804 1657 851 1692 qui
876 1665 937 1684 cum
955 1657 989 1683 ab

198 1703 277 1730 initio
289 1702 381 1738 pravis
399 1702 458 1730 suis
480 1702 694 1738 cogitationibus
713 1710 744 1730 ea
764 1703 937 1738 collegissent
962 1707 989 1730 et

199 1750 226 1777 in
237 1750 326 1777 lucem
341 1749 508 1782 edidissent;
525 1757 579 1777 non
595 1749 755 1777 necessitate
769 1751 815 1778 sed
834 1750 989 1777 voluntario

199 1797 316 1824 consilio
331 1801 358 1823 ct
371 1796 518 1829 sententia,
531 1797 717 1830 proximorum
730 1804 810 1824 aures
819 1796 988 1832 blasphemia

198 1843 380 1878 impleverunt
393 1863 400 1876 ,
415 1846 443 1870 et
457 1842 582 1870 fecerunt
597 1847 627 1870 ut
641 1850 689 1878 per
703 1851 733 1870 se
750 1848 777 1871 et
790 1851 838 1871 eos
860 1843 906 1878 qui
922 1843 988 1878 ipsis

197 1891 383 1923 crediderunt,
408 1898 441 1918 ex
467 1890 631 1918 necessitate
653 1891 781 1918 scandala
806 1890 832 1917 in
855 1891 987 1918 mundum

197 1938 343 1970 venirent;
360 1937 460 1971 quibus
476 1942 503 1964 et
517 1936 584 1963 illud
602 1945 657 1969 vae,
687 1937 844 1973 incorrupta
865 1937 987 1972 judiciali

197 1985 345 2017 sententia,
357 1984 481 2011 divinum
498 1983 638 2011 decretum
655 1984 682 2011 in
698 1991 746 2012 cos
759 1984 879 2012 immittit
895 1985 941 2020 qui
959 1991 988 2011 se

197 2031 322 2066 indignos
332 2031 454 2066 qualibet
466 2031 654 2058 misericordia
667 2031 861 2066 praestiterunt,
878 2037 908 2059 ut
918 2036 945 2059 et
959 2031 987 2058 in

197 2077 251 2104 alio
270 2077 330 2104 loco
347 2077 425 2109 dicit,
453 2077 545 2104 talium
575 2077 709 2105 interesse
734 2082 766 2112 ut
782 2078 854 2104 mola
868 2078 988 2105 asinaria

197 2132 294 2153 eorum
326 2124 404 2152 collis
435 2124 561 2160 alligetur
588 2128 616 2152 et
642 2124 668 2151 in
697 2131 771 2151 mare
797 2124 986 2159 projiciantur.

199 2171 295 2199 Sol-sta
312 2173 394 2207 igitur
410 2176 453 2199 est
467 2170 612 2199 diﬂicultas
626 2178 659 2199 ex
676 2170 710 2198 iis
727 2171 826 2206 quibus
842 2171 986 2198 videbatur

197 2217 372 2253 potissimum
391 2218 526 2246 roborari.
538 2216 632 2253 Neque
649 2218 677 2244 in
699 2217 775 2244 illum
790 2216 917 2252 dirigitur
932 2217 985 2244 im-

196 2265 330 2300 precatio,
347 2264 394 2299 qui
418 2264 473 2292 vim
489 2264 599 2299 patitur,
617 2264 665 2292 sed
678 2264 706 2291 in
721 2272 782 2292 eum
798 2264 843 2299 qui
858 2265 986 2292 scandala

196 2310 312 2339 seminat
324 2314 351 2338 et
367 2318 415 2346 per
439 2318 520 2345 quem
537 2310 688 2344 prodeunt;
707 2310 789 2337 simul
812 2317 844 2337 ac
858 2311 988 2338 scandala

195 2357 322 2392 projecit,
342 2364 376 2384 ex
388 2357 553 2384 necessitate
565 2356 663 2384 deinde
676 2356 704 2383 in
719 2356 822 2384 mundo
844 2362 988 2384 versantur

194 2409 222 2431 et
236 2408 332 2439 agunt.

1005 852 1025 878 B

1000 2200 1023 2228 Ι)

1041 236 1110 255 πον·
1127 230 1216 265 εἰμὲν
1236 231 1290 266 γὰρ
1316 232 1427 260 ἄλλοθέν
1453 233 1535 260 ποθεν
1562 235 1608 261 καὶ
1633 234 1683 261 οὐκ
1706 234 1760 261 ἀπὸ
1779 235 1826 270 τῆς

1041 276 1179 312 ἡμετέρας
1188 277 1236 303 καὶ
1244 278 1441 306 αὑτοδεσπότου
1449 279 1562 314 γνώμης
1569 279 1688 315 ἠπλοῦτο
1702 281 1735 307 τὰ
1748 281 1826 308 σκάν-

1040 321 1242 354 δαλα,εῑκότως
1254 331 1284 349 τε
1303 323 1336 350 ἇν
1356 324 1457 358 ὀλόγος
1472 325 1573 361 ἀπῄτει
1603 326 1669 361 μηδὲ
1692 327 1772 361 ἀραῖς
1790 335 1828 353 τι-

1041 376 1074 394 να
1087 368 1142 394 τῶν
1155 368 1307 404 ἀνθρώπων
1333 370 1549 398 ὑποϐάλλεσθαι·
1567 372 1592 398 εἰ
1616 372 1644 398 δὲ
1668 372 1826 400 καταϐάλλω

1043 413 1092 448 μὲν
1111 413 1167 447 ὲγὼ
1183 414 1236 440 τῶν
1255 414 1412 441 σκανδάλων
1429 417 1463 443 τὰ
1481 417 1637 452 σπέρματα,
1653 418 1713 444 ἐπεὶ
1721 418 1749 445 δὲ
1761 427 1827 444 κατ-

1041 458 1157 500 εϐλήοηι
1173 459 1281 495 ἀνάγκη
1298 461 1344 487 καὶ
1369 463 1563 498 γεωργηθῆναι
1585 463 1631 489 καὶ
1655 465 1828 499 καρποφορῆ-

1043 512 1088 530 σαι
1108 504 1158 539 τὴν
1182 504 1314 534 ἄκανθαν.
1334 507 1347 533 ὁ
1374 507 1544 542 προξενήσας
1568 508 1680 543 ἐμαυτῷ
1703 509 1747 535 διὰ
1775 509 1828 534 τῶν

1042 550 1198 578 σκανδάλων
1212 551 1262 586 τῆς
1282 551 1403 587 ἀκάνθης
1420 553 1450 579 τὸ
1470 553 1619 588 ἐπιτίμιον,
1645 554 1758 585 εἰκότως
1783 555 1829 580 καὶ

1039 597 1089 632 τῆς
1105 598 1175 633 ἀρᾶς
1190 598 1238 625 καὶ
1256 599 1304 634 τῆς
1317 599 1394 634 δίκης
1409 600 1527 634 ἐμαυτὸν
1542 601 1697 636 παρίστημι
1718 601 1808 636 ἔνοχον
1821 610 1827 616 ·

1040 642 1099 668 ἀλλ’
1111 644 1142 670 οὐ
1161 645 1330 681 συγγνώμην
1341 646 1422 673 ποθὲν
1443 647 1580 679 ἀπαιτεῖν,
1601 647 1662 673 οὐδὲ
1680 647 1830 682 φιλανθρω-

1040 689 1106 721 πίας
1119 690 1253 725 οὐμενοῦν
1267 691 1387 726 οὐδαμοῦ
1401 692 1525 728 κριθείης
1547 691 1638 724 ἄξιοςσ
1656 692 1793 719 σκάνδαλα
1807 693 1830 718 δ’

1040 735 1072 762 ἂν
1087 737 1181 764 ἐκεῖνα
1203 738 1246 772 εἴη
1263 739 1313 765 ὅσα
1339 739 1488 774 κωλύματα
1508 739 1613 774 γίνεται
1631 739 1679 774 τῆς
1694 740 1762 775 πρὺς
1781 740 1830 774 τὴν

1040 783 1113 819 ζωὴν
1132 784 1254 820 ἀγούσης
1269 785 1329 812 ὀδοῦ
1344 786 1393 821 τὴν
1406 786 1531 812 αἰώνιον*
1548 787 1609 813 τίνα
1621 787 1644 813 δ’
1655 786 1712 813 ἔστι
1722 786 1808 813 ταῦτα
1822 795 1829 819 ;

1040 830 1166 865 πορνεία,
1185 831 1266 866 μέθη,
1289 831 1390 867 κλοπὴ,
1407 831 1568 864 καταλαλιά,
1583 831 1631 858 καὶ
1659 832 1713 867 πρὸ
1727 833 1832 858 τούτων

1040 876 1121 910 φόνος
1139 876 1186 902 καὶ
1198 877 1366 912 φιλαργυρία
1385 878 1432 904 καὶ
1456 878 1506 904 ὅσα
1523 877 1591 904 ἄλλα
1614 878 1686 904 κακά
1707 877 1751 904 διὰ
1768 877 1833 904 τού-

1039 931 1093 950 των
1106 930 1114 938 '
1132 922 1203 959 ἅπερ
1218 924 1232 950 ό
1247 923 1419 959 ἀνθρώπινος
1448 925 1509 951 κατ’
1525 925 1618 952 εἰκόνα
1634 923 1703 951 Θεοῦ
1725 924 1833 950 πεπλα-

1040 969 1140 1004 σμένος
1156 970 1218 1001 νοῦς
1239 971 1361 1006 ῥᾳθυμίᾳ
1381 971 1427 997 καὶ
1448 970 1575 1008 ῥαστώνῃ
1596 970 1745 1006 παρασχὼν
1768 971 1834 997 ἑαυ-

1039 1016 1085 1042 τὸν
1101 1016 1142 1048 εἰς
1154 1016 1201 1044 τὸν
1223 1017 1327 1052 κόσμον
1356 1017 1445 1044 ἐλθεῖν
1472 1018 1697 1053 παρασκευάζει·
1715 1017 1761 1044 καὶ
1777 1017 1834 1044 τῶν

1038 1061 1145 1097 ἀρετῶν
1165 1063 1284 1098 ἐργάτης
1309 1063 1440 1094 πλασθεὶς
1471 1064 1594 1099 γεωργὸν
1620 1063 1715 1090 ἑαυτὸν
1747 1072 1836 1090 κατα-

1040 1107 1171 1140 σκευάζει
1185 1108 1239 1135 τῶν
1251 1108 1361 1143 φαύλων
1374 1119 1381 1125 ·
1398 1109 1484 1145 ῥοπὴν
1498 1109 1527 1136 δὲ
1547 1109 1619 1142 ams
1638 1109 1668 1142 ἐξ
1688 1109 1766 1145 ἡμῶν
1786 1110 1836 1136 καὶ

1040 1154 1159 1190 βλάστην
1179 1155 1214 1182 τὰ
1235 1155 1350 1182 τοιαῦτα.
1373 1156 1427 1182 τῶν
1460 1155 1629 1191 παθημάτων
1659 1157 1787 1190 λαϐόντα,
1806 1157 1837 1189 ἐξ

1039 1200 1165 1234 ἀνάγκης
1180 1201 1210 1227 τὺ
1230 1200 1323 1228 λοιπὸν
1342 1201 1520 1237 ἐπιχωριάζει
1535 1211 1564 1228 τε
1579 1203 1627 1229 καὶ
1641 1203 1836 1238 παρρησιάζε-

1040 1254 1085 1272 ται
1102 1245 1141 1282 τῷ
1160 1246 1288 1282 ἡμετέρῳ
1306 1247 1367 1282 βίῳ.
1382 1248 1414 1274 Εἰ
1431 1248 1486 1283 γὰρ
1506 1249 1553 1274 καὶ
1567 1250 1581 1275 ό
1597 1249 1710 1284 ἀρχαῖος
1721 1249 1769 1275 τοῦ
1785 1249 1837 1283 γέ-

1040 1301 1103 1325 νους
1121 1294 1201 1329 ἡμῶν
1218 1294 1317 1329 ἐχθρὸς
1333 1295 1458 1322 ἀνακινεῖ
1479 1303 1510 1322 τε
1534 1295 1582 1322 καὶ
1601 1295 1737 1331 ἀνεγείρει
1763 1296 1836 1330 πρὸς

1039 1340 1074 1367 τὰ
1089 1340 1202 1376 χείρονα
1214 1341 1264 1376 τὴν
1281 1341 1372 1376 φύσιν,
1401 1341 1458 1368 ἀλλ’
1471 1341 1589 1376 οὐδαμοῦ
1614 1342 1738 1377 φαίνεται
1760 1351 1838 1377 κρα-

1039 1387 1092 1414 τῶν
1104 1387 1182 1423 ἡμῶν
1196 1387 1234 1423 μὴ
1247 1387 1427 1423 πειθομένων,
1445 1388 1512 1423 μηδὲ
1527 1387 1561 1414 τὰ
1574 1388 1684 1423 χείρονα
1699 1388 1838 1423 πράττειν

1039 1434 1214 1470 ὡρμημένων
1225 1442 1232 1450 ·
1249 1434 1412 1469 ἐρεθισμοὺς
1425 1434 1454 1461 δέ
1468 1443 1544 1466 τινας
1563 1434 1610 1461 καὶ
1621 1433 1677 1461 οἷον
1689 1435 1838 1470 παρακλή-

1041 1491 1098 1513 σεις
1108 1482 1257 1517 ἀλλαχόθεν
1274 1481 1477 1517 ἀναμενόντων,
1503 1481 1582 1517 ἡμῶν
1595 1482 1623 1509 δὲ
1642 1481 1689 1508 τοῦ
1708 1483 1838 1518 ἀρρενω-

1446 1529 1548 1564 ἀρετῆς
1572 1528 1836 1560 ὑπολισθαινόντων,

1040 1574 1175 1610 λαμϐάνει
1193 1574 1285 1610 χώραν
1299 1576 1315 1610 ὴ
1329 1575 1376 1601 τοῦ
1393 1574 1513 1609 πονηροῦ
1533 1574 1683 1610 συμϐουλὴ,
1700 1575 1747 1601 καὶ
1759 1575 1838 1608 γίνε-

1039 1630 1086 1648 ται
1101 1621 1233 1657 συνεργὸς
1249 1621 1307 1648 ἀλλ’
1322 1622 1371 1648 οὐκ
1387 1621 1508 1656 ἀρχηγὸς
1528 1620 1576 1647 τοῦ
1595 1621 1838 1656 παραπτώματος.

1040 1667 1120 1703 δῆλον
1133 1668 1161 1694 δὲ
1176 1668 1218 1694 ὅτι
1235 1667 1362 1702 καθάπερ
1379 1667 1417 1703 τῷ
1432 1667 1491 1694 κατ’
1506 1667 1607 1703 ἀρετὴν
1619 1667 1669 1703 βίῳ
1682 1667 1838 1702 ὲπιλυμαί-

1040 1715 1114 1740 νεταί
1135 1722 1163 1740 τε
1182 1714 1230 1740 καὶ
1250 1714 1400 1749 ἀνατρέπει
1427 1714 1461 1740 τὰ
1484 1713 1598 1741 τοιαῦτα
1617 1714 1753 1741 σκάνδαλα
1787 1714 1838 1740 καλ

1040 1761 1126 1795 πάοη,
1149 1759 1221 1786 οὕτω
1244 1759 1276 1794 δὴ
1298 1759 1370 1786 οὕτω
1393 1760 1441 1787 καὶ
1461 1760 1499 1796 τῷ
1517 1761 1578 1786 κατ’
1592 1760 1733 1786 εὐσέϐειαν
1759 1759 1840 1794 λόγῳ

1039 1807 1203 1842 ἐπιπροσθεῖ
1219 1815 1249 1833 τε
1269 1807 1315 1834 καὶ
1329 1807 1567 1842 καταληῖζεταιτὰ
1578 1807 1703 1843 αἱρετικὰ
1717 1807 1766 1833 καὶ
1781 1816 1837 1833 πα-

1039 1854 1170 1890 λίμφημα
1181 1853 1446 1888 τῶνίδυσσεϐούντων
1456 1854 1580 1889 δόγματα
1590 1854 1638 1881 καὶ
1645 1854 1815 1890 φρονήματα
1831 1863 1839 1870 υ

1040 1901 1120 1936 οἵπερ
1133 1901 1164 1933 ἐξ
1175 1901 1263 1936 ἀρχῆς
1289 1902 1351 1932 ταῖς
1368 1901 1501 1936 πονηραῖς
1511 1900 1602 1927 αὐτῶν
1619 1901 1749 1931 διανοίαις
1770 1901 1838 1927 συλ-

1038 1947 1167 1980 λαϐόντες
1176 1948 1246 1975 αὐτὰ
1263 1949 1310 1975 καὶ
1327 1949 1506 1978 ἀποτεκόντες
1523 1948 1573 1974 οὐκ
1591 1948 1620 1980 ἐξ
1634 1948 1760 1982 ἀνάγκης
1771 1948 1840 1974 οὐδὲ

1039 1995 1094 2030 βίᾳ,
1115 1995 1286 2030 ἑκουσιότητι
1314 1994 1343 2021 δὲ
1367 1994 1466 2029 βουλῆς
1489 2002 1518 2019 τε
1542 1994 1588 2019 καὶ
1600 1993 1722 2028 γνώμης,
1736 1994 1792 2026 τὰς
1808 2002 1840 2020 τε

1038 2041 1092 2067 τῶν
1110 2040 1224 2075 πλησίον
1237 2040 1322 2071 ἀκοὰς
1346 2040 1395 2074 τῆς
1421 2038 1578 2074 δυσφημίας
1596 2038 1762 2074 ἐνέπλησαν,
1789 2041 1840 2066 καὶ

1038 2087 1068 2119 ἐξ
1080 2086 1204 2120 ἀνάγκης
1221 2086 1254 2112 δι’
1268 2085 1372 2112 ἑαυτῶν
1389 2093 1419 2111 τε
1444 2084 1491 2110 καὶ
1515 2084 1570 2110 τῶν
1599 2084 1840 2120 παραδεξαμένων

1038 2133 1078 2164 εἰς
1092 2133 1138 2159 τὸν
1157 2133 1260 2167 κόσμον
1274 2132 1361 2159 ἐλθεῖν
1374 2132 1409 2159 τὰ
1432 2132 1568 2159 σκάνδαλα
1598 2133 1820 2168 παρεσκεύασαν
1831 2144 1839 2150 ·

1038 2176 1079 2210 οἷς
1092 2179 1140 2205 καὶ
1159 2178 1189 2205 τὸ
1206 2179 1279 2211 οὐαὶ,
1294 2178 1436 2214 ἀδεκάστῳ
1449 2179 1539 2214 κρίσει
1551 2180 1568 2215 ἡ
1588 2179 1648 2206 θεία
1663 2179 1755 2216 ψῆφος
1785 2182 1839 2208 ἐπα

1042 2225 1157 2259 αφίησιν
1174 2224 1289 2255 ἑαυτοὺς
1304 2224 1430 2257 ἀναξίους
1441 2225 1662 2259 παρεσκευακόσι
1677 2225 1782 2258 παντὸς
1797 2228 1838 2253 οἰ-

1040 2270 1171 2306 κτιρμοῦ,
1183 2270 1221 2302 ὥς
1238 2278 1290 2297 που
1305 2270 1353 2296 καὶ
1365 2270 1495 2305 ἀλλαχόθι
1515 2271 1597 2305 φησὶν
1611 2271 1653 2297 ὃτι
1669 2273 1725 2304 τοῖς
1741 2274 1838 2300 τοιού-

1040 2325 1098 2348 τοις
1109 2315 1248 2351 συμφέρει
1265 2315 1309 2342 ἵνα
1323 2315 1408 2350 μύλος
1429 2315 1519 2347 ὀνικὸς
1536 2315 1600 2351 δεοῇ
1618 2316 1683 2351 περὶ
1705 2315 1750 2342 τὸν
1763 2319 1835 2352 τρά-

1040 2363 1123 2398 χηλον
1148 2362 1250 2394 αὐτῶν,
1276 2362 1323 2388 καὶ
1345 2361 1535 2397 άποῤῥιφῶσιν
1557 2362 1597 2394 εἰς
1611 2362 1660 2398 τὴν
1677 2362 1837 2392 θάλασσαν,

1041 2409 1159 2437 Δέλυται
1173 2408 1371 2443 τοίνυνάτιορία
1381 2408 1410 2440 ἐξ
1422 2405 1459 2435 ὧν
1467 2408 1554 2436 ἐδόκει
1562 2408 1745 2444 κρατύνεσθαι
1758 2418 1767 2425 ο
1784 2415 1835 2437 και

195 2453 245 2488 οὐχ
263 2453 277 2479 ό
291 2451 414 2487 βιασθεὶς
425 2453 483 2488 ἔχει
497 2452 546 2488 τὴν
560 2453 642 2489 ἀρὰν,
653 2453 712 2481 ἀλλ’
722 2455 801 2483 ὁτῶν
811 2459 968 2486 σκανδάλων
980 2458 1132 2494 προσολερς
1145 2457 1178 2484 δι’
1195 2455 1225 2484 οὗ
1246 2457 1350 2492 προέϐη
1365 2458 1399 2483 τὰ
1415 2457 1550 2485 σκάνδαλα
1559 2466 1566 2473 ·
1578 2458 1676 2486 τούτου
1687 2459 1740 2495 γὰρ
1760 2467 1835 2495 προ-

196 2499 374 2536 ϐαλλομένου,
394 2499 424 2532 ἐξ
450 2499 576 2535 ἀνάγκης
606 2500 700 2528 λοιπὸν
729 2503 858 2540 ἐπιδημεῖ
885 2513 915 2531 τε
942 2505 990 2532 καὶ
1009 2503 1228 2541 παρρησιάζεται
1242 2503 1282 2539 τῷ
1298 2503 1393 2539 κόσμῳ
1406 2503 1440 2531 τὰ
1454 2504 1599 2531 σκάνδαλα.
