1882 3075
64 129 108 159 109

547 129 598 158 AD
609 127 902 158 AMPIIILOCIIIUM
922 124 1093 162 ΟυιΈδΤΙΟ
1106 125 1172 155 VII.

1631 115 1681 146 110

62 184 314 219 χαταμαραινόμενα
349 185 472 220 λυπηρὰ,
505 185 563 211 ἀλλ’
593 186 644 212 ὃσα
678 185 710 211 δι’
741 185 839 215 αἰῶνος

947 192 954 209 :
978 183 1059 211 sicuti
1083 183 1165 210 etiam
1193 188 1246 208 non
1273 178 1449 206 credentibus
1473 173 1679 203 demonstravit.

62 231 205 265 ἀπεράντου
231 231 470 266 παρατεινομένην
491 232 582 266 ἔχουσι
602 231 650 266 τὴν
667 233 765 266 πεῖραν
787 231 840 257 τῶν

61 276 195 310 ἀλγεινῶν.

89 364 117 393 δ’.
135 365 166 391 Εἰ
184 365 219 400 δὴ
237 366 286 392 καὶ
309 365 508 400 ἀγωνιστήριον
529 363 564 400 ἦν
588 366 602 391 ὁ
624 364 800 400 παράδεισος,
815 365 843 391 ὲν

61 412 125 446 αὖτῷ
140 412 196 446 γὰρ
215 411 246 438 τὸ
260 412 412 446 γυμνάσιον
425 411 464 446 τῷ
478 410 684 446 πρωτοπλάστῳ
700 410 844 444 προτεθει-

61 467 94 488 το,
112 458 167 489 πῶς
185 457 223 484 ἂν
236 457 278 490 εἴη
296 456 334 492 τῷ
355 456 428 491 αὐτῷ
448 457 495 483 καὶ
516 457 642 492 βραϐεῖον
655 457 703 482 καὶ
719 456 842 488 στάδιον;

61 503 147 530 οὐκοῦν
157 503 172 529 6
184 502 353 537 παράδεισος
365 502 507 538 προοίμιον
520 502 569 536 μὲν
579 503 628 536 τῆς
642 501 780 537 βασιλείας
791 501 845 528 τῶν

61 549 187 584 οὐρανῶν,
203 549 235 575 οὺ
254 548 377 583 βασιλεία
393 548 422 574 δέ
434 557 441 563 ·
457 549 506 574 καὶ
518 547 653 582 μακάριον
667 547 717 582 μὲν
732 547 780 574 καὶ
794 555 845 573 πο-

61 595 202 629 λνὲραστον
217 593 421 628 ἑνδιαιτηθῆναι
432 593 470 628 τῷ
481 593 585 628 χωρίῳ,
598 592 806 628 μακαριώτερον
817 592 846 618 δὲ

62 641 102 666 καὶ
115 639 324 674 ἐρασμιώτερον
336 640 367 665 τὸ
381 639 420 670 εἰς
432 640 480 670 τὰς
492 638 622 673 οὐρανίας
638 638 744 665 ἐκεῖθεν
759 646 848 673 παρα-

63 685 215 720 πεμξθῆναι
245 686 347 721 σκηνάς
358 694 366 701 ·
395 685 441 712 καὶ
455 686 485 712 τὸ
502 685 624 720 ἀρχηγὸν
647 685 676 711 δὲ
692 685 761 719 φῶς,
779 684 848 719 ὅπερ

63 732 238 766 ἀναχεόμενον
267 731 320 766 πρὸ
350 732 399 766 τῆς
421 731 467 758 τοῦ
488 731 563 766 ἡλίου
583 731 776 766 δημιουργίας,
799 731 848 766 τὴν

63 778 160 812 ἡμέραν
174 777 276 809 ἐποίει,
293 778 432 812 βασιλείαν
443 777 565 813 οὐρανῶν
579 777 747 812 ὑψηλοτέραν
761 786 790 803 τε
803 777 849 804 καὶ

63 823 194 858 θειοτέραν
214 823 264 849 καὶ
285 823 324 854 ὡς
342 823 450 858 ἀληθῶς
466 823 592 858 οὐράνιον
613 823 690 857 λῆξιν
714 824 787 857 ἡμᾶς
805 824 848 850 ὲν-

893 233 949 258 fore
964 235 993 257 ut
1004 230 1066 256 illos
1076 228 1147 256 haud
1156 226 1316 262 temporalis
1327 225 1368 252 vel
1383 223 1529 258 aliquando
1541 225 1679 248 Cessatura

893 284 972 310 poena
987 275 1113 309 excipiat,
1139 273 1186 301 sed
1206 279 1268 307 quae
1283 278 1392 298 sensum
1411 269 1502 304 potius
1523 266 1627 293 doloris
1653 265 1680 290 in

893 322 1029 350 inﬁnitum
1047 328 1135 349 aevum
1155 319 1296 347 extendat.

928 369 956 396 4.
974 367 1051 401 Quod
1063 367 1086 394 si
1104 371 1234 401 praeterea
1250 363 1395 399 paradisus
1412 360 1591 388 certaminum
1611 365 1681 392 pra:-

894 415 979 442 mium
994 418 1053 446 est;
1067 413 1123 440 illic
1137 412 1209 439 enim
1224 410 1313 446 primo
1328 407 1432 436 hotnini
1445 405 1612 441 propositum
1627 403 1684 430 vir-

896 461 960 488 tutis
973 459 1132 487 exercitium
1143 457 1212 489 fuit;
1224 455 1271 491 qui
1284 455 1341 482 ﬁeri
1351 457 1441 488 potest
1450 456 1480 479 ut
1495 451 1566 478 idem
1579 448 1683 476 homini

895 507 971 534 locus
983 506 1072 540 palma
1084 508 1157 532 esset
1171 506 1198 530 et
1214 500 1352 529 stadium?
1369 498 1498 533 Sequitur
1509 503 1574 531 ergo
1591 499 1621 522 ut
1633 502 1683 528 pa-

896 539 1003 580 radisus
1029 549 1190 586 prarludium
1206 547 1315 583 quidem
1331 544 1408 580 regni
1433 543 1565 571 caelorum
1593 539 1685 568 fuerit.

896 605 951 625 non
968 601 1057 624 tamen
1073 596 1163 630 ipsum
1181 601 1305 628 regnum.
1322 591 1355 618 Et
1372 592 1399 618 in
1412 597 1445 617 eo
1458 588 1569 623 quidem
1583 585 1686 613 versari

897 644 959 671 loco
973 643 1082 670 beatum
1100 649 1132 668 ac
1151 638 1333 667 desiderabile
1345 641 1404 667 est;
1418 635 1506 662 multo
1518 637 1610 660 tamen
1624 631 1688 659 bea-

898 690 951 716 tius
972 694 1054 723 atque
1077 686 1226 721 optabilius
1252 688 1294 711 est
1318 683 1351 709 ad
1366 681 1493 709 caelestes
1518 677 1597 705 sedes
1612 675 1689 702 illinc

897 734 995 762 emitti.
1010 721 1043 760 lit
1057 732 1168 768 quidem
1182 731 1227 757 lux
1239 729 1284 756 illa
1299 726 1472 763 primigenia.
1486 723 1566 759 cujus
1580 721 1687 752 cil‘usin,

898 784 961 807 ante
974 779 1059 806 solem
1067 767 1227 807 conditum,
1248 774 1319 801 diem
1337 771 1477 801 eﬁiciehat,
1494 767 1619 802 exemplo
1642 774 1690 793 no-

900 825 942 852 bis
957 829 1007 856 est,
1025 829 1055 851 ut
1076 822 1261 857 intelligamus
1274 825 1388 854 regnum
1407 816 1540 844 coriorum
1554 821 1617 840 vere
1631 819 1691 839 esse

62 869 136 899 νοεῖν,
151 869 168 902 ἢ
181 868 229 894 τὸν
243 868 418 903 παράδεισον,
441 869 589 895 ἀπευθύνει
600 875 606 884 δ
622 869 652 895 ὲν
696 870 752 900 τοῖς
765 869 848 902 ἀξιω-

939 870 1010 897 :lestc
1033 868 1229 900 habitaculum,
1247 866 1387 900 multoque
1406 861 1541 890 excelsius
1556 859 1692 887 divinius-

62 915 220 949 θησομένοις
248 915 433 942 ἐνδιαιτᾶσθαι
455 915 505 950 τὴν
527 915 621 950 χρείαν
641 914 848 950 ἀποπληρώσεν

60 963 104 988 καὶ
118 961 160 995 εἴη
179 962 214 988 ἆν
228 962 316 988 εἰκότι
333 962 406 996 λόγῳ
418 961 564 995 ἀναλογίαν
576 961 706 993 διασῶζον
721 962 751 987 τὸ
767 961 850 996 οὐρά-

59 1015 111 1033 νιον
127 1007 210 1042 σῶμα
222 1007 292 1042 πρὸς
304 1008 354 1042 τὴν
368 1007 506 1042 βασιλείαν
520 1007 573 1034 τῶν
590 1007 724 1043 οὐρανῶν,
738 1008 772 1042 ἢν
790 1016 851 1033 συν-

59 1053 184 1085 διασώζει
211 1053 282 1089 προς
303 1054 388 1089 αὐτὴν
408 1054 425 1089 ἡ
448 1054 482 1088 γῆ
495 1064 501 1069 -
517 1053 608 1089 ἐκείνη
621 1062 650 1080 τε
668 1054 723 1089 γὰρ
742 1053 810 1088 πρὸς
821 1053 852 1079 τὸ

59 1100 107 1134 ripe-'1
110 1108 195 1134 μενον
206 1100 335 1135 οὐράνιον
345 1100 427 1131 κῦτος
435 1099 511 1132 τάξιν
524 1099 638 1133 ἐδάφους
648 1099 746 1134 ὲπέχου
751 1108 783 1125 σα
794 1099 853 1133 φαί-

59 1154 146 1172 τεται⁸
165 1144 253 1177 αὐτός
268 1154 298 1171 τε
317 1146 399 1173 πάλιν
418 1145 532 1180 ἐδάφους
548 1145 741 1180 ἀναπληρώσει
760 1144 852 1180 χώραν

60 1193 108 1223 τοῖς
117 1194 146 1219 ἐν
155 1194 190 1227 τῇ
202 1192 261 1218 τῶν
271 1192 394 1227 οὐρανῶν
404 1192 535 1227 βασιλείᾳ,
543 1192 593 1227 τὴν
601 1192 706 1218 δίαιταν
715 1191 852 1223 ἀξιωθεῖσι

59 1238 161 1273 ἰαχεῖν·
183 1238 264 1264 οὐδὲν
276 1236 323 1264 οὖν
334 1238 403 1271 ὅλως
419 1238 491 1264 ἔστιν
505 1239 617 1272 ἀπορεῖν
628 1238 674 1264 τοῦ
687 1237 781 1264 λοιποῦ
796 1237 855 1268 πῶς

60 1285 101 1310 τοῦ
111 1285 258 1311 Δεσπὸτου
271 1284 392 1320 Χριστοῦ
405 1285 475 1311 κατὰ
484 1284 533 1320 τὴν
542 1284 624 1311 αὑτοῦ
638 1285 772 1319 σωτήριον
784 1292 856 1318 παρ-

59 1331 149 1357 ουσίαν
164 1331 299 1365 οὐράνιον
311 1331 377 1366 ἡμῖν
389 1330 437 1356 καὶ
446 1330 616 1361 διδάσκοντος
628 1329 675 1356 καὶ
692 1329 856 1363 ἐπαγγειλα-

61 1376 138 1409 μένου
165 1376 326 1410 βασιλείαν,
345 1377 359 1402 ὁ
384 1375 511 1411 θεράπων
534 1375 616 1402 αὑτοῦ
639 1375 744 1410 Μωσῆς
769 1375 855 1410 ἢούδ¹

61 1421 123 1452 ὅλως
137 1421 155 1456 ἢ
171 1421 213 1452 ὡς
231 1422 262 1447 ὲν
274 1420 418 1455 αίνίγματι
434 1419 535 1454 ταύτης
549 1419 670 1454 ἐμνήσθη
682 1428 689 1434 ’
701 1419 762 1446 οὐδὲ
776 1420 856 1446 πότε-

62 1475 104 1499 {av
113 1466 216 1493 tau-adv
228 1467 305 1493 ἐστιν
315 1467 332 1502 ἢ
345 1466 439 1501 ἕτερον
451 1467 464 1493 ὁ
476 1466 640 1502 παράδεισος
651 1465 723 1500 καὶὴ
735 1465 858 1500 βασιλεία

62 1513 111 1539 τῶν
125 1514 156 1540 οὒ
161 1513 269 1548 ρανῶν.

901 924 964 952 que,
979 923 1062 951 quam
1080 914 1234 949 paradisus,
1252 912 1280 939 in
1296 919 1352 947 quo
1365 909 1472 945 quidem
1491 906 1595 935 caelesti
1615 905 1692 932 habi-

902 964 1002 994 taculo,
1015 963 1044 990 hi
1062 961 1110 997 qui
1129 969 1161 988 eo
1177 959 1252 994 (ligni
1271 958 1381 988 fuerint,
1405 955 1460 984 voti
1477 953 1566 981 omnis
1581 959 1692 985 compo-

903 1016 944 1038 tes
968 1011 1043 1036 lient.
1070 1008 1187 1035 Prorsus
1215 1005 1322 1033 videtur
1348 1003 1424 1038 iusta
1452 1002 1557 1029 ratione
1583 999 1694 1026 caeleste

903 1056 1104 1083 ﬁrmamentum
1129 1061 1190 1080 eam
1213 1051 1366 1085 analogiam
1391 1056 1455 1083 erga
1475 1054 1589 1083 regnum
1610 1044 1694 1073 caelo-

904 1111 964 1130 rum
982 1101 1064 1132 tueri,
1078 1107 1160 1135 quam
1178 1105 1242 1133 erga
1255 1098 1345 1132 ipsum
1364 1096 1567 1122 ﬁrmamentum
1584 1091 1665 1118 tellus
1686 1098 1692 1115 :

905 1149 962 1175 hzre
974 1147 1046 1175 enim
1061 1145 1177 1175 caelesti.
1194 1151 1275 1179 quem
1299 1141 1478 1176 suspicimus.
1493 1138 1592 1165 fornici
1605 1137 1692 1171 vicem

904 1193 1050 1228 pavimenti
1059 1195 1187 1227 praestare
1199 1189 1314 1216 videtur.
1329 1188 1435 1215 Rursus
1444 1186 1502 1221 ipse
1508 1183 1627 1212 caelestis
1638 1181 1696 1209 for-

906 1240 952 1266 nix
969 1238 1114 1273 pavimenti
1125 1237 1211 1264 instar
1222 1235 1274 1263 erit
1283 1235 1316 1261 iis
1326 1233 1372 1268 qui
1383 1233 1516 1260 coriorum
1529 1237 1641 1264 regnum
1655 1228 1697 1254 in-

905 1283 1011 1311 colendi
1022 1282 1095 1318 digni
1104 1285 1195 1309 erunt.
1210 1279 1282 1315 Ergo
1294 1279 1422 1312 deinceps
1436 1284 1489 1304 non
1498 1275 1549 1302 erit
1558 1273 1696 1307 ambigen—

888 1353 894 1360 ,
906 1329 982 1362 dum,
996 1337 1045 1356 cur
1058 1326 1121 1355 nam
1132 1327 1268 1358 Christus.
1281 1333 1335 1359 quo
1351 1330 1472 1359 tempore
1487 1323 1557 1349 inter
1574 1319 1697 1347 homines

907 1375 1063 1403 salutariter
1077 1378 1203 1402 versatus
1230 1377 1281 1404 est,
1306 1371 1418 1399 cteleste
1439 1369 1519 1396 nobis
1544 1365 1700 1402 promiserit

908 1419 1129 1453 nuntiaveritque
1146 1425 1278 1452 regnum;
1304 1416 1364 1450 ejus
1387 1422 1452 1441 vero
1474 1411 1593 1440 famulus
1610 1410 1700 1437 Mt)st

909 1465 952 1492 vel
969 1465 1044 1492 nullo
1064 1464 1157 1496 modo,
1173 1463 1214 1490 vel
1231 1467 1305 1490 certe
1320 1469 1375 1488 non
1386 1461 1445 1488 sine
1459 1459 1604 1493 aenigmate
1625 1456 1700 1489 regni

910 1512 1033 1547 ejusdem
1047 1511 1213 1538 mentionem
1233 1508 1337 1536 fecerit.
1363 1506 1456 1542 Neque
1469 1505 1585 1539 denique
1594 1507 1637 1531 est
1652 1502 1702 1529 du-

62 1561 207 1588 bitandum
222 1565 318 1587 utrum
340 1559 411 1587 idem
428 1560 462 1586 sit
477 1567 511 1586 an
527 1559 591 1594 quid
607 1559 758 1589 diversum,
778 1558 921 1593 paradisus
939 1563 967 1587 et
985 1565 1098 1594 regnum
1116 1557 1260 1584 caelorum.

350 1608 519 1635 ΕΡΩἸἩΣΙΣ
534 1609 572 1636 Ζ’.

63 1660 93 1686 ει
106 1659 144 1685 τὰ
161 1657 238 1690 τέλη
251 1656 313 1683 τῶν
328 1654 445 1690 αἰώνιον
458 1656 501 1687 εὶς
518 1653 597 1690 ἡμᾶς
612 1652 815 1686 κατήντησεν.
827 1653 862 1679 ἐν

95 1694 197 1725 ποίοις
214 1687 325 1717 αἰῶσιν
340 1692 357 1717 ὁ
375 1689 427 1716 τοῦ
445 1687 574 1723 Χριστοῦ
588 1688 721 1722 πλοῦτος
729 1689 773 1720 εὶς
783 1687 862 1722 ’ἡμᾶς

95 1727 345 1762 ἐπιδειχθήσεται
358 1733 368 1757 ;

1183 1601 1347 1637 ρυΑῑδτιο
1367 1601 1421 1628 Vll.

916 1654 946 1683 Si
960 1654 1022 1689 ﬁni:
1037 1651 1195 1689 seruierunt
1207 1649 1282 1689 nobis
1298 1648 1413 1678 advenit.
1425 1647 1583 1689 quibusnam
1602 1643 1702 1671 saxulis

1043 1687 1143 1716 Christi
1158 1685 1259 1713 divitiw
1274 1685 1300 1711 in
1317 1692 1364 1710 nos
1380 1680 1568 1709 osténdentur?

191 1796 266 1822 Edita
276 1803 290 1820 α
305 1796 376 1825 Maio,
390 1801 445 1819 nov.
463 1793 535 1824 Coll.,
546 1795 564 1818 t.
579 1793 619 1824 IX,
632 1800 655 1824 p.
667 1792 720 1818 5-6.
736 1791 906 1818 Conciliantur
920 1789 989 1816 Pauli
1007 1788 1102 1814 verba]
1118 1788 1173 1814 Cor.
1186 1794 1210 1817 ι,
1226 1781 1431 1817 tl,cum_verbis
1447 1782 1510 1812 Eph.
1520 1786 1545 1809 ιι,
1556 1780 1580 1803 'l.

98 1843 158 1870 Οὐκ
179 1843 286 1876 ἄπορον
310 1841 339 1867 δὲ
354 1840 409 1866 οὐδ’
425 1840 449 1865 εἰ
470 1840 505 1865 τὰ
524 1838 587 1874 τέλη
607 1838 661 1864 τῶν
689 1837 795 1863 αἰώνων
823 1837 864 1868 είς

64 1891 138 1923 ἡμᾶς
162 1888 349 1923 κατήντησεν,
367 1888 396 1912 ὲν
418 1887 473 1918 τοῖς
495 1884 692 1920 ἐπερχομένοις
715 1883 796 1910 αἱῶσι
819 1882 865 1909 τὸν

64 1937 183 1963 πλοῦτον
199 1934 285 1961 αὑτοῦ
300 1932 485 1964 ὲπιδείξασθαι
501 1933 539 1962 είς
553 1932 626 1965 ἡμᾶς
647 1931 692 1957 τὸν
707 1929 796 1956 κοινὸν
815 1928 862 1955 τοῦ

64 1983 164 2014 γένους
179 1980 293 2014 σωτῆρα
307 1979 354 2005 καὶ
365 1977 518 2012 λυτρωτὴν.
529 1976 592 2001 Ἐπὶ
608 1975 656 2010 μὲν
671 1975 725 2010 γὰρ
738 1974 778 2010 τῷ
792 1974 864 1999 τέλει

63 2029 119 2054 τῶν
140 2027 252 2054 αἰώνων
267 2026 349 2061 ἡμεῖς
365 2025 460 2059 ἐσμεν,
475 2024 531 2050 ὅσοι
550 2022 597 2049 τὸν
619 2021 742 2056 παρόντα
764 2021 866 2055 κόσμον

62 2075 114 2110 ﬁt};
126 2072 333 2108 μαραινόμενόν
344 2080 374 2097 τε
381 2072 429 2097 καὶ
440 2069 626 2105 καταρρέοντα
640 2067 707 2103 πρὸς
717 2067 792 2097 τέλος
803 2067 866 2092 ἐτά-

62 2122 176 2157 χθημεν
188 2119 393 2154 παραμετρεῖν,
409 2116 613 2151 ἐπερχομένους
634 2114 662 2141 δὲ
675 2113 777 2144 αἰῶνας
794 2112 865 2138 ἐκεί-

62 2177 127 2199 νως
155 2168 199 2194 δεῖ
229 2167 309 2204 νοεῖν,
337 2165 395 2191 ὅσοι
426 2165 460 2199 τῇ
483 2164 536 2190 τῶν
557 2162 708 2197 μελλόντων
734 2159 865 2193 aeteae“

62 2212 286 2249 tapamiaﬁse'.
299 2210 593 2245 συμπαρατεινομένην
613 2207 704 2243 ἔχουσι
725 2206 807 2240 φύσιν
818 2204 867 2238 τὴν

62 2260 189 2287 ἑαυτῶν.
207 2259 280 2292 ’(ὶρα
295 2257 323 2283 δέ
343 2256 448 2292 μοικαὶ
461 2255 546 2285 οὕτως
558 2262 565 2270 ο
579 2254 607 2280 ἐν
626 2253 675 2288 μὲν
690 2254 745 2284 τοῖς
758 2251 866 2282 αἰῶσιν,

62 2302 102 2331 ὧν
116 2306 161 2336 εἰς
181 2304 257 2339 ἡμᾶς
267 2303 301 2329 τὰ
318 2302 386 2336 τέλη
404 2302 569 2335 κατήντησε,
589 2299 620 2325 τὺ
634 2298 686 2333 πρδ
698 2297 751 2324 τῶν
761 2296 867 2323 αἰώνων

61 2351 184 2387 ὁρισθὲν
203 2349 354 2385 μυστήριον
368 2348 416 2374 ἐπὶ
431 2348 507 2381 κοινῇ
525 2345 572 2372 τοῦ
586 2344 756 2379 ἀνθρωπίνου
773 2342 869 2378 γένους

63 2396 200 2432 σωτηρίᾳ
215 2395 302 2430 πέρας
317 2394 397 2420 ἔλαϐέ
415 2402 443 2419 τε
455 2393 502 2419 καὶ
517 2390 643 2426 ἐτελέσθη
656 2398 662 2405 ·
681 2390 749 2425 ὅπερ
761 2389 834 2415 ἐστὶν
849 2389 866 2423 ἡ

62 2444 113 2470 τοῦ
135 2442 212 2469 Θεοῦ
240 2442 308 2477 πρὸς
332 2440 492 2475 ἀνθρώπους
508 2438 605 2469 ’ἑνωσίς
616 2446 646 2464 τε
659 2437 705 2463 καὶ
719 2436 851 2471 ἐπιδημία
861 2443 868 2450 '

62 2493 93 2516 ὲν
111 2490 141 2516 δὲ
158 2491 220 2521 τοῖς
246 2487 441 2522 ἐπερχομένοις
461 2484 648 2518 ἐπιτελεσθείη
673 2483 707 2510 ἂν
727 2482 810 2518 ἡτῶν
821 2483 869 2508 άν-

64 2536 196 2572 εὶρὼπων
222 2535 290 2570 πρὸς
309 2534 376 2560 Θεὸν
399 2532 490 2563 ἆνοδὸς
511 2540 541 2558 τε
557 2531 605 2558 καὶ
634 2529 788 2566 ὑψηλοτέρα
807 2537 870 2554 συν-

66 2585 157 2617 άφεια.
168 2591 176 2597 ·
187 2581 279 2609 καὶτὸ
292 2581 363 2608 κατὰ
378 2580 460 2615 χάριν
474 2580 548 2614 ἡμᾶς
564 2577 690 2612 γενέσθαι
707 2577 796 2608 θεοὺς,
820 2583 871 2610 μη·-

66 2631 131 2656 κέτι
143 2629 219 2664 πρὸς
232 2628 267 2654 τὰ
285 2627 371 2662 χείρω
382 2627 431 2662 τὴν
453 2625 606 2661 μεταϐολὴν
620 2623 793 2659 δεχομένους.
811 2623 872 2648 Ἔτι

65 2676 95 2702 δὲ
113 2677 144 2702 ἐν
159 2675 213 2711 μὲν
229 2675 287 2705 τοῖς
300 2673 409 2706 αίῶσιν,
421 2669 459 2698 ὦν
474 2672 513 2703 είς
525 2672 558 2697 τὰ
570 2671 634 2705 τέλη
647 2668 871 2704 κατηντήσαμεν,

64 2723 120 2757 τὴν
134 2720 274 2757 ἐργασέαν
298 2719 351 2746 τῶν
372 2717 487 2744 ἐντολῶν
510 2715 722 2750 ἀπαιτούμεθα*
737 2715 783 2740 καὶ
805 2713 873 2749 πρὸς

66 2768 100 2794 τὸ
118 2766 279 2802 γυμνάσιον
295 2762 471 2798 ἀποδυόμεθα
483 2769 490 2777 ⁶
509 2763 537 2788 ὲν
554 2762 582 2788 δὲ
604 2763 660 2792 τοῖς
680 2758 873 2795 ἐπερχομένοις

66 2815 105 2840 ti
118 2822 149 2840 τε
164 2813 222 2839 τῶν
238 2811 387 2847 πρακτέων
418 2809 544 2844 ἐπίχειρα
571 2805 741 2842 κομιζόμεθα
759 2806 806 2831 καὶ
821 2804 874 2831 τῶν

70 2861 216 2899 βραϐείων
239 2857 400 2892 ἀξιούμεοα,
429 2856 472 2882 ὅτε
495 2855 527 2890 δὴ
547 2855 591 2882 ὅτε
608 2854 654 2880 καὶ
670 2854 683 2879 ὁ
699 2851 812 2883 πλοῦτος
825 2851 873 2886 τῆ;

951 1833 1009 1861 Non
1022 1834 1156 1860 incertum
1167 1835 1208 1859 est
1218 1836 1338 1865 quoque,
1351 1827 1372 1855 si
1383 1827 1444 1853 ﬁnis
1453 1823 1615 1852 saeculorum
1628 1821 1705 1848 nobis
1718 1843 1720 1846 ι

915 1881 1033 1912 advenit,
1041 1878 1150 1906 divitias
1157 1884 1221 1905 suas
1230 1876 1257 1902 in
1270 1883 1318 1901 nos
1326 1872 1477 1900 ostendisse
1485 1875 1656 1898 communem
1663 1875 1706 1902 ge.-

915 1926 989 1954 neris
998 1925 1082 1953 nostri
1091 1924 1260 1951 Snlvatorem
1267 1926 1294 1949 et
1302 1919 1522 1956 Rcdemptorem.
1532 1915 1561 1944 ln
1572 1914 1624 1942 ﬁne
1632 1913 1703 1940 cnim

915 1972 1076 2001 saeculorum
1083 1964 1426 2003 sumusnosquicunquein
1435 1963 1506 1991 hunc
1513 1959 1706 1993 niunduutjam

914 2018 1058 2046 ﬂaccidum
1064 2021 1090 2044 et
1097 2016 1131 2043 ad
1139 2015 1220 2042 ﬁnem
1232 2020 1312 2041 suum
1319 2014 1473 2046 vergentem
1483 2007 1559 2036 missi
1566 2013 1660 2035 sumus
1666 2005 1707 2033 in-

914 2063 1070 2097 colendum;
1079 2070 1110 2090 su
1114 2059 1299 2097 pervenientia
1306 2063 1396 2086 autem
1403 2055 1500 2084 saecula
1510 2055 1557 2082 illa
1564 2061 1625 2081 esse
1634 2053 1707 2088 cogi-

915 2110 1028 2138 tandum
1034 2113 1076 2136 est
1082 2115 1143 2143 quae
1150 2111 1312 2134 internarum
1321 2104 1348 2131 in
1354 2102 1446 2130 futura
1453 2101 1612 2128 deliciarum
1621 2099 1704 2134 parti-

915 2156 1032 2191 cipantia
1040 2160 1195 2189 protensam
1202 2151 1428 2179 obtinenteorum
1435 2152 1571 2175 naturam.
1579 2146 1633 2173 Sed
1641 2145 1706 2173 mihi

886 2196 907 2223 Π
920 2208 946 2229 et
957 2202 997 2229 sic
1010 2200 1154 2228 considera
1165 2208 1171 2226 :
1182 2197 1290 2226 saeculis
1301 2196 1355 2223 illis
1362 2202 1478 2230 quorum
1486 2193 1550 2221 ﬁnis
1560 2193 1586 2220 in
1599 2199 1648 2219 nos
1660 2191 1708 2218 ad-

919 2247 1003 2278 venit.
1013 2245 1154 2273 deﬁnitum
1164 2248 1227 2271 ante
1234 2242 1334 2271 saecula
1344 2239 1505 2276 mysterium
1513 2246 1561 2273 pro
1570 2237 1708 2265 communi

921 2294 1063 2321 hominum
1074 2289 1184 2326 generis
1199 2289 1288 2317 salute
1302 2288 1451 2315 terminum
1465 2284 1610 2319 accepitet
1619 2282 1709 2317 perfe-

920 2344 993 2367 ctum
999 2342 1051 2371 est;
1059 2337 1105 2373 qui
1112 2336 1245 2364 terminus
1263 2339 1305 2362 est
1312 2333 1357 2361 Dei
1366 2333 1437 2368 apud
1444 2331 1566 2360 homines
1574 2329 1679 2356 mansio
1685 2332 1712 2354 et

920 2385 1075 2416 incolatus;
1090 2380 1344 2417 supervenientibus
1356 2383 1447 2406 autem
1457 2375 1566 2405 smculis
1574 2373 1711 2409 perfectus

921 2433 973 2459 erit
985 2430 1127 2459 hominum
1137 2429 1170 2456 ad
1179 2428 1264 2455 Deum
1273 2426 1378 2454 reditus
1386 2429 1412 2453 et
1425 2424 1507 2452 altior
1523 2430 1586 2450 cum
1595 2421 1641 2449 illo
1649 2428 1712 2448 con-

919 2478 1036 2513 iunctio.
1049 2476 1126 2505 Tunc
1136 2475 1218 2502 etiam
1229 2473 1378 2502 secundum
1388 2470 1502 2506 gratiam
1523 2467 1587 2496 facti
1609 2467 1713 2495 erimus

922 2525 959 2552 dii
966 2522 1092 2559 nequeatl
1099 2519 1398 2556 pejoraconversionem
1407 2516 1556 2551 capientes.
1566 2514 1662 2543 Adhuc
1669 2521 1715 2540 att-

923 2576 977 2599 tem
984 2571 1025 2598 his
1032 2570 1137 2598 saeculis
1143 2575 1258 2604 quorum
1265 2567 1326 2594 ﬁnis
1334 2565 1451 2596 advenit.
1460 2571 1475 2591 a
1482 2563 1715 2598 nobispratcepto~

922 2625 984 2645 rum
991 2615 1147 2651 adimpletio
1155 2614 1255 2649 exigitu
1261 2621 1282 2645 r,
1292 2616 1319 2639 et
1326 2611 1359 2639 ad
1368 2611 1440 2638 lucta
1445 2618 1468 2637 ιιι
1478 2610 1658 2645 accingimur;
1667 2616 1714 2635 su-

924 2662 1144 2699 pervenientibus
1151 2665 1241 2687 autem
1248 2665 1340 2686 eorum
1350 2664 1410 2693 qua-
1421 2656 1524 2692 agenda
1533 2660 1597 2683 sunt
1605 2654 1715 2689 praemia

925 2709 1083 2744 accipimus,
1092 2711 1119 2734 et
1126 2705 1343 2733 vietoritelaurea
1352 2702 1598 2739 dignijudicamur.
1606 2700 1715 2736 quando

925 2760 952 2782 et
969 2755 1070 2782 divitia:
1085 2751 1227 2781 dominicae
1238 2749 1368 2777 bonitatis
1383 2753 1411 2777 et
1425 2747 1577 2784 largitionis
1587 2745 1716 2774 ineﬁabili

926 2802 1011 2830 verbo
1017 2805 1044 2828 et
1052 2797 1321 2833 incomprehensibili
1329 2796 1435 2824 ratione
1442 2791 1717 2830 copiosissimenobis

927 2845 1218 2875 subministrabuntur.
1231 2843 1259 2870 Si
1270 2843 1321 2876 vis,
1330 2841 1507 2878 prwsentibus
1516 2838 1625 2875 quidem
1633 2845 1718 2866 saeu-
