1882 3075
171 125 218 159 III

748 129 882 160 PHOTII
896 129 1153 160 PATRIARCH/E
1166 131 1223 161 CP.

1755 130 1811 164 112

170 185 205 212 Iis
232 183 400 220 corruptibili
422 192 535 220 corpore
555 185 638 212 vitam
655 191 774 213 nostram
800 186 955 221 prrﬁcimus

1055 187 1186 222 σποτικῆς
1197 186 1381 222 χρηστότητος
1396 186 1443 214 καὶ
1465 187 1622 222 φιλοτιμίας
1636 186 1748 223 ἀρρήτῳ
1761 187 1808 215 λό-

171 231 425 265 supervenientibus
440 236 530 258 autem
537 232 738 265 corruptionem
756 232 964 267 incorruptione

172 283 318 310 mutantes,
326 277 508 305 sicintinitum
516 285 604 305 aevum
614 285 817 313 percurremus.
828 277 860 305 Et
868 285 963 305 rursus

171 324 463 359 saeculisprmscntibus
471 324 646 360 insurgensin
658 332 708 352 nos
718 329 744 352 et
753 333 803 353 nos
813 325 963 360 impediens

172 375 311 403 peccatum
320 371 457 404 subimus;
465 371 828 405 supervenientibusautem,
839 379 926 406 neque
935 372 962 398 iu

172 424 221 442 uos
234 424 364 451 pugnam,
377 422 423 444 aut
433 424 516 452 agens
528 421 680 452 peccatum,
696 419 742 444 sed
757 425 845 452 neque
856 418 963 446 occulte

171 463 196 489 iu
210 463 289 490 nobis
298 468 373 490 stans
385 469 429 489 aut
445 467 518 490 stare
532 463 625 490 valens
641 463 818 497 reperiemus.
835 463 921 491 Multa
936 469 964 492 et

169 510 222 536 alia
234 515 361 537 sexcenta
372 510 413 539 bis
423 510 484 537 addi
499 509 719 545 posscutquibus
729 509 879 537 differentia
892 510 965 538 inter

169 557 270 583 directa
285 556 317 583 ad
337 556 417 584 tinem
435 557 533 584 sacula
547 560 574 584 et
585 564 617 583 ea
629 564 690 591 quae
703 556 729 582 iu
748 556 884 583 inliuilum
904 564 964 584 ma-

171 607 237 636 nent
260 602 341 630 facile
357 602 533 630 discernitur.
549 602 637 636 Atque
655 602 692 629 ita
714 602 860 636 pneposita
882 603 965 630 verba

171 656 224 675 non
238 648 352 675 invicem
370 652 554 683 opponuntur,
569 655 656 683 neque
670 647 741 674 inter
756 654 786 672 se
800 652 932 682 pugnant.

1017 241 1058 268 γῳ
1070 233 1117 259 καὶ
1135 232 1338 269 ἀκαταλήπτοις
1348 233 1489 269 λογισμοῖς
1504 235 1570 269 ἡμῖν
1579 234 1810 269 ἐπιδαψιλεύσιτο.

1017 278 1048 304 Εἰ
1065 278 1153 314 βούλει
1167 279 1196 305 δὲ
1207 280 1236 305 ὲν
1253 279 1303 314 μὲν
1319 280 1377 311 τοῖς
1392 279 1610 315 περατουμένοις
1621 280 1703 306 αίῶσι
1719 280 1811 316 φθαρ-

1015 324 1055 359 τῷ
1067 325 1173 360 σώματι
1188 326 1233 352 τὸν
1246 325 1548 361 βίονὴμῶνδικνύομεν,
1564 327 1593 353 ὲν
1603 327 1632 353 δὲ
1650 328 1707 359 τοῖς
1723 328 1810 362 ἐπερ-

1014 371 1141 407 χομένοις
1148 371 1198 407 τῆς
1207 371 1309 407 φθορᾶς
1318 372 1368 407 τὴν
1376 371 1529 407 ἀφθαρσίαν
1540 372 1727 408 ἀμειϐόμενοι,
1736 373 1811 399 οὓτω

1015 417 1061 443 τὸν
1071 417 1248 453 ἀτελεύτητον
1256 417 1431 454 διατελοῦμεν
1439 418 1535 446 αἰῶνα.
1546 419 1600 447 Καὶ
1619 419 1701 446 πάλιν
1709 421 1737 446 ὲν
1758 420 1812 454 μὲν

1011 464 1067 494 τοῖς
1078 463 1195 498 παροίσι
1212 464 1261 498 τὴν
1280 465 1545 500 κατεξανισταμένην
1560 465 1638 499 ἡμῶν
1653 464 1702 500 τὴν
1716 466 1812 499 ἁμαρ-

1011 510 1072 537 τίαν
1093 511 1140 537 καὶ
1158 511 1342 546 διενοχλοῦσαν
1349 512 1520 546 ὑφιστάμεοα
1530 521 1537 528 ο
1558 513 1585 539 ὲν
1594 512 1622 538 δὲ
1631 514 1686 543 τοῖς
1695 513 1742 538 ἐπε
1748 521 1813 548 ρχο-

1014 559 1104 594 μένοις
1121 559 1212 586 οὐκέτι
1225 559 1503 595 καταστρατηγοῦσαν
1520 560 1581 587 οὐδὲ
1597 560 1812 595 ἐνεργουμένην,

1013 604 1082 631 ἀλλὰ
1089 604 1157 640 μηδὲ
1168 605 1325 639 ὑφεστῶσαν
1332 606 1399 638 ὅλως
1405 607 1567 642 εὑρήσομεν,
1579 607 1646 642 μηδὲ
1654 606 1814 642 δυναμένην

1014 650 1190 684 ὑφίστασθαι.
1201 651 1290 678 Πολλὰ
1298 651 1319 678 δ’
1328 651 1360 679 ἄν
1368 661 1410 684 τις
1418 652 1464 679 καὶ
1470 653 1538 679 ἄλλα
1548 653 1632 688 μυρία
1639 653 1743 684 τούτοις
1750 653 1814 680 ἐπι-

170 696 242 732 θείη,
251 696 286 723 δι’
296 692 334 723 ὧν
345 697 361 731 ἡ
377 695 495 732 διαφορὰ
508 696 563 723 τῶν
576 705 606 723 τε
618 696 686 732 πρδς
701 697 778 727 τέλος
793 695 980 730 ἐπειγομένων
997 698 1103 726 αἰώνων
1122 699 1231 726 καὶτῶν
1241 701 1280 731 είς
1290 700 1631 736 ἀπέραντονδιαμενόντων
1643 701 1742 737 ῥᾳδίως
1761 710 1814 728 κα-

168 742 371 778 ταλαμϐάνεται
385 751 391 758 ·
409 743 455 769 καὶ
469 742 507 774 ὼς
521 743 556 769 τὰ
569 742 737 778 προκείμενα
753 742 823 779 ρητὰ
838 742 899 769 οὐδὲ
911 743 1037 777 ἀλλήλοις
1046 746 1251 781 ἀντινομοθετεῐ
1262 747 1322 773 οὐδὲ
1339 747 1512 782 διαμάχεται.

443 788 610 822 QUASSTIO
625 789 696 816 VIII.

169 835 306 870 Quomodo
325 835 425 861 dicitur
439 834 509 866 ﬁlios
520 834 570 861 Dei
585 840 724 868 peccatum
740 835 900 870 nanfacere,
916 835 964 870 qui

201 871 281 909 juxta
296 871 415 897 eumdem
432 870 599 909 Scriptura”:
616 877 649 909 ea;
663 879 732 904 aqua
745 875 769 896 et
785 869 888 909 Spiritu
913 869 963 897 na-

203 905 330 937 scuntur;
346 910 370 932 et
385 911 470 931 tamen
488 905 584 931 mullos
605 906 721 932 videmus
735 913 782 939 per
797 906 961 940 baptismum

204 941 274 976 [ilius
295 941 341 968 Dei
353 941 460 975 effectos
479 945 615 974 peccatum
634 940 780 974 facientes;
979 977 998 1004 Β

1297 792 1468 820 ΕΡΩΊΊΙΣΙΣ
1480 792 1522 819 H’.

1017 838 1083 871 Πῶς
1099 837 1135 875 τξι
1154 838 1246 875 τέιένα
1268 839 1321 866 τοῦ
1348 839 1423 866 Θεοῦ
1444 839 1563 874 λέγεται
1587 841 1738 874 ἁμαρτίαν
1770 841 1813 875 μὴ

1048 874 1156 910 ποιεῖν.
1176 874 1252 902 εἶναι
1267 875 1406 901 δὲταῦτα
1425 875 1443 909 ἡ
1457 876 1534 908 ιιὺτὴ
1556 875 1637 909 λέγει
1653 875 1760 910 [πραέεὴ
1777 874 1815 903 τὰ

1052 909 1089 935 δι’
1102 909 1213 942 ὕδατος
1227 909 1275 936 καὶ
1291 910 1465 943 Πνεύματος
1481 910 1675 944 γεννηθέντα,
1691 909 1741 941 κω
1756 911 1816 940 πάι

1048 945 1101 970 λιν
1120 945 1256 978 πολλοὺς
1281 944 1396 980 ὁρῶμεν
1415 945 1485 978 τοὺς
1521 945 1570 972 διὰ
1599 947 1817 980 βαπτίσματος

1044 979 1272 1013 υίοποιηθέντας
1284 979 1342 1014 τὴν
1359 980 1506 1015 ἁμαρτίαν
1516 979 1790 1015 διαπραττομένους
1805 990 1815 1013 ;

184 1023 254 1059 Iidita
269 1030 282 1048 τι
300 1024 372 1053 Maio,
386 1024 402 1048 l.
415 1030 436 1048 c.
451 1030 474 1054 p.
491 1023 542 1048 6-8.
557 1023 595 1048 De
612 1023 696 1048 verbis
709 1023 717 1048 I
730 1024 800 1059 Joan.
814 1031 848 1054 ιιι,
914 1025 1072 1059 et__qu0modo
1092 1026 1133 1049 his
1145 1033 1195 1059 nn_u>
1213 1025 1305 1056 OhSIeI,
1315 1027 1380 1057 quod
1392 1024 1536 1057 baptizatos,
1549 1026 1592 1058 qui
1610 1033 1669 1051 vere
1690 1026 1735 1051 tllii
1746 1027 1798 1052 Dei

659 1059 718 1078 sunt
730 1057 811 1086 (.Ioau.
823 1063 859 1087 ιιι,
876 1056 900 1085 5)
916 1056 996 1080 adhuc

204 1109 232 1136 Si
248 1109 405 1144 quicunque
420 1117 451 1135 ex
467 1116 537 1142 aqua
553 1113 580 1134 ct
593 1107 696 1142 Spiritu
713 1113 809 1136 sancto
828 1117 964 1145 generan-

170 1161 224 1188 tur,
240 1156 259 1183 ii
277 1160 343 1183 sunt
368 1155 416 1182 Iilii
435 1155 498 1188 Dei;
513 1155 562 1185 {ilii
577 1155 735 1188 autemDei,
749 1160 779 1182 ut
790 1155 871 1183 divus
881 1155 965 1183 Joan-

169 1211 220 1239 pcs
232 1203 344 1235 clamat,
358 1208 502 1237 peccatum
519 1209 573 1229 non
592 1201 706 1234 faciunt,
721 1202 823 1236 quaeris
837 1206 865 1230 ct
876 1202 965 1230 disce-

168 1255 228 1289 ptas
248 1249 400 1285 quomodo,
427 1254 572 1284 postquam
599 1256 646 1282 per
660 1249 800 1276 lavacrum
818 1256 965 1284 regenera-

168 1297 252 1324 tionis
264 1300 339 1324 tanta
352 1295 439 1332 gratia
458 1295 532 1331 digni
548 1295 632 1323 habiti
651 1303 757 1328 sumus,
772 1295 805 1322 ad
821 1300 963 1330 peccatum

168 1342 325 1370 deferamur
337 1361 345 1370 .
365 1342 417 1370 Sed
432 1347 578 1378 antequam
611 1341 692 1369 verba
711 1342 881 1369 resolvamus
901 1349 962 1377 qu=e

168 1390 219 1416 sibi
237 1390 355 1417 invicem
381 1388 571 1416 contradicere
592 1388 736 1421 videntur,
766 1388 856 1423 ipsum
882 1387 909 1414 in
936 1395 966 1415 se

169 1437 399 1472 Apostolidictum
412 1434 622 1463 examinandum
632 1438 675 1463 est
686 1443 691 1461 :
702 1434 840 1469 quomodo
852 1433 966 1460 omnino

169 1485 252 1510 homo
269 1483 341 1510 ﬁlius
355 1482 402 1510 Dei
418 1481 507 1510 factus
526 1485 669 1515 pcrcatum
683 1488 737 1507 nou
754 1484 843 1515 potest
858 1479 967 1507 facere?

169 1531 286 1564 Quidam
302 1530 384 1564 igitur
403 1529 498 1556 dicunt
523 1527 590 1567 illud
609 1528 700 1562 ipsum
725 1527 859 1555 Joannem
877 1526 964 1561 expli-

169 1580 274 1605 cantem
289 1575 389 1603 addere
406 1584 413 1602 :
426 1575 556 1610 quoniam
569 1581 662 1601 semen
672 1574 758 1607 ipsius
774 1573 800 1600 in
814 1581 846 1600 eo
858 1578 964 1606 manet;

170 1623 244 1659 quod
259 1622 369 1658 quidem
385 1629 478 1650 semen
494 1625 536 1648 cst
550 1628 617 1648 sane
632 1620 746 1647 docendi
765 1623 883 1654 peritum
904 1627 966 1646 ver-

169 1670 256 1702 bum;
271 1668 338 1696 exiit
352 1668 425 1695 enim
444 1667 491 1702 qui
509 1667 629 1694 seminat
641 1666 790 1694 seminare.
808 1665 857 1692 Illo
873 1669 965 1692 autem

169 1716 275 1743 semine
297 1715 326 1742 in
349 1715 440 1741 anima
458 1713 565 1740 radices
582 1717 678 1748 agente
694 1717 721 1740 et
746 1717 885 1744 manente,
911 1719 964 1738 non

169 1767 260 1801 potest
279 1768 393 1797 peccare
406 1760 453 1796 qui
470 1760 522 1787 hoc
535 1759 639 1786 semine
658 1758 885 1786 assimilationem
901 1764 963 1784 cum

169 1813 319 1845 generante
334 1808 389 1836 Deo
400 1807 533 1843 possidet.
550 1806 600 1834 Illo
615 1811 706 1834 autem
725 1805 830 1834 semine
842 1812 874 1832 ex
889 1804 964 1840 cogi-

170 1855 273 1885 tatione
285 1859 379 1884 nostra
395 1855 494 1890 cjccto,
511 1854 604 1882 statim
628 1852 731 1880 diaboli
747 1859 840 1880 semen
853 1850 966 1878 inillius

171 1901 263 1930 locum
282 1901 422 1936 injicitur,
437 1904 465 1929 et
479 1899 649 1930 zizaniorum
667 1897 832 1934 germinatio
857 1896 964 1931 incipit.

171 1947 267 1979 Plures
282 1948 390 1983 quidem
406 1947 446 1978 sic
459 1946 585 1982 propius,
604 1949 634 1972 ut
651 1944 717 1971 mibi
733 1943 853 1976 videtur,
869 1942 902 1969 ad
917 1949 966 1969 ve-

173 1993 284 2020 ritatem
310 1997 446 2020 steterunt
465 1992 532 2019 illud
551 1990 669 2027 apostoli
697 1990 800 2020 dictum
827 1989 965 2022 interpre-

172 2039 267 2066 tando.
287 2040 339 2066 Alii
358 2043 449 2066 autem
468 2038 619 2073 simplicius
636 2037 732 2065 dicunt
757 2043 845 2071 neque
861 2035 965 2070 justum

171 2085 307 2120 justitiam
323 2085 481 2118 colentem,
508 2091 598 2119 neque
623 2083 774 2118 sapientem
802 2081 966 2116 sapientiam

173 2131 379 2168 adimplentem,
399 2138 490 2166 neque
503 2131 587 2158 alium
604 2137 742 2165 quemque
765 2136 845 2157 suum
867 2135 966 2155 nomen

173 2185 187 2204 ιι
203 2177 302 2204 virtute
319 2177 471 2207 trahentem
487 2184 520 2204 eo
538 2176 611 2211 quod
623 2175 696 2207 illam
712 2178 823 2210 peragat
837 2177 864 2201 et
877 2172 968 2201 adim-

172 2225 257 2264 pleat,
272 2231 396 2259 unquam
412 2223 516 2258 peccati
529 2223 697 2250 exstiturum
716 2222 858 2248 factorem.

979 1743 1000 1771 C

209 2313 264 2342 Sed
280 2313 333 2341 hoc
344 2312 633 2348 quidem,quanquam
656 2319 671 2339 a
687 2310 854 2346 quibusdam
865 2310 969 2337 dictum

174 2364 226 2393 est,
245 2367 300 2387 non
317 2359 490 2386 altitudinem
515 2358 673 2397 apostolicae
699 2356 842 2385 sententiae
861 2355 971 2383 videtur

1012 1059 1143 1081 peccantes
1153 1056 1292 1083 videamus.

1051 1111 1083 1137 Εἰ
1098 1110 1130 1137 δι’
1146 1110 1242 1142 ὓδατος
1258 1111 1305 1138 καὶ
1320 1110 1479 1146 Πνεῦματος
1495 1111 1519 1138 οἱ
1535 1111 1712 1146 γεννηθέντες
1726 1112 1818 1138 τέκυα

1016 1156 1084 1183 Θεοῦ
1098 1156 1310 1192 χρηματίζουσι,
1328 1156 1362 1183 τὰ
1375 1156 1404 1183 δὲ
1426 1157 1509 1184 τέκνα
1524 1157 1572 1184 τοῦ
1587 1157 1667 1190 Θεοῦ,
1687 1157 1725 1189 ὡς
1738 1158 1752 1184 ὁ
1766 1158 1818 1185 οε-

1017 1203 1128 1234 σπὲσιος
1145 1203 1271 1239 Ἰωάννης
1291 1203 1351 1238 βοᾷ,
1370 1203 1510 1238 ἁμαρτίαν
1525 1203 1555 1230 ού
1570 1205 1653 1235 ποιεῖ,
1667 1204 1816 1240 ἐπερωτᾷς

1017 1250 1064 1276 καὶ
1081 1249 1221 1285 διαπορείς
1237 1249 1295 1281 πῶς
1309 1249 1368 1285 μεθ’
1379 1249 1393 1275 ὅ
1405 1249 1452 1276 τοῦ
1466 1249 1580 1285 λουτροῦ
1595 1251 1645 1285 τῆς
1661 1249 1816 1284 παλλιγγε-

1016 1297 1108 1328 νεσίας
1124 1297 1172 1323 τοῦ
1186 1297 1347 1333 τηλικούτου
1363 1297 1534 1333 χαρίσματος
1556 1296 1726 1332 ἠξιώθημεν,
1742 1297 1817 1333 πρὸς

1016 1344 1156 1379 ἁμαρτίαν
1175 1344 1396 1379 καταφερόμεθα.
1420 1343 1502 1370 Ἀλλᾶ
1519 1344 1572 1379 πρό
1588 1352 1619 1378 γε
1639 1344 1688 1379 τῆς
1708 1343 1818 1375 λύσεως

1016 1391 1070 1417 τῶν
1086 1390 1238 1417 δοκούντων
1250 1391 1322 1426 ἔχειν
1333 1391 1510 1427 ἐναντιότητα
1520 1391 1662 1427 ῥημάτων,
1673 1391 1739 1418 αὑτὸ
1751 1391 1818 1418 καθ’

1016 1437 1083 1464 αὐτὸ
1099 1437 1130 1463 τὺ
1142 1437 1318 1465 ἀποστολικδν
1345 1438 1528 1464 ἐπισκεπτέον
1553 1438 1636 1474 ῥητόν
1647 1445 1654 1452 ·
1669 1437 1728 1470 πῶς
1745 1438 1817 1469 ὅλως

1017 1482 1164 1518 ἄνθρωπος
1177 1483 1271 1511 τέκνον
1289 1483 1357 1510 Θεοῦ
1370 1483 1490 1518 γεγονὼς
1505 1485 1643 1520 ἁμαρτίαν
1655 1485 1684 1511 οὐ
1703 1484 1817 1511 δύναται

1017 1532 1120 1564 ποιεῖν;
1133 1530 1212 1562 Τινὲς
1237 1530 1286 1565 μὲν
1308 1530 1356 1557 οὖν
1372 1539 1464 1566 φασιν,
1485 1531 1523 1563 ὡς
1538 1531 1620 1562 αὐτδς
1635 1531 1739 1562 ἐκεῖνος
1754 1531 1818 1557 ἐπι-

1017 1575 1149 1611 λυόμενος
1163 1576 1262 1610 ἐπάγει
1273 1575 1314 1609 τὸ,
1331 1576 1372 1602 ὅτι
1389 1576 1501 1611 σπέρμα
1518 1575 1601 1603 αὐτοῦ
1620 1577 1649 1603 ὲν
1663 1576 1739 1611 αύτῷ
1749 1585 1756 1591 ·
1767 1576 1817 1602 τοῦ

1017 1622 1073 1658 γὰρ
1088 1621 1249 1649 δεσποτικοῦ
1267 1623 1424 1657 σπέρματος
1439 1623 1499 1657 ἦτοι
1516 1621 1708 1649 διδασκαλικοῦ
1717 1622 1800 1656 λόγου
1809 1631 1816 1638 ·

1024 1669 1152 1705 Ἐξῆλθεν
1159 1669 1224 1704 γὰρ,
1236 1669 1329 1703 φησιν,
1345 1670 1359 1695 ὁ
1371 1669 1491 1703 σπείρων
1504 1668 1551 1695 τοῦ
1569 1670 1681 1704 σπεῖραι.
1693 1677 1700 1683 ·
1718 1669 1818 1695 τούτου

1018 1715 1050 1752 δὴ
1066 1716 1112 1742 τοῦ
1131 1715 1291 1750 σπέρματος
1304 1715 1333 1740 ὲν
1347 1715 1380 1750 τῇ
1393 1715 1466 1750 ψυχῇ
1484 1715 1646 1750 ριζωοέντος
1660 1715 1708 1741 καὶ
1723 1723 1816 1749 παρα-

1019 1762 1148 1798 μένοντος
1159 1762 1190 1788 οὺ
1206 1761 1319 1788 δύναται
1338 1762 1425 1787 ποιεῖν
1443 1761 1581 1797 ἁμαρτίαν
1599 1762 1613 1787 ὁ
1633 1761 1739 1788 ἐκείνου
1765 1759 1818 1787 τοῦ

1017 1809 1120 1844 σπόρου
1135 1809 1184 1844 τὴν
1197 1808 1368 1844 ἀφομοίωσιν
1384 1808 1454 1842 πρὸς
1475 1808 1521 1834 τὸν
1543 1807 1730 1843 γεγεννηκότα
1746 1814 1818 1841 κτη-

1018 1854 1137 1890 σάμενος
1151 1853 1218 1880 Θεόν
1231 1861 1238 1867 ·
1255 1852 1473 1888 παραιρεθέντος
1489 1852 1518 1879 δὲ
1532 1853 1579 1879 τοῦ
1594 1852 1717 1879 τοιούτου
1731 1852 1820 1887 σπέρ-

1019 1908 1105 1936 ματος
1117 1901 1149 1926 ὲκ
1165 1900 1215 1934 τῆς
1233 1899 1352 1930 διανοίας
1371 1899 1461 1934 ἡμῶν,
1485 1899 1585 1925 αὐτίκα
1607 1900 1621 1925 ὁ
1645 1897 1692 1925 τοῦ
1715 1898 1819 1934 ἐχθροῦ

1018 1947 1281 1976 ἀντικαταϐάλλεται
1294 1947 1404 1983 σπόρος,
1419 1947 1465 1973 καὶ
1477 1948 1494 1982 ἡ
1505 1947 1560 1973 τῶν
1572 1946 1700 1979 ζιζανίων
1713 1946 1819 1981 βλάστη

1017 1995 1152 2030 λαμϐάνει
1161 1995 1258 2030 ἀρχήν.
1269 1993 1354 2020 Ἔνιοι
1365 1993 1414 2028 μὲν
1424 1992 1520 2023 οὕτως,
1529 1993 1567 2023 ὡς
1575 1991 1667 2026 ἔμοιγε
1675 1992 1759 2023 δοκεῖ,
1771 1992 1821 2019 καὶ

1017 2043 1067 2077 τῆς
1079 2041 1208 2077 ἀληθείας
1223 2041 1306 2075 ἐγγὺς
1315 2039 1345 2065 τὸ
1353 2037 1531 2065 ἀποττολικδν
1544 2037 1625 2073 ῥητὸν
1642 2038 1818 2072 νενοήκασιν.

1019 2090 1050 2116 Οῐ
1065 2088 1094 2115 δὲ
1109 2086 1293 2121 ἀπλούστερὸν
1314 2093 1410 2119 φασιν,
1427 2084 1464 2115 ὼς
1481 2082 1543 2110 οὒτε
1558 2084 1572 2109 ὁ
1599 2082 1703 2114 δίκαιος
1718 2082 1769 2117 τὴν
1784 2083 1821 2109 δι-

1020 2134 1165 2168 καιοσύνην
1181 2134 1321 2167 πράττων,
1348 2130 1409 2157 οὔτε
1424 2130 1439 2157 ὁ
1454 2130 1572 2165 σώφρων
1579 2129 1628 2165 τὴν
1639 2128 1821 2164 σωφροσύνην

1020 2179 1162 2210 ἐπιτελῶν,
1176 2178 1207 2204 οὑ
1224 2177 1276 2212 μὴν
1290 2176 1347 2203 ἀλλ’
1364 2176 1418 2202 οὐδ’
1429 2176 1507 2208 ἄλλος
1523 2175 1690 2210 παρώνυμος
1702 2174 1755 2200 ἀπο
1768 2174 1821 2207 τῆς

1020 2226 1122 2261 ἀρετῆς
1137 2225 1166 2251 ὲν
1179 2220 1201 2258 ᾧ
1214 2221 1317 2258 ταύτην
1329 2222 1402 2248 τελεῖ
1410 2222 1456 2249 καὶ
1464 2222 1672 2256 διαπράττεται,
1684 2219 1819 2254 οὕμενουν

1021 2272 1071 2298 οὐκ
1087 2270 1120 2297 ἄν
1135 2278 1202 2297 ποτε
1211 2269 1260 2296 καὶ
1272 2269 1321 2304 τῆς
1335 2267 1474 2304 ἁμαρτίας
1492 2266 1623 2302 ὑπάρξειε
1638 2265 1817 2301 δημιουργός.

1063 2317 1144 2343 Ἀλλὰ
1160 2316 1242 2342 τοῦτο
1260 2315 1310 2350 μὲν
1323 2315 1347 2341 εί
1358 2314 1405 2341 καί
1417 2322 1488 2341 τισιν
1499 2313 1617 2348 εἴρηται,
1634 2311 1664 2338 οὗ
1681 2319 1727 2346 μοι
1744 2309 1820 2336 δοκεῖ

1022 2364 1069 2390 ’τοῦ
1082 2362 1165 2397 ὕψους
1178 2362 1227 2396 τῆς
1242 2360 1425 2395 ἁποστολικῆς
1439 2357 1594 2393 ἐφικεῖσθαι
1606 2357 1725 2387 διανοίας
1734 2364 1741 2371 ³
1756 2355 1819 2382 οὐδὲ

175 2407 307 2443 attigisse.
323 2406 382 2434 Non
391 2407 463 2442 enim
476 2406 604 2434 callidum
617 2404 747 2437 estscire,
762 2403 809 2431 sed
825 2410 914 2438 neque
922 2403 957 2429 do

1051 2411 1080 2446 ὶρ
1092 2410 1173 2444 σοφὸν
1185 2409 1296 2440 ειδέναι,
1312 2407 1370 2434 ἀλλ’
1386 2406 1447 2433 οὐδὲ
1460 2406 1608 2437 διδάσκειν,
1636 2403 1674 2435 ὡς
1691 2404 1706 2430 ὁ
1716 2402 1820 2433 δίκαιος

175 2462 238 2482 cere
249 2454 357 2490 justum
371 2454 445 2489 ju5te
464 2457 590 2489 agentem
619 2459 674 2479 non
691 2451 855 2486 injustitiam
872 2450 969 2483 admit-

176 2492 360 2536 tere,rueque
383 2501 534 2536 sapientem
557 2500 774 2534 intemperanter
801 2505 856 2525 non
877 2498 970 2524 vivere

140 2541 142 2543 ’
176 2549 241 2576 dum
260 2549 342 2584 sapit.
358 2547 454 2576 Melius
477 2547 546 2574 forte
572 2550 646 2576 esset
657 2551 684 2573 et
699 2546 752 2572 boc
767 2544 848 2573 modo
866 2543 970 2571 intelli-

176 2603 241 2631 gere
260 2603 323 2622 eum
339 2595 386 2630 qui
409 2603 443 2622 ex
458 2594 513 2622 Deo
528 2598 610 2621 natus
624 2597 666 2620 est
682 2597 708 2620 et
724 2599 817 2621 semen
833 2591 930 2626 ejusin
941 2597 971 2618 se

176 2642 237 2678 ipso
251 2642 387 2676 concepit.
406 2649 504 2676 nempe
517 2641 647 2669 virtutem
662 2641 756 2675 (omne
772 2639 846 2666 enim
866 2638 970 2665 donum

177 2688 329 2724 perfectum
345 2688 490 2715 desursum
505 2692 557 2720 cst,
575 2687 745 2718 descendens
759 2694 772 2712 a
791 2685 871 2712 Patre
889 2683 972 2711 Iumi-

178 2735 266 2770 num),
279 2738 307 2762 et
322 2733 459 2769 perfectus
485 2739 527 2762 est
547 2735 574 2762 in
592 2742 635 2765 ea,
649 2734 687 2761 ita
706 2737 736 2760 ut
757 2732 783 2759 in
799 2731 872 2759 illius
892 2729 972 2757 babi-

177 2785 236 2808 tum
268 2788 335 2815 purc
359 2780 509 2812 transierit,
530 2788 584 2807 non
612 2780 715 2807 habens
737 2778 790 2806 sibi
822 2777 971 2804 admistum

178 2825 242 2854 mali
258 2833 362 2859 semen,
377 2834 451 2858 eum,
472 2827 594 2861 inquam.
608 2834 663 2854 non
679 2833 760 2861 posse
775 2829 917 2861 peccatum
932 2823 972 2850 fa-

178 2879 240 2908 cere
252 2882 260 2909 ;
272 2872 298 2900 id
312 2877 366 2906 est,
385 2880 437 2900 non
453 2872 552 2905 babcrc
564 2872 731 2905 voluntatem
749 2872 781 2900 ad
807 2870 971 2908 cupiditates

1015 2454 1226 2490 δικσ.ιοπραγιῖ›-.Ι
1236 2454 1286 2480 οὐκ
1294 2453 1392 2484 ἀδικεῖ,
1406 2451 1464 2478 ἀλλ’
1474 2451 1536 2478 οὐδὲ
1548 2452 1562 2477 ὀ
1572 2450 1688 2484 σώφρων
1695 2449 1745 2474 οὐκ
1754 2449 1819 2474 ἁκο-

1022 2502 1162 2530 λασταίνει
1179 2501 1208 2527 ὲν
1220 2500 1260 2537 τῷ
1280 2499 1448 2534 σωφρονεῖν·
1467 2497 1579 2532 ἄμεινον
1598 2496 1627 2523 δὲ
1646 2495 1679 2522 ἂν
1697 2495 1762 2526 ἴσως
1775 2494 1817 2528 εἴη

1023 2550 1134 2577 κάκεῖνο
1149 2546 1316 2578 συνιδεῖν,ὠς
1331 2546 1345 2571 ὁ
1357 2543 1558 2579 γεγεννημένος
1574 2544 1606 2569 ὲκ
1619 2541 1666 2568 τοῦ
1685 2540 1753 2567 Θεοῦ
1771 2540 1818 2567 καὶ

1023 2595 1054 2621 τὸ
1068 2594 1179 2629 σπέρμα
1196 2592 1280 2619 αὐτοῦ
1298 2592 1326 2617 ὲν
1342 2590 1432 2625 ἐαυτῷ
1449 2588 1590 2617 συλλαϐὼν
1602 2589 1662 2624 ἦτοι
1679 2587 1729 2623 τὴν
1759 2588 1819 2622 ἀρε-

1024 2641 1073 2677 τὴν
1104 2641 1168 2676 (πᾶν
1192 2639 1247 2675 γὰρ
1270 2638 1387 2674 δώρημα
1418 2638 1520 2664 τέλειον
1536 2635 1640 2663 ἄνωθέν
1661 2635 1718 2661 ἐστι
1736 2642 1818 2660 κατα-

1024 2688 1116 2715 δαῖνον
1130 2686 1184 2714 ἀπὸ
1199 2684 1245 2712 τοῦ
1263 2684 1370 2719 “ergo;
1385 2683 1440 2710 τῶν
1471 2682 1580 2717 φώτων)
1603 2681 1652 2707 καὶ
1667 2679 1818 2710 τελειωθεὶς

1024 2734 1053 2760 ὲν
1070 2733 1139 2768 αὐτῇ
1154 2732 1191 2762 ὡς
1209 2731 1256 2758 καὶ
1271 2729 1373 2764 ταύτης
1384 2729 1513 2762 καθαρῶς
1524 2729 1564 2760 είς
1581 2727 1637 2760 ἕξιν
1652 2727 1757 2758 ἐλάσαι,
1782 2725 1817 2761 μὴ

1024 2779 1094 2814 ἔχων
1108 2777 1329 2812 ἐπιμιγνυμένην
1344 2775 1434 2811 ἑαυτῴ
1452 2774 1497 2801 τοῦ
1515 2773 1601 2801 κακοῦ
1616 2774 1666 2809 τὴν
1679 2772 1815 2808 σπορὰν.ὁ

1024 2824 1144 2856 τοιοῦτος
1157 2824 1187 2850 ού
1201 2823 1313 2850 δύναται
1329 2822 1418 2848 ποιεῖν
1434 2820 1572 2856 ἁμαρτίαν
1582 2829 1589 2835 ·
1608 2820 1759 2849 τουτέστιν,
1770 2818 1817 2844 οὐκ

1025 2871 1080 2905 ἔχει
1097 2871 1147 2906 τὴν
1164 2869 1279 2905 γνώμην
1311 2868 1448 2905 ῥέπουσιν
1480 2867 1549 2902 πρὶς
1576 2866 1610 2893 τὰ
1639 2865 1723 2899 πάθη,
1758 2861 1816 2890 οὐᾶ
