1882 3075
78 145 128 178 113

539 148 588 178 AD
601 148 899 180 AMPHILOCHIUM
914 149 1089 186 QUIESTIO
1108 151 1192 189 VIII,
1213 153 1264 183 IX.

1679 155 1727 188 lli

75 206 146 242 πρὸς
163 206 258 233 ἐκεῖνα
268 207 315 233 τὸν
331 206 395 233 νοῦν
407 194 648 242 ἐπιστρεφόμενον.
663 208 769 244 Ὣστιερ
784 208 839 244 γὰρ
856 209 873 244 ἡ
888 215 911 242 Α
926 217 944 237 ει

959 213 1100 245 rpentem,
1130 218 1218 245 neque
1247 215 1364 238 mentem
1404 213 1437 239 ad
1465 213 1526 240 illas
1557 220 1729 242 conversam.

75 251 221 283 ἁδὶδακτος
235 251 319 286 φύσις
334 252 447 287 ἰσχυρὸν
461 252 494 278 τὰ
514 252 590 287 παρὰ
607 252 688 287 φύσιν
704 254 876 289 ἀποστρέφει

75 296 148 327 σθαι,
165 296 258 328 οὕτως
270 298 287 332 ὴ
304 297 337 323 ὲκ
354 297 531 329 διδασκαλίας
550 297 595 323 διὰ
611 298 662 332 τῆς
686 298 741 324 τῶν
762 299 875 333 ἀγαθῶν

74 343 205 379 πράξεως
216 344 374 379 γυμνασίας
386 344 566 379 ὲπιγινομένη
582 344 639 378 ἕξις
657 345 781 380 μεγάλην
805 346 876 380 λαμ-

73 390 151 417 ϐάνει
163 390 215 425 τὴν
233 391 312 425 ἰσχὺν
324 391 364 422 εἰς
376 390 408 416 τὸ
422 390 491 426 πρὸς
506 391 589 426 μηδὲν
604 390 660 417 τῶν
670 391 781 426 φαύλων
796 393 876 428 ἑπιρα

74 436 166 471 ῥεπῶς
183 436 260 470 ἔχειν
276 436 324 463 καὶ
342 436 449 468 τούτοις
464 437 614 472 ἐφήδεσθαι
625 446 632 452 ·
648 437 706 464 ἀλλ’
723 439 739 472 ἡ
762 437 812 473 μὲν
825 437 874 465 τοῦ

73 481 158 516 ῥητοῦ
170 482 237 508 καθ’
253 483 354 517 ἑαυτὴν
375 483 471 517 σκέψις
484 483 597 519 τοιαύτη
610 492 653 515 τις
667 483 699 510 ἂν
714 484 768 519 εἴη.
797 484 875 511 Ἑπι-

72 531 162 558 λύοιτο
175 531 200 558 δ’
215 532 251 558 ἂν
264 532 311 558 καὶ
328 533 345 567 ἡ
363 532 434 558 κατά
443 532 604 567 συμπλοκὴν
619 533 675 559 τῶν
694 533 785 569 ῥητῶν
806 543 875 568 προ·

72 577 189 613 κειμένη
197 578 303 613 ἀπορία
310 578 386 604 οὐδὲν
395 578 504 605 ἔλαττον
519 580 566 605 καὶ
574 579 608 605 δι’
625 580 684 611 ἑνὸς
693 580 810 607 ἑκάστου
819 581 874 608 τῶν

71 624 234 658 εἰρημένων
245 632 252 638 “
274 624 351 650 οὐδὲν
367 624 424 660 γὰρ
438 625 541 659 ἄπορον
555 624 619 652 οὔτε
635 625 681 653 τὸν
698 625 797 661 ἔχοντα
811 627 875 658 τοὺς

73 670 282 704 σπερματικοὺς
293 670 388 702 λογοὺς
400 671 428 696 ὲν
438 669 526 704 ἐαυτῷ
541 669 751 704 βλαστάνοντας,
760 671 813 697 εῐτε
820 670 874 696 τῶν

73 715 178 749 ἀρετῶν
194 716 304 750 εἴησαν,
317 714 374 741 εἴτε
382 715 432 750 τῆς
443 715 584 747 εὐσεϐείας
597 716 625 742 αἱ
640 716 800 748 καταϐολαὶ,
813 716 874 742 τότε

73 762 123 796 μὲν
134 761 273 796 μηδαμῶς
282 760 462 795 ἀποδέχεσθαι
472 760 677 796 τὴνέπισπορὰν
683 761 729 788 τοῦ
737 761 855 797 πονηροῦ
866 770 873 778 ’

70 807 183 834 ἐπειδὰν
190 807 219 834 δὲ
226 807 274 833 τοῦ
281 807 368 834 κακοῦ
378 806 620 843 βλαστήματοςὲρη
625 815 672 842 μοι
680 807 873 841 καταστῶμεν,

69 853 130 879 τὲτε
143 853 215 888 πρὸς
226 853 277 888 τὴν
294 853 349 880 τῶν
356 852 485 885 ζιζανίων
503 853 641 888 ὑποδοχὴν
659 861 875 888 παρασκευασα-

70 900 171 934 μένους
189 900 308 935 ὁρᾶσθαι
321 908 328 914 '
344 899 402 926 ἀλλ’
413 900 473 926 οὐδὲ
485 899 530 926 τὸν
546 900 699 934 πράττοντα
712 899 760 935 τὴν
768 899 869 934 ἀρετὴν

930 256 1168 289 Quemadmodum
1181 257 1254 284 enim
1283 257 1392 286 indocta
1412 263 1510 286 natura
1535 259 1668 287 violenter
1695 269 1727 288 ea

927 311 988 337 qua:
1001 311 1082 338 supra
1095 309 1222 331 naturam
1238 310 1303 332 sunt
1320 309 1473 339 aversatur,
1488 306 1525 333 ita
1539 307 1584 333 ille
1607 315 1641 334 ex
1678 307 1728 334 do-

928 349 1017 376 ctrina
1033 356 1082 384 per
1097 350 1231 377 bonarum
1252 351 1390 378 actionum
1407 352 1564 379 exercitium
1582 353 1728 380 laetuslta-

927 393 1000 422 bitus
1027 395 1082 422 vim
1107 403 1234 430 magnam
1254 397 1352 431 accipit
1372 402 1402 424 ut
1426 399 1508 426 nullis
1530 399 1611 426 malis
1635 404 1728 432 serpat

926 446 974 468 aut
988 441 1070 469 nullis
1090 442 1249 470 delectetur.
1274 443 1309 470 Ea
1333 444 1443 479 quidem
1462 448 1534 472 esset
1557 444 1639 478 huius
1659 445 1725 473 dicti

928 486 954 513 in
970 494 998 514 se
1012 487 1197 523 investigatio.
1215 488 1375 517 Solverctur
1389 494 1417 517 et
1433 490 1577 518 difﬁcultas
1589 490 1615 518 in
1630 491 1727 518 verbo-

926 539 985 559 rum
999 533 1169 561 oonnexione
1191 535 1242 562 sita
1258 542 1312 562 non
1329 536 1420 563 minus
1437 544 1483 570 per
1511 537 1726 572 unumquodque

925 578 1074 606 dictorum.
1094 579 1154 607 Non
1170 581 1242 608 enim
1271 581 1385 609 dubium
1401 587 1442 609 est
1457 582 1521 618 quin
1536 583 1558 609 is
1571 583 1617 617 qui
1645 583 1727 610 semi-

925 624 997 651 nalia
1012 625 1093 652 verba
1110 625 1190 653 habet
1202 626 1228 652 in
1241 633 1270 653 se
1284 627 1344 662 ipso
1358 628 1549 662 germinantia,
1562 629 1623 655 sive
1636 628 1725 655 virtu-

927 675 983 696 tum
1001 669 1066 702 sint,
1077 670 1135 697 sive
1152 671 1263 706 pietatis
1282 672 1354 706 jaeta
1374 673 1490 705 semina,
1517 674 1628 700 minime
1654 674 1680 700 in
1697 681 1726 700 se

925 716 987 742 mali
1005 716 1139 743 sationem
1156 716 1301 750 admittat;
1324 725 1385 745 cum
1406 723 1496 745 autem
1513 719 1586 745 malo
1604 719 1726 753 germine

926 763 1003 789 vacui
1034 766 1149 794 stamus,
1178 767 1243 790 tunc
1268 764 1295 790 in
1319 764 1487 792 zizaniorum
1510 765 1723 799 aceeptationcm

925 807 1098 843 accingentes
1113 816 1164 836 nos
1186 809 1338 843 videamur,
1355 811 1402 837 sed
1419 819 1506 845 neque
1522 818 1583 838 eum
1606 811 1650 845 qui
1669 811 1724 838 vir-

926 856 1010 878 tutetn
1040 853 1118 887 agit,
1142 854 1273 881 adversus
1305 855 1417 888 malum,
1446 855 1611 882 inefﬁcacem
1643 863 1723 888 esse;

924 905 986 925 eum
1001 903 1092 926 autem
1114 900 1161 934 qui
1178 900 1307 934 pulchros
1329 906 1410 928 actus
1447 901 1558 937 negligit
1571 901 1605 928 ad
1632 901 1724 936 pejora

69 946 182 972 ἐπειδᾶν
195 946 299 980 ταύτην
311 946 466 982 εἰλικρινῶς
474 946 593 982 πράττῃ,
603 946 786 981 ἀνενέργητον
796 945 878 972 αὑτὸν
896 944 916 971 Β
931 943 944 970 d

957 943 1043 976 aferri,
1062 952 1142 972 nemo
1158 947 1256 980 estqui
1279 946 1423 981 disceptet.

69 992 139 1028 πρὶς
146 992 198 1027 τὴν
204 992 304 1018 κακίαν
310 989 396 1018 εἶναι’
404 992 579 1028 ἀμελήσαντα
587 992 615 1018 δὲ
626 992 680 1018 τῶν
689 992 778 1018 καλῶν
792 991 880 1027 ἔργων
894 989 961 1024 πρὸς
969 990 1003 1016 τὰ
1018 991 1128 1026 χείρονα
1136 992 1341 1027 κατενεχθῆναι,
1351 992 1439 1024 οὐδεὶς
1447 992 1480 1018 ἂν
1487 992 1722 1029 διαμφισϐητήσῃ.

101 1038 209 1073 Δυθείη
240 1039 290 1073 μὲν
317 1038 351 1065 ἃν
365 1039 461 1074 ὥσπερ
480 1039 587 1074 εῑρηται
613 1038 658 1065 διὰ
672 1038 775 1065 τούτων
788 1039 836 1064 καὶ
848 1038 865 1073 ὴ

67 1084 186 1111 δοκοῦσα
204 1085 266 1111 κατ’
279 1085 367 1120 ἀρχὰς
377 1085 432 1111 τῶν
449 1085 537 1120 ῥητῶν
548 1085 746 1119 ὲναντιολογία·
762 1085 868 1112 οἰκειω-

67 1131 133 1165 τέρα
150 1131 182 1156 δὲ
201 1131 251 1157 καὶ
274 1131 414 1163 ἰδιάζουσαι
433 1130 509 1162 λύσις
518 1130 560 1166 εἴη
585 1131 619 1158 ἂν
632 1131 701 1166 αὐτῇ
730 1139 868 1166 προσαγο-

70 1177 134 1212 μὲνη
150 1176 281 1212 τοιαύτη.
300 1177 395 1208 Διττός
415 1177 489 1203 ἐστιν
509 1177 523 1203 ὁ
547 1177 596 1212 τῆς
607 1177 713 1204 ἄνωθεν
731 1177 868 1209 υἱοθεσίας

68 1223 182 1258 τρόπος·
213 1225 227 1250 ὁ
241 1223 292 1258 μὲν
308 1225 341 1250 ὲκ
355 1224 441 1258 μόνης
458 1224 509 1257 τῆς
535 1223 693 1259 φιλοτιμίας
715 1223 763 1250 τοῦ
779 1223 868 1250 υἱοθε-

68 1269 179 1301 τοῦντος
194 1269 435 1304 ἐπιδεικνύμενος,
452 1270 466 1295 ὁ
480 1268 508 1296 δὲ
532 1268 602 1304 μετὰ
621 1269 802 1303 συνεισφορᾶς
817 1269 867 1303 τῆς

67 1316 208 1351 ἡμετέρας
216 1316 348 1350 σπουδῆς,
356 1315 418 1341 καθ’
431 1315 464 1351 ἣν
471 1316 487 1350 ὴ
495 1315 548 1341 τῶν
558 1315 664 1350 ἀρετῶν
676 1315 867 1349 συνεισάγεται

67 1363 184 1396 ἐργασία
198 1369 206 1376 ·
228 1362 277 1388 καὶ
287 1362 304 1396 ἡ
315 1361 424 1388 δοθεῖσα
438 1362 488 1396 τῆς
503 1361 642 1392 υἱοθεσίας
660 1360 764 1387 ἀνωθεν
786 1360 866 1395 χάρις

65 1410 95 1442 τῇ
108 1409 163 1435 ἀπὶ
178 1409 232 1443 τῆς
246 1409 361 1443 γνώμης
376 1407 542 1434 συνελθοῦσα
561 1407 616 1433 τῶν
631 1407 738 1442 ἀρετῶν
754 1406 865 1442 πράξει,

66 1455 122 1481 ᾖον
137 1456 302 1489 ἁναμορφοῐ
315 1454 360 1480 τὸν
375 1453 583 1488 υἱοθετούμενον
591 1453 660 1489 πρὸς
672 1453 721 1488 τὴν
736 1453 866 1488 ὁμοίωσιν

66 1502 110 1527 καὶ
126 1501 174 1527 τὸν
190 1499 371 1535 χαρακτῆρα,
386 1498 448 1525 καθ’
463 1500 524 1526 ὅσον
537 1500 612 1526 ἐστὶν
629 1499 766 1534 ἀνθρώπῳ
778 1499 866 1534 μιμή-

66 1547 162 1573 σασθαι
178 1545 297 1572 δυνατὸν
316 1546 363 1572 τδν
379 1545 563 1580 γεγεννηκότα
590 1544 668 1572 Θεόν.
706 1544 801 1575 Οὕτως
817 1545 867 1580 μὲν

65 1591 134 1620 οὖνὸ
161 1593 238 1620 κατά
261 1592 357 1619 τοῦτον
373 1592 420 1618 τὸν
439 1591 540 1626 τρόπον
570 1591 746 1626 χρηματίσας
773 1591 867 1617 τέκνον

65 1640 143 1672 Θεοῦ,
155 1641 204 1665 καὶ
214 1638 288 1665 οὕτω
303 1638 417 1673 βεὸαίαν
437 1638 484 1664 καὶ
499 1637 700 1673 ἀμετακίνητον
712 1637 761 1672 τὴν
778 1637 868 1663 υἱοθε-

959 1037 1011 1067 Per
1041 1038 1099 1065 hare
1116 1038 1225 1073 quidem
1245 1038 1404 1070 solveretur,
1428 1043 1458 1066 ut
1478 1039 1579 1066 dictnni
1598 1044 1658 1071 est,
1677 1040 1722 1066 illa

918 1085 1007 1121 primo
1030 1084 1133 1111 intuitu
1156 1091 1290 1118 apparens
1315 1084 1470 1119 oppositio;
1495 1084 1581 1119 magis
1613 1086 1721 1119 propria

917 1138 984 1158 vero
1010 1135 1037 1157 et
1059 1131 1290 1158 accommodatior
1318 1136 1390 1159 esset
1418 1131 1456 1158 illi
1490 1132 1597 1158 admota
1621 1132 1722 1160 solutio

919 1176 991 1203 talis.
1011 1175 1112 1210 Duplex
1126 1181 1167 1204 est
1183 1176 1264 1210 hujus
1288 1177 1427 1204 tiliationis
1443 1177 1539 1205 modus
1556 1189 1561 1205 ;
1575 1186 1646 1205 unus
1659 1178 1722 1212 qui-

918 1223 979 1250 dem
1001 1230 1033 1249 ea
1047 1221 1105 1249 sola
1129 1221 1438 1258 adoplanlislargitione
1451 1231 1483 1250 ac
1494 1224 1584 1251 studio
1608 1225 1723 1252 demon-

918 1272 1040 1301 stratus;
1058 1268 1128 1294 alter
1144 1275 1219 1300 vero,
1235 1268 1365 1302 adjuncto
1379 1269 1488 1304 proprio
1512 1275 1606 1297 nostro
1618 1270 1720 1301 studio,

916 1314 943 1341 vi
960 1314 1039 1348 cujus
1058 1313 1241 1341 introducitur
1255 1314 1387 1341 virtutum
1408 1315 1548 1349 operatio;
1562 1319 1587 1343 et
1600 1316 1663 1342 data
1675 1315 1723 1343 ευ·

917 1368 1010 1396 ρει-ηαξ
1035 1360 1174 1387 llliationis
1201 1361 1288 1395 gratia
1316 1369 1378 1388 cum
1404 1361 1558 1388 voluntaria
1586 1362 1718 1389 virtutum

917 1408 994 1442 praxi
1011 1408 1191 1438 conveniens,
1206 1412 1293 1434 totum
1310 1407 1490 1435 transformat
1504 1408 1589 1435 tilium
1611 1408 1723 1443 adopta-

920 1461 979 1489 tum
995 1453 1027 1480 ad
1044 1452 1251 1481 similitudinem
1268 1458 1294 1480 et
1310 1453 1509 1486 characterem,
1524 1460 1656 1488 quantum
1672 1455 1718 1481 ho-

918 1499 985 1526 mini
1013 1499 1076 1527 licet
1101 1499 1204 1526 intueri
1221 1507 1283 1526 eum
1308 1499 1355 1534 qui
1374 1500 1467 1534 genuit
1483 1499 1578 1527 Deum.
1599 1499 1645 1527 Sic
1661 1500 1723 1535 qui-

918 1545 978 1572 dem
997 1545 1041 1572 ille
1061 1545 1107 1580 qui
1133 1553 1163 1573 se
1192 1545 1243 1573 hoc
1272 1545 1354 1573 modo
1375 1545 1460 1572 filium
1483 1545 1528 1573 Dei
1550 1546 1619 1581 gerit
1642 1552 1723 1581 atque

919 1596 955 1622 ita
983 1591 1100 1619 solidam
1123 1595 1151 1619 ct
1173 1592 1372 1619 immutabilem
1394 1592 1567 1626 adoptionem
1591 1592 1722 1627 possidet.

918 1637 1111 1665 inconcussam
1129 1637 1228 1672 accipit
1246 1637 1432 1665 habitudinem
1457 1637 1520 1664 boni
1538 1642 1564 1664 et
1578 1646 1592 1664 a
1611 1643 1723 1673 peccato

66 1687 124 1712 σίαν
138 1685 329 1720 κτησάμενος,
344 1684 525 1711 ἀναλλοίωτον
536 1683 670 1718 λαμὸάνει
683 1683 732 1718 τὴν
745 1682 801 1715 ἕξιν
816 1682 863 1709 τοὺ
880 1686 900 1715 c
918 1683 944 1710 al

957 1683 1057 1715 horret,
1071 1691 1119 1710 nec
1134 1683 1201 1710 illud
1220 1684 1279 1710 vult
1300 1691 1411 1719 quoquo
1438 1685 1519 1711 modo
1552 1684 1651 1711 facere.
1670 1684 1722 1717 Qui

64 1732 161 1764 καλοῦ,
170 1733 220 1758 καὶ
236 1733 312 1766 μισεῖ
325 1731 374 1766 τὴν
388 1731 526 1765 ἁμαρτίαν
535 1730 582 1757 καὶ
593 1730 809 1765 ἀποστρέφεται,
823 1728 869 1755 καὶ

64 1779 113 1805 οὐκ
126 1778 218 1804 ἐθέλει
234 1777 338 1811 ταύτην
359 1776 464 1811 οὐδαμῆ
481 1776 578 1803 ποιεῖν.
602 1776 631 1801 '0
646 1775 696 1810 μέν
721 1774 762 1802 τοί
777 1783 808 1808 γε
819 1774 870 1808 τῆς

66 1819 239 1857 Atax-nui};
250 1821 410 1853 ἀπολαύσας
430 1821 595 1856 φιλοτιμίας,
612 1820 696 1856 μηδὲν
707 1819 736 1846 δὲ
743 1819 870 1855 τηλικοῦα

66 1879 110 1897 τον
125 1868 347 1902 συνεισενεγκὼν
358 1868 396 1900 ὡς
423 1867 536 1902 βεϐαίαν
554 1867 604 1902 τὴν
617 1866 756 1893 υἱοθεσίαν
769 1866 867 1898 δεῖξαι,

65 1918 111 1943 καὶ
126 1916 228 1944 ἑαυτὸν
243 1915 319 1947 ἄξιον
335 1915 441 1949 ταύτης
453 1914 495 1941 διὰ
506 1913 561 1940 τῶν
577 1913 667 1948 ἔργων
677 1911 864 1946 παραστῆσαι,

65 1961 143 1995 ὦτος
161 1963 195 1997 δὴ
211 1960 291 1991 οὗτος
309 1961 362 1988 κᾶν
379 1962 429 1996 τῆς
445 1960 584 1992 υἱοθεσίας
606 1958 761 1994 ἑτυχεν,ἣν
775 1959 790 1994 ἡ
817 1958 865 1988 Δε-

67 2010 184 2044 σποτικὴ
211 2007 358 2044 χαρίζεται
391 2007 546 2042 φιλοτιμία,
580 2006 619 2042 τῷ
647 2005 751 2040 ταύτην
778 2003 867 2039 οἰκεία

65 2057 161 2091 γνώμῃ
185 2056 235 2082 καὶ
251 2056 354 2090 σπουδῇ
371 2055 409 2090 μὴ
426 2055 598 2090 συγκροτεῖν,
615 2052 738 2088 εὐχερῶς
753 2051 866 2087 φέρεται

64 2103 131 2136 qaut;
147 2102 199 2133 τὰς
213 2101 270 2127 τῶν
296 2101 507 2136 ἁμαρτημάτων
535 2099 650 2134 πράξεις
666 2106 672 2112 ·
689 2098 720 2124 τὸ
745 2098 794 2133 μὲν
812 2097 866 2124 ἀπὸ

64 2149 108 2183 τῆς
122 2148 242 2183 χάριτος
252 2147 329 2173 δοθὲν
345 2147 469 2181 σπέρμα,
487 2143 542 2172 οἷον
550 2145 768 2181 ἀτελεσφόρητον
779 2152 865 2170 κατα-

63 2194 149 2220 λιπὼν
159 2214 168 2226 ,
186 2193 219 2219 τὸ
232 2192 260 2218 δὲ
281 2192 335 2218 ἀπὸ
349 2191 399 2218 τοῦ
412 2191 532 2227 πονηροῦ
547 2190 711 2226 ὲπισπαρὲν,
737 2189 866 2224 τελεσφο-

922 1733 1012 1757 ιίιιηρη
1032 1730 1076 1757 illa
1089 1729 1196 1757 Domini
1212 1730 1355 1765 largitione
1369 1730 1468 1758 fruitus
1491 1735 1532 1758 est
1552 1739 1640 1765 neque
1656 1731 1723 1757 satis

919 1776 1025 1802 curavit
1047 1780 1076 1802 ut
1093 1776 1208 1803 solidam
1237 1776 1409 1810 adoptionem
1424 1777 1579 1804 ostenderet
1592 1781 1617 1803 et
1633 1783 1662 1803 se
1673 1776 1723 1803 hac

918 1830 978 1849 esse
996 1822 1109 1857 dignum
1121 1822 1250 1857 operibus
1268 1821 1433 1854 ostenderet,
1460 1822 1506 1849 ille
1526 1829 1601 1853 sane,
1633 1830 1721 1856 quan-

918 1875 1000 1902 quam
1014 1867 1187 1902 adoptionem
1202 1868 1315 1895 sortitus
1336 1872 1472 1903 estquam
1486 1867 1593 1894 Domini
1609 1867 1723 1902 largitur

919 1913 1036 1944 affectio,
1053 1914 1117 1948 quia
1135 1922 1189 1940 non
1206 1922 1267 1941 eam
1296 1914 1403 1949 propria
1425 1914 1565 1941 voluntate
1582 1918 1608 1940 ct
1625 1914 1722 1940 ardore

920 1957 1073 1990 confirmat,
1094 1958 1126 1984 ad
1146 1963 1319 1993 peccatorum
1341 1964 1419 1986 actus
1438 1958 1518 1986 facile
1552 1958 1648 1986 fertur.
1674 1959 1722 1985 lllo

919 2003 1041 2038 quidem,
1057 2004 1128 2038 quod
1145 2005 1232 2039 gratia
1249 2005 1340 2032 datum
1366 2009 1418 2036 est,
1439 2005 1542 2032 setninc
1563 2003 1721 2038 imperfecto

921 2049 1025 2083 relicto,
1041 2051 1113 2085 quod
1144 2058 1158 2078 a
1182 2052 1253 2078 tnalo
1276 2051 1439 2078 scminatum
1456 2056 1497 2078 est
1517 2051 1626 2086 propria
1642 2051 1722 2078 indo-

918 2095 1002 2123 lentia
1028 2096 1167 2131 perficitur
1190 2102 1217 2124 et
1232 2097 1348 2130 colitur;
1377 2097 1449 2132 quod
1473 2098 1500 2124 in
1526 2106 1554 2125 se
1579 2097 1722 2124 conferens

915 2142 1010 2176 homo,
1041 2143 1139 2170 merito
1160 2152 1214 2170 non
1235 2149 1278 2171 est
1308 2144 1379 2171 filius
1401 2143 1460 2176 Dei,
1489 2143 1536 2171 sed
1571 2144 1644 2171 filius
1656 2143 1721 2171 dia-

917 2189 983 2215 boli.

63 2240 198 2274 ρούμενάν
233 2247 262 2264 τε
291 2239 340 2265 καὶ
363 2238 572 2273 γεωργούμενον
594 2238 683 2273 οἰκείᾳ
704 2237 843 2273 ρᾳθυμίᾳ¹
865 2236 933 2271 ὅπερ
953 2237 1001 2264 καὶ
1026 2237 1181 2273 περιφέρων
1193 2238 1222 2264 ὲν
1234 2236 1333 2272 ἐαυτῷ.
1347 2238 1459 2269 εἰκότως
1478 2238 1539 2264 ἀντὶ
1562 2236 1609 2264 τοῦ
1625 2237 1720 2263 τέκνον

62 2286 129 2314 εἶναι
144 2287 229 2320 Θεοῦ,
245 2287 341 2313 τέκνον
353 2286 519 2322 χρηματίζει
534 2285 582 2313 τοῦ
605 2285 740 2312 διαϐόλου.

354 2343 524 2379 urorum:
540 2343 579 2371 θ’.

64 2391 127 2424 Πῶς
138 2391 197 2418 τοῦ
206 2390 393 2425 θεοπάτορος
405 2390 494 2416 Δαϐὶδ
509 2391 659 2422 εἰπόντος,
671 2399 680 2415 ι
694 2390 864 2422 Ἀνθρωπος

91 2427 166 2454 ὡσεὶ
183 2427 294 2460 χόρτος
304 2424 573 2459 (ιίγὴμέραιαὺτοῦ,
587 2435 596 2450 ι
609 2426 655 2451 καὶ
675 2425 778 2460 ἐξῆς,ῤ
798 2424 865 2450 τού-

96 2471 150 2489 τοι·
165 2461 238 2493 παῖς
252 2460 395 2494 Σολομὼν
409 2460 618 2494 ἀποφαίνεται,
631 2469 640 2486 ι
653 2460 734 2494 Μέγα
749 2459 863 2493 ἅνθρω-

95 2505 153 2529 πος
174 2497 226 2523 καὶ
240 2495 441 2531 τΙμιονὰν-ίιρ;
457 2505 466 2521 ι

1205 2339 1369 2372 QU/ESTIO
1391 2338 1436 2366 IX.

1099 2385 1201 2412 Dat-ide
1243 2385 1291 2412 Dei
1322 2390 1398 2418 patre
1436 2384 1565 2410 dicente:
1593 2393 1601 2407 I
1633 2381 1719 2409 llmna

981 2386 1058 2412 modo

919 2386 1058 2419 Quomodo
1099 2386 1201 2412 Dat-ide
1243 2386 1291 2412 Dei
1322 2390 1398 2418 patre
1436 2386 1565 2410 dicente:
1593 2393 1601 2407 I
1633 2386 1719 2409 "mna

954 2427 1082 2454 tanquam
1107 2421 1195 2454 [cuum
1212 2420 1269 2446 dies
1289 2420 1357 2454 ejus,
1378 2429 1387 2445 ›
1418 2419 1545 2446 Salomon
1569 2418 1625 2452 ejus
1641 2418 1719 2454 ﬁlius

954 2427 1082 2456 tanquam
1107 2421 1195 2455 [cuum
1212 2421 1269 2446 dies
1289 2421 1357 2454 ejus,
1378 2429 1387 2445 ›
1418 2421 1545 2446 Salomon
1569 2421 1625 2452 ejus
1648 2421 1719 2451 [ilius

952 2457 1070 2484 declarat
1087 2464 1095 2482 :
1112 2465 1121 2480 ί
1141 2455 1188 2482 Est
1206 2455 1307 2490 aliquid
1326 2463 1449 2489 maguum
1468 2455 1556 2485 homo.
1577 2458 1601 2480 et
1618 2453 1719 2488 aliquid

952 2494 1049 2518 Itonore
1064 2491 1172 2526 dignum
1186 2491 1225 2517 vir
1236 2491 1251 2520 .".
1265 2501 1272 2515 ι

93 2554 164 2580 Edita
181 2561 195 2579 a
212 2553 288 2583 Maio,
299 2553 317 2578 l.
329 2560 343 2578 c
355 2572 362 2584 ,
373 2560 398 2584 ί).
411 2553 463 2577 8-9.
477 2553 605 2583 Quomodo
616 2551 718 2577 Davidis
728 2551 802 2576 verba
815 2551 881 2575 Psal.
895 2550 963 2606 (inuti
971 2549 991 2579 ι,
1006 2550 1044 2579 15,
1064 2556 1120 2574 cum
1132 2549 1273 2574 Salomonis
1289 2549 1372 2579 errato,
1384 2549 1458 2572 Prov.
1472 2555 1515 2577 xx,
1527 2546 1542 2571 6
1556 2547 1634 2578 (juxta
1645 2546 1717 2578 LXX)

799 2589 894 2606 eomen
908 2589 936 2605 an
955 2599 959 2604 .

799 2589 857 2606 COIH
863 2589 959 2606 emant.

98 2627 154 2662 Τὴν
167 2627 225 2653 τῶν
237 2626 286 2652 ἀνθ
292 2625 391 2661 ρώπων
406 2625 488 2660 φύσιν
501 2626 539 2657 ὼς
550 2625 585 2652 τὰ
601 2625 687 2652 πολλὰ
704 2625 752 2651 καὶ
766 2626 780 2651 ὁ
796 2625 867 2656 θεῖος

68 2673 146 2699 Δαεὶδ
169 2672 387 2705 κατευτελίζων,
401 2673 448 2699 καὶ
466 2673 479 2699 ὁ
497 2672 578 2706 cogo;
605 2671 764 2706 μεγαλύνων
789 2671 868 2696 Σολο-

71 2720 135 2753 μὼν,
155 2719 206 2745 οὐκ
233 2718 361 2745 ἐναντίαν
379 2717 506 2753 ἀλλήλοις
543 2717 737 2751 ἀντεισάγουσι
772 2716 866 2748 δόξαν·

68 2766 94 2791 ού
113 2766 167 2801 γὰρ
182 2763 258 2793 οὗτοι
266 2765 348 2800 μόνον
357 2764 487 2796 τοιαύτας
509 2764 662 2797 ἀποφάσεις
683 2763 749 2798 περὶ
763 2762 809 2788 τοῦ
821 2763 869 2788 ἀν-

69 2812 202 2846 θρωπείου
219 2811 319 2844 γένους
337 2810 490 2842 ποιοῦνται,
507 2810 577 2836 ἀλλὰ
597 2812 644 2836 καὶ
664 2808 798 2844 πολλαχοῦ
818 2808 866 2842 ’ἧς

69 2857 139 2890 θείας
161 2857 280 2893 Γραφῆς
296 2856 438 2892 εὑρήσεις,
457 2855 537 2883 τοῦτο
563 2855 613 2891 μὲν
629 2854 791 2890 ἐπαίρονται
818 2854 867 2888 τὴν

961 2624 1114 2650 llumanain
1134 2627 1260 2650 naturam
1294 2622 1453 2656 plerumque
1480 2625 1507 2648 et
1539 2619 1649 2647 divinus
1666 2619 1719 2646 lia-

922 2671 964 2697 \'id
983 2669 1059 2706 parvi
1075 2668 1179 2695 faciens
1206 2673 1233 2694 et
1249 2668 1357 2702 sapiens
1382 2666 1511 2693 Salomon
1540 2666 1718 2701 magnificans

924 2724 978 2744 n0n
994 2715 1135 2751 oppositas
1155 2714 1224 2740 inter
1239 2721 1269 2740 se
1280 2713 1431 2740 sententias
1456 2712 1644 2739 introducunt.
1657 2711 1716 2737 Non

922 2763 995 2789 enim
1011 2761 1048 2788 illi
1062 2759 1234 2788 solummodo
1244 2759 1278 2785 de
1291 2759 1410 2786 humano
1424 2766 1523 2794 genere
1540 2757 1604 2784 talia
1623 2757 1716 2784 decla-

921 2812 993 2840 rant,
1009 2808 1055 2834 scd
1075 2812 1101 2834 et
1115 2807 1140 2833 in
1165 2805 1304 2840 plerisque
1320 2812 1405 2832 saera:
1419 2804 1568 2839 Scriptura:
1592 2803 1658 2829 locis
1674 2802 1716 2828 in-

921 2855 1014 2881 vcnics
1036 2861 1096 2880 eam
1118 2851 1285 2880 attollentem
1315 2850 1559 2885 quidcmnostram
1576 2852 1713 2882 naturam,
