1882 3075
174 159 226 191 11E-

754 156 883 187 PHOTII
902 156 1159 187 PATRIARCILE
1175 157 1229 187 (ΖΡ.

1759 157 1804 190 illi

172 222 271 243 rursus
287 218 376 241 autem
391 219 451 240 eam
468 212 677 248 vilipendentem
696 216 722 237 et
743 211 943 246 lleprimentern
956 219 965 242 ;
981 218 989 241 Α

1080 212 1157 246 πέραν
1170 212 1261 246 φύσιν,
1278 212 1357 239 τοῦτο
1371 201 1399 239 δὲ
1419 213 1499 240 πάλιν
1514 213 1756 244 κατευτελίζουσαν
1764 217 1805 242 καὶ

173 267 224 287 nec
242 263 345 285 tantum
359 257 514 292 Scriptura,
531 257 579 284 sed
595 261 622 284 et
635 257 791 291 quicunque
807 259 965 283 nostrorum

173 310 329 333 sanctorum
346 303 458 330 Patrum
477 310 569 330 veram
593 302 754 336 sapientiam
770 301 833 328 inde
855 301 967 336 mystice

172 352 246 380 docti
266 355 342 382 sunt,
366 351 489 377 diversas
510 350 661 377 sententias
682 349 715 376 de
733 349 854 375 humano
866 355 967 382 genere

173 401 336 428 Statuentcs,
350 404 403 424 non
420 403 452 423 ea
468 395 668 423 sententiarum
677 394 829 422 differentia
844 394 968 421 rebellio-

174 452 236 471 nem
249 447 297 470 aut
309 450 429 478 pugnam
452 443 478 469 in
496 449 526 469 se
540 442 614 476 ipsos
629 446 656 468 et
672 442 697 467 in
721 441 789 468 alios
815 439 968 467 concitasse

174 490 311 522 videntur,
332 490 378 516 sed
400 487 575 516 coricordiam
598 492 625 514 et
639 491 803 514 concentum
827 491 968 512 servantes

174 537 358 573 reperiuntur.
370 535 513 568 Quomodo
527 539 618 562 autem
634 541 680 560 eas
695 533 850 560 diﬂerentes
858 537 969 559 senten-

175 586 227 612 tias
245 584 319 611 trulla
332 584 359 610 in
376 583 516 610 veritatem
528 590 617 617 pugna
628 581 968 616 autoppositiosequatur,

175 631 239 658 hinc
254 629 334 657 facile
351 633 393 656 est
407 628 568 662 intelligere.
584 627 724 662 Duplicem
744 626 969 654 constitutionem

175 678 257 704 habet
272 678 365 708 homo,
380 681 406 702 et
418 676 555 709 duplicem
569 674 636 700 vixit
649 673 746 705 vitam,
763 680 845 699 unam
857 672 968 707 quidem
987 684 992 689 ·

176 729 240 750 ante
258 722 510 758 przevaricatiouem
527 726 554 748 et
571 721 686 747 alteram
704 723 765 754 post
789 719 968 747 violationcm

175 769 253 804 legis.
280 769 343 803 Ejus
365 772 455 795 autem
475 767 634 795 constitutio
657 774 691 794 ex
718 773 770 793 una
785 771 862 801 parte
883 766 970 794 lutum

175 822 202 844 et
216 817 285 845 cinis
299 821 350 849 est,
363 825 396 844 ex
410 816 494 843 altera
510 824 573 843 vero
580 817 793 850 omnipotentem
807 820 931 842 naturam
945 820 971 843 ct

176 863 211 891 iis
225 863 352 890 omnibus
365 871 426 897 quia
440 867 504 889 stitit
529 862 709 896 imperantem
732 862 866 889 innitatur.
886 860 968 894 Qua:-

175 917 285 944 ennque
294 909 521 944 igiturhominem
534 909 662 935 attollunt
671 914 698 935 et
711 916 820 936 sursum
832 913 967 941 statuunt,

177 955 220 983 vel
234 955 258 982 ei
271 955 342 982 datae
366 955 507 989 dignitatis
527 954 742 990 magnitudinem
763 955 904 986 exhibent,
929 955 970 982 vel

177 1002 284 1029 beatam
314 1006 341 1028 ct
361 1001 468 1028 felicem
490 1006 552 1028 ante
579 1001 834 1036 praevaricationem
864 1003 969 1035 vitam;

177 1056 348 1084 quaecunque
359 1053 448 1076 autem
467 1049 542 1076 illum
554 1036 705 1083 depretiant
717 1054 743 1076 et
757 1050 922 1084 deprimunt,
938 1059 971 1078 ex

179 1104 232 1123 una
251 1101 328 1131 parte
343 1097 416 1123 mala
434 1102 495 1131 post
513 1097 760 1132 transgressimiem
772 1098 864 1132 gravia
877 1102 971 1126 osten-

178 1143 257 1174 dunt,
270 1150 303 1169 ex
316 1143 400 1169 altera
418 1150 483 1170 vero
498 1143 573 1170 illum
588 1151 650 1170 esse
669 1143 808 1177 pulvarcm
829 1144 896 1170 etin
917 1149 973 1170 ter-

178 1197 238 1216 ram
258 1189 383 1221 dissolvi,
405 1189 549 1218 manifeste
570 1191 770 1219 demonstrant.
792 1190 844 1218 Sed
862 1192 919 1219 haec
934 1191 973 1218 di-

179 1243 268 1262 ctmus
284 1241 413 1269 tanquam
432 1237 519 1270 prima
536 1240 563 1263 et
575 1236 744 1264 dominantia
761 1237 896 1272 principia
925 1238 974 1264 de-

180 1282 342 1308 serilicntcs.
361 1282 400 1308 Ex
412 1282 453 1309 his
471 1288 562 1309 autem
582 1283 666 1310 multa
682 1288 709 1309 et
727 1283 779 1310 alia
795 1288 947 1310 nascantur
965 1292 971 1309 :

180 1328 386 1356 conterminum
410 1334 452 1356 est
468 1330 540 1356 enim
554 1329 691 1364 quomodo
712 1329 793 1356 homo
809 1336 871 1355 cum
886 1328 973 1356 factus

179 1375 215 1401 sit
227 1379 254 1401 et
273 1375 370 1409 possit,
386 1376 407 1402 si
426 1376 499 1408 velit,
516 1376 585 1403 deus
600 1376 682 1408 eilici,
699 1383 748 1402 nec
764 1375 862 1402 haheat
880 1383 974 1402 neces-

179 1422 299 1453 sitatem,
319 1422 341 1449 si
367 1422 447 1454 velit,
472 1422 504 1448 ad
529 1422 621 1457 pejora
648 1422 724 1448 illum
746 1421 874 1455 impetum
894 1422 975 1448 attol-

179 1468 279 1495 lentem
298 1473 412 1500 vertere,
430 1469 504 1495 mille
527 1468 621 1495 laudes
638 1469 762 1495 obtinere
790 1468 890 1503 dignus
919 1468 974 1499 sit;

180 1515 297 1542 stolidus
333 1520 422 1542 auteln
444 1520 471 1542 et
491 1516 599 1546 brutus,
617 1522 650 1541 ne
670 1515 758 1541 dicam
788 1515 974 1549 improborum

178 1561 376 1589 datmoniorum
388 1562 493 1588 malitia:
500 1570 614 1589 consors
625 1562 748 1595 ell‘ectus,
756 1563 833 1595 mille
844 1562 974 1598 subjicia-
989 1579 1009 1607 Ο

178 1611 225 1634 tur
259 1607 532 1642 exprobrationibus;
566 1613 593 1635 et
622 1614 685 1636 ante
707 1609 764 1636 hmc
794 1609 886 1636 omnia
912 1611 973 1637 vita:

180 1654 364 1689 voluptatibus
376 1662 408 1682 ac
418 1655 524 1683 deliciis
542 1661 658 1683 mentem
677 1663 819 1690 exercens,
836 1659 973 1685 seu-cutis

179 1700 302 1733 quotidie
313 1700 649 1734 circumfundaturmalis,
664 1704 707 1728 vix
721 1702 872 1737 aliquando
886 1704 950 1730 illud
965 1713 971 1730 :

179 1744 293 1772 Vanitas
311 1746 459 1774 vanilatum
476 1751 503 1774 et
518 1748 608 1775 omnia
618 1748 751 1775 vanitas“°
765 1748 859 1776 valens
874 1749 974 1776 intelli-

180 1799 255 1826 gere.
268 1790 302 1819 Se
314 1796 403 1818 autem
420 1792 524 1819 ratione
536 1800 550 1819 a
566 1793 666 1819 mundo
675 1800 821 1828 segregans
833 1797 857 1820 et
868 1793 902 1820 ab
917 1801 976 1820 om-

181 1838 263 1865 nibus
282 1846 342 1872 qme
357 1839 383 1864 in
405 1839 507 1866 mundo
531 1839 713 1866 circumstant
739 1839 830 1874 nugis,
855 1840 975 1866 maxima

181 1884 282 1911 fruitur
306 1885 456 1919 voluptate,
482 1890 508 1912 et
533 1891 679 1919 antequam
700 1885 790 1912 futura
813 1885 883 1912 bona
900 1893 975 1912 asse-

180 1936 291 1965 quatur,
314 1934 443 1964 tanquam
458 1930 575 1967 imagine
595 1936 623 1957 et
641 1931 772 1965 pnelmlio
789 1930 862 1958 illius
884 1931 977 1958 multa:

181 1977 319 2003 fclicitatis
336 1977 463 2011 praesenti
488 1982 611 2012 tempore
632 1977 743 2003 fruitur.
776 1976 868 2011 Neque
895 1977 976 2012 igitur

182 2029 259 2058 pater
282 2023 337 2049 lilio
358 2023 529 2054 adversatur,
556 2027 644 2058 pater,
664 2023 788 2057 inquam,
811 2023 895 2050 David
931 2032 977 2050 sa-

184 2070 267 2105 pienti
283 2069 435 2100 Salomoni,
455 2069 520 2096 dum
541 2070 610 2096 alter
633 2069 736 2102 laudat,
754 2070 821 2097 alter
847 2078 910 2097 vero
930 2070 978 2097 de-

184 2116 278 2149 primit
303 2115 452 2148 hominem,
472 2123 561 2149 ncque
583 2115 674 2142 divina
694 2115 836 2150 Scriptura
853 2116 905 2143 sibi
924 2116 977 2150 ipsi

185 2164 296 2195 pugnat,
311 2159 358 2186 scd
372 2168 458 2194 neque
473 2159 585 2186 Patrum
603 2165 761 2187 uestrorum
791 2161 900 2188 divinus
911 2162 978 2187 clio-

185 2215 233 2234 rus
260 2214 333 2233 nunc
349 2206 458 2241 quidem
477 2206 623 2233 humanam
637 2212 762 2234 naturam
780 2207 977 2239 deilicantium,

185 2259 257 2278 nunc
270 2256 361 2278 autem
375 2251 451 2286 parvi
462 2251 649 2285 pendentium,
662 2257 689 2278 et
705 2252 738 2279 ad
753 2252 877 2279 ultimam
890 2252 979 2279 vilita-
995 2253 1017 2280 D

185 2302 239 2324 tetri
254 2298 444 2332 redigentium.
461 2297 492 2323 Et
509 2298 636 2332 sepositis
652 2307 713 2333 qua:
731 2299 803 2325 dicta
821 2303 896 2331 sunt,
909 2306 980 2333 quo.

184 2344 267 2369 modo
306 2343 431 2378 corporis
460 2342 617 2370 affectiones
646 2348 674 2370 et
698 2343 855 2377 quotidiana
888 2347 981 2370 nostra

184 2389 284 2416 damna
312 2397 365 2416 non
409 2397 459 2416 nos
491 2389 698 2424 deprimerent?
717 2389 866 2416 Conversio
889 2394 980 2416 autem

185 2437 284 2462 mentis
299 2436 332 2463 ad
358 2436 615 2470 contemplationem
639 2440 667 2462 et
686 2443 811 2469 superna:
836 2435 982 2470 voluptatis

186 2483 344 2517 puritatem,
369 2484 509 2518 quomodo
539 2488 661 2510 nostram
681 2483 764 2509 vitam
793 2491 848 2510 non
873 2483 980 2509 beatam

185 2537 217 2557 ac
233 2529 339 2558 felicem
366 2531 548 2566 priestarent?

986 893 1006 921 ll

433 2609 598 2644 QUIESTIO
613 2609 646 2636 X.

223 2657 310 2691 Quare
335 2657 498 2684 dwmoniaco
531 2657 622 2684 morbo
648 2661 816 2691 mgrotunles,

435 2693 594 2728 evangelista
608 2697 682 2720 vocat
701 2694 713 2720 ?

852 2655 983 2683 lunaticos

1017 257 1237 291 κάτω,τιθεῑσαν
1247 266 1254 273 ·
1264 258 1293 285 οὐ
1312 259 1392 293 μόνον
1405 259 1434 285 δὲ
1449 259 1517 286 ἀλλὰ
1533 259 1581 286 καὶ
1599 259 1656 286 ὅσοι
1676 260 1729 286 τῶν
1744 261 1805 294 ἠμε-

1016 303 1103 338 τὲρων
1125 303 1205 339 ἱερῶν
1217 304 1345 339 Πατέρων
1362 305 1467 331 ἐκεῖθεν
1483 305 1533 341 τὴν
1547 305 1677 341 ἀληθινὴν
1693 307 1806 340 ὲμυστα-

1016 350 1184 386 γωγήθησαν
1203 351 1309 385 σοφίαν,
1322 353 1368 378 καὶ
1378 349 1602 388 οὗτοιδιαφόρους
1610 352 1687 385 δόξας
1704 353 1807 387 θέμενοι

1017 397 1082 431 περὶ
1121 397 1151 423 τὺ
1188 397 1368 433 ἀνθρώπινον,
1401 398 1451 424 οὐκ
1477 399 1506 424 ὲν
1536 398 1576 433 τῷ
1601 399 1723 434 διαφόρῳ
1757 398 1807 424 τῶν

1017 441 1202 476 ψηφισμάτων
1221 443 1348 479 στάσινῆ
1370 444 1460 479 μάχην
1483 444 1552 480 πρὸς
1565 445 1679 476 ἑαυτοὺς
1704 445 1720 480 ἢ
1743 445 1808 480 πρὸς

1018 488 1150 524 ἀλλήλους
1164 489 1305 523 φαίνονται
1328 490 1590 523 συνεισενεγκόντες,
1611 490 1668 516 ἀλλ’
1686 491 1810 525 ὁμόνοιάν

1018 543 1048 561 τε
1063 535 1111 562 καὶ
1128 536 1287 570 συμφωνίαν
1300 536 1417 571 ὁρῶνται
1431 536 1678 572 διαπεπραγμένοι.
1705 538 1766 568 Πῶς
1783 537 1810 563 ίὲ

1018 581 1137 617 διάφορα
1150 582 1378 617 ἀποφαινομένων
1393 582 1505 616 οὐδεμία
1522 583 1598 617 μάχη
1615 582 1631 618 ἢ
1654 583 1811 610 ἐναντίωσις

1020 627 1090 662 πρὸς
1106 628 1155 664 τὴν
1171 628 1300 663 ἀλήθειαν
1311 628 1502 660 ἐπακολουθεῖ,
1516 628 1640 655 ἐντεῦθεν
1667 628 1740 655 ἔστιν
1765 629 1812 664 ρᾁ

1020 673 1076 700 διον
1111 673 1214 700 λαϐεῖν.
1239 674 1341 709 Διπλῆν
1368 673 1417 708 τὴν
1440 674 1615 709 κατασκευὴν
1637 675 1651 701 ὁ
1671 674 1812 710 ἄνθρωπος

1021 719 1088 754 ἔχει,
1107 720 1154 746 κα)¹
1171 719 1283 747 διπλοῦν
1305 720 1498 746 ἐπολιτεύσατο
1518 719 1593 755 βίον·
1611 719 1657 746 τὸν
1686 720 1735 755 μὲν
1761 720 1813 754 πρὸ

1021 767 1071 800 πῆς
1089 765 1282 801 παραϐάσεως,
1303 766 1349 793 τὸν
1363 766 1391 793 δὲ
1409 768 1478 801 μετὰ
1494 767 1544 802 τὴν
1557 766 1686 802 ἀθέτησιν
1705 767 1755 802 τῆς
1770 767 1814 792 ὲν.-

1022 812 1101 847 τολῆς
1113 820 1120 826 ·
1133 812 1150 846 ἡ
1167 812 1195 838 δὲ
1212 812 1379 847 κατασκευὴ,
1392 813 1421 839 τὸ
1435 813 1484 847 μὲν
1500 812 1582 840 αὑτοῦ
1596 813 1682 848 πηλός
1697 813 1754 839 ἔστι
1769 814 1816 843 καὶ

1023 860 1108 890 κόνις,
1123 859 1155 885 τὸ
1182 859 1211 885 δὲ
1233 859 1283 894 τὴν
1300 860 1557 895 παντοκρατορικὴν
1585 860 1632 885 καὶ
1648 859 1816 894 δεσποτικὴν

1020 905 1074 932 τῶν
1082 905 1166 932 ὅντων
1178 906 1304 932 ἁπάντων
1315 905 1471 938 ἐξεικονίζει
1482 905 1562 940 φύσιν
1573 914 1580 921 ⁸
1593 907 1642 932 ὅσα
1649 903 1695 932 οὖν
1708 905 1818 940 ἐπαίρει

1019 951 1066 977 τὸν
1079 951 1224 985 ἄνθρωπον
1241 951 1288 977 καὶ
1301 951 1358 977 ἄνω
1370 951 1486 986 ἵστησιν,
1499 951 1516 987 ἢ
1532 951 1579 978 τοῦ
1594 951 1718 982 δοθέντος
1740 950 1816 984 αὐτῷ

1021 996 1178 1032 ἀξιώματος
1205 997 1235 1022 τὸ
1255 996 1372 1031 μέγεθος
1391 997 1572 1031 ὑπεμφαίνει,
1590 997 1607 1032 ἢ
1623 997 1669 1023 τὸν
1690 997 1744 1032 πρὸ
1768 996 1820 1030 τῆς

1021 1043 1205 1078 παραὸάσεως
1216 1042 1352 1077 μακάριον
1361 1043 1409 1069 καὶ
1422 1043 1569 1078 εὐδαίμονα
1580 1043 1652 1077 βίον·
1669 1043 1719 1069 ὅσα
1730 1042 1757 1068 δὲ
1773 1042 1820 1068 εὑ-

1021 1089 1121 1121 τελίζει
1136 1089 1183 1115 καὶ
1195 1089 1270 1116 κάτω
1280 1088 1383 1124 τίθησι,
1401 1089 1482 1115 τοῦτο
1497 1089 1547 1124 μὲν
1562 1089 1596 1115 τὰ
1610 1088 1680 1124 μετὰ
1697 1089 1747 1122 τὴν
1761 1096 1820 1115 πα-

1024 1134 1139 1170 ράϐατιν
1150 1134 1259 1169 τίθησιν
1278 1135 1403 1167 ἀλγεινὰ,
1422 1134 1500 1161 τοῦτο
1515 1134 1543 1161 δὲ
1556 1135 1604 1160 καὶ
1617 1135 1658 1161 ὁτι
1675 1134 1738 1169 χοῦς
1759 1135 1820 1160 ἐστι

1022 1181 1069 1207 καὶ
1085 1181 1124 1212 εἰς
1135 1182 1186 1216 γῆν
1203 1180 1322 1213 ἀναλύει,
1335 1180 1499 1216 παρίστησιν
1513 1180 1617 1214 σαφῶς.
1641 1179 1723 1206 nim
1731 1180 1823 1206 ταῦτά

1023 1235 1113 1262 φαμεν
1131 1227 1213 1253 οἱονεὶ
1228 1227 1278 1258 τὰς
1303 1226 1416 1261 πρώτας
1433 1227 1481 1253 καὶ
1495 1226 1668 1261 κυριωτάτας
1695 1226 1823 1261 ἀναγρά-

1024 1280 1119 1306 φοντες
1134 1272 1233 1307 ἀρχάς.
1253 1272 1301 1299 Ἐκ
1313 1272 1342 1298 δὲ
1353 1272 1457 1298 τούτων
1465 1271 1549 1298 πολλὰ
1565 1272 1612 1298 καὶ
1624 1271 1691 1298 ἄλλα
1703 1271 1803 1306 φύεται
1814 1280 1822 1287 ’

1025 1316 1151 1351 μεθόριον
1165 1316 1219 1351 γὰρ
1229 1316 1324 1351 ὥσπερ
1337 1317 1350 1343 ὸ
1362 1317 1504 1352 ἄνθρωπος
1515 1315 1635 1351 γεγονὼς
1646 1317 1693 1343 καὶ
1707 1317 1826 1350 δυνάμε-

1024 1372 1068 1394 νος
1089 1362 1169 1398 εἰπερ
1185 1362 1306 1396 βούλοιτο
1320 1363 1466 1398 θεωθῆναι,
1491 1363 1541 1389 οὐκ
1564 1362 1633 1397 ἔχων
1646 1362 1674 1388 δὲ
1695 1362 1826 1396 ἀνάγκην

1025 1409 1120 1444 ἄνπερ
1132 1408 1253 1442 βούλοιτο
1267 1407 1335 1443 πρὸς
1350 1407 1384 1433 τὰ
1398 1407 1481 1442 χείρω
1500 1407 1581 1442 ῥέψαι
1601 1407 1827 1434 ἁναστέλλουσαν

1024 1456 1073 1491 τὴν
1090 1455 1187 1490 ὁρμὴν,
1204 1454 1350 1489 θεούμενος
1367 1455 1415 1490 μὲν
1426 1455 1479 1481 τῶν
1489 1455 1594 1490 μυρίων
1606 1454 1726 1481 ἐπαίνων
1744 1454 1828 1488 ἄξιός

1026 1502 1084 1527 ἐστι
1102 1501 1258 1536 τυγχάνειν,
1279 1500 1547 1536 ἁποθηριούμενοςδὲ
1560 1501 1606 1527 καὶ
1618 1501 1758 1536 κτηνώδης
1774 1510 1828 1535 γε-

1027 1548 1149 1583 νόμενος,
1179 1548 1223 1574 ἵνα
1247 1547 1284 1582 μὴ
1314 1547 1387 1581 λέγω
1412 1549 1446 1582 τῇ
1462 1547 1517 1574 τῶν
1543 1547 1672 1582 πονηρῶν
1685 1547 1829 1583 δαιμόνων

1027 1594 1273 1630 παραμιλλώμενος
1288 1594 1382 1629 κακίᾳ,
1397 1594 1504 1629 μυρίοις
1515 1594 1697 1621 ὐποὸάλλεται
1711 1594 1810 1629 ψόγοις
1820 1604 1828 1611 ·

1025 1642 1073 1668 καὶ
1093 1641 1186 1676 πρόγε
1203 1640 1299 1666 τούτου
1313 1642 1378 1676 περὶ
1406 1641 1439 1666 τὰ
1469 1641 1498 1666 ὲν
1513 1641 1551 1675 τῷ
1572 1641 1621 1676 βίῳ
1643 1642 1748 1676 τερπνὰ
1775 1643 1831 1668 καί⁸

1026 1689 1091 1723 ἡδέα
1107 1688 1152 1714 τὸν
1164 1687 1226 1714 νοῦν
1239 1687 1469 1722 ἐνησχολημένος,
1496 1687 1605 1722 μυρίοις
1624 1688 1686 1714 καθ’
1702 1689 1832 1724 ἑκάστην

1026 1733 1225 1769 περιαντλεῖται
1242 1734 1336 1764 κακοῖς
1348 1741 1356 1748 ·
1374 1733 1450 1767 μόλις
1467 1733 1532 1759 ποτε
1542 1733 1572 1759 τὸ
1583 1733 1740 1769 ματαιότης
1772 1743 1833 1769 μα-

1025 1780 1186 1815 ταιοτήτων,
1198 1779 1232 1805 τά
1245 1779 1332 1805 πάντα
1347 1780 1505 1813 pacat-6111:,
1522 1779 1668 1814 δυνάμενος
1689 1780 1810 1807 συνιδεῖν
1823 1790 1831 1796 ·

1027 1827 1122 1862 ἑαυτὸν
1137 1827 1166 1852 δὲ
1180 1826 1218 1861 τῷ
1229 1826 1301 1861 λόγῳ
1323 1826 1448 1861 χωρίζων
1464 1826 1510 1852 τοῦ
1528 1827 1643 1861 κόσμου,
1666 1827 1713 1853 καὶ
1729 1827 1788 1853 τῶν
1801 1829 1834 1854 ὲν

1026 1874 1065 1909 τῷ
1077 1873 1173 1908 κόσμῳ
1186 1873 1375 1908 περιστάσεων
1402 1873 1450 1899 καὶ
1474 1873 1639 1908 ἀδολεσχιῶν
1651 1874 1700 1908 τῆς
1716 1874 1757 1899 ὅτι
1774 1873 1836 1908 μά-

1027 1920 1105 1946 λιστα
1121 1919 1295 1954 εὐδαιμονίας
1309 1919 1441 1946 ἀπολαύει
1454 1929 1460 1934 ·
1481 1920 1529 1945 καὶ
1545 1919 1597 1954 πρὸ
1609 1920 1654 1945 τοῦ
1667 1920 1758 1954 τυχεῖν
1775 1920 1837 1945 τῶν

1028 1966 1132 1993 ἐκεῖθεν
1146 1965 1183 1995 ὡς
1205 1966 1233 1991 ἐν
1266 1965 1351 1991 εἰκόνι
1365 1964 1403 1999 τῷ
1428 1965 1555 2000 παρόντι.
1573 1965 1620 1991 καὶ
1639 1966 1668 1991 ὲν
1691 1967 1838 2000 προοιμίῳ

1028 2012 1130 2047 πολλῆς
1143 2012 1191 2046 τῆς
1207 2010 1409 2046 μακαριότητος
1429 2011 1563 2045 ἐντρυφᾷ·
1586 2010 1658 2036 ὦστε
1669 2010 1731 2036 οὔτε
1749 2012 1765 2036 ὁ
1780 2020 1839 2038 πα-

1028 2061 1080 2094 τὴρ
1093 2058 1132 2094 τῷ
1147 2058 1223 2084 παιδὶ
1248 2057 1375 2092 μάχεται,
1393 2057 1406 2081 ὁ
1423 2055 1577 2091 θεοπάτωρ,
1600 2057 1685 2091 φημὶ,
1696 2057 1784 2084 Δαϐὶὸ
1798 2058 1840 2089 τῶ

1029 2104 1104 2139 σοφῷ
1131 2103 1293 2138 Σολομῶντι,
1310 2103 1324 2128 ὁ
1342 2102 1390 2137 μὲν
1417 2101 1548 2133 ἐπαινῶν,
1566 2102 1580 2127 ὁ
1595 2101 1623 2127 δὲ
1636 2103 1767 2135 κατάγων
1786 2105 1840 2130 τὶν

1029 2150 1184 2185 ἄνθρωπον,
1202 2147 1264 2174 οὔτε
1275 2148 1292 2182 ἠ
1302 2147 1362 2173 θεία
1375 2147 1472 2182 Γραφὴ
1480 2147 1644 2182 διαμάχεται
1654 2148 1750 2183 ἑαυτῇ,
1766 2149 1825 2176 ἀλλ
1835 2151 1842 2160 ‘

1029 2195 1088 2222 οὐδὲ
1105 2195 1157 2221 τῶν
1170 2194 1298 2228 Πατέρων
1308 2193 1387 2228 ἡμῶν
1403 2193 1417 2218 ὸ
1431 2193 1502 2224 θεῖος
1516 2194 1608 2230 χορὸς,
1624 2194 1691 2221 ποτὲ
1715 2195 1766 2229 μὲν
1781 2197 1842 2231 τὴν

1032 2240 1175 2277 ἀνθρώπου
1184 2240 1372 2272 ἑκθειάζοντες
1389 2240 1482 2275 φύσιν,
1500 2241 1566 2267 ποτὲ
1580 2241 1610 2267 δὲ
1625 2241 1841 2274 κατευτελίζον-

1031 2296 1078 2319 es;
1095 2288 1142 2314 καὶ
1154 2288 1193 2319 εὶς
1203 2287 1318 2322 ἔσχατον
1329 2286 1592 2320 συγχατακλείοντες
1614 2289 1821 2322 ταπεινότητος
1834 2297 1842 2303 ·

1031 2336 1079 2361 καὶ
1098 2333 1182 2368 χωρὶς
1207 2334 1235 2360 δὲ
1251 2333 1305 2359 τῶν
1326 2332 1482 2368 εἰρημένων
1498 2333 1532 2359 τὰ
1554 2333 1621 2368 περὶ
1643 2334 1672 2360 τὸ
1690 2334 1843 2368 σωμάτιον

1032 2379 1108 2413 πάθη
1126 2381 1172 2405 καὶ
1184 2380 1212 2405 αἱ
1227 2379 1414 2414 καθημεριναὶ
1428 2378 1516 2405 λῶϐαι
1543 2379 1604 2410 πῶς
1627 2379 1658 2405 οὐ
1677 2380 1844 2406 κατευτελί-

1033 2425 1110 2457 Coum
1123 2424 1156 2450 τὰ
1171 2425 1296 2459 ἡμέτερα
1308 2433 1315 2456 ;
1329 2425 1346 2458 ή
1364 2424 1392 2450 δὲ
1402 2425 1470 2459 πρὸς
1486 2424 1602 2459 θεωρίαν
1612 2426 1765 2463 ἐπιστροφὴ
1785 2430 1842 2456 τοῦ

1036 2471 1082 2497 νοῦ
1104 2470 1151 2497 καὶ
1165 2471 1196 2496 τὸ
1207 2470 1313 2496 ἐκεῖθεν
1327 2470 1376 2506 τῆς
1389 2471 1487 2505 ἡδονῆς
1499 2471 1632 2506 καθαρὸν.
1660 2473 1720 2504 πῶς
1732 2474 1762 2500 οὺ
1777 2483 1844 2510 μοι·

1037 2519 1136 2554 κπρίαν
1170 2517 1248 2552 ἡμῶν
1281 2517 1328 2543 καὶ
1356 2517 1504 2552 εὐδαίμονα
1534 2518 1584 2553 τὴν
1611 2517 1749 2546 πολιτείαν
1764 2521 1845 2548 ὑπο-

1038 2565 1191 2591 δεικνύουσι
1205 2573 1212 2597 ;

1328 2610 1496 2636 ΕΡΩΤΠΣΙΣ
1510 2609 1540 2639 Ι’.

1041 2658 1070 2684 Τί
1085 2657 1122 2690 δή
1138 2656 1308 2693 ποτεητοὺς
1338 2655 1478 2693 δαιμονίᾳ
1506 2657 1589 2693 νόσῳ
1609 2658 1845 2693 κακουμένους,

1081 2691 1356 2726 σεληνιαζομένους
1371 2693 1386 2718 o'
1396 2692 1617 2726 ebawelwn‘ic
1632 2692 1789 2727 droltdéiet;

249 2752 321 2779 Edita
337 2760 350 2777 a
366 2752 438 2782 Maio,
455 2753 472 2777 l.
488 2760 509 2778 c.
528 2761 551 2784 p.
569 2753 642 2783 9-10;
655 2754 792 2784 explanans
806 2759 851 2777 cur
864 2752 1017 2784 evangelista
1031 2751 1129 2783 (Matth.
1141 2757 1175 2780 iv,
1189 2750 1232 2780 lt;
1245 2757 1304 2780 xvn,
1317 2749 1357 2780 H)
1369 2748 1536 2774 daamoniacos
1547 2754 1621 2774 vocet
1637 2749 1768 2775 lunaticos.

236 2807 384 2835 Lunaticos
393 2807 559 2841 eiangelista
572 2808 722 2834 atkcmoae
741 2807 871 2834 obsessos
897 2811 989 2838 vocat,

189 2863 244 2882 non
268 2854 359 2881 lunam
380 2853 532 2882 all‘cclionis
562 2862 674 2882 causam
709 2854 863 2890 assignans,
893 2859 980 2888 neque

225 2911 250 2927 '°
266 2910 356 2940 Ecclc.
375 2920 393 2947 ι,
413 2912 431 2939 2

1079 2804 1326 2839 Σεληνιαζομένους
1355 2804 1370 2830 ὁ
1397 2802 1592 2837 εὐαγγελιστὴς
1617 2803 1680 2835 τοὺς
1705 2803 1848 2840 δαιμονίᾳ

1037 2850 1169 2886 κιτίχους
1200 2848 1329 2884 ὀνομάζει
1358 2849 1437 2883 νόσῳ,
1468 2848 1528 2883 οΰχὶ
1546 2847 1595 2883 τὴν
1614 2848 1731 2884 σελήνην
1742 2848 1847 2877 αἱτίᾶν
