1882 3075
164 145 214 176 119

739 146 871 177 ΡΠΟΤΙΙ
890 148 1143 178 ΡΛΤΒΙΑΒΕΗΒΕ
1158 148 1213 178 CP.

1749 143 1798 175 120

161 205 294 232 daemonia
307 205 474 239 speculantia
493 205 565 233 lunae
573 205 672 241 phases
688 211 752 233 tunc
776 206 855 233 nobis
870 206 963 235 acrius

1052 213 1089 231 :tat
1104 204 1138 231 τὰ
1153 204 1223 231 καλὰ
1253 203 1300 230 τοῦ
1329 203 1396 230 Θεοῦ
1422 202 1653 237 δημιουργήματα
1667 200 1798 227 πείσωσιν

162 249 292 277 insultent
305 254 333 276 et
353 250 380 276 in
401 258 451 277 nos
470 251 641 286 tyrannidem
657 256 815 278 exerceant.
829 251 956 278 Attamen

162 296 226 329 quia
243 296 326 324 multa
339 296 408 324 dicta
427 302 501 330 sunt,
522 297 644 332 nihilque
672 298 725 332 piis
751 297 894 332 principiis
908 297 957 324 ad-

164 346 297 376 versetur,
313 343 431 378 quisque
449 351 510 370 eam
540 351 622 378 quam
655 344 773 371 voluerit
796 344 954 378 opinionem

165 391 304 422 sequatur.

1007 251 1141 283 ὑπονοεῖν,
1158 250 1286 277 κὰκεῖθεν
1304 249 1538 284 βλασφημήσωσιν
1551 248 1597 274 τὸν
1614 246 1796 282 Δημιουργόν.

1011 297 1081 324 Ἀλλ’
1096 295 1174 329 οὗτος
1190 297 1239 332 μὲν
1255 298 1268 323 6
1283 297 1360 330 λόγος
1375 296 1405 321 οὐ
1430 295 1475 321 διὰ
1488 295 1513 321 τί
1527 294 1659 329 κέχρηται
1683 292 1796 327 τοιαύτῃ

1005 341 1075 375 λέξει
1091 342 1106 368 ὁ
1129 341 1200 373 θεῖος
1220 341 1367 372 ἀπόστολος
1393 340 1507 374 γνώμην
1535 340 1659 372 εἰσάγει·
1684 337 1752 364 ἀλλὰ
1773 339 1800 364 τί

1003 389 1103 425 δήποτε
1126 388 1307 423 ἐφεδρεύοντα
1321 388 1356 414 τὰ
1386 387 1511 421 δαιμόνια
1525 385 1575 420 τῆς
1598 384 1713 419 σελήνης
1736 382 1800 414 τοὺς

164 434 287 468 καιροὺς,
304 433 364 459 τότε
393 433 454 460 καθ’
466 433 544 468 ἡμῶν
570 432 749 468 σφοδρότερον
771 432 893 468 ὲπιπηδᾷ
910 432 956 459 καὶ
973 433 1023 467 τὴν
1037 433 1182 469 τυραννίδα
1193 432 1332 469 κρατύνει.
1347 431 1420 467 Πλὴν
1437 430 1543 457 πολλῶν
1570 430 1724 465 εἰρημένων
1754 428 1802 454 καὶ

164 479 271 509 οὐδενὸς
300 478 338 513 τῷ
361 478 518 505 εὐσεϐοῦντι
550 478 754 513 διαμαχομένου
776 477 917 512 λογισμῷ,
935 478 965 504 τὸ
982 477 1077 505 δοκοῦν
1091 478 1199 514 ἑκάστῳ
1209 477 1289 504 τοῦτο
1304 477 1352 503 καὶ
1368 475 1514 511 κρατείτω.

447 535 612 570 ρυΑΞδΤΙΟ
624 537 669 564 XL

1294 533 1460 561 ΕΡΩΤΗΣΙΣ
1475 532 1527 559 lA’.

167 581 256 618 Quare
272 589 331 618 cum
344 581 462 609 Adamus
475 591 606 616 peccasset
620 589 644 610 et
656 584 747 611 mortis
763 592 865 618 petitam
876 584 963 610 incur-

1052 583 1068 610 ὰ
1082 583 1110 609 τί
1118 582 1171 618 τοῦ
1192 581 1283 618 Ἀδὰμ
1304 580 1511 618 ἡμαρτηκότος
1526 577 1574 618 καί
1589 577 1623 604 τὸ
1641 576 1696 617 τοᾷ
1711 576 1801 618 θιινιξτ

205 617 289 648 risset,
305 617 445 654 ejus/ilius
458 621 501 653 qui
516 627 566 645 non
576 620 691 652 peccavit
703 624 789 646 tamen
803 625 862 645 ante
877 620 964 654 ipsum

203 657 313 678 mortem
327 653 434 679 subierit
444 661 454 685 ;

1051 627 1104 645 του
1119 611 1286 654 δεξαμένόυ
1302 611 1460 654 sit-iuuisse,
1485 615 1501 641 ὁ
1522 614 1628 640 τούτου
1641 612 1711 645 παῖς
1725 611 1802 645 μηδὲ

1054 651 1227 687 ἡμαρτηκὼς
1245 651 1428 685 προτελευτᾷ
1441 658 1451 682 ;

753 729 823 753 Edita
838 736 852 753 a
868 726 940 756 Maio,
951 727 990 751 loc
1010 724 1063 754 cit.,
1080 731 1104 755 p.
1122 723 1203 748 10-12.

206 778 368 807 Profundior
382 785 409 808 et
420 782 553 810 excelsior
566 783 600 810 de
620 783 672 811 hac
698 792 728 812 re
752 792 842 813 sermo
869 783 962 811 {Orsan

171 825 274 860 ingredi
298 826 414 854 libenter
427 829 453 855 in
467 828 622 857 divinorum
642 830 807 865 judiciorum
833 830 961 865 abyssum

171 870 239 902 vult,
269 871 402 900 humanas
428 875 576 902 sententias
604 883 750 910 superans,
780 876 901 910 exceptis
929 876 962 903 iis

171 924 232 949 quae
256 917 288 943 ad
310 923 433 945 nostram
458 921 640 955 cognitionem
663 922 840 950 devenerunt.
859 923 963 958 Accipit

171 962 281 995 quidem
312 963 433 992 Adamus
454 974 532 993 suam
547 975 667 1001 ptenam,
685 968 772 995 oritur
791 974 883 996 autem
902 969 962 1004 ejus

134 1026 137 1030 ν
171 1008 254 1042 lilius,
277 1014 305 1036 ut
332 1010 389 1045 ipse
403 1012 467 1039 mali
481 1018 576 1040 auctor
600 1014 659 1041 suis
680 1015 767 1042 oculis
781 1016 876 1043 mortis
896 1024 963 1050 pon-

171 1054 223 1082 dus
237 1059 264 1082 ct
277 1056 447 1084 alllictionem
472 1059 591 1093 intuens,
625 1061 658 1087 ad
681 1061 885 1095 intelligentiam
902 1062 962 1089 cul-

172 1106 212 1132 pa:
232 1100 318 1134 magis
335 1101 460 1129 deveniat
479 1111 487 1135 ;
516 1108 546 1130 ut
573 1110 646 1132 metu
667 1111 693 1132 et
719 1113 820 1140 angore
850 1114 962 1141 pressus

172 1145 328 1178 paenitentia
350 1152 376 1174 et
394 1148 488 1176 dolore
498 1150 607 1178 sceleris
620 1152 673 1178 sibi
696 1152 848 1180 molliorem
868 1153 963 1180 reddat

172 1196 291 1223 poenam.
306 1190 401 1218 Omnis
418 1193 491 1220 enim
513 1195 701 1225 comminatio.
715 1197 805 1224 omnis
831 1198 962 1225 intentata

172 1242 251 1269 poena
265 1240 329 1263 tunc
346 1238 470 1264 timidum
490 1240 599 1274 reddit,
610 1249 672 1268 cum
689 1242 816 1270 alicunde
827 1243 961 1271 malorum

171 1281 339 1313 experientia
354 1283 380 1309 in
394 1292 502 1312 reorum
513 1286 636 1313 notitiam
663 1289 748 1315 venit.
778 1288 872 1323 Neque
888 1290 961 1317 enim

172 1327 194 1354 si
213 1335 266 1354 non
298 1334 435 1357 mortuum
460 1331 582 1360 Adamus
612 1333 697 1360 lilium
724 1335 855 1368 novisset,
875 1343 963 1368 neque

172 1373 263 1400 omnia
279 1382 340 1409 qure
367 1384 440 1403 mors
472 1385 566 1405 secum
593 1378 671 1406 aﬂ‘ert
699 1379 832 1407 horrenda
857 1381 963 1408 consci-

171 1419 265 1453 visset,
290 1429 344 1448 non
367 1422 442 1449 illum
490 1431 617 1458 magnum
641 1429 668 1452 et
693 1426 793 1453 auxilio
824 1431 962 1454 carentem

1054 780 1083 807 '0
1097 780 1145 814 μὲν
1171 778 1321 814 βαρύτερος
1345 776 1393 803 καὶ
1418 775 1583 810 ὑψηλότερος
1616 774 1680 809 περὶ
1706 773 1804 800 τούτου

1017 827 1095 861 λόγος
1120 825 1319 860 ἐμφιλοχωρείν
1335 824 1401 854 ῐσως
1421 824 1461 854 εἰς
1476 821 1524 856 τὴν
1538 821 1592 847 τῶν
1607 821 1686 847 θείων
1701 820 1805 854 κριμά-

1013 881 1067 899 των
1094 871 1180 898 ἐθέλει
1206 871 1333 901 ἄϐυσσον,
1349 869 1412 901 τοὺς
1432 867 1618 903 ἀνθρωπίνους
1629 867 1715 893 λιπὼν
1730 866 1804 900 λογι-

1014 920 1111 954 σμοὺς,
1127 918 1196 953 πλὴν
1207 918 1258 944 ὅσα
1278 916 1325 943 καὶ
1354 916 1394 946 είς
1411 914 1548 950 ἡμετέραν
1571 912 1672 947 γνῶσιν
1688 912 1804 944 κατέῧη.

1013 965 1153 1001 Λαμὸἀνει
1168 964 1217 998 μὲν
1236 962 1321 997 Ἀδὰμ
1337 962 1367 987 τὸ
1391 960 1539 995 ἐπιτίμιον,
1554 959 1721 994 προτελευτᾷ
1741 957 1769 983 δὲ
1792 959 1807 984 ὁ

1011 1012 1107 1038 τούτου
1124 1011 1199 1040 παῖς,
1213 1009 1256 1036 ἵνα
1267 1009 1323 1039 τοῖς
1349 1007 1498 1042 ὀφθαλμοῖς
1509 1006 1523 1032 ὁ
1539 1004 1688 1034 ὑπεύθυνος
1703 1003 1733 1029 τὸ
1754 1003 1806 1029 τοῦ

1013 1057 1128 1084 θανάτου
1144 1055 1213 1091 βαρὺ
1230 1055 1277 1081 καλ⁸
1293 1053 1427 1080 ἐπώδυνον
1450 1051 1585 1087 καθορῶν,
1601 1051 1640 1082 εἰς
1655 1048 1808 1083 συναίσθη-

1014 1112 1056 1130 σιν
1073 1103 1123 1138 μὲν
1142 1102 1243 1137 μᾶλλον
1263 1100 1312 1126 τοῦ
1340 1099 1538 1134 ἁμαρτήματος
1553 1097 1687 1131 καταστῇ,
1703 1096 1742 1127 εἰς
1755 1096 1807 1130 φό-

1013 1149 1059 1175 6ον
1078 1149 1107 1175 δὲ
1138 1149 1185 1174 καὶ
1207 1147 1326 1180 ἀγωνίαν
1346 1144 1444 1179 ἐμὸὰς.
1461 1143 1627 1179 μεταμελείᾳ
1648 1142 1695 1168 καὶ
1709 1140 1808 1167 πένθει

1012 1195 1059 1222 τοῦ
1079 1194 1259 1229 τολμηθέντος
1289 1191 1376 1226 ἑαυτῴ
1406 1190 1587 1225 καταπραΰνῃ
1620 1187 1670 1224 τὴν
1692 1188 1806 1222 ποινήν-

1013 1241 1061 1268 καὶ
1074 1241 1128 1276 γὰρ
1140 1241 1216 1266 πᾶσα
1231 1239 1280 1274 μὲν
1293 1237 1403 1271 ἀπειλὴ,
1421 1237 1498 1262 πᾶσα
1523 1235 1551 1261 δὲ
1571 1233 1808 1268 ὲπανατεινομένη

1012 1289 1073 1324 δίκη
1085 1288 1146 1314 τότε
1158 1287 1320 1314 καθίσταται
1341 1285 1467 1320 φοϐερὸν,
1491 1282 1572 1317 ἡνίκα
1589 1281 1669 1308 ποθὲν
1685 1282 1701 1315 ἡ
1721 1282 1810 1315 πεῖρα

1012 1334 1066 1361 τῶν
1078 1334 1174 1360 δεινῶν
1196 1334 1238 1364 εἰς
1264 1332 1364 1366 γνῶσιν
1381 1331 1453 1357 ἔλθοι
1475 1329 1530 1355 τῶν
1549 1328 1723 1355 ὑπευθύνων·
1742 1327 1810 1354 οὐδὲ

1013 1381 1068 1415 γὰρ
1081 1380 1136 1406 οὐδ’
1163 1379 1187 1405 εί
1215 1378 1252 1414 μὴ
1279 1377 1430 1412 τεθνηκότα
1443 1378 1457 1403 ὁ
1481 1375 1568 1410 Ἀδὰμ
1580 1373 1694 1410 ᾗδειτδν
1707 1372 1808 1404 παῖδα,

1013 1426 1067 1452 οὐδ’
1077 1425 1109 1452 ἂν
1122 1424 1177 1451 οὐδ’
1190 1424 1260 1450 ὅσαό
1272 1423 1386 1453 θάνατος
1398 1421 1608 1455 συνεπιφέρεται
1624 1418 1725 1454 φρικτὰ
1740 1426 1809 1444 συν-

171 1473 296 1502 agoncm,
319 1475 372 1495 non
389 1469 490 1497 mentis
515 1471 711 1504 turbationem,
728 1481 781 1499 non
798 1473 857 1507 ejus
871 1481 886 1500 a
899 1481 962 1501 cor-

1052 1481 1082 1502 Et,
1099 1471 1130 1498 οὐ
1143 1471 1189 1497 τὸν
1206 1470 1290 1496 πολὺν
1305 1470 1409 1496 ἐκεῖνον
1424 1469 1470 1494 καὶ
1492 1466 1644 1502 ἀϐοήθητον
1656 1464 1759 1500 ἀγῶνα,
1772 1465 1808 1490 οὗ

173 1520 238 1547 pore
252 1515 461 1548 separationem,
477 1524 530 1543 non
560 1525 729 1553 qutecunque
741 1520 793 1546 alia
811 1526 962 1554 sequuntur

171 1559 380 1587 dissolutionem
401 1567 427 1588 et
445 1562 681 1596 putrefactionem,
698 1566 866 1598 pestilentem
896 1566 962 1594 odo-

172 1612 240 1638 rem,
255 1610 282 1633 et
297 1607 446 1641 pulverem,
474 1612 501 1635 et
515 1610 619 1636 saniem
632 1615 660 1637 et
676 1619 792 1641 vermes.
811 1612 890 1639 Videt
911 1613 960 1648 igi-

173 1656 217 1678 tur
238 1652 359 1680 Adamus
371 1653 397 1680 in
412 1655 465 1681 alio
488 1655 620 1690 quidquid
646 1657 716 1685 inest
735 1658 760 1684 in
778 1659 887 1693 propria
903 1667 962 1694 pte-

172 1704 207 1723 na
233 1697 354 1724 terribile
378 1703 405 1726 et
441 1700 633 1734 intolerabile;
662 1703 734 1736 quod
753 1703 858 1736 videns,
876 1705 963 1739 magis

172 1748 273 1777 quanta
292 1743 373 1772 fuerit
393 1746 472 1781 culpa
487 1747 631 1783 intelligit;
652 1753 679 1776 et
709 1749 771 1777 ideo
784 1757 866 1777 manu
885 1750 964 1778 duci-

172 1793 217 1816 tur
231 1790 265 1817 ad
289 1792 486 1825 ptenitentiam,
505 1799 532 1821 ct
559 1794 614 1822 ﬁlio
643 1796 757 1823 orbatus
780 1796 836 1831 jam
866 1797 963 1825 anima:

172 1843 228 1863 sua:
252 1837 366 1865 salutem
396 1839 535 1867 lucratur.
566 1840 593 1868 Si
627 1842 688 1876 quis
710 1850 775 1870 vero
796 1851 849 1870 non
877 1848 964 1870 morte

172 1883 280 1917 propria
300 1885 508 1914 tolerabiliorem
528 1888 632 1915 Adamo
665 1888 712 1915 lilii
731 1895 845 1916 mortem
862 1890 964 1924 cogita-

171 1933 223 1960 ret,
245 1929 378 1958 inveniret
401 1933 499 1960 multos
530 1938 620 1968 patres
641 1934 701 1961 talis
728 1935 899 1969 cogitationis
923 1941 964 1964 te-

172 1979 237 2007 stes,
252 1976 298 2009 qui
314 1977 451 2004 multoties
471 1979 617 2006 morientes
631 1980 681 2014 ipsi
698 1979 743 2006 ﬁlii
760 1982 801 2007 sui
815 1981 964 2015 saepissime

173 2021 287 2048 salutem
321 2028 424 2050 emunt.
450 2023 583 2052 Praevenit
612 2025 694 2060 igitur
724 2026 858 2054 Adamum
887 2026 964 2060 juxta

174 2068 246 2095 hunc
261 2076 410 2096 sermonem
435 2075 462 2097 et
493 2077 556 2098 ante
581 2076 707 2104 mortem,
735 2072 781 2099 ﬁlii
807 2080 885 2106 poena
915 2072 964 2106 ipsi

173 2113 294 2145 deﬁnita.
308 2115 426 2148 gravlori
462 2116 517 2143 ictu
539 2124 620 2151 quam
640 2125 712 2145 mors
726 2123 777 2150 est,
795 2117 965 2145 intoleranda

174 2166 270 2193 nempe
285 2159 394 2187 tristitia
411 2167 575 2196 correptum.

1015 1519 1059 1545 τὸν
1072 1517 1187 1552 θόρυϐον
1210 1517 1259 1551 τῆς
1284 1515 1384 1550 ψυχῆς,
1398 1515 1428 1541 οὺ
1444 1514 1489 1540 τὸν
1505 1512 1638 1548 μερισμὺν
1651 1511 1736 1546 αὐτῆς
1750 1510 1809 1537 ἀπὸ

1015 1562 1061 1590 τοῦ
1080 1563 1217 1598 σώματος,
1236 1561 1288 1588 οὐδ’
1313 1562 1364 1588 ὅσα
1387 1560 1455 1587 ἄλλα
1471 1560 1577 1590 ἕπεται,
1592 1558 1679 1590 λύσις,
1692 1558 1740 1584 καὶ
1754 1557 1809 1592 σῆ-

1015 1609 1071 1644 ψις,
1083 1609 1129 1635 καὶ
1140 1608 1266 1640 δυσωδία,
1277 1607 1324 1634 καὶ
1333 1606 1407 1642 χοῦς,
1419 1607 1466 1633 καὶ
1476 1605 1585 1640 ἰχῶρες.
1596 1605 1643 1631 καὶ
1654 1603 1809 1638 σκώληκες.

1024 1656 1089 1690 Ὁρᾷ
1100 1655 1189 1682 τοίνυν
1204 1656 1218 1681 6
1235 1654 1319 1688 Ἀδὰμ
1330 1655 1358 1680 ὲν
1373 1653 1460 1688 ἑτέρῳ
1474 1651 1522 1678 τοῦ
1541 1651 1605 1678 ἰδίου
1623 1650 1761 1684 ἐπιτιμίου
1774 1651 1810 1677 τὸ

1016 1700 1130 1735 φοϐερον
1141 1700 1188 1726 καὶ
1203 1699 1388 1726 ἀνυπόστατον
1398 1706 1405 1713 ’
1429 1697 1477 1724 καὶ
1487 1697 1569 1732 ὁρῶν,
1591 1696 1690 1731 μᾶλλον
1707 1695 1736 1722 τὸ
1754 1695 1809 1730 μέ-

1015 1746 1095 1781 γεθος
1112 1745 1159 1772 τοῦ
1176 1746 1344 1780 πταίσματος
1358 1744 1583 1771 συναισθάνεται·
1600 1743 1648 1769 καὶ
1665 1742 1708 1769 διὰ
1727 1742 1811 1769 τοῦτο

1016 1793 1229 1827 χειραγωγεῖται
1260 1791 1328 1827 πρὸς
1351 1790 1401 1826 τὴν
1417 1790 1579 1825 μετάνοιαν·
1606 1789 1653 1815 καὶ
1669 1788 1810 1824 κερδαίνει

1016 1837 1110 1865 λοιπὸν
1130 1837 1223 1869 παιδὸς
1247 1835 1398 1871 στερηθεὶς,
1416 1836 1465 1870 τῆς
1489 1835 1586 1862 ἑαυτοῦ
1602 1835 1690 1870 ψυχῆς
1704 1835 1734 1861 τὸ
1751 1843 1811 1861 σω-

1017 1884 1121 1919 τήριον.
1135 1883 1166 1909 Et
1181 1883 1209 1910 δὲ
1226 1884 1273 1910 καὶ
1288 1883 1404 1909 θανάτου
1424 1891 1467 1914 τις
1477 1882 1552 1908 οὐδὲν
1567 1881 1743 1915 ἀνεκτότερον
1756 1881 1811 1914 τὴν

1018 1929 1155 1965 ἀποϐολὴν
1169 1930 1216 1956 τοῦ
1232 1929 1326 1960 παιδὸς
1341 1928 1524 1962 ὲπιλογίσοιτο
1543 1927 1581 1962 τῷ
1605 1928 1701 1962 ’Λδὰμ,
1723 1926 1811 1961 εὐμή-

1019 1985 1060 2003 σοι
1076 1976 1191 2006 πολλοὺς
1203 1975 1325 2009 πατέρας
1338 1974 1388 2008 τῆς
1412 1974 1541 2007 τοιαύτης
1560 1973 1679 2003 διανοίας
1703 1974 1811 2006 μάρτυο

1020 2031 1080 2057 ρας,
1097 2022 1122 2049 οἳ
1140 2021 1245 2048 πολλῶν
1257 2021 1329 2047 ίδίων
1344 2021 1466 2047 θανάτων
1481 2019 1531 2055 τὴν
1548 2019 1595 2045 τοῦ
1610 2019 1703 2050 παιδὸς
1716 2019 1811 2045 αὐτῶν

1019 2069 1149 2099 πολλάκις
1164 2068 1299 2103 σωτηρίαν
1327 2067 1524 2094 ἀλλάσσονται·
1546 2066 1642 2099 φθάνει
1662 2066 1811 2101 τοιγαροῦν

1018 2115 1064 2142 τὸν
1081 2115 1166 2149 Ἀδὰμ
1181 2114 1251 2144 κατὰ
1264 2113 1309 2139 τὸν
1321 2113 1398 2146 λόγον
1411 2111 1506 2138 τοῦτον
1522 2112 1569 2138 καὶ
1583 2111 1636 2146 πρὸ
1656 2110 1704 2138 τοῦ
1725 2111 1810 2141 θανά-

1012 2169 1070 2192 του,
1085 2159 1133 2186 τοῦ
1145 2159 1240 2191 παιδὸς
1253 2158 1282 2184 τὸ
1301 2157 1447 2193 ἀφορισθὲν
1464 2157 1539 2192 αὺτῷ
1556 2156 1703 2192 ἐπιτίμιον,
1721 2156 1810 2192 βαρυ-

1015 2208 1081 2243 τέρᾳ
1102 2207 1216 2234 θανάτου
1229 2206 1330 2242 πληγῇ,
1344 2207 1376 2240 τῇ
1388 2206 1518 2240 ἀφορὴτῳ
1531 2204 1603 2241 λύπῃ
1619 2205 1809 2240 ἁλισκόμενον.

209 2251 250 2278 Tu
264 2260 329 2279 vero
338 2253 403 2280 milii
414 2257 441 2280 et
457 2254 565 2281 tertium
586 2254 637 2282 hoc
650 2255 794 2290 diligenter
809 2257 961 2284 considera.

1052 2257 1086 2282 Si;
1103 2255 1130 2282 δέ
1146 2264 1191 2290 μοι
1208 2255 1255 2282 καὶ
1278 2254 1370 2290 τρίτον
1394 2252 1555 2289 ἐπιθεώρει·
1577 2254 1652 2288 τρεῖς
1675 2253 1776 2289 ἄνδρας
1795 2256 1810 2281 ὁ

175 2297 241 2326 Tres
253 2299 326 2327 viros
341 2304 413 2327 totus
423 2301 539 2328 mundus
552 2306 616 2328 tunc
635 2302 829 2330 liabebatcives
843 2311 849 2336 ;
865 2302 964 2330 femina

175 2347 265 2369 autem
278 2351 340 2370 cum
355 2343 423 2378 ipsis
435 2344 543 2371 vivebat
556 2345 646 2372 unica.
664 2345 787 2378 Quorum
797 2346 841 2373 alii
855 2346 964 2381 quidem

174 2388 312 2423 genitores
323 2410 329 2421 ,
344 2389 387 2416 alii
401 2397 464 2416 vero
480 2390 528 2417 ﬁlii
540 2396 618 2418 erant
629 2392 828 2426 generantium.
844 2392 966 2420 Adamus

175 2433 283 2472 quidem
301 2441 354 2461 non
378 2435 522 2470 subjicitur
542 2443 639 2469 poenio,
665 2442 777 2471 propter
802 2445 861 2464 eam
883 2445 965 2472 quam

175 2486 265 2506 sermo
280 2487 391 2507 causam
408 2481 508 2507 attulit.
523 2481 556 2507 Et
570 2480 625 2508 Eva
636 2489 668 2508 ex
685 2489 738 2508 una
766 2488 841 2517 parte
857 2489 966 2517 propter

175 2525 298 2553 eamdem
314 2534 425 2554 causam
442 2527 523 2554 morti
539 2535 593 2554 non
621 2528 776 2562 subjicitur,
797 2537 830 2556 ex
849 2529 902 2556 alia
915 2537 966 2555 au-

176 2575 229 2597 tem
241 2576 327 2606 parte,
338 2574 399 2607 quia
413 2581 474 2600 cum
491 2581 544 2600 una
558 2578 631 2600 esset
645 2573 758 2607 femina,
772 2575 831 2609 ejus
842 2575 965 2602 absentia

175 2621 259 2644 totum
276 2625 374 2656 genus,
402 2620 577 2653 generatione
596 2619 713 2652 sublata,
733 2628 795 2647 cum
814 2629 845 2648 ea
864 2621 965 2647 traxis-

176 2667 216 2691 set
232 2664 257 2691 in
273 2664 397 2691 exitium.
416 2665 542 2693 Attamen
569 2673 656 2700 neque
680 2665 747 2693 Cain
760 2666 851 2693 datam
870 2674 901 2693 ex
921 2666 964 2692 in-

175 2710 252 2738 sidiis
268 2715 380 2737 mortem
401 2711 494 2739 subire
506 2713 666 2747 oportebat;
685 2713 761 2747 pejor
777 2713 886 2747 quidem
903 2718 964 2741 erat

175 2755 229 2788 ille,
256 2756 351 2783 melior
366 2762 456 2784 autem
471 2763 532 2785 erat
553 2759 639 2792 Abel;
655 2763 682 2786 et
697 2759 833 2793 quomodo
855 2764 963 2794 poterat

176 2803 231 2832 ﬁeri
248 2808 276 2830 ut
287 2803 310 2830 is
325 2804 372 2839 qui
386 2806 420 2833 ab
435 2806 508 2833 omni
521 2806 585 2834 dolo
604 2811 631 2834 et
645 2807 746 2834 invidia
760 2811 788 2834 et
806 2808 858 2834 alia
871 2809 962 2842 quali-

176 2849 222 2878 ιρι
247 2850 353 2885 malitia,
378 2852 496 2881 mundus
523 2858 592 2886 erat,
628 2853 779 2882 homicidas
803 2854 829 2881 in
852 2854 962 2882 iratrem

1016 2303 1127 2338 σύμπας
1150 2302 1252 2336 κόσμος
1278 2301 1390 2332 πολίτας
1414 2298 1471 2336 εἶχε
1487 2300 1548 2326 τότε
1561 2309 1568 2316 ·
1583 2299 1651 2335 γυνὴ
1674 2300 1696 2326 δ’
1713 2300 1810 2332 αὐτοῖς

1015 2349 1237 2376 συνεπολιτεύετο
1258 2348 1325 2383 μία·
1357 2344 1395 2374 ὧν
1421 2348 1445 2374 0!
1473 2347 1523 2382 μὲν
1544 2347 1716 2382 γεννήτορες,
1740 2347 1809 2373 οίδὲ

1014 2396 1107 2427 παῖδες
1136 2393 1205 2431 ἦσαν
1226 2395 1280 2421 τῶν
1300 2393 1524 2429 γεννησαμένων.
1544 2393 1573 2419 '0
1594 2393 1644 2427 μὲν
1661 2393 1745 2427 Ἀδὰμ
1757 2393 1811 2428 οὐχ

1015 2442 1152 2477 ὑπάγεται
1163 2443 1196 2477 τῇ
1219 2442 1292 2478 δίκῃ.
1303 2441 1338 2468 δι’
1353 2442 1386 2477 ἠν
1402 2442 1416 2467 6
1429 2440 1508 2474 λόγος
1523 2439 1623 2466 ἔδωκεν
1637 2439 1727 2465 αἰτίαν
1738 2448 1744 2454 ·
1759 2441 1810 2466 καὶ

1015 2489 1031 2522 ὴ
1045 2487 1100 2514 Εὔα
1114 2487 1142 2514 δὲ
1159 2487 1238 2513 τοῦτο
1258 2487 1306 2522 μὲν
1330 2486 1374 2512 διὰ
1390 2485 1439 2520 τὴν
1464 2483 1548 2520 αὐτὴν
1565 2485 1655 2510 αἰτίαν
1674 2485 1722 2518 οὐχ
1738 2484 1808 2510 ὕπο·

1014 2534 1140 2560 ϐάλλεται
1169 2532 1208 2564 τῷ
1235 2533 1351 2567 θανάτῳ,
1373 2531 1451 2557 τοῦτο
1477 2531 1505 2556 δὲ
1521 2531 1561 2557 ὅτι
1575 2531 1622 2557 καὶ
1644 2531 1707 2565 μιᾶς
1720 2529 1808 2566 οὔσης

1014 2579 1153 2614 γυναικὸς,
1166 2580 1179 2606 ὀ
1193 2578 1296 2613 ταύτης
1313 2578 1468 2612 ἀφανισμδς
1479 2577 1539 2604 ὅλον
1551 2577 1580 2603 τὺ
1598 2576 1686 2610 γένος,
1698 2577 1747 2610 τῆς
1760 2585 1809 2610 γε-

1012 2626 1113 2656 νέσεως
1126 2624 1313 2660 ἀνῃρημένης,
1331 2623 1496 2659 συνήλαυνεν
1513 2623 1552 2653 εἰς
1568 2622 1682 2657 φθοράν.
1699 2623 1736 2648 Οὐ
1751 2623 1808 2658 μὴν

1013 2671 1080 2697 ἀλλὰ
1095 2670 1155 2697 οὐδὲ
1166 2671 1212 2697 τὸν
1227 2670 1297 2696 Κάῖν
1317 2671 1331 2696 ὁ
1351 2669 1381 2702 ἐξ
1394 2668 1540 2703 ἐπιϐουλῆς
1554 2666 1610 2703 εἶχε
1624 2668 1702 2702 λόγον
1716 2669 1807 2695 διαδέ-

1016 2716 1112 2748 ξασθαι
1127 2715 1242 2747 θάνατος
1255 2723 1261 2731 ·
1276 2715 1376 2750 χείρων
1394 2714 1443 2749 μὲν
1466 2714 1520 2749 γὰρ
1549 2712 1636 2747 οὗτος,
1653 2714 1773 2748 ἀμείνων
1784 2715 1808 2741 δν

1015 2761 1050 2799 ἦν
1077 2763 1176 2789 ιἈϐελ’
1208 2764 1253 2789 καὶ
1277 2762 1335 2793 πῶς
1351 2760 1406 2787 οἷόν
1435 2770 1463 2786 τε
1479 2759 1513 2796 ἦν
1535 2761 1580 2787 τὸν
1599 2762 1646 2788 καὶ
1663 2761 1740 2787 δόλου
1758 2763 1807 2788 καὶ

1017 2809 1114 2843 φθόνου
1148 2808 1194 2834 καὶ
1214 2807 1263 2842 τῆς
1280 2807 1364 2842 ἄλλης
1381 2806 1480 2838 κακίας
1493 2806 1681 2842 καθαρεύοντα
1698 2807 1809 2841 puta-.6-

1018 2864 1079 2887 νους
1095 2855 1240 2889 ἐπαφεῖναι
1252 2854 1346 2888 χεῖρας
1360 2853 1398 2889 τῷ
1415 2853 1673 2888 ἁδελιειῖηλείπεται
1686 2853 1717 2888 δὴ
1736 2854 1807 2879 ἐκεῖ·
