1882 3075
193 113 244 145 123

191 173 340 201 noluerunt
357 171 389 199 ad
404 179 482 198 suam
501 170 646 198 utilitatem
660 170 795 205 aspicere,
814 178 902 205 neque
922 171 980 197 tlili-
996 174 1022 203 Α

190 219 310 254 gentiam
324 217 511 245 adhibuerunt
528 222 558 244 ut
567 224 643 244 suam
656 217 870 251 redemptionem
900 225 985 251 agno-

191 270 310 292 scerent.
329 264 386 290 Illis
405 263 488 297 igitur
509 263 677 297 injudicium
696 263 785 290 factus
801 267 843 289 est
860 270 984 289 corruun-

190 311 233 337 nis
256 314 379 336 uostrum
408 309 532 336 omnium
566 307 719 342 Salvator;
748 316 801 335 non
827 308 897 342 quod
928 308 984 340 ipse

190 363 300 390 poenam
329 363 377 382 cos
403 355 550 381 incurrisse
576 359 673 381 auctor
706 355 752 385 sit,
778 354 823 381 Sed
849 354 920 389 quod
932 354 983 388 ipsi

189 410 266 429 suam
285 402 401 428 salutem
421 401 448 427 in
466 400 639 427 mortiferum
655 401 708 427 sibi
725 400 984 427 trausformaverint

191 456 342 475 venenum.
359 448 426 474 Illud
454 448 538 480 enim,
565 452 593 474 ιιι
621 449 747 480 videntes,
774 453 826 475 ete.
860 456 912 475 non
943 453 985 476 est

190 502 281 520 cause
305 494 449 522 iudicatio.
463 494 509 520 sed
538 501 633 520 eorum
659 495 833 521 anuuntiatio
849 495 894 529 qui
912 494 984 522 mala

190 541 330 566 voluntate
342 545 367 566 et
378 543 466 566 mente
478 539 570 574 pejora
582 540 742 567 melioribus
756 545 982 575 auteposuerunt;

189 594 218 612 se
244 587 318 620 ipsos
343 586 415 612 enim
439 586 578 619 subjectos
604 586 709 620 judicio
727 587 867 614 declarare
896 594 984 621 neque

188 639 364 658 communem
387 632 555 658 Salvatorcm
569 632 745 666 accipientes,
765 633 875 659 malitia:
888 640 983 659 eorum

188 683 229 704 est
245 678 382 709 revelatio,
400 678 467 704 nihil
492 683 583 705 autem
600 679 633 705 ad
655 679 790 709 dicentem
808 679 927 714 pertinet
951 685 981 705 se

188 724 295 751 vertisse
312 732 365 751 uou
387 724 529 759 utjudicet
545 725 687 757 mundum,
703 725 786 752 sedul.
812 726 908 752 salvet.

224 814 325 840 (Iontra
338 821 402 840 vero
419 818 534 841 testatur
546 814 675 842 bonitatis
685 815 800 850 pelagus
816 815 981 843 immensum

189 867 219 886 se
241 860 340 886 n'rnlros
356 860 390 886 ab
404 868 497 887 errore
517 862 675 894 retraxisse,
691 866 717 888 et
736 869 789 888 non
812 867 941 896 parentes
954 868 980 889 et

188 912 218 931 se
241 907 292 932 sub
318 906 451 940 judicium
478 913 610 941 ponentes
637 916 691 935 non
724 909 856 940 multare,
892 917 981 943 neque

187 952 297 986 punire,
328 960 414 987 neque
438 954 585 987 damnare,
615 954 662 981 sed
685 963 749 989 erga
775 963 822 982 eos
850 956 897 990 qui
926 965 979 983 non

187 1002 284 1032 parent
296 998 443 1033 benignum
458 1007 518 1027 esse
539 1009 546 1028 :
565 1010 573 1025 ι
587 999 683 1028 Totam
694 1001 765 1027 diem
779 1001 864 1032 enim,
881 1002 978 1036 inquit,
996 995 998 998 ’

189 1045 300 1071 extendi
325 1053 423 1072 manus
449 1054 523 1073 meas
551 1047 585 1074 ad
612 1047 740 1081 populum
756 1055 808 1074 non
840 1052 980 1082 parentem

188 1095 214 1116 et
231 1091 477 1117 contradicentem.
493 1102 502 1117 ι
524 1091 668 1119 Damuatio
688 1093 771 1127 igitur
786 1094 815 1120 lit
830 1093 900 1127 apud
919 1101 980 1124 nos,

187 1141 313 1162 versatus
341 1136 465 1164 Salvator
493 1137 596 1164 malitia
624 1145 720 1165 eorum
739 1139 785 1172 qui
811 1138 900 1173 ipsum
928 1145 981 1165 ac—

187 1187 328 1216 ceperunt,
349 1190 402 1209 non
424 1184 531 1217 judicat
556 1184 616 1211 illos
640 1191 729 1219 neque
749 1185 836 1219 punit,
852 1189 981 1211 extremm

188 1227 362 1260 benignitatis
376 1229 473 1262 gratia,
489 1232 516 1254 et
531 1229 595 1262 quia
612 1229 730 1263 priorem
756 1229 817 1263 ejus
835 1229 979 1256 adventum

186 1280 242 1298 non
255 1273 351 1307 judicii
370 1278 487 1308 tempus,
504 1274 550 1300 sed
566 1274 725 1301 (economiaa
744 1279 771 1301 et
783 1275 981 1310 compassionis

187 1319 332 1345 ostendere
350 1319 375 1346 ei
398 1324 439 1345 est
455 1321 481 1346 in
503 1321 606 1347 animo.
624 1320 652 1346 Si
673 1322 734 1355 quis
751 1326 841 1348 autem
857 1321 921 1347 velit
934 1321 981 1356 ju—

187 1365 314 1391 veniliter
330 1366 383 1392 vim
407 1366 550 1393 intendere
565 1371 592 1392 et
606 1371 713 1393 mutare
732 1367 866 1401 judicium
882 1368 908 1394 iu
923 1367 980 1394 dis—

189 1411 338 1438 cretionem
352 1416 379 1438 et
388 1413 601 1447 separationem.
611 1414 638 1440 in
651 1414 737 1441 sacris
748 1414 857 1448 quidem
870 1414 980 1441 Litteris

187 1465 253 1490 non,
274 1462 303 1484 ut
316 1457 445 1490 arbitror,
462 1458 532 1485 hanc
546 1466 640 1486 vocem
665 1459 691 1486 id
710 1465 866 1491 sonantem,
884 1465 979 1487 contra

189 1511 269 1530 usum
287 1503 395 1530 ﬁrmum
412 1505 550 1538 inveniet;
567 1506 685 1540 reperiet
700 1505 816 1533 fortasse
828 1506 915 1540 quoad
931 1506 980 1533 Iros

189 1558 286 1577 sensus
302 1551 480 1585 cogitationes
496 1559 551 1578 non
566 1553 633 1579 satis
643 1554 799 1586 probantes,
815 1557 862 1579 ut:
881 1551 984 1579 «Nolite

190 1597 304 1624 credere
327 1597 390 1631 quia
416 1598 476 1624 vcni
501 1598 611 1625 mittere
635 1606 729 1633 pacem
753 1607 836 1634 super
860 1605 982 1632 terram;

190 1651 242 1669 non
270 1643 332 1670 veni
359 1651 452 1678 pacem
478 1645 587 1671 mittere
607 1649 654 1672 scd
670 1645 812 1679 gladium;
832 1646 893 1672 veni
909 1647 982 1672 enim

188 1689 340 1723 dijudieare
353 1689 490 1716 hominem
504 1695 598 1717 contra
612 1695 716 1725 patrem
747 1691 816 1725 ejus,
835 1695 862 1717 et
883 1698 982 1717 nurum

192 1740 289 1761 toutra
322 1743 431 1762 socrum
460 1744 552 1769 suam;
579 1741 616 1770 et,
643 1737 722 1771 cujus
748 1737 930 1764 ventilabrum
955 1737 982 1764 in

188 1789 271 1808 mantt
287 1782 358 1817 ejus,
378 1787 405 1809 et
428 1783 654 1818 purgabitarcam
670 1791 759 1816 suam,
772 1789 797 1811 et
817 1783 982 1811 frtuuentum

187 1828 300 1863 quidem
326 1829 506 1864 congregabit
533 1830 560 1857 in
588 1830 729 1862 horreum,
758 1831 863 1865 paleam
891 1835 981 1857 autem

188 1875 330 1901 comburet
346 1875 408 1910 igne
422 1875 671 1911 iucxstinguihilip
685 1877 842 1910 etquaarlam
852 1876 983 1911 hujusce-

187 1921 261 1947 modi
278 1921 341 1947 alia.
358 1921 485 1948 Attamen
510 1930 600 1957 neque
625 1923 660 1949 ita
675 1930 816 1950 sacrorum
834 1923 980 1950 verborum

188 1974 278 2001 pugna
293 1967 331 1994 illi
344 1968 390 2002 qui
407 1968 447 1994 sic
468 1975 528 1994 eam
545 1969 665 2001 instruit,
681 1969 750 1996 inter
765 1968 842 2001 illud,
858 1969 979 2003 inquam,

191 2021 201 2037 ί
218 2011 246 2039 ln
261 2013 395 2047 judicium
410 2021 460 2048 ego
477 2015 504 2040 in
519 2015 591 2041 hunc
605 2015 737 2042 mundum
754 2016 827 2046 veni,
841 2024 849 2040 ι
865 2020 891 2042 et
903 2015 978 2047 illud,

192 2056 264 2084 «Non
276 2058 335 2084 veni
347 2058 471 2092 judicare
480 2059 638 2092 mundum,»
651 2061 705 2086 ullo
714 2061 795 2088 modo
806 2060 977 2088 cenﬂabitur.

189 2103 315 2130 Salvator
328 2104 401 2130 enim
420 2110 448 2131 ut
461 2106 593 2132 mundum
612 2107 769 2141 paeiﬁcaret
784 2113 811 2134 et
833 2107 907 2134 Patri
935 2114 979 2134 rc—

187 2149 347 2176 eoueiliaret
372 2158 418 2177 eos
441 2151 489 2185 qui
511 2152 575 2178 olim
600 2152 639 2179 illi
658 2153 756 2180 infensi
781 2158 869 2187 erant,
888 2153 976 2185 venit;

187 2198 214 2220 et
235 2194 345 2228 quidem
371 2195 492 2222 medium
519 2197 651 2231 parietem
679 2199 841 2225 munimenti
866 2198 975 2225 solvens
993 2215 1014 2241 ι)

193 2248 254 2267 cum
271 2241 304 2267 iis
319 2249 381 2276 qua:
396 2242 524 2269 deorsum
539 2249 603 2270 sunt
627 2244 670 2270 illa
691 2252 751 2279 quae
765 2252 873 2271 sursum
891 2245 976 2270 uuivit

187 2291 214 2314 et
234 2287 261 2313 in
286 2295 352 2321 pace
372 2289 535 2321 constituit;
561 2290 584 2317 si
605 2298 669 2316 vero
692 2291 802 2324 quidam
830 2298 922 2324 paceru
952 2291 977 2316 in

188 2334 362 2360 inimicitiam
385 2339 570 2367 mutaverunt,
587 2341 612 2362 et
635 2336 763 2362 unionem
784 2336 811 2362 in
830 2336 976 2362 tumultum

188 2379 322 2411 fecerunt,
339 2388 393 2406 non
421 2381 446 2406 in
472 2388 554 2408 causa
573 2386 615 2408 est
634 2382 679 2415 qui
708 2389 802 2416 pacem
819 2381 936 2415 prtebuit
950 2385 977 2407 ct.

188 2427 328 2458 unionem,
346 2426 393 2453 sed
409 2426 446 2453 illi
462 2427 508 2461 qui
525 2435 553 2454 se
568 2427 643 2462 ipsos
659 2427 694 2454 ab
717 2427 750 2454 iis
763 2427 807 2461 qui
822 2426 893 2453 Patri
906 2434 973 2453 con-

183 2472 272 2506 juncti
296 2479 374 2500 erant
391 2478 417 2500 et
441 2473 516 2508 pacis
536 2474 614 2500 bouis
641 2473 811 2505 fruebantur,
827 2480 972 2507 separave-

184 2525 258 2545 runt.

997 1535 1018 1564 C

775 112 907 142 PHOTII
925 113 1178 144 PATRIARCHr’E
1197 115 1252 145 CP.

1778 111 1829 144 124

1034 173 1194 207 κατάκριμα
1207 173 1319 207 γέγονεν
1342 172 1457 203 ἐκείνοις
1476 171 1533 198 ὅσοι
1550 171 1587 206 μὴ
1601 170 1745 205 διαϐλέψαι
1760 171 1829 206 πρὸς

1036 221 1085 254 τὴν
1109 219 1213 246 ἑαυτῶν
1237 219 1374 254 ἠθέλησαν
1404 218 1588 250 λυσιτέλειαν,
1622 218 1688 252 μηδὲ
1719 218 1828 244 σύνεσιν

1039 266 1175 300 παρέσχον
1190 266 1339 299 ἐπιγνῶναι
1353 265 1401 300 τὴν
1416 265 1522 291 ἑαυτῶν
1542 264 1747 299 ἀπολύτρωσιν·
1764 264 1828 291 τού-

1036 320 1094 342 τοις
1107 309 1154 338 οὖν
1173 312 1213 342 εὶς
1228 312 1313 346 κρῖμα
1326 311 1438 344 γέγονεν
1458 311 1472 336 ὁ
1495 310 1583 341 κοινὸς
1613 309 1691 344 ἡμῶν
1711 310 1826 345 Σωτήρ·

1035 359 1087 385 οὐκ
1100 358 1181 390 αὐτὸς
1194 358 1280 390 αἴτιος
1292 357 1338 384 τοῦ
1357 357 1435 392 δίκην
1450 357 1567 391 ὀφείλειν
1581 356 1680 387 αὐτοὺς
1694 356 1825 389 γεγονὼς,

1035 406 1093 432 ἀλλ’
1112 405 1224 431 ἐκείνων
1238 404 1269 430 τὸ
1284 404 1418 439 σωτήριον
1431 403 1471 434 εἰς
1484 403 1604 438 ὀλέθριον
1622 403 1728 432 ἑαυτοῖς
1745 411 1829 437 μετα-

1036 451 1247 485 σκευασαμένων
1261 451 1416 485 φάρμακον.
1439 450 1475 476 Τὸ
1494 450 1559 484 γὰρ,
1574 449 1618 475 ἵνα
1635 450 1660 475 οἱ
1678 448 1828 483 βλέποντες

1035 498 1082 523 καὶ
1097 496 1171 531 ἑξῆς,
1190 497 1238 522 οὐκ
1254 496 1344 526 αἰτίας
1372 496 1445 521 ἐστὶν
1474 494 1598 527 ἔνδειξις,
1623 494 1777 528 ἀπαγγελία
1798 494 1829 520 δὲ

1034 544 1088 569 τῶν
1115 542 1270 576 ὲθελοκάκῳ
1291 541 1388 578 γνώμῃ
1411 541 1446 567 τὰ
1477 541 1561 575 χείρω
1577 540 1631 566 τῶν
1665 540 1829 575 κρειττόνων

1035 588 1227 623 ποιησαμένων
1256 587 1430 622 ἐπίπροσθεν.
1465 586 1501 613 Τὸ
1518 586 1566 621 μὲν
1580 583 1627 612 οὖν
1644 586 1750 621 ἐνόχους
1762 587 1829 613 ἐαυ-

1034 635 1096 665 τοὺς
1112 634 1245 669 κρίματος
1261 634 1400 668 ἀποφῆναι
1414 633 1460 658 καὶ
1480 633 1517 667 μὴ
1531 632 1771 668 παραδεξαμένους
1780 634 1829 658 τὸν

1040 680 1130 707 κοινὸν
1146 681 1269 716 Σωτῆρα,
1285 680 1336 715 τῆς
1349 680 1460 706 ἐκείνων
1483 679 1541 706 ἐστὶ
1557 678 1707 714 μοχθηρίας
1719 678 1828 705 ἀπόδει-

1035 726 1263 758 ξις·ἀντιπίπτει
1285 726 1313 751 δὲ
1340 725 1417 751 οὐδὲν
1438 725 1507 759 πρὸς
1535 724 1581 750 τὸν
1605 724 1717 750 εἰπόντα
1739 723 1829 749 ἐλθεῖν

1034 773 1084 798 οὐκ
1098 773 1145 799 ἐπὶ
1159 772 1189 798 τὸ
1204 773 1293 806 κρῖναι
1308 771 1354 798 τὸν
1370 771 1472 806 κόσμον
1484 770 1541 800 ἀλλ’
1558 771 1596 802 εἰς
1613 770 1645 796 τὸ
1654 770 1749 797 σῶσαι.

1069 819 1230 845 Τοὺναντὶον
1245 816 1292 845 οὖν
1310 819 1444 854 μαρτυρεῖ
1469 817 1676 851 φιλανθρωπίας
1703 816 1828 850 πέλαγος

1035 863 1157 899 ἄπειρον,
1175 864 1215 890 ὅτι
1230 872 1261 889 τε
1277 863 1391 895 πολλοὺς
1411 863 1461 898 τῆς
1474 862 1579 897 πλάνης
1594 862 1749 895 ἀνείλκυσε,
1776 863 1829 889 καὶ

1035 910 1237 945 ἀπειθήσαντας
1257 910 1304 937 καὶ
1320 910 1374 936 ὑπὸ
1384 911 1474 945 κρῖμα
1491 908 1587 940 θέντας
1601 909 1715 939 ἑαυτοὺς
1726 909 1831 934 οὐκεὺ-

1010 946 1014 950 .
1030 955 1186 987 ’θύνει,οὑδὲ
1201 955 1321 988 κολάζει,
1336 955 1395 981 οὐδὲ
1403 954 1573 989 κατακρίνει,
1583 954 1650 981 ἀλλὰ
1662 954 1729 990 πρὸς
1745 954 1829 980 ἀπει-

1035 1002 1146 1033 θοῦντας
1157 1002 1339 1038 χρηστεύεται
1351 1010 1358 1017 ·
1374 1001 1435 1028 οὐδὲ
1449 1002 1513 1037 ὃλην
1526 1001 1591 1036 γὰρ,
1602 1001 1679 1036 φησι,
1697 1000 1745 1035 τὴν
1756 1001 1832 1035 ὴμέ-

1035 1058 1085 1084 ραν
1100 1048 1252 1081 ἐξεπέτασα
1265 1049 1314 1079 τὰς
1327 1047 1424 1083 χεῖράς
1440 1056 1489 1082 μου
1497 1047 1565 1082 πρὸς
1578 1047 1641 1073 λαὸν
1659 1046 1830 1073 ἀπειθοῦντα

1035 1095 1083 1121 καὶ
1102 1095 1286 1129 ἀντιλέγοντα.
1317 1095 1484 1129 Κατάκριμα
1499 1093 1545 1120 οὖν
1565 1093 1671 1128 γίνεται
1702 1101 1830 1128 παραγε-

1034 1141 1119 1175 γονὼς
1136 1143 1150 1168 ό
1162 1141 1257 1175 Σωτὴρ
1278 1140 1322 1168 διὰ
1351 1140 1502 1175 μοχθηρίας
1521 1139 1575 1165 τῶν
1592 1137 1829 1173 παραδεξαμένων

1035 1188 1116 1215 αὐτόν
1131 1196 1138 1204 ”
1154 1188 1184 1215 οὺ
1204 1187 1291 1223 κρίνει
1310 1188 1338 1214 δὲ
1353 1187 1466 1218 τούτους
1493 1185 1555 1212 οὐδὲ
1585 1186 1747 1220 τιμωρεῖται
1779 1184 1830 1211 διὰ

1035 1235 1241 1271 φιλανθρωπίαν
1265 1234 1363 1270 ἄκραν,
1382 1234 1428 1260 καὶ
1453 1233 1483 1260 τὺ
1515 1233 1563 1267 τὴν
1582 1233 1718 1268 προτέραν
1740 1232 1827 1259 αὑτοῦ

1035 1281 1187 1316 παρουσίαν
1204 1281 1241 1315 μὴ
1267 1280 1384 1315 κρίσεως
1402 1277 1496 1314 καιρὸν
1521 1278 1578 1304 ἀλλ’
1598 1277 1752 1312 οἰκονομίας
1776 1277 1830 1303 καὶ

1035 1326 1205 1360 συμπαθείας
1232 1324 1364 1356 ἐπιδεῖξαι
1397 1323 1533 1358 βούλεται.
1568 1322 1599 1348 Et
1627 1321 1656 1347 δέ
1670 1328 1711 1351 τις
1736 1319 1828 1346 ἐθέλοι

1034 1372 1230 1406 νεανικώτερον
1245 1369 1435 1401 ἐκϐιάσασθαι,
1451 1368 1499 1395 καὶ
1517 1367 1679 1402 μεταλαϐεῖν
1689 1367 1719 1393 τὸ
1736 1367 1830 1401 κρῖμα

1034 1419 1073 1450 είς
1090 1417 1224 1452 διάκρισιν
1239 1417 1286 1443 καὶ
1304 1414 1499 1451 διαχωρισμὸν,
1512 1413 1588 1449 παρὰ
1603 1413 1651 1448 μὲν
1665 1413 1721 1444 τοῖς
1740 1412 1827 1448 ἱεροῖς

1034 1464 1204 1499 γράμμασιν,
1212 1463 1262 1488 οὐκ
1271 1462 1303 1489 ἂν
1311 1459 1388 1496 οἶμαι
1402 1461 1452 1495 τὴν
1460 1460 1531 1492 λέξιν
1546 1460 1625 1486 τοῦτο
1637 1459 1829 1495 σημαίνουσαν

1035 1509 1107 1535 κατὰ
1121 1509 1218 1543 χρῆσιν
1231 1508 1400 1535 ἀδιάπτωτον
1416 1507 1490 1542 εὖροι
1501 1513 1508 1519 ⁸
1524 1505 1667 1541 εὐρήσειδ¹
1683 1506 1749 1536 ἴσως
1764 1505 1828 1532 δια-

1035 1555 1110 1586 νοίας
1128 1554 1182 1581 οὐδ’
1203 1553 1406 1588 ἅποφαινοὺσας
1422 1552 1490 1587 πρὸς
1502 1552 1535 1579 τὰ
1550 1551 1662 1578 τοιαῦτα
1690 1551 1827 1586 σημαινόι

1037 1609 1105 1635 μενα
1119 1607 1126 1614 ⁸
1142 1597 1196 1626 οἷον
1212 1599 1250 1634 μὴ
1258 1599 1387 1634 νομίσητε
1402 1599 1442 1625 ὅτι
1457 1596 1539 1634 ἦλθον
1554 1597 1645 1633 βαλεῖν
1654 1597 1765 1633 είρὴνην
1775 1597 1828 1623 ἐπὶ

1033 1648 1084 1682 τὴν
1100 1647 1162 1682 γῆν,
1179 1647 1228 1673 οὐκ
1243 1644 1325 1681 ἦλθον
1340 1645 1432 1681 βαλεῖν
1444 1646 1564 1680 εἰρήνην,
1582 1643 1651 1670 ἀλλὰ
1667 1644 1824 1678 μάχαιραν·

1033 1692 1114 1728 ἦλθον
1130 1693 1184 1729 γὰρ
1195 1692 1307 1719 δικάσαι
1319 1691 1461 1727 ἄνθρωπον
1472 1691 1543 1717 κατὰ
1558 1690 1605 1717 τοῦ
1617 1690 1721 1725 πατρὸς
1737 1689 1825 1715 αὑτοῦ

1034 1740 1080 1766 καὶ
1096 1739 1233 1774 θυγατέρα
1243 1739 1314 1765 κατὰ
1327 1739 1376 1772 τῆς
1392 1737 1496 1773 μητρὸς
1512 1736 1609 1771 αὐτῆς,
1637 1736 1686 1762 καὶ
1712 1735 1826 1770 νύμφην

1033 1786 1103 1813 κατὰ
1118 1786 1167 1821 τῆς
1188 1785 1322 1821 πενθερᾶς
1334 1785 1419 1818 αὐτῆς
1431 1793 1438 1799 ·
1452 1784 1509 1816 καὶ,
1536 1779 1567 1809 οὗ
1591 1782 1622 1809 τὺ
1641 1782 1724 1809 πτύον
1744 1783 1771 1808 ἐν
1787 1784 1825 1816 τῇ

1032 1833 1106 1868 χειρὶ
1119 1832 1213 1864 αὑτοῦ,
1234 1832 1281 1858 καὶ¹
1301 1831 1473 1866 διακαθαριεῖ
1487 1830 1537 1866 τὴν
1553 1830 1645 1857 ἅλωνα
1664 1828 1757 1859 αὑτοῦ,
1774 1830 1826 1855 καὶ

1031 1879 1077 1906 τὸν
1093 1880 1141 1915 μὲν
1160 1881 1232 1906 σῖτον
1252 1879 1360 1911 συνάξει
1375 1879 1414 1910 είς
1429 1877 1479 1913 τὴν
1493 1877 1646 1911 ἀποθήκην,
1661 1877 1691 1901 τὸ
1709 1874 1737 1901 δὲ
1753 1874 1824 1908 ἄχυ-

1033 1934 1078 1961 ρον
1095 1925 1262 1952 κατακαύσει
1291 1925 1357 1960 πυρὶ
1377 1924 1520 1958 ἀσϐέστῳ·
1547 1922 1594 1949 καί
1619 1931 1681 1950 τινα
1708 1920 1824 1947 τοιαῦτα

1031 1973 1123 2008 ἕτερα.
1152 1972 1227 2006 Πλὴν
1242 1970 1296 1997 οὐδ’
1311 1971 1397 2001 οὕτως
1413 1971 1429 2004 ἡ
1444 1969 1498 1995 τῶν
1513 1968 1594 2002 ἱερῶν
1610 1969 1741 2003 ῥημάτων
1768 1967 1824 2001 μὰν-

1030 2027 1065 2054 χη
1078 2018 1116 2054 τῷ
1139 2018 1243 2053 ταύτην
1256 2015 1496 2050 διασκευαζομένῳ
1519 2015 1591 2048 λέγω
1615 2014 1647 2048 δὴ
1671 2014 1701 2039 τό
1710 2022 1752 2045 τε,
1771 2014 1821 2044 Εἰς

1030 2067 1116 2099 κρῖμα
1130 2063 1184 2098 ἐγὼ
1199 2064 1238 2095 εἰς
1249 2063 1293 2089 τὸν
1305 2063 1407 2097 κόσμον
1421 2061 1538 2096 ἐλήλυθα
1552 2068 1560 2075 ·
1576 2059 1624 2086 καὶ
1637 2059 1676 2091 τὺ,
1693 2059 1752 2086 Οὐκ
1768 2057 1821 2096 ἦλ-

1030 2110 1076 2136 θον
1092 2111 1181 2144 κρῖναι
1196 2109 1240 2136 τὸν
1264 2109 1368 2142 κόσμον
1395 2107 1463 2134 ἀλλὰ
1481 2107 1578 2137 σῶσαι,
1593 2105 1726 2140 οὖμενουν
1738 2106 1823 2133 οὐδα-

1030 2155 1088 2190 μῶς
1106 2155 1368 2189 συγκροτηθήσεται.
1394 2152 1423 2179 '0
1439 2152 1488 2187 μὲν
1507 2151 1562 2186 γὰρ
1579 2150 1671 2185 σωτὴρ
1692 2150 1821 2185 εἰρηνεῦι

1029 2210 1073 2228 σαι
1099 2201 1146 2227 τὸν
1173 2200 1275 2234 κόσμον
1303 2199 1350 2225 καὶ
1380 2198 1547 2230 καταλλάξαι
1573 2196 1611 2231 τῷ
1640 2197 1727 2232 Πατρὶ
1753 2196 1821 2228 τοὺς

1027 2246 1309 2282 ὲκπεπολεμωμένους
1327 2246 1409 2272 πάλαι
1424 2245 1498 2279 αὐτῷ
1509 2253 1545 2270 πα
1552 2243 1681 2278 ραγέγονε
1692 2251 1699 2258 ’
1715 2244 1765 2269 καί
1785 2243 1821 2278 δὴ

1028 2294 1074 2320 καὶ
1093 2294 1123 2320 τὸ
1140 2293 1296 2329 μεσότοιχον
1308 2292 1355 2318 τοῦ
1370 2290 1498 2327 φραγμοῦ
1511 2289 1654 2325 περιελὼν,
1672 2290 1727 2321 τοῖς
1740 2289 1822 2316 κάτω

1027 2340 1061 2366 τὰ
1080 2340 1135 2366 ἄνω
1149 2339 1251 2375 συνῆψέ
1269 2347 1298 2365 τε
1323 2339 1370 2365 καὶ
1389 2336 1593 2372 εἰρηνοποίησεν
1605 2343 1612 2350 ’
1641 2336 1665 2362 εἰ
1689 2335 1719 2362 δέ
1743 2343 1822 2367 τινες

1028 2387 1132 2418 ἑαυτοῖς
1150 2385 1199 2422 τὴν
1212 2386 1324 2421 εἰρήνην
1343 2385 1382 2417 εἰς
1399 2383 1498 2419 ἔχθραν
1509 2383 1686 2418 μετέστησαν,
1705 2381 1754 2407 καὶ
1766 2381 1822 2416 τὴν

1025 2432 1172 2467 διαλλαγὴν
1189 2433 1229 2463 είς
1250 2432 1390 2458 διάστασιν
1404 2429 1618 2464 ἀπειργάσαντο,
1632 2427 1693 2462 οὐχὶ
1705 2427 1753 2454 τοῦ
1767 2428 1822 2464 τὴν

1027 2478 1138 2512 εἰρήνην
1153 2480 1341 2515 παρασχόντος
1353 2478 1413 2504 οὐδὲ
1427 2478 1475 2504 τοῦ
1492 2476 1710 2509 καταλλάξαντος
1727 2477 1743 2511 ἠ
1771 2477 1822 2502 αι-

1025 2523 1079 2554 τία,
1089 2524 1157 2550 ἀλλὰ
1171 2525 1224 2552 τῶν
1233 2526 1441 2555 διασπασάντων
1448 2529 1558 2562 ἑαυτοὺς
1574 2531 1621 2557 καὶ
1626 2528 1822 2563 διακῡψάντων

184 2567 238 2593 ἀπὸ
252 2567 306 2594 τῶν
322 2567 548 2602 καταλλαγέντων
575 2567 612 2602 τῷ
631 2568 727 2603 “arpi,
743 2568 853 2594 καὶτῶν
866 2567 916 2602 τῆς
932 2569 1044 2605 εἰρήνης
1061 2573 1287 2602 ἀπολελαυκότων
1300 2575 1422 2609 ἀγαθῶν.
