1882 3075
95 152 135 182 li’.

348 205 515 233 ΕΡΩΤΠΣΙΣ
531 204 578 231 II".

95 256 121 282 El
131 254 157 280 τὸ
169 254 200 280 ἐν
215 252 335 279 κολάσει
350 251 485 284 διηνεκεῖ
497 249 574 278 εἶναι
599 250 705 282 πολλῷ
722 249 858 284 χαλεπώ-

119 298 202 322 τερον,
218 288 270 314 τοῦ
286 287 357 322 lead.
376 286 420 321 τὸ]
439 287 493 320 γὰρ
505 286 655 322 ἀλγηδόσι
667 285 718 322 ⁵καὶ
737 285 859 322 ὀδύναις

120 319 346 358 κιὶτιιιτείνείγὸαιι
360 322 394 358 τέ)
413 319 496 356 Ῑόοϋ.
510 320 577 358 tot-'1
596 319 695 358 μηδὲν
722 321 860 358 τοιοῦτον

119 360 235 392 πάσχειν
248 356 351 389 πολλῷ
366 355 500 391 ἄμεινον.
514 355 578 388 πὼζ·
597 358 613 382 ό
628 355 701 392 Θεὸς
726 356 798 387 τοὺς
822 355 857 392 ἐν

117 390 265 428 ἁμαρτίαις,
287 392 374 426 φασὶ,
385 390 560 428 μέλελοντας
575 392 628 428 τὸν
636 391 710 428 βίον
724 390 861 423 κατατρί-

117 433 170 455 ferr
183 429 343 462 παρήγαγε,
360 428 394 454 τὸ
409 427 510 462 χεῖρον
527 427 545 460 ἢ
563 427 596 453 τὸ
631 427 756 460 ἁμεινον
783 433 854 459 προ-

116 465 244 499 ελόμενος
255 471 265 495 ;

869 210 890 235 Λ

111 151 135 182 i5
561 148 610 178 AD
626 147 922 177 AMPHILOCHIUM
940 146 1114 183 QII/ESTIO
1129 147 1214 178 XIII.

1648 147 1699 180 126

1167 203 1331 236 QUASSTII)
1349 203 1420 231 Xlll.

911 248 940 275 Si
960 250 986 275 in
1003 254 1102 276 wlerna
1122 258 1198 283 poma
1210 251 1308 276 rersari
1330 250 1413 276 mullo
1431 249 1546 276 deterius
1565 254 1602 276 est
1618 257 1699 285 quam

946 285 1053 310 omnino
1067 287 1120 311 vim
1134 293 1184 311 non
1201 285 1239 310 tui
1256 285 1331 317 (nillil
1348 287 1417 310 enim
1434 286 1490 318 pati
1503 285 1584 311 mullo
1604 285 1698 312 melius

945 324 982 346 est
1001 327 1079 354 quum
1103 320 1238 346 doloribus
1253 321 1464 353 cruciatibusque
1489 320 1632 353 dirarari),
1651 328 1699 346 cur

951 354 1017 380 Deus
1034 356 1151 382 homines
1167 356 1228 381 illos
1241 356 1286 389 qui
1301 356 1328 381 in
1337 355 1451 388 prccalis
1467 355 1548 381 vitum
1574 363 1699 381 consulti—

945 391 1017 423 pturi
1029 391 1220 422 eram,creurit
1233 410 1240 420 ,
1257 399 1309 417 rem
1317 390 1432 425 pejorem
1447 398 1502 423 pra:
1519 390 1626 417 meliore
1647 389 1698 416 eli-

945 433 1005 459 gens
1017 426 1030 451 ?

633 517 705 541 Edita
716 523 730 540 a
742 514 804 540 Maio
818 513 946 539 Nov.Co/I.
965 517 975 538 t
999 514 1038 543 IX,
1051 515 1059 538 Ι
1070 514 1088 544 ι,
1106 514 1142 539 15.

115 562 210 589 α’.”οτι
222 560 268 595 risv
288 558 334 587 οὖν
349 560 453 594 βέλτιον
472 557 506 595 ἦν
536 560 593 591 τοῖς
614 559 652 590 εἰς
679 557 853 593 χαλεπότητα

91 609 244 643 πταισμάτων
257 607 405 642 ἐληλακόσι
419 607 449 633 τὸ
468 607 529 641 μηδ’
541 606 608 637 ὅλως
620 605 758 640 γενέσθαι,
772 603 853 635 αὐτὸς

89 659 98 682 ὁ
117 657 199 690 Σωτὴρ
210 654 289 690 ἡμῶν
311 655 341 679 ὲν
355 655 411 684 τοῖς
428 652 604 686 [εὐαγγελίοις
617 651 736 683 ἐδίδαξεν
750 649 834 676 εἰπών
844 656 851 664 ⁶

91 712 98 727 ι
112 701 184 728 Καλὴν
196 699 228 736 ἧν
243 700 319 734 αὐτῷ
336 700 362 726 εὶ
376 701 426 725 οὐκ
449 697 565 733 ἐγενήθη
581 698 594 723 ὸ
608 697 753 731 ἅνθρωπος
779 696 852 721 ἐκεί-

88 755 135 778 νος·
150 756 158 771 ι
171 746 223 772 ἀλλ’
247 745 335 781 Ἰούδᾳ
352 745 402 778 μὲν
417 745 464 771 καὶ
486 745 543 775 τοῖς
556 743 617 770 κατ’
633 743 713 768 αὑτὸν
739 741 852 776 ἄμεινον

87 790 112 827 ἦν
123 792 162 818 τοῦ
173 791 297 825 γενέσθαι
312 778 343 816 τὺ
355 791 392 825 μὴ
415 789 542 824 γενέσθαι
559 797 566 804 ο
583 789 614 815 οὺ
627 788 680 823 μὴν
693 788 722 814 δὲ
737 787 831 818 ἁπλῶς
844 794 851 801 ·
871 778 892 805 Β

88 838 131 864 ἀλλ’
145 838 197 864 οὐδὲ
213 837 272 872 Θεῷ
287 837 401 872 ἄμεινον
411 844 418 852 υ
431 836 496 862 ὅπου
512 844 543 869 γε
556 835 588 861 τὸ
605 835 654 869 μὲν
677 835 716 865 εἰς
732 833 854 860 ἀπόλαυ-

88 892 119 910 σιν
130 884 181 916 ἀγει
193 883 237 909 τοῦ
249 883 338 913 ὗντος,
356 882 402 908 καὶ
416 882 464 916 τῆς
481 881 556 912 Θείας
574 879 703 915 προνοίας
726 879 774 905 καὶ
808 878 855 912 δη-

88 928 207 963 μιονργίας
221 928 296 954 ἐστὶν
315 926 507 961 ὲξαγγελτικόν
521 935 526 940 ·
543 926 572 952 τὺ
587 926 615 952 δὲ
634 925 680 951 τοῦ
694 924 769 955 ὄντος
782 922 856 954 ἅπαξ

86 974 199 1007 διαπεσδν,
220 973 289 1009 μετά
314 972 363 1000 τοῦ
393 972 477 1008 μηδὲν
498 971 679 998 ἐκκαλύπτειν
704 971 753 1005 τῆς
770 969 855 1004 ὑπερ-

87 1021 153 1054 φυοῦς
166 1020 255 1054 σοφίας
269 1019 318 1046 τοῦ
333 1019 410 1052 Θεοῦ,
427 1019 488 1045 οὐδὲ
501 1018 554 1044 τῶν
572 1018 662 1044 καλῶν
689 1024 761 1048 τινος
789 1024 855 1051 μετ-

85 1068 142 1101 έχειν
154 1067 257 1093 δύναται
270 1075 278 1082 ο
296 1065 396 1092 οὐκοῦν
412 1065 473 1091 ἐπεὶ
488 1064 649 1098 τὸγενέσθαι
666 1063 714 1089 τοῦ
731 1063 767 1098 μὴ
780 1061 855 1096 γενέ-

86 1112 135 1139 σθαι
147 1113 266 1148 κρεῖσσον
278 1112 328 1138 καὶ
335 1111 366 1137 τὸ
379 1109 448 1137 εἶναι
463 1110 510 1136 τοῦ
524 1110 561 1145 μὴ
576 1107 656 1141 εἶναι,
671 1108 724 1135 ἔδει
738 1109 769 1134 τὸ
783 1108 855 1134 θεῖον

85 1159 115 1189 εἰς
133 1158 306 1193 δημιουργίαν
329 1157 424 1183 amem
442 1156 478 1191 μὴ
511 1155 559 1182 τοῦ
579 1154 701 1190 χείρονος
728 1152 856 1187 γενέσθαι

85 1205 108 1231 τὸ
121 1205 144 1231 δὲ
158 1206 276 1240 κρεῖττον
293 1202 518 1238 ἀπεργάζεσθαι”
540 1201 627 1233 οὕτως
654 1198 701 1227 οὖν
727 1199 855 1234 οὐδαμῶς

86 1252 129 1277 ἐπι
139 1251 192 1287 Θεῷ
202 1251 322 1287 πρέπον,
342 1250 403 1277 ἀντὶ
417 1249 467 1284 τῆς
487 1249 526 1280 εις
544 1248 574 1274 τὸ
591 1245 662 1274 εἶναι
688 1245 856 1282 προαγωγῆς

85 1298 125 1324 τῶν
135 1298 275 1333 ἐσομένων,
290 1298 309 1332 ἡ
327 1297 367 1327 εις
380 1295 411 1322 τὸ
429 1295 467 1330 μὴ
485 1294 515 1321 ὃν
531 1293 723 1328 ὲγκατάλειψις
740 1299 747 1306 ·
765 1293 790 1318 εἰ
808 1290 855 1317 καὶ

85 1344 113 1379 τῷ
125 1345 231 1380 προδότῃ
249 1345 279 1370 ὲν
294 1343 374 1378 νόμῳ
389 1341 608 1376 ταλανιζομένων
633 1341 650 1375 ὴ
664 1338 855 1374 φιλάνθρωπος

84 1391 123 1425 ἔφη
138 1392 218 1424 cogita,
235 1391 321 1417 καλὸν
340 1387 375 1424 ἦν
394 1387 468 1422 αὐτῷ
493 1388 517 1413 εἰ
542 1386 580 1422 μὴ
596 1386 743 1420 ἐγεγένητο
759 1392 766 1399 ·
793 1385 855 1411 ἐπεὶ

85 1438 120 1462 καὶ
139 1437 217 1468 ἄλλως
243 1437 311 1467 τοὺς
336 1435 544 1470 ἁμαρτάνοντας
567 1433 623 1464 τοῖς
649 1431 855 1466 ἀναμαρτήτοις

84 1483 104 1508 ἐν
116 1483 156 1517 ίσῳ
167 1482 308 1518 τετάχθαι,
331 1480 507 1516 χαριέστατον
526 1478 575 1513 μὲν
590 1478 622 1504 ἂν
645 1477 686 1512 εἴη
700 1485 707 1491 ·
739 1475 806 1503 Θεοῦ
824 1476 854 1501 δὲ

85 1527 152 1562 κρίσει
165 1528 193 1554 οὐ
205 1529 255 1562 μὲν
280 1525 332 1554 οὖν
343 1526 469 1560 οὐδαμῶς
491 1524 603 1551 ἀνεκτὸν
624 1522 684 1549 οὐδὲ
700 1522 773 1554 ἄξιον
783 1530 790 1537 ⁸
807 1521 854 1548 καὶ

84 1573 105 1599 τὺ
115 1573 147 1609 μὴ
158 1573 244 1600 δοῦναι
261 1574 346 1608 δίκην
363 1572 531 1606 ὀφείλοντας,
549 1570 675 1605 δεύτερον
693 1569 742 1604 μὲν
761 1568 854 1599 αὐτοῖς

83 1619 163 1653 ἀγαθόν
176 1629 184 1634 υ
199 1620 255 1646 ἀλλ’
274 1619 340 1646 οὐδὲ
349 1618 428 1644 τοῦτο
443 1617 491 1652 τῆς
502 1616 699 1651 δικαιοκρισίας
711 1614 795 1649 ἐγγὺς
805 1613 853 1640 τοῦ

83 1665 134 1692 Θεοῦ
145 1674 150 1681 ·
162 1668 205 1693 καὶ
220 1666 310 1701 μυρία
328 1665 408 1691 ἄλλα.

108 1712 136 1746 β’.
153 1713 226 1739 Κατὰ
238 1713 286 1738 τὸν
298 1711 385 1738 αὑτὸν
411 1710 438 1736 δὲ
461 1710 560 1746 τρόπον
583 1709 632 1735 καὶ
647 1708 694 1735 τὸν
715 1706 853 1742 ἀμετάθε-

83 1766 116 1784 τον
127 1759 212 1794 εἱρμὸν
225 1758 274 1785 τοῦ
290 1758 385 1792 λόγου.
401 1756 448 1783 καὶ
459 1758 475 1791 ὴ
483 1755 538 1782 τῶν
549 1754 686 1789 ἐσομένων
702 1753 852 1788 προαγωγὴ

83 1805 155 1836 αὐτοῖς
167 1813 195 1831 τε
213 1805 321 1840 βέλτιον
348 1803 397 1830 καὶ
417 1802 476 1837 Θεῷ
507 1800 744 1837 πρεπωδέστατον,
759 1801 782 1826 εὶ
805 1798 852 1825 καί

84 1858 137 1881 τινες
153 1850 203 1876 τῶν
220 1849 418 1885 προαχθέντων
446 1847 536 1883 χρόνῳ
554 1846 668 1882 ὕστερον
697 1845 852 1880 αὐθαιρέτῳ

84 1894 159 1931 γνώμῃ
171 1896 222 1922 τῶν
239 1895 409 1931 κρειττόνων
430 1893 463 1920 τὰ
480 1893 591 1929 χείρονα
618 1891 777 1926 ἠλλάξαντο,
805 1891 853 1917 καὶ

82 1941 119 1974 τὴν
129 1941 279 1976 θαυμαστὴν
295 1940 348 1966 καὶ
368 1940 504 1974 σωτήριον
523 1937 707 1974 δημιουργίαν
723 1938 770 1964 τοῦ
785 1937 852 1964 Θεοῦ

84 1987 196 2021 σῳιλερὰν
208 1988 304 2018 αὐτοῖς
341 1985 556 2020 κατεστήσαντο,
581 1984 612 2010 τὸ
643 1984 754 2019 ἄριστον
784 1992 853 2019 προ-

83 2035 173 2066 αγσγεῖν
184 2034 428 2068 φιλονεικήσαντες
439 2033 479 2063 εἰς
494 2032 524 2058 τὸ
541 2031 678 2067 χείριστον
690 2039 696 2046 ·
722 2031 761 2058 ἔτι
785 2031 814 2058 δὲ
828 2032 853 2058 εἰ

81 2077 104 2103 τὸ
115 2078 155 2112 μὲν
168 2079 236 2105 θεῖον
251 2079 296 2106 ἀεί
311 2079 343 2105 τὲ
362 2078 478 2104 ἐστικαὶ
492 2078 522 2104 ὲν
536 2077 683 2113 ἀτρέπτοις
699 2077 746 2103 καὶ
771 2076 854 2103 ἀναλ-

81 2123 180 2156 lenirem;
193 2126 266 2160 ὅροις
282 2124 335 2160 τῆς
350 2124 417 2156 ἰδίας
433 2124 539 2158 ἵδρυται
553 2123 673 2158 φύσεως,
698 2123 752 2149 πᾶν
774 2122 803 2149 δὲ
823 2122 853 2148 τὸ
869 2131 891 2158 D

81 2169 113 2196 διὰ
125 2172 247 2204 γενέσεως
263 2170 399 2206 προελθὸν
407 2170 567 2206 μεταϐολαῖς
581 2169 693 2205 μυρίαις
709 2169 853 2204 ὑπηρετεῖ-

81 2225 114 2243 ut
127 2220 168 2245 καὶ
180 2219 371 2249 ἀλληιώσεσιν,
386 2217 400 2242 ὁ
414 2217 477 2249 τοὺς
509 2217 655 2252 μέλλοντας
685 2215 855 2251 ἀμαρτήσειν

82 2263 158 2295 ἀξιῶν,
172 2265 208 2300 μὴ
223 2264 280 2290 δεῖν
300 2264 471 2299 προαγαγεῖν
491 2263 536 2289 τὸν
549 2262 627 2294 θεδνο
656 2261 672 2298 ἣ
705 2261 759 2288 οὐδ’
785 2261 855 2291 ὅλως

81 2309 119 2343 τὴν
135 2310 305 2345 ἀνθρωπίνην
323 2310 405 2344 φύσιν
419 2309 570 2345 νομοθετεῖ,
588 2308 605 2343 ἦ
619 2308 753 2343 ἄτρεπτον
770 2307 854 2341 αὐτὴν

81 2356 229 2391 προαχθῆναι
246 2356 298 2383 καὶ
313 2355 494 2382 ἀναλλοίωτον
506 2363 513 2370 ·
523 2354 553 2381 τὸ
566 2354 594 2381 δέ
609 2355 694 2385 ἐστιν,
710 2353 725 2389 ἢ
743 2353 854 2387 σύμπαν

81 2400 104 2425 τὸ
118 2401 282 2437 ἀνθρώπινον
300 2403 381 2437 γένος
394 2402 444 2436 τῆς
458 2400 641 2437 δημιουργίας
664 2399 813 2434 διατεμεῖν,
837 2398 853 2433 ἢ

81 2446 185 2474 ἀπαιτεῖν
199 2449 266 2475 Θεοῦ
281 2448 365 2483 φύσιν
381 2447 477 2483 ἔχοντα
491 2447 535 2473 τὸν
543 2446 685 2482 ἄνθρωπον
701 2445 852 2481 προελοείψ

82 2489 110 2517 ὧν
126 2494 259 2529 ἑκάτερον,
281 2495 322 2526 εἰς
335 2495 398 2520 ὅσον
420 2494 550 2524 ἀπονοίας
565 2492 612 2518 καὶ
633 2491 781 2523 δυσσεϐοῦς
793 2492 855 2527 ἥκει

82 2539 185 2574 γδώμης,
199 2541 318 2566 αὐτόθεν
333 2540 408 2566 ἐστιν
426 2539 489 2566 ἰδεῖν
499 2539 549 2574 τὴν
580 2538 682 2573 στήλην
705 2538 854 2573 ῐσταμένην

83 2586 253 2618 tegili-suav
270 2594 277 2601 ·
295 2586 384 2617 ἄλλως
400 2594 428 2612 τε
437 2586 465 2611 δὲ
478 2586 508 2611 τὸ
520 2585 569 2620 μὲν
583 2584 643 2620 μηδ’
660 2584 728 2615 ὅλως
740 2592 856 2618 γεγενη-

85 2630 146 2662 μένον
161 2632 227 2666 μήτε
246 2630 289 2663 ὃν,
307 2631 356 2657 οὐκ
372 2629 406 2656 ἂν
418 2629 528 2656 δύναται
553 2627 623 2655 εἶναι
648 2629 749 2663 ἀγαθόν
764 2636 771 2643 ·
799 2629 812 2654 ὁ
827 2628 855 2654 δὲ

83 2674 104 2699 ὲν
117 2676 255 2711 ἁμαρτίαις
272 2675 509 2711 ἀναστρεφόμενος
524 2674 634 2701 δύναται
654 2674 855 2708 γενέσθαιάγα-

84 2720 133 2751 '15,“
146 2723 171 2749 τὸ
185 2723 211 2750 δὲ
229 2722 334 2757 ἀγαθὸν
357 2721 405 2748 τοῦ
419 2721 530 2754 ἔκδηλον
556 2720 635 2756 φέρει
664 2720 853 2756 μακαριζόμε-

85 2775 119 2793 νον
132 2769 158 2794 τδ
179 2770 319 2804 διάφορον.
432 2800 434 2802 _

109 2817 128 2847 γ’
140 2815 227 2851 Χωρὶς
240 2816 268 2842 δὲ
286 2816 339 2842 τῶν
355 2816 508 2852 εἰρημένων
522 2815 536 2841 ὁ
555 2814 643 2848 λέγων
656 2813 723 2840 διότι
737 2813 848 2848 ἔμελλόν

109 2871 126 2885 ¹²
141 2872 231 2900 Matth.
244 2882 320 2905 sxw,
333 2874 377 2901 24.
425 2886 430 2890 τ

943 557 968 584 1.
988 557 1063 590 Quos
1074 566 1139 585 sane
1152 558 1249 586 melius
1261 557 1358 586 fuisset
1370 566 1540 594 nequaquam
1550 566 1597 586 eos
1611 559 1698 591 nasci,

906 604 954 638 qui
969 605 1086 631 summis
1100 605 1251 632 sceleribus
1267 610 1353 632 semet
1365 605 1525 633 obstricturi
1540 609 1630 638 erant,
1641 606 1700 639 ipse

908 649 1039 677 Servator
1053 656 1147 678 n0ster
1165 651 1191 678 in
1209 651 1352 686 Evangelio
1373 652 1465 679 docuit
1479 652 1573 679 dicens
1590 661 1596 679 :
1618 661 1627 678 ι
1645 652 1698 679 Βο-

906 704 972 723 num
989 701 1049 723 erat
1064 697 1089 724 ei
1115 697 1137 724 si
1157 703 1238 725 natus
1256 707 1311 725 non
1338 698 1435 726 fuisset
1457 699 1540 726 homo
1566 699 1612 725 ille
1631 698 1664 725 θλ.
1685 708 1695 723 ›

907 741 1033 769 Proiecto
1055 742 1131 769 Judre
1151 750 1183 770 ac
1205 744 1342 771 similibus
1366 745 1426 778 ejus
1443 744 1541 771 melius
1556 748 1616 771 erat
1643 752 1697 771 non

907 787 982 814 nasci
1000 796 1007 814 :
1024 795 1068 815 res
1079 793 1169 815 tamen
1184 789 1333 823 generatim
1346 797 1400 816 non
1416 789 1453 816 ita
1467 797 1496 816 se
1510 789 1592 816 habet
1608 798 1613 815 :
1633 797 1696 816 nam

907 832 963 860 Deo
989 838 1063 861 certe
1085 833 1112 860 id
1133 834 1230 861 melius
1253 842 1306 862 non
1319 839 1361 862 est
1379 843 1385 861 :
1407 834 1542 870 siquidem
1559 835 1646 867 nasci,
1662 835 1696 861 ad

906 879 1074 906 exsistentiaa
1090 880 1293 914 possessionem
1310 880 1443 915 perducit,
1457 881 1612 915 divinaeque
1633 888 1698 916 pro-

905 924 1033 952 videntia:
1045 929 1072 952 et
1088 926 1236 953 creationis
1257 926 1413 961 pradieatio
1427 931 1479 954 est.
1513 926 1589 960 Quod
1606 931 1696 953 autem

906 970 1067 997 exsistentia
1083 977 1169 1003 caret,
1188 976 1286 1006 praeter
1299 980 1381 1006 quam
1402 973 1476 1007 quod
1491 975 1628 1000 summam
1650 972 1697 999 Dei

906 1017 1068 1052 sapientiam
1086 1019 1163 1045 nullo
1178 1019 1260 1046 modo
1275 1019 1417 1054 praedicat.
1440 1027 1474 1046 ne
1495 1019 1566 1046 bona
1587 1019 1696 1053 quidem

906 1063 963 1089 ulla
989 1064 1120 1098 consequi
1147 1068 1248 1099 potest.
1262 1064 1348 1099 Igitur
1359 1065 1423 1099 quia
1440 1065 1515 1092 nasci
1535 1065 1633 1091 melius
1656 1069 1698 1092 est

906 1116 989 1143 quam
1012 1117 1067 1136 non
1083 1110 1171 1143 nasci,
1186 1116 1213 1137 et
1227 1118 1289 1138 esse
1313 1111 1412 1138 melius
1437 1118 1519 1146 quam
1548 1118 1604 1137 non
1623 1118 1695 1140 esse.

906 1154 1029 1189 oportuit
1043 1154 1128 1182 Deum
1143 1155 1177 1183 de
1196 1155 1335 1183 creatione
1346 1157 1512 1191 cogitantem
1524 1156 1637 1183 meliora
1649 1164 1698 1190 po-

906 1202 961 1228 tius
976 1206 1057 1236 quam
1072 1202 1208 1229 deteriora
1220 1210 1311 1237 agere.
1332 1201 1380 1229 Sic
1394 1210 1460 1236 ergo
1475 1202 1560 1229 Deum
1579 1210 1634 1229 non
1649 1203 1697 1230 de-

906 1247 975 1279 cuit,
997 1247 1101 1275 omisso
1122 1248 1233 1275 creandi
1258 1248 1386 1281 consilio,
1409 1255 1467 1275 rem
1494 1248 1564 1275 hanc
1580 1254 1607 1275 et
1621 1248 1696 1275 illam

906 1291 1055 1319 increatam
1081 1292 1256 1328 relinquere:
1274 1293 1400 1328 quamvis
1416 1293 1450 1320 de
1475 1293 1617 1328 proditore
1640 1293 1696 1320 cle—

906 1344 984 1364 mens
999 1338 1134 1373 sapientia
1150 1339 1340 1366 miserantium
1359 1339 1413 1366 ritu
1426 1339 1536 1372 dixerit,
1551 1339 1650 1367 melius
1671 1339 1696 1366 ei

906 1382 993 1410 fuisse
1010 1384 1033 1410 si
1056 1388 1137 1411 natus
1162 1391 1214 1410 non
1230 1389 1316 1411 esset.
1340 1383 1409 1411 Nam
1429 1389 1456 1412 et
1468 1384 1570 1419 alioqui
1596 1385 1697 1420 jucun-

908 1428 1052 1455 dissimum
1073 1429 1267 1464 peccatoribus
1286 1429 1366 1463 foret,
1391 1431 1414 1458 si
1429 1430 1487 1465 pari
1504 1431 1565 1458 loco
1580 1438 1643 1458 cum
1658 1438 1698 1458 tn-

908 1475 1072 1502 nocentibus
1094 1475 1262 1503 haberentur
1278 1485 1284 1503 :
1299 1477 1385 1511 quod'
1400 1482 1491 1504 tamen
1515 1476 1562 1504 Dei
1584 1477 1698 1512 justitiaa

909 1526 999 1555 neque
1023 1520 1165 1549 tolerabile
1187 1530 1275 1557 neque
1290 1522 1421 1550 decorum
1446 1528 1498 1550 est.
1512 1522 1581 1550 Tum
1601 1531 1698 1558 poenas

907 1560 962 1596 non
978 1569 1045 1596 dare
1059 1577 1132 1602 reos,
1151 1578 1262 1597 rursum
1284 1570 1328 1598 his
1348 1571 1450 1598 bonum
1467 1576 1560 1605 esset;
1578 1575 1696 1598 attamen

907 1614 934 1642 id
957 1623 972 1642 a
984 1615 1059 1649 justo
1084 1616 1131 1643 Dei
1155 1616 1270 1644 consilio
1280 1617 1376 1652 procul
1392 1618 1480 1645 abest.
1496 1617 1631 1645 Sexcenta
1645 1617 1698 1645 hu-

904 1661 1024 1695 jusmodi
1041 1661 1093 1688 dici
1110 1667 1224 1696 queunt.

942 1707 969 1735 2.
992 1707 1048 1735 Hoc
1065 1709 1162 1736 eodem
1180 1717 1245 1737 sane
1261 1710 1342 1737 modo
1357 1710 1489 1746 ﬁrmaque
1504 1711 1642 1739 ratiocinii
1654 1719 1698 1739 se-

906 1753 999 1788 quela,
1016 1753 1173 1781 futurorum
1192 1755 1334 1783 hominum
1356 1757 1457 1784 creatio
1476 1761 1503 1784 et
1519 1757 1585 1792 ipsis
1602 1757 1698 1784 melior

907 1804 948 1826 est
965 1805 991 1827 et
1007 1799 1063 1828 Deo
1082 1801 1343 1828 convenientissima
1360 1810 1367 1828 :
1386 1810 1544 1837 quanquam
1572 1802 1697 1829 nonnulli

907 1846 1015 1874 labente
1031 1851 1164 1882 tempore,
1181 1848 1339 1876 voluntario
1353 1849 1438 1876 animi
1454 1849 1571 1877 consilio
1585 1850 1697 1876 meliora

906 1891 1088 1920 deterioribus
1103 1894 1298 1921 commutaturi
1312 1894 1385 1925 sint;
1401 1895 1555 1929 mirumque
1572 1902 1603 1922 ac
1623 1895 1698 1922 salu-

909 1941 966 1964 tare
988 1937 1035 1965 Dei
1051 1945 1132 1973 opus,
1146 1939 1334 1974 perniciosum
1351 1940 1404 1967 sibi
1417 1940 1556 1973 elIecturi;
1582 1948 1697 1975 remque

907 1983 1040 2018 optimam
1065 1985 1188 2012 studiose
1202 1986 1372 2019 .eonversuri
1396 1986 1424 2013 in
1440 1987 1598 2021 pessimam.
1627 1987 1697 2014 Prte-

909 2034 982 2058 terea
996 2030 1019 2057 si
1040 2031 1112 2058 Deus
1124 2036 1244 2059 aeternus
1257 2037 1298 2058 est
1311 2037 1393 2066 atque
1405 2032 1584 2059 immutabilis
1600 2033 1697 2060 lirmis-

907 2085 961 2112 que
978 2076 1078 2104 linibus
1092 2082 1196 2104 natura:
1215 2086 1271 2105 sua:
1293 2078 1385 2111 nixus,
1399 2087 1480 2106 omne
1504 2084 1594 2106 autem
1623 2079 1696 2115 quod

907 2123 1049 2150 nativitate
1077 2124 1210 2158 procedit,
1238 2125 1390 2152 innumeris
1418 2126 1616 2154 mutationibus
1646 2127 1697 2154 ob-

907 2168 1019 2195 noxium
1036 2173 1078 2196 est
1096 2177 1128 2196 ac
1144 2170 1338 2198 varietatibus:
1359 2171 1382 2198 si
1403 2172 1465 2207 quis
1481 2178 1574 2200 censet
1586 2180 1634 2200 eos
1649 2173 1696 2209 qui

906 2217 1045 2250 peccaturi
1061 2223 1137 2253 sunt,
1156 2226 1211 2244 non
1227 2217 1312 2246 fuisse
1330 2227 1344 2245 a
1358 2219 1413 2246 Deo
1427 2221 1575 2253 creandos;
1593 2221 1637 2248 hic
1650 2226 1697 2248 aut

906 2263 995 2289 nullas
1014 2264 1140 2290 humana:
1160 2268 1266 2292 naturae
1287 2265 1360 2300 leges
1375 2266 1515 2300 ponendas
1532 2265 1620 2294 fuisse
1635 2275 1696 2294 cre-

905 2307 961 2340 (Iit;
977 2314 1023 2334 aut
1039 2316 1099 2335 eam
1115 2309 1316 2337 immutabilem
1331 2311 1477 2338 crcandam
1493 2314 1521 2337 et
1533 2311 1593 2338 sine
1607 2312 1697 2338 varie-

906 2356 981 2379 tate:
1004 2353 1057 2380 hoc
1079 2359 1120 2381 est
1145 2354 1187 2381 vel
1202 2355 1362 2382 universum
1390 2356 1542 2383 humanum
1570 2363 1656 2390 genus
1680 2364 1696 2382 a
1721 2347 1724 2354 λ

905 2399 1045 2427 creatione
1071 2406 1202 2433 removet,
1227 2406 1275 2429 aut
1299 2403 1435 2430 hominem
1460 2411 1522 2431 cum
1538 2402 1584 2430 Dei
1597 2407 1696 2430 natura

905 2445 965 2473 ﬁeri
980 2446 1122 2481 postulat:
1140 2455 1200 2482 qua:
1223 2456 1266 2475 res
1283 2453 1397 2483 utraque
1417 2449 1480 2484 quia
1504 2448 1532 2475 in
1557 2456 1695 2475 summam

906 2493 1042 2520 insaniam
1067 2493 1287 2529 impietatemque
1308 2495 1418 2527 decidit,
1445 2494 1508 2521 inde
1529 2501 1695 2529 cognoscere

906 2538 970 2566 licet
990 2538 1056 2573 legis
1080 2540 1199 2567 tabulam
1224 2546 1347 2575 perstare
1370 2540 1555 2567 indelebilem.
1580 2540 1695 2575 Insuper

907 2585 979 2619 quod
1003 2586 1117 2613 omnino
1142 2595 1229 2621 neque
1246 2586 1348 2613 factum
1364 2593 1406 2614 est
1431 2594 1518 2622 neque
1535 2587 1652 2619 exsistit,
1669 2587 1694 2614 id

906 2632 1009 2658 bonum
1022 2640 1082 2659 esse
1091 2633 1186 2668 nequit
1197 2641 1204 2659 :
1215 2633 1259 2667 qui
1276 2637 1367 2659 autem
1383 2633 1410 2659 in
1423 2632 1543 2667 peccatis
1557 2638 1695 2667 versatur,

907 2679 930 2705 is
943 2678 1032 2706 bonus
1048 2679 1105 2706 lieri
1121 2684 1220 2713 potest.
1236 2678 1342 2706 Bonum
1360 2683 1451 2706 autem
1464 2680 1498 2707 ab
1510 2687 1543 2707 eo
1558 2680 1632 2715 quod
1648 2681 1697 2707 bo-

907 2733 972 2752 num
989 2733 1044 2752 non
1060 2731 1111 2759 est,
1129 2725 1244 2753 feliciter
1264 2725 1323 2753 sine
1337 2726 1423 2754 dubio
1437 2726 1537 2754 ditl'ert.

945 2814 970 2842 5.
997 2816 1092 2844 Verum
1107 2819 1132 2843 et
1149 2814 1191 2842 his
1204 2815 1331 2849 omissis;
1353 2817 1398 2851 qui
1414 2816 1461 2850 ait.
1475 2821 1617 2852 propterea
1627 2817 1699 2853 quod
