1882 3075
181 155 231 188 127

180 214 307 242 homines
326 213 450 241 nonnulli
482 213 586 248 lapsuri
619 214 646 241 in
675 220 817 250 peccatum
828 217 972 249 erant,id-

179 261 253 288 circo
267 268 315 287 eos
329 267 381 287 non
404 259 492 287 fuisse
510 260 652 293 creandos,
677 261 731 295 hic,
757 263 877 297 inquam,
902 263 971 290 nihil

180 306 254 333 aliud
275 305 401 338 allirmat,
436 304 488 332 nisi
503 310 644 340 peccatum
675 307 797 334 nondum
817 307 905 342 ipsum
922 315 971 334 na-

181 359 238 379 tum
259 351 305 378 Dei
333 351 519 378 ereationibus
546 352 682 379 dominari
707 352 844 380 debuisse.
864 353 931 380 Nam
947 354 970 381 si

179 398 243 431 quia
261 397 387 424 nonnulli
404 397 544 432 peccaturi
569 402 658 429 erant.
675 398 736 425 ideo
756 399 837 430 Deus,
863 400 969 434 quomi-

179 451 232 470 nus
250 450 298 470 eos
310 448 427 476 crearet,
445 443 633 477 prohibendus
649 444 709 476 fuit,
726 446 851 480 sequitur
867 451 896 473 ut
910 454 972 481 pec-

179 488 232 515 cati
244 489 331 522 major
345 496 426 523 quam
443 488 542 515 divina:
556 489 684 516 efﬁcaciae
700 491 820 524 potentia
836 492 881 518 sit.
894 491 971 519 Adde

179 533 252 567 quod
268 540 382 566 peccare
398 533 523 560 humana-
536 533 683 561 volunlatis
700 540 741 562 cst
756 540 838 570 alque
851 536 969 569 arbitrii,

181 578 284 605 crcatio
309 583 398 605 autem
424 578 546 606 factoris.
563 579 618 608 Cur
634 588 700 615 ergo
715 581 850 616 quispiam
869 582 971 610 omisso

180 624 284 659 peccati
305 632 363 656 reo,
390 626 417 652 id
448 625 475 652 in
500 625 650 653 innocuum
685 627 833 655 transferre
858 629 972 656 nititur?

181 669 275 705 Neque
288 678 353 697 vero
368 671 402 698 ab
418 671 468 698 hac
485 671 590 699 insania
603 672 765 705 absolvitur,
781 674 804 700 si
822 674 885 709 quis
900 674 972 702 forte

181 717 230 748 ait,
255 721 418 750 peccaturos
443 718 634 745 tantummodo
660 718 786 746 homines
807 727 860 746 non
886 728 970 755 opor—

179 763 265 789 tuisse
281 771 295 789 a
321 762 450 790 Creatore
472 763 641 792 nativitatem
666 765 758 792 sortiri
779 773 868 801 neque
885 766 911 793 in
929 766 971 793 lu-

179 807 264 834 minis
280 815 363 834 auras
374 808 508 842 protrahi.
518 809 584 836 Nam
596 815 624 836 et
639 809 683 837 hic
693 810 801 837 videtur
815 819 886 845 aegre
899 811 970 839 ferre

179 853 201 880 si
211 854 284 888 quis,
298 855 360 888 quia
375 859 417 881 est
433 862 509 886 reus,
522 862 618 889 pmnas
631 856 781 891 dependat;
796 858 907 885 studere
920 866 971 885 au-

183 904 237 926 tem
251 904 278 927 ut
297 900 343 935 qui
356 906 467 935 peccato
476 907 560 934 caret,
575 902 598 929 is
613 902 743 930 damnum
756 903 835 931 ferat.
854 904 884 931 Id
898 905 970 931 enim

185 953 279 980 reapse
291 946 405 981 contigit
420 947 442 974 si
459 947 598 981 peccaturi
615 948 756 975 nativitale
771 950 798 976 et
811 950 969 977 exsistentia

182 991 335 1026 priventur,
362 991 433 1019 Deus
454 997 544 1018 autem
570 1000 584 1018 a
605 993 725 1020 creando
737 994 909 1028 impediatur.
927 994 971 1021 lu-

181 1045 263 1071 super
288 1037 368 1064 datur
391 1045 473 1072 opera
500 1042 529 1064 nt
554 1038 654 1065 divina
685 1039 863 1073 tumscientia:
887 1047 969 1067 causa

182 1083 348 1110 damnentur
365 1083 382 1109 ii
394 1083 440 1118 qui
457 1091 556 1110 noxam
574 1085 742 1112 contracturi
759 1091 823 1112 sunt
841 1094 848 1112 ε
863 1094 971 1113 rursus-

180 1134 234 1161 que
256 1131 285 1154 nt
308 1128 401 1160 iidem,
421 1133 567 1162 postquam
590 1129 777 1163 peccaverint,
798 1130 832 1157 ab
845 1130 970 1157 animad-

180 1173 306 1200 versione
319 1178 499 1209 protegantur
516 1184 523 1200 :
538 1182 598 1209 qua:
615 1183 659 1202 res
679 1183 766 1210 neque
785 1176 906 1204 humano
923 1184 971 1203 nc-

181 1227 235 1253 que
251 1219 344 1246 divino
364 1219 426 1254 jure
442 1220 499 1247 fieri
517 1220 650 1248 creditur.
669 1221 774 1248 Etenim
788 1226 818 1249 ut
832 1230 846 1248 a
862 1222 970 1250 nemine

178 1270 242 1293 ante
255 1266 362 1300 culpam
377 1271 539 1301 reposcatur
552 1275 645 1302 pmna,
661 1268 816 1295 communis
828 1269 970 1295 hominum

177 1313 312 1339 sententia
330 1317 371 1339 est
394 1312 551 1347 divinisque
571 1313 676 1348 legibus
691 1319 885 1341 consentanea.
899 1314 970 1341 Tum

178 1369 242 1387 vero
257 1361 290 1388 de
307 1361 438 1395 pertinaci
456 1365 566 1395 peccato
578 1369 674 1397 poenas
686 1370 805 1395 sumere,
832 1363 857 1389 id
873 1363 971 1390 divinae

180 1414 324 1434 nemeseos
346 1406 516 1442 justitiaeque
541 1409 738 1436 demonstratio
762 1413 812 1436 est.
831 1409 886 1436 Cur
905 1417 971 1446 ergo

179 1453 281 1487 aliquis
299 1453 374 1486 velit,
398 1461 459 1488 qua:
481 1456 589 1482 cunctis
606 1460 681 1482 recta
697 1455 832 1489 videntur,
848 1455 890 1483 his
905 1464 971 1483 con-

178 1500 260 1526 traria
287 1498 398 1527 facere?
422 1508 454 1527 ea
475 1508 552 1533 vero,
580 1509 641 1536 quae
653 1501 738 1529 Deum
763 1502 899 1530 vindicem
928 1503 972 1538 ju-

182 1547 527 1581 stumquedemonstrant,
563 1547 591 1574 in
626 1549 714 1583 pretio
745 1549 845 1576 habere
879 1550 971 1576 nolit?

177 1591 274 1619 Nonne
288 1593 333 1620 hic
350 1601 464 1620 sumina:
489 1594 615 1621 amentia:
635 1599 717 1629 atque
733 1596 883 1630 impietatis
896 1604 971 1623 reum

179 1647 208 1666 se
230 1639 316 1666 facit?
335 1639 390 1666 Cur
409 1640 450 1667 ais
470 1640 608 1667 hominem
629 1646 765 1675 oportere,
786 1650 841 1676 quo
862 1650 971 1677 poenam

179 1685 257 1718 vitet,
277 1684 310 1711 ad
323 1685 431 1719 culpam
445 1685 555 1713 minime
568 1687 642 1713 nasci
655 1687 776 1714 labilem?
788 1688 883 1714 Nonne
899 1688 970 1715 enim

177 1737 273 1766 aperte
301 1731 379 1764 dicis,
400 1732 507 1759 etiamsi
526 1733 638 1760 minime
652 1733 738 1766 dicas,
757 1735 910 1769 oportuisse
921 1735 972 1761 ho-

178 1778 279 1804 minem
302 1778 388 1805 creari
415 1779 620 1813 impcccabilem
633 1800 641 1813 ,
663 1788 698 1808 ne
712 1781 816 1808 scilicet
837 1782 948 1808 coronis
963 1802 970 1813 ,

178 1832 295 1859 quarunt
313 1825 398 1860 gratia
419 1824 502 1852 fortes
525 1830 638 1860 peccato
650 1827 806 1861 superiores
828 1827 906 1858 fiunt,
923 1827 972 1854 do—

178 1871 278 1898 netur?
302 1870 374 1898 Sane
398 1871 420 1898 si
444 1872 505 1906 quis
530 1873 629 1899 mentis
654 1881 710 1900 sme
735 1881 856 1908 compos,
882 1881 971 1908 neque

183 1916 331 1944 vehemens
352 1917 457 1950 peccati
481 1922 598 1949 amator.
619 1922 646 1945 et
661 1918 832 1945 cruciatuum
852 1918 970 1951 timens;

176 1962 199 1989 si
218 1963 252 1995 is,
266 1963 390 1997 inquam,
403 1971 418 1989 e
431 1963 538 1990 duobus
552 1964 716 1990 alterutrum
729 1963 846 1998 eligendi
862 1965 969 1998 copiam

180 2008 303 2041 haberet,
322 2015 419 2042 nempe
438 2009 477 2035 vel
494 2009 538 2043 (ne
555 2009 602 2043 qui
620 2008 688 2036 forte
705 2015 847 2044 peccantes
863 2017 971 2044 potnam

176 2054 294 2088 luerent)
312 2061 431 2081 coronas
447 2055 582 2089 capitibus
595 2059 771 2082 strenuorum
789 2056 968 2088 detrahendi;

176 2100 216 2126 vel
232 2099 354 2134 (propter
370 2107 418 2126 eos
432 2100 477 2133 qui
492 2100 566 2134 juste
578 2101 759 2128 certaminum
774 2101 884 2135 praemia
899 2101 971 2128 refe-

175 2145 250 2180 runt)
266 2152 300 2172 ne
316 2150 458 2179 peccatum
476 2145 585 2179 quidem
601 2146 661 2173 sine
676 2153 755 2181 poena
768 2154 829 2174 esse
847 2147 968 2178 sinendi;

174 2199 266 2218 nonne
280 2191 324 2218 hic
337 2192 422 2218 multo
437 2192 529 2218 mallet
542 2191 625 2219 fortes
635 2193 752 2221 athletas
768 2193 878 2220 coronis
888 2201 969 2219 orna-

173 2243 215 2264 tos
233 2243 355 2269 cernere,
370 2245 486 2271 reosque
501 2238 583 2265 simul
600 2238 706 2265 meritis
728 2238 868 2273 suppliciis
881 2238 971 2265 tradi?

759 161 891 191 PIIOTII
906 161 1159 191 PATRIARCH/E
1178 161 1232 191 (ΣΡ.

1765 157 1811 189 128

987 221 1010 247 Α
1025 224 1099 247 τινες
1122 216 1178 242 τὼν
1200 215 1352 251 ἀνθρώπων
1379 217 1419 247 εἰς
1447 215 1585 250 ἁμαρτίας
1608 214 1808 248 ἐξολισθαίνειν,

1023 261 1068 288 διὰ
1082 261 1161 288 τοῦτο
1184 262 1237 288 ἔδει
1263 262 1377 293 τούτους
1398 261 1435 297 μὴ
1454 261 1481 288 δὲ
1507 262 1643 296 γενέσίίαι,
1657 263 1670 289 ὁ
1689 262 1810 294 τοιοῦτος

1022 307 1098 332 οὐδὲν
1113 306 1207 341 ἕτερον
1218 307 1304 340 λέγει,
1320 307 1336 342 ἦ
1356 307 1397 333 ὅτι
1415 307 1467 333 ἔδει
1483 308 1533 342 τὴν
1548 308 1685 343 ἁμαρτίαν
1699 309 1746 334 καὶ
1759 309 1809 342 μη-

1023 360 1067 377 πω
1082 351 1277 386 γεγενημένην
1293 351 1342 386 τῆς
1356 351 1403 378 τοῦ
1419 351 1486 378 Θεοῦ
1501 352 1682 387 δημιουργίας
1697 355 1810 388 ἐπικρα-

1021 398 1088 424 τεῖν.
1102 397 1134 423 Εἰ
1151 397 1205 432 γὰρ
1221 397 1262 423 ὅτι
1277 397 1389 432 ἔμελλόν
1403 406 1476 428 τινες
1493 398 1670 433 ἁμαρτάνειν,
1685 399 1737 425 ἔδει
1763 398 1810 433 τὴν

1022 443 1066 468 ἐπ’
1079 442 1178 473 αὐτοὺς
1191 442 1377 476 δημιουργίαν
1395 442 1553 468 πεπαῦσθαι
1577 442 1625 469 τοῦ
1641 443 1719 473 Θεοῦ,
1733 442 1810 477 δῆλον

1021 487 1102 514 ὅτιτὸ
1118 487 1219 522 κράτος
1230 489 1280 522 τῆς
1297 487 1433 522 ἁμαρτίας
1448 486 1482 513 ἂν
1505 487 1549 521 εἴη
1571 487 1587 522 ἢ
1604 487 1654 521 τῆς
1670 488 1810 521 ἐνεργείας

1021 533 1068 560 τοῦ
1084 533 1152 560 Θεοῦ
1167 541 1173 548 ’
1188 533 1265 559 ἔτιδὲ
1282 533 1312 560 τὸ
1328 535 1376 568 μὲν
1399 533 1578 568 ἁμαρτάνειν,
1605 533 1656 568 τῆς
1674 533 1812 568 ἀνθρωπί-

1022 586 1071 614 νης
1085 579 1144 604 ἐστὶ
1160 578 1271 614 γνώμης
1283 579 1330 605 καὶ
1346 579 1545 614 προαιρέσεως,
1566 580 1583 614 ἡ
1603 579 1630 605 δέ
1648 579 1812 614 δημιουργία

1021 624 1068 650 τοῦ
1089 624 1258 655 πλάσαντος.
1276 624 1308 650 Τί
1330 622 1376 650 οὖν
1402 633 1445 656 τις
1468 625 1550 659 ἀφεὶς
1574 624 1624 660 τὴν
1652 624 1742 651 αἰτίαν
1765 624 1812 650 τοῦ

1022 670 1203 706 ἁμαρτάνειν,
1217 671 1255 701 εἰς
1266 670 1312 696 τὸν
1328 670 1447 696 ἀναίτιον
1469 670 1572 705 ταύτην
1592 671 1713 705 ἐγχειρεῖ
1732 679 1813 705 μετα-

1023 716 1119 750 φέρειν
1133 724 1140 748 ;
1156 716 1217 743 οὐδὲ
1232 717 1334 751 ταύτης
1345 716 1372 743 δὲ
1386 716 1436 751 τῆς
1455 717 1548 748 ἀνοίας
1565 716 1715 743 ἀπολύεται
1729 718 1743 743 ὁ
1757 716 1812 751 ψῆ-

1022 771 1073 796 φον
1094 763 1214 796 εἰσάγων
1237 763 1278 789 ὅτι
1303 771 1356 798 περ
1381 764 1445 794 τοὺς
1471 763 1618 798 μέλλοντας
1647 763 1814 798 ἁμαρτάνειν

1021 807 1104 842 ἐχρῆν
1128 807 1191 842 μηδ’
1214 807 1283 839 ὅλως
1305 807 1383 843 παρὰ
1408 808 1455 833 τοῦ
1477 807 1653 842 Δημιουργοῦ
1680 808 1814 842 γενέσεως

1024 852 1219 888 μετασχεῖν,.ἢ
1244 852 1313 888 πρὸς
1331 852 1418 887 αὐγὰς
1440 852 1516 887 ἡλίου
1539 853 1726 888 προαχθῆναι·
1742 853 1815 879 ἔοικε

990 904 1009 930 Β
1024 898 1078 932 γὰρ
1094 898 1240 930 ὑτοιοῦτος
1264 898 1449 934 δυσχεραίνειν
1478 899 1528 933 μὲν
1551 899 1599 925 ἐάν
1619 907 1662 930 τις
1685 899 1816 933 ἁμαρτῶν

1023 943 1102 978 δίκην
1117 942 1154 978 δῷ
1180 950 1187 957 ·
1202 942 1364 977 φιλονεικεῖν
1382 943 1410 969 δὲ
1436 943 1512 978 παρὰ
1528 943 1582 969 τῶν
1603 944 1686 978 μηδὲν
1702 943 1816 979 μηδέπω

1025 988 1245 1024 ἁμαρτησάντων
1261 989 1398 1024 τιμωρίαν
1415 989 1507 1015 λαϐεῖν
1519 998 1526 1005 ·
1546 989 1627 1016 τοῦτο
1640 990 1694 1024 γάρ
1712 991 1771 1015 ἐστι
1787 991 1816 1015 τὸ

1023 1036 1087 1067 τοὺς
1103 1037 1250 1071 μέλλοντας
1264 1036 1433 1072 ἁμαρτάνειν
1450 1037 1584 1070 γενέσεως
1610 1037 1657 1062 καὶ
1671 1036 1817 1071 ὑπάρξεως

1024 1084 1196 1119 ἀποστερεῖν,
1208 1083 1314 1118 καὶτῆς
1324 1083 1505 1118 δημιουργίας
1514 1083 1660 1109 ἐκκόπτειν
1671 1083 1717 1109 τοῦ
1728 1083 1798 1109 Θεοῦ
1808 1091 1816 1098 ·

1024 1129 1093 1156 ἀλλὰ
1108 1130 1162 1164 γὰρ
1177 1131 1224 1155 καὶ
1237 1129 1292 1156 ἀπὸ
1310 1129 1359 1164 τῆς
1379 1128 1454 1159 θείας
1472 1129 1654 1164 προγνώσεως
1669 1129 1817 1156 καταδικά-

1024 1176 1081 1207 ζειν
1094 1176 1144 1210 μὲν
1157 1175 1299 1210 βούλεσθαι
1311 1175 1374 1206 τοὺς
1386 1175 1606 1210 ἀμαρτήσοντας,
1624 1175 1653 1200 ἐν
1668 1175 1764 1205 αὑταῖς
1787 1174 1816 1200 δὲ

1023 1224 1084 1254 ταῖς
1098 1222 1216 1258 πράξεσι
1233 1222 1435 1257 γεγενημένους
1450 1221 1541 1256 ζητεῖν
1556 1221 1684 1254 ἀφίεσθαι
1699 1220 1752 1247 τῶν
1766 1229 1815 1246 κο-

1023 1269 1128 1296 λάσεων
1141 1277 1148 1283 ·
1167 1270 1236 1304 ὅπερ
1251 1268 1313 1295 οὔτε
1336 1267 1507 1303 ἀνθρώπινον
1531 1267 1592 1293 οὒτε
1612 1267 1684 1293 θεῖον
1701 1266 1817 1293 ἐπίστα-

1023 1315 1194 1342 ταιδίκαιον.
1210 1315 1267 1341 Καὶ
1277 1314 1308 1341 τὸ
1323 1314 1372 1349 μὲν
1388 1313 1440 1348 πρὸ
1465 1313 1519 1340 τῶν
1537 1312 1743 1348 ἁμαρτημάτων
1761 1321 1817 1347 μη-

1024 1361 1088 1388 δένα
1104 1361 1182 1396 δίκην
1196 1361 1330 1391 ἀπαιτεῖν,
1345 1360 1421 1394 κοινή
1439 1368 1468 1385 τε
1484 1360 1568 1386 πᾶσιν
1582 1358 1736 1394 ἀνθρώποις
1753 1358 1818 1393 κρί-

1025 1415 1067 1438 σις
1080 1407 1127 1433 καὶ
1140 1406 1222 1437 θείοις
1233 1406 1326 1441 νόμοις
1341 1405 1471 1441 ἁρμόδιον
1485 1413 1491 1419 ·
1505 1406 1630 1432 ἀπαιτεῖν
1642 1405 1669 1432 δὲ
1680 1405 1750 1440 μετὰ
1763 1405 1817 1440 τὴν

1025 1452 1222 1487 ἁνεπίστροῳον
1240 1452 1385 1486 ἁμαρτίαν
1397 1451 1446 1485 τὴν
1460 1451 1549 1486 δίκην,
1571 1451 1619 1485 τῆς
1643 1450 1718 1482 θείας
1736 1459 1818 1485 μισε-

1025 1497 1156 1532 πονηρίας
1171 1497 1218 1524 καὶ
1233 1497 1407 1533 δικαιοσύνης
1419 1498 1568 1530 ἀπόδειξις.
1583 1497 1644 1528 Πῶς
1658 1495 1704 1524 οὖν
1725 1497 1758 1524 ἄν
1772 1507 1817 1529 τις

1026 1544 1189 1579 μελετήσας,
1206 1543 1224 1570 ἃ
1238 1543 1287 1578 μὲν
1304 1544 1372 1570 πᾶσι
1388 1545 1471 1575 δοκεῖ,
1484 1543 1588 1570 τούτων
1603 1544 1733 1570 τάναντία
1748 1553 1815 1578 φρο-

985 1584 1006 1615 C
1023 1591 1078 1616 νεῖν
1089 1599 1096 1623 ;
1109 1589 1126 1616 δι
1139 1589 1167 1616 δὲ
1179 1590 1363 1626 μισοπόνηρον
1375 1591 1423 1617 καὶ
1436 1591 1540 1617 δίκαιον
1551 1590 1670 1616 δείκνυσι
1682 1591 1726 1617 τὸν
1735 1591 1816 1622 Θεὸν,

1022 1636 1108 1662 ταῦτα
1125 1636 1162 1671 μὴ
1190 1636 1334 1671 ἀνέχεσθαι
1363 1638 1464 1672 τιμᾷν;
1480 1634 1546 1663 Εἶτα
1573 1634 1650 1668 οὗτος
1677 1636 1738 1672 οὐχὶ
1763 1637 1818 1671 τῆς

1023 1684 1140 1718 ἐσχάτης
1157 1683 1204 1709 καὶ
1221 1683 1412 1718 παραπληξὶας
1423 1684 1470 1710 καὶ
1483 1683 1643 1714 δυσσεϐείας
1657 1683 1738 1714 αὐτὸς
1750 1683 1817 1709 ἐαυ-

1023 1728 1068 1755 τὸν
1081 1729 1172 1763 ἔνοχον
1186 1730 1260 1755 ποιΞῖ
1272 1737 1278 1761 ;
1291 1729 1318 1755 τί
1330 1729 1418 1762 λέγεις
1426 1730 1566 1764 άπρεπτον
1582 1730 1651 1764 πρὸς
1664 1729 1816 1764 ἁμαρτίαν,

1024 1775 1067 1801 ἵνα
1085 1775 1169 1810 αὐτὴν
1184 1775 1295 1801 κόλασιν
1313 1775 1442 1811 διαφύγῃ,
1456 1776 1502 1802 τὸν
1515 1776 1658 1812 ἄνθρωπον
1671 1776 1757 1811 ἐχρῆν
1768 1784 1819 1810 γε-

1023 1821 1165 1855 γενῆσθαι,
1186 1821 1233 1848 καὶ
1260 1821 1319 1853 πῶς
1346 1821 1407 1856 οὐχὶ
1425 1822 1562 1857 λαμπρῶς
1587 1822 1687 1856 λέγεις,
1706 1822 1758 1848 κᾶν
1778 1823 1819 1857 μὴ

1003 1888 1008 1896 ,
1023 1868 1115 1903 λέγῃς,
1129 1868 1165 1899 ὡς
1182 1869 1316 1903 ἄτρεπτον
1339 1870 1423 1904 ἐχρῆν
1438 1870 1506 1905 πρὸς
1532 1870 1668 1905 ἁμαρτίαν
1684 1870 1820 1904 δημιουρ-

1023 1913 1145 1947 γηθῆναι
1157 1913 1203 1938 τὸν
1218 1913 1372 1948 ἄνθρωπον,
1390 1914 1434 1940 ἵνα
1451 1915 1488 1949 μὴ
1499 1915 1553 1941 τῶν
1572 1915 1723 1949 στεφάνων,
1738 1914 1769 1947 ἐξ
1778 1913 1819 1942 ὧν

1023 1957 1222 1993 ἀγωνιζόμενοι
1241 1959 1379 1993 κρατῶσιν
1408 1959 1502 1994 αὐτῆς,
1526 1960 1675 1995 ἀξιωθείης
1693 1961 1740 1987 καὶ
1761 1962 1819 1997 μὴν

1023 2006 1102 2037 εἴτις
1118 2015 1149 2040 γε
1167 2006 1212 2032 νοῦ
1226 2007 1358 2042 μετέχων,
1368 2009 1415 2033 κει.)⁵
1431 2008 1468 2043 μὴ
1486 2008 1535 2042 τῆς
1551 2009 1687 2043 ἁμαρτίας
1700 2009 1742 2044 εἴη
1757 2010 1820 2045 ἃμα

1021 2060 1051 2077 τε
1067 2051 1167 2087 θερμὸς
1185 2053 1315 2088 ἐραστὴς,
1335 2053 1382 2078 καὶ
1396 2053 1447 2084 τὰς
1463 2053 1596 2087 βασάνους
1611 2054 1730 2089 φεύγων,
1758 2056 1820 2083 ἐλέ-

1023 2098 1084 2125 σθαι
1100 2098 1213 2134 θάτερον
1228 2098 1282 2125 τῶν
1301 2099 1349 2125 δύο
1365 2099 1415 2133 τὴν
1428 2099 1552 2131 ἐξουσίαν
1569 2102 1595 2127 εἴ
1616 2109 1670 2136 περ
1694 2101 1817 2137 εἰλήφει,

1022 2145 1135 2180 πότερον
1147 2145 1191 2171 ἵνα
1204 2146 1240 2180 μή
1251 2154 1324 2177 τινες
1338 2145 1545 2181 ἁμαρτήσαντες
1553 2146 1619 2173 δῶσι
1628 2147 1716 2183 δίκην,
1729 2149 1819 2185 ἐχρῆν

1020 2192 1083 2222 τοὺς
1093 2191 1240 2225 στεφάνους
1251 2191 1306 2217 τῶν
1318 2191 1444 2225 κεφαλῶν
1455 2192 1564 2226 ἀφελεῖν
1574 2193 1628 2219 τῶν
1640 2193 1820 2230 ἀνδραγαθη-

986 2236 1009 2264 ι)
1025 2239 1139 2270 σάντων,
1154 2238 1170 2273 ἢ
1189 2238 1232 2264 διὰ
1245 2239 1308 2270 τοὺς
1324 2238 1436 2270 δικαίως
1449 2239 1502 2265 τιῖιν
1526 2239 1574 2266 ἐπὶ
1587 2241 1645 2271 τοῖς
1660 2241 1751 2271 ἄθλοις
1767 2250 1819 2275 γει

173 2280 228 2317 ρῶν
239 2282 552 2318 ἀξιωθησομένους,μηδ’
562 2283 736 2319 ἀτιμώρητον
745 2285 794 2318 τὴν
808 2284 945 2319 ἁμαρτίαν
955 2284 1032 2319 όρᾷν,
1041 2284 1100 2315 πῶς
1110 2284 1160 2310 οὐκ
1176 2284 1208 2310 ἂν
1225 2283 1315 2319 πολλῷ
1327 2284 1468 2320 ποιήσαιτο
1482 2284 1638 2320 ἔμπροσθεν
1655 2288 1710 2317 τοῖς
1723 2295 1751 2312 τε
1763 2289 1817 2321 τῆς

172 2327 357 2362 ἀνδραγαθίας
367 2327 578 2361 στεφάνοιςτοὺς
588 2328 708 2362 ἀθλητὰς
719 2330 784 2365 ὸρᾷν
795 2329 1032 2364 κεκοσμημένους,
1043 2329 1090 2354 καὶ
1096 2329 1158 2360 τοὺς
1168 2329 1317 2364 ὑποχρέους
1325 2329 1378 2355 τῶν
1387 2329 1551 2365 ὀφλημάτων
1561 2332 1793 2366 κατατιθεμένους
1808 2344 1814 2367 ;

207 2387 234 2413 4.
265 2386 318 2413 Sed
334 2392 431 2421 praeter
454 2387 586 2414 hactenus
605 2388 690 2418 dicta.
713 2396 778 2414 num
796 2394 822 2415 te
839 2388 899 2415 sola
919 2388 967 2415 ho-

171 2434 276 2461 minum
291 2433 393 2460 creatio
414 2433 576 2466 perturbat?
605 2442 640 2460 an
655 2435 880 2468 incorporearum
897 2442 966 2468 quo-

171 2487 225 2514 que
255 2486 287 2506 ac
315 2478 374 2506 sine
393 2479 511 2505 materia
527 2484 686 2506 naturarum
704 2485 731 2506 et
750 2479 967 2507 immortalitatis

172 2533 286 2552 munere
317 2525 531 2560 perfrucntium,
566 2525 592 2552 in
606 2527 730 2553 eamdem
760 2526 966 2561 perplexitatem

171 2573 281 2607 (ιιι)ιεὶιῖ
294 2572 361 2600 Nam
377 2578 404 2600 ct
416 2581 448 2600 ex
460 2573 493 2599 iis
506 2572 665 2600 cmlestibus
674 2572 817 2599 Ordinibus
829 2573 964 2607 beatoque

171 2617 280 2653 fastigio
295 2623 390 2652 sponte
403 2618 448 2645 ille
464 2618 602 2652 delapsus,
617 2618 745 2653 princeps
758 2618 866 2645 malitiae
875 2618 963 2645 factus

171 2668 212 2691 est
231 2664 357 2691 diabolus
385 2673 390 2690 :
421 2669 448 2691 et
473 2663 557 2691 simul
588 2668 722 2699 quotquot
752 2669 870 2691 mentem
888 2672 966 2692 suam

171 2711 296 2745 partibus
309 2710 383 2738 illius
398 2711 601 2745 applicuerunt,
631 2711 770 2738 mcli0rcm
784 2711 966 2739 conditionem

171 2757 264 2791 pejore
280 2761 497 2784 commutat-unt.
527 2757 634 2793 Reliqui
650 2762 741 2785 autem
755 2766 786 2784 ex
803 2758 837 2784 iis
854 2757 966 2784 innnor-

170 2802 272 2829 talibus
293 2801 457 2836 inclytisque
481 2804 575 2831 choris
608 2804 635 2830 in
664 2803 808 2830 devotione
823 2803 968 2837 debitaque

173 2848 307 2875 modestia
324 2854 492 2882 constantes,
519 2850 585 2876 nihil
603 2850 636 2876 dc
651 2858 700 2877 sua
717 2849 918 2884 pulchritmlinc
935 2856 967 2875 ac

173 2895 303 2930 didnitate
318 2895 491 2924 amiserunt:
510 2896 555 2923 sed
581 2897 720 2924 connnuni
743 2896 856 2924 Domino
882 2895 965 2923 Crea-

1053 2388 1084 2415 δ¹.
1101 2387 1171 2422 Πρὸς
1187 2388 1214 2414 δέ
1227 2396 1258 2422 γε
1273 2389 1328 2418 τοῖς
1345 2389 1511 2423 εἰρημένοις,
1529 2387 1584 2424 ἆρα
1613 2390 1680 2424 μόνη
1706 2399 1734 2416 σε
1757 2392 1817 2418 τιῖν

1011 2433 1172 2469 ,ἀνθρώπων
1187 2435 1203 2469 ἡ
1220 2434 1386 2469 δημιουργία
1400 2435 1528 2472 θορυϐεῖ,
1541 2436 1556 2470 ἢ
1571 2437 1619 2462 καὶ
1627 2436 1681 2462 τῶν
1695 2438 1816 2472 ἀσωμά-

1018 2490 1072 2507 των
1085 2480 1132 2506 καὶ
1151 2481 1240 2506 ἁῦλων
1256 2480 1364 2515 φύσεων
1378 2481 1425 2506 καὶ
1441 2481 1508 2516 πρὸς
1533 2481 1582 2517 τὴν
1594 2482 1743 2508 ἀθανασίαν
1761 2484 1817 2509 ἁν-

1018 2528 1156 2563 ηγμένων,
1178 2527 1216 2559 εὶς
1233 2527 1282 2562 τὴν
1304 2527 1389 2562 αὑτήν
1410 2536 1439 2554 σε
1460 2527 1581 2563 ταραχὴν
1602 2528 1748 2563 ἐμϐάλλεις
1763 2531 1817 2556 καὶ

1018 2574 1072 2608 γὰρ
1089 2574 1191 2599 τούτων
1203 2573 1256 2599 τῶν
1269 2573 1402 2608 οὐρανίων
1424 2575 1573 2607 ταγμάτων
1589 2575 1635 2600 καὶ
1652 2576 1701 2609 τῆς
1720 2584 1814 2609 μακα-

1018 2619 1077 2654 ρίας
1090 2620 1199 2654 ἐκείνης
1222 2619 1336 2654 λήξεως,
1363 2621 1377 2645 ὁ
1397 2621 1446 2654 μὲν
1464 2620 1568 2646 ἐκεῖθεν
1590 2620 1660 2646 ἑκὼν
1687 2621 1813 2655 ἐκρυεὶς,

1017 2665 1138 2700 ἀρχηγὸς
1152 2666 1252 2696 κακίας
1266 2666 1377 2698 γέγονεν
1393 2666 1407 2691 ό
1425 2665 1557 2698 διάϐολος,
1573 2666 1620 2692 καὶ
1633 2667 1690 2693 ὅσοι
1701 2668 1750 2702 τὴν
1762 2668 1815 2702 ῥο-

1018 2712 1070 2746 πὴν
1086 2711 1153 2745 πρὸς
1171 2711 1219 2747 τὴν
1236 2711 1341 2738 ἐκείνου
1356 2712 1469 2747 γνώμην
1479 2712 1655 2747 τρεψάμενοι,
1671 2713 1701 2738 τὸ
1719 2714 1817 2748 χεῖρον

1017 2757 1078 2782 ἀντὶ
1095 2757 1142 2782 τοῦ
1160 2758 1316 2792 κρείττονος
1338 2760 1564 2793 μεθηρμόσαντο’
1582 2760 1606 2785 οἱ
1631 2759 1659 2784 δέ
1680 2767 1711 2792 γε
1734 2759 1817 2786 ἄλλοι

1021 2803 1075 2829 τῶν
1096 2804 1240 2831 ἀθανάτων
1254 2805 1365 2831 ἐκείνων
1381 2804 1427 2830 καὶ
1445 2804 1595 2832 θεσπεσίων
1610 2806 1699 2841 χορῶν
1712 2814 1818 2840 προσο-

1021 2851 1069 2884 οχῇ
1091 2850 1138 2876 καὶ
1154 2851 1286 2886 σπουδαίᾳ
1302 2850 1394 2885 νήψει,
1412 2851 1487 2876 ούίὲν
1502 2851 1551 2885 τῆς
1563 2852 1665 2883 οἰκείας
1680 2851 1818 2884 καλλονῆς

1021 2895 1037 2930 ἢ
1054 2896 1157 2929 τάξεως
1168 2897 1375 2930 ἁλλοιῶσαντες,
1389 2896 1456 2923 ἀλλὰ
1474 2898 1540 2933 πρὸς
1551 2897 1596 2924 τὸν
1608 2898 1697 2924 κοινὸν
1708 2899 1819 2924 Δεσπό-
