1882 3075
148 136 199 169 m
412 190 577 225 ouaasrto
604 190 673 218 xw.

149 240 219 274 Quid
239 245 278 267 est
297 239 381 266 illud:
405 248 414 264 ι
436 239 527 272 Λρσνιὶ
547 243 608 264 sunt
622 245 713 264 cor-unt
733 238 819 274 oculi,
841 247 850 262 ι
866 237 935 274 Gen.

185 283 228 306 ul,
238 275 264 307 7,
276 285 285 300 ι
302 279 326 301 et
338 274 468 308 quomodo
482 274 659 308 transgressio
673 274 724 299 rint
739 273 829 299 habuit
850 272 939 299 oculos

183 311 317 346 aperiendi
326 310 337 329 9

674 365 743 389 Edita
767 372 781 389 a
794 364 865 394 Maio,
882 365 948 389 Nov.

184 421 253 450 Illud
271 426 373 455 autem,
392 430 401 447 ι
414 421 506 455 Aperti
525 425 589 448 sunt
604 421 746 447 amborum
769 421 868 452 oculi.)
890 427 944 447 uou

152 470 226 503 quod
247 467 431 503 transgressio
453 468 589 502 aperuerit
608 475 703 494 eorum
726 469 832 499 oculos,
855 466 943 498 absit;

149 524 203 543 non
217 516 290 543 enim
309 516 441 550 scriptum
466 519 507 542 est
522 514 581 549 ipsa
602 514 823 548 transgressione
846 521 943 541 eorutn

149 562 245 589 oculos
268 566 378 596 apertos
406 560 502 592 fuisse,
525 560 572 588 sed
598 565 660 595 post
682 560 941 594 transgressionem.

151 609 222 636 Iticit
236 608 309 635 enim
323 616 330 634 :
349 617 359 634 ι
377 607 410 634 Ει
423 612 567 642 postquam
584 607 688 642 accepit
701 606 809 640 mulier,
824 606 858 633 de
868 607 943 633 l'ruc-

151 660 179 682 tu
211 655 340 687 comedit,
354 659 380 681 et
395 654 480 690 aperti
501 659 566 681 sunt
581 655 652 681 oculi
668 654 830 686 amborum;
848 663 856 678 I
871 652 944 688 quod

150 701 204 728 tale
228 701 365 735 quoddam
389 706 451 728 est:
469 699 534 728 Post
552 701 684 736 peccandi
707 703 811 730 aetum.
835 704 866 726 ut
887 699 943 733 ple-

150 754 267 782 rumque
291 747 393 781 peccati
419 746 540 782 cognitio
566 747 748 781 supervenit,
773 751 800 773 et
824 745 945 772 audacia:

152 793 310 827 magnitudo
325 793 411 828 magis
428 793 597 827 agnoscitur.
613 792 768 827 Cupiditate
799 792 871 819 enim
885 799 946 826 qua:

152 838 185 864 ad
201 840 368 873 peccandum
386 837 553 872 impellebat,
573 842 599 863 et
624 837 737 864 stimulo
757 835 804 871 qui
823 836 945 862 animum

152 883 283 918 agitabat,
292 888 353 917 post
368 882 488 916 exlegem
501 886 591 908 actum
602 886 728 908 cessante
739 885 765 907 et
774 879 944 915 quiescentia,

152 935 218 957 tunc
239 937 305 957 sane
332 934 462 964 tanquam
490 936 538 963 per
565 928 635 955 hanc
662 927 776 954 multam
801 926 945 961 caliginem

152 976 326 1012 perspiciens
343 976 413 1002 ratio
429 979 456 1002 et
481 975 661 1009 resipiscens,
677 982 708 1000 ea
724 981 787 1008 qua).
806 977 867 1000 acta
882 977 947 999 sunt

153 1024 285 1054 intuetur,
307 1026 334 1049 et
358 1022 386 1048 in
403 1029 484 1056 quem
510 1025 611 1048 statum
633 1025 659 1047 et
679 1028 693 1047 a
716 1028 772 1054 quo
789 1024 893 1046 mutata
911 1019 947 1046 sit

153 1069 240 1103 magis
253 1068 396 1102 intelligit;
409 1072 436 1094 et
450 1075 512 1094 cum
537 1066 705 1094 conscientia
721 1066 807 1101 ipsam
824 1065 947 1092 vulneret

152 1120 179 1142 et
194 1119 329 1149 torqueat,
348 1114 422 1141 clare
433 1113 566 1141 discernit
576 1121 618 1146 ca,
635 1120 707 1147 quae,
725 1112 874 1147 cupiditate
895 1112 946 1138 im-

154 1161 280 1196 pellente,
309 1168 364 1188 non
390 1160 516 1187 similiter
539 1159 680 1186 cernebat.
703 1158 820 1185 Aliunde
855 1162 946 1185 autem

153 1207 270 1242 quisque
285 1210 397 1242 peccato
409 1206 520 1235 cedens.
533 1205 566 1232 iis
581 1205 682 1239 quibus
695 1204 822 1231 diabolus
834 1203 947 1230 titillans

153 1259 180 1279 ιιι
200 1254 323 1280 mulcens
339 1252 535 1279 noscil‘eminat
549 1255 575 1278 et
591 1251 710 1278 tenebris
724 1250 818 1284 replet,
833 1249 947 1276 innexos

153 1300 232 1334 quasi
253 1299 305 1326 fert.
324 1306 389 1326 suos
409 1306 518 1328 sensus,
532 1303 560 1325 et.
579 1297 668 1332 quoad
693 1297 749 1324 vim
773 1295 946 1323 discernendi

156 1345 306 1371 mutilatos.
332 1345 397 1372 Post
428 1345 564 1371 actionem
595 1349 685 1370 autem
712 1343 764 1370 sub
794 1343 891 1370 oculos
919 1343 945 1369 id

155 1391 227 1425 quod
248 1394 378 1417 tentatum
392 1393 434 1416 est
449 1389 571 1420 adducit,
588 1394 615 1415 et
637 1388 736 1416 acerbe
764 1388 852 1423 aperit
873 1389 947 1422 quod

156 1437 232 1471 prius
257 1436 352 1463 multis
374 1435 500 1462 artiﬁciis
519 1435 665 1462 celaverat.
691 1434 756 1460 Dein
784 1434 819 1461 iis
845 1434 946 1469 quibus

159 1481 271 1509 sceleris
289 1481 391 1508 molem
406 1480 633 1514 comprehensam
656 1479 754 1509 reddit.
774 1478 801 1505 in
818 1477 946 1513 despera-

157 1529 257 1555 tionem
272 1534 335 1554 eum
353 1526 400 1561 qui
415 1525 538 1560 peccavit
553 1525 692 1560 impellere
705 1529 832 1552 conatur.

727 133 861 164 ΡΗΟΤΠ
877 132 1133 163 ΡΑΤΠῘΛΒΟΗΕ
1149 133 1205 162 CP.

954 190 979 219 A

1737 127 1791 159 132

1278 185 1448 213 ΕΡΩΤΗΣΙΣ
1461 186 1510 212 1Δ’.

994 235 1024 262 Τί
1038 234 1104 261 ἐστι
1118 234 1162 265 τὸ,
1177 242 1186 259 ι
1200 233 1424 266 Διηνοίχοησαν
1442 231 1543 258 αὐτῶν·
1560 233 1587 258 ol
1603 231 1760 265 ὀφθαλμοί·
1778 241 1787 256 ι

1028 271 1076 296 καὶ
1095 268 1158 301 πῶς
1177 270 1196 302 ἡ
1216 267 1386 302 παράὅασις
1409 267 1503 302 ἰσχὺν
1528 267 1602 302 ἔσχε
1624 266 1783 300 διανοίγειν

1031 305 1207 340 ὀφθαλμούς
1218 313 1227 335 ;

962 363 1035 393 σοίί.,
1049 365 1068 387 ι.
1085 362 1127 392 ΙΧ,
1140 362 1179 391 14,
1196 361 1234 386 i5.

1031 418 1068 444 Τὸ
1081 417 1121 450 δὲ,
1134 427 1143 443 ι
1154 416 1352 452 Διηνοίχθησαν
1363 417 1387 442 οἱ
1397 414 1531 450 ὀφθαλμοὶ
1541 414 1595 441 τῶν
1605 413 1678 444 δύο.»
1691 414 1740 448 οὐχ
1751 413 1792 440 ὅτι

997 465 1013 498 ή
1034 463 1193 500 παράϐασις
1208 462 1342 498 διήνοιξεν
1354 462 1449 488 αὐτῶν
1463 461 1527 492 τοὺς
1540 460 1707 495 ὀφθαλμοὺς,
1719 459 1792 485 ἄπα-

1001 517 1032 542 γε
1053 517 1060 524 ·
1080 507 1210 543 οὐδὲγὰρ
1226 507 1280 533 οὐδ’
1299 508 1328 533 ὲν
1351 506 1420 542 αὐτῇ
1440 507 1474 542 τῇ
1501 506 1657 541 παραϐάσει
1690 506 1794 539 γέγρα-

996 564 1063 582 πται
1075 555 1137 586 τοὺς
1150 555 1307 590 ὀφθαλμοὺς
1322 553 1411 581 αὐτῶν
1425 553 1620 588 διανοιχθῆναι,
1638 552 1706 579 ἀλλὰ
1723 552 1795 586 μετὰ

994 602 1044 638 τὴν
1063 602 1231 637 παράϐασιν·
1249 601 1316 636 φησι
1331 601 1394 636 γάρ’
1409 609 1419 626 ι
1430 600 1485 627 Καὶ
1497 599 1617 626 λαϐοῦσα
1632 600 1648 634 ἠ
1661 599 1729 633 γυνὴ
1739 599 1795 625 ἀπὸ

996 650 1043 677 τοῦ
1059 649 1168 686 καρποῦ
1186 648 1270 676 αὑτοῦ
1283 649 1370 684 ἔφαγε
1399 648 1447 675 καὶ
1477 647 1561 674 ἔδωκε
1581 647 1630 674 καὶ
1649 646 1690 682 τῷ
1714 646 1796 681 ἀνδρὶ

999 697 1096 731 αὐτῆς,
1114 696 1162 722 καὶ
1177 695 1279 731 ἔφαγον
1291 694 1540 730 καὶδιηνοίχθησαν
1554 694 1578 720 οἱ
1590 693 1725 728 ὀφθαλμοὶ
1738 692 1795 719 τῶν

996 741 1043 768 δύο
1057 749 1064 756 ·
1082 751 1092 766 ι
1110 742 1179 776 ὅπερ
1195 741 1317 768 τοιοῦτόν
1337 742 1413 767 ἐστι’
1433 740 1511 767 Μετὰ
1524 740 1572 776 τὴν
1590 739 1728 775 ἁμαρτίαν
1755 739 1796 770 ὡς

997 787 1032 813 τὰ
1051 787 1137 814 πολλὰ
1149 788 1165 822 ἡ
1182 787 1330 822 ἐπίγνωσις
1339 787 1387 814 τοῦ
1399 787 1600 822 ἁμαρτήματος
1614 786 1729 820 γίνεται,
1744 786 1796 812 καὶ

965 832 984 859 Β
998 833 1028 860 τὸ
1044 833 1162 868 μέγεοος
1176 833 1222 860 τοῦ
1239 834 1414 870 τολμήματος
1437 835 1499 860 τότε
1533 833 1634 869 μᾶλλον
1664 834 1797 867 ἐπιγινώ-

998 887 1091 906 σκεται
1102 888 1108 894 ·
1118 880 1165 906 τοῦ
1180 879 1235 916 γὰρ
1246 879 1500 916 ὲπιπροσωθοῦντος
1516 880 1619 912 πάθους
1630 880 1677 907 καὶ
1685 879 1797 906 κινοῦν-

996 934 1041 957 τος
1058 927 1167 961 ιιῐστρου
1185 927 1254 962 πρὸς
1270 926 1319 962 τὴν
1337 927 1486 962 ἁμαρτίαν,
1505 927 1575 961 μετὰ
1597 926 1646 962 τὴν
1659 926 1797 960 ἔκθεσμον

997 972 1097 1007 πρᾶξιν
1115 973 1292 1008 πεπαυμένον
1307 982 1337 1000 τε
1353 973 1402 1000 καὶ
1413 973 1592 1009 ἠρεμοῦντος,
1605 973 1665 1000 τότε
1679 972 1712 1009 δὴ
1733 973 1797 999 τότε

997 1017 1093 1053 ὥσπερ
1114 1019 1251 1053 διακύψας
1266 1019 1316 1054 τῆς
1344 1019 1445 1055 πολλῆς
1462 1019 1562 1054 ἀχλύος
1582 1020 1691 1054 ἐκείνης
1712 1020 1726 1045 ὁ
1749 1018 1798 1045 λο-

997 1064 1096 1098 γισμὸς
1110 1065 1158 1092 καὶ
1184 1065 1326 1100 ἀνανήψας
1352 1066 1440 1101 ἐφορᾷ
1467 1065 1502 1092 τὰ
1526 1066 1724 1101 πεπραγμένα,
1746 1067 1798 1092 καὶ

998 1111 1040 1141 εις
1055 1111 1113 1137 οἵαν
1127 1111 1296 1139 κατάστασιν
1311 1112 1358 1139 καὶ
1371 1112 1401 1144 ἐξ
1411 1112 1470 1144 οἵας
1487 1111 1655 1148 μετηνέχθη,
1671 1111 1721 1147 τὴν
1736 1120 1798 1138 συν-

998 1155 1126 1191 αίσθησιν
1144 1157 1246 1192 μᾶλλον
1261 1157 1405 1193 λαμϐάνει,
1421 1159 1468 1185 καὶ
1492 1158 1523 1184 τὸ
1549 1159 1670 1190 συνειδὸς
1693 1158 1798 1194 τιτρῶ-

999 1210 1064 1229 σκον
1087 1203 1168 1229 αὑτὸν
1188 1204 1235 1230 καὶ
1248 1204 1380 1240 διεγεῖρον
1397 1205 1478 1240 ἔχων,
1493 1204 1635 1232 διαὸλέπει
1659 1206 1766 1241 τρανῶς
1778 1205 1798 1232 ἃ.

998 1248 1045 1275 τοῦ
1060 1250 1164 1282 πάθους
1179 1251 1436 1288 ὲπιπροσωθοῦντος
1462 1252 1512 1288 οὐχ
1527 1252 1631 1287 ὁμοίως
1654 1252 1768 1279 ἔϐλεπεν
1785 1261 1793 1267 ·

998 1294 1086 1327 ἄλλως
1112 1305 1142 1322 τε
1169 1297 1198 1323 δὲ
1222 1298 1290 1333 πρὸς
1316 1298 1365 1333 τὴν
1391 1298 1531 1333 ἁμαρτίαν
1557 1298 1673 1331 ἕκαστος
1696 1300 1797 1335 χωρῶν

997 1337 1038 1372 οἷς
1051 1341 1065 1367 ὸ
1085 1342 1204 1378 πονηρὸς
1217 1343 1437 1379 διαγαργαλίςων
1451 1353 1480 1370 τε
1490 1344 1535 1371 καὶ
1550 1343 1706 1379 ὑποθέλγων
1718 1345 1797 1379 ἡμᾶς

999 1386 1142 1421 ἔκθηλύνει
1163 1388 1210 1414 καὶ
1232 1390 1333 1423 γνόφου
1352 1389 1452 1425 πληροῖ
1467 1391 1678 1425 κεκαρωμένους
1697 1389 1797 1425 ὥσπερ

999 1432 1077 1467 φέρει
1095 1433 1159 1464 τοὺς
1173 1433 1320 1468 λογισμοὺς
1338 1436 1385 1462 καὶ
1401 1437 1621 1471 πεπηρωμένους
1640 1437 1670 1462 τὸ
1681 1436 1798 1462 ὀπτικὸν

999 1478 1048 1514 τῆς
1070 1479 1233 1515 διακρίσεως
1248 1489 1254 1495 ·
1280 1481 1350 1517 μετὰ
1365 1481 1393 1508 δὲ
1409 1482 1458 1517 τὴν
1474 1482 1573 1518 πρᾶξιν
1587 1482 1634 1509 ὑπ’
1648 1482 1710 1517 ὃψιν
1733 1482 1798 1516 ἄγει

960 1521 983 1552 C
999 1524 1030 1551 τὸ
1043 1525 1189 1561 τολμηθὲν,
1213 1528 1261 1555 καὶ
1288 1529 1474 1556 ἀνακαλύπτει
1491 1528 1599 1564 πικρῶς
1623 1529 1637 1555 ὃ
1659 1529 1798 1564 πρότερον

156 1577 268 1608 πολλαῖς
281 1575 415 1611 μηχαναῖς
430 1573 653 1601 συνεκάλυπτεν·
686 1571 746 1600 εἶτα
776 1573 810 1600 δι’
833 1569 871 1600 ὧν
901 1572 1066 1609 κατάφωρον
1097 1575 1143 1602 τὸν
1173 1575 1254 1611 ὄγκον
1281 1577 1410 1604 ἀποτελεῖ
1435 1576 1483 1604 τοῦ
1512 1577 1701 1613 τολμήματος,
1727 1576 1798 1612 πρὸς

155 1623 311 1658 ἀπόγνωσιν
322 1621 404 1648 ὠθεῖν
430 1622 560 1656 πειρᾶται
575 1621 619 1648 τὸν
632 1621 842 1656 ἁμαρτήσαντα.

191 1671 258 1698 illud
270 1670 362 1706 igitur,
374 1679 384 1695 ι
397 1670 489 1704 Aperti
500 1673 564 1697 sunt
574 1677 669 1697 eorum
680 1669 779 1700 oculi,»
792 1678 845 1696 non
860 1669 950 1697 relati-

156 1725 188 1744 ve
203 1716 416 1744 ad‘autecedens
429 1720 548 1750 tempus,
562 1723 651 1750 neque
660 1715 819 1750 priusquam
849 1723 864 1743 a
891 1716 949 1752 lege

156 1762 224 1798 ipsis
238 1762 366 1797 imposita
381 1761 546 1793 deciderent.
562 1761 799 1796 interpretandqu
812 1766 870 1795 est;
884 1767 949 1790 tunc

155 1810 228 1836 cnim
246 1809 342 1836 oculos
361 1808 446 1844 magis
460 1813 571 1844 apertos
588 1808 735 1840 habebam,
752 1809 872 1836 nondum
889 1817 948 1836 ser-

155 1855 245 1890 pentis
261 1854 498 1882 susurrationibus
516 1853 633 1889 decepti,
649 1858 675 1880 et.
686 1853 843 1889 vigilantem
861 1854 893 1881 ad
906 1855 948 1882 vi-

155 1902 274 1929 dendum
291 1902 357 1936 quid
386 1901 542 1929 iaciendum
566 1905 651 1933 esset,
677 1905 794 1928 mentem
815 1900 946 1929 ferebant.

155 1947 216 1976 Non
235 1949 317 1983 igitur
334 1948 422 1976 visum
440 1955 494 1974 non
514 1947 656 1977 habentes,
672 1953 813 1982 peccatum
830 1948 950 1975 admise-

155 1999 230 2026 runt,
240 1994 287 2022 sed
299 1998 393 2021 contra
405 1994 431 2020 in
442 1993 610 2020 admittendo
627 1999 739 2028 peccato
757 1993 948 2028 czccutientes;

155 2046 301 2076 postquam
315 2045 405 2066 autem
418 2044 556 2073 peccatum
569 2039 628 2071 fuit,
640 2039 728 2066 visum
743 2045 948 2074 recuperarunt.

156 2088 262 2114 l’ravns
287 2087 370 2122 igitur
395 2091 422 2113 et
445 2086 479 2113 ab
509 2086 586 2113 initio
603 2086 691 2113 malus
718 2091 820 2114 nostrae
844 2091 950 2114 natura).

156 2132 245 2160 hostis
263 2133 354 2160 sciens
379 2137 406 2159 ct
423 2132 481 2166 ipse
495 2139 527 2158 ex
545 2132 578 2159 iis
591 2140 652 2167 qua:
679 2140 777 2166 passus
800 2136 868 2164 erat,
888 2137 950 2167 post

158 2178 257 2205 malam
277 2179 413 2204 at-tionem
431 2178 566 2205 exsistere
578 2177 668 2205 delicti
685 2177 906 2213 intelligentiam,
922 2181 950 2205 et.

157 2224 246 2259 ipsum
271 2230 324 2250 non
351 2231 381 2251 se
404 2224 437 2250 ad
461 2223 678 2258 resipisccntiatu
704 2223 894 2256 convertisse;
923 2227 950 2250 et

157 2278 219 2297 cum
239 2270 406 2305 experientia
424 2270 549 2298 didicerit
574 2275 718 2306 peccantes
730 2276 796 2305 post
807 2275 947 2305 peccatttm

157 2317 234 2351 sequi
247 2317 422 2344 conscientiae
437 2316 589 2349 stimulum,
604 2321 630 2344 et
645 2317 780 2344 Adamum
797 2316 948 2343 adhortans

156 2366 186 2389 ut
197 2370 245 2397 per
255 2362 571 2398 lcgistrausgressiouem
581 2367 673 2397 peccet
686 2371 692 2389 :
706 2371 714 2388 ι
728 2361 787 2395 Qua
797 2361 949 2397 inquit,die

156 2416 191 2436 ex
203 2415 237 2436 eo
251 2408 408 2441 comedetis,
432 2409 589 2444 aperientttr
602 2408 684 2436 vestri
716 2408 787 2436 oculi
802 2417 809 2441 ;
826 2417 836 2434 ι
850 2407 948 2435 deinde

157 2461 221 2482 cum
233 2455 311 2483 sital)
321 2455 399 2482 initio
410 2454 473 2481 mali
485 2454 658 2481 machinator
672 2459 699 2481 et
711 2453 846 2481 mendacii
858 2458 945 2488 pater,

157 2501 448 2529 commiscetveritatis
458 2501 593 2536 cllyclmio
609 2508 705 2528 omnes
722 2500 855 2528 mendacii
870 2490 947 2527 tene-

157 2546 232 2578 bras,
247 2552 274 2574 et
298 2548 352 2574 ait:
374 2556 384 2572 ι
400 2547 481 2574 Erilis
501 2547 574 2574 sicut
595 2546 644 2580 dii,
664 2546 783 2574 scientes
803 2547 905 2574 bonum
920 2551 947 2574 et

158 2591 271 2618 malum.
290 2601 299 2616 ι
313 2592 364 2619 Sed
382 2593 613 2627 quemadmodum
655 2593 791 2627 peccando
819 2593 945 2627 -quidem

156 2637 316 2668 caecutiunt,
345 2639 572 2673 transgressionis
591 2643 696 2672 amore,
717 2644 779 2674 post
804 2644 948 2674 peccatum

156 2683 366 2718 intelligentiam
386 2689 412 2712 et
428 2681 642 2720 resipisecntinm
668 2686 759 2714 delicti
776 2691 948 2721 ret'cperunt.

1037 1671 1074 1697 Τὸ
1089 1670 1165 1704 γοῦν,
1185 1679 1194 1696 t
1214 1670 1411 1706 Διηνοίχθησαν
1429 1670 1520 1697 αὐτῶν
1533 1671 1557 1697 οἱ
1572 1670 1719 1706 ὀφθαλμοὶ,
1736 1680 1744 1697 ι
1762 1672 1796 1698 οὗ

1000 1716 1071 1752 πρὸς
1082 1716 1128 1743 τὸν
1146 1715 1303 1751 ἔμπροσθεν
1318 1716 1425 1752 χρόνον,
1440 1717 1503 1743 οὐδὲ
1515 1717 1579 1752 πρὶν
1591 1717 1607 1752 ἥ
1620 1717 1669 1753 τῆς
1683 1717 1797 1752 ἐντολῆς

1000 1763 1099 1794 αὐτοὺς
1113 1764 1242 1790 ἐκπεσεῖν
1254 1763 1458 1799 παραληπτέον·
1470 1763 1531 1790 τότε
1540 1763 1592 1798 γὰρ
1604 1764 1798 1800 ἡνεῳγμένους

1000 1818 1030 1837 τε
1049 1810 1150 1845 μᾶλλον
1164 1808 1250 1845 εἶχον,
1276 1810 1359 1845 μήπω
1371 1809 1418 1837 τοῦ
1432 1809 1520 1845 ὄφεως
1537 1812 1594 1842 τοῖς
1616 1810 1800 1847 ψιθυρισμοϊς

1001 1857 1217 1888 ὑποκλαπέντες,
1234 1857 1282 1883 καὶ
1299 1857 1415 1893 συνορᾷν
1439 1857 1470 1884 τδ
1485 1857 1622 1892 πρακτέον
1643 1858 1800 1893 ἐγρήγορον

1001 1902 1098 1938 ἔφερον
1113 1903 1162 1938 τὴν
1174 1902 1307 1930 διάνοιαν.
1321 1903 1379 1930 υὺκ
1396 1900 1443 1930 οὖν
1468 1902 1499 1929 τὸ
1514 1902 1626 1938 βλέπειν
1646 1903 1695 1929 οὐκ
1719 1903 1800 1938 ἔχον-

1000 1958 1056 1983 τες,
1073 1949 1120 1976 ἐπὶ
1132 1950 1183 1985 τῆς
1196 1949 1336 1985 ἁμαρτίας
1353 1949 1485 1977 ἀνέλαὸον
1498 1957 1506 1964 ”
1517 1949 1674 1976 τούναντίον
1701 1948 1730 1975 δὲ
1745 1949 1800 1984 τὴν

1002 1995 1139 2031 ἁμαρτίαν
1153 1996 1182 2022 ἐν
1191 1995 1231 2030 τῷ
1240 1995 1369 2031 πράττειν
1381 1994 1592 2028 τυφλώττοντες·
1605 1995 1800 2029 πεπαυμένης,

1000 2041 1050 2076 τὴν
1064 2041 1159 2076 ὅρασιν
1179 2041 1364 2076 ἀνεκτήσαντο
1378 2048 1386 2057 υ
1400 2040 1415 2066 ό
1433 2039 1499 2074 γοῦν
1521 2039 1640 2074 πονηρὸς
1653 2040 1699 2065 καὶ
1714 2040 1803 2075 ἀρχέ-

1001 2095 1088 2118 κακος
1101 2086 1181 2122 ἡμῶν
1196 2087 1245 2120 τῆς
1265 2086 1375 2121 φύσεως
1398 2085 1496 2121 ἐχθρὸς
1507 2084 1586 2117 εἰδὼς
1600 2086 1647 2112 καὶ
1663 2085 1744 2118 αὐτὸς
1766 2087 1802 2121 ὲξ

1001 2130 1039 2159 ὦν
1060 2133 1216 2165 ἐπεπόνθει,
1244 2132 1282 2164 ὡς
1307 2132 1377 2167 μετὰ
1402 2131 1452 2167 τὴν
1473 2131 1521 2158 τοῦ
1546 2131 1633 2159 κακοῦ
1658 2130 1757 2168 πρᾶξιν
1781 2135 1801 2168 ὴ

1002 2172 1177 2213 συναίσθησις
1203 2179 1349 2213 ἐφίσταται
1376 2177 1424 2205 τοῦ
1455 2178 1699 2214 πλημμελήματος
1715 2199 1722 2211 ,
1748 2181 1802 2206 καὶ

1002 2225 1082 2256 αὐτὸς
1099 2225 1149 2251 οὐκ
1172 2225 1332 2260 ἐπεστράφη
1354 2224 1423 2261 πρὸς
1439 2224 1491 2260 τὴν
1505 2225 1640 2260 ἁνάνηψιν
1651 2234 1659 2241 ·
1676 2226 1724 2252 καὶ
1738 2226 1803 2252 πεί-

1004 2280 1039 2307 ρα
1056 2271 1148 2307 μαθὼν
1165 2272 1203 2303 ὡς
1216 2271 1313 2299 ἕπεται
1326 2273 1382 2304 τοῖς
1397 2272 1589 2308 ἁμαρτάνουσι
1605 2271 1636 2298 τὸ
1653 2272 1722 2307 μετὰ
1745 2272 1800 2306 τὴν

967 2306 988 2334 D
1003 2306 1142 2353 ἁμαρτίαν
1152 2317 1266 2354 κέντρον
1279 2317 1328 2353 τῆς
1341 2306 1530 2354 συνειδήσεως,
1543 2319 1589 2345 καὶ
1603 2306 1660 2350 τοῖς
1675 2319 1739 2354 περὶ
1750 2318 1800 2346 τὸν

1009 2363 1096 2398 Ἀδὰμ
1111 2364 1245 2399 ἁμαρτεῖν
1259 2364 1304 2391 διὰ
1315 2365 1498 2400 παραὸἁσεως
1516 2365 1720 2400 ὑποτιθέμενος,
1737 2375 1746 2391 ι
1756 2362 1799 2401 ᾟ

1002 2409 1024 2436 δ’
1042 2409 1084 2442 ἂν,
1107 2410 1200 2446 φησὶν,
1219 2411 1311 2446 ἡμέρᾳ
1335 2411 1441 2446 φάγητε
1461 2411 1510 2438 ἀπ’
1525 2411 1619 2444 αὑτοῦ,
1640 2411 1799 2446 διανοιχθῆ-

1004 2456 1183 2491 σονταιὺμῶν
1195 2456 1374 2492 οἱόφθαλμοί·
1387 2465 1396 2482 ›
1412 2454 1473 2483 εἶτα
1487 2457 1680 2492 κακομήχανος
1695 2456 1732 2483 ὣν
1748 2457 1798 2483 ἀπ’

1002 2502 1090 2537 ἀρχῆς
1106 2503 1154 2529 καὶ
1173 2502 1289 2537 ψεύδους
1304 2502 1406 2539 πατὴρ,
1424 2503 1659 2538 συγκαταμιγνύει
1691 2504 1724 2538 τῇ
1745 2503 1799 2537 τῆς

1002 2547 1132 2582 ἀληθείας
1148 2547 1285 2582 θρυαλλίδι
1300 2548 1360 2574 ὃλον
1375 2548 1404 2574 τὸ
1422 2547 1471 2575 τοῦ
1488 2548 1603 2583 ψεύδους
1628 2548 1724 2580 σκότος
1751 2548 1798 2575 καί

1002 2602 1100 2630 φησιν·
1120 2593 1249 2620 (Ἔσεσθε
1258 2594 1297 2625 ὡς
1313 2594 1378 2627 θεοὶ,
1394 2594 1574 2628 γινώσκοντες
1590 2594 1673 2621 καλὸν
1689 2595 1736 2620 καὶ
1749 2603 1798 2621 πο.

1003 2639 1097 2676 νηρόψ
1116 2649 1125 2665 ι
1148 2639 1206 2665 ἀλλ’
1219 2639 1256 2670 ὼς
1277 2640 1306 2666 ὲν
1321 2640 1360 2676 τῷ
1375 2640 1544 2676 ἁμαρτάνειν
1560 2640 1611 2676 μὲν
1626 2640 1798 2675 τυφλώττον-

1002 2695 1059 2718 τες,
1093 2684 1132 2720 τῷ
1160 2685 1210 2720 τῆς
1238 2685 1421 2721 παραϐάσεως
1454 2686 1558 2721 ἔρωτι·
1592 2686 1662 2722 μετὰ
1688 2686 1717 2713 δὲ
1746 2686 1797 2722 τὴν

929 2745 1047 2774 NOTAE.

155 2796 212 2839 six:
225 2800 282 2839 τῶν
292 2800 453 2839 Ἀθηναίων·
463 2800 518 2839 οἷον
533 2803 795 2839 οἱδωροδοκούμενοι
807 2804 945 2839 ἐσιώπων.

156 2836 209 2863 Bos
222 2836 330 2870 irrupit,
346 2835 377 2866 de
391 2837 424 2864 iis
450 2837 548 2865 dicitur
560 2835 726 2874 gui‘repenté
747 2843 844 2867 tacent.
864 2835 947 2866 At'he-

1001 2803 1134 2840 Hiensium
1154 2803 1223 2840 enim
1251 2805 1364 2837 pecunia
1388 2805 1450 2832 bove
1476 2805 1603 2840 insignita
1630 2806 1690 2840 fuit.
1711 2804 1795 2832 Silent

1001 2843 1089 2865 autent
1105 2838 1180 2865 donis
1195 2840 1321 2873 tori-apti.
