1882 3075
186 161 237 195 1Ίὸ

759 158 892 188 ΡΠΟΤΙΙ
913 158 1165 188 PATRIARCILE
1187 159 1243 188 (ΖΡ.

1766 160 1812 194 135

185 228 238 246 non
266 219 301 246 ita
327 217 406 246 facile
425 217 528 245 veritas
543 215 710 252 probaverit,
730 220 788 243 tum
810 216 876 251 quia
892 215 971 242 nimis

1061 216 1193 242 απτύσσει
1205 225 1212 231 ·
1232 217 1277 243 τὸν
1297 217 1411 252 οὐρανὸν
1426 217 1454 244 δὲ
1470 218 1609 254 προτάξας
1630 219 1684 254 τὴν
1692 218 1748 254 πρὸ
1768 220 1812 246 τοῦ

184 271 337 293 contortum
353 271 405 297 est,
423 269 480 301 tum
496 266 560 300 quia
577 265 694 293 dicendo
716 264 850 292 caelorum
861 263 977 291 creatio-

184 320 246 339 nem
260 312 294 339 de
307 311 412 340 caelesti
432 319 516 347 regno
529 311 640 340 Iudaeos
651 311 718 339 nihil
729 311 822 338 minus
835 309 974 336 illumina-

184 358 233 389 vit,
250 365 333 393 quam
349 358 371 386 si
388 359 503 386 omnino
523 359 712 390 conticuisset,
734 362 792 386 tum
808 357 873 392 quia
888 355 974 386 multa

183 403 247 430 item
264 404 318 431 alia
336 404 400 432 huic
414 404 536 440 opinioni
549 405 740 432 adversantur.

1029 260 1220 296 στερεώματος
1232 262 1280 289 καὶ
1295 262 1365 297 ὑπὲρ
1387 263 1499 298 κόσμιον
1519 264 1685 292 κατάστασιν
1700 265 1743 291 διὰ
1765 265 1812 299 τῆς

1027 307 1124 334 τούτου
1138 308 1275 343 ποιήσεως
1292 309 1476 344 ὗπεδήλωσεν.
1497 311 1579 338 Ἀλλὰ
1597 311 1676 338 τοῦτο
1703 312 1753 346 μὲν
1766 312 1812 339 οὐκ

1026 352 1059 379 ἂν
1067 353 1166 388 ῥᾳδίως
1172 354 1326 390 ἁγαπήσῃὴ
1341 355 1464 389 ἀλήθεια,
1474 356 1551 382 ὅτιτί
1563 357 1622 383 λίαν
1630 357 1811 389 ἒχὸεὗίασται,

1026 398 1073 426 καὶ
1084 398 1125 425 ὅτι
1145 398 1229 425 εἰπὼν
1239 400 1477 436 οὐρανῶνιποίησιν
1491 402 1556 437 περὶ
1569 403 1618 437 τῆς
1630 403 1683 429 τῶν
1695 404 1812 438 οὐρανῶν

185 449 324 485 βασιλείας
357 451 421 482 τοὺς
444 450 590 482 Ἰουδαίους
603 450 679 476 οὐδὲν
697 448 778 486 ἦττον
795 447 937 484 ὠφέλησεν
950 446 968 482 ἢ
985 445 1009 472 εί
1019 444 1160 476 παντελῶς
1170 444 1348 480 ἀπεσιώπησε
1362 454 1370 461 ·
1383 447 1430 473 καὶ
1444 447 1528 483 πολλὴ
1550 447 1616 483 ἄλλη
1632 449 1700 484 πρὸς
1715 449 1813 485 ταύτην

183 497 234 532 τὴν
255 496 391 531 ὑπόληψιν
427 495 634 527 ὐπεναντίωσις.

218 546 243 573 2.
265 546 316 572 Alii
330 553 395 572 vero
410 546 437 572 in
453 544 572 580 paradisi
585 544 758 572 enarratione
777 544 873 570 dicunt
889 542 972 569 etiam

183 601 299 628 regnum
323 592 456 619 coriorum
478 591 598 621 includi;
616 598 680 626 pars
703 591 776 618 enim
809 593 972 617 aetermn-um

182 639 317 667 bonorum
337 642 365 664 ct
384 637 562 664 beatitudinis
591 637 728 671 perceptio
752 635 894 670 paradisus
914 639 972 666 est;

183 685 244 711 ideo
259 688 286 710 ct
300 683 398 710 latroni
415 682 559 717 flagitanti,
577 686 607 709 ut
625 682 652 708 iu
672 689 754 716 regno
775 681 820 708 Dei
842 679 974 707 memoria

183 730 226 757 sui
250 729 407 761 haberetur,
433 728 579 763 paradisus
605 727 766 754 incolendus
797 726 925 753 tribuitur
953 725 972 752 ⁵.

183 776 285 803 Verum
302 774 466 805 cavendum.
483 781 517 801 ne
541 774 595 801 hoc
619 774 705 801 multo
720 773 790 800 infra
815 772 973 807 dignitatem

183 822 258 857 regni
272 821 404 848 caelorum
419 820 464 848 sit.
481 820 641 847 Plantarum
657 819 729 847 enim
746 819 828 846 liores
843 822 870 844 et
886 825 972 844 venu-

184 872 278 898 states,
296 866 426 902 ﬂuviique
442 873 475 893 ac
484 866 579 893 latices
590 865 680 893 locum
699 864 775 892 illum
790 863 973 891 circumluen-

182 918 236 944 tcs,
263 913 457 947 fructuumque
476 912 654 947 pulchrorum
687 910 807 938 varietas
830 914 857 937 ct
883 909 974 936 herba:
990 902 1010 929 Β

184 958 347 985 suavitatem
369 958 507 992 spirantes
527 964 559 984 ac
576 957 704 992 gratiam,
727 960 756 983 et
776 955 868 982 modis
882 955 972 983 omni-

184 1002 235 1030 bus
247 1007 325 1029 terra:
337 1002 420 1029 facies
440 1005 570 1029 exornata
582 1009 614 1029 ac
630 1001 768 1034 decorata,
785 1004 813 1027 et
827 1001 898 1027 aeris
910 1004 975 1027 lem-

183 1048 273 1084 perics
286 1055 353 1082 pura
366 1051 447 1083 atque
459 1046 594 1082 pellucida
610 1047 767 1081 primosque
782 1046 850 1074 solis
880 1045 975 1074 radios

182 1095 347 1129 suscipiens,
363 1101 454 1120 nonne
465 1093 522 1120 hac
536 1097 619 1120 totam
634 1092 772 1127 regionem
786 1092 860 1120 illam
872 1093 973 1127 jucun-

183 1141 266 1168 ditate
276 1148 309 1168 ac
316 1140 455 1174 voluptate
474 1139 602 1167 sensibus
617 1139 818 1174 permulcendis
843 1144 904 1174 apta
918 1146 973 1174 pra:

183 1187 237 1214 alio
257 1193 423 1222 quocunque
453 1185 514 1213 loco
545 1185 798 1219 prastantissimam
829 1184 972 1212 eﬂiciunt?

185 1233 381 1261 Verumtamen
404 1231 480 1267 regni
505 1231 635 1259 ccclomm
657 1232 727 1260 bona
745 1231 878 1259 immenso
899 1231 972 1258 illam

181 1283 348 1314 exsuperant
366 1277 519 1304 intervallo.
538 1287 547 1303 ι
571 1276 663 1313 Neque
688 1277 761 1305 enim
784 1277 880 1305 oculos
895 1276 970 1309 vidit,

183 1332 272 1359 neque
288 1323 364 1350 auris
377 1322 492 1356 audivit,
507 1328 595 1358 neque
615 1323 641 1350 in
662 1331 709 1350 cor
727 1323 845 1350 hominis
859 1323 973 1350 descen-

182 1371 231 1400 dit,
246 1378 307 1405 qua:
321 1369 482 1404 praeparavit
497 1369 567 1396 Deus
578 1369 750 1405 diligentibus
761 1377 789 1396 se
797 1370 818 1396 ¹.
836 1378 845 1394 ι
859 1367 973 1396 Ρι·ιυεοι·ο

183 1417 229 1443 tim
246 1423 308 1442 cum
327 1416 431 1442 Adamo
443 1414 585 1450 paradisus
602 1423 654 1442 non
671 1419 732 1443 erat
758 1421 889 1450 tanquam
905 1423 973 1450 pra:-

182 1461 266 1488 mium
287 1461 467 1488 certaminum
480 1465 508 1488 et
519 1460 642 1488 laborum
654 1461 819 1496 assignatus,
832 1461 878 1488 sed
893 1461 971 1496 quasi

181 1508 306 1540 palaestra
320 1507 409 1542 potius
424 1514 456 1533 ac
467 1507 585 1534 stadium
604 1507 727 1540 virtulis;
747 1508 856 1542 praemia
871 1514 934 1535 vero
946 1512 974 1535 et

181 1561 289 1580 corona:
314 1553 444 1588 majorem
467 1553 569 1587 ubique
588 1558 616 1580 et
637 1552 827 1588 perfer-liorem
855 1553 972 1581 atl‘erunt
985 1571 1007 1601 ο

181 1599 375 1627 oblectationis
389 1606 481 1632 usum,
496 1604 523 1626 et
532 1597 652 1627 stadium
667 1607 748 1626 nemo
762 1599 853 1628 adhuc
868 1600 972 1635 praemii

181 1646 269 1673 locum
290 1645 415 1673 obtinere
432 1645 547 1672 audivit.
569 1645 734 1673 Conceditur
754 1651 845 1674 autem
873 1647 972 1674 latroni

180 1691 326 1726 paradisus
342 1691 417 1718 velut
432 1691 514 1718 art-ba
533 1692 657 1726 quaedam
669 1696 695 1718 ct
714 1691 870 1720 futurorum
888 1694 973 1720 bono-

180 1745 240 1765 rum
260 1735 440 1772 proaamium;
461 1744 523 1763 cum
544 1736 616 1763 enim
641 1741 707 1764 tunc
732 1738 869 1766 communi
892 1743 971 1766 teter-

179 1792 279 1812 norum
294 1784 426 1811 bonorum
451 1782 624 1810 retributioni
649 1783 769 1810 nondum
796 1789 868 1812 esset
882 1784 969 1817 locus,

179 1838 234 1857 non
249 1834 307 1857 erat
317 1837 437 1864 mquum,
452 1833 480 1856 ut
493 1829 550 1863 ipse
561 1829 637 1856 solus
656 1836 690 1856 ex
713 1830 851 1862 omnibus,
870 1831 915 1865 qui
937 1831 971 1858 ab

179 1875 256 1902 initio
271 1875 347 1902 cbari
363 1873 487 1909 gratique
505 1872 558 1900 Deo
573 1872 689 1907 fuerant,
703 1875 736 1901 ad
747 1874 828 1902 linem
843 1881 972 1903 extremae

178 1920 356 1948 beatitudinis
375 1925 530 1956 perveniret
548 1925 575 1947 et
593 1921 816 1950 sineinnumeris
829 1922 884 1951 illis
906 1931 970 1950 san-

178 1970 282 1992 ctorum
298 1966 419 1994 coetibus
434 1973 684 2001 consummaretur,
698 1973 728 1994 ut
740 1972 767 1996 et
778 1969 857 1997 divus
866 1968 968 1997 Paulus

178 2016 328 2043 pt'otcstatu
334 2020 355 2038 r.

1063 539 1095 574 β’.
1116 537 1207 565 Ἄλλοι
1221 537 1250 564 δὲ
1268 538 1297 564 ἂν
1307 539 1340 573 τῇ
1358 537 1422 573 περὶ
1435 539 1601 573 παραδείσου
1615 539 1739 575 διηγήσει
1765 550 1813 576 φα-

1028 585 1055 611 σὶ
1077 584 1124 612 καὶ
1143 584 1190 620 τήν
1211 584 1265 610 τῶν
1278 584 1402 619 οὐρανῶν
1416 583 1555 618 βασιλείαν
1586 585 1792 619 συνεισάγεσθαι
1805 594 1812 601 ·

1027 630 1111 666 μέρος
1125 631 1180 664 γὰρ
1193 629 1247 656 τῶν
1260 630 1377 657 αἰωνίων
1403 630 1514 664 ἀγαθῶν
1543 631 1591 657 καὶ
1614 633 1813 667 μακαριότητος

1026 677 1176 708 ἀπόλαυσις
1191 677 1205 703 ὁ
1218 677 1381 711 παράδεισος
1393 685 1400 692 ·
1418 677 1459 703 διὸ
1479 678 1525 704 καὶ
1543 677 1583 713 τῷ
1599 678 1685 714 λῃστῇ
1700 680 1813 712 αἰτησα-

1029 722 1104 758 μένῳ
1121 722 1150 750 ὲν
1161 723 1193 757 τῇ
1210 721 1334 757 βασιλείᾳ
1347 722 1396 749 τοῦ
1408 722 1476 750 Θεοῦ
1496 724 1608 758 μνήμης
1622 726 1724 759 τυχεῖν,
1740 725 1812 759 ήτοῡ

1026 767 1190 803 παραδείσου
1204 768 1503 804 διατριὸὴάποδίδοται.
1527 769 1607 796 Ἀλλὰ
1622 772 1727 806 μήποτε
1737 770 1814 796 τοῦτο

1026 815 1075 851 τῆς
1086 817 1140 842 τῶν
1167 816 1291 851 οὐρανῶν
1303 815 1442 851 βασιλείας
1467 816 1535 843 πολὺ
1561 817 1593 843 ἂν
1624 818 1814 852 ταπεινότερον

1025 861 1069 897 εῑ¹η
1081 868 1089 877 ·
1116 861 1207 896 φυτῶν
1221 862 1271 896 μὲν
1290 862 1345 897 γὰρ
1357 862 1423 896 ἄνθη
1437 862 1484 889 καὶ
1500 862 1597 896 κάλλη,
1623 863 1742 896 ποταμοὶ
1767 863 1814 888 καὶ

1024 908 1133 942 νάματα
1155 907 1186 934 τὸ
1196 907 1295 943 χωρίον
1312 908 1502 944 περιρῤέοντα,
1521 908 1636 943 καρπῶν
1659 917 1689 934 τε
1705 908 1814 943 ὡραίων

1024 954 1146 981 ποικιλία
1171 954 1217 981 καὶ
1238 953 1358 989 βοτανῶν
1379 954 1476 989 φύσεις
1499 954 1548 990 ἡδύ
1579 963 1610 981 τε
1633 955 1680 981 καὶ
1701 955 1815 990 ἐπίχαρι

1024 1000 1164 1034 πνέουσαι,
1180 1001 1228 1027 καὶ
1243 1000 1287 1027 διὰ
1306 1001 1413 1028 πάντων
1429 1001 1460 1027 τὺ
1473 1001 1617 1036 πρόσωπον
1630 1001 1679 1036 τῆς
1702 1002 1754 1036 γῆς
1769 1010 1816 1028 κο-

1025 1047 1178 1082 σμούμενόν
1192 1055 1223 1073 τε
1241 1046 1289 1074 καὶ
1301 1046 1495 1082 ὼραῖζόμενον,
1505 1047 1552 1074 καὶ
1567 1047 1647 1083 ἀέρος
1666 1048 1764 1083 κρᾶσις
1775 1048 1816 1079 εις

1023 1093 1200 1129 καθαρότητα
1232 1093 1280 1120 καὶ
1309 1093 1448 1127 διαύγειαν
1473 1093 1659 1128 ἀνηπλωμένη
1689 1094 1738 1120 καὶ
1763 1094 1816 1126 τὰς

1024 1139 1136 1176 πρώτας
1151 1141 1263 1172 ἀκτῖνας
1279 1140 1462 1176 ὑποδεχομένη
1481 1140 1529 1166 τοῦ
1552 1140 1639 1175 ἡλίου,
1667 1140 1726 1172 πῶς
1753 1141 1815 1176 οὐχὶ

1023 1187 1053 1213 τὸ
1069 1186 1168 1222 χωρίον
1183 1186 1243 1213 ὅλον
1268 1186 1432 1214 ἀποτελοῦσι
1447 1186 1631 1222 τερπνότητός
1646 1195 1674 1213 τε
1690 1187 1738 1213 καὶ
1753 1187 1816 1221 ἠδο-

1023 1232 1081 1266 νῆς,
1097 1232 1147 1267 ὅση
1161 1232 1287 1268 γοητεύει
1301 1232 1351 1263 τὰς
1367 1232 1517 1267 αἰσθήσεις,
1533 1232 1644 1258 πάντων
1660 1232 1756 1267 φέρειν
1783 1231 1814 1259 τδ

1023 1278 1193 1313 ἀκρότατον;
1211 1278 1286 1314 Πλὴν
1301 1278 1369 1305 ἀλλά
1383 1286 1415 1312 γε
1428 1278 1477 1314 τῆς
1499 1278 1639 1313 βασιλείας
1664 1278 1700 1305 τὰ
1724 1278 1814 1313 ἀγαθὰ

1023 1323 1129 1359 ἀπείρῳ
1161 1323 1253 1359 μέτρῳ
1279 1323 1509 1359 ὐπερανέστηκεν.
1531 1333 1540 1350 ι
1559 1324 1624 1351 Οὐδὲ
1639 1324 1692 1359 γὰρ
1713 1324 1815 1358 ὀφθαλ-

1026 1370 1075 1405 μὸς
1092 1369 1171 1401 εἶδεν,
1188 1369 1249 1396 οὕτε
1264 1368 1310 1401 οὖς
1323 1370 1448 1405 ήκουσεν,
1464 1370 1526 1396 οὔτε
1554 1370 1600 1397 ἐπὶ
1620 1370 1733 1406 καρδίαν
1763 1371 1814 1397 ἁν-

1024 1415 1133 1451 θρώπου
1149 1416 1244 1451 ὰνέόη,
1259 1415 1277 1442 ἃ
1295 1416 1443 1451 ἡτοίμασεν
1467 1416 1483 1442 ὁ
1504 1416 1570 1448 Θεὸς
1586 1417 1641 1448 τοῖς
1668 1417 1814 1450 ἀγαπῶσιν

1023 1462 1114 1489 αὐτόν.
1135 1470 1144 1487 ι
1162 1461 1266 1493 Ἀλλως
1289 1470 1318 1488 τε
1343 1462 1371 1489 δὲ
1388 1463 1435 1489 καὶ
1455 1462 1497 1489 ὅτι
1517 1462 1557 1497 τῷ
1579 1462 1664 1497 Ἀδὰμ
1688 1463 1702 1488 ὁ
1720 1463 1814 1498 παρὰ·

1023 1509 1111 1540 dum;
1129 1509 1159 1536 οὐ
1176 1508 1312 1545 βραϐείων
1332 1509 1378 1535 καὶ
1400 1509 1525 1536 ἐπάθλων
1538 1509 1623 1544 γέρας
1638 1510 1812 1544 ὲγνωρίζετο,

1023 1556 1173 1591 γυμνάσιον
1186 1555 1214 1583 δὲ
1231 1555 1331 1590 μᾶλλον
1343 1556 1375 1581 τδ
1388 1555 1488 1590 χωρίον
1503 1555 1651 1591 προῦκειτο
1674 1556 1722 1582 καὶ
1746 1556 1814 1583 στά-

1023 1601 1079 1629 διον
1094 1603 1194 1637 ἀρετῆς
1204 1609 1211 1617 ·
1228 1602 1262 1629 τὰ
1276 1602 1303 1629 δὲ
1321 1601 1424 1629 ἔπαθλα
1438 1603 1484 1629 καὶ
1507 1603 1533 1629 οἱ
1551 1603 1677 1637 στέφανοι
1692 1603 1814 1638 δηλονότι

1024 1648 1109 1683 μείζω
1124 1648 1171 1675 καὶ
1186 1648 1355 1684 τελειοτέραν
1368 1649 1417 1684 τὴν
1435 1648 1586 1676 ἀπόλαυσιν
1612 1649 1739 1685 φέρουσι,
1766 1649 1814 1676 καὶ

1024 1695 1131 1722 στάδιον
1147 1695 1236 1725 οὐδεὶς
1251 1695 1359 1722 οὐδέπω
1372 1695 1508 1730 βραϐείων
1522 1696 1568 1722 καὶ
1583 1696 1711 1723 ἐπάθλων
1731 1696 1814 1730 φύσιν

1023 1740 1162 1776 μετελθεῖν
1176 1740 1230 1767 οὐδ’
1245 1741 1330 1776 ἀκοὴν
1341 1737 1404 1776 εὗρε
1419 1740 1588 1768 διδάσκαλον.
1606 1741 1755 1775 Εἰσάγεται
1783 1741 1812 1767 δὲ

1022 1786 1090 1822 πρὸς
1104 1786 1150 1813 τὸν
1166 1786 1330 1822 παράδεισον
1347 1787 1360 1813 ό
1377 1786 1479 1823 λῃστὴς
1492 1784 1548 1813 οἷον
1565 1787 1724 1822 ἀρῥαὸῶνός
1738 1796 1814 1820 τινος

1019 1833 1067 1859 καὶ
1078 1833 1221 1868 προοιμίου
1230 1833 1284 1859 τῶν
1298 1833 1448 1868 μελλόντων
1458 1833 1566 1867 ἀγαθῶν
1573 1833 1731 1868 ἀξιούμενος
1741 1834 1812 1869 (52ν

1019 1879 1113 1914 ὲπείγε
1127 1880 1178 1914 τῆς
1193 1879 1286 1914 κοινῆς
1302 1879 1505 1911 ὰνταποδόσεως
1518 1879 1574 1907 τῶν
1599 1880 1716 1907 αίωνίων
1738 1881 1814 1914 ἀγα-

1019 1925 1074 1952 θῶν
1087 1927 1169 1962 μήπω
1184 1926 1245 1952 τότε
1261 1925 1355 1960 καιρὸν
1370 1925 1501 1961 ἐχούσης,
1513 1926 1567 1953 οὐδ’
1575 1926 1655 1958 αὐτὸς
1666 1924 1700 1961 ἦν
1707 1925 1815 1958 δίκαιος

1018 1973 1099 2008 μόνος
1114 1973 1146 1998 ἐκ.
1160 1972 1269 1999 πάντων
1292 1972 1346 1998 τῶν
1371 1973 1418 1998 ἀπ’
1444 1972 1543 2003 αἰῶνος
1567 1973 1814 2008 εὐαρεστησὰντων

1016 2018 1076 2054 Θεῷ
1089 2018 1156 2053 πρὸς
1166 2017 1280 2049 τὸτέλος
1293 2018 1394 2052 φθάσαι
1409 2019 1459 2053 τῆς
1474 2018 1592 2053 ἐσχάτης
1612 2020 1815 2055 μακαριότητος

177 2059 224 2085 καὶ
236 2059 320 2094 χωρὶς
334 2059 388 2086 τῶν
401 2059 507 2095 μυρίων
521 2059 634 2087 ἐκείνων
649 2061 737 2096 χορῶν
750 2058 902 2097 τῶνάγίων
913 2064 1097 2102 τελειωθῆναι,
1107 2066 1144 2098 ὥς
1155 2075 1205 2093 που
1218 2065 1265 2093 καὶ
1278 2065 1293 2091 δ
1305 2064 1446 2097 θεσπέσιος
1462 2064 1568 2097 Παῦλος
1582 2065 1814 2103 διαμαρτύρεται,

209 2104 236 2132 5.
255 2103 359 2132 Horum
381 2105 466 2141 igitur
480 2114 541 2141 qua;
564 2107 684 2134 diximus
704 2108 795 2143 aliqua
818 2117 873 2137 non
889 2111 970 2145 pauci

1059 2116 1095 2147 γ’.
1112 2113 1172 2139 Τῶν
1187 2112 1276 2139 τοίνυν
1293 2111 1446 2146 εἰρημένων
1462 2110 1520 2138 ἔνια
1533 2113 1584 2139 οὐκ
1597 2113 1682 2148 όλίγοι
1699 2115 1750 2150 μὲν
1759 2115 1817 2142 τῶν

178 2156 239 2177 nuit:
252 2158 301 2177 nos
317 2155 346 2177 ut
361 2158 460 2179 causas
472 2151 638 2184 retulerunt,
651 2160 699 2179 cur
711 2155 785 2181 nulla
797 2155 871 2190 regni
887 2158 970 2183 cmlo-

1061 2159 1078 2185 γὸ
1090 2158 1170 2194 ἡμῶν
1185 2158 1223 2190 ὡς
1241 2158 1331 2190 αιτίας
1344 2158 1391 2184 τοῦ
1408 2158 1446 2194 μὴ
1460 2160 1552 2194 τυχεῖν
1571 2159 1682 2195 μνήμης
1692 2161 1742 2196 τὴν
1758 2162 1817 2188 τῶν

179 2204 238 2222 rmn
261 2196 363 2223 ntentio
383 2196 454 2224 facta
479 2196 561 2224 fuerit
580 2198 625 2225 ubi
649 2198 737 2227 Moses
761 2201 854 2228 mundi
877 2207 968 2230 Ortum

177 2246 204 2267 ct
215 2242 436 2270 constitutionem
447 2242 544 2270 litteris
552 2244 705 2278 mandavit;
721 2253 774 2273 non
788 2247 865 2281 pauci
879 2252 968 2276 tamen

178 2287 204 2314 in
224 2287 338 2314 dubium
355 2296 386 2315 ea
403 2294 577 2316 revocarunt.
594 2289 726 2325 Etl'ugerit
739 2297 829 2319 autem
854 2293 969 2322 fortasse

177 2332 276 2368 aliquis
291 2342 373 2361 ansas
391 2334 451 2362 illas
463 2334 588 2368 dicendo,
605 2340 748 2371 propterea
773 2337 876 2366 lllosem
891 2340 969 2375 regni

177 2378 310 2405 ctriorum
327 2386 381 2405 non
396 2379 564 2412 meminisse,
580 2381 645 2415 quia
661 2381 804 2416 Scriptura
816 2388 843 2410 et
853 2383 895 2411 lex
911 2392 927 2412 a
939 2393 969 2412 se

177 2431 231 2450 non
253 2428 359 2458 poterat
381 2425 511 2452 cmlorum
539 2432 654 2461 regnum
683 2426 786 2462 largiri.
809 2427 878 2460 Quid
894 2429 968 2456 enim

177 2477 237 2496 nica
266 2469 536 2501 inlcrcst.cmlorum
563 2479 678 2506 regnum
705 2472 859 2506 addiscere,
883 2474 905 2501 si
922 2474 968 2502 illo

176 2523 224 2550 per
241 2516 308 2550 legis
326 2516 481 2544 institutum
496 2517 578 2551 potiri
601 2519 727 2553 nequeo?
740 2519 900 2548 Communis
916 2529 967 2548 au-

176 2566 230 2589 tent
244 2561 375 2589 Dominus
389 2567 416 2590 et
433 2563 568 2596 Salvator,
588 2564 719 2598 quoniam
742 2565 795 2592 tale
810 2565 889 2594 nobis
910 2571 967 2595 tra-

175 2608 245 2635 didit
259 2609 426 2643 institutum,
443 2617 473 2637 se
493 2611 581 2645 ipsutn
598 2612 625 2637 in
637 2611 791 2647 exemplum
813 2621 967 2648 proponens

176 2653 302 2689 (habetur
319 2656 391 2682 enim
404 2656 431 2682 in
449 2656 599 2692 Scripturis
615 2665 622 2684 :
636 2666 646 2683 ι
667 2656 720 2686 Ubi
735 2659 818 2695 erepit
834 2659 926 2689 facere
939 2665 967 2689 et.

211 2711 219 2727 ¹
247 2710 315 2739 Luc.
337 2720 415 2746 χχιιι,
440 2713 485 2747 ιο,
511 2714 556 2741 45.
594 2715 604 2730 ¹
625 2714 635 2742 1
659 2715 723 2742 Cor.
747 2723 777 2749 ιι,
807 2716 835 2744 9.

1018 2205 1141 2241 οὐρανῶν
1157 2204 1308 2239 βασιλείαν,
1322 2205 1351 2231 ἐν
1417 2202 1538 2241 Μωῡσῆς
1567 2206 1617 2241 τὴν
1635 2206 1683 2233 τοῦ
1708 2207 1816 2242 κόσμου

1019 2250 1173 2286 καταϐολὴν
1189 2250 1217 2284 Εγ
1223 2250 1318 2285 ραψεν,
1330 2250 1545 2284 ἀποδεδώκασιν,
1556 2252 1606 2278 οὐκ
1620 2252 1705 2286 ὀλίγοι
1721 2252 1750 2279 δὲ
1766 2254 1816 2280 καὶ

1018 2296 1058 2327 εἰς
1067 2295 1275 2331 ἀμφισϐήτησιν
1299 2297 1504 2331 περιείλκυσαν.
1526 2298 1605 2329 Ἴσως
1622 2298 1644 2325 δ’
1657 2299 1689 2325 ἄν
1703 2307 1745 2330 τις
1775 2301 1812 2326 εί-

1019 2339 1078 2367 πὼν
1091 2340 1207 2375 ἐκφύγοι
1223 2341 1274 2373 τὰς
1289 2342 1495 2378 προειρημένας
1514 2342 1610 2374 λαϐὰς,
1628 2344 1666 2375 ὡς
1693 2344 1814 2380 ἐπείπερ

1019 2385 1093 2420 ἡτοῦ
1107 2386 1248 2418 Μωῦσέως
1261 2387 1407 2423 συγγραφὴ
1419 2389 1466 2414 καὶ
1488 2388 1633 2423 νομοθεσία
1647 2390 1696 2424 οὐχ
1720 2390 1767 2417 οἵα
1782 2399 1814 2417 τε

1020 2428 1054 2466 ἦν
1067 2429 1207 2465 βασιλείαν
1224 2432 1348 2467 οὐρανῶν
1376 2432 1548 2468 χαρίζεσθαι,
1575 2433 1618 2460 διὰ
1646 2434 1726 2461 τοῦτο
1749 2436 1814 2462 οὐδὲ

1019 2476 1122 2512 ταύτης
1150 2478 1190 2509 είς
1204 2478 1314 2514 μνήμην
1328 2478 1452 2513 ἀφίκετο.
1469 2479 1564 2515 Τίγάρ
1578 2489 1612 2515 με
1625 2481 1814 2516 δείβασιλεὶαν

1020 2522 1143 2558 οὐρανῶν
1163 2523 1258 2558 μαθεῖν
1274 2525 1307 2560 ἢν
1320 2525 1353 2551 ὲκ
1369 2525 1419 2560 τῆς
1435 2525 1507 2552 κατὰ
1517 2526 1599 2561 νόμον
1610 2527 1748 2559 πολιτείας
1760 2529 1814 2556 οὐκ

1019 2569 1076 2596 ἔστι
1091 2578 1137 2605 μοι
1152 2570 1246 2597 λαὸεῖν
1261 2580 1269 2604 ;
1292 2571 1321 2598 '0
1337 2572 1366 2598 δὲ
1380 2572 1467 2605 κοινὸς
1486 2574 1626 2609 Δεσπότης
1639 2575 1686 2601 καὶ
1701 2575 1812 2610 Σωτὴρ,

1019 2616 1080 2642 ἐπεὶ
1092 2615 1220 2651 τοιαύτην
1246 2617 1311 2651 ἡμῖν
1334 2619 1520 2653 κατεστήσατο
1546 2619 1696 2652 πολιτείαν,
1711 2621 1812 2646 ἑαυτὸν

1022 2662 1196 2698 παράδειγμα
1212 2663 1333 2698 προθείς·
1354 2673 1363 2690 ι
1378 2661 1428 2691 Ὧν
1441 2665 1495 2700 γὰρ
1509 2665 1704 2701 ήρξατο,φησὶ,
1721 2667 1814 2694 ποιεῖν

937 2774 1055 2804 NOT/E.

771 2833 890 2862 innuunt
923 2834 957 2862 de
979 2835 1109 2865 dilatione
1130 2838 1316 2873 beatitudinis,
1343 2848 1396 2875 qua
1425 2841 1534 2871 nonnisi
1557 2847 1680 2873 extremo
1705 2843 1814 2879 judicio

175 2869 283 2897 peracto
297 2865 472 2897 perlinuntur
488 2865 630 2894 beatorum
647 2869 753 2895 animm.
