1882 3075
157 148 209 182 139

736 152 867 182 ΡΗΟΤΙΙ
889 153 1143 186 PATRIARCH/E
1159 157 1213 186 CI’.

1742 158 1793 191 1ίο

155 211 296 234 auctorem
315 205 456 234 diabolum
476 205 610 240 crederet,
647 207 776 243 abyssum
804 215 871 236 vero
901 216 933 236 ea

1036 212 1102 244 πὸς,
1115 212 1184 239 ἀλλά
1198 213 1244 239 τὸν
1255 212 1411 248 ἀρχέκακον
1419 213 1542 242 διάϐολον
1556 215 1699 248 ὑπολάϐοι,
1709 216 1797 243 d606-

155 261 216 288 quae
235 254 287 281 sub
303 253 351 280 illo
373 257 438 281 sunt
450 257 613 289 potestates,
634 254 715 290 longe
734 263 749 282 a
766 255 880 283 veritate
901 256 947 283 ille

156 300 307 331 aberraret,
331 303 360 327 et
384 299 469 335 impia
493 300 593 335 plenus
623 305 695 328 esset
723 301 864 336 opinione,
882 301 946 337 quia

156 345 254 372 seriem
281 345 450 373 narrationis
468 353 522 374 non
551 350 643 382 potest
670 347 835 382 intelligere,
857 355 947 382 neque

154 391 278 418 ordinem
302 395 350 419 aut
361 392 598 420 enumerationem
617 401 725 425 eorum,
743 401 804 428 quae
817 393 946 421 sensibus

154 437 330 472 percipienda
343 437 416 466 facta
432 444 650 475 sunt;quorttm
684 439 774 468 Moses
802 440 946 468 historiam

153 483 330 518 conscripsit,
347 492 438 519 neque
463 484 631 520 incorporea:
650 490 678 513 et
713 485 870 521 spiritualis
896 494 945 513 na-

152 533 222 556 turae
236 533 263 556 et
286 529 452 558 creationem
470 535 497 558 et
516 530 671 558 doctrinam
695 535 723 558 ct
743 535 853 567 tempus
873 533 946 567 quod

153 575 224 602 ntiro
251 575 349 603 ordine
379 576 412 604 de
439 576 483 604 his
504 577 588 604 rebus
603 577 778 605 traditionem
809 577 945 606 deﬁnivit.

154 620 275 656 Spiritus
291 621 338 649 Dei
353 629 400 649 aer
412 622 503 651 dictus
520 629 572 657 est,
586 624 821 659 quemadmodum
847 628 873 651 et
886 624 947 651 alim

152 667 280 702 quaelibet
293 668 365 703 ejus,
378 673 512 697 creaturae
524 674 552 697 et
569 678 653 705 opera
669 679 678 698 :
702 680 712 697 ς
730 671 843 698 Emittet
861 670 945 702 enim,

154 714 253 749 inquit,
281 715 394 742 verbum
419 723 500 743 suum
517 721 544 744 et
560 716 718 750 liquefaciet
751 725 835 749 eam;
870 717 947 744 ﬂabit

152 760 266 794 spiritus
280 761 351 795 ejus,
363 766 388 789 et
400 761 485 789 ﬂuent
494 769 572 797 aqua:
582 762 609 779 "‘
623 771 630 796 ;
642 772 652 788 ι
667 763 740 798 quod
751 763 784 790 de
798 762 946 798 liquefacta

152 806 321 834 australibus
345 807 432 835 ventis
448 812 520 836 terra
547 808 665 836 canebat
688 808 784 836 David.
805 809 838 836 Et
854 808 946 836 dictus

152 853 249 880 fuisset
257 853 369 888 spiritus
381 853 427 881 Dei
443 854 471 881 in
486 855 582 883 eodem
596 863 679 883 sensu
693 863 724 883 ac
740 855 827 882 illud:
845 863 854 880 ι
871 853 946 883 Fecit

1000 267 1046 285 σον
1066 259 1095 285 δὲ
1122 259 1171 291 τὰς
1189 259 1235 286 ὑπ’
1251 260 1334 287 αὑτὸν
1355 261 1478 296 πονηρὰς
1493 261 1636 297 δυνάμεις,
1647 262 1743 297 πόρρω
1760 271 1793 289 τε

998 305 1048 340 τῆς
1061 305 1192 340 ἀληθείας
1201 302 1279 339 οὗτος
1289 305 1468 342 πλανώμενος
1485 308 1527 343 εῐη
1545 307 1592 334 καὶ
1605 307 1794 343 δυσσεϐούσης

999 351 1143 383 ἀνάπλεως
1161 351 1251 387 δόξης,
1267 353 1335 388 μετὰ
1349 353 1396 379 τοῦ
1411 353 1448 388 μὴ
1461 353 1592 381 δύνασθαι
1602 356 1719 390 συνορᾷν
1733 356 1795 390 etp-

1000 397 1051 431 μδν
1062 397 1216 433 διηγήσεως
1232 399 1280 425 καὶ
1293 398 1371 431 τάξιν
1390 399 1436 426 καὶ
1449 399 1637 435 ἀπαρίθμησιν
1655 401 1710 427 τῶν
1731 401 1796 428 κατ’

998 442 1126 478 αἴσθησιν
1139 444 1271 478 γενητῶν,
1292 440 1330 471 ὧν
1345 445 1359 471 ὀ
1374 445 1476 480 Μωσῆς
1497 445 1548 481 τὴν
1577 446 1699 481 ἱστορίαν
1727 455 1797 473 συν-

998 489 1129 524 έγραψεν,
1143 490 1191 516 καὶ
1206 490 1354 525 ἀσωμάτου
1367 491 1416 517 καὶ
1427 492 1524 526 νοερᾶς
1537 491 1644 525 φύσεως
1658 493 1797 528 δημιουρ-

998 535 1062 569 γίαν
1083 544 1113 562 τε
1130 536 1178 563 καὶ
1197 535 1315 572 θεωρίαν
1331 537 1378 563 καὶ
1395 537 1491 572 καιρὸν
1508 537 1538 569 ὃς
1559 539 1703 574 ἀφορίζειν
1720 536 1797 565 οἶδεν

997 579 1137 610 εὐτάκτως
1155 579 1205 615 τὴν
1223 580 1404 615 περὶτούτων
1421 582 1571 617 παράδοσιν
1585 591 1593 598 ·
1625 583 1737 618 πνεῦμα
1764 584 1798 610 δὲ

997 624 1064 651 Θεοῦ
1080 626 1094 652 ὀ
1108 625 1162 661 ἀὴρ
1176 625 1284 661 εἴρηται
1297 634 1303 642 ·
1321 626 1447 662 καθάπερ
1463 628 1509 654 καὶ
1522 628 1557 654 τά
1590 627 1673 655 λοιπὰ
1695 625 1738 655 οἶα
1760 628 1797 664 δὴ

997 670 1101 705 κτίσμα
1115 671 1162 697 καὶ
1176 671 1282 707 ποίημα
1295 671 1377 698 αὑτοῦ
1388 680 1395 687 ·
1412 681 1422 697 ι
1434 672 1626 706 Ἐξαποστελεί
1636 673 1701 709 γὰρ,
1714 674 1796 708 φησὶ,

996 716 1130 750 τὸνλόγον
1143 716 1227 743 αὐτοῦ
1244 717 1291 743 καὶ
1307 717 1383 752 τήξει
1399 717 1484 753 αὑτήν
1495 726 1501 733 ·
1522 718 1632 745 πνεύσει
1643 718 1674 745 τὸ
1684 718 1797 754 πνεῦμα

996 762 1080 788 αὑτοῦ
1097 761 1143 789 καὶ
1157 763 1288 798 ῥυήσεται
1303 762 1403 790 ὕδατα·
1419 773 1428 790 ι
1446 764 1510 800 περὶ
1525 764 1680 800 τηκομένης
1693 765 1724 791 ὲκ
1738 765 1797 792 τῶν

997 807 1092 835 νοτίων
1108 808 1272 844 πνευμάτων
1288 809 1376 844 λέγων
1394 810 1483 845 χιόνος
1497 811 1511 837 ὀ
1524 810 1605 837 Δαόίδ
1617 818 1625 826 ·
1637 810 1684 838 καὶ
1700 812 1743 845 εῐη
1760 811 1798 839 ἂν

997 855 1142 891 εἰρημένον
1154 855 1263 892 πνεῦμα
1275 856 1343 883 Θεοῦ
1359 858 1388 884 ὲν
1406 857 1456 892 ῐσῳ
1470 857 1509 890 τὸ,
1524 866 1533 882 ι
1552 857 1695 893 Ἐποίησεν
1706 858 1798 890 όΘεὸς

152 898 225 925 Deus
240 899 340 926 caelum
351 903 507 933 etterram;
523 910 532 926 ι
551 905 579 928 et
591 906 621 928 ut
640 901 685 929 illa
698 901 808 936 quidem
824 906 888 928 sunt
901 900 936 928 De

1036 911 1047 929 ν
1066 902 1180 938 οὐρανὸν
1209 904 1256 930 καὶ
1274 903 1324 939 τὴν
1340 904 1392 938 γῆν
1409 913 1416 919 ·
1438 912 1448 929 ι
1463 904 1578 931 κάκεῖνα
1593 903 1648 939 γὰρ
1663 903 1731 931 Θεοῦ
1755 904 1796 936 ὡς

152 949 296 978 creaturae,
312 950 339 972 et
352 945 398 972 ille
414 946 542 974 similiter
558 952 684 974 creatura
696 952 740 975 est
751 952 777 974 et
789 954 858 982 opus
867 948 945 982 ejus:

152 991 213 1018 ideo
229 991 299 1019 bene
310 992 463 1026 appellatus
481 998 523 1022 est
532 995 644 1029 spiritus
657 993 716 1022 Dei.

332 1049 496 1083 QUESTIO
516 1051 587 1079 xvu
607 1052 657 1088 [αί.
673 1051 757 1088 xw].

176 1108 232 1135 Cur
248 1107 368 1142 prohibet
385 1110 449 1145 quin
464 1118 558 1138 carnes
574 1119 590 1138 a
608 1111 672 1145 feris
688 1115 779 1145 captas
800 1110 917 1137 homines

472 1146 611 1172 comedam
621 1146 633 1172 ἵ

188 1203 352 1239 Discrepare
371 1204 502 1240 praesenti
518 1208 655 1239 praecepto
674 1204 746 1232 Deus
759 1205 855 1232 statuit
870 1203 944 1231 fera-

151 1259 211 1277 rum
222 1255 250 1278 et
261 1251 404 1278 hominum
419 1251 502 1278 vitam
518 1259 524 1278 ε
540 1251 639 1286 quibus
651 1251 724 1278 enim
736 1251 897 1286 prohibetur
911 1257 944 1278 ne

151 1297 186 1325 sit
203 1305 256 1324 una
276 1302 302 1325 et
319 1297 414 1325 eadem
435 1305 541 1330 mensa,
560 1305 608 1324 eos
621 1301 649 1324 et
676 1297 745 1324 alios
771 1305 867 1324 omnes
884 1303 945 1323 mo-

152 1353 195 1371 rcs
210 1350 238 1372 et
249 1344 474 1372 vitaeinstitutum
489 1348 516 1371 et
531 1349 621 1370 motus
631 1349 659 1370 et
673 1348 751 1371 actus
762 1343 879 1370 multum
894 1341 946 1369 dif-

153 1391 223 1419 ferre
237 1391 281 1418 lex
297 1391 420 1419 addocet.
433 1390 513 1425 Rapit
526 1389 582 1417 fera
598 1395 625 1416 et
645 1390 723 1417 avida
739 1395 781 1416 est
796 1393 824 1416 et
841 1389 873 1416 ad
885 1395 945 1415 mo-

152 1442 197 1464 tus
221 1440 262 1464 est
286 1436 505 1472 petulantissima
530 1436 658 1471 legesque
681 1440 707 1463 et
723 1435 900 1471 benignitatis
919 1439 947 1462 et

152 1481 359 1509 communitatis
384 1486 412 1509 et
438 1480 657 1509 mansuetudinis
686 1481 774 1508 nescit
804 1489 811 1508 :
842 1480 877 1507 ab
904 1479 947 1507 liis

152 1527 282 1556 omnibus
306 1535 406 1563 purum
430 1532 457 1555 et
485 1527 600 1555 liberum
626 1534 689 1555 esse
704 1526 945 1559 bomiuemdecet;

152 1575 217 1601 item
232 1581 297 1602 vero
309 1579 337 1602 et
352 1573 386 1601 ad
397 1573 465 1601 alios
473 1573 585 1602 ali‘ectus
594 1573 779 1608 intemperans
793 1576 833 1599 est
843 1572 947 1599 animal
960 1559 982 1589 (ἶ

153 1625 180 1647 et
207 1619 385 1649 infrenatum.
407 1619 501 1655 Itaque
525 1619 665 1647 hominum
694 1618 791 1653 agendi
811 1618 882 1646 ratio
898 1626 947 1653 per

154 1667 363 1702 temperantiam
380 1671 407 1694 et
422 1666 622 1694 institutionem
638 1665 789 1702 procedens
805 1665 851 1692 illa
879 1673 947 1699 pra:-

154 1717 240 1740 starct
250 1713 409 1741 diﬂ‘erentite
419 1713 496 1748 signa
508 1721 515 1746 ;
531 1713 556 1740 id
567 1720 631 1740 vero
644 1712 716 1747 quod
733 1719 786 1738 non
796 1711 846 1739 hos
860 1711 947 1746 signis

154 1759 292 1794 signattnn
306 1764 333 1786 et
349 1763 472 1787 notatum
487 1759 540 1786 erit
555 1763 684 1794 tanquam
701 1757 788 1786 l‘erum
804 1763 832 1786 et
847 1765 862 1785 a
882 1757 947 1785 feris

153 1811 263 1840 ruptum
278 1805 343 1840 quid
357 1810 383 1833 ct
394 1811 566 1833 mansuetam
582 1805 830 1840 rationabilemque
842 1811 947 1832 exuens

154 1858 281 1880 naturam
309 1853 459 1888 rejicietur.
479 1853 507 1880 Si
531 1853 594 1888 quis
615 1858 708 1881 autem
734 1853 767 1880 ad
796 1853 945 1887 puritatem

155 1900 291 1927 instruere
320 1904 347 1927 et
380 1900 516 1928 adducere
542 1899 646 1927 diceret
679 1907 727 1934 per
755 1898 946 1926 abstinentiam

154 1943 278 1970 carnium
301 1951 316 1970 a
341 1942 407 1971 feris
428 1949 571 1979 captarutn
594 1943 661 1970 illud
675 1943 707 1970 ad
729 1942 877 1977 imaginem
900 1941 948 1969 Dei

155 1989 302 2017 formatum
320 1997 401 2024 opus,
417 1994 444 2017 et
460 1990 549 2018 omnis
570 1989 747 2025 turpltudinis
773 1995 870 2023 expers
888 1988 948 2015 red~

154 2038 219 2064 dere
240 2045 302 2071 quze
323 2042 433 2072 gustum
456 2038 554 2072 polluit
568 2042 595 2065 et
613 2044 674 2072 quae
697 2044 745 2071 per
762 2036 832 2064 alios
848 2043 948 2063 sensus

154 2083 276 2118 procedit
287 2083 380 2118 (unius
393 2083 466 2111 enim
480 2092 580 2112 sensus
592 2083 720 2111 custodia
736 2087 763 2111 et
780 2082 946 2112 observatio.

154 2135 181 2157 ul.
197 2131 266 2160 alios
287 2129 413 2157 similiter
437 2131 472 2157 ab
489 2130 564 2158 omni
591 2130 749 2165 impuritate
773 2133 800 2157 et
829 2129 947 2162 turpitu-

153 2176 217 2204 dine
232 2177 350 2205 mundos
365 2184 413 2212 per
426 2177 502 2205 illum
524 2176 612 2212 facit),
629 2177 655 2205 id
679 2184 733 2204 non
757 2175 860 2203 acivili
883 2182 947 2208 pro-

154 2223 273 2251 videntia
289 2228 317 2251 et
334 2228 429 2251 sancta
449 2223 619 2251 institutione
631 2227 704 2251 esset
715 2222 846 2250 alienum.

1000 949 1152 984 ποιήματα,
1169 950 1216 976 καὶ
1234 950 1313 976 τοῦτο
1328 949 1428 985 ὁμοίως
1436 949 1539 984 κτίσμα
1550 949 1618 976 Θεοῦ
1627 951 1674 976 καὶ
1685 950 1797 986 ποίημα

1000 992 1049 1019 τοῦ
1066 993 1149 1021 αὑτοῦ
1165 1002 1173 1009 ο
1188 994 1229 1021 διὸ
1255 994 1348 1027 καλῶς
1363 995 1469 1030 εἴρηται
1483 994 1592 1030 πνεῦμα
1604 994 1685 1023 Θεοῦ.

1275 1054 1442 1082 ΕΡΩΤΗΣΙΣ
1458 1056 1508 1082 1Ζ⁷.

997 1107 1050 1134 Διὰ
1066 1108 1095 1134 τί
1106 1108 1273 1142 θηριάκωτα
1293 1109 1367 1144 κρέα
1393 1110 1463 1143 τοὺς
1478 1110 1655 1145 ἀνθρώπους
1679 1109 1798 1137 ἐσθίειν

1295 1145 1466 1173 ἀποκωλύει
1474 1154 1484 1178 ;

1034 1202 1266 1239 Παρηλλαγμένον
1279 1204 1330 1231 διάῐ
1345 1205 1391 1232 τοῦ
1413 1205 1549 1241 παρόντος
1577 1205 1796 1241 προστάγματος

997 1250 1142 1285 νομοθετεῖ
1159 1251 1206 1278 τὸν
1222 1251 1278 1278 τῶν
1298 1252 1401 1288 θηρίων
1415 1249 1486 1279 εἶναι
1511 1252 1612 1288 τρόπον
1626 1252 1674 1279 καὶ
1686 1252 1731 1279 τὸν
1742 1253 1791 1279 ὰν-

997 1295 1134 1332 θρώπινον
1145 1297 1203 1333 βίον
1213 1305 1220 1313 ·
1236 1295 1277 1329 οἷς
1284 1297 1338 1333 γὰρ
1347 1299 1363 1333 ἠ
1373 1298 1500 1334 τράπεζα
1510 1298 1645 1325 κωλύεται
1657 1298 1706 1333 μία
1718 1299 1765 1324 καὶ
1777 1299 1796 1333 ἠ

997 1341 1067 1377 αὑτή
1083 1341 1165 1375 εἶναι,
1181 1343 1287 1374 τούτοις
1303 1344 1349 1370 καὶ
1364 1343 1398 1370 τὰ
1411 1343 1479 1371 ἀλλα
1496 1344 1586 1371 πάντα
1607 1343 1660 1379 ἤθη
1689 1352 1720 1370 τε
1747 1345 1798 1371 καὶ

997 1387 1089 1416 δίαιτα
1103 1389 1150 1416 καὶ
1165 1389 1250 1425 ὁρμαὶ
1270 1390 1318 1416 καὶ
1331 1389 1446 1425 πράξεις
1461 1390 1532 1417 κατά
1550 1390 1617 1417 πολὺ
1643 1390 1793 1425 διαφέρειν

1001 1435 1193 1469 συνεισάγεται
1211 1435 1292 1470 νόμος
1308 1443 1315 1450 ·
1333 1435 1454 1472 ἁρπάζει
1470 1436 1501 1463 τὸ
1515 1436 1611 1472 θηρίον
1636 1438 1683 1464 καὶ
1697 1437 1797 1463 πλεον-

998 1481 1081 1513 εκτεῖ,
1100 1481 1150 1507 καὶ
1165 1481 1233 1516 πρὸς
1247 1481 1297 1513 τὰς
1308 1483 1397 1518 όρμάς
1411 1482 1470 1509 ἐστι
1493 1483 1726 1518 προπετέστατον,
1745 1484 1798 1510 καὶ

1000 1526 1100 1560 νόμους
1129 1526 1181 1554 οὐκ
1196 1524 1253 1553 οἶδε
1277 1526 1485 1563 φιλανθρωπίας
1502 1529 1550 1555 καὶ
1580 1529 1722 1560 κοινωνίας
1746 1530 1796 1556 καὶ

998 1573 1170 1609 ἡμερότητος
1181 1581 1189 1589 ο
1201 1573 1305 1600 τούτων
1318 1574 1447 1601 ἁπάντων
1460 1574 1580 1611 καθαρὸν
1596 1575 1643 1602 καὶ
1654 1575 1799 1610 ἀπηλλαγ-

998 1619 1079 1655 μένον
1115 1620 1247 1656 προσήκει
1276 1620 1323 1647 τὸν
1363 1619 1508 1655 ἄνθρωπον
1545 1618 1634 1647 εἶναι’
1659 1621 1795 1653 ὡσαύτως

996 1667 1025 1693 δὲ
1040 1667 1087 1693 καὶ
1099 1666 1171 1693 κατὰ
1182 1666 1216 1693 τὰ
1232 1666 1300 1693 ἄλλα
1313 1666 1368 1693 τῶν
1379 1666 1484 1699 παθῶν,
1499 1666 1620 1702 ἀκρατές
1632 1667 1691 1693 ἐστι
1703 1666 1733 1693 τὸ
1745 1666 1800 1700 θη-

999 1714 1055 1750 ρίον
1070 1712 1288 1748 καὶάχαλίνωτον
1295 1721 1303 1729 ·
1316 1713 1413 1740 οὐκοῦν
1422 1713 1438 1748 ἡ
1447 1713 1501 1740 τῶν
1512 1712 1663 1748 ἀνθρώπων
1672 1712 1800 1739 πολιτεία

997 1761 1032 1788 δι’
1038 1760 1205 1796 ἐγκρατείας
1217 1761 1263 1787 καὶ
1272 1760 1462 1794 παιδαγωγίας
1468 1760 1610 1789 ὁδεύουσα.
1617 1759 1703 1786 ταῦτα
1709 1759 1802 1794 παρά.-

998 1817 1057 1844 σχοι
1074 1809 1125 1844 τῆς
1144 1807 1276 1843 διαφορᾶς
1289 1807 1324 1834 τὰ
1342 1807 1524 1842 γνωρίσματα
1535 1815 1542 1822 ’
1557 1807 1606 1834 καὶ
1632 1807 1712 1840 τόνγε
1735 1806 1801 1832 τοὺ-

998 1863 1054 1887 τοις
1069 1855 1121 1890 ἀσή
1127 1854 1226 1890 μαντόν
1237 1862 1267 1880 τε
1281 1853 1328 1881 καὶ
1341 1853 1544 1888 ἀνεπίγνωστον
1558 1854 1616 1884 τοῖς
1630 1853 1801 1889 γνωρίσμα-

999 1909 1042 1927 σιν
1064 1900 1102 1932 ὡς
1124 1899 1220 1936 θηρίον
1240 1899 1288 1926 καὶ
1301 1898 1472 1935 θηριάλωτον
1487 1899 1598 1933 καὶτῆς
1621 1899 1728 1934 ἡμέρου
1749 1899 1802 1925 καὶ

999 1946 1112 1982 λογικῆς
1126 1944 1366 1981 καταψευδόμενον
1392 1944 1500 1980 φύσεως
1523 1945 1740 1980 ὲκτραπήσεται.
1764 1944 1802 1972 Et

998 1992 1027 2019 δὲ
1039 1992 1108 2028 πρὸς
1116 1991 1321 2028 καθαρειότητα
1337 1990 1478 2018 παιδεύειν
1494 1999 1525 2016 τε
1540 1991 1587 2017 καὶ
1602 1991 1716 2024 ἀνάγειν
1728 1991 1801 2027 φαίη

999 2048 1041 2071 τις
1057 2039 1102 2065 διὰ
1113 2038 1164 2073 τῆς
1181 2038 1286 2073 ἀποχῆς
1302 2037 1359 2064 τῶν
1373 2036 1554 2073 θηριαλώτων
1574 2038 1606 2063 τὸ
1623 2038 1685 2064 κατ’
1703 2038 1802 2065 εἰκόνα

999 2084 1068 2112 Θεοῦ
1086 2084 1325 2119 διαπεπλασμένον
1351 2083 1551 2118 φιλοτέχνημα,
1579 2083 1627 2109 καὶ
1651 2082 1801 2119 βδελυρίας

999 2132 1112 2166 ἁπάσης
1128 2129 1346 2162 κατασκευάζειν
1360 2129 1510 2164 ἀμέτοχον,
1529 2130 1577 2165 ὅση
1591 2138 1622 2156 τε
1636 2129 1800 2164 διαμολύνει

998 2176 1049 2212 τὴν
1069 2175 1163 2210 γεῦσιν
1180 2176 1227 2202 καὶ⁷
1245 2175 1294 2210 ὅση
1310 2175 1354 2201 διὰ
1367 2174 1421 2201 τῶν
1444 2174 1533 2202 ἄλλων
1555 2175 1709 2211 αἰσθήσεων
1729 2176 1800 2211 πρό.

1000 2231 1084 2250 εισιν’
1098 2224 1114 2258 ὴ
1130 2222 1184 2258 γὰρ
1200 2222 1246 2249 ἐπὶ
1261 2222 1309 2257 τῆς
1325 2222 1389 2256 μιᾶς
1403 2222 1591 2258 παραφυλακὴ
1622 2223 1670 2249 καὶ
1697 2223 1801 2257 συντή-

155 2279 244 2306 ρησις,
260 2271 308 2297 καὶ
330 2271 380 2302 τὰς
401 2270 484 2302 ἀλλας
503 2270 604 2305 ὁμοίως
624 2270 674 2305 τῆς
690 2269 863 2305 ἀκαθαρσίας
895 2270 943 2299 καὶ
964 2270 1105 2305 βδελυρίας
1133 2267 1299 2303 καθαρεύειν
1329 2268 1363 2295 δι’
1391 2269 1501 2304 ἐκείνης
1522 2269 1715 2303 ἀσφαλίζεται,
1732 2269 1798 2297 οὐδὲ

154 2320 233 2346 τοῦτο
244 2319 276 2346 ἂν
289 2318 332 2354 εῐη
359 2319 409 2354 τῆς
427 2318 569 2354 πολιτικῆς
593 2318 721 2354 προνοίας
739 2318 786 2345 καὶ
816 2318 1001 2354 ἁγιοπρεποῦς
1016 2318 1157 2353 ἀλλότριον
1172 2315 1379 2348 καταστάσεως.

387 2364 552 2398 ρυαετιο
569 2364 652 2393 xvm
673 2364 779 2401 {twn}.

1274 2363 1443 2390 ΕΡΩἸῊΣΙΣ
1457 2363 1511 2391 lH'.

156 2423 292 2456 Quomodo
312 2422 511 2458 intelligendum
533 2422 611 2455 illud,
636 2431 645 2447 ι
668 2421 726 2449 Νοη
746 2422 885 2456 app-trabis
905 2430 934 2449 co

1036 2419 1069 2454 Bc
1080 2419 1207 2455 νοητέον
1221 2421 1255 2448 τὸ
1270 2441 1277 2454 ,
1296 2430 1306 2447 ι
1336 2421 1398 2447 Οὐκ
1412 2420 1534 2456 ὀφθήσῃ
1555 2421 1645 2454 κενὸς
1658 2421 1799 2450 ἐναντιον

412 2467 470 2485 ram
488 2466 528 2485 me
545 2466 643 2485 vacuus
654 2458 667 2484 ?
690 2467 699 2482 ι

1343 2464 1440 2490 paup

467 2504 538 2529 Edita
548 2511 562 2528 a
573 2502 646 2533 Maio,
658 2504 675 2528 l.
687 2509 720 2532 c.,
731 2509 755 2534 p.
769 2503 807 2533 l7,
826 2502 851 2527 in
861 2503 941 2528 Exod.
953 2509 1021 2533 xxm,
1034 2502 1082 2532 15;
1103 2508 1190 2532 xxxxv,
1203 2502 1246 2532 1ος
1258 2502 1364 2528 Denter.
1382 2509 1433 2532 xvr,
1445 2501 1484 2527 16.

191 2548 310 2582 Quidam
332 2547 416 2582 igitur
428 2548 524 2575 dicunt
544 2555 606 2574 eum
632 2545 679 2581 qui
698 2545 782 2573 Deum
805 2545 949 2573 adoratum

157 2595 234 2622 vertit
245 2599 374 2630 oportere
394 2598 422 2622 et
441 2593 511 2621 dona
528 2593 634 2620 liberali
649 2600 731 2620 manu
761 2592 860 2620 oﬂ‘erre
872 2601 880 2626 ;
894 2600 949 2620 non

158 2648 288 2677 tauquam
305 2641 377 2672 Deus
392 2641 435 2668 bis
460 2640 592 2676 indigeat,
606 2639 717 2676 (quibus
729 2639 803 2667 enim
821 2639 893 2667 Deus
907 2640 951 2667 in-

157 2688 249 2723 digere
265 2686 385 2723 possit?)
413 2687 461 2714 sed
483 2691 613 2722 tanquam
633 2686 764 2713 beneficia
784 2690 849 2713 tunc
875 2686 950 2713 acci-

158 2732 215 2768 piat
229 2733 253 2760 is
267 2732 315 2767 qui
330 2739 445 2759 munera
460 2732 550 2759 olTert.
562 2731 677 2765 Quando
691 2732 753 2767 quis
766 2731 838 2758 enim
850 2731 950 2766 dignus

159 2783 289 2806 censetur
299 2777 347 2813 qui
362 2777 417 2805 Deo
429 2777 535 2806 fructus
551 2779 659 2810 oll‘orat,
674 2783 701 2805 et
714 2778 848 2805 internam
868 2777 952 2812 pieta-

161 2830 215 2852 tcm
232 2833 280 2860 per
301 2830 416 2853 externa
432 2825 542 2858 revolet,
569 2830 596 2854 et
618 2825 804 2854 mediantibus
818 2824 951 2860 placami-

200 2883 228 2900 "'
238 2883 314 2912 Psal.
334 2892 417 2916 XLVII.
439 2884 483 2912 18.

1038 2545 1118 2577 Τινὲς
1143 2545 1193 2581 μὲν
1219 2543 1266 2572 οὖν
1283 2553 1366 2580 φασιν
1395 2545 1433 2578 ὼς
1460 2545 1578 2573 ἀπιόντα
1606 2547 1799 2581 προσκυνῆσαι

1003 2591 1064 2628 Θεῷ
1077 2592 1120 2618 δεῖ
1140 2592 1188 2619 καὶ
1198 2591 1272 2628 δῶρα
1296 2588 1491 2628 προσάγεινῶν
1505 2592 1522 2627 ή
1536 2593 1598 2628 χεὶρ
1609 2591 1736 2627 εὔπορος,
1748 2592 1800 2628 οὐχ

1003 2639 1041 2670 ὡς
1053 2639 1082 2666 ἐν
1090 2639 1170 2674 χρείᾳ
1177 2638 1279 2666 τούτων
1287 2638 1460 2670 καθεστῶτος
1469 2638 1548 2665 Geo-3'
1560 2639 1634 2670 τίνος
1643 2639 1698 2674 γὰρ
1708 2638 1741 2665 ἂν
1753 2638 1797 2674 εἴη

1004 2685 1071 2717 Θεὸς
1086 2685 1239 2720 προσδεής;
1254 2684 1319 2711 ἀλλ’
1342 2684 1380 2716 ὡς
1405 2684 1638 2720 εὐεργετουμένου
1658 2679 1798 2711 κάνταῦθα

1002 2731 1051 2758 τοῦ
1061 2732 1256 2766 προσάγοντος”
1272 2732 1301 2757 ὲν
1312 2726 1334 2765 ᾧ
1347 2731 1399 2766 γάρ
1410 2740 1452 2763 τις
1466 2731 1589 2764 ἀξιοῦται
1607 2731 1796 2766 καρποφορεῖν

1003 2777 1082 2812 Θεῷ,
1099 2778 1146 2804 καὶ
1167 2777 1222 2804 τῶν
1242 2777 1315 2804 ἔνδον
1339 2777 1385 2804 διὰ
1408 2777 1463 2804 τῶν
1488 2777 1568 2810 ἐκτὸς
1592 2777 1797 2804 ἀνακαλύπτειν

1007 2822 1164 2856 εὐσέϐειαν,
1179 2823 1227 2851 καὶ
1245 2822 1428 2851 συνάπτεσθαι
1442 2821 1488 2850 διὰ
1512 2824 1602 2859 μέσων
1623 2822 1677 2850 τῶν
1694 2821 1798 2858 μειλιγ-
