1882 3075
107 157 143 189 Ml

443 158 492 188 AD
504 157 800 188 AMPHILOCHIUM
819 155 994 193 QUIESTIO
1012 156 1105 193 XVII,
1127 157 1237 194 XVIII,
1258 157 1339 187 XIX.

1665 158 1716 191 142

106 215 179 248 μάτων
187 213 213 240 τὸ
220 213 326 248 πλάσμα
333 213 373 248 τῷ
381 213 524 246 πλάσαντι,
533 214 579 240 τοῦ
592 214 640 249 μὲν
649 213 713 241 ἴλεω
719 213 863 248 δεχομένου

937 214 1007 240 tibus
1030 217 1185 240 creaturam
1210 213 1356 249 eonjungat
1377 214 1520 248 Creatori,
1544 216 1629 244 altero
1654 217 1716 252 qui-

103 260 139 285 hS
148 261 170 286 δὲ
177 259 268 292 πιστῶς
284 260 329 286 καὶ
341 259 490 294 προθύμως
505 259 646 295 φέροντος,
657 260 717 292 πῶς
725 260 774 286 οὐκ
788 259 821 286 ἃν
829 260 872 295 εῐη

104 306 236 340 θαυμαστῆς
248 306 376 340 προνοίας
389 306 435 333 καὶ
452 306 613 341 εὐεργεσίας
636 306 788 337 ἀπόλαυσις
801 327 808 339 ,
823 306 872 332 καὶ

103 352 123 378 τί
133 353 159 377 ἐν
172 351 228 378 ἄλλο
243 352 266 378 εί
279 351 315 387 μὴ
328 351 407 378 τοῦτο
422 352 464 387 εἴη
484 352 553 387 πρὸς
563 351 724 388 εὐεργεσίαν
741 351 789 379 καὶ
802 352 870 386 πρό-

103 406 159 423 νοιαν
177 398 210 432 τῷ
225 397 322 432 λογικῷ
346 397 408 432 ζώῳ
435 398 644 434 σπουδαιότερον
668 406 698 424 τε
714 398 761 424 καὶ
774 397 872 433 τιμιώ-

101 453 163 478 τερον
173 452 179 474 ;
189 444 212 470 τί
225 444 251 470 δὲ
263 444 438 480 χαριέστερόν
463 453 493 471 τε
511 445 558 471 καὶ
579 444 710 480 ηδύτερον
724 453 732 477 ;
747 444 789 479 εἴη
804 444 827 471 δ’
838 443 871 471 ἃν

101 490 137 515 καὶ
167 489 377 524 προσφιλέστερον
414 490 513 525 μᾶλλον
537 490 586 521 τὰς
620 490 722 526 ἀρετὰς
755 489 870 516 ἐνταῦθα

103 536 138 561 καὶ
149 535 192 570 τὴν
204 535 339 561 εὐσέϐειαν
365 535 476 566 ἐννοεῖν,
490 531 527 562 ὧν
542 536 572 561 οὐ
589 535 667 562 κενὸν
688 535 815 561 οὐδέποτε
830 534 871 561 δεῖ

100 581 242 608 κατενώπιον
268 582 384 617 ὁρᾶσθαι
396 581 473 608 Θεού“
495 583 509 608 ὁ
525 581 580 616 γὰρ
603 580 705 616 ἀρετῆς
721 581 767 607 καὶ
790 581 869 607 εὐσε-

99 628 156 658 6είας
178 628 358 663 κεκενωμένος
375 649 384 661 ,
413 628 464 654 xiv
478 628 544 663 δοκῇ
563 627 705 664 προσιέναι
720 627 789 662 Θεῷ,
812 626 868 654 οὔτ’

99 673 123 700 ἂν
142 674 225 707 δψεται
253 674 320 700 Θεὸν
344 673 406 700 οὔτε
435 674 584 709 ὀφθήσεται
608 674 654 700 ὑπ’
677 673 770 700 αὐτοῦ·
786 675 800 700 ὁ
815 674 869 708 γὰρ

97 720 176 754 ἀσεϐὴς
205 721 252 746 οὐκ
275 720 373 754 ΰψεται
401 719 479 753 δόξαν
495 719 574 746 Θεοῦ·
598 719 660 746 οὐδὲ
682 719 868 754 διηγήσεταιὸ

97 766 230 801 ἁμαρτωλὸς
253 766 288 792 τὰ
313 765 487 801 δικαιώματα
516 764 598 792 αὐτοῦ
611 774 617 780 ·
637 765 694 792 ἀλλ’
709 765 770 791 οὐδὲ
785 763 868 798 γινώ-

97 820 142 838 σκει
160 811 252 847 Κύριος
276 812 340 839 οὐδ’
360 812 503 847 εὐμενείας
526 811 630 846 ὄμματι
643 811 692 838 καὶ
706 811 868 843 οἰκειώσεως

96 855 178 892 καθορᾷ
196 857 256 888 τοὺς
283 857 335 892 τῆς
351 856 465 892 ἀνομίας
479 856 610 892 ἐργάτας.
631 856 794 890 Ἀναγκαῖον
818 855 865 882 οὖν

95 901 123 932 ὡς
135 902 196 936 δῶρα
222 903 271 934 τὰς
299 903 402 937 ἀρετὰς
430 902 477 929 καὶ
503 901 552 937 τὴν
578 901 721 928 εὐσέϐειαν
733 903 763 928 ὲν
788 902 862 937 ψυχῇ

96 948 212 983 ςέροντας,
225 948 295 975 οὕτω
325 948 468 983 προσιέναι
493 947 553 983 Θεῷ
575 947 624 974 καὶ
647 948 679 974 τὸ
697 948 863 983 πρόσταγμα

95 995 192 1030 πληροῦν
209 995 236 1021 τὸ
251 994 415 1021 δεσποτικὸν
438 994 468 1021 τὸ
482 993 737 1029 παρακελευόμενον
752 1015 759 1026 ,
778 1003 787 1019 ι
806 993 863 1021 Οὐκ

92 1042 176 1077 ὀφθήσῃ
188 1042 260 1074 κενὸς
287 1042 412 1069 ἐναντίον
427 1050 490 1076 μου.
505 1051 514 1067 ι
530 1041 634 1076 Πρέποι
656 1040 684 1067 δ’
695 1040 728 1067 ἂν
741 1041 792 1067 κάν
807 1042 864 1073 τοῖς

93 1087 213 1122 περὶΘεοῦ
235 1087 287 1114 ,καὶ
308 1088 390 1114 θείων
408 1087 519 1123 ζήτημα
546 1089 585 1122 μὴ
614 1086 694 1114 κενὸν
719 1086 864 1118 εὐλαϐείας

93 1135 144 1168 μηδὲ
156 1134 338 1169 πνευματικῆς
360 1133 529 1169 ἀνακρίσεως
544 1131 625 1159 εἶναι·
641 1133 656 1159 ὁ
667 1133 722 1167 γὰρ
747 1132 863 1168 ψυχικὸς

91 1179 205 1213 ἄνθρωπος
216 1179 245 1206 οὐ
255 1179 368 1214 δέχεται
381 1178 416 1205 τὰ
425 1178 472 1205 τοῦ
483 1178 648 1214 πνεύματος,
657 1178 717 1204 οὐδὲ
731 1179 744 1204 ὁ
758 1178 864 1213 ἰταμῶς

91 1226 233 1261 ἑτιρῤίπτων
257 1226 358 1252 ἑαυτὸν
373 1227 428 1257 τοῖς
451 1225 617 1260 θεοπρεπὲσι
644 1224 799 1260 ζητήμασιν
815 1224 862 1251 οὖ-

91 1279 168 1303 μενουν
176 1272 222 1298 οὐκ
236 1272 269 1298 ἂν
279 1271 428 1307 ἁνιχνεύσῃ
438 1271 486 1306 τὴν
495 1271 636 1306 ἀλήθειαν,
650 1280 660 1297 ι
674 1272 785 1306 Ζητεῖτε
797 1271 862 1306 γὰρ⁹

91 1317 150 1349 φησὶ,
163 1317 206 1343 καὶ
217 1317 246 1344 οὐ
259 1317 430 1352 λαμϐάνετε,
447 1317 514 1344 διότι
526 1317 619 1349 κακῶς
631 1317 750 1352 ζητεῖτε.
770 1317 800 1345 ⁸0
813 1318 864 1352 μέν

89 1371 119 1388 τοι
129 1364 301 1399 πνευματικὸς
316 1364 364 1391 σὺν
374 1364 502 1400 εὐλαϐείᾳ
512 1364 667 1391 διασκοπῶν
675 1373 704 1391 τε
717 1364 764 1391 καὶ
771 1364 864 1400 ἐπιζη-

90 1409 130 1434 τῶν
138 1409 166 1435 τὰ
175 1409 218 1436 τοῦ
233 1410 405 1444 πνεύματος,
414 1407 490 1442 οὗτος
499 1410 539 1442 είς
550 1409 659 1444 εὕρεσιν
670 1409 720 1445 τῆς
730 1409 862 1446 ἀληθείας

89 1455 190 1487 ἁςὶξεται
216 1457 264 1483 καὶ
285 1456 338 1491 τῆς
349 1456 469 1492 σπουδῆς
484 1457 514 1483 οὐ
531 1456 771 1491 διαψευσθήσεται·
782 1455 866 1491 ἀψευ-

88 1499 123 1534 δὶῖς
139 1501 184 1536 γὰρ
198 1503 270 1529 ἐστιν
284 1503 301 1529 ὸ
322 1502 518 1537 ὑποσχόμενος·
540 1512 550 1528 ι
566 1503 671 1529 Αἰτεῖτε
685 1522 692 1536 ,
709 1503 757 1530 καὶ
783 1502 864 1538 6007'}—

89 1554 147 1573 σεται
163 1548 234 1582 ὑμῖν·
246 1548 378 1584 κρούετε,
396 1549 443 1576 καὶ
456 1549 634 1585 ἀνοιγήσεται
649 1550 723 1585 ὑμῖν.
743 1559 752 1572 -

325 1606 495 1633 ΕΡΩΤΗΣΙΣ
522 1607 572 1634 ΙΘ’.

87 1663 138 1698 Πῶς
149 1667 300 1706 ςξυιᾼξστιν
317 1665 457 1706 ἐναντίον
471 1665 504 1706 τε)
520 1665 650 1706 ,ιέῖονηι
670 1665 751 1706 ’ζὸοὐ
758 1664 864 1706 ’πάντα

114 1702 179 1740 ttulit
193 1703 274 1740 λίαν,
289 1711 305 1740 ι.
318 1702 368 1728 καὶ
380 1701 414 1727 τὸ
428 1701 502 1740 μετὰ
514 1701 612 1740 ,ταῦτα
624 1700 797 1740 ἐφιδιελςεῖν,
812 1700 863 1726 ναί

113 1735 198 1770 τὰμὲν
207 1736 264 1763 τῶν
272 1736 355 1767 ζώων
365 1735 597 1771 κιιθαρὰλέγειν,
604 1738 640 1764 τὰ
647 1737 681 1763 δὲ
690 1736 860 1770 ἀκάθαρτα;

874 1613 896 1642 C

923 258 984 286 dem
1008 258 1089 285 hilari
1102 259 1180 286 vultu
1199 259 1361 294 accipiente,
1387 261 1472 288 altero
1486 265 1576 289 autem
1598 262 1715 290 ﬁdeliter

923 309 949 331 et
963 303 1092 331 ardenter
1108 304 1249 337 afferente,
1272 306 1410 340 quomodo
1428 314 1482 334 non
1505 315 1538 333 eo
1552 312 1625 335 esset
1640 308 1715 335 mira:

922 349 1101 384 providentia:
1128 355 1156 377 et
1182 350 1360 385 benignitatis
1374 351 1486 378 fruitio?
1511 352 1543 379 Et
1557 353 1623 388 quid
1637 354 1713 380 aliud

923 395 1046 422 benelicit
1070 400 1117 424 aut
1130 397 1318 431 providentia',
1337 397 1494 424 rationabili
1510 403 1644 427 creaturae
1664 399 1713 426 de—

922 442 1100 470 siderabilius
1116 448 1143 470 et
1155 443 1306 478 pretiosius
1321 443 1413 471 esset?
1425 443 1494 476 Quid
1513 450 1603 472 autem
1624 453 1712 473 amoe-

921 489 984 516 nius
1010 495 1036 516 et
1060 489 1187 516 dulcius?
1207 489 1304 524 Aptius
1328 495 1419 517 autem
1439 495 1513 518 esset
1536 491 1572 518 ibi
1598 492 1712 520 virtutes

921 540 948 562 et
972 535 1099 570 pietatem
1128 536 1290 571 intelligere,
1313 536 1413 570 quibus
1435 544 1575 571 nunquam
1594 545 1712 565 vacuum

921 585 1029 616 oportet
1053 588 1144 608 coram
1173 580 1228 608 Dee
1243 588 1394 615 apparere;
1417 580 1462 616 qui
1478 581 1550 608 enim
1569 581 1670 609 virtute
1685 586 1713 610 et

920 624 1020 658 pietate
1039 629 1123 655 caret,
1140 625 1265 659 quamvis
1278 625 1401 652 videatur
1416 626 1449 652 ad
1471 625 1554 653 Deum
1569 627 1710 658 accedere,

920 678 1010 706 tneque
1024 671 1083 706 ipse
1097 671 1200 698 videbit
1216 671 1312 704 Deum,
1340 679 1429 706 neque
1445 680 1460 699 a
1477 672 1531 699 Deo
1555 673 1710 707 videbitur;

921 717 1022 751 impius
1037 718 1109 744 enim
1128 726 1182 744 non
1197 718 1300 746 videbit
1311 718 1427 754 gloriam
1440 719 1486 746 Dei
1501 729 1508 752 ;
1524 727 1612 754 neque
1629 728 1710 747 enar—

919 763 993 791 rabit
1009 769 1137 798 peccator
1160 764 1282 799 justitias
1302 767 1371 799 ejus.
1390 765 1484 800 Neque
1508 771 1602 793 noseet
1619 765 1711 793 Domi-

918 817 971 837 nus
984 818 1073 845 neque
1088 810 1285 838 benevolentia
1308 816 1336 838 et
1357 811 1486 838 amicitia:
1509 812 1599 839 oculis
1618 812 1709 840 intue-

918 853 993 882 bitur
1009 862 1057 882 eos
1074 855 1121 890 qui
1145 855 1247 889 injuste
1265 860 1360 891 agunt.
1376 856 1494 884 Necesse
1508 861 1550 885 est
1563 857 1646 892 igitur
1662 865 1710 886 eos

880 890 901 919 Β
916 901 962 936 qui
979 908 1029 934 pro
1047 901 1128 929 donis
1143 902 1258 930 virtutes
1271 890 1299 930 et
1323 903 1451 938 pietatem
1468 905 1495 931 in
1511 890 1604 931 animo
1619 904 1711 932 ferunt

912 947 946 974 ad
960 946 1043 974 Deum
1055 948 1185 976 accedere
1195 953 1222 976 et
1236 953 1405 985 praeceptum
1420 949 1593 978 Dominicum
1617 951 1709 978 adiut-

912 993 997 1028 plere,
1008 995 1048 1022 sic
1061 995 1210 1022 adhortans
1222 1003 1229 1021 :
1247 1004 1255 1021 ι
1268 994 1327 1023 Non
1340 996 1484 1032 apparebis
1498 1004 1591 1024 coram
1603 1005 1647 1024 me
1661 1005 1711 1024 va-

913 1047 992 1068 cuus.
1018 1050 1027 1066 )
1048 1040 1162 1068 Deceret
1185 1046 1276 1069 autem
1305 1047 1332 1069 et
1358 1043 1525 1077 quaestiones
1549 1043 1582 1070 de
1601 1043 1657 1070 Deo
1683 1048 1711 1071 et

913 1086 1013 1114 divinis
1036 1095 1091 1114 non
1113 1087 1256 1122 prudentia
1275 1093 1302 1115 et
1317 1088 1456 1122 spirituali
1474 1088 1579 1124 judicio
1604 1097 1708 1117 carere.

912 1133 1047 1161 Animalis
1061 1133 1134 1160 enim
1154 1133 1236 1161 homo
1251 1142 1306 1161 non
1324 1135 1442 1170 percipit
1453 1142 1484 1162 ea
1500 1143 1561 1170 qua:
1574 1139 1639 1162 sunt
1653 1135 1709 1170 spi-

913 1179 993 1212 ritus,
1007 1187 1096 1214 neque
1108 1180 1153 1214 qui
1166 1187 1196 1207 se
1208 1184 1310 1208 temere
1321 1181 1346 1208 in
1359 1181 1464 1208 divinas
1476 1181 1562 1217 injicit
1577 1182 1709 1216 quaestio-

912 1234 961 1253 nes
979 1226 1152 1259 investigabit
1169 1227 1323 1254 veritatem.
1351 1227 1480 1261 Quaeritis
1503 1227 1587 1261 enim,
1607 1228 1709 1263 inquit,

913 1277 940 1300 et
963 1280 1017 1300 non
1041 1273 1190 1308 percipitis,
1220 1273 1284 1308 quia
1308 1273 1380 1301 male
1395 1273 1528 1308 quaeritis.
1551 1273 1710 1308 Spirituaiis

914 1319 1024 1354 quidem
1044 1320 1192 1355 prudenter
1207 1320 1368 1348 examinans
1387 1324 1415 1348 et
1434 1320 1578 1355 inquirens
1591 1329 1621 1348 ea
1646 1329 1714 1356 qua:-

914 1372 979 1394 sunt
990 1366 1113 1402 spiritus,
1124 1367 1167 1394 ille
1179 1366 1213 1394 ad
1220 1367 1343 1395 veritatis
1359 1367 1546 1395 inventionem
1560 1368 1709 1402 perveniet.

915 1421 965 1441 nec
979 1421 1046 1442 suus
1057 1421 1119 1441 eum
1130 1413 1211 1441 ardor
1223 1413 1401 1441 frustrabitur
1416 1423 1423 1441 :
1439 1422 1495 1442 non
1510 1414 1584 1442 enim
1593 1415 1710 1444 mendax

915 1465 958 1488 est
970 1461 1014 1487 ille
1027 1461 1073 1496 qui
1085 1461 1223 1496 pollicitus
1239 1466 1282 1490 est
1298 1471 1304 1488 :
1320 1471 1329 1487 ‹
1341 1461 1440 1497 Petite,
1453 1466 1481 1490 et
1495 1462 1604 1491 dabitur
1617 1462 1712 1497 vobis;

916 1507 1035 1542 pulsate,
1053 1512 1080 1536 et
1100 1508 1238 1543 aperietur
1254 1508 1333 1537 vobis
1347 1509 1382 1536 ⁸¹.
1403 1519 1413 1536 ι

1092 1605 1259 1641 QII/E5110
1277 1606 1339 1634 xxx
1360 1607 1409 1644 [αι.
1430 1607 1536 1645 xvnl].

921 1663 1060 1697 Quomodo
1082 1672 1134 1691 non
1155 1665 1222 1692 inter
1238 1673 1265 1691 se
1291 1666 1492 1693 adversantur:
1512 1675 1522 1691 ‹
1541 1665 1609 1693 Ecce
1622 1667 1712 1695 omnia

952 1699 1065 1734 pulo/ira
1079 1700 1168 1730 nimis.
1187 1711 1197 1725 ι
1212 1705 1237 1726 et
1248 1708 1306 1735 qua:
1317 1701 1436 1735 sequitur
1448 1701 1554 1732 divisio,
1567 1709 1627 1728 cum
1642 1702 1712 1728 diri-

953 1740 996 1761 tur
1012 1735 1067 1761 alia
1087 1735 1192 1768 quidem
1211 1743 1244 1762 ex
1269 1736 1429 1763 animalibus
1446 1744 1501 1763 esse
1524 1737 1635 1770 munda,
1653 1738 1712 1764 (diu

948 1779 1007 1797 vero.
1022 1770 1178 1797 immunda?

327 1828 400 1853 Edita
411 1835 424 1852 a
435 1826 508 1857 Maio,
519 1828 536 1852 ι.
559 1834 591 1856 e.,
603 1833 627 1858 p.
644 1827 727 1851 18-90.
739 1827 778 1852 An
789 1826 823 1851 sit
838 1824 1002 1852 contradictio
1017 1825 1083 1850 inter
1094 1826 1157 1851 Gen.
1169 1832 1186 1854 I,
1199 1826 1227 1850 31
1247 1829 1274 1850 et
1287 1826 1350 1851 Gen.
1366 1833 1407 1856 vn,
1420 1826 1436 1849 ἓ

114 1880 188 1907 Πολλὰ
202 1882 251 1916 μὲν
269 1881 318 1907 οὖν
334 1880 367 1907 ἄν
376 1889 417 1912 τις
432 1881 503 1907 εῐποι
521 1880 584 1914 περὶ
594 1879 698 1914 ταύτης
711 1879 762 1913 τῆς
779 1879 864 1914 ζητή-

86 1934 146 1958 σεως·
160 1928 203 1953 καὶ
213 1928 267 1963 γὰρ
279 1927 330 1954 καὶ
343 1926 397 1952 τῶν
412 1927 465 1962 πρὸ
479 1926 558 1961 ἡμῶν
585 1926 635 1952 οὐκ
651 1925 736 1959 ὀλίγοι
759 1925 864 1960 ταύτην

86 1973 236 2001 ἑπελύσαντο⁸
251 1975 327 2001 εῐποι
341 1973 364 2000 δ’
375 1973 408 2000 ἄν
420 1981 462 2004 τις
486 1973 516 2000 οὐ
543 1972 638 2007 πόρρω
655 1973 705 2008 τῆς
719 1971 863 2006 ἀκριϐείας

86 2021 225 2055 ᾷερόμενος,
256 2021 296 2053 ὼς
316 2020 368 2047 οὐκ
382 2019 509 2055 ἀλλήλοις
522 2019 552 2045 τό
577 2027 607 2045 τε
621 2018 744 2054 καθαρὸν
761 2019 808 2045 καὶ
834 2017 863 2044 τὸ

84 2066 158 2092 καλόν·
168 2067 204 2102 τῷ
222 2067 272 2102 μὲν
289 2066 347 2101 γὰρ
365 2065 439 2101 καλῴ
456 2066 486 2092 τὸ
506 2065 600 2097 κακὸν,
614 2064 654 2100 τῷ
671 2064 693 2090 δ’
710 2063 859 2098 ἀκαθάρτῳ

951 1878 1038 1905 Multa
1061 1878 1173 1913 quidem
1193 1878 1227 1905 de
1258 1879 1309 1906 hac
1334 1879 1487 1913 quzestione
1508 1879 1562 1906 dici
1587 1885 1695 1914 possent

915 1923 1024 1952 Etenim
1037 1928 1064 1951 et
1078 1929 1141 1951 ante
1155 1932 1205 1951 nos
1222 1932 1275 1950 nan
1291 1925 1368 1958 pauci
1388 1932 1448 1952 eam
1467 1925 1621 1952 solverunt.
1650 1925 1706 1952 Non

915 1970 996 2005 longe
1019 1977 1035 1997 a
1059 1971 1176 1997 veritate
1199 1970 1308 1997 abesset
1330 1971 1377 2005 qui
1405 1971 1509 1998 diceret
1524 1971 1595 1999 inter
1611 1980 1640 1999 se
1656 1979 1690 2000 nt-

915 2016 1016 2051 opponi
1040 2016 1173 2044 mundum
1188 2022 1215 2044 et
1236 2018 1402 2052 pulchrum;
1424 2018 1538 2053 pulchro
1555 2018 1628 2045 enim
1652 2026 1686 2047 m;

911 2062 990 2095 ’lum,
1015 2063 1158 2090 immundo
1187 2067 1279 2090 autem
1307 2064 1441 2091 mundum
1454 2072 1486 2092 ex
1505 2064 1620 2093 adverso
1648 2070 1692 2093 est

83 2112 105 2136 τὸ
114 2113 405 2148 καθαρὺνδιαμάχεται·
416 2111 569 2147 ἀκάθαρτον
579 2111 607 2137 δὲ
616 2111 662 2137 καὶ
671 2110 754 2137 καλὸν
764 2110 814 2136 οὐκ
825 2109 858 2136 ἂν

937 2109 1082 2136 tmundum
1093 2117 1160 2136 vero
1172 2114 1199 2136 et
1213 2110 1358 2144 pulchrum
1373 2119 1427 2138 non
1444 2116 1572 2138 accurate
1588 2119 1696 2146 oppone

82 2159 116 2192 εἴη
132 2168 159 2193 τε
181 2161 212 2196 τῇ
231 2168 264 2194 γε
285 2158 415 2194 ἀκριϐείᾳ.
429 2158 594 2193 ιιιαχόμειινον⁸
610 2158 635 2184 εί
652 2157 702 2192 μὲν
715 2156 761 2183 οὖν
774 2155 860 2182 εἰπὼν

937 2160 1015 2182 ειιιυτ.
1030 2155 1059 2182 Si
1070 2164 1135 2189 ergo
1148 2161 1298 2191 postquam
1315 2157 1421 2184 dixerat
1436 2166 1443 2184 :
1457 2166 1466 2183 ‹
1484 2157 1582 2184 Omnia
1597 2157 1710 2192 pulchra

83 2204 227 2239 ἔμπροσθεν,
243 2215 252 2232 ‹
267 2206 364 2232 Πάντα
382 2203 452 2231 καλά
468 2204 538 2237 λίαν,
553 2213 562 2228 ι
574 2203 687 2238 ὕστερον
695 2203 818 2237 ἐπήγαγε
826 2201 859 2227 τὰ

937 2201 997 2234 dde,
1013 2211 1022 2227 ι
1038 2202 1136 2229 deinde
1152 2203 1313 2238 subjecisset
1324 2203 1376 2230 alia
1393 2203 1502 2238 quidem
1514 2212 1574 2232 esse
1586 2203 1709 2238 pulchra,

84 2249 122 2282 μὲν
132 2251 214 2278 αὐτῶν
226 2249 299 2277 εἶναι
310 2249 390 2280 καλὰ,
404 2249 438 2276 τὰ
447 2249 475 2275 δὲ
481 2248 580 2284 φαῦλα,
591 2248 670 2275 τοῦτο
683 2249 717 2275 ἂν
726 2248 768 2283 εἴη
787 2256 861 2283 παρ-

939 2247 963 2274 ia
993 2253 1085 2274 autem
1120 2248 1200 2280 mala,
1215 2248 1278 2275 inde
1293 2254 1452 2276 nasceretur
1464 2249 1624 2282 dillieultas;
1639 2257 1709 2284 quo-

82 2295 130 2329 ἔχον
136 2297 162 2322 τὸ
169 2298 218 2323 im
223 2305 281 2332 ρον·
290 2296 352 2322 ἐπεὶ
364 2296 393 2322 δὲ
404 2294 475 2321 καλὰ
485 2283 546 2321 λίαν
559 2294 645 2321 είπὼν
660 2294 694 2322 τὰ
709 2293 758 2330 μὲν
772 2292 862 2320 αὐτῶν

937 2293 988 2319 iam
1005 2301 1081 2325 vero,
1095 2298 1239 2328 postquam
1253 2294 1323 2322 dixit
1337 2295 1450 2329 pulchra
1469 2294 1560 2327 nimis,
1571 2295 1623 2322 alia
1639 2283 1710 2321 adir-

80 2341 149 2376 ὶτησε
161 2343 269 2378 καθαρὰ
280 2343 330 2376 ,τὰ
338 2342 367 2368 δὲ
379 2341 534 2377 ἀκάθαρτα,
545 2340 596 2376 τὴν
610 2340 701 2376 μάχην
721 2339 861 2374 διέφυγεν·

81 2385 138 2413 οὕτω
152 2388 199 2422 μὲν
218 2388 252 2414 ἂν
277 2386 432 2422 κοινότερον
454 2387 487 2413 ἄν
506 2395 549 2417 τις
574 2386 647 2413 εἴποι
672 2385 720 2412 καὶ
747 2384 864 2419 λογικώ-

80 2439 154 2466 τερον.
168 2433 272 2460 Ἐκεῖνο
279 2433 309 2460 δὲ
319 2433 409 2464 δεϊτις
424 2431 549 2465 συνιδεῖν,
560 2431 598 2464 ὡς
609 2432 638 2458 τὸ
650 2431 699 2466 μὲν
716 2431 788 2457 καλὰ
802 2431 864 2457 λίαν

80 2478 155 2506 πάντα
174 2477 243 2506 εἶναι
260 2479 308 2505 ἐπὶ
328 2479 378 2514 τῆς
398 2478 452 2505 τῶν
474 2477 732 2513 δημιουργηθέντων
755 2476 864 2511 φύσεως

82 2524 178 2560 εἶρηταυ
189 2526 219 2553 τὸ
228 2526 258 2553 δὲ
269 2526 390 2562 καθαρὸν
399 2525 446 2551 καὶ
454 2524 607 2559 ἀκάθαρτον
619 2523 664 2550 ἐπὶ
673 2523 721 2558 τῆς
733 2523 808 2556 παρὰ
815 2522 870 2550 τῶν

81 2570 214 2607 ἀνθρώπων
227 2574 367 2609 χρήσεως·
391 2571 489 2607 χρῆσις
499 2571 528 2597 δὲ
554 2571 600 2596 καὶ
611 2570 691 2605 φύσις
705 2568 868 2604 παμπόλλην

81 2617 156 2650 ’έχουσι
164 2619 211 2654 τὴν
221 2619 356 2654 διαφοράν
367 2626 376 2634 ο
385 2617 470 2644 πολλὰ
479 2617 528 2652 μὲν
539 2616 593 2652 γὰρ
604 2618 638 2652 τῇ
645 2616 724 2650 φύσει
734 2616 792 2642 ἐστὶ
806 2615 866 2642 λίαν

81 2665 180 2698 χρηστὰ.
199 2667 257 2697 τοῖς
280 2664 433 2700 χρωμένοις
452 2664 480 2690 δὲ
501 2663 606 2698 γίνεται
619 2662 679 2689 λίαν
695 2661 811 2698 πονηρὰ,
831 2661 863 2688 οὐ

83 2711 143 2746 παρὰ
153 2713 207 2743 τοῖς
218 2712 270 2746 τὴν
279 2712 383 2738 ἑαυτῶν
399 2710 489 2745 φύσιν,
500 2710 569 2736 ἀλλὰ
583 2718 620 2736 πα
626 2709 659 2745 ρὰ
667 2709 717 2743 τὴν
732 2709 784 2735 τῶν
795 2717 862 2743 χρω-

83 2756 156 2789 μέιων
169 2757 337 2792 φαυλότητα·
354 2756 401 2783 καὶ
416 2756 459 2782 ἵνα
472 2757 528 2788 τοῖς
540 2755 732 2790 προκειμένοις
744 2755 760 2790 ἡ
770 2754 862 2785 πίστις

84 2803 119 2828 ui
134 2804 265 2839 ἑτέρωθεν
277 2804 387 2839 ἐπιστῇ,
400 2803 499 2830 αὐτίκα
514 2802 528 2828 ὁ
539 2801 652 2838 οὐρανὸς
663 2801 692 2828 τὸ
707 2800 862 2837 θαυμαστὴν

110 2892 127 2908 "
147 2893 241 2922 Matth.
259 2902 305 2928 vn,
326 2894 351 2922 7.

917 2339 1001 2365 mavit
1012 2346 1073 2366 esse
1085 2340 1186 2366 munda
1198 2344 1224 2366 et
1239 2340 1292 2367 alia
1305 2340 1446 2368 immunda
1466 2348 1577 2367 omnem
1593 2345 1708 2367 contra-

916 2385 1062 2412 dictionem
1088 2385 1226 2420 praecavit.
1255 2385 1333 2419 Quod
1360 2387 1470 2421 quidem
1490 2386 1666 2414 eommunius
1680 2391 1709 2413 et

915 2431 1104 2459 ralionabilius
1118 2431 1171 2459 diei
1189 2436 1290 2466 posset.
1307 2432 1422 2467 Oportet
1436 2437 1525 2459 autem
1541 2436 1568 2459 et
1589 2432 1642 2459 hoc
1664 2431 1710 2459 in-

918 2477 1048 2512 telligere,
1069 2477 1135 2505 illud
1151 2477 1261 2512 quidem
1278 2478 1370 2505 omnia
1389 2477 1502 2512 pulchra
1512 2484 1573 2505 esse
1583 2477 1618 2504 de
1629 2485 1708 2505 erea-

921 2528 1044 2550 turarum
1052 2529 1148 2550 natura
1158 2525 1278 2558 dictum;
1291 2525 1458 2551 immundum
1467 2531 1532 2551 vero
1540 2528 1567 2551 ει
1574 2524 1709 2552 mundum

918 2569 952 2596 de
968 2577 1018 2596 usu
1042 2570 1076 2597 ab
1093 2570 1250 2598 hominibus
1269 2570 1402 2598 faciendo.
1427 2569 1498 2598 Usus
1515 2571 1589 2598 enim
1612 2574 1639 2598 et
1659 2579 1709 2598 na-

916 2621 976 2643 tura
1001 2617 1115 2643 nmltum
1144 2617 1215 2644 inter
1226 2625 1256 2644 se
1270 2617 1409 2644 differunt.
1438 2617 1520 2644 Multa
1548 2625 1646 2652 nempe
1661 2625 1709 2644 na-

913 2666 976 2690 tura
994 2663 1072 2690 valde
1090 2663 1161 2690 bona
1177 2668 1252 2695 sunt.
1269 2663 1409 2691 utentibus
1425 2669 1515 2691 autem
1540 2664 1609 2691 ﬁunt
1631 2664 1709 2691 valde

916 2708 997 2740 mala,
1014 2716 1066 2735 non
1084 2714 1193 2743 propter
1216 2709 1338 2744 ipsorum
1364 2715 1502 2742 naturam,
1525 2709 1574 2737 sed
1596 2715 1708 2745 propter

917 2755 1051 2785 utentium
1082 2755 1225 2782 malitiam.
1252 2755 1285 2782 Et
1308 2760 1338 2782 ut
1365 2756 1581 2791 prateedentibus
1597 2756 1663 2784 lides
1679 2761 1708 2784 et

917 2801 1026 2828 aliunde
1039 2800 1210 2835 adhibeatur,
1228 2802 1328 2830 cmlum
1351 2803 1443 2830 statim
1459 2803 1537 2831 adest
1550 2802 1711 2832 mirandum
