1882 3075
165 137 218 171 M3
742 152 874 184 ΡΗΟΤΙΙ
894 154 935 183 ΡΑ

1026 155 1150 185 ΚΒΕΗΑΕ
1164 156 1219 185 CP.
1750 159 1802 192 1-H

160 201 188 248 et
203 197 352 233 perlectum
365 207 436 235 opus
452 201 523 230 inter
536 210 567 230 ea
582 211 645 240 qua:
656 206 736 236 valde
752 210 865 242 pulchra
876 215 935 238 sunt

1026 210 1084 238 >ὖτο
1098 212 1146 237 καὶ
1163 212 1245 246 σοφὴν
1266 211 1454 248 φιλοτέχνημα
1475 212 1530 240 τῶν
1545 211 1606 241 λίαν
1620 214 1679 242 ἐστὶ
1700 216 1801 244 καλῶν·

160 240 195 271 lis
210 248 304 272 autem
320 245 367 280 qui
382 246 447 275 illud
462 248 593 286 eillngunt
615 252 716 282 animal
740 240 836 285 videns
857 261 885 285 et
906 265 935 285 ra

1026 257 1060 288 »ἴς
1073 257 1102 283 δὲ
1114 257 1184 290 ζῶον
1199 240 1320 294 iptio-xcv
1331 240 1456 286 αὐτὸκαὶ
1469 240 1581 294 λογικὸν
1596 240 1645 288 καί
1659 261 1725 289 Θεὸν
1737 264 1803 290 ἀνα-

160 290 234 319 tione
249 292 392 327 praeditum
408 298 435 322 et
455 294 554 329 Deum,
565 298 667 334 quique
682 308 737 329 non
754 302 888 336 Creatori,
904 312 935 332 se

1026 303 1133 336 λάσασι,
1146 304 1195 331 καὶ
1208 290 1332 331 ἀντὶγτοῦ
1344 290 1515 341 Δημιουργού
1526 306 1566 341 τῷ
1579 306 1803 344 δημιουργήματι

158 342 293 366 creatura:
308 341 510 370 venerationem
528 349 669 379 praestant.
693 351 720 375 et
732 349 835 383 quibus
850 349 935 379 liceba

1026 357 1034 376 λ
1063 349 1146 382 σέϐας
1171 350 1292 386 ἁνάψασι
1305 372 1312 384 ,
1330 351 1379 378 καὶ
1401 348 1442 383 οἷς
1461 351 1521 384 ἐξὸν
1542 353 1592 388 μὲν
1606 341 1743 389 ηχρῆσθαι
1757 355 1795 387 ὡς

157 392 190 412 co
214 385 252 413 uti
265 388 497 420 quemadmodum
522 396 650 420 creatura
679 394 765 422 utitur
788 403 949 432 conservus,

157 429 210 458 illis
224 438 292 460 sane
302 433 376 467 quod
391 439 497 463 natura:
507 437 724 471 pulcherrimum
731 447 802 474 erat.
810 429 949 471 funestum

153 481 183 503 rt
199 478 350 511 pessimum
371 481 560 515 constituitur,
579 484 648 511 nihil
663 478 773 520 quidem
788 489 906 524 propria:
922 494 950 517 et

155 521 286 557 ingenitae
296 525 511 559 pulchritudinis
529 530 671 564 amittens,
685 533 732 559 sed
743 521 855 568 propter
873 535 949 563 insa-

153 574 219 595 nam
237 576 437 599 conservorum
451 573 595 603 audaciam
611 580 639 603 et
658 577 774 605 abusum
792 584 947 608 extremum

155 614 258 643 malum
283 615 338 643 illis
359 617 461 645 factum
481 628 488 645 :
505 619 599 655 itaque
612 621 687 649 aliud
701 627 744 650 est
757 628 863 652 natura:
885 626 947 660 pul-

154 658 293 694 chritudo,
303 662 410 690 etaliud
423 671 525 699 pravus
539 665 622 701 hujus
631 673 738 697 naturae
748 678 824 698 usus.
846 658 945 700 omnia

153 704 238 742 Igitur
257 707 363 737 ratione
385 714 491 739 natura:
512 712 591 741 valde
606 714 722 748 pulchra
749 721 828 750 sunt;
849 726 945 746 eorum

153 759 219 780 vero
225 761 292 782 usus
301 762 355 783 nun
364 757 493 786 omnibus
504 758 605 791 bonus,
614 768 702 796 neque
713 762 837 790 omnium
846 764 945 793 similis

153 805 208 826 non
223 799 306 828 modo
319 801 434 832 relative
445 803 478 832 ad
493 804 645 834 humanam
660 811 800 841 naturam,
816 809 864 836 sed
872 809 944 838 alio-

151 852 213 874 rum
233 846 268 874 ad
284 847 348 877 alia.

186 889 313 920 Forsitan
325 899 418 923 autem
435 895 480 924 illa
494 896 596 925 solutio
610 897 647 925 ad
659 898 800 934 propriam
816 902 943 935 pervenit

151 937 390 974 perspicuitatem;
419 942 467 972 sed
492 943 583 972 adhuc
606 946 721 980 propius
741 947 862 975 eundum
888 953 940 976 est.

150 983 244 1019 Itaque
266 986 384 1017 dicimus
403 988 464 1022 hoc,
490 991 584 1018 ornnia
609 1000 708 1029 nempe
728 1001 791 1022 esse
812 994 884 1023 bona
906 995 940 1023 ad

149 1031 300 1060 creationis
324 1038 352 1061 et
378 1039 483 1063 naturae
498 1037 632 1064 rationem
651 1038 766 1072 referri;
789 1039 855 1068 illud
874 1049 940 1069 vero

149 1076 202 1104 alia
218 1085 313 1106 eorum
335 1087 397 1108 esse
417 1082 533 1116 munda,
551 1086 578 1111 et
591 1083 643 1112 alia
661 1083 802 1113 immunda
829 1094 883 1113 non
905 1095 939 1114 an

147 1124 295 1152 creationis
309 1134 398 1162 neque
419 1131 535 1162 natura,
560 1129 607 1158 sed
633 1130 667 1158 ad
691 1131 821 1160 sacriﬁcii
843 1137 871 1160 et.
888 1133 939 1161 hu-

145 1176 235 1198 mane
248 1172 386 1207 opinionis
400 1173 557 1208 rationem;
587 1177 692 1204 creatio
716 1183 809 1206 autem
832 1184 859 1207 et
887 1188 938 1207 na-

147 1219 208 1245 tura
221 1217 254 1247 ad
268 1218 425 1253 opinionem
441 1225 467 1250 et
480 1223 648 1253 sacriﬁcium
666 1233 720 1254 non
734 1231 793 1254 rata
807 1235 937 1256 mensura

145 1262 334 1298 dirimuntur,
363 1269 515 1301 praesertim
540 1271 684 1299 sacriﬁciis
710 1276 738 1299 et
760 1272 937 1307 opinionibus

144 1314 200 1335 nou
216 1308 313 1338 iisdem
329 1313 443 1340 omnino
466 1314 494 1342 in
508 1315 605 1343 eodem
618 1316 724 1351 judicio
739 1318 894 1353 stantibus;
910 1324 938 1348 et

144 1354 209 1388 quia
226 1363 280 1384 non
305 1357 340 1385 ab
359 1359 438 1387 initio
451 1361 602 1390 creationis
623 1363 677 1391 alia
692 1364 804 1398 quidem
823 1373 892 1401 pura
909 1371 938 1394 et

144 1400 198 1430 alia
212 1401 320 1438 impura
335 1404 594 1442 distinguebantur,
609 1417 643 1437 ex
660 1411 778 1445 quadam
795 1400 859 1440 vero
879 1412 935 1440 cir-

144 1450 310 1478 cumstantia
335 1451 407 1480 hanc
429 1453 612 1482 dilIerentiatn
633 1462 809 1491 acceperunt.
832 1458 937 1495 [Egyp-

145 1494 190 1522 tiis
205 1496 278 1523 enim
291 1498 362 1532 apud
376 1507 447 1534 quos
459 1499 610 1530 lsraelitica
619 1510 687 1538 gens
697 1504 834 1533 serviebat
849 1494 935 1534 multa

144 1542 275 1570 animalia
290 1549 319 1571 ut
334 1545 399 1573 deos
415 1547 607 1576 venerantibus
617 1568 625 1580 .
642 1557 705 1577 cum
720 1550 755 1578 iis
769 1551 848 1579 valde
869 1559 936 1580 sane

1002 395 1136 430 κτίσματι
1153 396 1199 423 τὸν
1213 396 1372 432 ὁμόδουλον,
1384 396 1489 428 τούτοις
1507 398 1540 432 δὴ
1569 397 1674 430 τούτοις
1686 399 1718 426 τὸ
1733 400 1801 427 κάλ-

1002 441 1093 468 λιπον
1121 443 1154 478 τῇ
1182 442 1286 477 φύσει,
1305 442 1428 479 ὀλέθριόν
1455 451 1484 470 τε
1502 444 1549 470 καὶ
1580 444 1712 472 κάκιστον
1736 447 1800 473 ἁνα-

999 487 1138 514 δείκνυται
1157 507 1165 520 ,
1188 487 1267 515 οὐδὲν
1298 487 1348 522 μὲν
1373 487 1439 515 αὐτὸ
1468 489 1518 523 τῆς
1539 489 1645 521 οἰκείας
1670 491 1718 517 καὶ
1742 491 1795 526 έμ-

1000 533 1085 567 φύτου
1103 533 1237 569 καλλονῆς
1264 534 1402 561 ἀποὸαλὺν
1414 553 1423 566 ,
1445 534 1520 570 παρὰ
1548 534 1577 561 δὲ
1591 534 1640 570 τὴν
1651 536 1800 572 ἀγνώμονα

998 579 1053 606 τῶν
1065 579 1220 615 ὁμοδούλων
1232 580 1336 615 τόλμαν
1354 581 1402 607 καὶ
1415 580 1592 616 παραχρησιν
1610 581 1726 616 ἔσχατον
1747 583 1799 609 αὺ-

995 627 1054 657 τοῖς
1070 626 1155 653 κακὸν
1170 627 1292 661 γεγονός·
1304 626 1391 658 οὕτως
1407 627 1502 662 ἕτερον
1529 628 1589 653 ἐστι
1607 628 1715 662 φύσεως
1731 628 1800 655 καλ-

997 672 1061 709 λονὴ
1077 674 1126 701 καὶ
1151 675 1249 710 χρῆσις
1275 675 1459 710 ἀπρόσφορος·
1484 675 1575 702 πάντα.
1601 676 1651 710 μὲν
1668 674 1715 703 οὖν
1737 677 1799 703 λίαν

996 720 1068 747 καλὰ
1082 721 1121 756 τῷ
1134 721 1207 755 λόγῳ
1218 722 1268 756 τῆς
1284 722 1403 756 φύσεως*
1419 723 1436 754 ἡ
1450 721 1479 748 δὲ
1492 721 1596 749 τούτων
1615 723 1714 758 χρῆσις
1734 723 1799 750 οὕτε

996 767 1064 794 πᾶσι
1088 768 1169 804 καλὴ,
1182 767 1245 794 οὔτε
1262 768 1371 795 πάντων
1393 768 1485 804 ὁμοία.
1501 768 1532 795 οὒ
1555 768 1635 804 μόνον
1660 770 1728 804 πρὸς
1746 770 1799 806 τὴν

994 813 1171 849 ἀνθρωπίνην
1208 814 1439 850 παραϐαλλομένη
1467 815 1549 849 φύσιν
1561 835 1569 849 ,
1585 815 1650 843 ἀλλ’
1667 816 1728 843 οὐδὲ
1741 817 1798 844 τῶν

995 858 1084 886 ἄλλων
1097 859 1168 895 πρὸς
1182 859 1298 893 ἄλληλα.

1030 907 1108 941 Τάχα
1121 907 1150 933 δὲ
1167 907 1222 933 οὐδ’
1240 908 1256 942 ὴ
1273 907 1351 940 λύσις
1378 907 1447 944 αὕτη
1469 909 1537 944 πρὸς
1562 909 1611 944 τὴν
1638 908 1796 941 ἰδιάζουσαν

993 952 1112 987 κατῆλθε
1140 953 1302 988 σαφήνειαν,
1328 953 1394 980 ἀλλ’
1411 955 1452 981 ἐτι
1466 955 1508 981 δεῖ
1527 955 1651 982 κατιέναι
1666 956 1796 991 πλησιαί-

991 1005 1081 1032 τερον·
1098 996 1139 1024 διό
1154 1005 1244 1031 φαμεν
1258 997 1289 1023 τὸ
1309 997 1357 1032 μὲν
1372 997 1443 1025 καλὰ
1462 999 1522 1025 λίαν
1545 996 1616 1025 εἶναι
1632 999 1732 1032 πάντα,
1747 1001 1788 1032 είς

990 1043 1037 1070 τὸν
1056 1043 1105 1078 τῆς
1119 1043 1302 1079 δημιουργίας
1317 1045 1365 1071 καὶ
1375 1044 1485 1078 φύσεως
1496 1045 1576 1079 λόγον
1591 1046 1791 1081 ἀναφέρεσθαν

990 1089 1021 1116 τὸ
1034 1089 1063 1115 δὲ
1078 1089 1112 1116 τὰ
1132 1089 1183 1123 μὲν
1211 1089 1301 1116 αὐτῶν
1313 1088 1384 1116 εἶναι
1398 1090 1516 1126 καθαρὰ,
1539 1091 1573 1118 τὰ
1588 1091 1617 1118 δὲ
1632 1092 1788 1128 ἀκάθαρτα,

989 1135 1051 1162 οὐδὲ
1065 1136 1105 1168 εἰς
1120 1135 1166 1161 τὸν
1181 1135 1232 1170 τῆς
1246 1134 1441 1171 δημιουργίας,
1468 1136 1530 1163 οὔτε
1550 1137 1604 1174 μὴν
1622 1139 1664 1170 εἰς
1681 1138 1728 1165 τὸν
1743 1140 1792 1174 τῆς

989 1182 1108 1216 φύσεως,
1127 1180 1186 1207 ἀλλ’
1200 1182 1242 1212 εἰς
1254 1181 1301 1208 τὸν
1313 1181 1365 1216 τῆς
1389 1181 1486 1214 θυσίας
1511 1183 1560 1209 καὶ
1574 1183 1624 1218 τῆς
1649 1184 1792 1218 ἀνθρωπί-

989 1218 1224 1262 νηςλύπολήψεως·
1235 1226 1401 1262 δημιουργία
1410 1227 1438 1254 δὲ
1451 1227 1500 1255 καὶ
1514 1228 1596 1263 φύσις
1610 1229 1678 1264 πρὸς
1692 1230 1794 1265 ὑπόλη-

987 1271 1034 1307 ψιν
1043 1272 1090 1299 καὶ
1101 1271 1208 1303 θυσίαν,
1216 1273 1276 1299 οὐδὲ
1288 1271 1362 1308 ῥητῷ
1373 1272 1466 1308 μέτρῳ
1479 1273 1696 1310 διατειχείζεται,
1710 1275 1792 1309 μάλι-

988 1318 1040 1345 στά
1049 1327 1080 1352 γε
1090 1318 1143 1345 τῶν
1155 1318 1256 1346 θυσιῶν
1267 1319 1375 1345 καὶτῶν
1389 1319 1550 1355 ὑπολήψεων
1564 1321 1622 1356 οὐχὶ
1634 1321 1690 1348 τῶν
1699 1321 1791 1349 αὐτῶν

986 1364 1031 1391 διὰ
1045 1364 1146 1396 παντὸς
1160 1365 1206 1391 ἐπὶ
1216 1365 1265 1399 τῆς
1275 1365 1360 1400 αὐτῆς
1373 1365 1525 1400 ίσταμένων
1539 1367 1667 1402 κρίσεως*
1684 1368 1732 1394 καὶ
1747 1368 1791 1395 ὅτι

987 1410 1047 1437 οὐδ’
1058 1410 1106 1437 ἀπ’
1117 1410 1206 1446 ἀρχῆς
1213 1411 1264 1445 τῆς
1277 1410 1460 1446 δημιουργίας
1473 1412 1507 1438 τὰ
1520 1412 1570 1446 μὲν
1581 1412 1700 1446 καθαρὰ,
1709 1413 1744 1440 τὰ
1760 1413 1791 1441 δὲ

987 1455 1134 1490 ἀκάθαρτα
1148 1455 1327 1482 διεστέλλετο·
1343 1456 1398 1483 ἀπό
1408 1464 1480 1490 τινος
1495 1457 1524 1484 δὲ
1538 1459 1725 1494 περιστάσεως
1739 1460 1790 1495 τὴν

986 1501 1120 1537 διαφορὰν
1135 1501 1238 1536 ταύτην
1267 1501 1386 1534 ἐδέξατο.
1404 1503 1563 1538 Αίγυπτίων
1576 1504 1631 1542 γὰρ
1651 1506 1681 1532 ὲν
1701 1502 1743 1537 οἷς
1758 1505 1789 1532 τὸ

995 1546 1191 1582 Ἰσραηλιτικδν
1216 1546 1292 1579 ἔθνος
1320 1548 1433 1583 ὲθήτευε
1466 1549 1552 1577 πολλὰ
1576 1550 1630 1577 τῶν
1649 1551 1729 1582 ζώων
1748 1553 1790 1584 είς

144 1587 267 1622 pulchris
280 1589 350 1618 male
370 1595 524 1625 uterentur,
549 1601 584 1622 ne
606 1600 634 1623 et
651 1595 798 1625 Israelitica
815 1606 882 1634 gens
906 1599 933 1627 in

1026 1591 1058 1618 Iw
1070 1591 1261 1628 ἀναφερόντων
1286 1593 1380 1626 σέὸας,
1389 1595 1539 1631 ἐπειδήπερ
1557 1596 1648 1628 αὐτοῖς
1657 1596 1718 1623 λίαν
1729 1597 1789 1624 οὖσι

145 1633 220 1662 hunc
235 1636 384 1670 pessimum
400 1646 480 1666 usum
494 1640 677 1670 abduceretur
690 1648 718 1671 et
730 1633 853 1672 divinum
875 1645 937 1673 cul-

143 1681 202 1707 tum
219 1678 308 1710 brutis
323 1683 477 1720 adhiberet,
490 1686 632 1716 immunda
647 1688 692 1715 illa
708 1689 847 1724 legislator
860 1689 936 1727 Moy-

143 1733 190 1754 ses
212 1728 310 1756 marito
339 1732 524 1766 nuncupavit;
555 1741 608 1761 non
634 1734 708 1762 enim
737 1743 770 1763 ex
787 1737 936 1765 creatione

143 1770 325 1802 lmmunditia:
352 1777 568 1813 participabant,
597 1780 690 1813 absit,
718 1788 808 1816 neque
835 1787 935 1810 natura

143 1816 286 1848 immunda
311 1828 401 1855 erant,
427 1825 476 1853 sed
494 1833 549 1854 non
578 1828 691 1860 munde,
709 1828 825 1863 profane
840 1834 933 1857 autem

141 1871 168 1893 et
184 1867 266 1904 impie
292 1870 376 1899 nimis
388 1871 552 1908 Egyptiaca
571 1875 646 1903 natio
664 1876 698 1904 iis
716 1877 853 1904 utebatur.
875 1876 934 1904 Etsi

141 1918 208 1958 vero
221 1915 346 1950 quaedam
362 1925 456 1946 eorum
469 1927 530 1954 quae
547 1921 618 1956 apud
639 1921 783 1958 Egyptios
797 1924 836 1952 dii
850 1925 934 1953 habe-

141 1957 253 1993 bantur,
268 1967 298 1989 ut
313 1963 407 1990 hovem
421 1969 449 1992 et
464 1965 583 2000 hircum,
598 1967 625 1994 iu
648 1957 814 1997 mundorqu
835 1978 934 1999 nume-

142 2013 202 2034 rum
218 2006 324 2043 Moyses
342 2010 445 2042 retulit,
459 2012 528 2040 nihil
545 2018 642 2041 contra
655 2015 813 2050 praedictam
828 2017 931 2045 doctri-

140 2060 204 2082 nam
237 2062 328 2090 neque
354 2061 450 2085 contra
479 2059 621 2094 proprium
654 2069 767 2096 scopqu
799 2062 931 2097 perfecit;

139 2099 241 2127 etenim
251 2107 347 2127 eorum
361 2109 421 2136 qua:
440 2103 513 2138 apud
526 2112 574 2132 eos
588 2109 618 2132 ut
633 2105 671 2133 dii
684 2107 855 2141 colebantur,
878 2109 931 2136 alia

139 2145 250 2179 quidem
272 2146 412 2176 immunda
435 2157 546 2183 vocans,
566 2151 619 2179 alia
634 2156 726 2180 autem
746 2154 928 2182 immolationi

139 2195 167 2219 et
186 2192 311 2228 sanguini
339 2199 366 2222 et
382 2196 464 2224 morti
478 2204 590 2230 vovens,
612 2198 647 2225 ab
672 2206 768 2227 eorum
793 2201 868 2228 cultu
891 2200 930 2229 ls-

137 2238 259 2281 raclitas,
269 2244 297 2270 et
303 2247 319 2268 a
327 2240 428 2270 damno
436 2242 493 2271 illis
501 2243 563 2272 inde
571 2250 700 2273 nascente
706 2254 739 2281 pa
744 2247 808 2275 riter
816 2247 929 2279 avertit;

137 2279 210 2320 quod
225 2286 297 2314 enim
321 2287 535 2318 abominandum
562 2296 605 2319 est
630 2296 658 2320 et
682 2279 881 2322 immolandum
903 2300 931 2323 et

136 2330 217 2366 cptilo
231 2339 427 2367 praeparatum.
452 2343 507 2363 non
527 2337 603 2365 credi
626 2343 717 2373 potest
731 2346 794 2367 esse
807 2339 875 2367 deus
895 2340 930 2368 ab

136 2377 171 2406 iis
185 2378 233 2414 qui
252 2378 289 2408 ita
301 2380 395 2409 animo
406 2381 572 2411 alﬁciuntur.

167 2495 253 2531 igitur
267 2498 370 2526 creatio
387 2499 432 2527 Dei
447 2507 530 2535 opera
542 2501 633 2528 omnia
645 2502 722 2529 valde
737 2503 850 2538 pulchra
865 2512 927 2540 pro-

133 2541 225 2576 duxit;
240 2547 268 2570 et
278 2549 373 2571 natura
388 2546 510 2573 omnium
524 2550 565 2574 est
577 2548 697 2583 optima;
714 2549 854 2577 hominum
862 2558 926 2578 vero

134 2588 226 2616 insani
241 2594 269 2617 et
279 2590 387 2626 exleges
405 2600 473 2620 usus
487 2594 572 2621 multa
588 2603 620 2622 ex
638 2595 737 2623 creatis
755 2595 927 2631 profanando

133 2634 186 2662 alla
217 2636 328 2671 quidem
362 2637 513 2666 existimari
551 2645 579 2668 et
613 2641 745 2676 appellari
785 2642 926 2670 immunda

133 2680 267 2711 fet-erunt.
284 2682 337 2709 alia
353 2689 429 2716 vero,
444 2685 494 2712 etsi
508 2685 579 2713 hanc
596 2687 631 2714 ab
649 2687 820 2715 iminunditia
841 2689 928 2716 deno-

132 2726 312 2755 minationem
350 2727 515 2765 eﬂ‘ugerunt,
544 2737 635 2759 tamen
666 2733 746 2761 iidem
779 2742 847 2762 usus
880 2735 927 2761 Dei

132 2774 223 2801 amico
248 2781 359 2802 causam
386 2777 559 2811 prtebuerunt
582 2779 665 2806 altera
691 2781 820 2808 methodo
846 2781 926 2808 inlcl-

133 2819 244 2854 ligendi,
260 2824 288 2848 et
308 2828 340 2849 ea
357 2829 373 2849 a
395 2823 587 2858 profanatione
611 2826 763 2860 eximendi;
792 2832 820 2854 cl
844 2832 927 2854 utro-

133 2873 188 2901 que
216 2867 299 2896 modo
320 2869 568 2898 ostraclitarum
595 2877 686 2901 mente
713 2874 926 2910 polytheismum

989 1638 1079 1669 καλοῖς
1089 1637 1183 1668 κακῶς
1192 1638 1364 1675 ξὲκέχρηντο,
1376 1640 1419 1667 ἴνα
1432 1641 1470 1677 μὴ
1482 1643 1529 1668 καὶ
1543 1642 1574 1669 τὸ
1590 1643 1789 1678 Ἱσραηλιτικδν

986 1683 1066 1717 γένος
1075 1683 1116 1714 είς
1125 1683 1234 1718 ἐκείνην
1247 1684 1296 1720 τὴν
1309 1684 1415 1720 φαύλην
1426 1687 1564 1722 ἀπενεχθῇ
1577 1687 1686 1722 χρῆσιν,
1697 1688 1744 1714 καὶ
1755 1688 1788 1715 τὺ

987 1728 1058 1756 θεῖον
1076 1728 1158 1762 σέϐας
1176 1730 1232 1762 τοῖς
1247 1730 1354 1765 ἀλόγοις
1373 1732 1495 1769 περιάψῃ
1510 1754 1518 1766 ,
1540 1733 1683 1768 ἀκάθαρτα
1697 1733 1787 1760 ταῦτα

986 1774 1139 1809 νομοθετῶν
1154 1777 1168 1802 ὁ
1179 1776 1283 1812 Μωσῆς
1294 1777 1407 1809 δικαίως
1433 1779 1572 1814 ὠνόμασε·
1590 1779 1705 1814 μέτοχον
1722 1780 1781 1816 γὰρ

988 1820 1163 1856 ἀκαθαρσίας
1177 1822 1227 1849 οὐκ
1240 1823 1295 1850 ἀπὸ
1315 1825 1366 1860 τῆς
1383 1825 1576 1861 δημιουργίας,
1596 1827 1699 1861 ἄπαγε.
1722 1827 1786 1853 οὐδ’

985 1868 1002 1903 ἠ
1018 1867 1100 1902 φύσις
1113 1866 1172 1904 εἶχε
1191 1870 1222 1896 τὸ
1235 1869 1391 1906 ἀκάθαρτον
1402 1891 1410 1904 ,
1425 1871 1484 1898 ἀλλ’
1508 1872 1550 1899 ὅτι
1577 1872 1608 1899 ού
1641 1873 1784 1908 καθαρῶς,

987 1913 1088 1948 μᾶλλον
1102 1914 1130 1941 δὲ
1148 1915 1272 1950 βεὸήλως
1293 1916 1354 1943 λίαν
1369 1918 1417 1943 καὶ.
1437 1918 1566 1953 ἀνιέρως,
1582 1918 1613 1945 τὸ
1623 1919 1786 1953 Αἰγυπτίων

984 1960 1061 1993 ἔθνος
1086 1961 1192 1993 τούτοις
1216 1962 1398 1997 ἐπεχρήσατο.
1416 1962 1447 1989 Εἰ
1462 1963 1490 1990 δὲ
1508 1964 1556 1990 καί
1572 1972 1633 1991 τινα
1652 1965 1708 1991 τῶν
1723 1965 1786 1992 θεο-

984 2007 1158 2041 ποιουμένων
1173 2006 1249 2043 παρὰ
1271 2009 1327 2039 τοῖς
1353 2009 1515 2041 Αἰγυπτίοις
1531 2010 1545 2035 ὁ
1558 2009 1663 2044 Μωσῆς
1687 2010 1785 2046 ὥσπερ

982 2051 1029 2078 τὸν
1042 2052 1106 2087 βοῦν
1125 2053 1171 2079 καὶ
1186 2053 1232 2080 τὸν
1256 2054 1359 2088 τράγον
1379 2055 1419 2086 είς
1433 2053 1482 2090 τὴν
1499 2055 1553 2082 τῶν
1566 2055 1696 2091 καθαρῶν
1706 2057 1784 2090 τάξιν

982 2097 1141 2134 ἀπέκρινεν,
1159 2098 1235 2125 οὐδὲν
1255 2099 1318 2126 οὐδὲ
1345 2099 1422 2134 παρὰ
1437 2101 1486 2135 τὴν
1510 2101 1695 2137 προκειμένην
1711 2102 1785 2129 θεω-

983 2144 1056 2178 ρίαν,
1069 2144 1130 2171 οὐδὲ
1150 2145 1226 2180 παρὰ
1242 2145 1289 2172 τὸν
1310 2146 1410 2172 οίκείον
1423 2147 1523 2174 σκοπὸν
1538 2147 1718 2184 διεπράξατοο
1731 2149 1783 2176 καὶ

981 2189 1036 2226 γὰρ
1053 2191 1108 2217 τῶν
1120 2190 1304 2226 θειαζομένων
1317 2194 1380 2228 παρ’
1400 2193 1493 2225 αὐτοῖς
1518 2194 1551 2222 τὰ
1576 2195 1627 2230 μὲν
1647 2195 1783 2231 βδελυκτὰ

983 2236 1102 2268 καλέσας
1116 2257 1124 2268 ,
1143 2238 1178 2264 τὰ
1201 2237 1230 2264 δὲ
1259 2240 1350 2274 σφαγῇ
1371 2241 1417 2266 καὶ
1443 2240 1539 2275 αἵματι
1560 2242 1607 2268 καὶ
1639 2242 1782 2277 ἀναιρέσει

946 2282 1056 2314 Βδοὺς,
1082 2282 1133 2317 τῆς
1164 2283 1267 2310 τούτων
1297 2284 1426 2320 λατρείας
1449 2286 1512 2318 τοὺς
1545 2287 1714 2322 Ἰσραηλίτας
1732 2288 1782 2315 καὶ

983 2329 1033 2365 τῆς
1059 2328 1173 2356 αὐτόθεν
1197 2330 1291 2358 αὐτοῖς
1328 2332 1520 2368 ἀναφυομένης
1548 2332 1650 2369 βλάϐης
1677 2334 1781 2369 ὁμοίως

983 2375 1172 2403 ἀπεκώλυσεν
1188 2376 1250 2404 οὔτε
1267 2377 1321 2413 γὰρ
1335 2377 1366 2404 τὸ
1391 2378 1536 2413 βδελυκτὺν
1563 2379 1626 2406 οὒτε
1644 2380 1675 2407 τὸ
1703 2389 1777 2415 σφα-

982 2420 1145 2456 γιαζόμενον
1169 2422 1216 2449 καὶ
1229 2422 1306 2460 θοίνῃ
1322 2423 1503 2459 προκείμενον
1525 2424 1575 2452 οὐκ
1589 2424 1623 2452 ἂν
1636 2425 1778 2462 νομισθείη

983 2467 1039 2498 τοῖς
1053 2467 1125 2494 οὕτω
1149 2467 1213 2503 περὶ
1233 2468 1302 2496 αὐτὰ
1325 2469 1508 2504 διακειμένοις
1528 2469 1599 2501 θεός.

1023 2512 1054 2540 Ἦ
1070 2513 1120 2547 μὲν
1144 2511 1191 2540 οὖν
1211 2513 1377 2550 δημιουργία
1394 2515 1442 2542 τοῦ
1466 2515 1533 2542 Θεοῦ
1552 2516 1586 2543 τὰ
1607 2516 1778 2553 δημιουργή-

982 2566 1055 2593 ματα
1065 2559 1153 2585 πάντα
1164 2559 1224 2586 λίαν
1233 2559 1303 2586 καλὰ
1316 2560 1506 2596 προηγάγετο·
1522 2561 1569 2587 χιιιῖ¹
1582 2562 1600 2596 ἡ
1615 2561 1696 2595 φύσις
1708 2563 1778 2588 πάν-

980 2612 1035 2630 των
1052 2603 1107 2638 ἔχει
1132 2604 1163 2630 τὸ
1184 2603 1315 2640 ἄριστον
1336 2604 1489 2641 ἀνθρώπων
1515 2605 1543 2632 δὲ
1560 2605 1711 2641 παράλογοι
1729 2608 1778 2634 καὶ

981 2648 1110 2684 ἔκθεσμοι
1124 2650 1238 2685 χρήσεις
1251 2649 1338 2676 πολλὰ
1354 2650 1408 2677 τῶν
1423 2650 1681 2687 δημιουργηθέντων
1696 2651 1778 2688 βεϐη-

979 2694 1111 2727 λὼσασαι,
1127 2694 1162 2720 τὰ
1173 2694 1223 2729 μὲν
1239 2694 1384 2730 ἀκάθαρτα
1408 2696 1454 2722 καὶ
1473 2695 1633 2730 νομίζεσθαι
1651 2696 1698 2723 καὶ
1723 2705 1776 2723 κει-

979 2738 1083 2765 λεῖσθαι
1095 2739 1321 2774 παρεσκεύασαν·
1337 2740 1371 2767 τὰ
1389 2740 1418 2766 δὲ
1431 2740 1483 2767 κᾶν
1499 2742 1548 2777 τὴν
1564 2741 1619 2768 ἀπὸ
1636 2742 1684 2776 τῆς
1704 2741 1776 2768 ἀκα-

980 2783 1094 2819 θαρσίας
1106 2784 1201 2819 κλῆσιν
1218 2785 1356 2820 διέφυγεν,
1371 2787 1428 2813 ἀλλ’
1444 2784 1490 2813 οὖν
1503 2787 1640 2822 παρέσχον
1660 2787 1699 2821 τῷ
1715 2787 1777 2813 0εὸ-

980 2837 1034 2865 πτῃ
1064 2829 1153 2857 αἰτίαν
1177 2831 1294 2857 συνιδεῖν
1320 2832 1403 2868 ἑτέρᾳ
1421 2833 1534 2868 μεθόδῳ,
1553 2834 1600 2860 καὶ
1622 2833 1709 2860 ταῦτα
1723 2834 1777 2872 τῆς

981 2875 1157 2911 βεόηλώσεως
1169 2877 1315 2913 ἐκτεμεῖν·
1330 2879 1376 2905 καὶ
1392 2879 1426 2905 δι’
1449 2879 1579 2915 ἑκατέρου
1602 2880 1702 2914 τρᾶπου
1720 2880 1777 2907 τῶν
