1882 3075
187 167 234 200 14Ἱ

757 169 889 200 ΡΗΟΤΙΙ
904 169 1156 200 ΡΑΤΒΙΑΒΟΗᾹΞ
1175 171 1229 201 CP.

1756 169 1815 202 1&8

185 225 322 256 conversi,
345 224 440 253 vident
466 225 684 253 misericordiam
706 226 837 254 benevole
858 235 906 254 eos
924 234 948 253 re

1042 227 1256 259 εταναστάντες,
1277 227 1397 262 εὐμενῶς
1422 227 1517 258 αὐτοῖς
1538 226 1638 262 ἐρῶσιν
1672 227 1721 262 τὴν
1745 237 1815 253 συη-

186 271 355 306 spicientem.
369 270 421 304 Qui
436 279 500 299 vero
513 272 547 299 ab
562 272 640 298 initio
654 279 683 298 se
698 272 768 298 male
776 280 857 307 agere
868 273 968 306 sciunt,

183 323 210 344 ιιι
222 318 254 344 ad
273 317 373 344 malum
398 325 477 345 suum
502 318 621 344 animum
645 318 764 351 firmant,
781 319 920 346 conversis
935 319 968 346 ad

184 364 371 399 paenitentiam
383 364 493 390 multam
505 368 601 390 contra
614 364 687 398 ipsos
701 366 883 398 praestantiam
896 373 967 400 prte-

184 411 257 437 lxent.
270 410 322 437 Alii
336 411 408 437 enim
423 410 500 436 bonis
526 410 669 437 desideriis
681 411 865 442 adllatserunt,
878 415 905 438 et
920 418 970 437 no-

184 457 268 483 lentes
288 457 313 483 in
337 457 502 483 contrariam
527 455 654 483 abierunt
675 460 794 491 partem;
812 456 856 483 alii
877 461 968 483 autem

183 503 218 528 ab
233 502 312 528 initio
336 502 406 528 mala
427 502 578 537 elegerunt,
594 508 621 529 et
635 510 729 530 eorum
746 503 878 530 sententia
894 510 968 530 mors

184 547 217 574 iis
237 548 350 580 accidit;
369 548 429 576 aliis
451 548 561 583 quidem
587 549 719 582 optimum
737 548 880 576 videbatur
895 549 968 583 quod

183 593 342 625 laudabant,
357 594 391 620 ita
404 597 433 620 ut
451 594 581 628 opinione
595 602 644 621 sua
657 594 839 628 superbirent,
853 599 880 622 et
893 602 969 621 mor-

183 643 235 665 tem
255 637 323 664 forte
338 638 428 672 potius
444 639 570 665 subirent
595 646 678 674 quam
700 647 748 666 sua
769 639 895 673 dogmata
919 639 968 666 de-

181 688 327 718 negarent;
354 683 400 711 alii
429 691 493 711 vero
518 684 619 711 malum
645 684 713 711 adeo
742 684 911 716 noscebant,
939 690 968 712 ut

182 729 290 756 nemine
301 730 382 756 etiam
397 730 511 763 sciente,
536 730 562 757 in
585 738 614 757 se
630 730 736 758 actione
753 738 803 758 sua
823 731 967 759 erubesce-

180 779 252 808 rent,
268 780 295 803 et
312 775 419 803 difﬁcile
433 776 484 803 sibi
501 776 697 811 persuaderent
711 784 740 804 se
752 784 847 804 omnes
861 776 965 812 fugere.

180 820 248 848 Cum
265 821 349 855 igitur
363 821 398 847 ab
414 821 491 848 initio
502 821 590 848 bonus
608 826 683 849 esset
703 828 814 855 seopus,
835 821 879 858 (ad
893 823 966 856 opti-

180 874 254 893 mum
277 867 350 893 enim
376 867 532 900 tendebant)
559 872 585 894 et
611 868 725 894 mutatio
748 875 797 902 per
823 867 964 895 scientiam

178 912 266 940 solido
291 912 462 940 munimento
489 913 659 947 imponetur,
687 921 750 940 vera
772 913 963 949 dijudicatione

178 966 238 986 eam
256 959 425 990 slabiliettte,
447 960 599 992 immotam,
625 963 654 986 ut
676 959 835 993 plurimum,
854 967 910 987 sum
929 961 962 987 ad

178 1005 306 1038 pietatem
321 1005 508 1032 conversionis
520 1004 574 1032 vim
595 1009 715 1032 servant.
739 1005 807 1032 Aliis
824 1013 889 1032 vero
906 1013 964 1032 ma-

178 1051 234 1077 lum
257 1055 315 1077 erat
332 1051 367 1078 ab
387 1051 448 1085 ipso
472 1050 586 1077 exordio
610 1049 785 1078 desiderium.
811 1049 870 1077 Non
889 1052 962 1078 enim

177 1104 223 1123 eos
237 1096 357 1131 fugiebat
368 1103 398 1123 se
410 1096 444 1122 ad
455 1095 609 1122 inordinata
621 1096 760 1127 accedere,
772 1100 798 1122 et
809 1096 889 1123 etiam
902 1104 963 1130 per-

176 1147 236 1168 acta
256 1141 400 1168 conversio
422 1148 476 1168 non
496 1141 717 1167 immutabilitate
731 1140 874 1168 solidatur.
890 1141 962 1169 Nihil

176 1188 249 1214 enim
271 1187 308 1213 illi
323 1187 357 1214 iis
372 1194 433 1222 qua:
449 1191 528 1214 antea
544 1186 667 1214 sciebant
678 1187 847 1221 adjecerunt,
862 1188 962 1222 quibus

178 1233 283 1260 lirmius
314 1233 517 1265 stabilirentur,
546 1233 593 1260 sed
626 1233 737 1268 propria
772 1233 895 1260 libertate
928 1233 962 1261 ad

177 1284 323 1313 utrumque
341 1283 535 1313 prorumpente
557 1278 706 1312 voluntate,
728 1287 778 1307 nec
799 1284 873 1307 certe
893 1280 963 1307 scire

176 1331 259 1358 quant
274 1324 307 1350 ad
321 1328 424 1357 partem
441 1322 604 1350 inclinatura
617 1323 654 1350 sit
670 1324 785 1356 sinente,
810 1332 864 1351 non
883 1324 962 1351 facile

177 1370 217 1396 eis
235 1368 390 1395 omnimoda
415 1368 558 1395 adhibetur
574 1368 639 1395 fides
663 1369 684 1395 si
701 1369 794 1396 dicant
809 1378 838 1397 se
855 1379 910 1398 non
928 1371 961 1398 ad

177 1414 297 1448 priorem
324 1413 456 1440 vilitatem
482 1414 618 1441 redituros
644 1422 713 1441 esse.
729 1416 814 1448 Adde,
837 1417 860 1443 si
885 1417 961 1448 velis,

176 1463 204 1485 et
220 1459 290 1485 hanc
305 1458 438 1485 rationem
457 1466 463 1484 :
479 1458 551 1493 apud
567 1459 635 1485 alios
648 1464 674 1486 et
692 1460 766 1494 prior
785 1464 812 1487 et
827 1463 962 1496 posterior

177 1503 269 1538 opinio
282 1504 377 1530 eodem
394 1504 486 1535 modo,
504 1511 539 1531 ne
555 1504 644 1531 dicam
659 1505 836 1539 posteriorem
863 1506 961 1534 fortius

1021 273 1133 308 γνώμην
1149 273 1355 300 ἐπιϐλέπουσαν·
1372 273 1397 299 οἱ
1410 273 1437 299 δὲ
1454 273 1554 307 (malev
1576 273 1626 307 μὲν
1642 273 1741 305 εἰδότες
1761 272 1814 300 ἀπ’

1020 319 1107 354 ἀρχῆς
1122 319 1153 345 τὸ
1165 319 1360 354 πραττόμενον,
1381 319 1448 354 πρὺς
1469 319 1556 345 ἐκεῖνο
1578 318 1606 345 δὲ
1621 318 1666 344 τὸν
1679 318 1741 345 νοῦν
1760 320 1815 345 άπ-

1019 366 1179 400 ερείδοντες,
1196 365 1296 401 πολλὴν
1311 365 1371 391 κατ’
1386 365 1476 391 αὐτῶν
1494 365 1658 400 παρέχονται
1671 366 1727 396 τοῖς
1741 366 1815 401 πρὶς

1020 410 1160 437 εὐσέϐειαν
1173 410 1417 446 μεταῦαλλομένοις
1428 410 1476 445 τὴν
1492 410 1640 445 ὑπεροχήν·
1657 411 1681 436 οἱ
1697 411 1744 444 μὲν
1754 412 1814 446 γὰρ

1019 455 1108 490 ὁρμῆς
1122 455 1275 490 ἀντείχοντο
1299 456 1350 490 τῆς
1365 455 1480 490 ἀγαθῆς,
1497 456 1536 486 εἰς
1550 456 1704 482 τούναντίον
1729 456 1756 482 δὲ
1772 457 1814 490 μὴ

1019 500 1098 527 τοῦτο
1111 502 1272 537 προθέμενοι
1287 501 1491 537 παρεσύρησαν·
1509 503 1564 533 τοῖς
1577 502 1606 528 δὲ
1625 501 1678 527 τῶν
1692 511 1721 528 τε
1740 503 1816 537 φαύ-

1019 547 1072 574 λων
1083 545 1118 582 ἧν
1137 548 1153 583 ἡ
1169 548 1228 574 κατ’
1252 547 1338 583 ἀρχὰς
1353 547 1469 583 αἵρεσις.
1485 548 1614 574 καὶκατὰ
1632 549 1731 574 σκοπὸν
1745 558 1814 575 suv-

1019 593 1126 620 é6atvsv
1145 594 1161 629 ἡ
1183 593 1315 620 ἀπώλεια·
1345 594 1462 625 καὶτοῖς
1478 593 1527 628 μὲν
1546 593 1633 623 οὕτως
1662 594 1750 620 ἐδόκει
1776 595 1812 620 me

1018 638 1195 674 δοξαζόμενον
1220 639 1368 673 βέλτιστον,
1386 639 1424 670 ὡς
1448 639 1611 674 ἐπιγαυριᾷν
1639 648 1668 665 τε
1691 641 1723 674 τῇ
1743 640 1812 676 δόξῃ

1018 685 1065 710 καὶ
1079 683 1192 711 Θάνατον
1210 684 1283 711 ἔστιν
1310 685 1354 711 ὅτε
1371 684 1560 719 προαιρεῖσθαι
1578 684 1632 710 τῶν
1647 684 1812 719 δεδοξασμέ-

1018 737 1071 756 νων
1094 730 1145 764 τῆς
1171 730 1339 765 ἐξομόσεωςε
1353 731 1410 762 τοῖς
1429 729 1458 756 δὲ
1472 730 1503 756 τὸ
1518 730 1601 756 κακὸν
1623 731 1668 756 ἐπὶ
1680 731 1811 757 τοσοῦτον

1018 775 1188 810 ἐγνωρίζετο,
1203 775 1240 807 ὡς
1255 777 1302 802 καὶ
1317 775 1430 811 μηδενὸς
1444 775 1543 808 ἔξωθεν
1566 776 1726 809 συνειδότος,
1743 776 1808 802 καθ’

1017 820 1130 853 ἑαυτοὺς
1147 821 1313 856 ἐπερυθριᾷν
1327 822 1359 856 τῇ
1375 821 1484 856 πράξει,
1503 821 1550 847 καὶ
1561 821 1644 856 εὐχῆς
1663 821 1746 856 ἔργον
1765 819 1810 848 εῖ-

1017 875 1060 894 ναι
1077 866 1197 901 νομίζειν
1212 866 1303 894 λαϐεῖν
1320 867 1452 898 ἅπαντας.
1472 867 1517 899 Ἐξ
1532 864 1570 894 ὧν
1591 865 1637 893 οὖν
1657 867 1703 894 ἀπ’
1716 867 1810 902 ἀρχῆς

1015 912 1116 946 ἀγαθὸς
1137 910 1170 947 ἦν
1185 912 1199 938 ὁ
1221 912 1331 944 σκοπὸς.
1345 912 1415 948 πρὸς
1429 913 1483 948 γὰρ
1502 913 1533 939 τὸ
1549 913 1658 947 ἄριστον
1677 913 1807 945 ἔϐλεπον,

1014 957 1061 984 καὶ
1076 958 1092 992 ἡ
1106 956 1239 992 μεταϐολὴ
1254 956 1386 991 προϊοῦσα
1397 957 1429 983 δι’
1440 957 1615 991 ἐπιγνώσεως
1630 958 1675 984 ἐπὶ
1687 959 1811 993 στερρᾶς

1013 1003 1144 1038 κρηπῖδος
1157 1002 1294 1034 ἐϐάλλετο,
1317 1004 1367 1038 τῆς
1393 1003 1510 1038 ἀληθοῦς
1525 1003 1609 1037 αὐτὴν
1625 1003 1810 1038 πηγνυμένης

1013 1048 1187 1083 διακρίσεως,
1205 1048 1353 1075 ἀσάλευτον
1369 1045 1441 1075 οὖτοι
1471 1048 1542 1075 κατὰ
1567 1048 1599 1075 τὺ
1617 1048 1743 1075 πλεῖστον
1754 1058 1811 1084 τη-

1015 1094 1090 1129 ροῦσι
1103 1094 1152 1128 τῆς
1168 1094 1213 1120 ἐπὶ
1225 1093 1273 1129 τὴν
1287 1093 1429 1120 εὐσέϐειαν
1444 1094 1597 1129 μεταϐολῆς
1608 1094 1638 1121 τὸ
1660 1095 1805 1130 κραταίω-

1015 1148 1062 1175 μα’
1078 1141 1133 1170 τοῖς
1145 1139 1174 1165 δὲ
1189 1139 1277 1174 φαύλη
1293 1148 1321 1165 τε
1337 1137 1370 1175 ἦν
1383 1139 1412 1171 ἐξ
1429 1139 1514 1174 αὐτῆς
1542 1139 1677 1174 κινήσεως
1688 1141 1704 1174 ἡ
1717 1141 1807 1175 ὁρμή·

1012 1186 1042 1211 οὐ
1056 1185 1109 1221 γὰρ
1117 1185 1229 1220 ἠγνόουν
1239 1185 1338 1212 ἄτοπον
1349 1185 1506 1220 ἁπτόμενοι,
1516 1185 1620 1220 καὶτῆς
1631 1186 1807 1219 μεταθέσεως

1013 1231 1200 1266 γεγενημένης
1217 1231 1276 1265 μὲν,
1286 1231 1336 1257 οὐκ
1352 1231 1467 1266 ἐχούσης
1477 1231 1506 1257 δὲ
1521 1230 1560 1266 τῷ
1571 1230 1731 1265 ὰμεταθέτῳ
1740 1239 1808 1265 στη-

1014 1277 1146 1313 ρίζεσθαι·
1159 1277 1234 1303 οὐδὲν
1249 1277 1303 1313 γὰρ
1313 1274 1386 1304 οὗτοι
1402 1277 1456 1303 τῶν
1465 1276 1701 1311 προεγνωσμένων
1721 1276 1808 1304 πλέον

1013 1329 1269 1364 προσειλήφεσαν,ὲν
1275 1326 1314 1361 οἷς
1321 1329 1354 1356 ἂν
1361 1330 1516 1364 ἐδρασθείεν
1525 1330 1737 1367 σταθερὼτερσν,
1744 1330 1808 1356 ἀλλ’

1019 1374 1220 1409 ἑπισκιρτώσης
1235 1373 1274 1408 τῷ
1287 1374 1474 1409 αὺτοδεσπότῳ
1485 1374 1534 1410 τῆς
1559 1373 1670 1409 γνώμης
1682 1374 1723 1408 ἐφ’
1734 1375 1808 1402 ἐκά-

1012 1428 1079 1455 τερα
1090 1419 1186 1455 ἄδηλόν
1199 1428 1228 1446 τε
1241 1419 1290 1455 τὴν
1302 1420 1393 1455 κρίσιν
1402 1420 1591 1455 παρεχομένης
1603 1421 1645 1454 ἐφ’
1655 1420 1669 1446 ὅ
1680 1420 1806 1455 ῥέψειεν,

1013 1465 1126 1495 εἰκότως
1139 1463 1189 1490 οὐκ
1201 1463 1274 1490 ἔστιν
1287 1464 1379 1496 αὐτοῖς
1394 1465 1486 1490 πίστιν
1502 1465 1566 1499 ῥᾷον
1586 1465 1746 1499 παρασχεῖν,
1763 1464 1806 1495 ὡς

1013 1510 1042 1536 οὺ
1053 1510 1151 1545 μηκέτι
1162 1509 1257 1545 εἴησαν
1267 1511 1307 1541 εἰς
1316 1510 1366 1545 τὴν
1377 1510 1514 1545 προτέραν
1525 1510 1681 1541 ἐπανιόντες
1699 1510 1806 1544 φαυλό-

177 1556 268 1584 agere,
290 1549 374 1576 libere
392 1549 586 1583 ostenduntur;
607 1551 653 1577 sed
672 1550 754 1585 igitur
772 1553 891 1580 secunda
909 1562 948 1580 1101

1042 1564 1090 1590 ιτα.
1106 1555 1225 1591 Πρόσθες
1239 1556 1263 1581 εἰ
1273 1555 1363 1590 βούλει
1377 1555 1500 1582 καὶδιὸτι
1511 1558 1567 1587 τοῖς
1585 1555 1634 1591 μὲν
1648 1556 1696 1582 καὶ
1707 1557 1723 1591 ἡ
1734 1564 1805 1591 προ-

177 1595 247 1623 ecdit
263 1595 356 1630 priori,
373 1599 400 1622 ut
422 1596 591 1623 multitudini
613 1603 676 1624 nota
690 1598 746 1629 tiat,
762 1597 795 1625 de
816 1599 877 1626 aliis
899 1608 963 1628 vero

177 1649 256 1668 suum
273 1647 413 1676 peccatum
431 1642 597 1677 triumphum
616 1643 680 1677 agit.
701 1643 800 1671 Amant
824 1645 896 1672 enim
914 1647 963 1674 ho-

179 1689 267 1716 mines
287 1693 314 1715 et
328 1689 415 1715 aliena
438 1689 572 1723 experiri;
594 1697 655 1723 quae
677 1697 742 1717 vero
766 1691 792 1717 in
809 1691 917 1718 silentio
936 1697 963 1720 et

177 1733 322 1761 solitudine
334 1734 423 1769 agitur
439 1735 596 1769 pmnitentia
621 1743 674 1762 non
699 1736 778 1763 modo
800 1745 849 1763 sua
864 1737 962 1765 obscu-

178 1779 258 1806 litate
281 1781 411 1815 populum
437 1780 515 1816 fugit,
539 1782 585 1808 sed
610 1782 739 1809 invidiam
767 1783 846 1811 habet
869 1791 962 1812 amare

178 1825 380 1859 inquirentem.
410 1835 463 1854 non
490 1831 581 1854 autent
603 1829 741 1856 evidenter
766 1834 793 1856 et
818 1830 961 1858 manifeste

178 1871 394 1905 purificationem
419 1873 600 1901 invenientem
617 1882 624 1900 :
645 1879 752 1908 oportet
768 1880 858 1903 autem
872 1884 961 1912 neque

177 1918 350 1950 parvulorum
371 1927 535 1954 qut-mquam
552 1921 748 1948 scandalizare.

215 1963 274 1991 Non
289 1969 376 1992 tamen
386 1965 513 1992 omnibus
524 1966 633 1993 exhibet
643 1967 848 1994 conversionem
865 1976 961 2003 quem-

176 2011 322 2038 admodum
347 2016 519 2045 peccatorum
539 2011 603 2039 olim
623 2013 806 2047 cognitionem
827 2015 959 2043 exhibuit.

1013 1600 1080 1636 τέρα
1090 1600 1153 1633 δόξει
1164 1600 1210 1626 καὶ
1220 1601 1236 1635 ή
1251 1600 1469 1636 μεταγενεστέρα
1482 1600 1553 1627 κατὰ
1565 1601 1610 1626 τὸν
1621 1601 1678 1627 ἴσον
1688 1601 1806 1635 τρόπον,

1012 1646 1057 1674 ἶνα
1073 1647 1110 1682 μὴ
1126 1646 1197 1681 λέγω
1211 1646 1258 1673 καὶ
1282 1646 1410 1678 πολλάκις
1434 1647 1599 1682 προέχουσα.
1616 1645 1807 1682 παρρησιάζε-

1012 1701 1067 1720 ταιο
1083 1692 1140 1720 ἀλλ’
1158 1692 1205 1719 οὖν
1225 1693 1275 1719 οὐκ
1302 1693 1375 1719 ἐστιν
1401 1693 1418 1727 ἡ
1445 1692 1561 1728 δευτέρα
1587 1693 1637 1728 τῆς
1665 1691 1806 1728 προτέρας

1014 1739 1081 1774 πρὸς
1094 1738 1142 1774 τὴν
1156 1738 1211 1765 τῶν
1233 1739 1339 1765 πολλῶν
1358 1739 1506 1773 ἐπίγνωσιν
1525 1738 1732 1774 δευτερεύουσα·
1745 1739 1806 1769 τοῖς

1012 1784 1040 1811 δὲ
1050 1784 1078 1811 τὸ
1090 1784 1139 1818 μὲν
1150 1784 1302 1819 ἁμάρτημα
1315 1783 1522 1818 θριαμϐεύεται·
1539 1783 1616 1818 φίλον
1630 1783 1686 1818 γὰρ
1699 1782 1807 1818 ἀνθρώ-

1013 1838 1075 1861 ποις
1093 1828 1299 1860 διακωδωνίζειν
1322 1829 1356 1855 τὰ
1381 1828 1520 1863 ἀλλότρια.⁸
1537 1829 1555 1863 ἡ
1578 1829 1607 1855 δὲ
1633 1828 1807 1864 μεταμέλεια.

1013 1877 1042 1902 ἐν
1055 1875 1155 1911 ἡσυχίᾳ
1164 1883 1193 1901 τε
1209 1875 1256 1902 καὶ
1266 1876 1422 1910 καταμόνας
1437 1875 1615 1910 πραττομένη
1629 1875 1679 1910 οὺχ
1691 1876 1732 1902 ὅτι
1749 1876 1807 1910 μό-

1013 1930 1058 1948 νον
1074 1921 1112 1956 τῷ
1129 1921 1285 1947 λανθάνοντι
1304 1921 1432 1954 ἐκφεύγει
1456 1921 1521 1952 τοὺς
1544 1920 1669 1951 πολλοὺς,
1685 1920 1742 1946 ἀλλ’
1759 1921 1807 1948 ὅτι

1013 1968 1060 1994 καὶ
1078 1968 1124 1993 τὸν
1136 1966 1231 2001 φθόνον
1252 1967 1307 2000 ἔχει
1325 1966 1423 2000 πικρὸν
1444 1966 1602 2002 ἐξεταστὴν,
1624 1967 1673 2001 οὺχ
1695 1967 1737 1993 ὅτι
1750 1976 1807 1993 πε-

1015 2012 1117 2050 ριφανῆ
1131 2012 1178 2038 καὶ
1195 2011 1344 2046 κατάδηλον
1360 2011 1410 2045 τῆς
1426 2011 1589 2046 καθάρσεως
1604 2020 1611 2026 ·
1630 2011 1710 2038 δεῖδὲ
1734 2012 1808 2047 μηδὲ

175 2055 229 2082 τῶν
242 2055 346 2091 μικρῶν
358 2056 458 2091 μηδένα
474 2057 658 2090 σκανδαλίζειν
674 2066 682 2074 ·
698 2058 828 2094 οὖμενουν
844 2061 874 2086 οὐ
889 2062 1039 2097 παρέχεται
1064 2057 1257 2094 παραπλησίαν
1287 2057 1370 2083 πᾶσιν
1396 2055 1491 2092 ὥσπερ
1517 2057 1550 2092 δὴ
1568 2057 1616 2083 τοῦ
1639 2057 1808 2093 ἐλαττώμα-

175 2110 221 2133 τος
233 2101 282 2136 τὴν
293 2101 450 2136 ἐπίγνωσιν.

363 2157 526 2191 ρωΕετιο
545 2158 606 2187 xxx
628 2160 677 2196 ιαι.
692 2160 765 2197 KX].

176 2204 303 2237 Quanam
316 2205 341 2231 in
353 2205 548 2241 nostrissacris
568 2205 676 2233 Litteris
690 2207 809 2241 subjecta
825 2208 896 2236 notio
923 2210 958 2235 sit

210 2241 335 2267 vocabulo
348 2240 487 2276 respondin
500 2248 510 2272 ;
525 2245 581 2267 tum
604 2242 654 2276 ipsi
665 2240 794 2275 videlicet,
812 2248 867 2270 tum
895 2243 956 2272 alii:

209 2277 244 2302 ud
257 2276 334 2311 hujus
345 2275 543 2302 similitudinem
559 2275 732 2312 conformati:
747 2278 920 2312 dictionibus,

1276 2156 1448 2183 ΕΡΩΤΗΣΙΣ
1465 2156 1519 2184 KA'
1527 2178 1534 2184 .

1009 2203 1075 2231 Ἐπὶ
1104 2203 1186 2235 τινος
1218 2202 1482 2238 παραλαμϐάνεται
1515 2204 1596 2237 παρὰ
1622 2204 1684 2236 τοῖς
1712 2205 1807 2238 ἱεροῖς

1041 2238 1137 2278 ἡμῶν.
1153 2238 1273 2278 λογίοις.
1295 2237 1314 2271 ἡ
1339 2237 1397 2278 ,τοῦ
1428 2239 1574 2278 ᾲπεκ-ρίθη.
1590 2239 1694 2278 φέυνήθ
1724 2237 1806 2274 αὐτῆ

1039 2272 1072 2309 τε
1090 2273 1140 2300 καὶ
1154 2272 1280 2309 τὰπαρὰ
1292 2273 1406 2306 ταύτην
1423 2273 1458 2300 ἐκ
1472 2272 1527 2308 τῆς
1541 2272 1637 2307 αὐτῆς
1654 2272 1806 2309 σχηματιὲ

1041 2308 1148 2343 ζόμενα
1166 2307 1278 2341 ,λέξεως
1286 2315 1297 2340 ;

716 2365 786 2389 Edita
799 2371 813 2389 ε
826 2364 897 2395 Maio,
910 2365 973 2390 Nov.
987 2364 1095 2396 Cellach,
1108 2367 1126 2390 t.
1139 2364 1160 2394 Ι,
1176 2371 1202 2396 p.
1219 2364 1258 2389 59.

207 2420 306 2448 LCum
320 2420 405 2447 multa
416 2419 470 2447 sint
483 2418 642 2454 multiplicis
655 2419 864 2455 signiﬁcationis
876 2427 957 2447 voca-

171 2468 246 2499 bula,
261 2467 298 2494 ita
317 2471 346 2494 ut
361 2475 414 2494 non
430 2466 509 2501 pauci
520 2471 645 2494 auctores
658 2467 755 2501 integri
770 2466 860 2501 operis
877 2474 959 2500 argn-

171 2519 292 2543 mentum
308 2515 341 2542 de
357 2514 401 2541 his
412 2513 606 2541 elaborandum
630 2513 820 2545 susceperint;
851 2512 888 2539 nil
905 2512 957 2539 mi-

171 2570 231 2589 rum
260 2561 322 2594 erit,
349 2560 447 2587 nedum
478 2559 568 2594 aliqua
604 2559 790 2587 controversia
828 2559 954 2594 dignum,

170 2607 194 2635 si
207 2615 267 2641 quae
287 2606 422 2640 ejusmodi
447 2613 527 2633 voces
546 2605 575 2632 in
597 2606 699 2632 nostris
725 2611 835 2640 quoque
863 2604 951 2631 sacris

170 2652 282 2680 Litteris
301 2652 500 2679 contineantur.
517 2650 584 2678 Nam
596 2655 623 2678 et
637 2651 709 2686 apud
728 2659 786 2683 eos,
804 2651 852 2686 qui
867 2650 955 2677 Attica

170 2699 263 2733 lingua
293 2697 414 2725 studiose
444 2701 569 2730 utuntur,
597 2704 651 2724 non
685 2697 772 2725 solum
806 2701 957 2724 occurrunt

169 2744 304 2772 dictiones
318 2744 420 2778 aliquot
434 2744 490 2771 sive
510 2744 537 2771 in
551 2743 695 2778 epidictico
709 2743 766 2770 sive
777 2743 804 2770 in
822 2743 956 2770 historico

170 2790 278 2818 dicendi
291 2797 389 2825 genere
405 2798 465 2825 qua:
480 2790 658 2818 multifariam
678 2790 887 2826 signiﬁcantiam
907 2791 956 2817 ha-

171 2836 245 2866 bent,
257 2843 348 2862 verum
363 2835 445 2862 etiam
460 2843 520 2870 quae
535 2835 562 2862 in
580 2837 734 2864 contrarios
751 2844 848 2864 sensus
872 2843 956 2862 unum

171 2880 297 2916 idctnque
318 2881 479 2910 vocabulum
500 2882 709 2916 dispertiuutur.
727 2882 847 2917 Exempli
864 2881 949 2917 gratia

1047 2423 1082 2447 α’.
1106 2419 1216 2446 Πολλῶν
1235 2419 1319 2446 ὄντων
1340 2419 1438 2453 φωνῶν
1463 2418 1641 2453 πολυσήμων,
1659 2418 1731 2445 ὣστε
1752 2421 1805 2446 καὶ

1013 2465 1205 2500 πραγματείαν
1230 2463 1376 2499 ὁλόκληρον
1395 2463 1445 2490 οὐκ
1469 2463 1571 2497 ὀλίγοις
1594 2463 1717 2490 ἐπελθεῖν
1734 2465 1804 2499 περὶ

1011 2510 1101 2537 αὐτῶν
1116 2509 1310 2545 ἐξεργάσαοαι,
1327 2508 1404 2534 οὐδὲν
1420 2507 1534 2538 ἀπεικὸς
1547 2507 1581 2534 ἂν
1594 2508 1636 2542 εἰη
1659 2507 1720 2534 οὒδέ
1735 2515 1803 2534 τινα

1010 2558 1129 2593 παρέχον
1143 2555 1268 2591 ἀπωρίαν
1279 2553 1407 2585 τοιαύτας
1419 2553 1510 2588 φωνὰς
1522 2553 1619 2588 ὁρᾶθαι
1631 2553 1681 2579 κάν
1695 2554 1751 2584 τοῖς
1762 2554 1803 2580 ἱε-

1011 2604 1069 2638 ροῖς
1081 2602 1160 2637 ἡμῶν
1173 2601 1290 2632 ἐνούσας
1299 2600 1411 2633 λογίοις·
1424 2600 1470 2626 καὶ
1483 2599 1537 2633 γὰρ
1546 2599 1610 2634 παρ’
1619 2595 1660 2630 οἷς
1673 2599 1688 2633 ἠ
1700 2599 1801 2636 ἁττικὴ

1007 2647 1186 2678 σπουδάζεται
1200 2646 1321 2680 γλῶσσα,
1349 2645 1379 2671 οὐ
1403 2644 1483 2679 μόνον
1502 2644 1574 2670 ἐστιν
1598 2644 1689 2679 εὑρεῖν
1705 2646 1802 2679 φωνὰς

1008 2695 1079 2722 κατὰ
1100 2694 1164 2724 τοὺς
1181 2691 1379 2722 ἐπιδεικτικούς
1399 2699 1429 2717 τε
1446 2691 1493 2717 καὶ
1513 2690 1666 2726 ἱστορικοὺς
1683 2691 1738 2716 τῶν
1753 2690 1801 2716 λό-

1008 2749 1065 2775 γων
1080 2740 1109 2766 τὸ
1127 2738 1285 2773 πολύσημον
1299 2737 1511 2772 ἐμποιουμένας,
1525 2736 1594 2763 ἀλλὰ
1607 2737 1655 2763 καὶ
1670 2736 1738 2772 πρὸς
1749 2737 1800 2763 ἀν-

1007 2786 1165 2821 τικειμένας
1185 2784 1306 2816 διανοίας
1330 2783 1379 2818 τὴν
1401 2783 1485 2818 αὐτὴν
1500 2783 1593 2818 φωνὴν
1611 2783 1800 2818 ἀποσχιζομέ-

1010 2842 1073 2860 νων.
1088 2833 1192 2859 Λύτίκα
1202 2831 1315 2858 Πλάτων
1328 2831 1376 2865 μὲν
1392 2829 1488 2864 ἄλοχον
1498 2830 1548 2866 τὴν
1565 2830 1699 2865 παρθένον
1711 2830 1797 2863 λέγει,

1011 2879 1058 2906 καὶ
1072 2879 1144 2905 δοκεῖ
1161 2887 1187 2905 τι
1201 2878 1282 2912 σοφὸν
1296 2877 1396 2910 λέγειν,
1414 2875 1489 2903 οῢπω
1512 2875 1566 2911 γὰρ
1587 2875 1674 2909 ἐπέϐη
1690 2874 1797 2909 λέχουςο
