1882 3075
81 165 131 198 ιιι]

571 169 617 199 AD
636 167 936 198 AMPHILOCHIUM
964 168 1138 203 OU/ESTIO
1158 169 1237 200 XXI.

1674 167 1723 200 150

78 225 144 251 ἀλλ’
154 226 169 251 ὁ
181 225 264 257 αὐτός
278 234 310 252 τε
323 226 407 253 πάλιν
423 234 471 252 και
489 225 584 252 πολλοὶ
597 226 673 253 ἄλλοι
685 226 735 261 τὴν
747 227 775 253 ὲν
790 226 819 252 λά

976 231 1009 253 lto
1024 226 1121 261 ἄλοχον
1136 227 1254 262 appellat
1268 226 1411 261 virginem,
1423 226 1584 261 videturque
1610 225 1719 259 sapien-

77 272 212 306 δευτέραν
237 273 289 299 οὐκ
316 272 428 307 ἔχοντες
448 271 536 304 τάξιν,
562 272 613 308 τὴν
631 272 779 299 συνιοῦσαν
799 272 878 306 ἀνδρὶ

75 317 146 352 too;
160 317 240 353 λέχος
260 319 429 354 σημαίνουσι
444 318 482 353 τῷ
495 318 620 353 ὀνόματι.
642 318 727 345 Πάλιν
746 318 878 353 σοφιστὴν

78 363 154 389 ἐστιν
183 363 297 390 ἀκούειν
323 364 371 391 τὸν
392 365 443 395 τὰς
454 364 568 398 λογικὰς
584 364 683 399 τέχνας
703 364 876 391 διδάσκοντα’

75 409 204 444 δεύτερον
219 410 248 437 δὲ
265 407 289 445 ᾧ
303 411 334 437 τὸ
347 411 472 438 λεκτικὸν
487 409 556 442 εἶδος
569 411 736 446 ἐπήσκηται·
753 410 800 437 καὶ
813 410 875 446 τρί-

75 464 122 482 τον
142 456 174 487 ὃς
190 465 236 488 τις
251 456 303 492 τὴν
319 457 348 483 ὲν
363 458 422 489 τοῖς
436 457 526 491 λόγοις
549 456 705 491 γυμνασίαν
729 456 784 483 τῶν
808 456 877 492 πλη-

60 500 66 512 ’
77 503 233 534 σιαζόντων
251 503 323 538 πρὸς
345 504 395 540 τὴν
411 504 621 539 ὲπηρεάζουσαν
637 503 695 539 ἔριν
711 503 876 538 διέφθειρεν.

82 549 166 576 Ἀλλὰ
184 550 244 585 γὰρ
261 551 309 577 καὶ
332 551 364 577 τὸ
385 550 514 586 σταθερὸν
528 551 559 577 οὺ
577 549 609 576 τὸ
624 550 757 584 στάσιμον
784 549 875 584 μόνον,

74 594 143 621 ἀλλὰ
162 595 261 622 καὶτὸ
284 596 412 631 ἰσχυρὸν,
437 597 485 622 καὶ
499 596 612 631 θερμὸν.
636 595 684 622 καὶ
706 595 753 628 ὀξὺ
776 596 877 630 σημαῖ-

75 649 117 666 νον
133 641 312 676 εὑρίσκεται.
333 642 388 668 Καὶ
404 641 437 677 δὴ
453 641 499 668 καὶ
517 641 548 668 τὸ
563 641 677 676 φαῦλον,
699 641 730 668 οὐ
745 641 776 667 τὸ
791 642 876 668 κακὸν

75 687 168 722 μόνον,
185 687 250 714 οὐδὲ
267 688 299 714 τὸ
315 687 463 723 μοχθηρὺν,
479 688 540 714 οὐδὲ
554 687 585 714 τὸ
601 688 734 723 ἀπρεπές·
748 687 816 714 ἀλλὰ
829 688 887 714 καὶ’

73 734 102 760 τὸ
119 735 208 769 μέγα,
225 735 273 761 καὶ
291 735 322 761 τὸ
340 735 447 770 μικρόν·
463 735 594 766 ὡσαύτως
614 735 642 761 δὲ
656 735 704 761 καὶ
719 735 748 762 τὺ
769 736 874 772 ῥᾴδιον,

74 780 117 806 καὶ
131 780 165 806 τὸ
189 780 300 806 ἁπλοῦν
323 780 372 807 καὶ⁵
396 780 543 816 ἀπόνηρον,
556 780 604 807 καὶ
619 779 651 806 τὸ
668 781 761 815 τυχὸν,
782 781 829 807 καὶ
845 779 876 806 τὸ

73 826 167 857 ἁπλῶς
186 826 364 862 περιείληφε.
382 826 437 853 Ναὶ
456 826 487 861 δὴ
504 826 553 853 καὶ
575 827 606 852 τὸ
627 826 811 853 πυνθάνεσθαι
831 826 875 853 δο-

72 871 135 898 κοῦν
153 871 227 906 πρὸς
245 872 275 899 ἒν
291 872 450 908 ἀναφέρειν,
466 872 604 906 διαφόρων
620 873 694 899 ἐστὶν
708 872 873 906 ἀποφυάδων

935 277 975 299 ter
1001 273 1164 308 loqui.quia
1186 273 1261 300 vocis
1287 273 1450 308 etymologia
1477 273 1606 300 feminam
1629 273 1720 299 innuit

933 318 985 345 tori
997 319 1087 346 adhuc
1101 324 1252 354 expertem.
1269 319 1322 346 Sed
1336 324 1425 346 tamen
1438 319 1507 346 idem
1519 319 1607 351 Plato,
1623 318 1725 353 aliique

932 364 1024 398 plures
1039 372 1092 391 non
1110 365 1250 393 inferioris
1264 365 1387 393 subsellii
1412 362 1548 396 auctores.
1576 373 1635 392 eam
1663 372 1725 400 qua:

931 409 992 436 viro
1013 410 1145 437 societate
1172 410 1285 438 thalami
1303 410 1450 444 conjmicta
1462 414 1503 437 cst
1523 410 1575 437 hoc
1591 410 1724 437 vocabulo

932 455 1086 490 indigitaut.
1109 455 1174 484 item
1200 457 1329 492 σοφιστὴν
1355 456 1474 484 dicimus
1500 461 1557 483 tum
1584 464 1645 482 eum
1676 455 1724 490 qui

932 500 1034 534 logicas
1062 501 1220 536 disciplinas
1246 502 1338 534 tradit,
1355 506 1413 529 tum
1439 502 1522 530 etiam
1547 502 1594 536 qui
1615 502 1723 529 dicendi

931 551 1017 573 artem
1031 547 1182 581 proﬁtetur,
1196 549 1277 575 tertio
1288 549 1406 582 denique
1419 549 1495 575 illum
1513 548 1560 584 qui
1580 548 1724 575 scholasti-

930 599 993 620 cum
1018 593 1175 621 auditorum
1199 602 1314 622 suorum
1337 596 1499 622 exercitium
1528 595 1563 622 ad
1599 594 1722 621 fallacem

930 639 1131 666 contentionem
1143 640 1238 668 vitiose
1252 641 1396 668 traducere
1408 641 1488 668 solet.
1508 639 1643 667 Praeterea
1660 648 1724 666 στα-

930 687 1019 723 θερὸν,
1035 695 1089 715 non
1107 688 1196 715 solum
1210 688 1316 720 stabile,
1339 696 1433 716 verum
1447 688 1530 715 etiam
1551 688 1670 714 validum
1696 692 1723 713 et

929 731 1075 764 fervidum,
1090 736 1117 759 et
1127 740 1190 759 acre
1197 733 1353 767 signiﬁcare
1361 733 1557 768 comperimus.
1567 731 1636 759 Tum
1653 731 1723 766 φαῦ-

929 777 974 804 λον
988 785 1042 805 ηοη
1058 785 1170 812 pravum
1183 779 1372 806 tantummodo
1385 785 1412 806 et
1437 779 1593 814 improbum
1622 782 1649 804 et
1678 777 1721 804 in-

929 823 1069 855 decorum,
1099 824 1147 851 sed
1164 824 1245 852 etiam
1281 832 1422 859 magnum,
1446 824 1502 851 imo
1526 827 1553 851 et
1584 830 1719 857 parvum;

929 869 1049 905 itemque
1060 869 1140 898 facile
1153 875 1182 897 et
1196 871 1311 905 simplex
1334 876 1360 898 et
1377 870 1519 897 innoxium
1533 874 1559 897 et
1581 869 1721 897 fortuitum

72 917 145 951 ῥίζα·
163 917 354 952 προϐάλλεται
365 918 420 953 γὰρ
436 919 497 944 τότε
514 918 675 952 μανθάνειν,
696 918 742 944 καὶ
755 917 786 944 τὸ
800 918 815 944 l:

976 915 1068 942 idlibet
1086 921 1114 942 et
1128 915 1306 950 incogitatum
1330 916 1452 942 denotat.
1470 914 1502 942 Et
1527 914 1637 950 quidem
1658 921 1719 941 ver-

72 963 141 998 ρεῖν,
162 964 213 990 καὶ
231 964 349 999 ἐρωτᾷν,
368 964 417 990 καὶ
434 965 537 991 τοιαῦθ’
550 965 642 999 ἕτερα.
669 964 698 990 '0
715 964 744 990 δὲ
759 963 875 995 πελανδς

70 1010 86 1043 ἡ
100 1009 177 1041 λέξις
188 1009 293 1044 πέμμα
306 1018 336 1036 τε
350 1009 381 1042 ἐξ
391 1009 508 1045 ἀλεύρου
526 1009 633 1041 θυσίαις
650 1009 809 1045 ἐπιτήδειον
823 1009 874 1046 δη-

70 1054 121 1081 ‘mi-
128 1055 210 1090 δηλοῖ
218 1056 248 1082 δὲ
258 1056 305 1082 καὶ
315 1056 361 1082 τὸν
373 1057 437 1091 περὶ
447 1055 485 1091 τῷ
496 1056 611 1091 στόματι
619 1046 763 1090 πεπηγότα
775 1055 871 1091 ἀφρόν·

70 1101 137 1127 ἀλλὰ
152 1102 206 1127 καὶ
221 1102 253 1127 τὸ
268 1101 374 1134 ὀπῶδες
389 1102 505 1137 δάκρυον
519 1102 644 1138 πεπηγός
661 1111 691 1128 τε
710 1102 758 1128 καὶ
770 1102 872 1138 ἐξηρα-

73 1147 166 1180 μένον.
183 1146 244 1174 οἷον
265 1147 367 1182 κόμμι,
389 1149 437 1175 καὶ
451 1148 485 1175 τὰ
499 1149 580 1184 ὅμοια
593 1157 600 1164 “
623 1149 671 1175 καὶ
682 1149 814 1184 τέταρτον
826 1149 872 1176 τὸν

69 1193 165 1219 ὀϐολὸν
180 1195 247 1220 ὅσον
260 1195 316 1224 τοῖς
331 1193 459 1228 μάντεσιν
472 1194 552 1221 εἴωθε
563 1194 684 1221 δίδοσθαι
697 1194 802 1229 μισθός.
817 1195 871 1221 Καὶ

70 1238 100 1264 τὸ
113 1239 203 1274 ὁμόσε
226 1239 257 1265 δὲ
283 1239 313 1265 τὸ
337 1239 480 1275 ὲπίῤῥημα
492 1240 569 1275 δηλοί
585 1241 635 1275 μὲν
652 1240 684 1266 τὸ
701 1240 868 1273 ἐξεναντίας·

70 1286 84 1318 ἡ
101 1285 130 1311 δὲ
143 1285 202 1310 τῶν
218 1285 343 1320 ἀρχαίων
360 1286 458 1320 χρῆσις
471 1285 655 1312 ἐπιδείκνυσιν
670 1285 737 1311 αὐτὸ
751 1285 798 1311 καὶ
809 1285 871 1311 ἀντὶ

69 1330 115 1356 τοῦ
134 1331 244 1365 σχεδὸν,
266 1331 314 1357 καὶ
329 1331 390 1357 ἀντὶ
405 1331 452 1358 τοῦ
473 1332 556 1365 ἐγγὺς
575 1331 870 1366 παραλαμϐανόμενον.

69 1377 105 1402 Οὐ
128 1377 184 1411 μὴν
199 1376 271 1403 ἀλλὰ
288 1377 377 1403 καὶτὸ
393 1377 441 1404 νῦν
457 1377 499 1412 δὴ,
516 1378 546 1404 οὐ
567 1377 596 1404 τὸ
609 1378 696 1413 παρὸν
711 1377 760 1413 ἤδη
779 1377 868 1412 μόνον,

68 1420 136 1446 ἀλλὰ
152 1422 204 1447 καὶ
217 1421 250 1447 τὸ
267 1421 366 1457 μικρὸν
381 1421 535 1457 ἔμπροσθεν
550 1423 661 1457 γεγονὸς
676 1413 869 1450 ὑποϐάλλεται.

73 1465 144 1501 Ἤδη
167 1466 199 1492 δὲ
227 1467 277 1493 καὶ
301 1467 331 1493 τὸ
353 1467 460 1502 κομψὸν
478 1468 535 1501 (55)
557 1469 598 1500 εἰς
621 1468 706 1495 πολλὰ
727 1468 870 1504 μερίζεται

69 1511 276 1546 σημαινόμενα·
293 1512 324 1538 τό
342 1521 372 1539 τε
385 1514 438 1549 γὰρ
451 1514 614 1549 περίτρανον
628 1515 676 1541 καὶ
690 1514 721 1541 τὸ
733 1515 868 1550 τεχνικόν.

68 1558 105 1584 Τὸ
121 1559 152 1585 δὲ
169 1559 394 1594 πολυθρύλλητον
407 1557 426 1594 ἦ
440 1559 462 1586 δ’
476 1559 514 1591 ὃς,
532 1560 578 1588 καὶ
594 1558 628 1596 ἧν
642 1561 671 1587 δ’
690 1561 758 1595 ἐγὼ,
782 1562 798 1598 ή
821 1562 868 1589 τυῦ

67 1605 218 1636 Πλάτωνος
237 1606 393 1640 φιλοτιμία’
409 1606 476 1634 ἀλλὰ
493 1607 548 1643 γὰρ
563 1607 594 1634 τὸ
605 1605 623 1642 ἦ
638 1607 660 1633 δ’
677 1607 716 1640 ὃς,
740 1608 868 1643 σημαίνει

68 1652 118 1686 μὲν
145 1651 186 1682 ὡς
202 1652 307 1679 ἐπίπαν
322 1651 353 1678 τὸ
370 1652 424 1687 ἔφη
440 1653 467 1679 δὲ
481 1651 558 1685 οὗτος
570 1662 577 1669 ·
602 1652 671 1680 ἀλλὰ
697 1654 744 1680 καὶ
764 1655 795 1680 τὸ
816 1654 868 1689 ἔφη

69 1697 152 1730 μόναν
163 1717 172 1727 ,
187 1697 238 1723 τοῦ
256 1698 408 1733 συνδέσμου
423 1699 470 1725 καὶ
487 1699 534 1726 τοῦ
551 1699 654 1735 ἄρθρου
681 1699 868 1735 παρέλκοντος

69 1743 190 1770 ἐνταῦθα
204 1743 298 1778 χώραν
315 1744 443 1779 ἐχόντων·
472 1745 488 1780 ἢ
516 1745 584 1780 μηδὲ
611 1746 778 1781 συνδεσμὸν,
800 1747 868 1783 μηδὲ

69 1789 170 1824 ἄρθρον
187 1790 430 1824 ὐπεμφαινόντων,
447 1790 515 1817 ἀλλὰ
528 1791 578 1826 τῆς
591 1791 655 1825 ὅλης
669 1792 763 1827 φωνῆς
776 1793 868 1828 μερῶν

70 1835 266 1869 ὑπαρχόντων,
294 1835 376 1870 ἡνίκα
397 1835 465 1871 μηδὲ
487 1836 565 1869 γένος
600 1838 662 1872 μηδ’
689 1837 805 1873 ἀριθμὸν
822 1838 868 1864 δύ-

73 1881 142 1906 ναιτ’
162 1880 196 1906 ἂν
214 1881 417 1916 παρεμψαίνειν
432 1883 449 1918 ἡ
463 1881 545 1915 λέξις·
562 1883 591 1916 ἐξ
607 1879 638 1909 οὗ
652 1884 698 1910 καὶ
715 1883 868 1920 καθορᾶται

67 1927 98 1953 τὸ
115 1925 134 1961 ἦ
150 1927 173 1952 δ’
189 1927 220 1958 ὃς
237 1928 268 1953 οὐ
291 1928 373 1963 μόνον
395 1928 442 1955 ἐπὶ
463 1929 511 1955 τοῦ
537 1929 634 1965 θήλεος
654 1930 866 1965 μεθελκόμενον,

67 1969 123 1998 οἷον
136 1973 192 2007 ἔφη
209 1973 291 2008 αὕτη,
313 1973 383 2000 ἀλλὰ
402 1975 449 2000 καὶ
469 1975 538 2010 πρὸς
556 1975 659 2010 πλῆθος
676 1976 730 2003 ἀπὸ
744 1977 794 2011 τῆς
810 1978 866 2004 ἐνι-

68 2018 117 2052 κῆς
132 2019 228 2053 φωνῆς
239 2019 484 2054 περιτρεπόμενον·
500 2021 628 2056 σημαίνει
637 2021 691 2056 γὰρ
701 2021 749 2048 καὶ
761 2022 791 2048 τὸ
801 2022 868 2057 ἔφα-

67 2073 127 2090 σαν·
155 2066 180 2090 εξ
205 2065 234 2090 δὲ
254 2066 301 2091 καὶ
322 2066 353 2092 τὺ
377 2062 400 2092 ὧ
423 2067 499 2100 φίλος
522 2067 607 2102 δηλοῖ,
631 2066 708 2094 οὔπω
730 2068 863 2103 παρέχειν

66 2109 140 2134 ἐστὶν
151 2109 324 2141 aii-omnim;
332 2111 512 2145 Κριτόϐουλος
521 2112 598 2147 (55”)·
609 2112 678 2138 ἀλλά
688 2112 807 2140 τοσαῦτα
817 2113 866 2148 μὲν

65 2155 136 2187 τέως
154 2155 308 2190 παραδηλοῖ
324 2154 386 2192 τὸῆ
402 2157 424 2183 δ’
437 2158 476 2189 ὃς.
500 2158 537 2184 Τὸ
559 2158 588 2184 δὲ
603 2156 638 2194 ἦν
654 2158 677 2185 δ’
693 2159 760 2193 ἐγὼ,
776 2160 866 2186 καίτοι

64 2209 96 2234 γε
117 2201 167 2227 τὶν
187 2202 281 2236 ὅμοιον
300 2203 494 2238 σχηματισμὸν
507 2203 580 2239 ἔχον,
597 2205 638 2236 εὶς
661 2205 722 2240 τρία
737 2205 865 2240 τέμνεται

883 1586 904 1614 C

925 961 990 987 bum
1004 969 1113 996 quoque
1130 961 1328 994 πυνθάνεσθαι,
1349 961 1422 996 quod
1437 968 1521 988 unum
1536 967 1647 988 sensum
1656 967 1721 994 spe-

924 1011 998 1035 ctare
1024 1007 1141 1040 videtur,
1164 1008 1348 1043 complurium
1373 1007 1527 1042 germinum
1562 1006 1640 1034 radix
1665 1010 1717 1034 est.

923 1052 1096 1088 Quandoque
1108 1054 1180 1081 enim
1193 1054 1323 1088 exprimit
1340 1054 1458 1085 discere,
1472 1057 1499 1081 et
1521 1053 1676 1087 explorare,
1690 1056 1719 1080 et

923 1099 1069 1132 sciseitari,
1095 1105 1122 1126 et
1141 1100 1192 1127 alia
1221 1099 1367 1135 ejusmodi.
1403 1098 1464 1126 Jam
1493 1099 1576 1127 dictio
1601 1098 1718 1130 πελανὺς

921 1145 994 1172 valet
1006 1145 1157 1179 placentam
1169 1153 1201 1172 ex
1226 1145 1314 1172 farina
1340 1144 1484 1173 sacriﬁciis
1504 1145 1650 1173 idoneam:
1668 1145 1717 1172 sed

923 1195 1012 1217 tamen
1030 1190 1100 1217 valet
1118 1191 1201 1218 etiam
1223 1198 1349 1225 spumam
1364 1191 1437 1219 circa
1457 1199 1489 1218 os
1505 1192 1690 1219 adhaerentem
1705 1201 1712 1219 :

922 1244 972 1263 nec
992 1244 1046 1263 ΙΙΟΠ
1061 1244 1182 1264 crassam
1201 1237 1349 1272 lacryntam
1367 1241 1526 1264 conaretam
1547 1242 1628 1272 atque
1652 1246 1716 1265 are—

922 1282 1021 1309 factam
1046 1290 1096 1309 ceu
1127 1283 1242 1316 gummi,
1267 1287 1294 1310 et
1328 1282 1453 1310 similia:
1474 1288 1573 1318 quarto
1600 1283 1717 1317 denique

922 1329 1044 1362 obolum,
1071 1329 1117 1364 qui
1133 1329 1247 1357 hariolis
1277 1330 1412 1357 mercedis
1427 1337 1492 1365 ergo
1506 1330 1609 1366 porrigi
1635 1331 1715 1358 solet.

921 1374 1007 1402 Porro
1041 1375 1123 1410 ὁμόσε
1161 1375 1321 1403 adverbium
1352 1376 1490 1412 signiﬁcat
1521 1384 1555 1404 ex
1590 1378 1715 1408 adverso,

921 1428 1078 1455 quanquam
1106 1421 1132 1448 in
1158 1429 1208 1448 usu
1236 1427 1357 1449 veterum
1383 1428 1532 1457 usurpatur
1557 1424 1638 1450 etiam
1667 1430 1716 1458 pro

921 1466 999 1501 quasi
1019 1472 1045 1493 et
1057 1474 1150 1501 prope.
1173 1467 1243 1499 Quill
1269 1467 1351 1494 etiam
1368 1467 1416 1494 νῦν
1437 1475 1490 1495 non
1517 1476 1566 1503 pro
1583 1476 1656 1496 nunc
1669 1477 1715 1496 sn-

921 1513 976 1540 lum
996 1513 1042 1541 sed
1064 1513 1146 1540 etiam
1165 1520 1213 1547 pro
1227 1521 1315 1548 nuper
1338 1514 1410 1541 facto
1424 1515 1543 1548 ponitur.
1570 1513 1629 1541 Jam
1649 1522 1714 1541 vero

920 1562 948 1586 et.
962 1558 1066 1592 κομψὸν
1082 1559 1108 1585 in
1126 1558 1226 1585 multas
1241 1558 1370 1586 tribuitur
1383 1559 1599 1594 signiﬁcationes
1615 1569 1623 1593 ;
1651 1567 1714 1586 nam

921 1609 948 1631 et
960 1604 1133 1640 perspicutnn
1144 1605 1257 1632 denotat
1280 1609 1307 1633 et
1323 1605 1465 1641 garrulum
1482 1610 1510 1633 et
1532 1611 1673 1633 versutum
1688 1612 1716 1634 ct

920 1656 1014 1686 aptum
1032 1651 1065 1678 ad
1082 1651 1314 1686 persuadendum,
1328 1656 1356 1680 et
1377 1652 1496 1687 denique
1523 1653 1713 1681 artiﬁciosum.

919 1697 989 1731 Quid
1004 1705 1069 1725 vero
1089 1698 1155 1725 illud
1171 1698 1292 1726 solemne
1306 1696 1357 1733 ἧδ’
1371 1698 1413 1730 ὃς,
1436 1703 1464 1726 et
1478 1695 1513 1734 ἦν
1525 1698 1547 1724 δ’
1575 1698 1642 1732 ἐγώ,
1667 1699 1715 1733 qui

920 1741 1043 1769 Platonis
1054 1747 1168 1770 ornatus
1182 1748 1223 1770 est
1236 1742 1248 1769 Ἰ
1262 1740 1280 1778 ἦ
1302 1743 1327 1769 δ’
1342 1743 1382 1775 ὅς,
1401 1743 1511 1778 quidem
1537 1751 1584 1778 per
1601 1751 1632 1770 se
1653 1750 1715 1770 om-

920 1789 984 1815 nino
996 1788 1141 1823 signiﬁcat,
1151 1789 1221 1816 dixit
1231 1789 1275 1816 hic
1285 1797 1292 1816 :
1303 1789 1349 1817 sed
1360 1790 1443 1817 etiam
1454 1789 1523 1816 dixit
1535 1790 1713 1824 simpliciter;

920 1835 956 1862 ita
969 1839 999 1862 ut
1013 1835 1168 1869 copulativa
1183 1835 1316 1870 particula
1333 1841 1360 1864 et
1375 1837 1509 1864 articulus
1519 1837 1647 1864 relativus
1663 1836 1715 1864 huc

919 1880 980 1907 loco
997 1880 1101 1907 frustra
1125 1881 1201 1908 sint:
1229 1881 1285 1909 imo
1306 1890 1371 1909 vero
1398 1889 1488 1917 neque
1509 1883 1713 1917 conjunctionis

919 1935 1006 1962 neque
1018 1927 1125 1954 articuli
1143 1927 1201 1955 vice
1222 1927 1380 1963 fungantur,
1400 1930 1446 1956 sed
1465 1929 1563 1964 integri
1586 1929 1710 1956 vocabuli

918 1977 1010 2008 partes
1024 1973 1098 2001 sint:
1120 1974 1340 2009 quotiescunque
1364 1975 1424 2002 hac
1446 1975 1532 2002 dictio
1554 1983 1644 2009 neque
1666 1983 1712 2010 ge-

918 2019 992 2046 neris
1009 2015 1097 2054 neque
1112 2021 1218 2047 numeri
1232 2021 1368 2048 rationem
1395 2021 1487 2049 habet.
1514 2021 1604 2055 Quare
1619 2023 1712 2050 videre

918 2066 981 2094 licet
998 2064 1016 2102 ἦ
1030 2067 1053 2093 δ’
1068 2066 1098 2098 ὃς
1114 2075 1168 2094 non
1184 2067 1273 2095 solum
1290 2067 1408 2096 femineo
1423 2075 1522 2103 genere
1543 2069 1707 2100 adhibitum.

917 2112 953 2139 ita
972 2117 1001 2139 ut
1017 2117 1095 2140 sonet
1111 2113 1180 2140 dixit
1205 2113 1273 2148 ipsa,
1299 2122 1393 2141 verum
1414 2115 1498 2142 etiam
1524 2116 1558 2142 ad
1586 2116 1711 2143 multitu-

917 2157 1010 2186 dinem
1035 2159 1210 2186 indicandam
1228 2159 1279 2187 hoc
1304 2160 1452 2195 singularis
1467 2161 1575 2188 numeri
1591 2162 1711 2188 vocabu-

918 2205 974 2232 lum
990 2205 1138 2240 aliquando
1166 2213 1349 2234 conversum:
1369 2214 1430 2234 nam
1448 2207 1579 2234 dixerunt
1601 2214 1712 2241 quoque

64 2245 164 2276 ταῦτα,
194 2245 235 2277 εἷς
257 2254 286 2272 τε
306 2247 336 2273 τὸ
359 2247 430 2282 ἔφην
454 2248 477 2274 δ’
502 2248 569 2282 ἐγὼ,
594 2249 643 2276 καὶ
657 2249 697 2281 είς
715 2249 745 2276 τὸ
771 2251 807 2276 άπ

966 2251 1062 2280 niﬁcat.
1081 2251 1168 2280 Porro
1179 2257 1271 2279 utrum
1286 2252 1394 2280 dicatur
1413 2252 1495 2280 etiam
1515 2261 1564 2288 pro
1579 2261 1596 2280 ο
1619 2254 1709 2284 sodes.

65 2291 148 2326 ἔφην,
166 2292 236 2326 ὅπερ
251 2292 351 2327 ὁμοὶως
365 2293 413 2319 ἐπί
426 2302 456 2320 τε
473 2294 596 2330 ἀρρένων
615 2295 863 2331 παραλαμϐάνουσι

64 2338 112 2364 καὶ
127 2337 258 2372 Θηλειῶν.
285 2339 341 2365 Καὶ
359 2339 391 2366 τὸ
412 2339 539 2375 ϐράττειν
558 2341 598 2373 δὲ,
623 2341 751 2377 σημαίνει
767 2343 816 2377 μὲν
833 2343 864 2370 τὸ

63 2384 217 2417 ταράσσειν
231 2384 278 2410 καὶ
292 2384 323 2410 τὸ
339 2385 469 2420 ἐνοχλεῖν·
492 2386 620 2421 σημαίνει
637 2387 666 2413 δὲ
689 2388 736 2415 καὶ
749 2388 779 2414 τὸ
794 2387 861 2415 νύσ-

64 2437 122 2454 σειν
135 2430 184 2455 καὶ
197 2431 293 2455 κινεῖν·
306 2430 374 2457 ἀλλὰ
389 2430 438 2457 καὶ
451 2431 481 2458 τὸ
499 2432 695 2466 δυσωπεῖσθαι,
710 2433 799 2460 καὶτὸ
811 2434 863 2469 ὑφ-

65 2475 192 2508 ορᾶσθαι.
205 2475 259 2501 Καί
273 2484 305 2510 γε
322 2477 370 2503 καὶ
385 2477 416 2503 τὺ
429 2477 570 2509 τευτάζειν
585 2479 714 2514 εὑρήσεις
725 2481 796 2507 κατὰ
807 2481 864 2507 δια-

65 2521 158 2556 φόρων
177 2521 369 2556 ὑποκειμένων
397 2524 558 2558 φερόμενον·
581 2525 628 2551 καὶ
652 2525 706 2560 γὰρ
731 2526 791 2552 ἀντὶ
816 2526 864 2553 τοῦ

65 2567 311 2601 πραγματεύεσθαι
323 2568 577 2604 παραλαμϐάνεται,
585 2570 632 2597 καὶ
640 2571 700 2597 ἀντὶ
710 2571 757 2598 τοῦ
765 2580 866 2599 σκευω-

66 2614 181 2647 ρεῖσθαι,
193 2615 394 2650 στρατεύεσθαί
408 2623 437 2642 τε
459 2617 506 2643 καὶ
522 2617 682 2652 διατρίϐειν,
694 2619 741 2645 καὶ
754 2619 864 2654 φροντί-

65 2659 119 2690 ζειν
131 2660 220 2687 ἐνίοτε
232 2667 239 2675 ⁸
255 2662 431 2697 ἐπιστρεφῶς
445 2663 473 2689 δὲ
488 2664 618 2699 πράττειν
629 2673 655 2690 τι
666 2665 714 2690 καὶ
728 2665 859 2701 ἐνεργεῖν·

65 2706 110 2731 καὶ
137 2706 192 2742 μὴν
213 2706 262 2733 καὶ
289 2707 462 2742 σπουδάζειν,
481 2710 528 2736 καὶ
549 2709 658 2736 δεῖπνον
681 2711 857 2745 παραθεῖναι·

914 2298 1036 2325 nondum
1054 2298 1121 2326 satis
1147 2298 1276 2326 credibile
1292 2297 1358 2326 fecit
1381 2298 1552 2326 Critobulus.
1567 2298 1706 2326 Hactenus

913 2344 947 2371 de
967 2344 1218 2378 signiﬁcationibus
1244 2345 1377 2372 dictionis
1404 2342 1509 2380 ἧδ’ὃς.
1537 2343 1597 2372 Jam
1623 2345 1708 2372 dictio

911 2387 946 2424 ἦν
961 2389 982 2416 δ’
993 2389 1060 2424 ἐγὼ,
1075 2397 1136 2424 quae
1153 2390 1210 2425 pari
1224 2390 1320 2418 formae
1336 2391 1444 2418 ratione
1471 2391 1571 2422 utitur,
1599 2390 1626 2417 in
1653 2396 1709 2418 tres

914 2435 1040 2469 notiones
1057 2436 1201 2470 tribuitur;
1220 2445 1319 2472 nempe
1338 2437 1395 2464 dixi
1410 2445 1476 2472 ego;
1501 2442 1528 2464 et
1550 2436 1710 2471 simpliciter

913 2482 987 2515 dixi;
1012 2483 1083 2518 quod
1107 2491 1204 2511 rursus
1216 2488 1270 2510 tam
1296 2483 1458 2511 masculinis
1477 2490 1561 2518 quam
1580 2483 1710 2511 femineis

913 2530 1041 2564 personis
1057 2530 1219 2557 assumitur.
1254 2529 1310 2565 Age
1331 2536 1396 2556 vero
1412 2533 1440 2556 et
1462 2529 1591 2565 ϐράττειν
1602 2534 1709 2564 pertur-

915 2576 980 2602 bare
1007 2575 1154 2610 signiﬁcat,
1171 2579 1199 2602 et
1214 2575 1337 2602 molestia
1353 2573 1475 2608 aiIicere;
1493 2574 1622 2601 vellicare
1642 2574 1707 2601 item

914 2627 996 2656 atque
1012 2627 1178 2653 concutere;
1197 2629 1246 2648 nec
1262 2628 1314 2647 non
1328 2621 1458 2655 pudorem
1474 2621 1607 2657 ingerere,
1620 2625 1646 2648 et
1663 2629 1708 2648 re-

915 2667 1014 2694 vereri.
1031 2666 1133 2693 Dcinde
1152 2671 1179 2693 et
1194 2666 1335 2697 τευτάζειν
1353 2674 1408 2693 non
1429 2667 1489 2694 sine
1511 2674 1642 2694 sensuum
1656 2674 1707 2693 va-

916 2713 1012 2740 rietate
1030 2714 1168 2747 prolatum
1186 2713 1291 2740 videbis
1306 2722 1313 2740 :
1334 2720 1397 2740 nam
1413 2717 1441 2740 et
1457 2721 1506 2747 pro
1524 2717 1648 2748 satagere
1660 2719 1706 2739 ca-

842 2770 959 2800 ΝΟΤιΕ.

67 2858 72 2863 ο
97 2824 218 2864 (E’gtpe’
229 2826 357 2864 vocabuli
375 2830 493 2864 νκομψον
511 2829 582 2863 apud
612 2830 698 2864 ipsum
728 2830 855 2858 Photium

66 2859 91 2885 in
108 2859 274 2900 Bidliothega
287 2859 537 2900 significationibus
551 2859 634 2892 variis
654 2865 770 2892 disserui
790 2874 855 2900 νευ-

66 2900 118 2924 met
141 2897 168 2924 in
186 2897 349 2931 praafatione
370 2899 404 2926 ad
423 2906 508 2928 novas
521 2899 643 2935 Dionysii
660 2899 747 2929 llalic.
762 2897 854 2936 partes

910 2832 955 2859 ed.
972 2831 1080 2858 Mediol.
1097 2831 1173 2866 praef.
1196 2839 1256 2865 cap.
1273 2831 1316 2858 Η.

946 2876 1019 2913 (53“)
1037 2877 1066 2905 lu
1082 2876 1181 2906 ιιιλὶεο
1194 2877 1284 2905 Photii
1297 2878 1459 2913 Κριτόλαος.
