1882 3075
173 158 223 191 151

744 157 877 189 PHOTII
891 155 1144 188 PATRIARCHIE
1156 159 1210 190 (ΣΡ,

1750 157 1812 188 152

173 225 191 251 p
204 222 258 248 tur,
270 221 296 242 ct
311 223 360 250 pro
373 214 462 242 moliri
479 215 592 250 aliquid,
612 219 639 243 et
661 223 712 251 pro
727 216 856 248 militare,
867 220 894 243 ct
912 223 916 249 |

1076 215 1105 242 δὲ
1121 216 1169 242 καὶ
1184 216 1220 242 τὰ
1235 216 1336 252 συνήθη
1351 216 1438 242 ταῦτα
1453 216 1513 250 οὐχὶ
1528 215 1592 250 μίαν
1614 214 1742 241 ἐθέλοντα
1753 223 1811 249 ση-

174 262 316 292 diversari.
336 266 363 288 et
376 261 540 296 quandoque
557 269 606 296 pro
623 269 716 289 curam
738 269 842 296 gerere.
871 265 898 288 et
913 268 962 295 pro

174 307 269 335 sedulo
288 307 390 341 aliquid
406 315 485 341 agere
502 311 582 342 atque
598 307 724 335 eﬁectum
739 307 805 335 dare
820 316 826 334 :
849 314 962 334 necnon

173 360 224 386 pro
237 351 353 379 oﬁicium
365 351 493 379 exhibere
506 357 532 379 et
544 360 649 379 caenam
661 359 808 386 apponere.
829 351 963 378 Praeterea

174 397 319 424 familiaria
336 397 394 424 haec
411 397 512 425 videsis
541 405 623 433 quam
643 406 696 425 non
728 405 813 424 unum
836 397 964 424 evolvam

175 443 376 479 signiﬁcatum:
396 443 609 478 exempligratia
627 444 758 475 επιεικῶς
772 448 799 470 et
829 443 876 469 ἐπὶ
892 443 958 478 κόρ-

176 489 249 524 ρηςς
270 489 337 516 illud
359 489 469 524 quidem
492 495 519 517 et
540 489 650 517 abunde
676 489 749 516 valet
771 493 799 516 et
824 488 964 516 moderate

176 538 204 561 et
215 533 331 568 festive;
349 535 401 563 hoc
413 540 504 563 autem
518 540 545 562 et
562 535 705 562 verberari
719 535 745 561 in
763 534 852 569 capite
873 534 960 569 signi-

178 581 251 611 ﬁcat,
270 585 297 608 et
310 581 391 608 etiam
413 581 440 608 in
463 581 550 616 genis.
573 581 626 608 Sed
649 588 735 615 neque
758 580 965 615 ἐπισκηπτόμε-

178 635 222 652 νον
239 634 324 653 unum
343 626 487 661 signiﬁcat,
504 627 550 654 sed
567 631 593 653 et
607 626 722 653 (innitar
736 627 819 653 tuenti
839 625 965 657 inﬁxum,

178 676 205 698 et
219 671 445 704 demonstratum,
461 676 488 698 et
511 671 582 705 quod
610 678 625 698 a
650 671 784 698 moriente
807 671 965 697 mandatum

179 720 230 747 est,
244 722 270 743 et
287 717 397 751 insuper
416 717 487 752 quod
502 717 672 744 adversatum
700 715 821 743 Pertinet
838 716 871 743 ad
898 716 966 743 varii

179 763 351 798 signiﬁcatus
366 763 496 790 vocabula
515 763 596 790 etiam
617 762 803 789 δυσωπεῖσθαι
823 771 830 790 :
857 770 920 790 nam
939 765 967 790 et

180 809 298 835 revereri
326 809 448 840 denotat.
474 814 500 836 et
521 814 641 836 metuere
655 817 718 836 cum
747 808 915 843 suspicione,
941 812 968 835 et

180 855 277 882 tetrico
302 855 378 881 vultu
405 863 475 882 esse.
496 854 614 887 Quidam
652 862 716 880 vero
743 854 841 888 lingua:
867 853 968 881 Grtzcm

181 899 302 934 apprime
326 900 417 935 periti.
435 908 592 935 quanquam
623 899 731 926 Atticus
758 899 869 926 minime
892 899 968 934 lepos

180 953 231 975 esu,
248 953 340 973 roccm
373 946 443 972 hanc
467 945 548 971 etiam
571 952 620 978 pro
638 945 740 979 pudere
767 944 915 979 accipiunt.
934 944 968 970 Et

181 992 289 1026 quidem
307 991 378 1026 vulgi
389 990 559 1018 consuetudo
570 991 652 1016 utitur
664 990 716 1016 hac
729 997 793 1017 voce
809 990 843 1016 ad
861 990 968 1024 suppli-

183 1039 301 1064 candum
321 1043 402 1072 atque
417 1037 450 1063 ad
465 1037 644 1063 exorandum.
659 1034 719 1062 Vox
736 1035 826 1070 δεῦρο,
841 1043 903 1062 cum
921 1043 970 1070 age

182 1082 318 1117 signiﬁcat
334 1087 361 1108 et
377 1082 440 1114 huc,
456 1086 512 1108 tum
536 1088 570 1108 ne
587 1081 621 1108 ab
633 1081 764 1108 adesdum
786 1081 895 1115 quidem
921 1081 970 1107 ab-

184 1129 285 1155 horret.
297 1128 373 1154 Addc
390 1127 434 1154 his
454 1128 588 1161 γενναῖον,
613 1126 686 1161 quod
706 1132 853 1161 cognatum
880 1131 970 1157 sonat.

182 1179 208 1201 ιιι
220 1175 332 1207 bonum,
348 1178 375 1201 et
390 1174 521 1206 nobilem,
537 1179 564 1200 et
580 1179 721 1201 strenuum
736 1181 824 1207 azque.
837 1172 972 1200 Similiter

184 1222 274 1249 cernis
303 1221 404 1248 ἄτοπον
435 1228 490 1248 non
520 1221 608 1248 solum
627 1227 776 1256 coarguere
803 1227 917 1255 pravum
946 1225 973 1247 et

184 1265 350 1299 improbum,
367 1265 415 1292 sed
426 1265 510 1292 etiam
520 1265 593 1300 quod
606 1265 725 1292 alienum
741 1265 804 1292 loco
820 1270 863 1292 est
882 1274 890 1298 ;
910 1272 971 1291 nam

184 1313 274 1339 ethoc
289 1312 389 1338 ἄτοπον
405 1311 507 1339 dicitur
523 1320 530 1345 ;
545 1311 626 1338 sicuti
644 1312 726 1338 etiam
749 1319 803 1338 non
820 1312 972 1346 provisum,

184 1365 234 1385 ceu
259 1357 293 1384 de
305 1364 359 1390 quo
374 1357 510 1391 suspicari
539 1364 591 1383 non
607 1357 685 1384 licuit
700 1364 707 1382 :
731 1360 788 1384 tum
806 1365 871 1384 vero
902 1357 974 1384 valet

185 1404 267 1430 etiam
288 1403 472 1438 peregrinum,
484 1403 637 1437 inopinum,
652 1404 751 1430 mirum
767 1410 793 1430 et
810 1404 908 1431 rationi
920 1411 974 1430 non

185 1454 412 1477 consentaneum.
441 1449 555 1484 Insuper
582 1449 733 1485 ἀρνύμενον
758 1449 792 1476 de
819 1454 975 1484 permutato

187 1496 287 1523 dicitur
313 1502 339 1522 et
358 1496 391 1524 de
419 1496 574 1531 acquisita:
604 1496 656 1523 sub
696 1495 789 1522 eadem
815 1503 881 1523 vero
909 1503 977 1523 voce

1015 261 1116 295 μασὶαν
1141 261 1354 297 περιπτύσσειν·
1376 262 1477 288 αὐτίκα
1492 261 1524 296 δὴ
1545 261 1575 287 τὺ
1600 260 1731 292 ἐπιεικῶς
1752 260 1810 286 καὶ

1013 306 1059 332 ἐπὶ
1083 307 1196 343 κόρρης·
1215 307 1245 334 16
1262 307 1311 343 μὲν
1326 307 1366 339 εἴς
1386 316 1416 333 τε
1435 307 1465 334 16
1486 307 1585 338 ἱκανῶς
1611 307 1657 333 καὶ
1674 305 1810 341 μετρίως,

1014 352 1062 379 καὶ
1083 353 1122 384 είς
1137 353 1167 379 τὺ
1184 353 1300 385 ἀστείως
1321 353 1512 388 ἑπιμερίζεται
1523 373 1531 385 ,
1553 353 1583 380 τδ
1598 352 1626 379 δὲ
1641 353 1687 378 ἐπὶ
1700 352 1813 387 κόρρης

1013 398 1044 424 τὸ
1066 398 1137 425 κατὰ
1161 399 1281 434 κεφαλῆς
1295 398 1444 426 τύπτεσθαι
1471 399 1608 434 σημαίνει,
1625 398 1741 433 καὶμὴν
1756 398 1814 424 καὶ

1014 444 1044 470 16
1059 445 1104 470 ἐπὶ
1125 444 1180 471 τῶν
1203 444 1347 478 σιαγόνων·
1372 445 1434 471 οὐδὲ
1459 445 1489 471 τὸ
1513 444 1750 479 ὲπισκηπτόμενον
1775 443 1814 470 δὲ

1015 492 1054 521 εἰς
1067 490 1097 516 ἒν
1111 491 1323 526 περιγράφεται,
1348 491 1417 518 ἀλλὰ
1440 491 1488 518 καὶ
1502 490 1547 518 τὸν
1561 490 1814 526 ὲναπερειδόμενον

1015 535 1100 570 δηλοῖ,
1122 537 1168 562 καὶ
1185 537 1232 562 τὸν
1253 536 1467 571 ἐνδεικνύμενον,
1493 536 1539 562 καὶ
1555 535 1601 562 τὸν
1615 536 1662 561 ἐπὶ
1676 535 1814 569 τελευτῆς

1016 581 1225 617 ἐντελλόμενον,
1246 583 1293 609 καὶ
1313 582 1381 618 πρὸς
1403 582 1510 613 τούτοις
1531 580 1562 607 τδ
1584 580 1812 614 ἐναντιούμενον.

1022 627 1159 658 Ὡσαύτως
1179 627 1208 654 δὲ
1228 628 1284 654 τῶν
1306 628 1470 662 πολυσήμων
1489 626 1549 653 ἐστὶ
1570 626 1618 653 καὶ
1629 625 1659 652 τὸ
1671 626 1814 652 δυσωπεῇ

1018 670 1089 696 σθαι·
1097 670 1247 706 ὑφορᾶσθαι
1256 671 1310 706 γὰρ
1320 671 1496 706 ἀπαγγέλλει,
1505 671 1552 698 καὶ
1558 671 1588 697 16
1596 670 1735 705 φοϐεῖσθαι
1745 669 1814 704 μεθ’

1019 715 1157 748 ὑπονοίας,
1173 717 1220 743 καὶ
1236 717 1267 743 16
1285 716 1509 752 σκυθρωπάζειν·
1525 717 1591 743 ἔνιοι
1607 716 1635 742 δὲ
1650 716 1704 742 τῶν
1725 716 1814 749 ἑλλη-

1017 760 1094 795 νικὴν
1107 760 1235 795 γλῶσσαν
1261 761 1488 797 ἐξακριϐούντων,
1508 762 1533 788 εί
1551 762 1598 788 καὶ
1612 761 1651 796 μὴ
1666 762 1718 788 τῶν
1731 762 1815 787 ἀττι-

1017 807 1073 834 κῶν
1086 808 1102 842 ὴ
1116 807 1218 842 κομψῖα
1233 807 1300 843 (ὅτι),
1317 808 1363 835 καὶ
1377 808 1439 835 ἀντὶ
1449 808 1495 835 τοῦ
1504 808 1637 835 αἰδεῖσθαι
1652 807 1700 843 τὴν
1714 808 1815 843 φωνὴν

1018 853 1288 888 παραλαμϐάνουσιψ
1307 854 1323 889 ἡ
1343 854 1393 889 μέν
1411 863 1452 880 τοι
1471 853 1600 889 συνήθεια
1617 853 1666 879 ἐπὶ
1682 853 1729 880 τοῦ
1748 855 1814 880 ἰκε-

1019 899 1107 926 τεύειν
1115 900 1162 926 καὶ
1174 900 1342 935 παρακαλεῑν
1351 899 1494 935 κέχρηται.
1504 901 1559 926 Καὶ
1572 899 1602 926 τὸ
1610 899 1691 935 δεῦρο
1699 900 1727 927 δὲ
1739 901 1816 934 μετὰ

1018 944 1065 971 τοῦ
1081 944 1224 980 σημαίνειν
1238 945 1268 971 τὸ
1283 945 1344 979 ἄγε,
1364 945 1410 971 καὶ
1422 945 1454 971 τὸ
1468 945 1596 977 ἐνταῦθα,
1615 944 1675 971 οὐδὲ
1698 945 1728 970 τὺ
1741 944 1811 971 ἐλθὲ

1019 990 1230 1026 ἀποστρέφεται.
1253 990 1353 1017 Σκόπει
1370 990 1399 1017 δὲ
1414 991 1462 1017 καὶ
1476 990 1505 1016 τὸ
1523 991 1656 1024 γενναῖον,
1671 990 1744 1021 ὅπως
1761 990 1816 1016 τόν

1019 1045 1048 1062 τε
1071 1037 1188 1071 συγγενῆ
1204 1035 1281 1072 δηλοῖ
1303 1036 1351 1063 καὶ
1371 1036 1416 1063 τὸν
1432 1036 1545 1070 ἀγαθὸν,
1560 1036 1628 1062 ἀλλὰ
1640 1037 1687 1062 καὶ
1701 1036 1747 1062 τὸν
1762 1036 1816 1062 εὑ-

1020 1082 1096 1117 γενῆ,
1121 1082 1167 1108 καὶ¹
1191 1082 1237 1109 τὸν
1258 1082 1393 1117 ἀνδρεῖον,
1415 1082 1466 1109 οὐκ
1487 1082 1607 1108 ἔλαττον.
1634 1081 1713 1113 Ἴδοις
1737 1082 1759 1108 δ’
1778 1081 1818 1108 ἂν

1021 1129 1069 1155 καὶ
1090 1129 1121 1155 τὸ
1136 1128 1244 1160 ἄτοπον,
1260 1129 1291 1155 οὐ
1308 1128 1388 1163 μόνον
1410 1128 1457 1155 τοῦ
1472 1129 1558 1155 κακοῦ
1580 1129 1628 1155 καὶ
1643 1129 1688 1155 τοῦ
1707 1128 1819 1163 μοχθη-

1023 1175 1070 1210 ροῦ
1085 1175 1329 1211 κατηγορούμενον,
1353 1175 1421 1201 ἀλλὰ
1444 1175 1491 1201 καὶ
1508 1175 1580 1201 κατὰ
1599 1174 1645 1201 τοῦ
1663 1174 1700 1210 μὴ
1727 1175 1819 1201 τόπον

1022 1222 1139 1256 ἔχοντος·
1157 1221 1257 1248 ἄτοπον
1276 1221 1330 1257 γὰρ
1351 1221 1461 1247 κάκεῖνο
1475 1221 1601 1254 λέγουσιν
1615 1230 1622 1236 ·
1648 1221 1742 1255 ὥσπερ
1764 1221 1820 1247 καὶ

1023 1268 1053 1294 16
1070 1267 1264 1302 ἀνυπονόητον,
1290 1264 1347 1293 οἷον
1368 1266 1381 1293 5
1407 1267 1443 1302 μὴ
1461 1266 1519 1293 ἐστι
1540 1266 1674 1292 τοπάσαι·
1696 1266 1754 1293 ἁλλ’
1772 1266 1820 1293 ἑτι

1024 1313 1147 1349 περιέχει
1169 1313 1260 1340 καὶτὸ
1275 1313 1361 1346 ξένον,
1382 1313 1429 1339 καὶ
1452 1312 1615 1347 παράδοξον,
1639 1312 1684 1338 καὶ
1705 1312 1820 1346 θαυμά-

1026 1368 1093 1392 σιον,
1107 1359 1153 1386 καί
1169 1367 1201 1393 γε
1216 1359 1263 1386 καὶ
1279 1359 1309 1385 τὸ
1324 1359 1489 1395 παράλογον.
1512 1359 1572 1385 Ἐπὶ
1587 1358 1695 1390 τούτοις
1716 1359 1765 1385 καὶ
1785 1358 1823 1385 τὸ

1025 1405 1176 1441 ἀρνύμενον
1190 1404 1260 1441 πρός
1279 1413 1309 1432 τε
1326 1404 1358 1431 τὸ
1372 1404 1624 1440 καταλλαττόμενον
1645 1403 1821 1435 ἀποδίδοται,

1026 1452 1074 1479 καὶ
1098 1452 1128 1479 τὸ
1152 1450 1388 1486 περιποιούμενον·
1412 1451 1641 1486 περιλαμϐάνοιτο
1666 1450 1688 1477 δ’
1705 1449 1738 1476 ἂν
1763 1449 1824 1476 ὑπὸ

1027 1500 1076 1533 τῆς
1091 1497 1176 1532 αὐτῆς
1191 1497 1283 1532 φωνῆς
1298 1497 1346 1523 καὶ
1359 1497 1374 1523 ὁ
1388 1496 1530 1531 φυλάττων
1552 1496 1621 1531 (55).
1647 1495 1714 1522 Οὐδὲ
1728 1495 1758 1521 τὸ
1773 1496 1823 1522 ἀεὶ

188 1542 350 1570 concludere
389 1542 452 1569 licet
482 1542 565 1569 etiam
609 1541 764 1575 φυλάττων.
798 1541 851 1568 Sed
887 1548 931 1568 ηε(

1078 1543 1291 1579 περιπτύσσεται
1308 1543 1339 1569 τὸ
1353 1542 1513 1578 ἀμέριστον,
1536 1541 1606 1568 ἀλλὰ
1621 1542 1668 1568 καὶ
1685 1542 1725 1572 εἰς
1737 1541 1821 1567 ὲναν-

188 1589 231 1615 ἀεὶ
242 1595 296 1615 non
312 1587 369 1615 vult
384 1587 470 1615 dividi
484 1596 492 1621 ;
511 1587 576 1622 quin
605 1588 660 1614 imo
676 1587 702 1614 in
730 1587 884 1614 contrarias
900 1587 975 1614 scin-

189 1635 263 1660 ditur
278 1639 381 1669 partes,
392 1634 462 1661 valet
479 1633 563 1663 enim.
578 1633 651 1668 quod
667 1640 762 1660 orantes
784 1632 887 1665 sciunt,
904 1639 977 1659 scm-

189 1688 238 1715 per
252 1689 260 1708 :
274 1684 301 1707 et
317 1684 408 1707 tamen
420 1679 587 1707 contrarium
607 1686 718 1714 quoque
743 1679 866 1712 denotat,
883 1677 911 1705 id
935 1681 978 1705 est

191 1733 278 1760 usque
295 1725 327 1752 ad
341 1729 446 1752 certum
465 1729 573 1760 tempus
592 1729 619 1752 et
640 1725 839 1759 quadantenns.
864 1724 933 1751 Tum
952 1729 979 1751 et

192 1773 244 1804 ἕως
256 1771 420 1808 quandoque
444 1771 585 1798 deﬁnitum
611 1775 719 1805 tempus
751 1769 977 1802 circumscribit;

193 1819 359 1855 quandoque
383 1810 515 1845 terminos
537 1816 707 1852 indignatus,
732 1816 796 1843 sinit
820 1820 928 1850 tempus
953 1815 980 1842 in

194 1865 330 1892 inﬁnitum
354 1864 474 1892 extendi.
500 1863 610 1890 Manant
627 1871 660 1890 ex
677 1863 808 1898 ἄντικρυς
838 1862 979 1892 continuo.

192 1911 330 1942 directim.
347 1915 420 1938 recta
433 1910 489 1941 via,
510 1909 610 1942 valide,
626 1909 775 1944 sapienter.
796 1913 889 1943 aperte
904 1916 910 1934 ε
933 1914 983 1933 nec

194 1965 248 1984 non
267 1955 428 1991 simpliciter
446 1960 473 1982 et
483 1960 618 1983 accurate.
636 1954 714 1987 Quod
728 1953 751 1982 si
774 1957 924 1980 extremam
940 1960 983 1979 re-

193 2004 268 2038 jiciat
285 2009 445 2032 consonam,
458 2006 540 2036 atque
550 2006 682 2029 accentus
696 2001 730 2028 ab
746 2000 826 2027 initio
851 2000 883 2026 ad
903 1999 983 2026 ﬁnem

196 2049 350 2084 trajiciatur
367 2047 514 2083 (ἀντικρὺ),
530 2051 586 2073 tum
598 2055 630 2073 ex
643 2053 672 2074 se
687 2045 773 2080 gignit
800 2053 816 2071 θ
830 2044 941 2079 regione
958 2048 985 2070 ct

197 2103 231 2122 cit
244 2095 369 2122 adverso.
387 2092 473 2120 Viden
487 2093 568 2120 etiam
583 2091 745 2119 vocabulum
759 2090 836 2126 ἄρατ
855 2097 909 2116 non
919 2089 986 2116 illud

198 2140 242 2167 aio
256 2140 328 2174 quod
341 2144 483 2167 accentum
497 2137 627 2165 distrahit
659 2142 741 2172 atque
763 2136 790 2163 in
804 2136 873 2163 duas
891 2139 986 2162 exten-

198 2187 239 2213 dit
253 2190 356 2221 partes,
371 2192 465 2212 verum
498 2184 523 2211 id
549 2183 622 2219 quod
638 2183 732 2210 eadem
748 2182 878 2218 prosodia
904 2181 985 2208 meti-

200 2240 273 2265 mur,
286 2231 398 2266 etquod
417 2238 431 2257 a
452 2230 603 2258 dubitativo
614 2229 802 2264 distinguitur.
822 2227 880 2255 lloc
895 2228 987 2261 itaque

200 2279 335 2314 signiﬁcat
364 2275 586 2311 coniunctionem
613 2274 832 2311 syllogisticatn:
860 2274 988 2308 exprimit

199 2325 282 2352 etiam
302 2323 484 2350 inlensioncm
505 2321 651 2356 quamdam
666 2319 827 2354 expletivam
846 2327 853 2345 :
870 2318 988 2345 sumitur

200 2368 315 2403 denique
331 2370 390 2395 loco
407 2366 534 2394 dictionis
547 2371 577 2392 ut
594 2365 713 2397 videtur,
729 2370 758 2392 ut
775 2369 897 2400 apparet.
917 2364 989 2392 Con-

201 2416 290 2442 sidera
307 2414 389 2441 etiam
406 2411 526 2447 ἀτεχνῶς
541 2411 749 2439 circumﬂexum
766 2416 833 2446 quot
850 2411 876 2437 in
893 2417 990 2438 sensus

202 2459 400 2488 subdividatur.
413 2458 556 2493 Signiﬁcat
567 2458 640 2485 enim
657 2465 728 2489 vere,
745 2456 916 2491 simpliciter,
929 2464 992 2491 per-

202 2506 412 2540 fecte,sincere;
422 2506 477 2533 imo
485 2509 512 2532 et
518 2505 605 2532 valide
611 2510 638 2532 et
651 2504 773 2532 omnino.
784 2504 870 2530 Ἂττα
882 2510 991 2539 quoque

203 2555 277 2581 \‘arie
289 2554 453 2589 explicatum
466 2553 588 2580 invenies
603 2561 610 2579 :
623 2551 704 2579 modo
717 2552 789 2579 enim
803 2552 932 2579 scribitur
942 2559 991 2587 pro

203 2608 274 2635 quin,
291 2601 372 2627 modo
395 2607 445 2635 pro
466 2607 526 2634 quac
539 2598 667 2634 quidem:
683 2599 762 2626 modo
782 2599 864 2626 ctiam
879 2607 929 2634 pro
943 2599 992 2627 ali-

203 2646 324 2681 quando,
333 2646 450 2681 atquein
458 2645 561 2674 similes
571 2645 627 2672 abit
635 2644 921 2682 signiﬁcatus._Praater
928 2646 994 2674 liac-

204 2698 284 2721 tenus
297 2693 378 2726 dicta,
392 2693 444 2720 hoc
456 2699 565 2727 quoque
582 2691 752 2718 notissimum
769 2691 931 2719 vocabulum
950 2700 994 2718 σο-

1029 1590 1090 1622 τίας
1106 1588 1285 1624 ἀποσχίζεται
1301 1588 1422 1623 μερίδας·
1439 1586 1565 1622 σημαίνει
1579 1587 1628 1622 μὲν
1643 1587 1698 1621 γὰρ
1716 1586 1746 1614 16
1759 1587 1825 1614 δια-

1028 1636 1138 1668 παντὸς,
1148 1635 1217 1662 ὂκαὶ
1231 1635 1331 1666 πάντες
1348 1635 1422 1661 ῐσασι
1435 1641 1442 1648 ·
1457 1633 1585 1668 σημαίνει
1593 1633 1621 1660 δὲ
1637 1634 1684 1659 καὶ
1700 1633 1730 1659 τὺ
1743 1633 1825 1659 ἀντι-

1028 1683 1165 1716 κείμενον,
1181 1679 1236 1708 οἶον
1255 1680 1286 1707 τὸ
1310 1680 1362 1711 ἕως
1377 1679 1467 1711 τινὸς,
1486 1680 1533 1706 καὶ
1548 1679 1630 1714 μέχρι
1658 1679 1741 1710 τινός.
1765 1678 1828 1705 Καὶ

1030 1727 1095 1754 αὐτὸ
1111 1726 1139 1753 δέ
1154 1734 1186 1760 γε
1200 1725 1231 1752 τὸ
1245 1725 1309 1758 ἕως,
1327 1724 1392 1750 ποτὲ
1407 1724 1457 1759 μὲν
1471 1723 1624 1759 ὡρισμένον
1635 1723 1730 1759 χρόνον
1744 1732 1828 1758 περι-

1031 1773 1142 1808 γράφει,
1165 1771 1230 1798 ποτὲ
1249 1770 1278 1797 δὲ
1292 1769 1341 1806 τὴν
1356 1770 1531 1804 περιγραφὴν
1548 1769 1767 1804 ἁπαρνούμενον,
1788 1769 1829 1803 ἑᾷ

1030 1818 1075 1845 16v
1091 1818 1186 1853 χρόνον
1201 1817 1270 1853 πρὸς
1282 1817 1312 1843 τὺ
1320 1815 1444 1851 ἀόριστον
1463 1815 1684 1851 παρατείνεσθαι.
1696 1815 1750 1840 Καὶ
1767 1814 1828 1849 μὴν

1033 1865 1080 1890 καὶ
1098 1863 1128 1889 τὸ
1139 1863 1269 1898 ἄντικρυς
1282 1861 1436 1896 ἀποφύεται
1450 1861 1511 1887 τότε
1525 1860 1687 1896 διαμπερὲς,
1706 1860 1753 1886 καὶ
1778 1861 1830 1885 εὐ-

1033 1910 1077 1942 θὺ,
1095 1909 1142 1936 καὶ
1156 1909 1200 1935 ἐπ’
1213 1907 1333 1941 εὐθείας,
1349 1908 1396 1934 καὶ
1409 1908 1440 1933 16
1452 1906 1580 1942 ἰσχυρῶς,
1597 1906 1645 1933 καὶ
1658 1906 1758 1940 σοφῶς,
1773 1907 1831 1932 καὶ

1033 1956 1064 1982 16
1083 1955 1150 1987 ἰθύς·
1168 1954 1235 1981 ἀλλὰ
1252 1953 1300 1980 καὶ
1321 1952 1352 1979 τὸ
1367 1952 1460 1984 ἁπλῶς
1477 1951 1526 1979 καὶ
1542 1949 1674 1987 ἀκριϐῶς.
1692 1952 1722 1978 Εἰ
1744 1952 1774 1978 δὲ
1795 1952 1831 1978 τὸ

1034 2002 1188 2028 τελευταῖον
1203 1999 1351 2027 ἀποϐάλλει
1369 1998 1525 2033 σύμφωνον,
1547 1997 1597 2030 τῆς
1612 1997 1699 2031 ἀρχῆς
1714 1997 1760 2022 τὸν
1781 1997 1832 2023 τό.

1036 2057 1080 2074 νον
1102 2047 1148 2074 τοῦ
1164 2046 1258 2077 τέλους
1277 2044 1523 2079 ἀναλαμϐάνοντος,
1547 2041 1595 2068 καὶ
1618 2042 1647 2068 τὸ
1669 2042 1831 2073 κατέναντι,

1037 2095 1083 2121 καὶ
1097 2092 1251 2126 ἐξεναντίας
1266 2089 1474 2117 ἁναϐλαστάνει.
1500 2088 1558 2123 Οὐχ
1584 2088 1651 2122 ὁρᾷς
1674 2087 1703 2114 δὲ
1726 2088 1777 2114 καὶ
1797 2089 1833 2114 τὸ

1038 2140 1107 2174 agat;
1132 2138 1162 2164 οὐ
1180 2137 1252 2170 λέγω
1266 2135 1294 2162 δὲ
1307 2135 1321 2162 ὃ
1334 2135 1409 2161 τόνον
1422 2142 1452 2159 τε
1467 2133 1617 2167 διατὲμνει,
1643 2133 1690 2159 καὶ
1714 2133 1754 2164 εἰς
1780 2133 1832 2158 δύο

1041 2185 1112 2219 μέρη
1125 2182 1308 2218 περιίστησιν,
1322 2180 1386 2207 ἀλλ’
1398 2179 1412 2205 ὂ
1424 2179 1495 2206 κατὰ
1508 2177 1557 2213 τὴν
1573 2178 1657 2214 αὐτὴν
1672 2177 1831 2212 προσῳδίαι.

1002 2215 1026 2244 D
1040 2215 1211 2266 ῥυθμίζεται,
1233 2215 1281 2254 διαὶ
1299 2225 1368 2261 πρὸς
1388 2225 1419 2251 τὸ
1440 2223 1654 2259 διαπορούμενον
1673 2222 1832 2249 διαστέλλε-

1039 2284 1093 2304 ται·
1112 2273 1240 2309 σημαίνει
1257 2272 1306 2307 μὲν
1323 2271 1472 2305 σύνδεσμον
1484 2271 1530 2296 τὸν
1548 2268 1762 2303 συλλογιστικόν·
1782 2278 1834 2304 ση-

1041 2321 1131 2358 μαίνει
1145 2320 1174 2347 δὲ
1182 2319 1230 2346 καὶ
1241 2319 1286 2345 τὸν
1295 2317 1328 2353 δὴ
1338 2317 1414 2344 τόνον
1427 2316 1728 2352 παραπληρωματικόψ
1738 2323 1835 2350 παρα-

1039 2367 1209 2402 λαμϐάνεται
1225 2365 1252 2391 δὲ
1267 2364 1314 2391 καὶ
1333 2364 1393 2390 ἀντὶ
1408 2362 1454 2389 τοῦ
1471 2362 1509 2394 ὡς
1524 2361 1596 2388 ἔοικε
1612 2362 1660 2388 καὶ
1680 2360 1717 2392 ὡς
1733 2362 1834 2395 φαίνε-

1040 2422 1095 2440 ται.
1110 2411 1272 2439 Ἐπισκόπει
1296 2410 1324 2436 δὲ
1347 2409 1394 2436 καὶ
1414 2408 1444 2434 16
1470 2406 1591 2443 ἀτεχνῶς
1608 2405 1833 2441 περισπώμενον,

1042 2460 1117 2491 ὅσαις
1141 2458 1271 2489 διανοίαις
1295 2456 1495 2491 ὑποτέμνεται·
1522 2456 1555 2490 τῇ
1578 2462 1607 2481 τε
1632 2454 1687 2488 γὰρ
1708 2454 1836 2488 aquae-v1;

1042 2506 1089 2533 τοῦ
1104 2504 1214 2540 ἀληθῶς
1235 2503 1283 2530 καὶ
1295 2503 1328 2537 τῇ
1343 2502 1389 2528 τοῦ
1405 2501 1500 2532 ἁπλῶς
1523 2501 1570 2527 καὶ
1585 2499 1696 2530 τελείως
1711 2498 1758 2524 καὶ
1772 2499 1837 2525 d85-

1043 2552 1108 2584 λως,
1119 2551 1166 2578 καὶ
1182 2550 1234 2586 μὴν
1247 2551 1294 2576 καὶ
1308 2550 1341 2584 τῇ
1356 2548 1403 2574 τοῦ
1422 2547 1531 2583 ἰσχυροῦ
1545 2546 1593 2572 καὶ
1609 2544 1749 2576 καθάπαξ,
1764 2552 1837 2578 προ-

1045 2599 1154 2635 έρχεται
1170 2595 1383 2631 πληθυνομένου.
1400 2593 1496 2628 Εὖροις
1512 2593 1534 2619 δ’
1545 2592 1578 2619 ἂν
1593 2591 1681 2617 καὶτὸ
1696 2591 1764 2617 ἄττα
1775 2590 1837 2616 δια-

1048 2646 1138 2679 φόρως
1159 2642 1357 2676 προαγόμενον·
1375 2639 1423 2665 νῦν
1442 2639 1491 2673 μὲν
1506 2637 1560 2671 γὰρ
1582 2637 1613 2662 τὸ
1627 2636 1718 2666 ἆτινα.
1739 2635 1787 2661 νῦν
1809 2635 1838 2662 δὲ

1047 2691 1077 2718 τὸ
1091 2691 1161 2717 τινὰ·
1178 2687 1273 2714 ἄλλοτε
1288 2685 1315 2711 δὲ
1331 2685 1360 2711 16
1375 2683 1394 2710 ἃ.
1407 2683 1448 2710 ἄν·
1466 2683 1513 2709 καὶ
1536 2681 1629 2708 ἄλλοτε
1644 2680 1674 2707 τὸ
1696 2679 1761 2706 ποτὲ
1784 2687 1838 2715 ση-

964 2758 1082 2787 NOT/E.

243 2829 300 2864 (34)
319 2829 346 2857 Si
364 2829 524 2856 vocabulum
544 2829 648 2864 κομψία
659 2829 750 2864 exiges
762 2829 794 2855 ad
811 2830 931 2864 regulam
949 2838 994 2856 ρος

208 2863 414 2901 εηειῖχομψὺν,
426 2866 492 2892 satis
507 2863 613 2892 varium
634 2863 780 2900 \‘cl‘potius
795 2863 928 2892 incertum
944 2865 996 2892 hoc

1049 2828 1076 2855 in
1092 2827 1152 2853 loco
1171 2824 1353 2857 signiﬁcatum
1368 2820 1491 2849 habebis.

1087 2861 1142 2897 (δε)
1159 2859 1255 2894 Odyss.
1272 2858 1295 2889 ι,
