1882 3075
61 140 110 172 133

541 140 592 170 AD
612 137 916 172 .AMPHILOCIIIUM
934 136 1107 174 QUIESTIO
1123 137 1193 167 XXI

1651 135 1700 167 154

59 198 170 231 ςιαξνειν
183 195 333 229 ὲθέλοι,ιιαὶ
341 196 384 228 είς
398 195 518 222 τοσαῦτα
528 195 772 231 καταμερίζεσοαι.
786 195 851 222 Ἐπὶ

951 203 971 226 ς,
986 194 1110 229 designat
1122 194 1231 228 quidem
1245 200 1309 220 eum
1325 192 1371 227 qui
1386 192 1478 227 aliqua
1493 191 1699 226 sapicnliapiau

55 244 86 270 δὲ
95 243 155 273 τοῖς
168 243 326 277 είρημένοιε
341 241 390 268 καὶ
402 242 416 268 ὁ
426 241 506 275 σοφὸς
514 241 594 268 τοῦτο
605 241 638 276 δὴ
653 242 685 268 τὸ
697 243 855 276 Ιπρόχειρον,

55 288 188 324 σημαίνει
212 287 263 322 μὲν
282 287 329 314 τὸν
352 287 538 322 μετεσχηκότα
553 287 650 322 σοφίας
663 288 735 318 τινός
747 296 754 302 ·
784 287 858 319 ἰδίως

54 335 85 361 δὲ
96 335 146 361 καὶ
163 333 212 360 τδν
227 333 353 367 λογικοῖς
366 334 473 368 τέχναις
487 333 747 368 προσανακείμενον·
760 333 857 360 ἔπειτα

55 381 83 407 δὲ
99 380 150 407 καὶ
166 380 215 406 τὸν
228 380 339 406 συνέσει
353 379 407 406 τῶν
423 380 509 407 ἄλλων
524 380 684 415 προέχοντα·
698 380 741 415 ἐφ’
750 377 792 412 οἷς
805 381 855 408 καὶ

55 428 84 453 ὃν
103 427 207 462 ἀρεταὶ
229 426 347 461 κοσμεῖν
364 425 464 452 ἴσασιν
481 426 550 453 ἀλλά
571 434 605 459 γε
626 425 719 461 δήκαὶ
732 426 778 452 τὸν
795 426 856 452 επι-

55 473 174 507 τὴδειον-
187 472 238 498 καὶ
247 472 318 507 πρὸς
333 472 348 498 ὃ
359 480 386 498 τι
399 471 431 498 ἂν
443 471 564 507 ὁρμήσῃ,
583 471 771 507 θεωρούμενον
783 472 856 498 ἑτοι-

58 525 116 552 μσν·
132 517 166 549 ἐξ
180 525 215 543 ου
233 517 281 543 καί
294 525 362 551 φασι
374 516 460 551 Σοφὸς
480 514 515 552 ἦν
529 515 577 543 τοῦ
590 516 787 551 κακοποιῆσαι,
809 516 857 542 καὶ

61 563 140 596 σοφὸς
165 562 272 597 ἀρετὴν
285 561 436 597 μετελθεῖν.
450 561 602 597 Συνταγείη
615 561 638 587 δ’
654 561 688 588 ἂν
704 561 756 588 οὐκ
777 562 856 588 ἀπει-

57 609 140 639 κότως
154 608 267 639 τούτοις
283 607 331 635 καὶ
346 607 379 634 τὸ
404 607 546 634 θεσπέσιον
558 615 565 623 ·
581 607 629 633 καὶ
640 607 696 643 γὰρ
715 607 764 634 καὶ
777 607 857 634 τοῦτο

60 654 189 689 σημαίνει
216 653 268 687 μὲν
291 653 322 680 τὸ
346 653 419 680 θεῖον
431 661 439 669 '
459 653 588 689 σημαίνει
605 654 635 680 δὲ
649 654 697 680 καὶ
713 654 744 680 τὸ
757 654 856 688 πρᾶον,

59 700 122 727 ἀλλὰ
136 700 189 727 καὶ
204 700 238 726 τὸ
254 699 409 735 θαυμάσιον
427 701 475 727 καὶ
497 700 527 726 τὸ
543 700 622 728 πολὺ.
640 700 696 727 Καὶ
710 700 740 726 τὸ
755 699 855 734 κομιδῇ

60 748 85 773 δὲ
97 747 139 778 εἷς
151 755 184 772 τε
202 746 238 772 τὸ
251 746 313 772 λίαν
327 746 471 781 διαιρεῖται
487 745 537 772 καὶ
552 746 592 777 είς
605 746 637 772 τὸ
657 745 798 776 παντελῶς
810 745 858 771 καὶ

59 792 218 828 εἰλικρινῶς
232 800 263 818 τε
278 792 312 827 δὴ
327 792 376 818 καὶ
388 792 510 823 τελείως.
527 792 610 819 Ἀλλὰ
621 792 669 819 καὶ
682 791 712 818 τὸ
723 791 792 823 τέως
802 791 856 818 δια-

63 840 163 874 φόρους
177 839 304 870 διανοίας
320 839 457 874 περιέχει⁸
472 838 519 865 καὶ
531 838 587 874 γὰρ
598 837 725 865 τάττεται
741 838 793 872 μὲν
808 837 856 863 καὶ

908 240 984 268 ditus
994 243 1036 266 est
1047 247 1054 265 :
1072 238 1244 273 peculiariter
1255 243 1344 265 tamen
1354 239 1400 273 qui
1408 237 1502 272 logieis
1512 238 1644 265 doctrinis
1654 239 1701 265 dat

907 292 1036 320 operam:
1067 284 1132 312 item
1159 285 1205 319 qui
1232 285 1375 319 prudentia
1401 284 1508 312 caeteris
1540 284 1698 312 antecellit:

907 332 973 360 item
998 332 1145 359 virtutibus
1169 335 1329 358 exornatum
1348 339 1356 357 :
1382 331 1447 359 item
1463 332 1547 359 rebus
1569 332 1698 366 gerendis

911 379 1052 411 idoneum,
1062 383 1088 405 et
1103 377 1192 413 quiad
1206 377 1432 412 consequendum
1447 378 1616 413 propositqu
1630 377 1699 405 bene

906 423 1060 452 instructus
1077 423 1205 451 videtur:
1222 424 1293 450 unde
1312 428 1339 450 et
1365 423 1432 451 illud
1459 424 1582 455 effatum,
1603 423 1699 451 Sciens

907 473 966 496 erat
982 473 1009 496 el.
1024 469 1095 496 male
1111 469 1237 502 faciendi,
1250 474 1278 496 et
1299 476 1375 503 aeque
1389 469 1517 496 virtutem
1539 469 1694 495 exercendi.

907 514 976 542 Cum
992 515 1035 542 his
1049 522 1105 542 non
1124 514 1243 542 absurde
1252 514 1463 542 coacervabitnr
1488 514 1569 541 etiam
1598 513 1698 540 Θεσπέ-

908 569 977 593 σιον,
993 561 1066 596 quod
1077 561 1232 596 explicatur
1243 560 1379 594 divinum,
1393 561 1513 595 itemque
1522 561 1585 588 mite
1605 564 1633 587 et
1644 560 1698 587 mi-

907 606 1016 634 riﬁcum
1032 612 1059 635 et
1073 608 1226 643 copiosum.
1252 606 1312 634 Iam
1341 612 1368 635 et
1384 607 1483 642 κομιδῇ
1513 606 1646 634 dividitur
1671 606 1699 634 in

906 653 996 685 valde,
1010 657 1038 680 et
1060 647 1184 688 prorsus,
1207 658 1234 681 et
1249 652 1406 686 manifeste,
1431 657 1458 680 et
1482 653 1644 685 universim,
1672 656 1700 680 et

907 699 1037 734 perfecte.
1058 699 1133 730 Τέως
1147 706 1258 734 quoque
1271 699 1428 734 complures
1438 699 1608 734 signiﬁcatus
1623 707 1700 726 com-
1724 700 1730 705 ’

909 744 1054 779 plectitur:
1079 752 1141 772 nam
1162 745 1272 780 ponitur
1291 752 1340 779 pro
1355 744 1476 777 interim,
1493 749 1519 772 et
1537 752 1586 779 pro
1608 745 1697 779 prius.

905 796 933 818 et
945 799 995 826 pro
1016 799 1102 826 usque
1111 791 1189 823 dum,
1199 794 1227 818 el.
1238 798 1287 825 pro
1299 790 1325 817 in
1337 795 1453 817 tantum.
1471 790 1559 825 Atque
1572 790 1700 826 ἀλάστωρ

909 837 1046 872 significat
1063 837 1176 872 quidem
1191 836 1354 871 simpliciter
1366 836 1538 870 maleﬁcum;
1555 836 1601 863 sed
1609 841 1700 862 tamen

59 887 101 911 ἐπὶ
120 884 174 912 τοῦ
199 883 273 916 τέως
286 892 293 899 ·
307 884 438 910 τάττεται
452 883 480 910 δὲ
497 883 544 910 καὶ
559 883 605 910 ἐπὶ
619 882 666 909 τοῦ
681 882 745 918 πρίν
759 890 768 898 θ
784 882 855 909 ἀλλὰ

954 882 1046 910 nilicat
1075 883 1157 910 etiam
1187 882 1235 917 qui
1252 890 1335 909 manu
1359 883 1470 917 propria
1490 883 1590 910 caulem
1613 881 1700 909 facit;

58 931 103 957 καὶ
115 929 167 956 ἐπὶ
180 929 231 956 τοῦ
243 929 298 960 ἓως
310 929 393 960 nvo:
407 928 482 964 δηλοῖ
496 929 526 955 δὲ
537 928 586 954 καὶ
603 928 633 954 τὸ
647 927 696 953 ἐπὶ
715 926 854 954 τοσοῦτον.

59 977 111 1003 Καὶ
125 977 140 1003 ὸ
157 975 293 1010 ἀλάστωρ
305 974 336 1001 δὲ
356 973 484 1009 σημαίνει
500 975 550 1009 μὲν
565 973 659 1005 ἁπλῶς
675 973 722 1000 τὸν
737 972 858 1008 κακοῦρ-

58 1029 122 1057 70v-
143 1021 281 1056 σημαίνει
301 1019 332 1046 δὲ
345 1019 455 1046 καὶτὸν
475 1019 635 1055 αὐτοχειρίᾳ
655 1018 735 1053 φόνον
761 1019 858 1053 εἰργα-

59 1068 168 1102 σμένον·
180 1066 255 1094 ἀλλὰ
266 1075 300 1101 γε
317 1066 350 1102 δὴ
367 1066 415 1093 καὶ
427 1066 472 1092 τὸν
487 1065 630 1098 ἐπεξιόντα
639 1065 752 1097 τούτους
771 1065 809 1096 ὼς
824 1064 858 1091 τὰ

61 1115 167 1141 ἄλαστα
181 1112 414 1145 ἐπισκοποῦντας,
436 1112 561 1143 καὶτοὺς
582 1111 779 1146 εἰργασμένους
799 1111 858 1137 εἰσ-

61 1160 223 1194 πράττοντα
236 1159 326 1190 δίκας·
339 1157 415 1184 ἔνθεν
427 1157 490 1193 παρ’
505 1157 597 1189 αὐτοῖς
610 1157 658 1184 καὶ
673 1158 688 1184 ὁ
703 1156 770 1188 Ζεὺς
791 1156 859 1184 ἀλά-

61 1214 142 1240 στωρ.
166 1205 272 1240 Εὗροις
285 1203 314 1230 δ’
329 1203 363 1230 ἂν
384 1203 432 1229 καὶ
446 1203 476 1230 τὸ
493 1203 561 1230 πῦον
578 1203 618 1234 εις
638 1203 718 1230 πέντε
730 1203 854 1238 διαιρού-

61 1259 140 1285 μενον
165 1250 373 1286 σημαινόμεναδ
399 1249 439 1281 είς
460 1258 492 1276 τε
514 1250 563 1280 τὰς
580 1249 634 1285 πρὸ
654 1248 701 1275 τοῦ
719 1248 858 1283 γάλακτος

60 1296 172 1331 ῥανίδας
188 1295 248 1321 τῶν
264 1294 356 1330 θηλῶν
370 1294 589 1330 ἀποθλιὸομένας
599 1301 606 1309 ⁸
631 1295 678 1320 καὶ
694 1295 734 1326 εἰς
749 1293 815 1321 αὐτὸ
828 1294 860 1320 τὸ

60 1342 147 1375 γάλα·
164 1342 217 1368 καὶ
237 1341 292 1376 μὴν
308 1341 359 1367 καὶ
373 1341 414 1372 είς
431 1341 461 1367 τὸ
476 1340 681 1376 μεταδεδληκὸς
705 1336 776 1374 αἷμα
812 1339 861 1366 καὶ

60 1388 90 1422 δὴ
107 1388 158 1414 καὶ
182 1387 226 1419 εἰς
249 1387 282 1413 τὸ
302 1386 477 1421 γαλακτῶδες
501 1385 595 1421 ὑγρὸν,
613 1386 682 1421 ὅπερ
704 1385 752 1412 καὶ
779 1384 859 1421 όρρὺν

62 1434 192 1460 καλοῦσι·
212 1433 288 1464 τινὲς
303 1433 332 1459 δὲ
346 1432 415 1459 πῦον
434 1432 544 1460 καλοῦσι
564 1432 612 1459 καὶ
625 1432 656 1458 τὸ
670 1431 729 1458 νέον
746 1431 785 1466 τῷ
797 1431 860 1466 χθε-

62 1481 128 1516 σινῷ
152 1479 311 1514 συνεψηθὲν
335 1479 420 1513 γάλα.
439 1476 500 1504 Οἵδε
520 1478 549 1504 δὲ
565 1478 613 1504 καὶ
628 1477 658 1504 τὸ
674 1475 731 1504 εἷεν
744 1477 860 1513 διάφορα

62 1526 208 1562 σημαίνειν
221 1532 229 1540 ·
253 1525 300 1551 καὶ
323 1523 379 1564 γὰρ
400 1523 645 1572 παραλαμϐάνεται
667 1523 718 1557 μὲν
733 1522 771 1572 ως
787 1521 860 1572 άρχὴ
876 1543 897 1572 c

61 1572 143 1606 λόγου
156 1580 164 1587 ·
184 1570 435 1606 παραλαμῶνεται
450 1569 478 1595 δὲ
491 1568 539 1595 καὶ
561 1568 607 1595 ἐπὶ
628 1567 816 1599 κατανεύσεώς
832 1575 862 1593 τε

62 1609 110 1644 ιᾶι
126 1615 362 1651 συγκαταθέσεως
374 1622 382 1630 ·
402 1614 429 1640 οἱ
440 1614 468 1641 δὲ
483 1613 717 1648 συλλαμϐάνοντες
730 1612 814 1647 ἄμφω
828 1611 865 1638 τὰ

63 1665 202 1699 εἰρημένα
232 1659 435 1697 συγκατάθεσιν
459 1668 490 1686 τε
513 1658 612 1695 δηλοῦν
634 1658 701 1685 αὐτὸ
719 1657 862 1693 βούλονται

63 1711 116 1736 τῶν
130 1711 161 1736 ὲν
176 1708 218 1744 τῷ
234 1707 309 1743 λόγῳ
321 1705 542 1743 προειρημένων,
559 1705 606 1733 καὶ
619 1705 707 1741 ἀρχὴν
721 1704 777 1731 τῶν
796 1704 862 1739 μελ-

65 1756 164 1782 ὶόντων
181 1754 324 1789 εἰρῆσθαι·
338 1753 410 1781 ἀλλὰ
424 1752 470 1778 καὶ
484 1752 545 1779 ἀντὶ
558 1751 608 1778 τοῦ
622 1751 674 1785 ἄγε
688 1751 720 1787 δὴ
737 1752 774 1787 τῇ
786 1751 862 1786 φωνῇ

67 1802 227 1838 κέχρηνται·
252 1802 309 1832 τοῖς
331 1800 362 1826 δὲ
386 1798 631 1834 παραλαμϐάνεται
654 1798 703 1825 καὶ
726 1798 796 1824 κατὰ
814 1797 861 1823 τοῦ

67 1847 152 1872 ἐπαΐω
165 1846 215 1872 καὶ
231 1845 358 1880 συνίημι.
373 1844 429 1870 Καὶ
443 1843 603 1878 πολύστιχον
617 1843 652 1870 ἄν
667 1851 708 1874 τις
722 1842 861 1878 ἀπαρτίσῃ

66 1892 170 1928 ﬂiam,
180 1892 236 1917 οὐκ
246 1891 296 1917 ἐὰν
309 1888 394 1917 ποθὲν
405 1889 454 1921 τὰς
464 1889 638 1924 πολυσὴμους
648 1888 739 1923 φωνὰς
753 1888 862 1919 ἁπάσας

66 1937 227 1973 περιλασεῐν
238 1935 377 1970 ἐθελήσοι,
385 1934 504 1971 ἐργῶδές
512 1943 542 1961 τε
550 1935 604 1970 γὰρ
610 1933 690 1961 τοῦτο
696 1935 741 1961 καὶ
749 1933 862 1968 πλησίον

67 1984 120 2009 τῶν
132 1982 303 2016 ἀνεφίκτων,
316 1980 374 2008 ἀλλ’
386 1981 435 2007 ἐὰν
448 1982 486 2013 εἰς
500 1980 529 2007 ἐν
543 1980 708 2015 συναγαγεῖν
718 1979 861 2014 βουληθείη

67 2031 115 2060 τὰς
132 2029 181 2054 επὶ
201 2027 286 2054 πλέον
297 2027 355 2053 τῶν
371 2026 459 2053 ἄλλων
475 2026 614 2060 συνήθεις,
633 2025 681 2052 καὶ
695 2026 752 2056 τοῖς
773 2024 862 2058 λόγοις

69 2074 171 2109 μᾶλλον
188 2071 412 2104 ἓπιπολαζούσας
425 2080 432 2087 ·
457 2069 503 2099 οἶα
521 2072 555 2108 δὴ
575 2071 623 2098 καλ⁸
643 2072 710 2106 ἡμῖν
735 2070 860 2106 ἐπράχθη

66 2122 114 2154 τὴν
125 2119 183 2145 τῶν
201 2119 354 2154 μειρακίων
367 2117 486 2153 ἠλικίαν,
495 2117 532 2148 ὡς
546 2117 592 2143 καὶ
604 2116 684 2147 αὐτὸς
692 2113 781 2148 οἶσθα,
791 2123 862 2150 παρ-

69 2166 234 2193 αλλὰττουσι
242 2165 312 2200 (56)·
324 2164 385 2190 νυνὶ
393 2164 421 2190 δὲ
434 2164 481 2190 καὶ
492 2163 553 2189 ὅσαι
563 2163 698 2198 εῐρηνται,
706 2162 756 2198 τὴν
766 2162 861 2198 χρείαν

68 2212 198 2246 αὐτάρκη
214 2209 403 2245 παρέχονται·
429 2208 476 2234 καὶ
497 2208 559 2234 οὐδὲ
578 2208 624 2234 ἐπὶ
640 2206 767 2234 τοσοῦτον
793 2207 826 2234 ἂν
847 2208 861 2233 ὁ
874 2210 900 2240 D

69 2259 134 2293 περὶ
151 2257 245 2283 αὐτῶν
260 2255 382 2292 προῆλθε
397 2255 486 2288 λόγος’
505 2254 582 2289 φίλον
600 2254 654 2289 γὰρ
667 2253 709 2280 ἀει
725 2262 771 2289 μοι
788 2253 860 2280 διευ-

67 2303 215 2330 ὶαῦεῖεοαι
227 2301 257 2328 τὸ
271 2300 464 2336 ἀπειρόκαλον
480 2300 504 2326 εί
519 2300 558 2335 μὴ
571 2299 701 2330 πολλάκις
713 2298 778 2333 περὶ
792 2298 864 2330 ἐνίας

72 2349 121 2375 τῶν
133 2346 383 2382 διευκρινηθέντων
405 2346 502 2378 λέξεων
515 2343 629 2375 πολλοὺς
643 2340 702 2370 οἶδα
717 2342 864 2378 συζητοῦν-

71 2403 115 2426 τις
128 2394 180 2420 καὶ
195 2392 314 2428 σπουδὴν
329 2393 368 2423 εἰς
386 2391 504 2427 μάθησιν
519 2390 738 2424 συνεισάγοντας.

104 2439 139 2475 β’.
167 2437 250 2465 am
264 2437 318 2472 γὰρ
351 2436 485 2471 τοσαύτης
503 2434 634 2470 ἀφθονίας
664 2430 864 2468 εὑρισκομένης

69 2487 122 2513 τῶν
133 2485 303 2519 πολυσήμων
320 2484 350 2509 έν
364 2483 422 2514 τοῖς
434 2482 487 2508 τῶν
514 2481 636 2516 ἀρχαίων
664 2479 862 2514 συντάγμασιν,

58 2529 106 2559 ὗν
121 2533 136 2559 ὁ
153 2531 213 2566 βίος
230 2529 309 2565 εἰπερ
322 2537 350 2555 τι
359 2528 424 2555 ἄλλο
438 2527 557 2561 λογάδων
579 2525 677 2557 λέξεων
691 2525 708 2560 ἡ
720 2525 811 2559 σοφία,
838 2525 865 2550 τί

71 2579 170 2607 κωλύει
181 2578 233 2606 καὶ
248 2579 308 2609 ταῖς
324 2576 474 2612 ἡμετέραις
499 2574 670 2610 ίερολογίαις,
684 2570 728 2604 αἷς
740 2572 795 2599 τῶν
811 2580 862 2598 σω·

70 2627 173 2662 τηρὶων
183 2626 276 2661 ἔργων
289 2624 393 2655 σκοπὸς
407 2623 424 2658 ἢ
435 2622 593 2650 διδασκαλία
601 2621 647 2647 καὶ
661 2621 677 2655 ἡ
692 2619 864 2654 παραίνεσις,

71 2674 206 2709 διαφόρων
233 2671 424 2707 ὑποκειμένων
465 2671 609 2706 σήμαντρα
642 2666 866 2702 παραλαμὸάνειν

909 928 1023 963 insuper
1048 933 1076 956 et
1093 936 1155 955 eum
1180 928 1227 963 qui
1258 928 1418 963 hujusmodi
1445 928 1579 956 scelestos
1604 936 1696 962 perse-

909 974 1013 1009 quitur,
1032 982 1130 1006 nempe
1155 975 1202 1009 qui
1224 975 1252 1002 in
1270 975 1403 1002 maleﬁcia
1420 975 1624 1005 animadvertit,
1641 982 1700 1009 pa:-

909 1028 1014 1055 nasque
1034 1021 1120 1048 areis
1148 1020 1288 1055 reposcit:
1317 1021 1389 1047 unde
1417 1021 1500 1048 etiam
1527 1020 1634 1056 Jupiter
1665 1021 1701 1048 ab

909 1066 1026 1094 ethnicis
1042 1067 1131 1093 dictus
1154 1066 1291 1102 ἀλάστωρ.
1317 1065 1390 1092 Πῦον
1416 1073 1525 1101 quoque
1554 1066 1654 1094 senties
1672 1066 1700 1093 in

909 1114 1030 1148 quinque
1045 1112 1213 1147 signiﬁcatus
1230 1112 1326 1139 abire:
1344 1120 1442 1146 nempe
1467 1111 1701 1147 signiﬁcatstillas

909 1157 1071 1192 papillarum
1094 1162 1158 1184 ante
1177 1157 1219 1184 lac
1236 1164 1390 1192 expressas,
1415 1157 1457 1184 lac
1472 1157 1575 1191 ipsum,
1604 1163 1662 1184 tum
1674 1163 1701 1184 et

909 1203 1070 1238 sanguinem
1095 1208 1267 1237 corruptum,
1295 1207 1352 1230 tum
1380 1203 1501 1238 denique
1532 1203 1699 1231 subviridem

910 1249 1052 1276 humorem
1080 1249 1195 1277 lacteum
1225 1249 1298 1284 quod
1321 1257 1412 1276 serum
1423 1255 1531 1277 vocant.
1559 1250 1700 1277 lmonon-

911 1294 978 1322 nulli
995 1294 1065 1321 πῦον
1081 1295 1218 1330 appellant
1236 1302 1336 1322 novum
1354 1295 1396 1323 lac
1415 1303 1476 1323 cum
1493 1297 1620 1323 hesterno
1635 1304 1700 1323 con-

910 1345 1032 1368 coctum.
1047 1341 1165 1369 Verbum
1193 1349 1302 1376 quoque
1326 1339 1381 1368 εἶεν
1404 1342 1512 1369 diversa
1540 1342 1698 1377 signiﬁcare

911 1387 981 1414 solet
998 1395 1005 1414 :
1020 1394 1082 1414 nam
1099 1392 1126 1414 et
1143 1387 1253 1414 initium
1267 1387 1402 1414 orationis
1411 1392 1472 1422 est;
1488 1392 1515 1415 et
1534 1388 1568 1415 ad
1585 1395 1702 1416 conces-

912 1432 1018 1459 sionem
1047 1440 1270 1468 consensumque
1295 1433 1453 1460 adhibetur.
1482 1432 1611 1461 Nonnulli
1637 1442 1702 1461 vero

913 1482 1060 1513 utcumque
1083 1479 1278 1514 amplectentes
1304 1479 1468 1514 praedictum
1504 1480 1702 1515 signiﬁcatum,

914 1532 979 1552 voce
993 1525 1042 1552 liae
1056 1531 1083 1552 et
1103 1525 1326 1560 approbationem
1343 1531 1406 1553 ante
1431 1526 1566 1554 dictorum
1592 1528 1618 1554 in
1643 1536 1703 1554 scr—

914 1578 996 1598 tuone
1016 1571 1199 1598 demonstrari
1223 1572 1317 1605 aiunt,
1334 1576 1361 1599 et
1388 1572 1495 1600 initium
1517 1581 1580 1600 mox
1609 1573 1704 1601 dicen-

914 1617 1021 1643 dorum.
1046 1617 1165 1644 Utuntur
1190 1617 1243 1645 hac
1269 1625 1336 1645 voce
1360 1618 1443 1645 etiam
1471 1626 1520 1653 pro
1539 1626 1594 1654 age
1623 1628 1701 1647 vero.

913 1663 1029 1697 Quidam
1047 1663 1166 1698 denique
1182 1663 1321 1698 accipiunt
1337 1665 1419 1692 etiam
1439 1672 1488 1700 pro
1514 1666 1598 1693 audio
1613 1670 1639 1693 et
1653 1674 1702 1701 pro

913 1709 1045 1744 intelligo.
1064 1708 1190 1742 Amplum
1206 1710 1341 1736 conficere
1368 1709 1462 1737 liceret
1477 1710 1617 1740 volumen.
1646 1719 1701 1738 non

912 1755 973 1783 dico
998 1755 1033 1783 ob
1059 1754 1260 1783 coacervandns
1291 1755 1411 1790 undique
1437 1757 1505 1783 varii
1527 1757 1702 1791 signiﬁcatus

912 1810 995 1831 voces
1012 1803 1086 1839 (nam
1108 1802 1135 1830 id
1145 1810 1290 1838 operosum
1308 1809 1334 1830 et
1350 1811 1434 1838 prope
1447 1803 1639 1838 impOSsibile),
1653 1806 1702 1832 sed

912 1849 937 1877 si
951 1849 1015 1884 quis
1025 1849 1066 1876 vel
1078 1849 1235 1876 usitatiores
1248 1850 1436 1877 tantummodo
1453 1857 1603 1884 congerere
1611 1850 1702 1883 vellet,

912 1900 937 1923 et
950 1903 1011 1930 quae
1025 1896 1051 1922 in
1067 1903 1221 1923 sermonem
1244 1895 1414 1930 frequentius
1430 1896 1595 1928 incurrunt;
1610 1896 1702 1930 cujus-

913 1941 986 1969 modi
1006 1949 1075 1976 opus
1088 1950 1101 1969 a
1119 1949 1162 1968 me
1186 1941 1245 1974 ipso
1265 1941 1418 1969 confectum
1433 1941 1494 1973 fuit.
1513 1947 1543 1969 ut
1567 1942 1632 1975 scis,
1647 1949 1703 1977 quo

913 1992 1034 2022 tempore
1060 1988 1183 2022 epucris
1210 1988 1388 2015 exeedebam.
1421 1987 1500 2016 Nunc
1525 1993 1614 2016 tamen
1641 1997 1703 2024 qua:

913 2033 1047 2061 hactenus
1072 2034 1141 2064 dixi,
1173 2034 1211 2061 rei
1241 2034 1368 2067 praesenti
1404 2034 1513 2062 abunde
1552 2033 1702 2063 sufﬁciunt.

913 2079 971 2106 lmo
996 2087 1029 2107 ne
1057 2080 1150 2108 tandiu
1182 2080 1293 2115 quidem
1328 2089 1483 2109 sermonem
1510 2082 1701 2116 produxissetn

913 2126 988 2159 (nam
1005 2127 1069 2153 mihi
1098 2126 1133 2153 ab
1163 2126 1310 2154 insolentia
1329 2128 1442 2155 cavendi
1470 2135 1531 2156 mos
1553 2133 1703 2163 perpetuus

915 2171 989 2206 fuit),
1007 2172 1058 2199 nisi
1072 2179 1261 2207 saepenumero
1274 2173 1528 2201 animadvertissem
1544 2175 1615 2202 circa
1633 2183 1704 2201 non-

914 2217 1005 2245 nullas
1026 2218 1171 2253 eacteroqui
1189 2218 1273 2253 probe
1297 2219 1454 2254 exploratas
1476 2226 1568 2252 voces,
1602 2221 1705 2247 multos

913 2262 1005 2289 adhuc
1024 2262 1177 2297 disputare,
1190 2263 1366 2298 studiumque
1385 2264 1420 2293 ad
1435 2271 1482 2292 eas
1498 2266 1705 2300 cognoscendas

913 2308 1048 2336 conferre.

951 2439 979 2467 2.
1003 2440 1059 2475 Age
1077 2447 1139 2467 vero
1153 2448 1216 2467 cum
1232 2445 1308 2468 tanta
1322 2441 1357 2468 sit
1371 2441 1598 2476 significationum
1615 2442 1704 2469 varia-

915 2495 976 2514 rum
991 2486 1067 2520 copia
1086 2485 1113 2512 in
1133 2486 1242 2521 scriptis
1259 2491 1377 2513 veterum
1389 2508 1396 2520 ,
1411 2495 1526 2521 quorum
1540 2487 1600 2514 vita:
1615 2488 1702 2514 curri-

916 2533 1006 2560 culum
1020 2533 1045 2559 iu
1061 2533 1174 2559 scicntia
1192 2533 1325 2567 praecipue
1338 2533 1541 2568 tleligendorum
1560 2534 1704 2561 verborum

917 2584 1111 2614 consumptum
1139 2578 1206 2610 fuit;
1229 2578 1293 2612 quid
1321 2578 1348 2604 ni
1373 2583 1473 2606 nostra:
1496 2587 1605 2612 quoque
1632 2578 1704 2606 Scri-

918 2629 1003 2658 ptura:
1017 2632 1121 2655 sacrm,
1148 2632 1262 2658 quarum
1281 2629 1370 2650 tamen
1397 2623 1460 2651 ﬁnis
1481 2629 1524 2651 est
1543 2625 1703 2652 salutarium

921 2678 1034 2704 Operum
1055 2669 1241 2704 magisterium
1257 2674 1284 2696 et
1300 2669 1393 2696 suasio
1404 2689 1412 2702 ,
1431 2669 1496 2704 quid
1518 2669 1544 2696 ni
1555 2690 1564 2703 ,
1580 2669 1704 2704 inquam,

837 2737 953 2765 NOTJE.

107 2813 161 2848 (36)
178 2813 248 2841 llinc
260 2812 454 2847 cognoscimus
481 2818 533 2848 qua
552 2809 766 2848 ωῄιοῑομιλεκὶςοη
783 2816 863 2848 suum
911 2808 980 2848 i808
1049 2807 1230 2848 llermannus,
1246 2815 1300 2834 non
1325 2812 1413 2834 tamen
1430 2806 1488 2834 sine
1505 2804 1581 2841 gravi
1605 2805 1704 2835 lacuna

72 2843 219 2876 confecerit
248 2843 379 2880 l'hotius;
399 2843 734 2881 quam-luculn‘alionem
751 2845 866 2881 antehac
912 2844 984 2871 inter
1000 2843 1023 2870 Δ
1038 2847 1064 2871 ct
1081 2843 1110 2869 Ε.

73 2883 212 2916 iueditam,
233 2889 328 2912 nostra
346 2879 458 2910 domum
474 2885 552 2909 :ctate
566 2880 686 2916 vulgavit
707 2879 804 2915 Lipsire
820 2887 865 2906 an.
