1882 3075
171 145 223 176 155

747 140 879 172 ΡΠΟΤΠ
899 139 1153 170 PATRIARCH/E
1170 139 1224 169 ΟΡ.

1751 139 1800 172 L56

163 202 244 228 verba
259 198 419 227 notionibus
441 196 502 225 aliis
521 201 603 232 atque
623 196 684 224 aliis
701 198 811 232 praedita
836 203 916 230 comp

1039 196 1128 231 όματα
1141 204 1148 228 ;
1161 195 1202 222 διὸ
1218 194 1265 222 καὶ
1282 195 1312 222 rb
1323 194 1471 231 ἀπεκρίθη,
1491 194 1559 231 ὓπερ
1574 203 1603 222 σε
1620 194 1750 228 πολλάκις
1761 198 1804 228 εις

160 244 382 278 ctantur?Quarc
390 243 570 279 οιὰπεκρίθη,
578 243 650 277 quod
666 242 712 270 tibi
723 242 884 269 vocabulum
892 249 962 275 saepe

163 291 361 320 dubitationem
371 288 497 323 iniecisse
513 289 566 319 ais.
586 289 628 323 (ιιι
644 295 717 315 nunc
732 292 854 314 omittam
875 286 961 321 signi-

162 339 318 370 licentiam,
340 341 494 370 separatum
520 340 578 367 est;
606 339 633 361 et
655 342 722 369 quas
746 334 844 361 medici
870 333 961 367 appri-

161 392 204 411 me
221 383 337 412 callent,
359 381 509 409 sudoribus
528 381 663 415 digestum
676 401 684 413 ,
705 384 732 407 ct
744 385 884 407 excretum
898 398 906 411 ,
931 382 959 405 et

160 430 234 458 vasis
249 428 376 460 eﬂusum,
393 432 420 455 et
434 427 461 454 in
477 427 530 454 hoc
541 427 649 461 desivit)
672 435 721 462 pro
737 427 903 459 divinarum,
918 425 960 452 in-

161 483 242 510 quam
254 496 261 508 ,
279 475 430 502 litterarum
446 481 496 500 usu
509 473 648 508 ἀπεκρίθη
661 472 797 508 signiﬁcat
819 472 846 500 id
856 492 863 505 ,
886 470 959 506 quod

163 529 245 548 nemo
260 520 364 551 nescit,
378 526 539 554 responsum
555 518 588 545 ad
606 518 861 554 interrogationem.
882 517 960 551 Saepe

160 567 243 594 etiam
256 566 420 600 expletivum
430 564 592 591 vocabulum
603 568 660 596 est;
675 564 811 591 interdum
824 563 959 590 sermonis

160 612 302 639 exordium
316 616 359 639 est
373 621 379 643 ;
395 615 453 638 tum
465 612 548 638 etiam
565 612 676 638 deuolat
690 618 785 638 eorum
805 617 867 645 qua:
885 610 958 636 dicta

161 657 271 684 fuerunt
284 657 477 684 admissiouem
492 665 499 688 ;
515 657 579 683 item
597 656 703 688 oravit,
720 656 882 690 deprecatus
895 659 956 688 est;

160 707 217 729 tum
231 703 348 736 denith
363 701 541 736 interrogavit
555 709 664 736 quoque
678 701 834 736 signiﬁcare
846 707 957 734 compe-

159 749 224 776 ries.
245 748 304 775 Jam
323 748 382 783 ejus
402 747 587 783 signiﬁcatus,
609 755 691 783 quem
721 755 817 774 omnes
840 752 956 785 norunt,

160 795 243 822 multa
258 799 339 829 atque
349 793 427 821 obvia
438 793 593 821 testimonia
606 798 680 821 sunt.
694 793 793 825 Veluti,
808 803 817 818 ι
833 792 957 828 Respon-

159 843 225 868 dens
241 841 334 868 Simon
349 841 446 867 Petrus
460 840 498 866 ait
524 847 530 865 :
557 839 597 867 'l‘u
611 848 641 867 es
655 839 781 867 Christus
804 839 890 866 Filius
909 838 956 866 Dei

158 888 214 915 vivi
227 888 260 914 ".
279 897 288 914 ι
319 886 387 914 Nam
411 887 557 914 Dominicat
574 887 781 922 interrogationi
807 894 868 921 qua:
889 893 957 921 prat-

159 937 287 966 eesserat,
299 942 308 959 (
324 933 380 961 Vos
394 937 492 967 autem,
511 941 592 968 quem
607 941 650 960 me
665 941 725 960 esse
741 933 834 960 dicitis
854 942 863 959 ι
877 940 955 960 suam

162 987 189 1008 ct
219 981 469 1016 condiscipulorum
499 980 661 1007 sententiam
683 980 809 1014 princeps
827 979 955 1007 subdidit.

161 1028 225 1054 Item
243 1027 269 1054 in
288 1035 319 1054 ea
340 1026 494 1053 locutione:
514 1034 523 1050 ε
541 1024 794 1060 Responditdicens
812 1034 818 1051 :
833 1024 883 1057 Qui
910 1024 958 1051 ha-

163 1073 210 1100 liet
238 1073 306 1100 duas
328 1073 435 1099 tunicas
451 1091 459 1104 ,
488 1072 623 1104 impertiat
648 1071 685 1097 illi
722 1071 767 1105 qui
792 1076 867 1098 caret
882 1070 905 1085 ⁸⁸
924 1077 954 1102 ς»

161 1118 233 1146 idem
250 1126 346 1146 sensus
363 1119 556 1152 cognoscitur;
573 1117 664 1144 erudit
678 1117 751 1144 enim
769 1118 862 1144 turbas
873 1137 880 1148 ,
894 1124 956 1151 quae

161 1173 222 1192 eum
246 1169 409 1199 rogaveram
428 1171 547 1199 quonam
572 1169 650 1198 pacto
670 1164 785 1190 salutem
807 1171 957 1198 conseque-

160 1215 264 1238 rentur.
285 1209 372 1237 Sicuti
390 1209 494 1237 etiam;
527 1219 537 1235 ‹
553 1209 702 1244 Respondit
725 1211 765 1237 eis
783 1209 903 1237 Joannes
916 1209 955 1236 di-

159 1265 224 1284 cens
237 1266 243 1283 :
260 1256 315 1291 Ego
326 1265 397 1291 aqua
409 1257 533 1291 baptizo;
551 1257 656 1283 medius
667 1262 757 1283 autem
771 1261 889 1284 vc~trum
903 1260 956 1288 est,

160 1311 240 1338 quem
259 1310 307 1330 vos
322 1303 472 1330 nescitis“.
494 1311 503 1328 ι
520 1302 642 1334 Namque
660 1304 783 1336 \erbum,
802 1302 953 1337 respondit,

163 1348 289 1375 rumdem
305 1355 385 1374 ttsum
402 1352 429 1374 et
445 1347 497 1374 hoc
513 1348 573 1374 loco
587 1352 739 1374 conservat.
759 1346 889 1374 Sexcenta
903 1347 956 1374 alia

160 1394 295 1428 ejusmodi
312 1397 386 1420 sunt.
404 1393 455 1420 Sed
469 1393 542 1419 enim
565 1393 742 1420 locutionem:
758 1403 766 1418 ι
783 1393 957 1428 lllotetnpore

161 1440 328 1474 respondens
342 1438 421 1466 .Icsus
434 1438 503 1466 dixit
515 1447 521 1465 :
538 1437 676 1466 Conliteor
690 1439 748 1471 tibi,
761 1438 839 1466 Pater
853 1439 915 1466 caeli
930 1443 958 1466 et

163 1491 242 1514 terrm
254 1486 277 1501 "
287 1494 295 1518 ;
307 1495 316 1511 ι
333 1486 412 1517 hanc,
427 1485 549 1519 inquam,
564 1489 670 1511 constat
682 1492 696 1510 a
713 1485 881 1519 pra-cedente
894 1493 956 1513 sen-

974 869 994 896 Β

1013 240 1179 275 ἀμφιϐολίαν
1194 241 1262 275 ἔφης
1275 240 1404 275 ἐμϐαλεῖν
1418 249 1425 255 ⁸
1444 241 1488 267 ἵνα
1504 240 1552 267 νῦν
1580 241 1652 268 ἐάσω
1664 242 1693 268 τὸ
1709 241 1803 277 διεχω-

1013 286 1093 322 ρίσθη
1110 295 1117 302 ·
1133 287 1180 313 καὶ
1195 287 1209 313 ὃ
1224 286 1341 321 μάλιστα
1355 287 1451 318 παῖδες
1464 287 1564 322 ἰατρῶν
1582 286 1654 313 ῐσασι
1669 287 1700 313 τὸ
1710 287 1805 321 διεφο-

1014 332 1083 367 ρήθη
1099 341 1139 365 τε,
1157 333 1204 359 καὶ
1215 332 1354 368 ἐξεκρίθη,
1371 333 1418 359 καὶ
1428 332 1553 367 ἐξεχύθη,
1581 332 1629 358 καὶ
1663 333 1703 364 είς
1723 333 1806 360 τοῦτο

1012 378 1161 414 κατέληξεν
1177 387 1184 393 υ
1199 378 1256 405 ἁλλ’
1272 378 1313 412 ἐφ’
1326 375 1363 406 ὧν
1380 387 1412 412 γε
1424 379 1540 414 συνήθης
1567 379 1625 404 ἐστὶ
1639 378 1693 405 τῶν
1708 379 1805 406 θεοσό-

1011 433 1069 459 φων
1084 426 1100 460 ὴ
1112 425 1210 461 χρῆσις
1227 425 1335 459 λογίων,
1346 425 1474 460 σημαίνει
1492 425 1542 460 μὲν
1551 416 1581 451 τὸ
1595 425 1742 460 ἀπεκρίθη,
1753 426 1804 451 καὶ

1010 472 1043 507 ἢν
1057 471 1144 502 οὐδεὶς
1158 472 1250 505 ἀγνοεῖ
1261 471 1390 505 διάνοιαν,
1408 471 1469 506 ἥτις
1486 471 1534 498 καὶ
1547 470 1615 506 πρὸς
1630 470 1680 505 τὴν
1695 471 1804 505 ἐρώτη-

1011 524 1053 542 σιν
1070 516 1225 543 ἀποδίδοται
1241 524 1248 532 ·
1263 516 1392 548 πολλάκις
1408 516 1436 543 δὲ
1466 517 1514 543 καὶ¹
1539 516 1802 551 παραπληρώματος

1009 564 1102 599 ἐπέχει
1113 564 1204 596 τάξιν·
1222 564 1315 591 ἄλλοτε
1333 564 1362 590 δὲ
1373 565 1421 591 καὶ
1440 565 1527 600 ἀρχὴν
1538 563 1691 599 ἀναπληροῖ
1705 563 1799 596 λόγου·

1009 612 1054 638 ναὶ
1086 611 1114 638 δὲ
1132 611 1180 638 καλ.
1190 611 1221 638 τὺ
1248 611 1423 643 διαδέξασθαι
1439 611 1483 637 τὸν
1495 610 1686 646 προρρηθέντα
1720 609 1800 643 λόγον

1009 657 1190 688 ὑποὸάλλεται
1203 666 1210 672 ·
1225 658 1273 684 καὶ
1291 658 1343 693 μὴν
1359 658 1446 684 καὶτὸ
1463 657 1585 684 ἱκέτευσε
1615 657 1662 683 καὶ
1690 657 1798 690 ἐδέησε,

1009 703 1100 740 εὕροις
1116 703 1139 729 δ’
1156 703 1189 730 ἂν
1205 705 1347 738 σημαῖνον,
1360 703 1448 730 καὶτὸ
1462 703 1583 738 ὲρώτησε
1599 712 1606 719 ·
1621 701 1759 738 μαρτύρια
1767 702 1799 728 δὲ

1008 748 1056 776 τοῦ
1080 749 1129 784 μὲν
1149 749 1224 785 παρὰ
1239 749 1321 776 πᾶσιν
1334 748 1518 784 ἐγνωσμένου,
1534 748 1620 775 πολλά
1631 748 1660 774 τέ
1675 749 1734 774 ἐστι
1749 747 1799 774 καὶ

1008 795 1102 822 λαϐεῖν
1116 795 1269 830 πρόχειρον,
1285 793 1352 828 οἷον,
1370 804 1380 821 ‹
1393 795 1565 830 ’Λποκριθεὶς
1585 794 1676 829 Σίμων
1694 795 1799 829 Πέτρος

1009 839 1069 868 εἷπε
1085 850 1093 856 θ
1129 842 1164 868 Σὺ
1184 839 1208 868 εἴ
1226 842 1240 867 6
1260 841 1377 877 Χριστὸς
1390 841 1407 867 6
1423 841 1486 872 Υἱὸς
1507 841 1555 867 τοῦ
1571 840 1638 867 Θεοῦ
1653 839 1699 867 τοῦ
1726 839 1797 871 ζῶν-

1007 896 1064 918 τος.
1084 897 1093 913 ι
1109 887 1164 914 Καὶ
1178 887 1232 924 γὰρ
1248 887 1315 923 πρὸς
1329 887 1379 922 τὴν
1390 887 1561 923 Δεσποτικὴν
1579 886 1713 920 ἐρώτησιν
1745 886 1798 921 τὴν

1008 932 1209 968 προλαΰοῦσαν,
1235 933 1329 967 Ὑμεῖς
1352 933 1380 959 δὲ
1396 932 1456 959 τίνα
1476 941 1510 967 με
1530 933 1623 966 λέγετε
1638 930 1727 964 εῐναις
1746 931 1799 966 τὴν

1007 978 1093 1005 αὑτοῦ
1116 977 1230 1013 γνώμην
1252 979 1266 1005 6
1290 979 1436 1014 κορυφαῖος
1459 978 1507 1005 καὶ
1525 978 1578 1004 τῶν
1610 978 1798 1013 συμμαθητῶν

1006 1024 1160 1051 ἀποδίδωσι.
1177 1024 1232 1050 Καὶ
1246 1025 1275 1051 ὲν
1290 1024 1341 1059 τῷ,
1359 1034 1368 1050 ι
1386 1024 1534 1060 Ἀπεκρίθη
1552 1025 1579 1050 δὲ
1594 1024 1680 1058 λέγων
1692 1024 1795 1054 αὐτοῖς.

1007 1071 1022 1096 6
1034 1070 1105 1104 ἔχων
1116 1069 1162 1096 δύο
1176 1069 1292 1105 χιτῶνας
1304 1070 1443 1105 μεταδότω
1457 1070 1496 1105 τῷ
1505 1070 1542 1105 μὴ
1557 1070 1655 1105 ἔχοντι,
1673 1080 1682 1096 ι
1698 1071 1714 1104 ἠ
1727 1069 1798 1104 αὑτὴ

1007 1115 1159 1151 καθορᾶται
1174 1115 1270 1151 γνώμῃ
1286 1124 1292 1130 ·
1310 1117 1367 1147 τοῖς
1379 1116 1434 1152 γὰρ
1446 1117 1618 1152 ἐρωτήσασιν
1637 1115 1726 1150 ὄχλοις
1734 1116 1798 1141 ὅθεν

1007 1162 1200 1197 καρπώσονται
1223 1162 1272 1197 τὴν
1295 1163 1442 1197 σωτηρίαν,
1468 1162 1667 1189 ὑποδείκνυσιν.
1691 1162 1798 1196 Ὥσπερ

1007 1209 1054 1235 καὶ
1070 1208 1111 1240 τὸ,
1126 1218 1136 1234 t
1151 1208 1302 1244 ’Λπεκρίθη
1315 1209 1406 1240 αὐτοῖς
1420 1210 1434 1235 6
1455 1209 1580 1244 Ἰωάννης
1595 1208 1681 1242 λέγων
1698 1216 1704 1223 ·
1726 1207 1798 1242 Ἐγὼ

1008 1254 1132 1289 βαπτίζω
1142 1255 1171 1280 ὲν
1187 1254 1265 1281 ὕδατι
1282 1262 1290 1270 ο
1313 1255 1394 1289 μέσος
1409 1254 1436 1280 δὲ
1450 1254 1527 1289 ὑμῶν
1545 1255 1661 1290 ἕστηκεν
1674 1254 1703 1280 ὃν
1718 1254 1799 1288 ὑμεῖς

1007 1301 1056 1328 οὐκ
1068 1301 1156 1328 οῐὸατε
1169 1319 1177 1327 .
1203 1310 1213 1327 )
1233 1300 1279 1332 Et;
1304 1302 1357 1337 γὰρ
1381 1301 1429 1336 τὴν
1458 1301 1543 1336 αὐτὴν
1556 1301 1603 1327 καὶ
1616 1300 1693 1327 τοῦτο
1702 1302 1798 1335 χρείαν

1007 1346 1181 1381 ἀναφέρεται·
1205 1346 1252 1372 καὶ
1264 1346 1348 1381 μυρία
1362 1346 1438 1373 ἄλλα.
1455 1346 1491 1372 Τὸ
1500 1347 1539 1379 δὲ,
1558 1355 1566 1372 ι
1584 1346 1629 1372 Ἐν
1644 1346 1739 1381 ἐκείνῳ
1757 1345 1799 1380 τῷ

1008 1391 1097 1427 καιρῷ
1116 1391 1300 1427 ἀποκριοελςό
1321 1393 1424 1427 Ἰησοῦς
1449 1390 1526 1418 εἶπεν
1539 1400 1546 1406 ·
1566 1391 1800 1426 Ἐξομολογοῦμαί

1008 1445 1061 1470 σοι,
1079 1437 1170 1473 Πάτερ
1188 1437 1276 1473 Κύριε
1299 1438 1346 1464 τοῦ
1364 1438 1479 1473 οὖρανοῦ
1508 1438 1613 1472 καὶτῆς
1624 1438 1701 1473 γῆς,»
1717 1438 1799 1472 δῆλον

1008 1482 1048 1508 ὃτι
1057 1483 1108 1516 τῆς
1125 1484 1175 1517 μὲν
1194 1483 1401 1519 προειρημένης
1415 1484 1520 1516 ἐννοίας
1548 1484 1700 1519 διέστηκεν,
1711 1484 1799 1519 ἀρχῆς

161 1533 246 1559 tcntia
266 1531 413 1559 discretam
438 1538 515 1563 esse,
543 1535 624 1564 atque
650 1530 719 1557 initii
745 1531 831 1558 locum
851 1537 919 1558 tenet

1052 1529 1144 1565 χώραν
1158 1530 1252 1565 ἐπέχει
1264 1539 1271 1546 ⁸
1286 1530 1347 1556 οὕτε
1363 1531 1417 1564 γὰρ
1444 1530 1579 1566 ἐρώτησις
1608 1531 1797 1566 προηγήσατο,

160 1578 228 1606 Nam
255 1585 345 1612 neque
364 1577 542 1612 interrogatio
567 1582 761 1610 prazcesserat,
787 1585 874 1612 neque
895 1586 919 1605 Cl

1039 1575 1064 1602 λ’
1079 1576 1140 1602 οὐδέ
1151 1585 1211 1603 τινα
1221 1576 1337 1610 λέγοντα
1352 1576 1498 1609 διεδέξατο,
1528 1576 1585 1603 ἀλλ’
1608 1576 1690 1607 αὐτὸς
1704 1578 1718 1603 6
1745 1577 1798 1611 Ἰη-

160 1632 242 1660 quam
268 1624 389 1658 loquenti
417 1623 652 1657 stthjungebatnr;
675 1630 767 1649 rerum
799 1624 855 1658 ipse
875 1623 954 1651 Jesus

160 1678 313 1698 sermonem
337 1669 484 1696 exordiens
501 1669 601 1703 gratias
619 1667 692 1695 Patri
715 1669 781 1703 egit.
799 1669 892 1697 Simile
913 1675 956 1698 est

159 1717 240 1742 ctiam
262 1724 269 1742 :
292 1723 302 1740 ι
316 1714 493 1750 Responderi:
506 1716 752 1751 archisynagogus,
779 1717 954 1744 stomachans

159 1761 232 1797 quod
248 1761 368 1789 Sabbato
385 1761 547 1788 medicinam
571 1761 680 1788 fecisset
694 1760 774 1789 Jesus
786 1762 820 1789 3°.
838 1772 847 1788 ›
869 1763 952 1790 Item:

164 1817 173 1833 ι
188 1807 369 1842 Respondeas
380 1806 503 1841 pontifex
515 1807 583 1833 dixit
593 1808 617 1834 ei
633 1816 640 1834 :
656 1807 760 1842 Adjuro
776 1812 801 1835 te
814 1816 862 1843 per
870 1807 954 1836 Deum

159 1854 261 1886 vivum,
273 1853 318 1880 die
330 1853 409 1881 nobis
424 1860 488 1879 nunt
502 1857 530 1879 tu
546 1853 586 1880 sis
595 1852 724 1880 Christus
733 1852 779 1880 Dei
795 1852 881 1881 Filius
891 1854 924 1881 ⁸ο.
941 1863 951 1880 ι

159 1899 266 1927 Rursus
289 1898 428 1926 sermonis
458 1897 568 1925 initium
591 1898 735 1926 continent
765 1900 847 1926 verba
873 1899 952 1927 lta:c:

163 1953 172 1970 ι
192 1944 371 1979 Respondent;
394 1942 476 1971 Jcsus
501 1943 593 1970 dixit:
619 1942 670 1976 Qui
698 1944 830 1978 receperit
857 1951 905 1972 vos
926 1944 953 1971 in

160 1991 271 2018 nomine
284 1997 355 2022 meo,
373 1996 417 2016 me
434 1989 551 2024 recipit;
578 1994 604 2017 et
626 1990 674 2024 qui
696 1997 739 2016 me
764 1991 877 2025 recipit,
898 1999 953 2018 non

160 2046 204 2065 me
219 2037 326 2071 recipit,
343 2037 390 2064 sed
404 2044 464 2064 eutn
479 2036 525 2071 qui
545 2037 618 2064 misit
635 2045 679 2064 me
694 2038 727 2064 Μ.
747 2047 756 2064 ι

194 2083 221 2110 5.
243 2081 326 2109 Porro
347 2085 437 2108 autent
460 2082 541 2109 verba
556 2082 601 2109 illa
619 2091 626 2110 :
647 2091 656 2108 ι
675 2082 854 2118 Respondeas
872 2082 953 2112 Jcsus

159 2129 250 2156 dixit:
283 2127 305 2154 0
337 2128 444 2160 mulier,
474 2136 572 2162 magna
603 2133 645 2156 est
672 2130 739 2157 ﬁdes
766 2135 832 2163 tua;
864 2130 910 2157 iiat
923 2135 953 2157 ut

160 2174 201 2200 vis
211 2174 252 2200 ":
274 2183 283 2198 ι
301 2174 333 2200 ad
350 2174 452 2200 nullum
467 2174 657 2209 praedictorum
670 2183 770 2203 usuum
787 2176 951 2209 referuntur,

159 2221 205 2247 sed
238 2221 413 2255 pratcedcntis
449 2221 585 2248 sermonis
618 2221 812 2250 admissionem
841 2223 950 2250 sistunt.

159 2266 225 2293 Nam
243 2275 304 2293 cum
320 2266 481 2294 Chananitis
496 2267 692 2295 miserabiliter
702 2269 875 2303 exposuisset
891 2269 952 2297 tiliae

159 2320 215 2339 sua:
235 2314 373 2345 morbum,
383 2313 571 2348 medelamque
586 2314 715 2349 petisset;
728 2322 846 2350 cumque
857 2316 950 2342 eadem

159 2358 325 2391 asperiorem
356 2366 468 2392 precum
502 2366 617 2386 suarum
653 2360 789 2394 repulsam
818 2361 952 2395 patienter

158 2404 320 2438 cxct'pisset,
351 2404 541 2439 dixissetque:
572 2414 582 2431 (
601 2404 712 2440 Utique,
730 2405 856 2440 Domine,
867 2407 950 2434 etiam

158 2450 245 2476 catelli
261 2450 354 2477 ltcrilis
380 2457 481 2477 mensae
491 2451 614 2486 reliquiis
637 2457 800 2485 vescuntur;
816 2462 824 2478 ι
840 2453 890 2480 hac
904 2454 953 2480 ad-

158 2497 242 2524 missa
257 2498 381 2524 oratione
401 2497 528 2524 subditur
544 2505 551 2524 :
571 2507 580 2523 (
600 2497 678 2525 Tune
691 2499 859 2532 respondens
874 2499 953 2527 .Iesus

157 2543 195 2570 ait
210 2544 246 2569 illi
263 2551 270 2569 :
287 2542 380 2577 Magna
396 2543 462 2570 ﬁdes
479 2549 546 2576 tua;
560 2543 607 2570 ﬁat
623 2543 672 2570 tibi
690 2547 721 2570 ut
739 2544 790 2571 vis.
813 2553 822 2570 ι
840 2543 953 2572 Constat

157 2590 228 2615 enim
241 2588 332 2616 Jesum
350 2589 428 2615 bona:
444 2588 631 2623 supplicisque
645 2587 754 2616 femina:
766 2589 890 2616 oratione
905 2590 952 2617 ad-

157 2635 252 2666 missa,
283 2632 363 2659 tidem
385 2632 445 2667 ejus
471 2633 550 2660 laude
566 2632 739 2666 mactavisse,
763 2633 951 2668 medelamque

159 2679 286 2714 largitum
300 2685 371 2705 csse.
388 2677 514 2711 Ejusdem
531 2677 675 2705 sententiae
691 2682 756 2705 sunt
770 2678 852 2705 etiam
870 2679 949 2706 lucc:

1007 1622 1068 1653 σοῦς
1080 1622 1168 1658 ἀρχὴν
1182 1622 1308 1658 ὲμὸαλὼν
1320 1623 1359 1659 τῷ
1374 1623 1456 1658 λόγῳ,
1482 1623 1531 1658 τὴν
1558 1623 1734 1659 εὐχαριστίαν
1757 1623 1800 1658 τῷ

1005 1668 1092 1703 Πατρὶ
1110 1668 1327 1704 προσηνέγκατο.
1341 1669 1477 1700 Ὡσαύτως
1487 1669 1534 1696 κοιλ¹
1547 1669 1588 1701 τὸ,
1602 1679 1611 1695 ι
1622 1668 1801 1704 Ἀποκριθεὶς

1006 1714 1020 1740 ὁ
1036 1715 1262 1750 ἀρχισυνάγωγος
1279 1715 1442 1749 ἀγανακτῶν
1456 1715 1497 1742 ὅτι
1518 1715 1557 1750 τῷ
1584 1715 1715 1750 Σαϐϐάτῳ
1737 1715 1799 1741 ἐθε-

1005 1761 1142 1796 ράπευσεν
1160 1762 1174 1788 6
1191 1761 1312 1796 Ἰησοῦς·
1327 1771 1336 1788 ι
1356 1761 1401 1788 ναὶ
1417 1762 1449 1797 δὴ
1463 1761 1559 1794 καὶτὸ,
1575 1771 1584 1788 ι
1596 1761 1769 1796 ’Λποκριθεὶς
1786 1763 1801 1788 6

1004 1807 1151 1842 ἀρχιερεὺς
1174 1805 1251 1834 εἶπεν
1275 1807 1360 1844 αὐτῷ,
1375 1807 1523 1843 Ἐξορκίζω
1541 1816 1570 1834 σε
1587 1808 1658 1835 κατὰ
1671 1807 1718 1834 τοῦ
1730 1807 1800 1834 Θεοῦ

1005 1851 1115 1884 ζῶντος,
1141 1853 1202 1879 εἰπὲ
1220 1854 1287 1887 ἡμῖν
1311 1854 1336 1879 εί
1369 1853 1401 1880 σὺ
1415 1851 1439 1879 εἷ
1456 1854 1470 1880 6
1493 1853 1610 1889 Χριστὸς
1635 1854 1649 1880 6
1663 1853 1726 1885 Υίδς
1750 1853 1800 1880 τοῦ

1004 1897 1084 1925 Θεοῦ.
1101 1898 1201 1934 Ἀρχὴν
1213 1898 1236 1925 δ’
1252 1898 1286 1926 ἂν
1299 1899 1392 1934 ἐπέχοι
1408 1899 1487 1933 λόγου
1505 1899 1553 1926 καὶ
1568 1900 1598 1926 τό
1612 1907 1619 1914 ·
1635 1908 1645 1925 ι
1667 1899 1801 1933 Ἀποκρι-

1005 1943 1063 1976 θεὶς
1075 1945 1089 1971 ὁ
1107 1945 1212 1980 Ἰησοῦς
1228 1943 1306 1972 εἶπεν
1318 1954 1325 1961 ·
1355 1947 1402 1977 Ὃς
1421 1947 1468 1973 ἐὰν
1488 1946 1599 1981 δέξηται
1611 1946 1683 1981 ὑμᾶς
1700 1945 1747 1972 ἐπὶ
1757 1945 1802 1980 τῷ

1005 1990 1066 2026 ἐμῷ
1080 1991 1204 2026 ὀνόματι,
1226 1991 1278 2027 ἐμὲ
1290 1991 1399 2027 δέχεται
1411 2000 1418 2007 ·
1437 1992 1485 2018 καὶ
1499 1992 1528 2023 ὃς
1543 1992 1576 2018 ἂν
1597 1992 1648 2026 ἐμὲ
1673 1992 1799 2028 δέξηται,

1002 2040 1053 2066 οὐκ
1067 2039 1117 2075 ἐμὲ
1133 2039 1250 2075 δέχεται,
1264 2039 1334 2066 ἀλλὰ
1344 2039 1388 2066 τὸν
1400 2040 1598 2066 ἀποστείλαντά
1614 2048 1659 2074 με.
1678 2048 1688 2064 ι

1039 2088 1074 2119 γ’.
1096 2085 1140 2111 Ἐν
1167 2085 1262 2119 μέντοι
1277 2093 1319 2119 γε,
1342 2094 1350 2110 ι
1375 2084 1548 2118 ’Λποκριθεὶς
1565 2085 1579 2111 6
1598 2084 1703 2119 Ἰησοῦς
1719 2083 1800 2111 εἶπεν

1003 2131 1082 2167 αὐτῇ,
1102 2129 1137 2157 Ὦ
1156 2131 1246 2166 γύναι,
1261 2130 1364 2166 μεγάλη
1381 2139 1426 2157 σου
1446 2132 1461 2166 ἠ
1479 2131 1579 2163 πίστις,
1595 2132 1737 2167 γενηθήτω
1755 2140 1800 2159 σοι

1003 2177 1041 2208 ὡς
1062 2177 1160 2208 θέλεις,
1179 2186 1189 2203 ι
1200 2177 1240 2207 εἰς
1252 2177 1392 2213 οὐδέτερον
1405 2177 1453 2212 μὲν
1473 2177 1640 2212 ἀναφέρεται
1653 2177 1707 2204 τῶν
1719 2178 1799 2213 εἰρη-

967 2208 990 2235 D
1005 2222 1103 2258 μένων,
1117 2222 1242 2258 διαδοχὴν
1252 2222 1279 2249 δὲ
1294 2208 1374 2257 λόγου
1389 2208 1542 2257 συνεισάγει
1554 2208 1624 2258 ’.τῆς
1637 2224 1691 2259 γὰρ
1704 2208 1799 2250 Χαῖκὶ-

1006 2268 1106 2300 νίτιδος
1135 2268 1403 2304 ὲλεεινολογουμένης
1420 2269 1469 2303 μὲν
1481 2269 1511 2295 τὸ
1524 2269 1574 2304 τῆς
1590 2269 1725 2304 θυγατρὸς
1741 2270 1797 2296 πά-

1003 2315 1060 2346 θος,
1088 2314 1137 2349 τὴν
1165 2314 1316 2349 θεραπείαν
1335 2314 1363 2341 δὲ
1379 2314 1554 2350 αἰτουμένης,
1584 2314 1719 2350 καὶπρὸς
1745 2315 1798 2348 τὴν

1004 2361 1212 2396 ἀποτρέπουσαν
1226 2360 1276 2396 τὴν
1292 2361 1411 2396 σπουδὴν
1425 2361 1510 2396 αὐτῆς
1521 2360 1599 2396 ὕϐριν
1607 2361 1797 2395 εὐγνωμονού-

1004 2415 1054 2442 σης
1069 2406 1114 2432 καί
1126 2405 1270 2442 λεγούσης,
1283 2415 1292 2432 ι
1306 2406 1370 2439 Ναὶ,
1384 2406 1481 2441 Κύριε,
1501 2407 1549 2432 καὶ
1563 2405 1616 2441 γὰρ
1627 2407 1660 2433 τὰ
1678 2406 1798 2441 κυνάρια

1005 2452 1089 2479 ἐσθίει
1100 2452 1153 2478 ἀπὸ
1161 2453 1211 2487 τῆς
1221 2452 1360 2488 τραπέζης
1368 2452 1422 2478 τῶν
1436 2452 1538 2486 κυρίων
1554 2451 1653 2484 αὐτῶν,
1669 2462 1678 2478 ι
1693 2452 1797 2485 ἐπάγει

1003 2506 1048 2524 ται
1064 2498 1134 2524 κατὰ
1141 2497 1268 2533 διαδοχὴν
1285 2498 1387 2524 ἐκεῖνον
1401 2498 1447 2524 τον
1467 2497 1556 2531 λόγον,
1576 2506 1585 2523 t
1597 2498 1664 2524 Τότε
1678 2498 1798 2532 ἀποκριρ

1003 2543 1086 2576 θεὶςὸ
1105 2545 1208 2579 Ἰησοῦς
1236 2541 1313 2570 εἶπεν
1342 2544 1422 2580 αὐτῇ,
1449 2544 1561 2578 Μεγάλη
1577 2552 1623 2569 σου
1647 2544 1664 2578 ὴ
1689 2543 1795 2576 πίστις,

1002 2588 1146 2624 γενηθήτω
1173 2597 1214 2615 σοι
1233 2589 1271 2620 ὡς
1297 2587 1385 2619 θέλεις
1398 2597 1404 2603 ·
1427 2597 1436 2613 ι
1458 2588 1536 2622 δῆλον
1545 2587 1599 2623 γὰρ
1612 2588 1652 2614 ὅτι
1666 2588 1729 2619 τοὺς
1743 2587 1797 2622 τῆς

1005 2634 1215 2670 εὐγνωμοσύνης
1227 2635 1274 2661 καὶ¹
1290 2634 1409 2669 δεήσεως
1431 2633 1527 2668 λόγους
1556 2633 1702 2669 δεξάμενος
1715 2635 1730 2659 6
1746 2635 1798 2669 Ίη-

1005 2681 1069 2713 σοῦς
1079 2681 1128 2717 τὴν
1142 2681 1234 2707 πίστιν
1248 2681 1334 2715 αὐτῆς
1345 2681 1508 2715 ὲμεγάλυνε,
1521 2681 1568 2707 καὶ
1580 2680 1629 2716 τὴν
1644 2680 1798 2716 θεραπείαν

160 2723 352 2757 «Hespmtdens
374 2721 454 2750 Jesus
477 2724 547 2750 dixit
571 2723 621 2755 illi,
637 2723 735 2751 Beatus
759 2731 788 2751 es
808 2724 919 2751 Simoni

1039 2728 1164 2762 ρέσχετο,
1177 2726 1223 2757 El;
1235 2726 1284 2761 τὴν
1303 2725 1389 2761 αὐτὴν
1405 2726 1433 2752 δὲ
1444 2725 1564 2753 διάνοιαν
1587 2727 1680 2762 ἀφορᾷ
1692 2726 1740 2752 καὶ
1748 2726 1796 2758 τὸ,

156 2769 241 2802 Jonas,
254 2769 319 2804 quia
345 2776 410 2796 caro
425 2774 451 2796 ct
467 2770 579 2805 sanguis
599 2777 653 2797 non
679 2769 807 2797 revelavit
824 2770 871 2797 tibi
885 2771 918 2797 “.
938 2780 946 2796 ι

191 2825 215 2842 ⁸⁸
231 2825 324 2853 Matth.
338 2833 392 2856 va,
408 2825 450 2852 16.
487 2826 509 2841 ⁸⁶
527 2825 592 2854 Luc.
612 2835 652 2859 ιιι,
676 2827 719 2853 Η.
758 2827 780 2843 ⁸⁷
796 2826 890 2854 Matth.
905 2837 919 2855 ιι

191 2870 231 2891 .Vl,
247 2862 291 2889 65.
328 2861 348 2877 ³³
366 2859 448 2888 Marc.
481 2869 516 2891 χι,
531 2863 574 2888 5ti.
627 2863 650 2878 ‘"
671 2862 763 2890 Matth.
785 2871 826 2891 tv.
841 2864 885 2890 28.

1062 2828 1085 2844 ³⁸
1101 2829 1198 2856 Matth.
1212 2838 1249 2864 xl,
1275 2829 1320 2858 25.

1041 2864 1078 2891 llt.
1097 2873 1150 2891 xvr.
1172 2865 1212 2890 l7.

986 2881 1078 2891 manu.
1098 2881 1150 2898 nu,
1173 2881 1212 2890 ιι.

157 2869 231 2894 xxu,
247 2862 291 2889 65.
328 2861 348 2877 ³³
366 2859 448 2888 Marc.
481 2869 516 2894 χι,
531 2863 574 2888 5ti.
627 2863 650 2878 ‘"
671 2862 763 2890 Matth.
785 2871 826 2894 tv,
841 2864 885 2890 28.

1004 2781 1012 2797 ι
1019 2771 1191 2806 Ἀποκριθεὶς
1199 2772 1212 2798 6
1220 2771 1323 2807 Ἰησοῦς
1333 2770 1408 2799 εἶπεν
1417 2772 1501 2808 αὐτῷ,
1509 2772 1651 2808 Μακάριος
1661 2771 1696 2805 εἷ,
1703 2773 1798 2807 Σίμων

1374 2830 1396 2847 ⁸⁸
1412 2829 1479 2860 Luc.
1499 2838 1564 2864 xui,
1578 2819 1635 2859 14..
1660 2832 1683 2848 θ’
1698 2831 1796 2860 Matth.
