1882 3075
200 116 252 148 159

784 116 916 146 ΡΠΟΤΠ
931 116 1187 147 ῬΛΤΒΙΛΒΟΠίΕ
1203 118 1256 148 CP.

1783 119 1833 151 160

191 172 344 200 subducere
361 171 510 199 nitebatur.
530 169 599 198 Nam
611 170 720 198 duobus
738 160 914 206 evangelistis
930 180 936 198 ι

1069 181 1083 198 ο
1103 171 1307 207 εὖαγγελιστῶν
1322 171 1391 206 μετά
1419 171 1466 199 τοῦ
1481 171 1644 207 ἀποκριθεὶς
1657 172 1708 208 τὴν
1724 172 1771 200 τοῦ
1788 174 1833 200 λό-

192 219 250 244 siuc
268 217 349 245 verbo
372 216 513 252 respondit
532 217 684 244 orationem
707 225 784 244 suam
806 218 990 245 construenti-

192 263 253 295 hus,
282 263 361 290 divus
392 267 483 290 tamen
513 262 602 290 Lucas
613 263 740 290 eumdem
762 268 852 290 actum
867 263 991 291 conscri-

191 310 269 340 bens,
305 317 394 344 neque
412 310 526 336 omnino
541 310 626 337 verbo
654 309 797 344 respondit
812 314 903 344 utens,
919 310 988 338 satis

190 356 388 383 demonstravit
413 361 527 384 cteteros
552 356 737 384 redundanter
764 356 848 384 fuisse
872 357 987 385 locutos.

190 402 236 428 Ait
251 402 350 436 quippe
365 401 453 429 Lucas
468 411 475 429 :
495 411 504 428 ι
523 402 629 430 Rursus
642 402 725 437 igitur
741 402 843 430 Pilatus
858 404 988 438 populum

190 449 324 475 allocutus
346 453 398 479 cst.
425 447 490 475 dum
521 447 612 475 Jesum
640 444 756 476 liberare
785 453 921 484 satageret
932 450 952 477 ³.
976 459 986 476 ι

189 494 327 522 Permulta
354 502 421 522 sane
446 494 585 529 ejusmodi
612 498 715 523 erunt:
743 495 791 523 sed
819 496 893 523 enim
908 495 988 524 nobis

190 548 244 568 non
277 545 319 567 est
339 541 511 576 propositum
539 541 742 569 multitudinem
763 542 987 570 testimoniorum

189 585 326 620 colligere,
346 593 441 612 verum
462 587 588 621 exemplo
611 587 813 621 tantummodo,
837 589 942 615 etiamsi
960 588 987 616 id

189 639 273 658 unum
285 636 367 663 esset,
383 631 557 666 signiﬁcatus
571 632 653 666 hujus
675 633 816 661 veritatem
835 634 924 668 palatn
946 633 986 661 fa-

189 685 262 704 cere.
284 677 356 704 Sane
373 681 400 704 et
414 678 449 705 ab
464 685 495 705 ea
514 678 664 711 locutione,
677 687 739 714 qua:
755 680 926 707 curationem
944 680 987 708 itt-

189 722 296 750 clinatze
319 723 442 751 mulieris
471 728 621 751 consecuta
635 729 687 758 est,
710 725 879 760 respondens
895 731 985 753 autem

188 768 423 804 archisynagogus
450 778 513 797 cutn
545 771 718 803 stomacho‘,
737 771 761 798 si
789 772 851 807 quis
872 772 984 800 verbum

187 813 357 848 respondens
385 815 539 848 subtrahat,
563 816 666 851 reliqua
693 818 828 844 sermonis
838 826 901 853 pars
915 818 986 846 inte-

187 867 263 895 gram
279 860 371 887 adhuc
385 862 515 888 retinebit
541 862 706 889 sententiam
726 871 815 890 suam.
837 851 925 899 Atque
947 865 984 892 ita
1001 851 1023 880 Β

188 906 331 941 perspicue
343 907 563 935 demonstratum
584 909 722 942 existimo,
738 910 851 937 verbum
867 918 983 945 respon-

186 950 255 978 dens
273 956 299 978 et
315 952 385 979 initii
402 953 461 981 vice
477 961 548 989 saepe
569 953 658 989 iungi,
676 962 703 982 et
723 955 892 983 admittentis
916 965 985 991 pra:-

186 996 326 1025 cedentem
345 1006 512 1032 sermonem,
543 1003 570 1026 et
601 999 745 1035 expletiva:
761 1008 870 1036 quoque
885 1001 985 1030 dictio-

186 1043 230 1070 nis
242 1052 250 1076 ;
262 1048 289 1071 et
305 1045 422 1080 denique
438 1045 624 1080 deprecationi
642 1047 785 1074 inservire.

221 1087 247 1116 5.
263 1088 341 1121 Quod
365 1097 430 1118 vero
453 1091 538 1118 etiam
575 1091 760 1126 interrogandi
794 1092 846 1119 vim
874 1092 982 1126 habeat,

185 1134 326 1162 evidenter
362 1136 538 1172 cognoscitur
563 1144 578 1164 e
597 1136 670 1164 Petri
688 1137 820 1173 principis
835 1138 983 1167 locutione.

184 1179 252 1207 Nam
272 1189 334 1208 ctttn
359 1189 436 1209 sacra
456 1182 571 1210 historia
590 1183 704 1211 Ananiae
730 1183 825 1211 fataet
840 1185 984 1220 Sapphirze

184 1227 303 1260 exponit,
319 1235 485 1263 pmuatnque
498 1229 634 1256 mendacii
644 1235 759 1256 tnortem
772 1238 779 1262 ;
795 1237 860 1257 mox
875 1231 983 1259 attexit:

187 1282 196 1299 ι
213 1273 246 1300 Et
265 1282 333 1300 uxor
362 1274 422 1309 ejus
445 1279 560 1301 eventus
588 1275 680 1302 nescia
696 1276 864 1309 supervenit.
881 1286 890 1301 ι
909 1276 978 1304 Tum

185 1321 271 1356 pergit
287 1321 378 1348 dicere
396 1329 403 1347 :
425 1329 434 1346 ι
458 1320 662 1355 Responditque
678 1320 704 1348 ei
720 1316 836 1349 Petrus:
854 1322 901 1350 Dic
917 1323 981 1351 tnilti

184 1372 274 1394 utrum
292 1366 360 1394 tanti
376 1374 470 1401 agrum
486 1366 664 1394 vendideritts
674 1366 702 1393 ⁸7
720 1377 730 1392 ι
749 1366 818 1395 Nam
830 1377 892 1403 qua:
909 1378 982 1397 nunc

183 1414 271 1449 magis
299 1413 409 1448 propria
434 1413 583 1448 excogitari
603 1418 693 1449 potest
713 1414 880 1449 signiﬁcatio
907 1416 980 1443 verbi

182 1460 335 1494 respondit,
354 1467 437 1494 quam
453 1459 656 1495 interrogavit?
674 1459 763 1488 Veluti
788 1461 869 1489 etiam
894 1462 980 1491 illud:

184 1515 194 1532 t
212 1505 421 1542 Responderunt
435 1505 533 1537 Judaei,
549 1505 733 1542 dixeruntque
752 1507 789 1534 illi
810 1516 817 1535 :
838 1507 980 1541 Quodnam

181 1553 291 1587 signum
318 1551 451 1583 ostendis,
472 1551 537 1587 quia
551 1551 609 1580 haec
628 1553 738 1580 facis“?
757 1563 766 1579 I
797 1553 863 1581 Item
890 1555 976 1583 illud:

183 1607 193 1624 ι
212 1597 363 1632 Respondit
383 1598 423 1625 eis
447 1597 548 1625 Jesus:
577 1597 675 1626 Nonne
693 1606 744 1634 ego
770 1607 819 1628 νος
835 1600 977 1628 duodecun

181 1645 291 1681 elcgi'?
306 1655 316 1671 ι
335 1645 492 1673 Lectionem
507 1650 623 1679 utroque
643 1647 702 1674 loco
714 1647 768 1674 vim
793 1648 976 1683 interrogandi

181 1691 281 1719 habere
296 1691 469 1726 exploratum
483 1695 536 1719 est.
550 1691 644 1727 Neque
658 1697 773 1721 eatenus
794 1694 978 1729 signiﬁcatio-

182 1745 230 1764 nes
244 1737 319 1764 verbi
335 1737 477 1772 respondit
490 1737 665 1773 pertingunt;
679 1746 774 1766 verum
790 1739 816 1766 id
829 1739 978 1774 aliquando

180 1785 214 1811 ad
230 1784 334 1811 nullum
349 1784 486 1818 prolatum
499 1791 548 1811 ore
559 1785 673 1812 verbum
687 1784 813 1818 refertur,
827 1786 875 1813 sed
884 1787 977 1814 occul-

181 1831 216 1858 tis
232 1830 373 1858 hominum
394 1830 606 1865 cogitationibus
624 1832 756 1859 occurrit.
771 1831 872 1863 Veluti,
891 1842 901 1859 ι
916 1832 978 1860 Cer-

180 1885 251 1905 ncns
277 1876 435 1905 Pharisaaus
462 1877 509 1912 qui
537 1876 632 1904 Jesum
660 1878 788 1906 convivio
818 1884 975 1915 exceperat,

180 1923 247 1950 dixit
263 1922 334 1950 intra
349 1930 378 1950 se
391 1931 399 1950 :
414 1922 465 1950 Hic
479 1922 502 1950 si
515 1927 590 1950 esset
606 1924 749 1958 propheta,
767 1929 861 1952 nosset
882 1926 977 1961 utique

179 1978 241 2006 quae
251 1974 409 2004 quantaque
438 1969 536 1996 mulier
552 1976 613 1996 eum
643 1969 781 2004 attingat,
802 1978 899 2006 nempe
913 1980 977 2007 pec-

179 2015 301 2043 catrix'.
323 2024 334 2041 ι
348 2013 429 2042 Nunc
440 2021 526 2046 certe,
544 2022 704 2049 quanquatn
731 2016 804 2043 nulla
821 2016 977 2053 interroga-

179 2060 217 2088 tio
234 2060 415 2095 prtecesserit,
432 2067 520 2094 neque
534 2060 677 2088 exordium
695 2068 853 2090 consecuta:
865 2066 972 2091 oratio-

178 2107 221 2134 nis
237 2107 294 2140 ﬁat,
309 2113 396 2141 neque
409 2105 581 2141 aliicuipiam
593 2114 608 2134 e
619 2107 756 2141 praedictis
765 2109 853 2136 modis
867 2109 974 2138 locutio

177 2152 411 2184 accommodetur,
425 2151 500 2179 addit
513 2153 679 2187 evangelista
697 2162 704 2180 :
724 2163 734 2180 ‹
754 2153 788 2181 Et
803 2156 973 2190 respondens

175 2197 255 2226 Jcsus
265 2198 335 2226 dixit
348 2198 386 2225 illi
404 2206 411 2225 :
427 2198 534 2232 Simon,
549 2199 636 2226 habeo
655 2199 759 2234 aliquid
779 2200 826 2228 tibi
843 2201 944 2230 dicere.
961 2213 972 2231 ι
990 2212 1012 2240 ο

176 2245 277 2273 Deinde
299 2245 493 2280 interrogative
519 2252 699 2281 prosequens,
731 2247 831 2281 impias
852 2248 976 2279 hominis

173 2292 354 2328 cogitationes
366 2291 519 2327 castigavit,
530 2300 650 2328 eumque
660 2293 695 2320 ad
707 2293 835 2328 pietatem
843 2302 874 2322 ac
890 2295 970 2324 [idem

173 2346 223 2373 pro
241 2346 291 2366 sua
321 2338 466 2366 clementia
495 2339 606 2366 direxit.
637 2339 731 2374 Neque
747 2340 821 2367 enim
838 2341 967 2370 dubitare

172 2385 244 2417 licet,
262 2384 329 2420 quin
359 2385 442 2413 verba
468 2385 628 2420 respondens
643 2385 722 2413 λειω
739 2386 810 2413 dixit
827 2386 878 2420 illi,
892 2388 968 2422 ejus-

171 2431 232 2457 dem
258 2429 323 2458 Jesu
349 2438 432 2466 quam
459 2430 580 2459 diximus
610 2431 775 2466 expositioni
806 2434 965 2468 pneposita,

170 2475 302 2503 adversus
322 2477 407 2504 animi
421 2484 539 2504 arcanos
549 2482 639 2504 motus
653 2478 872 2512 iutorqueantur.
891 2479 969 2508 Paris

171 2521 282 2557 insuper
303 2521 399 2550 forma:
420 2521 486 2550 illud
506 2527 572 2550 est:
599 2531 608 2548 ι
628 2522 808 2558 Respottdens
828 2523 908 2553 Iesus
927 2525 967 2553 ιε-

170 2567 310 2602 gisperitis
322 2569 352 2595 ἐ
372 2577 382 2593 ι
399 2568 474 2602 quod
489 2568 554 2595 item
580 2569 750 2604 perturbatis
769 2569 968 2606 seditiosisque

170 2611 281 2639 illorum
296 2612 433 2640 mentibus
453 2614 610 2648 oppositum
634 2613 695 2646 fuit,
714 2623 770 2650 quo
786 2620 910 2651 tempore
921 2618 971 2654 Ity-

169 2657 313 2692 dropicum
340 2664 431 2685 coram
450 2663 568 2688 stantem
594 2660 749 2688 viderunt:
782 2662 829 2696 qui
856 2669 919 2690 cum
937 2663 971 2690 ad

167 2703 385 2731 misericordiam
407 2703 478 2732 ﬂecti
503 2705 645 2740 deberent,
677 2713 733 2734 non
763 2711 853 2734 tamen
867 2707 900 2735 de
915 2715 966 2736 sua

205 2788 294 2830 I'Luc.
312 2799 390 2830 xxiii,
406 2792 461 2830 29g
495 2793 707 2830 Mattlthxxvu,
721 2794 752 2821 21
770 2802 777 2829 ;
796 2794 879 2822 Marc.
899 2803 943 2830 xv,
977 2795 1020 2823 12.
1061 2796 1071 2812 ⁸
1085 2795 1153 2825 Luc.
1185 2804 1243 2829 xttt,
1276 2797 1317 2824 Η.
1355 2797 1366 2812 ³
1381 2802 1441 2826 Act.
1458 2805 1483 2830 ι’,
1506 2798 1533 2826 5.

169 2825 180 2841 '
196 2824 275 2853 Joan.
295 2835 332 2860 vt,
347 2827 389 2855 7i.
428 2828 439 2844 ⁸
452 2827 518 2856 Luc.
536 2837 584 2861 vn,
600 2829 644 2857 59.
684 2824 778 2858 ’Lucl
794 2838 849 2864 xlv,
864 2830 891 2859 5.

1041 226 1089 252 γου
1099 217 1224 251 σύνταξιν
1240 218 1491 254 προενεγκαμένου,
1502 219 1517 244 6
1527 218 1656 254 θεόσοφος
1669 219 1777 250 Λουκᾶς
1784 219 1832 254 τὴν

1040 264 1126 298 αὐτὴν
1144 264 1311 299 ἀναγράφων
1328 263 1438 298 πρᾶξιν,
1454 264 1510 291 οὐδ’
1527 264 1595 296 ὅλως
1609 265 1784 300 χρησάμενος
1792 264 1831 300 τῷ

1040 309 1210 345 ἀποκριθεὶς,
1226 309 1310 341 ἔδειξε
1319 311 1383 341 τοὺς
1397 308 1494 341 ἄλλους
1526 311 1598 337 κατά
1628 309 1659 336 τὸ
1687 309 1830 345 παρέλκον

1039 357 1231 392 χρησαμένους
1245 357 1278 391 τῇ
1293 356 1383 390 φωνῇ·
1397 355 1449 391 ἔφη
1460 356 1524 391 γὰρ,
1541 365 1551 382 ‹
1567 356 1652 383 [Ιάλιν
1665 354 1712 382 οὖν
1723 356 1736 381 ὁ
1746 356 1831 382 Πιλά-

1039 412 1086 436 τος
1102 403 1299 439 προσεφώνησε
1312 403 1397 429 θέλων
1408 402 1542 429 ἀπολύσαι
1559 402 1605 429 τὸν
1623 402 1738 438 Ἰησοῦψ
1757 411 1767 428 ι
1783 402 1832 428 καὶ

1040 450 1126 477 πολλά
1150 449 1183 476 ἃν
1209 450 1253 485 εἴη
1267 449 1379 477 τοιαῦτα
1390 458 1396 463 -
1411 450 1477 484 ἡμῖν
1505 449 1534 475 δὲ
1551 449 1582 476 οὐ
1598 447 1740 483 συλλέγειν
1767 449 1831 474 ἐστὶ

1040 496 1141 532 πλῆθος
1158 496 1315 532 μαρτυριῶν
1330 497 1439 528 σκοπὸς,
1456 495 1523 523 ἀλλά
1534 495 1738 531 παραδείγματι
1746 495 1831 530 μόνον

1037 542 1219 576 ἐνδείξασθαι,
1232 541 1285 569 κᾶν
1301 541 1339 577 τῷ
1352 542 1393 568 ἐνὶ
1417 541 1622 576 περιγράφοιτο,
1649 539 1696 566 τοῦ
1729 548 1832 574 σημαι-

1038 589 1153 624 νομένου
1168 587 1322 623 κατάδηλον
1336 588 1386 624 τὴν
1405 587 1525 614 διάνοιαν
1541 594 1549 602 ⁸
1573 586 1636 613 ἐπεὶ
1647 585 1696 613 καὶ
1708 585 1737 611 τὺ
1746 585 1832 621 ῥηθὲν

1039 635 1109 669 μετά
1121 634 1171 669 τὴν
1196 633 1347 669 θεραπείαν
1375 633 1425 668 τῆς
1452 631 1661 667 συγκυπτούσης
1689 631 1830 666 γυναικὸς,

1038 680 1199 715 ἀποκριθεὶς
1210 680 1238 706 δὲ
1254 679 1268 706 ὁ
1290 679 1516 716 ἀρχισυνάγωγος
1542 676 1717 712 ἀγανακτῶν,
1736 677 1762 703 εἰ
1786 685 1830 709 τις

1038 728 1160 762 περιέλοι
1170 729 1200 754 τὺ
1213 727 1385 761 ἀποκριθεὶς,
1401 727 1432 754 τὸ
1444 726 1508 754 ἀλλο
1527 725 1611 761 μέρος
1635 725 1685 761 τῆς
1699 724 1830 760 φράσεως

1036 775 1176 810 ἀκήρατον
1189 775 1239 810 τὴν
1254 774 1339 809 αὐτὴν
1352 773 1519 801 ἀναπτύσσει
1532 773 1663 800 διάνοιαν-
1676 771 1748 798 οὕτω
1765 771 1829 805 μὲν,

1036 819 1125 856 οἶμαι,
1144 820 1237 855 σαφῶς
1255 819 1437 847 ἐπιδέδεικται
1454 818 1542 854 ἀρχῆς
1556 826 1585 844 τε
1602 817 1681 852 λόγον
1696 815 1831 847 πολλάκις

1036 868 1145 902 ἐπέχειν
1161 866 1191 893 τὸ
1214 865 1390 902 ἀποκριθεὶς,
1416 865 1464 892 καὶ
1491 863 1616 899 διαδοχὴν
1640 861 1827 898 ἡγησαμένων

1036 913 1179 949 ῥημάτων,
1195 912 1243 940 καὶ
1256 911 1441 947 παρέλκοντος
1458 910 1542 938 τόπον
1561 909 1645 945 ἔχειν,
1660 909 1708 935 καὶ
1720 906 1830 939 ἱκεσίας

1035 957 1209 994 ἀναπληροῦν
1219 957 1324 994 χρείαν.

1069 1095 1102 1118 ε’.
1123 1090 1228 1118 Ὀτιδὲ
1259 1090 1306 1117 καὶ
1315 1090 1365 1125 τὴν
1392 1088 1526 1125 ἐρώτησιν
1550 1088 1712 1124 ὑπέρχεται,
1736 1087 1753 1122 ὴ
1774 1086 1830 1114 τοῦ

1035 1137 1185 1173 κορυφαίου
1201 1137 1305 1172 Πέτρου
1316 1136 1481 1171 παρίστησιν
1493 1134 1617 1170 ἐναργῶς
1630 1134 1707 1168 φωνή
1719 1133 1830 1168 ’τὸγὰρ

1034 1185 1105 1212 κατά
1118 1184 1163 1210 τὸν
1182 1183 1306 1210 Ἀνανίαν
1323 1183 1369 1209 καὶ
1392 1182 1552 1216 Σάπφειραν
1578 1180 1662 1211 πάθος
1685 1178 1831 1212 ἀπαγγέλ-

1033 1231 1088 1258 λων
1098 1232 1113 1257 6
1129 1230 1219 1265 λόγος,
1237 1228 1350 1263 καὶτῆς
1365 1227 1542 1263 ψευδολογίας
1554 1226 1600 1253 τὸν
1619 1224 1830 1260 εἰσπραχθέντα

1034 1277 1162 1309 θάνατον,
1173 1276 1275 1311 συνῆψε
1292 1275 1352 1311 μὲν,
1368 1284 1377 1300 t
1390 1275 1445 1301 Καὶ
1463 1275 1480 1309 ἡ
1495 1272 1564 1308 γυνὴ
1579 1272 1661 1298 αὑτοῦ
1681 1271 1719 1308 μὴ
1738 1271 1833 1298 εἰδυῖα

1033 1323 1064 1350 τὸ
1075 1322 1197 1357 γεγονὸς,
1213 1321 1339 1356 εἰσῆλθεν
1358 1329 1366 1335 ·
1386 1330 1396 1347 ι
1410 1320 1510 1354 ἐπάγει
1527 1319 1565 1351 δὲ,
1581 1329 1590 1344 t
1604 1319 1659 1345 Καὶ
1685 1318 1831 1353 ἀπεκρίθη

1033 1370 1102 1405 αὐτῇ
1116 1370 1131 1396 6
1150 1368 1264 1404 Πέτρος,
1277 1367 1345 1395 Είπέ
1363 1375 1408 1402 μοι
1425 1367 1450 1393 εἰ
1464 1365 1589 1392 τοσούτου
1606 1364 1635 1390 τὸ
1652 1363 1753 1399 χωρίον
1772 1364 1834 1390 ἀπ-

1033 1415 1142 1448 έδοσθε;
1162 1424 1172 1441 ι
1189 1414 1215 1441 τί
1228 1414 1283 1450 γὰρ
1299 1413 1333 1441 ἂν
1347 1413 1441 1448 ἕτερον
1453 1412 1618 1446 οἰκειότερον
1630 1409 1755 1445 εὑρεθείη
1771 1409 1833 1435 ὑπὸ

1031 1459 1079 1485 τοῦ
1097 1457 1234 1494 ἀπεκρίθη
1253 1457 1312 1485 νυνὶ
1327 1456 1503 1492 δηλούμενον,
1518 1456 1534 1492 ἢ
1552 1456 1582 1482 τὸ
1594 1454 1751 1491 ἡρώτησενς
1768 1453 1832 1480 ὦσ-

1033 1514 1086 1541 περ
1101 1505 1157 1539 καὶ,
1172 1515 1181 1531 t
1196 1504 1400 1540 Ἀπεκρίθησαν
1408 1504 1432 1531 οῑ
1452 1503 1573 1530 Ἰουδαῖοι
1588 1503 1636 1528 καὶ
1646 1499 1721 1528 εἶπον
1737 1501 1830 1535 αὐτῷ,

1032 1553 1065 1579 Τί
1077 1553 1188 1587 σημεῖον
1198 1551 1330 1582 δεικνύεις
1340 1551 1382 1578 ὅτι
1392 1550 1479 1578 ταῦτα
1492 1551 1579 1580 ποιεῖς
1588 1557 1595 1582 ;
1609 1559 1619 1575 ι
1635 1548 1679 1575 ναὶ
1687 1548 1718 1583 δὴ
1727 1548 1775 1575 καὶ
1782 1549 1830 1581 τὸ,

1035 1609 1044 1625 ι
1069 1599 1219 1633 *Απεκρίθη
1243 1599 1336 1629 αὐτοῖς
1351 1598 1366 1624 6
1385 1596 1500 1632 Ἰησοῦς,
1521 1596 1578 1623 Οὐκ
1595 1594 1650 1630 ἐγὼ
1663 1595 1734 1630 ὑμᾶς
1759 1594 1831 1625 τοὺς

1031 1643 1135 1671 δώδεκα
1146 1643 1330 1678 ὲξελεξάμην;
1346 1652 1356 1669 ι
1378 1642 1496 1678 φανερὸν
1510 1641 1566 1676 γὰρ
1581 1641 1628 1667 ἐπὶ
1645 1640 1758 1672 τούτων,
1785 1639 1831 1671 ὡς

1031 1688 1150 1724 ἑκατέρα
1166 1687 1238 1720 λέξις
1261 1687 1312 1721 τὴν
1334 1686 1380 1713 τοῦ
1398 1687 1524 1722 ἠρώτησε
1549 1685 1663 1721 δύναμιν
1690 1685 1757 1719 ἔχει.
1785 1685 1831 1710 Οὐ

1030 1733 1117 1761 ταῦτα
1130 1734 1159 1761 δὲ
1170 1734 1250 1769 μόνον
1265 1734 1296 1760 τὸ
1312 1733 1449 1769 ἀπεκρίθη
1477 1732 1618 1768 σημαίνει,
1638 1731 1697 1758 ἀλλ’
1712 1730 1830 1758 ἐσθ’ὅτε

1032 1780 1086 1816 μὴν
1104 1780 1152 1806 καὶ
1169 1779 1237 1814 πρὸς
1253 1779 1329 1806 οὐδὲν
1343 1779 1398 1805 τῶν
1416 1779 1591 1814 προφορικῶν
1614 1777 1744 1814 ῥημάτων
1759 1778 1830 1803 ἐπι-

1030 1826 1154 1861 φέρεται,
1168 1825 1236 1861 πρὸς
1251 1825 1280 1852 δὲ
1295 1825 1345 1860 τὴν
1356 1823 1556 1860 ὲνδομυχοῦσαν
1584 1823 1639 1850 τῶν
1667 1822 1830 1857 ἀνθρώπων

1029 1873 1147 1902 διάνοιαν
1161 1871 1355 1904 ἀπευθύνεται,
1371 1871 1409 1903 ὡς
1424 1872 1470 1898 ἐπὶ
1480 1870 1540 1904 τοῦ,
1562 1879 1572 1896 ι
1585 1869 1658 1896 Ἰδὼν
1671 1869 1697 1895 δὲ
1711 1870 1725 1895 ὁ
1740 1869 1833 1903 Φαρι-

1030 1920 1105 1950 σαῖος
1121 1918 1135 1944 6
1149 1918 1266 1950 καλέσας
1279 1918 1372 1950 αὑτὸν,
1385 1916 1462 1944 εἶπεν
1478 1917 1507 1943 έν
1531 1916 1631 1952 ἑαυτῷ,
1655 1913 1738 1947 Οὗτος
1750 1917 1775 1941 εἱ
1788 1913 1832 1951 ἦν

1029 1968 1183 2002 προφήτης,
1200 1965 1349 1999 ἐγίνωσκεν
1365 1964 1398 1991 ἂν
1412 1963 1454 1995 τίς
1467 1963 1514 1989 καὶ
1525 1962 1635 1997 ποταπὴ
1650 1963 1667 1998 ἡ
1678 1961 1747 1997 γυνὴ
1760 1961 1832 1996 ἥτις

1028 2012 1144 2039 ἅπτεται
1153 2012 1247 2043 αὑτοῦ,
1256 2012 1297 2038 ὅτι
1311 2009 1473 2046 ἁμαρτωλός
1487 2010 1572 2036 ἐστιν’
1585 2018 1594 2034 ι
1611 2009 1663 2043 ὅρα
1680 2009 1735 2042 γὰρ
1751 2009 1831 2043 μηδὲ

1030 2058 1094 2092 μιᾶς
1122 2057 1283 2092 ἐρωτήσεως
1306 2054 1554 2092 προηγησαμένης.
1579 2053 1641 2089 μηδ’
1664 2054 1704 2085 εἰς
1731 2053 1830 2088 ἀρχὴν

1027 2102 1074 2130 τοῦ
1100 2103 1163 2138 ἑξῆς
1185 2101 1390 2137 ἀναφερομένου
1412 2101 1492 2135 λόγου
1505 2121 1514 2133 ,
1532 2101 1593 2136 μηδ’
1621 2100 1687 2128 ἄλλο
1708 2109 1735 2127 τι
1763 2101 1829 2128 τῶν

1027 2149 1235 2185 προειρημένων
1249 2148 1300 2183 τῆς
1311 2148 1438 2182 φράσεως
1449 2147 1674 2182 συνεισαγούσης,
1689 2147 1790 2181 ἐπάγει
1809 2150 1831 2175 ὁ

1027 2194 1234 2230 εὐαγγελιστὴς,
1250 2203 1260 2221 ‹
1276 2195 1332 2221 Καὶ
1345 2193 1505 2229 ἀποκριθεὶς
1519 2195 1533 2220 ὁ
1553 2193 1657 2229 Ἰησοῦς
1673 2191 1735 2220 εἶπε
1748 2194 1829 2230 πρὸς

1027 2242 1119 2274 αὑτὸν,
1131 2241 1234 2277 Σίμων,
1248 2240 1302 2276 ἔχω
1319 2241 1362 2268 σοί
1371 2249 1398 2267 τι
1409 2241 1496 2267 εἰπεῖν
1506 2248 1514 2255 ·
1530 2249 1539 2267 t
1553 2241 1600 2267 καὶ
1610 2239 1644 2267 δι’
1655 2240 1829 2275 ἐρωτήσεως

1026 2287 1176 2324 προελθὼν,
1191 2288 1221 2314 τό
1234 2296 1264 2314 τε
1282 2287 1444 2323 βλάσφημον
1461 2287 1518 2314 τῶν
1534 2286 1718 2322 διαλογισμῶν
1729 2286 1825 2322 ἐπερ-

1025 2336 1135 2371 ράπισε,
1154 2335 1200 2362 καὶ
1216 2335 1283 2371 πρὸς
1297 2335 1327 2362 τὸ
1346 2334 1472 2366 θεοσεϐὲς
1493 2334 1540 2362 καὶ
1567 2333 1737 2367 ὰδίστακτον,
1764 2334 1825 2361 ὅσα.

1021 2390 1051 2408 τε
1066 2382 1100 2417 τῇ
1113 2381 1195 2408 αὐτοῦ
1209 2381 1417 2418 φιλανθρωπίᾳ,
1426 2381 1638 2416 μετερύθμισενν
1651 2382 1702 2408 οὑκ
1717 2380 1824 2416 ἄδηλον

1017 2428 1072 2464 γὰρ
1085 2428 1125 2460 dx
1136 2428 1176 2460 τὸ,
1196 2437 1206 2454 ι
1217 2427 1412 2464 ’Δποκριθεὶςό
1428 2427 1530 2463 Ἰησοῦς
1542 2425 1604 2454 εἷπε
1618 2427 1687 2463 πρὸς
1695 2427 1789 2460 αὐτὸν,
1806 2438 1819 2454 ι

1020 2474 1241 2510 προταττόμενον
1255 2475 1305 2510 τῆς
1319 2474 1525 2510 προρῤηθείσης
1550 2473 1711 2510 ἑρμηνείας,
1741 2475 1822 2510 πρὸς

1017 2522 1067 2558 τὴν
1081 2523 1110 2549 ἐν
1125 2521 1164 2558 τῷ
1181 2521 1259 2558 βάθει
1272 2522 1323 2556 τῆς
1338 2522 1453 2557 καρδίας
1481 2521 1589 2557 κίνησιν
1617 2521 1671 2548 τῶν
1692 2521 1823 2555 διαλογι-

1021 2567 1099 2603 σμῶν
1115 2568 1158 2604 ειη
1172 2568 1205 2595 ἂν
1220 2567 1430 2602 ἀποδεδομένον.
1456 2568 1630 2602 ὀμοστοιχετ
1642 2567 1671 2593 δὲ
1690 2567 1728 2601 τῷ
1760 2569 1816 2603 ῥη-

1020 2615 1093 2642 θέντι
1106 2616 1153 2642 καὶ
1165 2616 1206 2648 τὸ,
1221 2625 1231 2641 ι
1244 2614 1418 2650 Ἀποκριθεὶς
1429 2615 1443 2641 6
1464 2614 1568 2649 Ἰησοῦς
1579 2614 1647 2647 πρὸς
1659 2614 1722 2646 τοὺς
1736 2622 1819 2648 νομι-

1020 2663 1095 2695 κοὺς,
1110 2671 1121 2687 r
1139 2661 1312 2696 ἑπαγόμινθν
1326 2663 1362 2697 τῇ
1378 2661 1448 2688 κατά
1462 2661 1511 2695 τὴν
1526 2661 1645 2688 διάνοιαν
1659 2659 1749 2687 αὐτῶν
1761 2669 1814 2686 ται

1021 2709 1092 2743 ραχῇ
1117 2708 1166 2734 καὶ
1177 2708 1283 2741 στάσει,
1299 2708 1382 2743 ἡνίκα
1403 2707 1450 2733 τὸν
1475 2706 1629 2742 ὑδρωπικὺν
1653 2705 1814 2740 ἔμπροσθεν

1585 2799 1596 2814 ⁸
1610 2797 1689 2825 Joau.
1710 2804 1740 2828 tt,
1760 2795 1807 2824 18.
