  <div class='ocr_page' id='page_1' title='image "/cluster/home/n/w/nwhite01/storage/ocr_20150623/101/njp.32101077772877/119.png"; bbox 0 0 1882 3075; ppageno 0'>
   <div class='ocr_carea' id='block_1_1' title="bbox 215 135 752 176">
    <p class='ocr_par' dir='ltr' id='par_1_1' title="bbox 215 135 752 176">
     <span class='ocr_line' id='line_1_1' title="bbox 215 135 752 176; baseline -0.007 -7"><span class='ocrx_word' id='word_1_1' title='bbox 215 142 320 176; x_wconf 84' lang='lat' dir='ltr'><strong>poscit;</strong></span> <span class='ocrx_word' id='word_1_2' title='bbox 355 147 442 174; x_wconf 87' lang='lat' dir='ltr'><strong>nequc</strong></span> <span class='ocrx_word' id='word_1_3' title='bbox 472 139 563 167; x_wconf 82' lang='lat' dir='ltr'><strong>oravit</strong></span> <span class='ocrx_word' id='word_1_4' title='bbox 597 135 752 175; x_wconf 78' lang='lat' dir='ltr'><strong>signiﬁcat;</strong></span> 
     </span>
    </p>
   </div>
   <div class='ocr_carea' id='block_1_2' title="bbox 214 184 1005 223">
    <p class='ocr_par' dir='ltr' id='par_1_2' title="bbox 214 184 1005 223">
     <span class='ocr_line' id='line_1_2' title="bbox 214 184 1005 223; baseline -0.006 -8"><span class='ocrx_word' id='word_1_5' title='bbox 214 193 354 223; x_wconf 88' lang='lat' dir='ltr'><strong>nutusque</strong></span> <span class='ocrx_word' id='word_1_6' title='bbox 369 187 427 213; x_wconf 87' lang='lat' dir='ltr'><strong>vice</strong></span> <span class='ocrx_word' id='word_1_7' title='bbox 442 185 576 221; x_wconf 79' lang='lat' dir='ltr'><strong>fungitur.</strong></span> <span class='ocrx_word' id='word_1_8' title='bbox 597 186 680 220; x_wconf 85' lang='lat' dir='ltr'><strong>quue</strong></span> <span class='ocrx_word' id='word_1_9' title='bbox 702 185 819 212; x_wconf 80' lang='lat' dir='ltr'><strong>maxime</strong></span> <span class='ocrx_word' id='word_1_10' title='bbox 830 192 865 211; x_wconf 90' lang='lat' dir='ltr'><strong>ex</strong></span> <span class='ocrx_word' id='word_1_11' title='bbox 884 184 929 215; x_wconf 82' lang='lat' dir='ltr'><strong>iis.</strong></span> <span class='ocrx_word' id='word_1_12' title='bbox 944 191 1005 218; x_wconf 67' lang='lat' dir='ltr'><strong>qua:</strong></span> 
     </span>
    </p>
   </div>
   <div class='ocr_carea' id='block_1_3' title="bbox 215 232 1002 268">
    <p class='ocr_par' dir='ltr' id='par_1_3' title="bbox 215 232 1002 268">
     <span class='ocr_line' id='line_1_3' title="bbox 215 232 1002 268; baseline -0.006 -6"><span class='ocrx_word' id='word_1_13' title='bbox 215 235 286 262; x_wconf 87' lang='lat' dir='ltr'><strong>hanc</strong></span> <span class='ocrx_word' id='word_1_14' title='bbox 303 233 469 262; x_wconf 88' lang='lat' dir='ltr'><strong>locutionem</strong></span> <span class='ocrx_word' id='word_1_15' title='bbox 485 233 643 268; x_wconf 66' lang='lat' dir='ltr'><strong>praecedunt</strong></span> <span class='ocrx_word' id='word_1_16' title='bbox 664 237 691 260; x_wconf 88' lang='lat' dir='ltr'><strong>et</strong></span> <span class='ocrx_word' id='word_1_17' title='bbox 707 240 767 267; x_wconf 61' lang='lat' dir='ltr'><strong>quae</strong></span> <span class='ocrx_word' id='word_1_18' title='bbox 786 232 1002 266; x_wconf 84' lang='lat' dir='ltr'><strong>subsequuntur,</strong></span> 
     </span>
    </p>
   </div>
   <div class='ocr_carea' id='block_1_4' title="bbox 214 274 1004 315">
    <p class='ocr_par' dir='ltr' id='par_1_4' title="bbox 214 274 1004 315">
     <span class='ocr_line' id='line_1_4' title="bbox 214 274 1004 315; baseline -0.006 -8"><span class='ocrx_word' id='word_1_19' title='bbox 214 280 419 315; x_wconf 84' lang='lat' dir='ltr'><strong>cognoscitur:</strong></span> <span class='ocrx_word' id='word_1_20' title='bbox 441 285 494 305; x_wconf 91' lang='lat' dir='ltr'><strong>non</strong></span> <span class='ocrx_word' id='word_1_21' title='bbox 526 277 612 305; x_wconf 87' lang='lat' dir='ltr'><strong>solum</strong></span> <span class='ocrx_word' id='word_1_22' title='bbox 639 278 724 312; x_wconf 80' lang='lat' dir='ltr'><strong>quia,</strong></span> <span class='ocrx_word' id='word_1_23' title='bbox 753 276 819 304; x_wconf 90' lang='lat' dir='ltr'><strong>dum</strong></span> <span class='ocrx_word' id='word_1_24' title='bbox 851 274 1004 310; x_wconf 74' lang='lat' dir='ltr'><strong>magistrali</strong></span> 
     </span>
    </p>
   </div>
   <div class='ocr_carea' id='block_1_5' title="bbox 214 321 1003 359">
    <p class='ocr_par' dir='ltr' id='par_1_5' title="bbox 214 321 1003 359">
     <span class='ocr_line' id='line_1_5' title="bbox 214 321 1003 359; baseline -0.005 -7"><span class='ocrx_word' id='word_1_25' title='bbox 214 333 341 353; x_wconf 92' lang='lat' dir='ltr'><strong>sermone</strong></span> <span class='ocrx_word' id='word_1_26' title='bbox 362 330 494 356; x_wconf 89' lang='lat' dir='ltr'><strong>uteretur,</strong></span> <span class='ocrx_word' id='word_1_27' title='bbox 511 324 632 359; x_wconf 78' lang='lat' dir='ltr'><strong>dumque</strong></span> <span class='ocrx_word' id='word_1_28' title='bbox 645 324 774 359; x_wconf 85' lang='lat' dir='ltr'><strong>populum</strong></span> <span class='ocrx_word' id='word_1_29' title='bbox 792 322 871 350; x_wconf 83' lang='lat' dir='ltr'><strong>avide</strong></span> <span class='ocrx_word' id='word_1_30' title='bbox 887 321 1003 349; x_wconf 88' lang='lat' dir='ltr'><strong>audien-</strong></span> 
     </span>
    </p>
   </div>
   <div class='ocr_carea' id='block_1_6' title="bbox 214 367 1002 404">
    <p class='ocr_par' dir='ltr' id='par_1_6' title="bbox 214 367 1002 404">
     <span class='ocr_line' id='line_1_6' title="bbox 214 367 1002 404; baseline -0.006 -6"><span class='ocrx_word' id='word_1_31' title='bbox 214 376 269 398; x_wconf 84' lang='lat' dir='ltr'><strong>tem</strong></span> <span class='ocrx_word' id='word_1_32' title='bbox 294 371 416 403; x_wconf 79' lang='lat' dir='ltr'><strong>haberet,</strong></span> <span class='ocrx_word' id='word_1_33' title='bbox 444 370 550 404; x_wconf 85' lang='lat' dir='ltr'><strong>sibique</strong></span> <span class='ocrx_word' id='word_1_34' title='bbox 579 374 608 396; x_wconf 89' lang='grc' dir='ltr'><strong>ιιι</strong></span> <span class='ocrx_word' id='word_1_35' title='bbox 633 369 737 396; x_wconf 90' lang='lat' dir='ltr'><strong>doctori</strong></span> <span class='ocrx_word' id='word_1_36' title='bbox 755 369 874 396; x_wconf 84' lang='lat' dir='ltr'><strong>honores</strong></span> <span class='ocrx_word' id='word_1_37' title='bbox 896 367 1002 394; x_wconf 88' lang='lat' dir='ltr'><strong>debitos</strong></span> 
     </span>
    </p>
   </div>
   <div class='ocr_carea' id='block_1_7' title="bbox 214 413 1002 451">
    <p class='ocr_par' dir='ltr' id='par_1_7' title="bbox 214 413 1002 451">
     <span class='ocr_line' id='line_1_7' title="bbox 214 413 1002 451; baseline -0.005 -7"><span class='ocrx_word' id='word_1_38' title='bbox 214 417 401 449; x_wconf 76' lang='lat' dir='ltr'><strong>exhibentem,</strong></span> <span class='ocrx_word' id='word_1_39' title='bbox 427 424 477 451; x_wconf 90' lang='lat' dir='ltr'><strong>par</strong></span> <span class='ocrx_word' id='word_1_40' title='bbox 501 421 561 443; x_wconf 87' lang='lat' dir='ltr'><strong>erat</strong></span> <span class='ocrx_word' id='word_1_41' title='bbox 585 415 757 442; x_wconf 82' lang='lat' dir='ltr'><strong>Servatorem</strong></span> <span class='ocrx_word' id='word_1_42' title='bbox 782 421 844 442; x_wconf 92' lang='lat' dir='ltr'><strong>cum</strong></span> <span class='ocrx_word' id='word_1_43' title='bbox 870 413 1002 448; x_wconf 83' lang='lat' dir='ltr'><strong>dignitate</strong></span> 
     </span>
    </p>
   </div>
   <div class='ocr_carea' id='block_1_8' title="bbox 214 459 1000 498">
    <p class='ocr_par' dir='ltr' id='par_1_8' title="bbox 214 459 1000 498">
     <span class='ocr_line' id='line_1_8' title="bbox 214 459 1000 498; baseline -0.004 -9"><span class='ocrx_word' id='word_1_44' title='bbox 214 463 305 498; x_wconf 87' lang='lat' dir='ltr'><strong>loqui;</strong></span> <span class='ocrx_word' id='word_1_45' title='bbox 321 462 368 490; x_wconf 88' lang='lat' dir='ltr'><strong>sed</strong></span> <span class='ocrx_word' id='word_1_46' title='bbox 384 463 449 497; x_wconf 83' lang='lat' dir='ltr'><strong>quia</strong></span> <span class='ocrx_word' id='word_1_47' title='bbox 463 467 490 490; x_wconf 88' lang='lat' dir='ltr'><strong>et</strong></span> <span class='ocrx_word' id='word_1_48' title='bbox 506 461 586 496; x_wconf 88' lang='lat' dir='ltr'><strong>paulo</strong></span> <span class='ocrx_word' id='word_1_49' title='bbox 606 466 679 496; x_wconf 77' lang='lat' dir='ltr'><strong>post.</strong></span> <span class='ocrx_word' id='word_1_50' title='bbox 697 461 763 488; x_wconf 88' lang='lat' dir='ltr'><strong>dum</strong></span> <span class='ocrx_word' id='word_1_51' title='bbox 790 460 872 488; x_wconf 93' lang='lat' dir='ltr'><strong>simili</strong></span> <span class='ocrx_word' id='word_1_52' title='bbox 892 459 1000 487; x_wconf 86' lang='lat' dir='ltr'><strong>actione</strong></span> 
     </span>
    </p>
   </div>
   <div class='ocr_carea' id='block_1_9' title="bbox 214 506 1002 543">
    <p class='ocr_par' dir='ltr' id='par_1_9' title="bbox 214 506 1002 543">
     <span class='ocr_line' id='line_1_9' title="bbox 214 506 1002 543; baseline -0.004 -7"><span class='ocrx_word' id='word_1_53' title='bbox 214 510 253 536; x_wconf 92' lang='lat' dir='ltr'><strong>uti</strong></span> <span class='ocrx_word' id='word_1_54' title='bbox 273 509 383 536; x_wconf 90' lang='lat' dir='ltr'><strong>Petrum</strong></span> <span class='ocrx_word' id='word_1_55' title='bbox 401 509 511 543; x_wconf 89' lang='lat' dir='ltr'><strong>juberet</strong></span> <span class='ocrx_word' id='word_1_56' title='bbox 527 507 618 541; x_wconf 84' lang='lat' dir='ltr'><strong>Jcsus,</strong></span> <span class='ocrx_word' id='word_1_57' title='bbox 635 515 684 543; x_wconf 92' lang='lat' dir='ltr'><strong>pro</strong></span> <span class='ocrx_word' id='word_1_58' title='bbox 707 507 819 542; x_wconf 78' lang='lat' dir='ltr'><strong>rogavit,</strong></span> <span class='ocrx_word' id='word_1_59' title='bbox 834 506 1002 542; x_wconf 76' lang='lat' dir='ltr'><strong>evangelista</strong></span> 
     </span>
    </p>
   </div>
   <div class='ocr_carea' id='block_1_10' title="bbox 212 551 1000 590">
    <p class='ocr_par' dir='ltr' id='par_1_10' title="bbox 212 551 1000 590">
     <span class='ocr_line' id='line_1_10' title="bbox 212 551 1000 590; baseline -0.004 -8"><span class='ocrx_word' id='word_1_60' title='bbox 212 554 289 590; x_wconf 87' lang='lat' dir='ltr'><strong>ponit</strong></span> <span class='ocrx_word' id='word_1_61' title='bbox 311 554 393 582; x_wconf 89' lang='lat' dir='ltr'><strong>simili</strong></span> <span class='ocrx_word' id='word_1_62' title='bbox 406 554 432 581; x_wconf 87' lang='lat' dir='ltr'><strong>vi</strong></span> <span class='ocrx_word' id='word_1_63' title='bbox 453 554 534 581; x_wconf 69' lang='lat' dir='ltr'><strong>dixit.</strong></span> <span class='ocrx_word' id='word_1_64' title='bbox 552 553 656 580; x_wconf 86' lang='lat' dir='ltr'><strong>Etenim</strong></span> <span class='ocrx_word' id='word_1_65' title='bbox 673 562 683 579; x_wconf 75' lang='grc' dir='ltr'>ι</span> <span class='ocrx_word' id='word_1_66' title='bbox 699 552 785 585; x_wconf 70' lang='lat' dir='ltr'><strong>Dixit,</strong></span> <span class='ocrx_word' id='word_1_67' title='bbox 800 553 850 584; x_wconf 86' lang='lat' dir='ltr'><strong>ait,</strong></span> <span class='ocrx_word' id='word_1_68' title='bbox 873 551 1000 580; x_wconf 89' lang='lat' dir='ltr'><strong>Simoni:</strong></span> 
     </span>
    </p>
   </div>
   <div class='ocr_carea' id='block_1_11' title="bbox 213 598 1001 635">
    <p class='ocr_par' dir='ltr' id='par_1_11' title="bbox 213 598 1001 635">
     <span class='ocr_line' id='line_1_11' title="bbox 213 598 1001 635; baseline -0.004 -7"><span class='ocrx_word' id='word_1_69' title='bbox 213 601 307 628; x_wconf 74' lang='lat' dir='ltr'><strong>Reduc</strong></span> <span class='ocrx_word' id='word_1_70' title='bbox 329 601 357 628; x_wconf 92' lang='lat' dir='ltr'><strong>in</strong></span> <span class='ocrx_word' id='word_1_71' title='bbox 387 600 483 633; x_wconf 88' lang='lat' dir='ltr'><strong>altum,</strong></span> <span class='ocrx_word' id='word_1_72' title='bbox 510 605 592 634; x_wconf 89' lang='lat' dir='ltr'><strong>atque</strong></span> <span class='ocrx_word' id='word_1_73' title='bbox 617 600 644 627; x_wconf 94' lang='lat' dir='ltr'><strong>in</strong></span> <span class='ocrx_word' id='word_1_74' title='bbox 668 599 786 635; x_wconf 81' lang='lat' dir='ltr'><strong>praedam</strong></span> <span class='ocrx_word' id='word_1_75' title='bbox 816 598 884 626; x_wconf 87' lang='lat' dir='ltr'><strong>retia</strong></span> <span class='ocrx_word' id='word_1_76' title='bbox 912 602 1001 626; x_wconf 89' lang='lat' dir='ltr'><strong>vestra</strong></span> 
     </span>
    </p>
   </div>
   <div class='ocr_carea' id='block_1_12' title="bbox 212 643 1002 678">
    <p class='ocr_par' dir='ltr' id='par_1_12' title="bbox 212 643 1002 678">
     <span class='ocr_line' id='line_1_12' title="bbox 212 643 1002 678; baseline -0.003 -6"><span class='ocrx_word' id='word_1_77' title='bbox 212 645 347 672; x_wconf 82' lang='lat' dir='ltr'><strong>demittite</strong></span> <span class='ocrx_word' id='word_1_78' title='bbox 359 646 391 671; x_wconf 85' lang='lat'><strong>&quot;.</strong></span> <span class='ocrx_word' id='word_1_79' title='bbox 407 654 417 670; x_wconf 73' lang='grc' dir='ltr'><strong>ι</strong></span> <span class='ocrx_word' id='word_1_80' title='bbox 436 644 546 672; x_wconf 86' lang='lat' dir='ltr'><strong>Scilicet</strong></span> <span class='ocrx_word' id='word_1_81' title='bbox 558 649 704 678; x_wconf 85' lang='lat' dir='ltr'><strong>utrumque</strong></span> <span class='ocrx_word' id='word_1_82' title='bbox 726 643 839 671; x_wconf 82' lang='lat' dir='ltr'><strong>verbum</strong></span> <span class='ocrx_word' id='word_1_83' title='bbox 856 643 959 678; x_wconf 77' lang='lat' dir='ltr'><strong>rogavit</strong></span> <span class='ocrx_word' id='word_1_84' title='bbox 973 646 1002 670; x_wconf 86' lang='lat' dir='ltr'><strong>et</strong></span> 
     </span>
    </p>
   </div>
   <div class='ocr_carea' id='block_1_13' title="bbox 212 687 1000 726">
    <p class='ocr_par' dir='ltr' id='par_1_13' title="bbox 212 687 1000 726">
     <span class='ocr_line' id='line_1_13' title="bbox 212 687 1000 726; baseline -0.004 -8"><span class='ocrx_word' id='word_1_85' title='bbox 212 691 281 718; x_wconf 64' lang='lat' dir='ltr'><strong>dixit</strong></span> <span class='ocrx_word' id='word_1_86' title='bbox 296 691 483 726; x_wconf 87' lang='lat' dir='ltr'><strong>imperativam</strong></span> <span class='ocrx_word' id='word_1_87' title='bbox 501 690 555 717; x_wconf 87' lang='lat' dir='ltr'><strong>vim</strong></span> <span class='ocrx_word' id='word_1_88' title='bbox 569 690 678 717; x_wconf 80' lang='lat' dir='ltr'><strong>habent.</strong></span> <span class='ocrx_word' id='word_1_89' title='bbox 695 689 749 716; x_wconf 79' lang='lat' dir='ltr'><strong>Sed</strong></span> <span class='ocrx_word' id='word_1_90' title='bbox 762 697 825 724; x_wconf 75' lang='lat' dir='ltr'><strong>qua:</strong></span> <span class='ocrx_word' id='word_1_91' title='bbox 840 687 1000 716; x_wconf 83' lang='lat' dir='ltr'><strong>summatim</strong></span> 
     </span>
    </p>
   </div>
   <div class='ocr_carea' id='block_1_14' title="bbox 215 733 999 764">
    <p class='ocr_par' dir='ltr' id='par_1_14' title="bbox 215 733 999 764">
     <span class='ocr_line' id='line_1_14' title="bbox 215 733 999 764; baseline -0.004 -1"><span class='ocrx_word' id='word_1_92' title='bbox 215 737 348 764; x_wconf 84' lang='lat' dir='ltr'><strong>hactenus</strong></span> <span class='ocrx_word' id='word_1_93' title='bbox 366 736 423 764; x_wconf 86' lang='lat' dir='ltr'><strong>dixi</strong></span> <span class='ocrx_word' id='word_1_94' title='bbox 436 736 504 763; x_wconf 80' lang='lat' dir='ltr'><strong>satis</strong></span> <span class='ocrx_word' id='word_1_95' title='bbox 519 735 645 762; x_wconf 89' lang='lat' dir='ltr'><strong>videntur</strong></span> <span class='ocrx_word' id='word_1_96' title='bbox 660 734 819 762; x_wconf 89' lang='lat' dir='ltr'><strong>necessitati</strong></span> <span class='ocrx_word' id='word_1_97' title='bbox 835 738 888 761; x_wconf 72' lang='lat' dir='ltr'><strong>tua:</strong></span> <span class='ocrx_word' id='word_1_98' title='bbox 899 733 999 761; x_wconf 85' lang='lat' dir='ltr'><strong>facere.</strong></span> 
     </span>
    </p>
   </div>
   <div class='ocr_carea' id='block_1_15' title="bbox 792 73 1265 115">
    <p class='ocr_par' dir='ltr' id='par_1_15' title="bbox 792 73 1265 115">
     <span class='ocr_line' id='line_1_15' title="bbox 792 73 1265 115; baseline 0 -1"><span class='ocrx_word' id='word_1_99' title='bbox 792 84 924 115; x_wconf 83' lang='lat' dir='ltr'><strong>PHOTII</strong></span> <span class='ocrx_word' id='word_1_100' title='bbox 944 73 1199 114; x_wconf 76' lang='lat' dir='ltr'><strong>PATRIARCHIE</strong></span> <span class='ocrx_word' id='word_1_101' title='bbox 1208 84 1265 114; x_wconf 75' lang='lat' dir='ltr'><strong>cr.</strong></span> 
     </span>
    </p>
   </div>
   <div class='ocr_carea' id='block_1_16' title="bbox 797 136 1866 172">
    <p class='ocr_par' dir='ltr' id='par_1_16' title="bbox 797 136 1866 172">
     <span class='ocr_line' id='line_1_16' title="bbox 797 136 1866 172; baseline -0.002 -6"><span class='ocrx_word' id='word_1_102' title='bbox 797 139 845 166; x_wconf 87' lang='lat' dir='ltr'><strong>sed</strong></span> <span class='ocrx_word' id='word_1_103' title='bbox 882 136 1002 165; x_wconf 88' lang='lat' dir='ltr'><strong>mandati</strong></span> <span class='ocrx_word' id='word_1_104' title='bbox 1018 141 1040 168; x_wconf 75' lang='grc' dir='ltr'><strong>Α</strong></span> <span class='ocrx_word' id='word_1_105' title='bbox 1055 136 1245 172; x_wconf 82' lang='grc' dir='ltr'>παρεκάλεσεν</span> <span class='ocrx_word' id='word_1_106' title='bbox 1265 136 1382 164; x_wconf 72' lang='grc' dir='ltr'>ἐνταῦθα</span> <span class='ocrx_word' id='word_1_107' title='bbox 1407 136 1548 172; x_wconf 81' lang='grc' dir='ltr'><strong>σημαίνει,</strong></span> <span class='ocrx_word' id='word_1_108' title='bbox 1570 136 1629 164; x_wconf 75' lang='grc' dir='ltr'>ἀλλ’</span> <span class='ocrx_word' id='word_1_109' title='bbox 1653 137 1866 172; x_wconf 73' lang='grc' dir='ltr'><strong>ἐπιτάγματος</strong></span> 
     </span>
    </p>
   </div>
   <div class='ocr_carea' id='block_1_17' title="bbox 1794 81 1866 115">
    <p class='ocr_par' dir='ltr' id='par_1_17' title="bbox 1794 81 1866 115">
     <span class='ocr_line' id='line_1_17' title="bbox 1794 81 1866 115; baseline 0.014 -1"><span class='ocrx_word' id='word_1_110' title='bbox 1794 81 1866 115; x_wconf 65' lang='grc' dir='ltr'><strong>ιϐἧ</strong></span> 
     </span>
    </p>
   </div>
   <div class='ocr_carea' id='block_1_18' title="bbox 1055 183 1866 219">
    <p class='ocr_par' dir='ltr' id='par_1_18' title="bbox 1055 183 1866 219">
     <span class='ocr_line' id='line_1_18' title="bbox 1055 183 1866 219; baseline -0.001 -9"><span class='ocrx_word' id='word_1_111' title='bbox 1055 184 1103 210; x_wconf 79' lang='grc' dir='ltr'>καὶ</span> <span class='ocrx_word' id='word_1_112' title='bbox 1116 183 1227 219; x_wconf 73' lang='grc' dir='ltr'>ἐντολῆς</span> <span class='ocrx_word' id='word_1_113' title='bbox 1243 183 1425 219; x_wconf 79' lang='grc' dir='ltr'>προϐάλλεται</span> <span class='ocrx_word' id='word_1_114' title='bbox 1437 184 1532 219; x_wconf 78' lang='grc' dir='ltr'>χρείαν</span> <span class='ocrx_word' id='word_1_115' title='bbox 1543 190 1551 199; x_wconf 87' lang='grc'><strong><em>⁸</em></strong></span> <span class='ocrx_word' id='word_1_116' title='bbox 1569 184 1616 210; x_wconf 78' lang='grc' dir='ltr'><strong>καὶ</strong></span> <span class='ocrx_word' id='word_1_117' title='bbox 1628 183 1709 210; x_wconf 78' lang='grc' dir='ltr'>τοῦτο</span> <span class='ocrx_word' id='word_1_118' title='bbox 1721 183 1866 219; x_wconf 81' lang='grc' dir='ltr'>μάλιστα</span> 
     </span>
    </p>
   </div>
   <div class='ocr_carea' id='block_1_19' title="bbox 1054 228 1866 266">
    <p class='ocr_par' dir='ltr' id='par_1_19' title="bbox 1054 228 1866 266">
     <span class='ocr_line' id='line_1_19' title="bbox 1054 228 1866 266; baseline 0.002 -12"><span class='ocrx_word' id='word_1_119' title='bbox 1054 231 1115 255; x_wconf 85' lang='grc' dir='ltr'>τότε</span> <span class='ocrx_word' id='word_1_120' title='bbox 1129 228 1283 265; x_wconf 80' lang='grc' dir='ltr'>ἡγούμενον</span> <span class='ocrx_word' id='word_1_121' title='bbox 1298 228 1345 256; x_wconf 85' lang='grc' dir='ltr'>τοῦ</span> <span class='ocrx_word' id='word_1_122' title='bbox 1367 229 1447 263; x_wconf 84' lang='grc' dir='ltr'>λόγου</span> <span class='ocrx_word' id='word_1_123' title='bbox 1461 230 1508 256; x_wconf 77' lang='grc' dir='ltr'>καὶ</span> <span class='ocrx_word' id='word_1_124' title='bbox 1524 229 1555 256; x_wconf 78' lang='grc' dir='ltr'><strong>τὺ</strong></span> <span class='ocrx_word' id='word_1_125' title='bbox 1574 229 1745 264; x_wconf 76' lang='grc' dir='ltr'><strong>ἐπαγόμενον</strong></span> <span class='ocrx_word' id='word_1_126' title='bbox 1765 239 1866 266; x_wconf 80' lang='grc' dir='ltr'>παρ-</span> 
     </span>
    </p>
   </div>
   <div class='ocr_carea' id='block_1_20' title="bbox 1056 274 1866 311">
    <p class='ocr_par' dir='ltr' id='par_1_20' title="bbox 1056 274 1866 311">
     <span class='ocr_line' id='line_1_20' title="bbox 1056 274 1866 311; baseline 0.001 -10"><span class='ocrx_word' id='word_1_127' title='bbox 1056 275 1134 310; x_wconf 78' lang='grc' dir='ltr'>ιστᾷ·</span> <span class='ocrx_word' id='word_1_128' title='bbox 1164 274 1213 310; x_wconf 79' lang='grc' dir='ltr'><strong>οὐχ</strong></span> <span class='ocrx_word' id='word_1_129' title='bbox 1235 275 1277 301; x_wconf 83' lang='grc' dir='ltr'>ὅτι</span> <span class='ocrx_word' id='word_1_130' title='bbox 1301 274 1382 310; x_wconf 87' lang='grc' dir='ltr'>μόνον</span> <span class='ocrx_word' id='word_1_131' title='bbox 1402 274 1585 310; x_wconf 81' lang='grc' dir='ltr'>διδασκαλικῷ</span> <span class='ocrx_word' id='word_1_132' title='bbox 1600 274 1673 311; x_wconf 84' lang='grc' dir='ltr'>λόγῳ</span> <span class='ocrx_word' id='word_1_133' title='bbox 1686 275 1866 311; x_wconf 69' lang='grc' dir='ltr'>χρώμενος.</span> 
     </span>
    </p>
   </div>
   <div class='ocr_carea' id='block_1_21' title="bbox 1054 320 1865 357">
    <p class='ocr_par' dir='ltr' id='par_1_21' title="bbox 1054 320 1865 357">
     <span class='ocr_line' id='line_1_21' title="bbox 1054 320 1865 357; baseline 0.001 -10"><span class='ocrx_word' id='word_1_134' title='bbox 1054 321 1101 348; x_wconf 79' lang='grc' dir='ltr'>καὶ</span> <span class='ocrx_word' id='word_1_135' title='bbox 1113 322 1157 348; x_wconf 87' lang='grc' dir='ltr'><strong>τὺν</strong></span> <span class='ocrx_word' id='word_1_136' title='bbox 1172 321 1250 356; x_wconf 77' lang='grc' dir='ltr'>ὄχλον</span> <span class='ocrx_word' id='word_1_137' title='bbox 1263 320 1334 356; x_wconf 74' lang='grc' dir='ltr'>ἔχων</span> <span class='ocrx_word' id='word_1_138' title='bbox 1348 320 1435 356; x_wconf 85' lang='grc' dir='ltr'>ἡδέως</span> <span class='ocrx_word' id='word_1_139' title='bbox 1445 321 1621 356; x_wconf 85' lang='grc' dir='ltr'>προσέχοντα,</span> <span class='ocrx_word' id='word_1_140' title='bbox 1631 322 1679 348; x_wconf 76' lang='grc' dir='ltr'>καὶ</span> <span class='ocrx_word' id='word_1_141' title='bbox 1692 321 1741 357; x_wconf 84' lang='grc' dir='ltr'>τὴν</span> <span class='ocrx_word' id='word_1_142' title='bbox 1752 330 1865 357; x_wconf 75' lang='grc' dir='ltr'>προσ-</span> 
     </span>
    </p>
   </div>
   <div class='ocr_carea' id='block_1_22' title="bbox 1053 366 1866 402">
    <p class='ocr_par' dir='ltr' id='par_1_22' title="bbox 1053 366 1866 402">
     <span class='ocr_line' id='line_1_22' title="bbox 1053 366 1866 402; baseline 0.001 -9"><span class='ocrx_word' id='word_1_143' title='bbox 1053 368 1172 399; x_wconf 77' lang='grc' dir='ltr'>ἤκουσαν</span> <span class='ocrx_word' id='word_1_144' title='bbox 1193 366 1345 401; x_wconf 78' lang='grc' dir='ltr'><strong>διδασκάλῳ</strong></span> <span class='ocrx_word' id='word_1_145' title='bbox 1368 366 1452 402; x_wconf 84' lang='grc' dir='ltr'>τιμὴν</span> <span class='ocrx_word' id='word_1_146' title='bbox 1466 367 1594 402; x_wconf 83' lang='grc' dir='ltr'><strong>νέμοντα,</strong></span> <span class='ocrx_word' id='word_1_147' title='bbox 1617 367 1681 399; x_wconf 82' lang='grc' dir='ltr'>τοὺς</span> <span class='ocrx_word' id='word_1_148' title='bbox 1703 367 1809 402; x_wconf 85' lang='grc' dir='ltr'><strong>λόγους</strong></span> <span class='ocrx_word' id='word_1_149' title='bbox 1846 369 1866 394; x_wconf 79' lang='grc' dir='ltr'><strong>ὁ</strong></span> 
     </span>
    </p>
   </div>
   <div class='ocr_carea' id='block_1_23' title="bbox 1053 412 1866 448">
    <p class='ocr_par' dir='ltr' id='par_1_23' title="bbox 1053 412 1866 448">
     <span class='ocr_line' id='line_1_23' title="bbox 1053 412 1866 448; baseline 0.002 -10"><span class='ocrx_word' id='word_1_150' title='bbox 1053 412 1148 448; x_wconf 86' lang='grc' dir='ltr'>Σωτὴρ</span> <span class='ocrx_word' id='word_1_151' title='bbox 1166 412 1225 448; x_wconf 78' lang='grc' dir='ltr'>μετ’</span> <span class='ocrx_word' id='word_1_152' title='bbox 1242 412 1366 444; x_wconf 82' lang='grc' dir='ltr'>ἐξουσίας</span> <span class='ocrx_word' id='word_1_153' title='bbox 1380 412 1511 444; x_wconf 80' lang='grc' dir='ltr'>ἐποιεῖτο,</span> <span class='ocrx_word' id='word_1_154' title='bbox 1521 412 1579 439; x_wconf 84' lang='grc' dir='ltr'>ἀλλ’</span> <span class='ocrx_word' id='word_1_155' title='bbox 1593 413 1634 439; x_wconf 84' lang='grc' dir='ltr'>ὅτι</span> <span class='ocrx_word' id='word_1_156' title='bbox 1651 413 1698 440; x_wconf 75' lang='grc' dir='ltr'><strong>καὶ</strong></span> <span class='ocrx_word' id='word_1_157' title='bbox 1709 415 1767 448; x_wconf 83' lang='grc' dir='ltr'>μετ’</span> <span class='ocrx_word' id='word_1_158' title='bbox 1783 414 1866 440; x_wconf 77' lang='grc' dir='ltr'>ὁλε-</span> 
     </span>
    </p>
   </div>
   <div class='ocr_carea' id='block_1_24' title="bbox 1052 458 1866 494">
    <p class='ocr_par' dir='ltr' id='par_1_24' title="bbox 1052 458 1866 494">
     <span class='ocr_line' id='line_1_24' title="bbox 1052 458 1866 494; baseline 0.002 -10"><span class='ocrx_word' id='word_1_159' title='bbox 1052 466 1100 492; x_wconf 85' lang='grc' dir='ltr'><strong>γον</strong></span> <span class='ocrx_word' id='word_1_160' title='bbox 1124 458 1199 492; x_wconf 78' lang='grc' dir='ltr'>παρὰ</span> <span class='ocrx_word' id='word_1_161' title='bbox 1214 458 1322 494; x_wconf 82' lang='grc' dir='ltr'>πλησίῳ</span> <span class='ocrx_word' id='word_1_162' title='bbox 1337 458 1438 494; x_wconf 77' lang='grc' dir='ltr'><strong>πράξει</strong></span> <span class='ocrx_word' id='word_1_163' title='bbox 1453 458 1574 494; x_wconf 78' lang='grc' dir='ltr'>χρῆσθαι</span> <span class='ocrx_word' id='word_1_164' title='bbox 1598 458 1644 485; x_wconf 72' lang='grc' dir='ltr'>τὸν</span> <span class='ocrx_word' id='word_1_165' title='bbox 1668 458 1779 494; x_wconf 89' lang='grc' dir='ltr'>Σίμωνα</span> <span class='ocrx_word' id='word_1_166' title='bbox 1793 469 1866 486; x_wconf 82' lang='grc' dir='ltr'>κε-</span> 
     </span>
    </p>
   </div>
   <div class='ocr_carea' id='block_1_25' title="bbox 1053 503 1866 541">
    <p class='ocr_par' dir='ltr' id='par_1_25' title="bbox 1053 503 1866 541">
     <span class='ocr_line' id='line_1_25' title="bbox 1053 503 1866 541; baseline 0.004 -11"><span class='ocrx_word' id='word_1_167' title='bbox 1053 503 1176 535; x_wconf 88' lang='grc' dir='ltr'>λεύοντος</span> <span class='ocrx_word' id='word_1_168' title='bbox 1193 504 1239 530; x_wconf 87' lang='grc' dir='ltr'>τοῦ</span> <span class='ocrx_word' id='word_1_169' title='bbox 1262 504 1362 540; x_wconf 81' lang='grc' dir='ltr'>Ἰησοῦ,</span> <span class='ocrx_word' id='word_1_170' title='bbox 1379 505 1439 531; x_wconf 76' lang='grc' dir='ltr'>ἀντὶ</span> <span class='ocrx_word' id='word_1_171' title='bbox 1454 505 1507 532; x_wconf 86' lang='grc' dir='ltr'>τοῦ</span> <span class='ocrx_word' id='word_1_172' title='bbox 1518 505 1674 539; x_wconf 81' lang='grc' dir='ltr'><strong>ἠρώτησεν</strong></span> <span class='ocrx_word' id='word_1_173' title='bbox 1691 506 1705 532; x_wconf 90' lang='grc' dir='ltr'><strong>ὁ</strong></span> <span class='ocrx_word' id='word_1_174' title='bbox 1726 507 1866 541; x_wconf 70' lang='grc' dir='ltr'>εὐαγγε-</span> 
     </span>
    </p>
   </div>
   <div class='ocr_carea' id='block_1_26' title="bbox 1052 549 1865 586">
    <p class='ocr_par' dir='ltr' id='par_1_26' title="bbox 1052 549 1865 586">
     <span class='ocr_line' id='line_1_26' title="bbox 1052 549 1865 586; baseline 0.004 -10"><span class='ocrx_word' id='word_1_175' title='bbox 1052 549 1145 586; x_wconf 81' lang='grc' dir='ltr'>λιστὴς</span> <span class='ocrx_word' id='word_1_176' title='bbox 1160 551 1192 577; x_wconf 86' lang='grc' dir='ltr'>τὸ</span> <span class='ocrx_word' id='word_1_177' title='bbox 1205 549 1269 577; x_wconf 79' lang='grc' dir='ltr'>εἷπε</span> <span class='ocrx_word' id='word_1_178' title='bbox 1283 551 1333 586; x_wconf 83' lang='grc' dir='ltr'>τῆς</span> <span class='ocrx_word' id='word_1_179' title='bbox 1347 551 1442 586; x_wconf 81' lang='grc' dir='ltr'>ὁμοίας</span> <span class='ocrx_word' id='word_1_180' title='bbox 1462 550 1557 586; x_wconf 84' lang='grc' dir='ltr'>χρείας</span> <span class='ocrx_word' id='word_1_181' title='bbox 1571 551 1733 586; x_wconf 74' lang='grc' dir='ltr'>προτάττειν</span> <span class='ocrx_word' id='word_1_182' title='bbox 1748 562 1757 578; x_wconf 76' lang='grc' dir='ltr'>ι</span> <span class='ocrx_word' id='word_1_183' title='bbox 1772 552 1865 580; x_wconf 62' lang='lat' dir='ltr'><strong>Eia-:3</strong></span> 
     </span>
    </p>
   </div>
   <div class='ocr_carea' id='block_1_27' title="bbox 1052 598 1866 636">
    <p class='ocr_par' dir='ltr' id='par_1_27' title="bbox 1052 598 1866 636">
     <span class='ocr_line' id='line_1_27' title="bbox 1052 598 1866 636; baseline 0.004 -12"><span class='ocrx_word' id='word_1_184' title='bbox 1052 598 1116 633; x_wconf 80' lang='grc' dir='ltr'>γὰρ,</span> <span class='ocrx_word' id='word_1_185' title='bbox 1134 598 1213 633; x_wconf 73' lang='grc' dir='ltr'>φησι,</span> <span class='ocrx_word' id='word_1_186' title='bbox 1228 598 1296 633; x_wconf 78' lang='grc' dir='ltr'>πρὸς</span> <span class='ocrx_word' id='word_1_187' title='bbox 1317 598 1363 625; x_wconf 75' lang='grc' dir='ltr'><strong>τὸν</strong></span> <span class='ocrx_word' id='word_1_188' title='bbox 1380 599 1505 633; x_wconf 84' lang='grc' dir='ltr'>Σίμωνα,</span> <span class='ocrx_word' id='word_1_189' title='bbox 1534 599 1708 634; x_wconf 74' lang='grc' dir='ltr'><strong>Ἐπανάγαγε</strong></span> <span class='ocrx_word' id='word_1_190' title='bbox 1727 601 1799 636; x_wconf 77' lang='grc' dir='ltr'>πρὸς</span> <span class='ocrx_word' id='word_1_191' title='bbox 1819 601 1866 627; x_wconf 73' lang='grc' dir='ltr'>τὸ</span> 
     </span>
    </p>
   </div>
   <div class='ocr_carea' id='block_1_28' title="bbox 1053 643 1852 681">
    <p class='ocr_par' dir='ltr' id='par_1_28' title="bbox 1053 643 1852 681">
     <span class='ocr_line' id='line_1_28' title="bbox 1053 643 1852 681; baseline 0.004 -11"><span class='ocrx_word' id='word_1_192' title='bbox 1053 643 1147 678; x_wconf 84' lang='grc' dir='ltr'>βάθος.</span> <span class='ocrx_word' id='word_1_193' title='bbox 1173 644 1220 670; x_wconf 85' lang='grc' dir='ltr'>καὶ</span> <span class='ocrx_word' id='word_1_194' title='bbox 1232 644 1367 679; x_wconf 79' lang='grc' dir='ltr'><strong>χαλάσατε</strong></span> <span class='ocrx_word' id='word_1_195' title='bbox 1381 644 1417 670; x_wconf 81' lang='grc' dir='ltr'><strong>τὰ</strong></span> <span class='ocrx_word' id='word_1_196' title='bbox 1432 644 1527 671; x_wconf 86' lang='grc' dir='ltr'>δίκτυα</span> <span class='ocrx_word' id='word_1_197' title='bbox 1554 645 1631 680; x_wconf 77' lang='grc' dir='ltr'>ὑμῶν</span> <span class='ocrx_word' id='word_1_198' title='bbox 1644 647 1684 678; x_wconf 85' lang='grc' dir='ltr'><strong>είς</strong></span> <span class='ocrx_word' id='word_1_199' title='bbox 1701 646 1790 681; x_wconf 80' lang='grc' dir='ltr'>ἄγραν</span> <span class='ocrx_word' id='word_1_200' title='bbox 1802 655 1813 662; x_wconf 68' lang='grc'><strong><em>⁸</em></strong></span> <span class='ocrx_word' id='word_1_201' title='bbox 1839 657 1852 673; x_wconf 73' lang='grc' dir='ltr'><strong>ι</strong></span> 
     </span>
    </p>
   </div>
   <div class='ocr_carea' id='block_1_29' title="bbox 1053 689 1864 726">
    <p class='ocr_par' dir='ltr' id='par_1_29' title="bbox 1053 689 1864 726">
     <span class='ocr_line' id='line_1_29' title="bbox 1053 689 1864 726; baseline 0.005 -11"><span class='ocrx_word' id='word_1_202' title='bbox 1053 689 1260 725; x_wconf 84' lang='grc' dir='ltr'>προστακτικὴν</span> <span class='ocrx_word' id='word_1_203' title='bbox 1273 689 1328 725; x_wconf 88' lang='grc' dir='ltr'><strong>γὰρ</strong></span> <span class='ocrx_word' id='word_1_204' title='bbox 1341 690 1425 724; x_wconf 79' lang='grc' dir='ltr'>ἄμφω</span> <span class='ocrx_word' id='word_1_205' title='bbox 1439 690 1556 725; x_wconf 81' lang='grc' dir='ltr'>δύναμιν</span> <span class='ocrx_word' id='word_1_206' title='bbox 1569 691 1636 726; x_wconf 80' lang='grc' dir='ltr'>ἔχει.</span> <span class='ocrx_word' id='word_1_207' title='bbox 1660 691 1740 719; x_wconf 78' lang='grc' dir='ltr'>Ἀλλὰ</span> <span class='ocrx_word' id='word_1_208' title='bbox 1754 693 1864 720; x_wconf 72' lang='grc' dir='ltr'>ταῦτα</span> 
     </span>
    </p>
   </div>
   <div class='ocr_carea' id='block_1_30' title="bbox 1053 734 1863 773">
    <p class='ocr_par' dir='ltr' id='par_1_30' title="bbox 1053 734 1863 773">
     <span class='ocr_line' id='line_1_30' title="bbox 1053 734 1863 773; baseline 0.005 -11"><span class='ocrx_word' id='word_1_209' title='bbox 1053 736 1104 772; x_wconf 81' lang='grc' dir='ltr'>μὲν</span> <span class='ocrx_word' id='word_1_210' title='bbox 1118 736 1156 768; x_wconf 84' lang='grc' dir='ltr'>ὡς</span> <span class='ocrx_word' id='word_1_211' title='bbox 1169 736 1198 762; x_wconf 80' lang='grc' dir='ltr'>ὲν</span> <span class='ocrx_word' id='word_1_212' title='bbox 1212 736 1352 772; x_wconf 81' lang='grc' dir='ltr'><strong>κεφαλαίῳ</strong></span> <span class='ocrx_word' id='word_1_213' title='bbox 1366 736 1415 763; x_wconf 73' lang='grc' dir='ltr'>καὶ</span> <span class='ocrx_word' id='word_1_214' title='bbox 1429 737 1478 772; x_wconf 87' lang='grc' dir='ltr'>τὴν</span> <span class='ocrx_word' id='word_1_215' title='bbox 1493 737 1543 773; x_wconf 87' lang='grc' dir='ltr'><strong>σὴν</strong></span> <span class='ocrx_word' id='word_1_216' title='bbox 1557 734 1634 772; x_wconf 78' lang='grc' dir='ltr'>οἶμαι</span> <span class='ocrx_word' id='word_1_217' title='bbox 1647 738 1742 773; x_wconf 84' lang='grc' dir='ltr'>χρείαν</span> <span class='ocrx_word' id='word_1_218' title='bbox 1760 739 1863 766; x_wconf 73' lang='grc' dir='ltr'>ἱκανὰ</span> 
     </span>
    </p>
   </div>
   <div class='ocr_carea' id='block_1_31' title="bbox 213 780 1005 819">
    <p class='ocr_par' dir='ltr' id='par_1_31' title="bbox 213 780 1001 815">
     <span class='ocr_line' id='line_1_31' title="bbox 213 780 1001 815; baseline -0.004 -5"><span class='ocrx_word' id='word_1_219' title='bbox 213 783 342 810; x_wconf 82' lang='lat' dir='ltr'><strong>Profecto</strong></span> <span class='ocrx_word' id='word_1_220' title='bbox 359 782 431 810; x_wconf 92' lang='lat' dir='ltr'><strong>enim</strong></span> <span class='ocrx_word' id='word_1_221' title='bbox 451 786 477 809; x_wconf 85' lang='lat' dir='ltr'><strong>te</strong></span> <span class='ocrx_word' id='word_1_222' title='bbox 497 788 551 808; x_wconf 91' lang='lat' dir='ltr'><strong>non</strong></span> <span class='ocrx_word' id='word_1_223' title='bbox 571 780 675 813; x_wconf 82' lang='lat' dir='ltr'><strong>latebit,</strong></span> <span class='ocrx_word' id='word_1_224' title='bbox 691 780 827 808; x_wconf 89' lang='lat' dir='ltr'><strong>dictorum</strong></span> <span class='ocrx_word' id='word_1_225' title='bbox 844 780 899 807; x_wconf 92' lang='lat' dir='ltr'><strong>huc</strong></span> <span class='ocrx_word' id='word_1_226' title='bbox 913 787 1001 815; x_wconf 88' lang='lat' dir='ltr'><strong>usque</strong></span> 
     </span>
    </p>
   </div>
   <div class='ocr_carea' id='block_1_32' title="bbox 1083 780 1865 819">
    <p class='ocr_par' dir='ltr' id='par_1_32' title="bbox 1083 782 1865 819">
     <span class='ocr_line' id='line_1_32' title="bbox 1083 782 1865 819; baseline 0.005 -11"><span class='ocrx_word' id='word_1_227' title='bbox 1083 782 1216 818; x_wconf 71' lang='grc' dir='ltr'>ιηρῶσαι·</span> <span class='ocrx_word' id='word_1_228' title='bbox 1245 782 1275 808; x_wconf 84' lang='grc' dir='ltr'>οὐ</span> <span class='ocrx_word' id='word_1_229' title='bbox 1298 782 1353 817; x_wconf 90' lang='grc' dir='ltr'><strong>γὰρ</strong></span> <span class='ocrx_word' id='word_1_230' title='bbox 1377 782 1410 809; x_wconf 78' lang='grc' dir='ltr'>ἄν</span> <span class='ocrx_word' id='word_1_231' title='bbox 1428 791 1457 809; x_wconf 88' lang='grc' dir='ltr'><strong>σε</strong></span> <span class='ocrx_word' id='word_1_232' title='bbox 1483 783 1595 818; x_wconf 84' lang='grc' dir='ltr'>λήσεται</span> <span class='ocrx_word' id='word_1_233' title='bbox 1616 784 1728 819; x_wconf 84' lang='grc' dir='ltr'><strong>μνήμην</strong></span> <span class='ocrx_word' id='word_1_234' title='bbox 1744 784 1865 819; x_wconf 80' lang='grc' dir='ltr'>ἔχοντα.</span> 
     </span>
    </p>
   </div>
   <div class='ocr_carea' id='block_1_33' title="bbox 213 811 1005 864">
    <p class='ocr_par' dir='ltr' id='par_1_33' title="bbox 213 825 1002 862">
     <span class='ocr_line' id='line_1_33' title="bbox 213 825 1002 862; baseline -0.001 -7"><span class='ocrx_word' id='word_1_235' title='bbox 213 835 373 861; x_wconf 87' lang='lat' dir='ltr'><strong>memorem,</strong></span> <span class='ocrx_word' id='word_1_236' title='bbox 394 827 457 862; x_wconf 88' lang='lat' dir='ltr'><strong>quis</strong></span> <span class='ocrx_word' id='word_1_237' title='bbox 474 827 640 861; x_wconf 87' lang='lat' dir='ltr'><strong>quibusnam</strong></span> <span class='ocrx_word' id='word_1_238' title='bbox 664 833 749 853; x_wconf 73' lang='lat' dir='ltr'><strong>sacrae</strong></span> <span class='ocrx_word' id='word_1_239' title='bbox 763 825 912 860; x_wconf 70' lang='lat' dir='ltr'><strong>Scriptura:</strong></span> <span class='ocrx_word' id='word_1_240' title='bbox 934 825 1002 854; x_wconf 89' lang='lat' dir='ltr'><strong>locis</strong></span> 
     </span>
    </p>
   </div>
   <div class='ocr_carea' id='block_1_34' title="bbox 1083 811 1863 864">
    <p class='ocr_par' dir='ltr' id='par_1_34' title="bbox 1083 811 1863 864">
     <span class='ocr_line' id='line_1_34' title="bbox 1083 811 1863 864; baseline 0.003 -10"><span class='ocrx_word' id='word_1_241' title='bbox 1083 811 1287 863; x_wconf 49' lang='lat' dir='ltr'><strong>ivlelpqpévuw,</strong></span> <span class='ocrx_word' id='word_1_242' title='bbox 1303 811 1407 859; x_wconf 46' lang='grc' dir='ltr'>,ποίαις</span> <span class='ocrx_word' id='word_1_243' title='bbox 1422 827 1477 855; x_wconf 85' lang='grc' dir='ltr'>τῶν</span> <span class='ocrx_word' id='word_1_244' title='bbox 1491 811 1572 863; x_wconf 70' lang='grc' dir='ltr'>ἱερῶν</span> <span class='ocrx_word' id='word_1_245' title='bbox 1589 811 1688 862; x_wconf 71' lang='grc' dir='ltr'>λογίων</span> <span class='ocrx_word' id='word_1_246' title='bbox 1704 811 1863 864; x_wconf 55' lang='grc' dir='ltr'>περῖόδοιξ</span> 
     </span>
    </p>
   </div>
   <div class='ocr_carea' id='block_1_35' title="bbox 213 870 1005 910">
    <p class='ocr_par' dir='ltr' id='par_1_35' title="bbox 213 870 1000 909">
     <span class='ocr_line' id='line_1_35' title="bbox 213 870 1000 909; baseline -0.003 -8"><span class='ocrx_word' id='word_1_247' title='bbox 213 874 384 909; x_wconf 80' lang='lat' dir='ltr'><strong>signiticatus</strong></span> <span class='ocrx_word' id='word_1_248' title='bbox 412 872 487 900; x_wconf 87' lang='lat' dir='ltr'><strong>verbi</strong></span> <span class='ocrx_word' id='word_1_249' title='bbox 514 872 647 907; x_wconf 76' lang='lat' dir='ltr'><strong>respondit</strong></span> <span class='ocrx_word' id='word_1_250' title='bbox 678 871 792 899; x_wconf 82' lang='lat' dir='ltr'><strong>idoneus</strong></span> <span class='ocrx_word' id='word_1_251' title='bbox 816 870 927 899; x_wconf 85' lang='lat' dir='ltr'><strong>futurus</strong></span> <span class='ocrx_word' id='word_1_252' title='bbox 955 872 1000 899; x_wconf 89' lang='lat' dir='ltr'><strong>sit.</strong></span> 
     </span>
    </p>
   </div>
   <div class='ocr_carea' id='block_1_36' title="bbox 1083 870 1860 910">
    <p class='ocr_par' dir='ltr' id='par_1_36' title="bbox 1083 874 1860 910">
     <span class='ocr_line' id='line_1_36' title="bbox 1083 874 1860 910; baseline 0 -9"><span class='ocrx_word' id='word_1_253' title='bbox 1083 883 1113 901; x_wconf 88' lang='grc' dir='ltr'><strong>να</strong></span> <span class='ocrx_word' id='word_1_254' title='bbox 1131 874 1186 901; x_wconf 81' lang='grc' dir='ltr'>τῶν</span> <span class='ocrx_word' id='word_1_255' title='bbox 1202 874 1249 900; x_wconf 83' lang='grc' dir='ltr'><strong>τοῦ</strong></span> <span class='ocrx_word' id='word_1_256' title='bbox 1265 874 1411 908; x_wconf 80' lang='grc' dir='ltr'><strong>ἀπεκρίθη</strong></span> <span class='ocrx_word' id='word_1_257' title='bbox 1424 874 1633 909; x_wconf 82' lang='grc' dir='ltr'><strong>σημαινομένων</strong></span> <span class='ocrx_word' id='word_1_258' title='bbox 1643 874 1860 910; x_wconf 81' lang='grc' dir='ltr'>ὲφαρμοσθείη·</span> 
     </span>
    </p>
   </div>
   <div class='ocr_carea' id='block_1_37' title="bbox 214 916 1005 956">
    <p class='ocr_par' dir='ltr' id='par_1_37' title="bbox 214 916 1003 952">
     <span class='ocr_line' id='line_1_37' title="bbox 214 916 1003 952; baseline 0 -7"><span class='ocrx_word' id='word_1_259' title='bbox 214 918 316 946; x_wconf 66' lang='lat' dir='ltr'><strong>Caetera</strong></span> <span class='ocrx_word' id='word_1_260' title='bbox 326 922 417 945; x_wconf 92' lang='lat' dir='ltr'><strong>autem</strong></span> <span class='ocrx_word' id='word_1_261' title='bbox 432 924 498 944; x_wconf 89' lang='lat' dir='ltr'><strong>voca</strong></span> <span class='ocrx_word' id='word_1_262' title='bbox 504 917 578 948; x_wconf 86' lang='lat' dir='ltr'><strong>bula,</strong></span> <span class='ocrx_word' id='word_1_263' title='bbox 589 924 706 952; x_wconf 89' lang='lat' dir='ltr'><strong>quorum</strong></span> <span class='ocrx_word' id='word_1_264' title='bbox 719 916 792 943; x_wconf 90' lang='lat' dir='ltr'><strong>varia</strong></span> <span class='ocrx_word' id='word_1_265' title='bbox 802 916 1003 952; x_wconf 72' lang='lat' dir='ltr'><strong>significatione</strong></span> 
     </span>
    </p>
   </div>
   <div class='ocr_carea' id='block_1_38' title="bbox 1083 916 1861 956">
    <p class='ocr_par' dir='ltr' id='par_1_38' title="bbox 1083 917 1861 956">
     <span class='ocr_line' id='line_1_38' title="bbox 1083 917 1861 956; baseline 0.003 -10"><span class='ocrx_word' id='word_1_266' title='bbox 1083 920 1109 946; x_wconf 69' lang='lat' dir='ltr'><strong>iv</strong></span> <span class='ocrx_word' id='word_1_267' title='bbox 1125 919 1148 947; x_wconf 80' lang='grc' dir='ltr'>δ’</span> <span class='ocrx_word' id='word_1_268' title='bbox 1162 919 1250 947; x_wconf 81' lang='grc' dir='ltr'>ἄλλων</span> <span class='ocrx_word' id='word_1_269' title='bbox 1273 920 1404 955; x_wconf 81' lang='grc' dir='ltr'><strong>ῥημάτων</strong></span> <span class='ocrx_word' id='word_1_270' title='bbox 1427 917 1468 951; x_wconf 81' lang='grc' dir='ltr'>οἷς</span> <span class='ocrx_word' id='word_1_271' title='bbox 1486 919 1520 946; x_wconf 79' lang='grc' dir='ltr'><strong>τὰ</strong></span> <span class='ocrx_word' id='word_1_272' title='bbox 1543 920 1603 955; x_wconf 77' lang='grc' dir='ltr'>ἱερὰ</span> <span class='ocrx_word' id='word_1_273' title='bbox 1622 921 1776 956; x_wconf 80' lang='grc' dir='ltr'>γράμματα</span> <span class='ocrx_word' id='word_1_274' title='bbox 1796 922 1861 948; x_wconf 79' lang='grc' dir='ltr'><strong>ὲπὶ</strong></span> 
     </span>
    </p>
   </div>
   <div class='ocr_carea' id='block_1_39' title="bbox 213 962 1005 1002">
    <p class='ocr_par' dir='ltr' id='par_1_39' title="bbox 213 962 1002 997">
     <span class='ocr_line' id='line_1_39' title="bbox 213 962 1002 997; baseline -0.001 -6"><span class='ocrx_word' id='word_1_275' title='bbox 213 971 298 991; x_wconf 69' lang='lat' dir='ltr'><strong>sacra:</strong></span> <span class='ocrx_word' id='word_1_276' title='bbox 320 963 429 991; x_wconf 65' lang='lat' dir='ltr'><strong>Litterae</strong></span> <span class='ocrx_word' id='word_1_277' title='bbox 454 968 578 994; x_wconf 88' lang='lat' dir='ltr'><strong>utuntur,</strong></span> <span class='ocrx_word' id='word_1_278' title='bbox 592 962 690 997; x_wconf 86' lang='lat' dir='ltr'><strong>partim</strong></span> <span class='ocrx_word' id='word_1_279' title='bbox 711 962 770 997; x_wconf 88' lang='lat' dir='ltr'><strong>jam</strong></span> <span class='ocrx_word' id='word_1_280' title='bbox 795 963 920 990; x_wconf 89' lang='lat' dir='ltr'><strong>oratione</strong></span> <span class='ocrx_word' id='word_1_281' title='bbox 943 971 1002 991; x_wconf 89' lang='lat' dir='ltr'><strong>mea</strong></span> 
     </span>
    </p>
   </div>
   <div class='ocr_carea' id='block_1_40' title="bbox 1083 962 1861 1002">
    <p class='ocr_par' dir='ltr' id='par_1_40' title="bbox 1083 965 1861 1002">
     <span class='ocr_line' id='line_1_40' title="bbox 1083 965 1861 1002; baseline 0 -10"><span class='ocrx_word' id='word_1_282' title='bbox 1083 965 1192 1001; x_wconf 73' lang='grc' dir='ltr'>ιφὸρων</span> <span class='ocrx_word' id='word_1_283' title='bbox 1208 965 1379 1001; x_wconf 81' lang='grc' dir='ltr'>πραγμάτων</span> <span class='ocrx_word' id='word_1_284' title='bbox 1395 965 1547 1000; x_wconf 79' lang='grc' dir='ltr'>ἐχρήσατο,</span> <span class='ocrx_word' id='word_1_285' title='bbox 1564 965 1599 991; x_wconf 83' lang='grc' dir='ltr'>τὰ</span> <span class='ocrx_word' id='word_1_286' title='bbox 1615 966 1666 1000; x_wconf 83' lang='grc' dir='ltr'><strong>μὲν</strong></span> <span class='ocrx_word' id='word_1_287' title='bbox 1692 966 1743 1001; x_wconf 74' lang='grc' dir='ltr'><strong>ήδη</strong></span> <span class='ocrx_word' id='word_1_288' title='bbox 1770 966 1861 1002; x_wconf 75' lang='grc' dir='ltr'>λόγῳ</span> 
     </span>
    </p>
   </div>
   <div class='ocr_carea' id='block_1_41' title="bbox 213 1007 1004 1045">
    <p class='ocr_par' dir='ltr' id='par_1_41' title="bbox 213 1007 1004 1045">
     <span class='ocr_line' id='line_1_41' title="bbox 213 1007 1004 1045; baseline -0.001 -8"><span class='ocrx_word' id='word_1_289' title='bbox 213 1010 411 1045; x_wconf 87' lang='lat' dir='ltr'><strong>comprehensa</strong></span> <span class='ocrx_word' id='word_1_290' title='bbox 430 1009 550 1040; x_wconf 83' lang='lat' dir='ltr'><strong>I&#39;uerum,</strong></span> <span class='ocrx_word' id='word_1_291' title='bbox 566 1008 663 1043; x_wconf 87' lang='lat' dir='ltr'><strong>partim</strong></span> <span class='ocrx_word' id='word_1_292' title='bbox 685 1015 762 1041; x_wconf 85' lang='lat' dir='ltr'><strong>vero,</strong></span> <span class='ocrx_word' id='word_1_293' title='bbox 777 1007 870 1036; x_wconf 90' lang='lat' dir='ltr'><strong>divina</strong></span> <span class='ocrx_word' id='word_1_294' title='bbox 884 1016 935 1036; x_wconf 90' lang='lat' dir='ltr'><strong>nos</strong></span> <span class='ocrx_word' id='word_1_295' title='bbox 948 1009 1004 1036; x_wconf 89' lang='lat' dir='ltr'><strong>cle-</strong></span> 
     </span>
    </p>
   </div>
   <div class='ocr_carea' id='block_1_42' title="bbox 214 1053 1002 1090">
    <p class='ocr_par' dir='ltr' id='par_1_42' title="bbox 214 1053 1002 1090">
     <span class='ocr_line' id='line_1_42' title="bbox 214 1053 1002 1090; baseline -0.003 -6"><span class='ocrx_word' id='word_1_296' title='bbox 214 1058 315 1085; x_wconf 82' lang='lat' dir='ltr'><strong>mentia</strong></span> <span class='ocrx_word' id='word_1_297' title='bbox 341 1056 435 1084; x_wconf 88' lang='lat' dir='ltr'><strong>mitius</strong></span> <span class='ocrx_word' id='word_1_298' title='bbox 464 1054 647 1090; x_wconf 83' lang='lat' dir='ltr'><strong>respiciente,</strong></span> <span class='ocrx_word' id='word_1_299' title='bbox 675 1061 741 1082; x_wconf 85' lang='lat' dir='ltr'><strong>mox</strong></span> <span class='ocrx_word' id='word_1_300' title='bbox 771 1053 890 1082; x_wconf 78' lang='lat' dir='ltr'><strong>fortasse</strong></span> <span class='ocrx_word' id='word_1_301' title='bbox 918 1061 1002 1090; x_wconf 59' lang='lat' dir='ltr'><strong>expoc</strong></span> 
     </span>
    </p>
   </div>
   <div class='ocr_carea' id='block_1_43' title="bbox 215 1107 323 1130">
    <p class='ocr_par' dir='ltr' id='par_1_43' title="bbox 215 1107 323 1130">
     <span class='ocr_line' id='line_1_43' title="bbox 215 1107 323 1130; baseline -0.009 0"><span class='ocrx_word' id='word_1_302' title='bbox 215 1107 323 1130; x_wconf 85' lang='lat' dir='ltr'><strong>nentur.</strong></span> 
     </span>
    </p>
   </div>
   <div class='ocr_carea' id='block_1_44' title="bbox 402 1155 812 1193">
    <p class='ocr_par' dir='ltr' id='par_1_44' title="bbox 402 1155 812 1193">
     <span class='ocr_line' id='line_1_44' title="bbox 402 1155 812 1193; baseline -0.005 -8"><span class='ocrx_word' id='word_1_303' title='bbox 402 1156 566 1191; x_wconf 65' lang='lat' dir='ltr'><strong>QUIESTIO</strong></span> <span class='ocrx_word' id='word_1_304' title='bbox 580 1156 651 1184; x_wconf 73' lang='lat' dir='ltr'><strong>XXII</strong></span> <span class='ocrx_word' id='word_1_305' title='bbox 666 1156 714 1193; x_wconf 83' lang='grc' dir='ltr'><strong>[αι.</strong></span> <span class='ocrx_word' id='word_1_306' title='bbox 726 1155 812 1193; x_wconf 78' lang='lat' dir='ltr'><strong>XXI].</strong></span> 
     </span>
    </p>
   </div>
   <div class='ocr_carea' id='block_1_45' title="bbox 209 1202 1005 1239">
    <p class='ocr_par' dir='ltr' id='par_1_45' title="bbox 209 1202 1005 1239">
     <span class='ocr_line' id='line_1_45' title="bbox 209 1202 1005 1239; baseline 0 -10"><span class='ocrx_word' id='word_1_307' title='bbox 209 1204 303 1237; x_wconf 80' lang='lat' dir='ltr'><strong>Quare</strong></span> <span class='ocrx_word' id='word_1_308' title='bbox 340 1212 392 1231; x_wconf 83' lang='lat' dir='ltr'><strong>non</strong></span> <span class='ocrx_word' id='word_1_309' title='bbox 419 1204 572 1239; x_wconf 74' lang='lat' dir='ltr'><strong>priusquam</strong></span> <span class='ocrx_word' id='word_1_310' title='bbox 597 1207 728 1239; x_wconf 64' lang='lat' dir='ltr'><strong>statueret</strong></span> <span class='ocrx_word' id='word_1_311' title='bbox 761 1202 858 1238; x_wconf 79' lang='lat' dir='ltr'><strong>Joseplt</strong></span> <span class='ocrx_word' id='word_1_312' title='bbox 891 1202 1005 1229; x_wconf 79' lang='lat' dir='ltr'><strong>Mariam</strong></span> 
     </span>
    </p>
   </div>
   <div class='ocr_carea' id='block_1_46' title="bbox 249 1238 1005 1272">
    <p class='ocr_par' dir='ltr' id='par_1_46' title="bbox 249 1238 1005 1272">
     <span class='ocr_line' id='line_1_46' title="bbox 249 1238 1005 1272; baseline -0.003 -6"><span class='ocrx_word' id='word_1_313' title='bbox 249 1239 396 1271; x_wconf 75' lang='lat' dir='ltr'><strong>dimittere,</strong></span> <span class='ocrx_word' id='word_1_314' title='bbox 420 1239 506 1265; x_wconf 82' lang='lat' dir='ltr'><strong>astitit</strong></span> <span class='ocrx_word' id='word_1_315' title='bbox 525 1238 633 1272; x_wconf 80' lang='lat' dir='ltr'><strong>angelus</strong></span> <span class='ocrx_word' id='word_1_316' title='bbox 653 1238 722 1264; x_wconf 75' lang='lat' dir='ltr'><strong>lianc</strong></span> <span class='ocrx_word' id='word_1_317' title='bbox 737 1246 831 1265; x_wconf 84' lang='lat' dir='ltr'><strong>curam</strong></span> <span class='ocrx_word' id='word_1_318' title='bbox 846 1239 1005 1272; x_wconf 75' lang='lat' dir='ltr'><strong>prozveniens</strong></span> 
     </span>
    </p>
   </div>
   <div class='ocr_carea' id='block_1_47' title="bbox 248 1273 1006 1306">
    <p class='ocr_par' dir='ltr' id='par_1_47' title="bbox 248 1273 1006 1306">
     <span class='ocr_line' id='line_1_47' title="bbox 248 1273 1006 1306; baseline -0.004 -5"><span class='ocrx_word' id='word_1_319' title='bbox 248 1279 272 1301; x_wconf 84' lang='lat' dir='ltr'><strong>et</strong></span> <span class='ocrx_word' id='word_1_320' title='bbox 285 1275 394 1306; x_wconf 76' lang='lat' dir='ltr'><strong>tollens;</strong></span> <span class='ocrx_word' id='word_1_321' title='bbox 408 1274 453 1301; x_wconf 78' lang='lat' dir='ltr'><strong>sed</strong></span> <span class='ocrx_word' id='word_1_322' title='bbox 470 1274 575 1300; x_wconf 68' lang='lat' dir='ltr'><strong>nonnisi</strong></span> <span class='ocrx_word' id='word_1_323' title='bbox 596 1281 751 1300; x_wconf 75' lang='lat' dir='ltr'><strong>cumucura</strong></span> <span class='ocrx_word' id='word_1_324' title='bbox 765 1273 799 1299; x_wconf 82' lang='lat' dir='ltr'><strong>ad</strong></span> <span class='ocrx_word' id='word_1_325' title='bbox 813 1277 901 1299; x_wconf 82' lang='lat' dir='ltr'><strong>actum</strong></span> <span class='ocrx_word' id='word_1_326' title='bbox 915 1277 1006 1299; x_wconf 75' lang='lat' dir='ltr'><strong>trans—</strong></span> 
     </span>
    </p>
   </div>
   <div class='ocr_carea' id='block_1_48' title="bbox 249 1307 1004 1343">
    <p class='ocr_par' dir='ltr' id='par_1_48' title="bbox 249 1307 1004 1343">
     <span class='ocr_line' id='line_1_48' title="bbox 249 1307 1004 1343; baseline -0.001 -8"><span class='ocrx_word' id='word_1_327' title='bbox 249 1310 290 1340; x_wconf 87' lang='lat' dir='ltr'><strong>iil,</strong></span> <span class='ocrx_word' id='word_1_328' title='bbox 306 1315 362 1336; x_wconf 85' lang='lat' dir='ltr'><strong>tum</strong></span> <span class='ocrx_word' id='word_1_329' title='bbox 378 1308 556 1343; x_wconf 75' lang='lat' dir='ltr'><strong>prohibiturus</strong></span> <span class='ocrx_word' id='word_1_330' title='bbox 579 1308 753 1342; x_wconf 74' lang='lat' dir='ltr'><strong>superuenit?</strong></span> <span class='ocrx_word' id='word_1_331' title='bbox 777 1307 811 1333; x_wconf 82' lang='lat' dir='ltr'><strong>Et</strong></span> <span class='ocrx_word' id='word_1_332' title='bbox 831 1315 914 1342; x_wconf 85' lang='lat' dir='ltr'><strong>quare</strong></span> <span class='ocrx_word' id='word_1_333' title='bbox 943 1307 1004 1335; x_wconf 84' lang='lat' dir='ltr'><strong>Vir-</strong></span> 
     </span>
    </p>
   </div>
   <div class='ocr_carea' id='block_1_49' title="bbox 235 1343 706 1380">
    <p class='ocr_par' dir='ltr' id='par_1_49' title="bbox 235 1343 706 1380">
     <span class='ocr_line' id='line_1_49' title="bbox 235 1343 706 1380; baseline -0.004 -9"><span class='ocrx_word' id='word_1_334' title='bbox 235 1344 457 1380; x_wconf 57' lang='lat' dir='ltr'><strong>ginemJosephi</strong></span> <span class='ocrx_word' id='word_1_335' title='bbox 469 1343 605 1370; x_wconf 83' lang='lat' dir='ltr'><strong>mulierem</strong></span> <span class='ocrx_word' id='word_1_336' title='bbox 617 1343 706 1369; x_wconf 79' lang='lat' dir='ltr'><strong>dicit?</strong></span> 
     </span>
    </p>
   </div>
   <div class='ocr_carea' id='block_1_50' title="bbox 1054 1011 1861 1047">
    <p class='ocr_par' dir='ltr' id='par_1_50' title="bbox 1054 1011 1861 1047">
     <span class='ocr_line' id='line_1_50' title="bbox 1054 1011 1861 1047; baseline 0.001 -9"><span class='ocrx_word' id='word_1_337' title='bbox 1054 1011 1257 1046; x_wconf 76' lang='grc' dir='ltr'><strong>περιείληπται,</strong></span> <span class='ocrx_word' id='word_1_338' title='bbox 1276 1011 1310 1038; x_wconf 74' lang='grc' dir='ltr'>τὰ</span> <span class='ocrx_word' id='word_1_339' title='bbox 1322 1011 1350 1037; x_wconf 83' lang='grc' dir='ltr'>δὲ</span> <span class='ocrx_word' id='word_1_340' title='bbox 1363 1012 1412 1046; x_wconf 84' lang='grc' dir='ltr'><strong>τῆς</strong></span> <span class='ocrx_word' id='word_1_341' title='bbox 1427 1011 1500 1043; x_wconf 80' lang='grc' dir='ltr'>θείας</span> <span class='ocrx_word' id='word_1_342' title='bbox 1513 1011 1718 1047; x_wconf 80' lang='grc' dir='ltr'>φιλανθρωπίας</span> <span class='ocrx_word' id='word_1_343' title='bbox 1729 1012 1861 1047; x_wconf 85' lang='grc' dir='ltr'>εὐμενέ-</span> 
     </span>
    </p>
   </div>
   <div class='ocr_carea' id='block_1_51' title="bbox 1056 1057 1823 1093">
    <p class='ocr_par' dir='ltr' id='par_1_51' title="bbox 1056 1057 1823 1093">
     <span class='ocr_line' id='line_1_51' title="bbox 1056 1057 1823 1093; baseline 0.004 -10"><span class='ocrx_word' id='word_1_344' title='bbox 1056 1065 1151 1092; x_wconf 85' lang='grc' dir='ltr'>στερον</span> <span class='ocrx_word' id='word_1_345' title='bbox 1168 1058 1208 1089; x_wconf 88' lang='grc' dir='ltr'><strong>είς</strong></span> <span class='ocrx_word' id='word_1_346' title='bbox 1224 1057 1299 1092; x_wconf 81' lang='grc' dir='ltr'>ἡμᾶς</span> <span class='ocrx_word' id='word_1_347' title='bbox 1313 1057 1421 1092; x_wconf 84' lang='grc' dir='ltr'>ὁρώσης</span> <span class='ocrx_word' id='word_1_348' title='bbox 1434 1057 1504 1092; x_wconf 82' lang='grc' dir='ltr'>τάχα</span> <span class='ocrx_word' id='word_1_349' title='bbox 1517 1057 1550 1084; x_wconf 84' lang='grc' dir='ltr'><strong>ἂν</strong></span> <span class='ocrx_word' id='word_1_350' title='bbox 1567 1057 1803 1093; x_wconf 80' lang='grc' dir='ltr'>ὐποὸληοῆσεται.</span> <span class='ocrx_word' id='word_1_351' title='bbox 1815 1069 1823 1075; x_wconf 91' lang='grc'><strong><em>-</em></strong></span> 
     </span>
    </p>
   </div>
   <div class='ocr_carea' id='block_1_52' title="bbox 1321 1153 1573 1182">
    <p class='ocr_par' dir='ltr' id='par_1_52' title="bbox 1321 1153 1573 1182">
     <span class='ocr_line' id='line_1_52' title="bbox 1321 1153 1573 1182; baseline 0.008 -2"><span class='ocrx_word' id='word_1_352' title='bbox 1321 1153 1496 1180; x_wconf 80' lang='grc' dir='ltr'><strong>ἘΡΩΤΗΣΙΣ</strong></span> <span class='ocrx_word' id='word_1_353' title='bbox 1508 1153 1573 1182; x_wconf 83' lang='grc' dir='ltr'><strong>ΚΒ’.</strong></span> 
     </span>
    </p>
   </div>
   <div class='ocr_carea' id='block_1_53' title="bbox 1056 1199 1855 1234">
    <p class='ocr_par' dir='ltr' id='par_1_53' title="bbox 1056 1199 1855 1234">
     <span class='ocr_line' id='line_1_53' title="bbox 1056 1199 1855 1234; baseline 0.001 -7"><span class='ocrx_word' id='word_1_354' title='bbox 1056 1200 1086 1227; x_wconf 82' lang='grc' dir='ltr'>Τί</span> <span class='ocrx_word' id='word_1_355' title='bbox 1101 1201 1214 1234; x_wconf 75' lang='grc' dir='ltr'>δήποτε</span> <span class='ocrx_word' id='word_1_356' title='bbox 1229 1200 1301 1234; x_wconf 75' lang='grc' dir='ltr'>πρὶν</span> <span class='ocrx_word' id='word_1_357' title='bbox 1318 1199 1517 1234; x_wconf 78' lang='grc' dir='ltr'>διανοηθῆναι</span> <span class='ocrx_word' id='word_1_358' title='bbox 1549 1199 1603 1226; x_wconf 85' lang='grc' dir='ltr'><strong>τὸν</strong></span> <span class='ocrx_word' id='word_1_359' title='bbox 1628 1199 1739 1234; x_wconf 63' lang='grc' dir='ltr'>Ἰωσηφ</span> <span class='ocrx_word' id='word_1_360' title='bbox 1763 1201 1855 1228; x_wconf 81' lang='grc' dir='ltr'>ἀπο-</span> 
     </span>
    </p>
   </div>
   <div class='ocr_carea' id='block_1_54' title="bbox 1087 1234 1855 1270">
    <p class='ocr_par' dir='ltr' id='par_1_54' title="bbox 1087 1234 1855 1270">
     <span class='ocr_line' id='line_1_54' title="bbox 1087 1234 1855 1270; baseline -0.003 -7"><span class='ocrx_word' id='word_1_361' title='bbox 1087 1235 1182 1263; x_wconf 80' lang='grc' dir='ltr'>λῦσαι</span> <span class='ocrx_word' id='word_1_362' title='bbox 1193 1234 1251 1269; x_wconf 82' lang='grc' dir='ltr'><strong>τὴν</strong></span> <span class='ocrx_word' id='word_1_363' title='bbox 1265 1235 1393 1269; x_wconf 79' lang='grc' dir='ltr'>Μαριὰμ,</span> <span class='ocrx_word' id='word_1_364' title='bbox 1414 1235 1457 1269; x_wconf 82' lang='grc' dir='ltr'>μὴ</span> <span class='ocrx_word' id='word_1_365' title='bbox 1474 1235 1588 1268; x_wconf 80' lang='grc' dir='ltr'><strong>ἐπέστη</strong></span> <span class='ocrx_word' id='word_1_366' title='bbox 1602 1236 1619 1262; x_wconf 82' lang='grc' dir='ltr'><strong>ό</strong></span> <span class='ocrx_word' id='word_1_367' title='bbox 1629 1235 1756 1270; x_wconf 76' lang='grc' dir='ltr'>ἄγγελος</span> <span class='ocrx_word' id='word_1_368' title='bbox 1785 1238 1855 1263; x_wconf 79' lang='grc' dir='ltr'><strong>αὐ-</strong></span> 
     </span>
    </p>
   </div>
   <div class='ocr_carea' id='block_1_55' title="bbox 1089 1269 1858 1305">
    <p class='ocr_par' dir='ltr' id='par_1_55' title="bbox 1089 1269 1858 1305">
     <span class='ocr_line' id='line_1_55' title="bbox 1089 1269 1858 1305; baseline -0.001 -8"><span class='ocrx_word' id='word_1_369' title='bbox 1089 1271 1147 1305; x_wconf 78' lang='grc' dir='ltr'>τὴν</span> <span class='ocrx_word' id='word_1_370' title='bbox 1169 1270 1427 1305; x_wconf 66' lang='grc' dir='ltr'>προαναστέλλων</span> <span class='ocrx_word' id='word_1_371' title='bbox 1441 1269 1499 1305; x_wconf 77' lang='grc' dir='ltr'>τὴν</span> <span class='ocrx_word' id='word_1_372' title='bbox 1515 1269 1658 1303; x_wconf 63' lang='grc' dir='ltr'>μελέτην,</span> <span class='ocrx_word' id='word_1_373' title='bbox 1673 1269 1676 1270; x_wconf 56' lang='grc'><strong><em>⁷</em></strong></span> <span class='ocrx_word' id='word_1_374' title='bbox 1691 1271 1761 1297; x_wconf 69' lang='grc' dir='ltr'><strong>ἀλλ’</strong></span> <span class='ocrx_word' id='word_1_375' title='bbox 1792 1270 1858 1296; x_wconf 73' lang='grc' dir='ltr'>ὅτε</span> 
     </span>
    </p>
   </div>
   <div class='ocr_carea' id='block_1_56' title="bbox 1091 1304 1858 1340">
    <p class='ocr_par' dir='ltr' id='par_1_56' title="bbox 1091 1304 1858 1340">
     <span class='ocr_line' id='line_1_56' title="bbox 1091 1304 1858 1340; baseline 0 -8"><span class='ocrx_word' id='word_1_376' title='bbox 1091 1305 1166 1340; x_wconf 81' lang='grc' dir='ltr'>πρὸς</span> <span class='ocrx_word' id='word_1_377' title='bbox 1181 1304 1238 1339; x_wconf 78' lang='grc' dir='ltr'>τὴν</span> <span class='ocrx_word' id='word_1_378' title='bbox 1248 1304 1359 1338; x_wconf 78' lang='grc' dir='ltr'>πρᾶξιν</span> <span class='ocrx_word' id='word_1_379' title='bbox 1369 1305 1429 1331; x_wconf 82' lang='grc' dir='ltr'><strong>ἀπὸ</strong></span> <span class='ocrx_word' id='word_1_380' title='bbox 1443 1304 1498 1338; x_wconf 83' lang='grc' dir='ltr'>τῆς</span> <span class='ocrx_word' id='word_1_381' title='bbox 1506 1305 1635 1340; x_wconf 80' lang='grc' dir='ltr'>μελέτης</span> <span class='ocrx_word' id='word_1_382' title='bbox 1646 1305 1858 1340; x_wconf 51' lang='grc' dir='ltr'>κατέᾶηιτότε</span> 
     </span>
    </p>
   </div>
   <div class='ocr_carea' id='block_1_57' title="bbox 1090 1339 1855 1374">
    <p class='ocr_par' dir='ltr' id='par_1_57' title="bbox 1090 1339 1855 1374">
     <span class='ocr_line' id='line_1_57' title="bbox 1090 1339 1855 1374; baseline 0 -7"><span class='ocrx_word' id='word_1_383' title='bbox 1090 1340 1237 1367; x_wconf 79' lang='grc' dir='ltr'>κωλύσων</span> <span class='ocrx_word' id='word_1_384' title='bbox 1254 1339 1410 1374; x_wconf 73' lang='grc' dir='ltr'>ἐφίσταται</span> <span class='ocrx_word' id='word_1_385' title='bbox 1420 1347 1429 1370; x_wconf 89' lang='grc'><strong><em>;</em></strong></span> <span class='ocrx_word' id='word_1_386' title='bbox 1440 1341 1489 1366; x_wconf 78' lang='grc' dir='ltr'>καὶ</span> <span class='ocrx_word' id='word_1_387' title='bbox 1503 1339 1552 1366; x_wconf 81' lang='grc' dir='ltr'>διὰ</span> <span class='ocrx_word' id='word_1_388' title='bbox 1564 1340 1593 1366; x_wconf 81' lang='grc' dir='ltr'><strong>τί</strong></span> <span class='ocrx_word' id='word_1_389' title='bbox 1602 1340 1659 1373; x_wconf 80' lang='grc' dir='ltr'>τὴν</span> <span class='ocrx_word' id='word_1_390' title='bbox 1675 1339 1855 1374; x_wconf 74' lang='grc' dir='ltr'><strong>Παρθένον,</strong></span> 
     </span>
    </p>
   </div>
   <div class='ocr_carea' id='block_1_58' title="bbox 1091 1373 1527 1410">
    <p class='ocr_par' dir='ltr' id='par_1_58' title="bbox 1091 1373 1527 1410">
     <span class='ocr_line' id='line_1_58' title="bbox 1091 1373 1527 1410; baseline 0 -9"><span class='ocrx_word' id='word_1_391' title='bbox 1091 1375 1218 1410; x_wconf 72' lang='grc' dir='ltr'>γυναῖκα</span> <span class='ocrx_word' id='word_1_392' title='bbox 1233 1373 1313 1409; x_wconf 74' lang='grc' dir='ltr'>λέγει</span> <span class='ocrx_word' id='word_1_393' title='bbox 1323 1374 1377 1401; x_wconf 80' lang='grc' dir='ltr'>τοῦ</span> <span class='ocrx_word' id='word_1_394' title='bbox 1397 1374 1527 1409; x_wconf 69' lang='grc' dir='ltr'>Ἰωσήφς</span> 
     </span>
    </p>
   </div>
   <div class='ocr_carea' id='block_1_59' title="bbox 518 1427 1536 1462">
    <p class='ocr_par' dir='ltr' id='par_1_59' title="bbox 518 1427 1536 1462">
     <span class='ocr_line' id='line_1_59' title="bbox 518 1427 1536 1462; baseline 0.003 -9"><span class='ocrx_word' id='word_1_395' title='bbox 518 1428 590 1454; x_wconf 81' lang='lat' dir='ltr'><strong>Edita</strong></span> <span class='ocrx_word' id='word_1_396' title='bbox 600 1435 614 1453; x_wconf 87' lang='lat' dir='ltr'><strong>a</strong></span> <span class='ocrx_word' id='word_1_397' title='bbox 623 1428 696 1458; x_wconf 78' lang='lat' dir='ltr'><strong>Maio,</strong></span> <span class='ocrx_word' id='word_1_398' title='bbox 709 1430 772 1454; x_wconf 82' lang='lat' dir='ltr'><strong>Nov.</strong></span> <span class='ocrx_word' id='word_1_399' title='bbox 787 1427 860 1459; x_wconf 73' lang='grc' dir='ltr'>σου..</span> <span class='ocrx_word' id='word_1_400' title='bbox 874 1432 891 1454; x_wconf 89' lang='lat' dir='ltr'><strong>t.</strong></span> <span class='ocrx_word' id='word_1_401' title='bbox 901 1428 943 1459; x_wconf 80' lang='lat' dir='ltr'><strong>IX,</strong></span> <span class='ocrx_word' id='word_1_402' title='bbox 957 1436 982 1460; x_wconf 87' lang='lat' dir='ltr'><strong>p.</strong></span> <span class='ocrx_word' id='word_1_403' title='bbox 994 1430 1078 1457; x_wconf 50' lang='lat'><strong>21-”.</strong></span> <span class='ocrx_word' id='word_1_404' title='bbox 1089 1432 1219 1458; x_wconf 81' lang='lat' dir='ltr'><strong>Enarratio</strong></span> <span class='ocrx_word' id='word_1_405' title='bbox 1229 1431 1256 1456; x_wconf 87' lang='lat' dir='ltr'><strong>in</strong></span> <span class='ocrx_word' id='word_1_406' title='bbox 1268 1432 1410 1457; x_wconf 65' lang='lat' dir='ltr'><strong>Matthmum</strong></span> <span class='ocrx_word' id='word_1_407' title='bbox 1424 1439 1440 1462; x_wconf 84' lang='grc' dir='ltr'>ι,</span> <span class='ocrx_word' id='word_1_408' title='bbox 1456 1432 1536 1457; x_wconf 69' lang='lat'><strong>18-20.</strong></span> 
     </span>
    </p>
   </div>
   <div class='ocr_carea' id='block_1_60' title="bbox 250 1481 1040 1530">
    <p class='ocr_par' dir='ltr' id='par_1_60' title="bbox 250 1481 1040 1530">
     <span class='ocr_line' id='line_1_60' title="bbox 250 1481 1040 1530; baseline -0.001 -19"><span class='ocrx_word' id='word_1_409' title='bbox 250 1483 288 1511; x_wconf 75' lang='lat' dir='ltr'><strong>De</strong></span> <span class='ocrx_word' id='word_1_410' title='bbox 322 1481 460 1518; x_wconf 81' lang='lat' dir='ltr'><strong>praposita</strong></span> <span class='ocrx_word' id='word_1_411' title='bbox 492 1481 645 1530; x_wconf 73' lang='lat' dir='ltr'><strong>quaestione</strong></span> <span class='ocrx_word' id='word_1_412' title='bbox 668 1487 696 1509; x_wconf 88' lang='lat' dir='ltr'><strong>et</strong></span> <span class='ocrx_word' id='word_1_413' title='bbox 720 1481 862 1509; x_wconf 86' lang='lat' dir='ltr'><strong>beatorum</strong></span> <span class='ocrx_word' id='word_1_414' title='bbox 890 1481 1001 1510; x_wconf 85' lang='lat' dir='ltr'><strong>Patrum</strong></span> <span class='ocrx_word' id='word_1_415' title='bbox 1018 1501 1040 1530; x_wconf 64' lang='grc' dir='ltr'>α</span> 
     </span>
    </p>
   </div>
   <div class='ocr_carea' id='block_1_61' title="bbox 216 1525 1004 1561">
    <p class='ocr_par' dir='ltr' id='par_1_61' title="bbox 216 1525 1004 1561">
     <span class='ocr_line' id='line_1_61' title="bbox 216 1525 1004 1561; baseline -0.004 -5"><span class='ocrx_word' id='word_1_416' title='bbox 216 1534 375 1556; x_wconf 88' lang='lat' dir='ltr'><strong>nostrorum</strong></span> <span class='ocrx_word' id='word_1_417' title='bbox 403 1534 458 1554; x_wconf 88' lang='lat' dir='ltr'><strong>non</strong></span> <span class='ocrx_word' id='word_1_418' title='bbox 475 1526 555 1561; x_wconf 86' lang='lat' dir='ltr'><strong>pauci</strong></span> <span class='ocrx_word' id='word_1_419' title='bbox 569 1525 774 1558; x_wconf 83' lang='lat' dir='ltr'><strong>disseruerunt;</strong></span> <span class='ocrx_word' id='word_1_420' title='bbox 792 1531 819 1552; x_wconf 92' lang='lat' dir='ltr'><strong>et</strong></span> <span class='ocrx_word' id='word_1_421' title='bbox 842 1526 901 1553; x_wconf 86' lang='lat' dir='ltr'><strong>scio</strong></span> <span class='ocrx_word' id='word_1_422' title='bbox 918 1533 1004 1561; x_wconf 85' lang='lat' dir='ltr'><strong>quos-</strong></span> 
     </span>
    </p>
   </div>
   <div class='ocr_carea' id='block_1_62' title="bbox 211 1571 1005 1607">
    <p class='ocr_par' dir='ltr' id='par_1_62' title="bbox 211 1571 1005 1607">
     <span class='ocr_line' id='line_1_62' title="bbox 211 1571 1005 1607; baseline -0.003 -5"><span class='ocrx_word' id='word_1_423' title='bbox 211 1576 278 1602; x_wconf 86' lang='lat' dir='ltr'><strong>dam</strong></span> <span class='ocrx_word' id='word_1_424' title='bbox 302 1582 336 1601; x_wconf 81' lang='lat' dir='ltr'><strong>ex</strong></span> <span class='ocrx_word' id='word_1_425' title='bbox 358 1573 392 1600; x_wconf 89' lang='lat' dir='ltr'><strong>iis</strong></span> <span class='ocrx_word' id='word_1_426' title='bbox 412 1572 516 1599; x_wconf 79' lang='lat' dir='ltr'><strong>dixisse</strong></span> <span class='ocrx_word' id='word_1_427' title='bbox 546 1575 612 1599; x_wconf 87' lang='lat' dir='ltr'><strong>tunc</strong></span> <span class='ocrx_word' id='word_1_428' title='bbox 634 1571 765 1606; x_wconf 85' lang='lat' dir='ltr'><strong>temporis</strong></span> <span class='ocrx_word' id='word_1_429' title='bbox 788 1571 913 1607; x_wconf 76' lang='lat' dir='ltr'><strong>angelum</strong></span> <span class='ocrx_word' id='word_1_430' title='bbox 939 1573 1005 1601; x_wconf 90' lang='lat' dir='ltr'><strong>asti-</strong></span> 
     </span>
    </p>
   </div>
   <div class='ocr_carea' id='block_1_63' title="bbox 215 1616 1006 1653">
    <p class='ocr_par' dir='ltr' id='par_1_63' title="bbox 215 1616 1006 1653">
     <span class='ocr_line' id='line_1_63' title="bbox 215 1616 1006 1653; baseline -0.001 -7"><span class='ocrx_word' id='word_1_431' title='bbox 215 1621 282 1646; x_wconf 82' lang='lat' dir='ltr'><strong>tisse</strong></span> <span class='ocrx_word' id='word_1_432' title='bbox 296 1624 323 1646; x_wconf 89' lang='lat' dir='ltr'><strong>et</strong></span> <span class='ocrx_word' id='word_1_433' title='bbox 336 1627 352 1646; x_wconf 88' lang='lat' dir='ltr'><strong>a</strong></span> <span class='ocrx_word' id='word_1_434' title='bbox 367 1617 508 1653; x_wconf 86' lang='lat' dir='ltr'><strong>proposito</strong></span> <span class='ocrx_word' id='word_1_435' title='bbox 520 1617 595 1643; x_wconf 90' lang='lat' dir='ltr'><strong>illum</strong></span> <span class='ocrx_word' id='word_1_436' title='bbox 609 1616 772 1649; x_wconf 82' lang='lat' dir='ltr'><strong>removisse,</strong></span> <span class='ocrx_word' id='word_1_437' title='bbox 787 1624 822 1644; x_wconf 92' lang='lat' dir='ltr'><strong>ne</strong></span> <span class='ocrx_word' id='word_1_438' title='bbox 833 1616 887 1644; x_wconf 80' lang='lat' dir='ltr'><strong>ﬁde</strong></span> <span class='ocrx_word' id='word_1_439' title='bbox 899 1623 1006 1645; x_wconf 85' lang='lat' dir='ltr'><strong>careret</strong></span> 
     </span>
    </p>
   </div>
   <div class='ocr_carea' id='block_1_64' title="bbox 216 1661 1005 1698">
    <p class='ocr_par' dir='ltr' id='par_1_64' title="bbox 216 1661 1005 1698">
     <span class='ocr_line' id='line_1_64' title="bbox 216 1661 1005 1698; baseline -0.001 -6"><span class='ocrx_word' id='word_1_440' title='bbox 216 1673 278 1692; x_wconf 72' lang='lat' dir='ltr'><strong>cum</strong></span> <span class='ocrx_word' id='word_1_441' title='bbox 294 1664 469 1691; x_wconf 80' lang='lat' dir='ltr'><strong>annuntiaret</strong></span> <span class='ocrx_word' id='word_1_442' title='bbox 492 1661 630 1698; x_wconf 73' lang='lat' dir='ltr'><strong>Virginem</strong></span> <span class='ocrx_word' id='word_1_443' title='bbox 648 1662 805 1696; x_wconf 81' lang='lat' dir='ltr'><strong>concipere,</strong></span> <span class='ocrx_word' id='word_1_444' title='bbox 822 1662 870 1689; x_wconf 88' lang='lat' dir='ltr'><strong>sed</strong></span> <span class='ocrx_word' id='word_1_445' title='bbox 886 1663 912 1690; x_wconf 91' lang='lat' dir='ltr'><strong>in</strong></span> <span class='ocrx_word' id='word_1_446' title='bbox 928 1667 1005 1691; x_wconf 87' lang='lat' dir='ltr'><strong>utero</strong></span> 
     </span>
    </p>
   </div>
   <div class='ocr_carea' id='block_1_65' title="bbox 216 1707 1005 1746">
    <p class='ocr_par' dir='ltr' id='par_1_65' title="bbox 216 1707 1005 1746">
     <span class='ocr_line' id='line_1_65' title="bbox 216 1707 1005 1746; baseline -0.003 -7"><span class='ocrx_word' id='word_1_447' title='bbox 216 1715 350 1746; x_wconf 77' lang='lat' dir='ltr'><strong>gestatum</strong></span> <span class='ocrx_word' id='word_1_448' title='bbox 370 1709 529 1745; x_wconf 78' lang='lat' dir='ltr'><strong>gestationis</strong></span> <span class='ocrx_word' id='word_1_449' title='bbox 556 1712 652 1736; x_wconf 85' lang='lat' dir='ltr'><strong>testem</strong></span> <span class='ocrx_word' id='word_1_450' title='bbox 672 1712 702 1735; x_wconf 93' lang='lat' dir='ltr'><strong>ut</strong></span> <span class='ocrx_word' id='word_1_451' title='bbox 722 1708 845 1736; x_wconf 82' lang='lat' dir='ltr'><strong>haberet.</strong></span> <span class='ocrx_word' id='word_1_452' title='bbox 861 1707 965 1736; x_wconf 87' lang='lat' dir='ltr'><strong>Forsan</strong></span> <span class='ocrx_word' id='word_1_453' title='bbox 978 1714 1005 1737; x_wconf 90' lang='lat' dir='ltr'><strong>et</strong></span> 
     </span>
    </p>
   </div>
   <div class='ocr_carea' id='block_1_66' title="bbox 216 1753 1006 1791">
    <p class='ocr_par' dir='ltr' id='par_1_66' title="bbox 216 1753 1006 1791">
     <span class='ocr_line' id='line_1_66' title="bbox 216 1753 1006 1791; baseline -0.003 -7"><span class='ocrx_word' id='word_1_454' title='bbox 216 1757 261 1784; x_wconf 90' lang='lat' dir='ltr'><strong>alil</strong></span> <span class='ocrx_word' id='word_1_455' title='bbox 273 1757 339 1784; x_wconf 86' lang='lat' dir='ltr'><strong>tales</strong></span> <span class='ocrx_word' id='word_1_456' title='bbox 346 1756 478 1791; x_wconf 88' lang='lat' dir='ltr'><strong>quasdam</strong></span> <span class='ocrx_word' id='word_1_457' title='bbox 490 1754 643 1782; x_wconf 88' lang='lat' dir='ltr'><strong>attulerunt</strong></span> <span class='ocrx_word' id='word_1_458' title='bbox 656 1753 777 1781; x_wconf 81' lang='lat' dir='ltr'><strong>rationes</strong></span> <span class='ocrx_word' id='word_1_459' title='bbox 787 1761 841 1788; x_wconf 69' lang='lat' dir='ltr'><strong>pm</strong></span> <span class='ocrx_word' id='word_1_460' title='bbox 852 1755 1006 1782; x_wconf 87' lang='lat' dir='ltr'><strong>attrahente</strong></span> 
     </span>
    </p>
   </div>
   <div class='ocr_carea' id='block_1_67' title="bbox 215 1800 1005 1837">
    <p class='ocr_par' dir='ltr' id='par_1_67' title="bbox 215 1800 1005 1837">
     <span class='ocr_line' id='line_1_67' title="bbox 215 1800 1005 1837; baseline -0.004 -6"><span class='ocrx_word' id='word_1_461' title='bbox 215 1804 315 1831; x_wconf 79' lang='lat' dir='ltr'><strong>divinae</strong></span> <span class='ocrx_word' id='word_1_462' title='bbox 330 1802 468 1837; x_wconf 66' lang='lat' dir='ltr'><strong>sapientiae</strong></span> <span class='ocrx_word' id='word_1_463' title='bbox 487 1807 574 1829; x_wconf 89' lang='lat' dir='ltr'><strong>motu.</strong></span> <span class='ocrx_word' id='word_1_464' title='bbox 602 1800 668 1828; x_wconf 82' lang='lat' dir='ltr'><strong>Milli</strong></span> <span class='ocrx_word' id='word_1_465' title='bbox 690 1804 782 1827; x_wconf 87' lang='lat' dir='ltr'><strong>autem</strong></span> <span class='ocrx_word' id='word_1_466' title='bbox 798 1800 906 1828; x_wconf 84' lang='lat' dir='ltr'><strong>videtur</strong></span> <span class='ocrx_word' id='word_1_467' title='bbox 920 1805 947 1828; x_wconf 90' lang='lat' dir='ltr'><strong>et</strong></span> <span class='ocrx_word' id='word_1_468' title='bbox 962 1801 1005 1828; x_wconf 90' lang='lat' dir='ltr'><strong>di-</strong></span> 
     </span>
    </p>
   </div>
   <div class='ocr_carea' id='block_1_68' title="bbox 216 1846 1005 1882">
    <p class='ocr_par' dir='ltr' id='par_1_68' title="bbox 216 1846 1005 1882">
     <span class='ocr_line' id='line_1_68' title="bbox 216 1846 1005 1882; baseline -0.004 -5"><span class='ocrx_word' id='word_1_469' title='bbox 216 1855 322 1878; x_wconf 90' lang='lat' dir='ltr'><strong>ctorum</strong></span> <span class='ocrx_word' id='word_1_470' title='bbox 343 1853 371 1877; x_wconf 90' lang='lat' dir='ltr'><strong>et</strong></span> <span class='ocrx_word' id='word_1_471' title='bbox 393 1848 529 1876; x_wconf 83' lang='lat' dir='ltr'><strong>factorum</strong></span> <span class='ocrx_word' id='word_1_472' title='bbox 551 1846 766 1881; x_wconf 90' lang='lat' dir='ltr'><strong>unumquodque</strong></span> <span class='ocrx_word' id='word_1_473' title='bbox 789 1847 929 1882; x_wconf 91' lang='lat' dir='ltr'><strong>propriam</strong></span> <span class='ocrx_word' id='word_1_474' title='bbox 948 1847 1005 1874; x_wconf 89' lang='lat' dir='ltr'><strong>vim</strong></span> 
     </span>
    </p>
   </div>
   <div class='ocr_carea' id='block_1_69' title="bbox 217 1892 1005 1930">
    <p class='ocr_par' dir='ltr' id='par_1_69' title="bbox 217 1892 1005 1930">
     <span class='ocr_line' id='line_1_69' title="bbox 217 1892 1005 1930; baseline -0.004 -6"><span class='ocrx_word' id='word_1_475' title='bbox 217 1896 328 1929; x_wconf 85' lang='lat' dir='ltr'><strong>habere,</strong></span> <span class='ocrx_word' id='word_1_476' title='bbox 342 1894 452 1930; x_wconf 88' lang='lat' dir='ltr'><strong>quando</strong></span> <span class='ocrx_word' id='word_1_477' title='bbox 471 1894 611 1929; x_wconf 90' lang='lat' dir='ltr'><strong>proprium</strong></span> <span class='ocrx_word' id='word_1_478' title='bbox 628 1896 771 1927; x_wconf 84' lang='lat' dir='ltr'><strong>exspectat</strong></span> <span class='ocrx_word' id='word_1_479' title='bbox 792 1896 916 1927; x_wconf 88' lang='lat' dir='ltr'><strong>tempus;</strong></span> <span class='ocrx_word' id='word_1_480' title='bbox 932 1892 1005 1928; x_wconf 74' lang='lat' dir='ltr'><strong>quod</strong></span> 
     </span>
    </p>
   </div>
   <div class='ocr_carea' id='block_1_70' title="bbox 216 1939 1004 1975">
    <p class='ocr_par' dir='ltr' id='par_1_70' title="bbox 216 1939 1004 1975">
     <span class='ocr_line' id='line_1_70' title="bbox 216 1939 1004 1975; baseline -0.004 -6"><span class='ocrx_word' id='word_1_481' title='bbox 216 1942 289 1969; x_wconf 91' lang='lat' dir='ltr'><strong>enim</strong></span> <span class='ocrx_word' id='word_1_482' title='bbox 315 1949 370 1969; x_wconf 93' lang='lat' dir='ltr'><strong>non</strong></span> <span class='ocrx_word' id='word_1_483' title='bbox 389 1946 431 1968; x_wconf 89' lang='lat' dir='ltr'><strong>est</strong></span> <span class='ocrx_word' id='word_1_484' title='bbox 455 1943 652 1975; x_wconf 83' lang='lat' dir='ltr'><strong>opportunum,</strong></span> <span class='ocrx_word' id='word_1_485' title='bbox 678 1939 757 1970; x_wconf 84' lang='lat' dir='ltr'><strong>solet,</strong></span> <span class='ocrx_word' id='word_1_486' title='bbox 787 1944 816 1966; x_wconf 92' lang='lat' dir='ltr'><strong>ut</strong></span> <span class='ocrx_word' id='word_1_487' title='bbox 828 1939 1004 1974; x_wconf 87' lang='lat' dir='ltr'><strong>plerumque,</strong></span> 
     </span>
    </p>
   </div>
   <div class='ocr_carea' id='block_1_71' title="bbox 217 1983 1004 2020">
    <p class='ocr_par' dir='ltr' id='par_1_71' title="bbox 217 1983 1004 2020">
     <span class='ocr_line' id='line_1_71' title="bbox 217 1983 1004 2020; baseline -0.006 -5"><span class='ocrx_word' id='word_1_488' title='bbox 217 1987 343 2015; x_wconf 78' lang='lat' dir='ltr'><strong>etlicacize</strong></span> <span class='ocrx_word' id='word_1_489' title='bbox 360 1986 414 2013; x_wconf 90' lang='lat' dir='ltr'><strong>vim</strong></span> <span class='ocrx_word' id='word_1_490' title='bbox 431 1985 568 2020; x_wconf 78' lang='lat' dir='ltr'><strong>frangere.</strong></span> <span class='ocrx_word' id='word_1_491' title='bbox 590 1984 706 2018; x_wconf 80' lang='lat' dir='ltr'><strong>Quando</strong></span> <span class='ocrx_word' id='word_1_492' title='bbox 728 1983 812 2019; x_wconf 78' lang='lat' dir='ltr'><strong>igitur</strong></span> <span class='ocrx_word' id='word_1_493' title='bbox 834 1983 862 2011; x_wconf 90' lang='lat' dir='ltr'><strong>in</strong></span> <span class='ocrx_word' id='word_1_494' title='bbox 876 1984 1004 2011; x_wconf 92' lang='lat' dir='ltr'><strong>consilio-</strong></span> 
     </span>
    </p>
   </div>
   <div class='ocr_carea' id='block_1_72' title="bbox 218 2029 1004 2067">
    <p class='ocr_par' dir='ltr' id='par_1_72' title="bbox 218 2029 1004 2067">
     <span class='ocr_line' id='line_1_72' title="bbox 218 2029 1004 2067; baseline -0.006 -6"><span class='ocrx_word' id='word_1_495' title='bbox 218 2040 280 2061; x_wconf 88' lang='lat' dir='ltr'><strong>rum</strong></span> <span class='ocrx_word' id='word_1_496' title='bbox 304 2033 425 2067; x_wconf 89' lang='lat' dir='ltr'><strong>inopiam</strong></span> <span class='ocrx_word' id='word_1_497' title='bbox 443 2031 544 2058; x_wconf 85' lang='lat' dir='ltr'><strong>decidit</strong></span> <span class='ocrx_word' id='word_1_498' title='bbox 567 2029 678 2065; x_wconf 79' lang='lat' dir='ltr'><strong>Joseph,</strong></span> <span class='ocrx_word' id='word_1_499' title='bbox 703 2034 768 2057; x_wconf 87' lang='lat' dir='ltr'><strong>tunc</strong></span> <span class='ocrx_word' id='word_1_500' title='bbox 784 2029 872 2057; x_wconf 83' lang='lat' dir='ltr'><strong>astitit</strong></span> <span class='ocrx_word' id='word_1_501' title='bbox 891 2029 1004 2065; x_wconf 79' lang='lat' dir='ltr'><strong>angelus</strong></span> 
     </span>
    </p>
   </div>
   <div class='ocr_carea' id='block_1_73' title="bbox 218 2075 1004 2109">
    <p class='ocr_par' dir='ltr' id='par_1_73' title="bbox 218 2075 1004 2109">
     <span class='ocr_line' id='line_1_73' title="bbox 218 2075 1004 2109; baseline -0.005 -3"><span class='ocrx_word' id='word_1_502' title='bbox 218 2085 349 2107; x_wconf 80' lang='lat' dir='ltr'><strong>sensuum</strong></span> <span class='ocrx_word' id='word_1_503' title='bbox 371 2076 539 2105; x_wconf 90' lang='lat' dir='ltr'><strong>contentioni</strong></span> <span class='ocrx_word' id='word_1_504' title='bbox 565 2076 651 2103; x_wconf 84' lang='lat' dir='ltr'><strong>ﬁnem</strong></span> <span class='ocrx_word' id='word_1_505' title='bbox 675 2076 864 2109; x_wconf 85' lang='lat' dir='ltr'><strong>impositurus.</strong></span> <span class='ocrx_word' id='word_1_506' title='bbox 889 2075 1004 2108; x_wconf 81' lang='lat' dir='ltr'><strong>Quando</strong></span> 
     </span>
    </p>
   </div>
   <div class='ocr_carea' id='block_1_74' title="bbox 217 2121 1003 2154">
    <p class='ocr_par' dir='ltr' id='par_1_74' title="bbox 217 2121 1003 2154">
     <span class='ocr_line' id='line_1_74' title="bbox 217 2121 1003 2154; baseline -0.005 -2"><span class='ocrx_word' id='word_1_507' title='bbox 217 2125 291 2152; x_wconf 77' lang='lat' dir='ltr'><strong>enim</strong></span> <span class='ocrx_word' id='word_1_508' title='bbox 315 2124 343 2152; x_wconf 88' lang='lat' dir='ltr'><strong>in</strong></span> <span class='ocrx_word' id='word_1_509' title='bbox 367 2124 472 2151; x_wconf 87' lang='lat' dir='ltr'><strong>incerto</strong></span> <span class='ocrx_word' id='word_1_510' title='bbox 495 2122 589 2154; x_wconf 80' lang='lat' dir='ltr'><strong>fuerit,</strong></span> <span class='ocrx_word' id='word_1_511' title='bbox 615 2125 644 2149; x_wconf 89' lang='lat' dir='ltr'><strong>et</strong></span> <span class='ocrx_word' id='word_1_512' title='bbox 662 2121 809 2149; x_wconf 88' lang='lat' dir='ltr'><strong>contrariis</strong></span> <span class='ocrx_word' id='word_1_513' title='bbox 824 2121 1003 2149; x_wconf 91' lang='lat' dir='ltr'><strong>consiliorum</strong></span> 
     </span>
    </p>
   </div>
   <div class='ocr_carea' id='block_1_75' title="bbox 1087 1484 1854 1521">
    <p class='ocr_par' dir='ltr' id='par_1_75' title="bbox 1087 1484 1854 1521">
     <span class='ocr_line' id='line_1_75' title="bbox 1087 1484 1854 1521; baseline 0.001 -9"><span class='ocrx_word' id='word_1_514' title='bbox 1087 1485 1156 1521; x_wconf 76' lang='grc' dir='ltr'>Περὶ</span> <span class='ocrx_word' id='word_1_515' title='bbox 1171 1484 1219 1512; x_wconf 81' lang='grc' dir='ltr'>τοῦ</span> <span class='ocrx_word' id='word_1_516' title='bbox 1236 1486 1418 1520; x_wconf 81' lang='grc' dir='ltr'>προκειμένου</span> <span class='ocrx_word' id='word_1_517' title='bbox 1436 1485 1591 1520; x_wconf 79' lang='grc' dir='ltr'>ζητήματος</span> <span class='ocrx_word' id='word_1_518' title='bbox 1613 1486 1660 1512; x_wconf 82' lang='grc' dir='ltr'><strong>καὶ</strong></span> <span class='ocrx_word' id='word_1_519' title='bbox 1679 1485 1733 1512; x_wconf 81' lang='grc' dir='ltr'><strong>τῶν</strong></span> <span class='ocrx_word' id='word_1_520' title='bbox 1750 1495 1854 1521; x_wconf 70' lang='grc' dir='ltr'>μακε.-</span> 
     </span>
    </p>
   </div>
   <div class='ocr_carea' id='block_1_76' title="bbox 1056 1530 1854 1566">
    <p class='ocr_par' dir='ltr' id='par_1_76' title="bbox 1056 1530 1854 1566">
     <span class='ocr_line' id='line_1_76' title="bbox 1056 1530 1854 1566; baseline 0.001 -9"><span class='ocrx_word' id='word_1_521' title='bbox 1056 1530 1123 1566; x_wconf 85' lang='grc' dir='ltr'>ρίων</span> <span class='ocrx_word' id='word_1_522' title='bbox 1140 1531 1219 1566; x_wconf 80' lang='grc' dir='ltr'>ἡμῶν</span> <span class='ocrx_word' id='word_1_523' title='bbox 1250 1530 1380 1566; x_wconf 88' lang='grc' dir='ltr'>Πατέρων</span> <span class='ocrx_word' id='word_1_524' title='bbox 1393 1531 1444 1557; x_wconf 84' lang='grc' dir='ltr'>οὐκ</span> <span class='ocrx_word' id='word_1_525' title='bbox 1470 1530 1555 1564; x_wconf 80' lang='grc' dir='ltr'>ὀλίγοι</span> <span class='ocrx_word' id='word_1_526' title='bbox 1574 1530 1710 1558; x_wconf 71' lang='grc' dir='ltr'><strong>διέλαὸον⁸</strong></span> <span class='ocrx_word' id='word_1_527' title='bbox 1724 1531 1772 1558; x_wconf 80' lang='grc' dir='ltr'>καὶ</span> <span class='ocrx_word' id='word_1_528' title='bbox 1783 1530 1854 1559; x_wconf 81' lang='grc' dir='ltr'>οἶδα</span> 
     </span>
    </p>
   </div>
   <div class='ocr_carea' id='block_1_77' title="bbox 1055 1576 1855 1612">
    <p class='ocr_par' dir='ltr' id='par_1_77' title="bbox 1055 1576 1855 1612">
     <span class='ocr_line' id='line_1_77' title="bbox 1055 1576 1855 1612; baseline 0 -8"><span class='ocrx_word' id='word_1_529' title='bbox 1055 1577 1132 1609; x_wconf 82' lang='grc' dir='ltr'>τινὰς</span> <span class='ocrx_word' id='word_1_530' title='bbox 1143 1576 1233 1604; x_wconf 84' lang='grc' dir='ltr'>αὐτῶν</span> <span class='ocrx_word' id='word_1_531' title='bbox 1244 1577 1383 1610; x_wconf 75' lang='grc' dir='ltr'>εἰπόντας,</span> <span class='ocrx_word' id='word_1_532' title='bbox 1394 1576 1438 1603; x_wconf 84' lang='grc' dir='ltr'>διὰ</span> <span class='ocrx_word' id='word_1_533' title='bbox 1445 1576 1525 1603; x_wconf 85' lang='grc' dir='ltr'>τοῦτο</span> <span class='ocrx_word' id='word_1_534' title='bbox 1538 1576 1689 1612; x_wconf 75' lang='grc' dir='ltr'>τηνικαῦτα</span> <span class='ocrx_word' id='word_1_535' title='bbox 1700 1577 1746 1604; x_wconf 83' lang='grc' dir='ltr'>τὸν</span> <span class='ocrx_word' id='word_1_536' title='bbox 1759 1577 1855 1612; x_wconf 71' lang='grc' dir='ltr'>ἄγγε-</span> 
     </span>
    </p>
   </div>
   <div class='ocr_carea' id='block_1_78' title="bbox 1054 1623 1851 1660">
    <p class='ocr_par' dir='ltr' id='par_1_78' title="bbox 1054 1623 1851 1660">
     <span class='ocr_line' id='line_1_78' title="bbox 1054 1623 1851 1660; baseline 0.001 -9"><span class='ocrx_word' id='word_1_537' title='bbox 1054 1625 1101 1652; x_wconf 91' lang='grc' dir='ltr'><strong>λον</strong></span> <span class='ocrx_word' id='word_1_538' title='bbox 1128 1625 1271 1658; x_wconf 77' lang='grc' dir='ltr'>ἐπιστῆναι</span> <span class='ocrx_word' id='word_1_539' title='bbox 1285 1624 1332 1651; x_wconf 69' lang='grc' dir='ltr'>καὶ</span> <span class='ocrx_word' id='word_1_540' title='bbox 1345 1624 1394 1658; x_wconf 88' lang='grc' dir='ltr'>τῆς</span> <span class='ocrx_word' id='word_1_541' title='bbox 1412 1623 1501 1658; x_wconf 77' lang='grc' dir='ltr'>ὁρμῆς</span> <span class='ocrx_word' id='word_1_542' title='bbox 1517 1623 1562 1650; x_wconf 74' lang='grc' dir='ltr'><strong>τὸν</strong></span> <span class='ocrx_word' id='word_1_543' title='bbox 1578 1624 1684 1651; x_wconf 78' lang='grc' dir='ltr'>δίκαιον</span> <span class='ocrx_word' id='word_1_544' title='bbox 1702 1625 1851 1660; x_wconf 78' lang='grc' dir='ltr'>ἐπισχεῖν,</span> 
     </span>
    </p>
   </div>
   <div class='ocr_carea' id='block_1_79' title="bbox 1055 1669 1855 1706">
    <p class='ocr_par' dir='ltr' id='par_1_79' title="bbox 1055 1669 1855 1706">
     <span class='ocr_line' id='line_1_79' title="bbox 1055 1669 1855 1706; baseline 0 -9"><span class='ocrx_word' id='word_1_545' title='bbox 1055 1670 1099 1697; x_wconf 82' lang='grc' dir='ltr'><strong>ῑνα</strong></span> <span class='ocrx_word' id='word_1_546' title='bbox 1115 1670 1153 1705; x_wconf 84' lang='grc' dir='ltr'>μὴ</span> <span class='ocrx_word' id='word_1_547' title='bbox 1174 1669 1256 1706; x_wconf 80' lang='grc' dir='ltr'>δεηθῇ</span> <span class='ocrx_word' id='word_1_548' title='bbox 1267 1669 1386 1701; x_wconf 85' lang='grc' dir='ltr'>πίστεως</span> <span class='ocrx_word' id='word_1_549' title='bbox 1398 1670 1495 1705; x_wconf 78' lang='grc' dir='ltr'>ἑτέρας</span> <span class='ocrx_word' id='word_1_550' title='bbox 1511 1670 1587 1696; x_wconf 85' lang='grc' dir='ltr'>κύειν</span> <span class='ocrx_word' id='word_1_551' title='bbox 1601 1669 1778 1703; x_wconf 75' lang='grc' dir='ltr'>ἐπαγγέλλων</span> <span class='ocrx_word' id='word_1_552' title='bbox 1794 1671 1855 1706; x_wconf 76' lang='grc' dir='ltr'><strong>τὴν</strong></span> 
     </span>
    </p>
   </div>
   <div class='ocr_carea' id='block_1_80' title="bbox 1056 1713 1854 1751">
    <p class='ocr_par' dir='ltr' id='par_1_80' title="bbox 1056 1713 1854 1751">
     <span class='ocr_line' id='line_1_80' title="bbox 1056 1713 1854 1751; baseline 0.001 -10"><span class='ocrx_word' id='word_1_553' title='bbox 1056 1714 1205 1751; x_wconf 87' lang='grc' dir='ltr'>Παρθένον,</span> <span class='ocrx_word' id='word_1_554' title='bbox 1233 1713 1292 1740; x_wconf 77' lang='grc' dir='ltr'>ἀλλ’</span> <span class='ocrx_word' id='word_1_555' title='bbox 1308 1713 1357 1751; x_wconf 73' lang='grc' dir='ltr'><strong>ἔχῃ</strong></span> <span class='ocrx_word' id='word_1_556' title='bbox 1372 1714 1403 1740; x_wconf 82' lang='grc' dir='ltr'>τὸ</span> <span class='ocrx_word' id='word_1_557' title='bbox 1415 1713 1634 1749; x_wconf 67' lang='grc' dir='ltr'>κυοφορούμενον</span> <span class='ocrx_word' id='word_1_558' title='bbox 1647 1715 1777 1750; x_wconf 87' lang='grc' dir='ltr'>μάρτυρα</span> <span class='ocrx_word' id='word_1_559' title='bbox 1794 1717 1854 1751; x_wconf 79' lang='grc' dir='ltr'>τῆς</span> 
     </span>
    </p>
   </div>
   <div class='ocr_carea' id='block_1_81' title="bbox 1054 1760 1854 1796">
    <p class='ocr_par' dir='ltr' id='par_1_81' title="bbox 1054 1760 1854 1796">
     <span class='ocr_line' id='line_1_81' title="bbox 1054 1760 1854 1796; baseline 0.003 -9"><span class='ocrx_word' id='word_1_560' title='bbox 1054 1761 1211 1796; x_wconf 88' lang='grc' dir='ltr'>κυοφορίας.</span> <span class='ocrx_word' id='word_1_561' title='bbox 1226 1760 1303 1795; x_wconf 80' lang='grc' dir='ltr'>Τάχα</span> <span class='ocrx_word' id='word_1_562' title='bbox 1316 1760 1339 1786; x_wconf 82' lang='grc' dir='ltr'>δ’</span> <span class='ocrx_word' id='word_1_563' title='bbox 1356 1760 1389 1786; x_wconf 81' lang='grc' dir='ltr'><strong>ἂν</strong></span> <span class='ocrx_word' id='word_1_564' title='bbox 1409 1760 1456 1786; x_wconf 80' lang='grc' dir='ltr'>καὶ</span> <span class='ocrx_word' id='word_1_565' title='bbox 1484 1760 1572 1796; x_wconf 75' lang='grc' dir='ltr'>ἕτεροι</span> <span class='ocrx_word' id='word_1_566' title='bbox 1606 1761 1734 1792; x_wconf 82' lang='grc' dir='ltr'>τοιαύτας</span> <span class='ocrx_word' id='word_1_567' title='bbox 1764 1763 1854 1795; x_wconf 75' lang='grc' dir='ltr'>τινὰς</span> 
     </span>
    </p>
   </div>
   <div class='ocr_carea' id='block_1_82' title="bbox 1054 1805 1852 1843">
    <p class='ocr_par' dir='ltr' id='par_1_82' title="bbox 1054 1805 1852 1843">
     <span class='ocr_line' id='line_1_82' title="bbox 1054 1805 1852 1843; baseline 0.001 -9"><span class='ocrx_word' id='word_1_568' title='bbox 1054 1807 1188 1834; x_wconf 84' lang='grc' dir='ltr'>ἀπέδοσαν</span> <span class='ocrx_word' id='word_1_569' title='bbox 1198 1805 1287 1838; x_wconf 73' lang='grc' dir='ltr'>αἰτίας</span> <span class='ocrx_word' id='word_1_570' title='bbox 1301 1805 1417 1833; x_wconf 83' lang='grc' dir='ltr'>καθόσον</span> <span class='ocrx_word' id='word_1_571' title='bbox 1435 1807 1542 1833; x_wconf 70' lang='grc' dir='ltr'>εἵλκυσε</span> <span class='ocrx_word' id='word_1_572' title='bbox 1557 1807 1606 1842; x_wconf 84' lang='grc' dir='ltr'>τῆς</span> <span class='ocrx_word' id='word_1_573' title='bbox 1621 1807 1724 1834; x_wconf 85' lang='grc' dir='ltr'>ἄνωθεν</span> <span class='ocrx_word' id='word_1_574' title='bbox 1735 1808 1852 1843; x_wconf 74' lang='grc' dir='ltr'>σοφίας.</span> 
     </span>
    </p>
   </div>
   <div class='ocr_carea' id='block_1_83' title="bbox 1061 1851 1854 1888">
    <p class='ocr_par' dir='ltr' id='par_1_83' title="bbox 1061 1851 1854 1888">
     <span class='ocr_line' id='line_1_83' title="bbox 1061 1851 1854 1888; baseline 0.003 -10"><span class='ocrx_word' id='word_1_575' title='bbox 1061 1853 1137 1887; x_wconf 76' lang='grc' dir='ltr'>Ἐμοὶ</span> <span class='ocrx_word' id='word_1_576' title='bbox 1147 1851 1175 1878; x_wconf 80' lang='grc' dir='ltr'>δὲ</span> <span class='ocrx_word' id='word_1_577' title='bbox 1189 1851 1264 1878; x_wconf 87' lang='grc' dir='ltr'>δοκεῖ</span> <span class='ocrx_word' id='word_1_578' title='bbox 1277 1851 1332 1878; x_wconf 83' lang='grc' dir='ltr'><strong>τῶν</strong></span> <span class='ocrx_word' id='word_1_579' title='bbox 1361 1851 1516 1887; x_wconf 84' lang='grc' dir='ltr'>λεγομένων</span> <span class='ocrx_word' id='word_1_580' title='bbox 1536 1861 1566 1879; x_wconf 89' lang='grc' dir='ltr'><strong>τε</strong></span> <span class='ocrx_word' id='word_1_581' title='bbox 1584 1852 1631 1878; x_wconf 74' lang='grc' dir='ltr'>καὶ</span> <span class='ocrx_word' id='word_1_582' title='bbox 1645 1853 1854 1888; x_wconf 79' lang='grc' dir='ltr'>πραττομένων</span> 
     </span>
    </p>
   </div>
   <div class='ocr_carea' id='block_1_84' title="bbox 1053 1898 1853 1935">
    <p class='ocr_par' dir='ltr' id='par_1_84' title="bbox 1053 1898 1853 1935">
     <span class='ocr_line' id='line_1_84' title="bbox 1053 1898 1853 1935; baseline 0.001 -9"><span class='ocrx_word' id='word_1_583' title='bbox 1053 1899 1115 1926; x_wconf 79' lang='grc' dir='ltr'>τότε</span> <span class='ocrx_word' id='word_1_584' title='bbox 1130 1898 1179 1934; x_wconf 85' lang='grc' dir='ltr'><strong>τὴν</strong></span> <span class='ocrx_word' id='word_1_585' title='bbox 1202 1898 1306 1925; x_wconf 77' lang='grc' dir='ltr'>οἰκείαν</span> <span class='ocrx_word' id='word_1_586' title='bbox 1336 1899 1412 1934; x_wconf 81' lang='grc' dir='ltr'>ίσχὺν</span> <span class='ocrx_word' id='word_1_587' title='bbox 1434 1898 1550 1925; x_wconf 73' lang='grc' dir='ltr'>ἕκαστον</span> <span class='ocrx_word' id='word_1_588' title='bbox 1561 1898 1703 1935; x_wconf 77' lang='grc' dir='ltr'>παρέχειν,</span> <span class='ocrx_word' id='word_1_589' title='bbox 1729 1899 1775 1925; x_wconf 85' lang='grc' dir='ltr'>ὅτε</span> <span class='ocrx_word' id='word_1_590' title='bbox 1797 1900 1853 1927; x_wconf 70' lang='grc' dir='ltr'>τὸν</span> 
     </span>
    </p>
   </div>
   <div class='ocr_carea' id='block_1_85' title="bbox 1053 1943 1852 1980">
    <p class='ocr_par' dir='ltr' id='par_1_85' title="bbox 1053 1943 1852 1980">
     <span class='ocr_line' id='line_1_85' title="bbox 1053 1943 1852 1980; baseline 0.004 -10"><span class='ocrx_word' id='word_1_591' title='bbox 1053 1945 1152 1971; x_wconf 81' lang='grc' dir='ltr'>οἰκεῖον</span> <span class='ocrx_word' id='word_1_592' title='bbox 1166 1943 1261 1979; x_wconf 78' lang='grc' dir='ltr'>καιρὸν</span> <span class='ocrx_word' id='word_1_593' title='bbox 1273 1944 1404 1979; x_wconf 81' lang='grc' dir='ltr'>ἀναμένει</span> <span class='ocrx_word' id='word_1_594' title='bbox 1414 1952 1421 1958; x_wconf 94' lang='grc'><strong>·</strong></span> <span class='ocrx_word' id='word_1_595' title='bbox 1430 1943 1461 1970; x_wconf 83' lang='grc' dir='ltr'>τὸ</span> <span class='ocrx_word' id='word_1_596' title='bbox 1471 1944 1526 1979; x_wconf 81' lang='grc' dir='ltr'><strong>γὰρ</strong></span> <span class='ocrx_word' id='word_1_597' title='bbox 1535 1944 1598 1971; x_wconf 62' lang='lat' dir='ltr'><strong>hat</strong></span> <span class='ocrx_word' id='word_1_598' title='bbox 1603 1953 1649 1978; x_wconf 91' lang='grc' dir='ltr'><strong>ρον</strong></span> <span class='ocrx_word' id='word_1_599' title='bbox 1663 1953 1696 1970; x_wconf 90' lang='grc' dir='ltr'><strong>πε</strong></span> <span class='ocrx_word' id='word_1_600' title='bbox 1701 1944 1818 1980; x_wconf 86' lang='grc' dir='ltr'>ριθραύε</span> <span class='ocrx_word' id='word_1_601' title='bbox 1824 1955 1852 1973; x_wconf 91' lang='grc' dir='ltr'><strong>ιν</strong></span> 
     </span>
    </p>
   </div>
   <div class='ocr_carea' id='block_1_86' title="bbox 1053 1990 1851 2026">
    <p class='ocr_par' dir='ltr' id='par_1_86' title="bbox 1053 1990 1851 2026">
     <span class='ocr_line' id='line_1_86' title="bbox 1053 1990 1851 2026; baseline 0.003 -9"><span class='ocrx_word' id='word_1_602' title='bbox 1053 1991 1149 2018; x_wconf 75' lang='grc' dir='ltr'>εἴωθεν</span> <span class='ocrx_word' id='word_1_603' title='bbox 1160 1991 1198 2022; x_wconf 82' lang='grc' dir='ltr'>ὡς</span> <span class='ocrx_word' id='word_1_604' title='bbox 1212 1990 1247 2016; x_wconf 79' lang='grc' dir='ltr'><strong>τὰ</strong></span> <span class='ocrx_word' id='word_1_605' title='bbox 1259 1990 1345 2017; x_wconf 86' lang='grc' dir='ltr'>πολλὰ</span> <span class='ocrx_word' id='word_1_606' title='bbox 1357 1991 1407 2026; x_wconf 84' lang='grc' dir='ltr'>τῆς</span> <span class='ocrx_word' id='word_1_607' title='bbox 1422 1990 1563 2026; x_wconf 76' lang='grc' dir='ltr'>ἐνεργείας</span> <span class='ocrx_word' id='word_1_608' title='bbox 1583 1991 1632 2024; x_wconf 79' lang='grc' dir='ltr'>τὴν</span> <span class='ocrx_word' id='word_1_609' title='bbox 1653 1990 1769 2025; x_wconf 85' lang='grc' dir='ltr'>δύναμιν</span> <span class='ocrx_word' id='word_1_610' title='bbox 1778 1999 1786 2007; x_wconf 91' lang='grc'><strong>·</strong></span> <span class='ocrx_word' id='word_1_611' title='bbox 1799 1992 1851 2019; x_wconf 84' lang='grc' dir='ltr'>ὅτε</span> 
     </span>
    </p>
   </div>
   <div class='ocr_carea' id='block_1_87' title="bbox 1053 2035 1849 2072">
    <p class='ocr_par' dir='ltr' id='par_1_87' title="bbox 1053 2035 1849 2072">
     <span class='ocr_line' id='line_1_87' title="bbox 1053 2035 1849 2072; baseline 0.001 -8"><span class='ocrx_word' id='word_1_612' title='bbox 1053 2035 1101 2064; x_wconf 77' lang='grc' dir='ltr'>οὖν</span> <span class='ocrx_word' id='word_1_613' title='bbox 1113 2037 1152 2068; x_wconf 78' lang='grc' dir='ltr'><strong>εἰς</strong></span> <span class='ocrx_word' id='word_1_614' title='bbox 1175 2036 1292 2072; x_wconf 79' lang='grc' dir='ltr'>ἀπορίαν</span> <span class='ocrx_word' id='word_1_615' title='bbox 1318 2035 1455 2071; x_wconf 87' lang='grc' dir='ltr'>λογισμῶν</span> <span class='ocrx_word' id='word_1_616' title='bbox 1482 2036 1600 2071; x_wconf 79' lang='grc' dir='ltr'>κατέστη</span> <span class='ocrx_word' id='word_1_617' title='bbox 1615 2036 1629 2062; x_wconf 79' lang='grc' dir='ltr'><strong>ὁ</strong></span> <span class='ocrx_word' id='word_1_618' title='bbox 1649 2036 1762 2072; x_wconf 80' lang='grc' dir='ltr'>Ἰωσὴφ,</span> <span class='ocrx_word' id='word_1_619' title='bbox 1779 2038 1849 2065; x_wconf 86' lang='grc' dir='ltr'>τότε</span> 
     </span>
    </p>
   </div>
   <div class='ocr_carea' id='block_1_88' title="bbox 1053 2081 1848 2118">
    <p class='ocr_par' dir='ltr' id='par_1_88' title="bbox 1053 2081 1848 2118">
     <span class='ocr_line' id='line_1_88' title="bbox 1053 2081 1848 2118; baseline 0 -8"><span class='ocrx_word' id='word_1_620' title='bbox 1053 2083 1103 2118; x_wconf 83' lang='grc' dir='ltr'>τὴν</span> <span class='ocrx_word' id='word_1_621' title='bbox 1117 2083 1175 2118; x_wconf 79' lang='grc' dir='ltr'>ἔριν</span> <span class='ocrx_word' id='word_1_622' title='bbox 1187 2084 1201 2109; x_wconf 92' lang='grc' dir='ltr'><strong>ὁ</strong></span> <span class='ocrx_word' id='word_1_623' title='bbox 1210 2082 1324 2117; x_wconf 82' lang='grc' dir='ltr'>ἄγγελος</span> <span class='ocrx_word' id='word_1_624' title='bbox 1341 2082 1440 2116; x_wconf 78' lang='grc' dir='ltr'>ἐπέστη</span> <span class='ocrx_word' id='word_1_625' title='bbox 1455 2081 1525 2108; x_wconf 86' lang='grc' dir='ltr'>λύων</span> <span class='ocrx_word' id='word_1_626' title='bbox 1538 2082 1593 2108; x_wconf 86' lang='grc' dir='ltr'>τῶν</span> <span class='ocrx_word' id='word_1_627' title='bbox 1607 2081 1758 2117; x_wconf 80' lang='grc' dir='ltr'>λογισμῶν.</span> <span class='ocrx_word' id='word_1_628' title='bbox 1773 2084 1848 2110; x_wconf 82' lang='grc' dir='ltr'>Ὀτε</span> 
     </span>
    </p>
   </div>
   <div class='ocr_carea' id='block_1_89' title="bbox 1053 2127 1850 2164">
    <p class='ocr_par' dir='ltr' id='par_1_89' title="bbox 1053 2127 1850 2164">
     <span class='ocr_line' id='line_1_89' title="bbox 1053 2127 1850 2164; baseline 0 -8"><span class='ocrx_word' id='word_1_629' title='bbox 1053 2129 1082 2156; x_wconf 76' lang='grc' dir='ltr'>δὲ</span> <span class='ocrx_word' id='word_1_630' title='bbox 1095 2129 1252 2164; x_wconf 84' lang='grc' dir='ltr'>διηπορεῖτο</span> <span class='ocrx_word' id='word_1_631' title='bbox 1266 2129 1314 2155; x_wconf 70' lang='grc' dir='ltr'>καὶ</span> <span class='ocrx_word' id='word_1_632' title='bbox 1330 2129 1390 2159; x_wconf 83' lang='grc' dir='ltr'>ταῖς</span> <span class='ocrx_word' id='word_1_633' title='bbox 1404 2127 1460 2154; x_wconf 89' lang='grc' dir='ltr'>τῶν</span> <span class='ocrx_word' id='word_1_634' title='bbox 1480 2127 1642 2155; x_wconf 78' lang='grc' dir='ltr'>διαδουλιῶν</span> <span class='ocrx_word' id='word_1_635' title='bbox 1670 2128 1850 2161; x_wconf 79' lang='grc' dir='ltr'>ἀντιπνοίαις</span> 
     </span>
    </p>
   </div>
   <div class='ocr_carea' id='block_1_90' title="bbox 219 2165 1005 2209">
    <p class='ocr_par' dir='ltr' id='par_1_90' title="bbox 219 2165 1000 2204">
     <span class='ocr_line' id='line_1_90' title="bbox 219 2165 1000 2204; baseline -0.008 -5"><span class='ocrx_word' id='word_1_636' title='bbox 219 2172 307 2199; x_wconf 87' lang='lat' dir='ltr'><strong>ventis</strong></span> <span class='ocrx_word' id='word_1_637' title='bbox 333 2171 470 2198; x_wconf 83' lang='lat' dir='ltr'><strong>ﬂuctuarit</strong></span> <span class='ocrx_word' id='word_1_638' title='bbox 486 2191 493 2203; x_wconf 82' lang='grc'><strong>,</strong></span> <span class='ocrx_word' id='word_1_639' title='bbox 520 2168 617 2204; x_wconf 82' lang='lat' dir='ltr'><strong>agendi</strong></span> <span class='ocrx_word' id='word_1_640' title='bbox 632 2175 698 2195; x_wconf 89' lang='lat' dir='ltr'><strong>cura</strong></span> <span class='ocrx_word' id='word_1_641' title='bbox 715 2167 889 2194; x_wconf 85' lang='lat' dir='ltr'><strong>manifestum</strong></span> <span class='ocrx_word' id='word_1_642' title='bbox 914 2165 979 2194; x_wconf 79' lang='lat' dir='ltr'><strong>fecit</strong></span> <span class='ocrx_word' id='word_1_643' title='bbox 993 2174 1000 2194; x_wconf 88' lang='lat'>:</span> 
     </span>
    </p>
   </div>
   <div class='ocr_carea' id='block_1_91' title="bbox 1083 2165 1848 2209">
    <p class='ocr_par' dir='ltr' id='par_1_91' title="bbox 1083 2173 1848 2209">
     <span class='ocr_line' id='line_1_91' title="bbox 1083 2173 1848 2209; baseline 0.001 -8"><span class='ocrx_word' id='word_1_644' title='bbox 1083 2174 1230 2209; x_wconf 77' lang='grc' dir='ltr'>ιυμαίνετο,</span> <span class='ocrx_word' id='word_1_645' title='bbox 1258 2173 1336 2208; x_wconf 86' lang='grc' dir='ltr'>δῆλον</span> <span class='ocrx_word' id='word_1_646' title='bbox 1356 2174 1373 2209; x_wconf 81' lang='grc' dir='ltr'>ἡ</span> <span class='ocrx_word' id='word_1_647' title='bbox 1397 2173 1496 2208; x_wconf 85' lang='grc' dir='ltr'>μελέτη</span> <span class='ocrx_word' id='word_1_648' title='bbox 1519 2174 1570 2209; x_wconf 85' lang='grc' dir='ltr'>τῆς</span> <span class='ocrx_word' id='word_1_649' title='bbox 1596 2174 1723 2208; x_wconf 82' lang='grc' dir='ltr'>πράξεως</span> <span class='ocrx_word' id='word_1_650' title='bbox 1748 2176 1848 2202; x_wconf 83' lang='grc' dir='ltr'>ποιεῖ·</span> 
     </span>
    </p>
   </div>
   <div class='ocr_carea' id='block_1_92' title="bbox 222 2212 1003 2250">
    <p class='ocr_par' dir='ltr' id='par_1_92' title="bbox 222 2212 1003 2250">
     <span class='ocr_line' id='line_1_92' title="bbox 222 2212 1003 2250; baseline -0.01 -5"><span class='ocrx_word' id='word_1_651' title='bbox 222 2228 231 2244; x_wconf 82' lang='grc' dir='ltr'>ι</span> <span class='ocrx_word' id='word_1_652' title='bbox 247 2217 361 2245; x_wconf 83' lang='lat' dir='ltr'><strong>Volebat</strong></span> <span class='ocrx_word' id='word_1_653' title='bbox 384 2217 468 2249; x_wconf 91' lang='lat' dir='ltr'><strong>enim,</strong></span> <span class='ocrx_word' id='word_1_654' title='bbox 497 2215 594 2250; x_wconf 82' lang='lat' dir='ltr'><strong>inquit,</strong></span> <span class='ocrx_word' id='word_1_655' title='bbox 622 2218 728 2242; x_wconf 85' lang='lat' dir='ltr'><strong>secreto</strong></span> <span class='ocrx_word' id='word_1_656' title='bbox 746 2220 806 2240; x_wconf 87' lang='lat' dir='ltr'><strong>eam</strong></span> <span class='ocrx_word' id='word_1_657' title='bbox 825 2212 977 2244; x_wconf 80' lang='lat' dir='ltr'><strong>dimittere;</strong></span> <span class='ocrx_word' id='word_1_658' title='bbox 994 2220 1003 2237; x_wconf 78' lang='grc' dir='ltr'><strong>ι</strong></span> 
     </span>
    </p>
   </div>
   <div class='ocr_carea' id='block_1_93' title="bbox 219 2258 1006 2295">
    <p class='ocr_par' dir='ltr' id='par_1_93' title="bbox 219 2258 1006 2295">
     <span class='ocr_line' id='line_1_93' title="bbox 219 2258 1006 2295; baseline -0.01 -3"><span class='ocrx_word' id='word_1_659' title='bbox 219 2272 272 2292; x_wconf 90' lang='lat' dir='ltr'><strong>non</strong></span> <span class='ocrx_word' id='word_1_660' title='bbox 307 2268 396 2291; x_wconf 89' lang='lat' dir='ltr'><strong>autem</strong></span> <span class='ocrx_word' id='word_1_661' title='bbox 430 2266 536 2290; x_wconf 87' lang='lat' dir='ltr'><strong>secreto</strong></span> <span class='ocrx_word' id='word_1_662' title='bbox 570 2265 618 2288; x_wconf 87' lang='lat' dir='ltr'><strong>aut</strong></span> <span class='ocrx_word' id='word_1_663' title='bbox 649 2259 749 2295; x_wconf 84' lang='lat' dir='ltr'><strong>quovis</strong></span> <span class='ocrx_word' id='word_1_664' title='bbox 780 2258 863 2286; x_wconf 86' lang='lat' dir='ltr'><strong>modo</strong></span> <span class='ocrx_word' id='word_1_665' title='bbox 888 2258 916 2285; x_wconf 89' lang='lat' dir='ltr'><strong>id</strong></span> <span class='ocrx_word' id='word_1_666' title='bbox 948 2261 1006 2285; x_wconf 85' lang='lat' dir='ltr'><strong>sta-</strong></span> 
     </span>
    </p>
   </div>
   <div class='ocr_carea' id='block_1_94' title="bbox 219 2307 1007 2344">
    <p class='ocr_par' dir='ltr' id='par_1_94' title="bbox 219 2307 1007 2344">
     <span class='ocr_line' id='line_1_94' title="bbox 219 2307 1007 2344; baseline -0.009 -7"><span class='ocrx_word' id='word_1_667' title='bbox 219 2310 327 2342; x_wconf 86' lang='lat' dir='ltr'><strong>tuisset,</strong></span> <span class='ocrx_word' id='word_1_668' title='bbox 353 2309 377 2337; x_wconf 89' lang='lat' dir='ltr'><strong>si</strong></span> <span class='ocrx_word' id='word_1_669' title='bbox 398 2308 491 2344; x_wconf 89' lang='lat' dir='ltr'><strong>spuria</strong></span> <span class='ocrx_word' id='word_1_670' title='bbox 520 2307 616 2335; x_wconf 88' lang='lat' dir='ltr'><strong>sobole</strong></span> <span class='ocrx_word' id='word_1_671' title='bbox 641 2311 793 2334; x_wconf 86' lang='lat' dir='ltr'><strong>tumescere</strong></span> <span class='ocrx_word' id='word_1_672' title='bbox 815 2309 925 2332; x_wconf 87' lang='lat' dir='ltr'><strong>uterum</strong></span> <span class='ocrx_word' id='word_1_673' title='bbox 945 2311 1007 2339; x_wconf 88' lang='lat' dir='ltr'><strong>per-</strong></span> 
     </span>
    </p>
   </div>
   <div class='ocr_carea' id='block_1_95' title="bbox 219 2350 1007 2386">
    <p class='ocr_par' dir='ltr' id='par_1_95' title="bbox 219 2350 1007 2386">
     <span class='ocr_line' id='line_1_95' title="bbox 219 2350 1007 2386; baseline -0.009 -3"><span class='ocrx_word' id='word_1_674' title='bbox 219 2363 332 2383; x_wconf 87' lang='lat' dir='ltr'><strong>suasum</strong></span> <span class='ocrx_word' id='word_1_675' title='bbox 349 2353 508 2386; x_wconf 82' lang='lat' dir='ltr'><strong>habuisset;</strong></span> <span class='ocrx_word' id='word_1_676' title='bbox 527 2353 574 2380; x_wconf 75' lang='grc' dir='ltr'>εειι</span> <span class='ocrx_word' id='word_1_677' title='bbox 586 2353 686 2380; x_wconf 74' lang='lat' dir='ltr'><strong>contra‘</strong></span> <span class='ocrx_word' id='word_1_678' title='bbox 703 2358 764 2378; x_wconf 87' lang='lat' dir='ltr'><strong>eum</strong></span> <span class='ocrx_word' id='word_1_679' title='bbox 786 2350 879 2386; x_wconf 84' lang='lat' dir='ltr'><strong>justus</strong></span> <span class='ocrx_word' id='word_1_680' title='bbox 891 2353 965 2376; x_wconf 88' lang='lat' dir='ltr'><strong>esset</strong></span> <span class='ocrx_word' id='word_1_681' title='bbox 980 2353 1007 2376; x_wconf 90' lang='lat' dir='ltr'><strong>et</strong></span> 
     </span>
    </p>
   </div>
   <div class='ocr_carea' id='block_1_96' title="bbox 220 2393 1005 2434">
    <p class='ocr_par' dir='ltr' id='par_1_96' title="bbox 220 2393 1005 2434">
     <span class='ocr_line' id='line_1_96' title="bbox 220 2393 1005 2434; baseline -0.01 -6"><span class='ocrx_word' id='word_1_682' title='bbox 220 2408 327 2432; x_wconf 87' lang='lat' dir='ltr'><strong>amans,</strong></span> <span class='ocrx_word' id='word_1_683' title='bbox 343 2404 370 2427; x_wconf 82' lang='lat' dir='ltr'><strong>et</strong></span> <span class='ocrx_word' id='word_1_684' title='bbox 396 2399 463 2434; x_wconf 78' lang='lat' dir='ltr'><strong>legis</strong></span> <span class='ocrx_word' id='word_1_685' title='bbox 481 2397 730 2432; x_wconf 84' lang='lat' dir='ltr'><strong>transgressionem</strong></span> <span class='ocrx_word' id='word_1_686' title='bbox 755 2395 843 2430; x_wconf 85' lang='lat' dir='ltr'><strong>magis</strong></span> <span class='ocrx_word' id='word_1_687' title='bbox 860 2401 944 2430; x_wconf 89' lang='lat' dir='ltr'><strong>quam</strong></span> <span class='ocrx_word' id='word_1_688' title='bbox 958 2393 1005 2428; x_wconf 89' lang='lat' dir='ltr'><strong>qui</strong></span> 
     </span>
    </p>
   </div>
   <div class='ocr_carea' id='block_1_97' title="bbox 221 2438 1008 2479">
    <p class='ocr_par' dir='ltr' id='par_1_97' title="bbox 221 2438 1008 2479">
     <span class='ocr_line' id='line_1_97' title="bbox 221 2438 1008 2479; baseline -0.01 -5"><span class='ocrx_word' id='word_1_689' title='bbox 221 2447 340 2474; x_wconf 82' lang='lat' dir='ltr'><strong>maxime</strong></span> <span class='ocrx_word' id='word_1_690' title='bbox 347 2445 462 2477; x_wconf 87' lang='lat' dir='ltr'><strong>odisset,</strong></span> <span class='ocrx_word' id='word_1_691' title='bbox 475 2444 566 2479; x_wconf 81' lang='lat' dir='ltr'><strong>legum</strong></span> <span class='ocrx_word' id='word_1_692' title='bbox 574 2442 752 2471; x_wconf 86' lang='lat' dir='ltr'><strong>vindicationi</strong></span> <span class='ocrx_word' id='word_1_693' title='bbox 766 2439 935 2468; x_wconf 89' lang='lat' dir='ltr'><strong>matrimonii</strong></span> <span class='ocrx_word' id='word_1_694' title='bbox 950 2438 1008 2466; x_wconf 86' lang='lat' dir='ltr'><strong>l‘ur-</strong></span> 
     </span>
    </p>
   </div>
   <div class='ocr_carea' id='block_1_98' title="bbox 220 2485 1006 2525">
    <p class='ocr_par' dir='ltr' id='par_1_98' title="bbox 220 2485 1006 2525">
     <span class='ocr_line' id='line_1_98' title="bbox 220 2485 1006 2525; baseline -0.01 -5"><span class='ocrx_word' id='word_1_695' title='bbox 220 2497 277 2520; x_wconf 86' lang='lat' dir='ltr'><strong>tum</strong></span> <span class='ocrx_word' id='word_1_696' title='bbox 294 2499 404 2520; x_wconf 92' lang='lat' dir='ltr'><strong>omnem</strong></span> <span class='ocrx_word' id='word_1_697' title='bbox 416 2492 447 2518; x_wconf 85' lang='lat' dir='ltr'><strong>in</strong></span> <span class='ocrx_word' id='word_1_698' title='bbox 470 2490 558 2525; x_wconf 73' lang='lat' dir='ltr'><strong>ipsum</strong></span> <span class='ocrx_word' id='word_1_699' title='bbox 579 2493 667 2517; x_wconf 89' lang='lat' dir='ltr'><strong>ortam</strong></span> <span class='ocrx_word' id='word_1_700' title='bbox 691 2487 875 2523; x_wconf 86' lang='lat' dir='ltr'><strong>suspicionem</strong></span> <span class='ocrx_word' id='word_1_701' title='bbox 897 2485 1006 2514; x_wconf 88' lang='lat' dir='ltr'><strong>solvens</strong></span> 
     </span>
    </p>
   </div>
   <div class='ocr_carea' id='block_1_99' title="bbox 221 2531 1007 2575">
    <p class='ocr_par' dir='ltr' id='par_1_99' title="bbox 221 2531 1007 2575">
     <span class='ocr_line' id='line_1_99' title="bbox 221 2531 1007 2575; baseline -0.011 -8"><span class='ocrx_word' id='word_1_702' title='bbox 221 2538 399 2575; x_wconf 83' lang='lat' dir='ltr'><strong>prodidisset,</strong></span> <span class='ocrx_word' id='word_1_703' title='bbox 411 2544 490 2566; x_wconf 89' lang='lat' dir='ltr'><strong>suam</strong></span> <span class='ocrx_word' id='word_1_704' title='bbox 502 2540 594 2563; x_wconf 89' lang='lat' dir='ltr'><strong>autem</strong></span> <span class='ocrx_word' id='word_1_705' title='bbox 604 2533 781 2562; x_wconf 81' lang='lat' dir='ltr'><strong>excellentem</strong></span> <span class='ocrx_word' id='word_1_706' title='bbox 797 2531 933 2567; x_wconf 87' lang='lat' dir='ltr'><strong>justitiam</strong></span> <span class='ocrx_word' id='word_1_707' title='bbox 948 2538 1007 2559; x_wconf 90' lang='lat' dir='ltr'><strong>ser-</strong></span> 
     </span>
    </p>
   </div>
   <div class='ocr_carea' id='block_1_100' title="bbox 222 2577 1007 2615">
    <p class='ocr_par' dir='ltr' id='par_1_100' title="bbox 222 2577 1007 2615">
     <span class='ocr_line' id='line_1_100' title="bbox 222 2577 1007 2615; baseline -0.01 -4"><span class='ocrx_word' id='word_1_708' title='bbox 222 2590 334 2614; x_wconf 70' lang='lat' dir='ltr'><strong>vasset:</strong></span> <span class='ocrx_word' id='word_1_709' title='bbox 353 2584 401 2612; x_wconf 89' lang='lat' dir='ltr'><strong>sed</strong></span> <span class='ocrx_word' id='word_1_710' title='bbox 425 2583 539 2611; x_wconf 87' lang='lat' dir='ltr'><strong>minime</strong></span> <span class='ocrx_word' id='word_1_711' title='bbox 562 2582 613 2609; x_wconf 91' lang='lat' dir='ltr'><strong>hoc</strong></span> <span class='ocrx_word' id='word_1_712' title='bbox 635 2586 799 2615; x_wconf 80' lang='lat' dir='ltr'><strong>persuasum</strong></span> <span class='ocrx_word' id='word_1_713' title='bbox 823 2577 951 2610; x_wconf 84' lang='lat' dir='ltr'><strong>habebat,</strong></span> <span class='ocrx_word' id='word_1_714' title='bbox 976 2580 1007 2604; x_wconf 89' lang='lat' dir='ltr'><strong>ut</strong></span> 
     </span>
    </p>
   </div>
   <div class='ocr_carea' id='block_1_101' title="bbox 222 2624 1006 2667">
    <p class='ocr_par' dir='ltr' id='par_1_101' title="bbox 222 2624 1006 2667">
     <span class='ocr_line' id='line_1_101' title="bbox 222 2624 1006 2667; baseline -0.011 -8"><span class='ocrx_word' id='word_1_715' title='bbox 222 2637 306 2667; x_wconf 86' lang='lat' dir='ltr'><strong>patet.</strong></span> <span class='ocrx_word' id='word_1_716' title='bbox 323 2631 406 2658; x_wconf 75' lang='lat' dir='ltr'><strong>Multa</strong></span> <span class='ocrx_word' id='word_1_717' title='bbox 423 2630 496 2657; x_wconf 89' lang='lat' dir='ltr'><strong>enim</strong></span> <span class='ocrx_word' id='word_1_718' title='bbox 510 2630 621 2664; x_wconf 80' lang='lat' dir='ltr'><strong>pignora</strong></span> <span class='ocrx_word' id='word_1_719' title='bbox 640 2626 777 2662; x_wconf 72' lang='lat' dir='ltr'><strong>prazbebat</strong></span> <span class='ocrx_word' id='word_1_720' title='bbox 789 2624 873 2660; x_wconf 77' lang='lat' dir='ltr'><strong>Virgo</strong></span> <span class='ocrx_word' id='word_1_721' title='bbox 888 2632 950 2659; x_wconf 79' lang='lat' dir='ltr'><strong>qua:</strong></span> <span class='ocrx_word' id='word_1_722' title='bbox 964 2629 1006 2651; x_wconf 88' lang='lat' dir='ltr'><strong>ta-</strong></span> 
     </span>
    </p>
   </div>
   <div class='ocr_carea' id='block_1_102' title="bbox 223 2670 1008 2710">
    <p class='ocr_par' dir='ltr' id='par_1_102' title="bbox 223 2670 1008 2710">
     <span class='ocr_line' id='line_1_102' title="bbox 223 2670 1008 2710; baseline -0.01 -6"><span class='ocrx_word' id='word_1_723' title='bbox 223 2678 275 2704; x_wconf 89' lang='lat' dir='ltr'><strong>lem</strong></span> <span class='ocrx_word' id='word_1_724' title='bbox 291 2677 363 2703; x_wconf 89' lang='lat' dir='ltr'><strong>illius</strong></span> <span class='ocrx_word' id='word_1_725' title='bbox 377 2675 559 2710; x_wconf 85' lang='lat' dir='ltr'><strong>suspicionem</strong></span> <span class='ocrx_word' id='word_1_726' title='bbox 582 2677 704 2700; x_wconf 81' lang='lat' dir='ltr'><strong>avertere</strong></span> <span class='ocrx_word' id='word_1_727' title='bbox 728 2670 870 2698; x_wconf 85' lang='lat' dir='ltr'><strong>valebant:</strong></span> <span class='ocrx_word' id='word_1_728' title='bbox 886 2670 948 2697; x_wconf 70' lang='lat' dir='ltr'><strong>vita:</strong></span> <span class='ocrx_word' id='word_1_729' title='bbox 961 2677 1008 2696; x_wconf 85' lang='lat' dir='ltr'><strong>ac-</strong></span> 
     </span>
    </p>
   </div>
   <div class='ocr_carea' id='block_1_103' title="bbox 223 2716 1008 2757">
    <p class='ocr_par' dir='ltr' id='par_1_103' title="bbox 223 2716 1008 2757">
     <span class='ocr_line' id='line_1_103' title="bbox 223 2716 1008 2757; baseline -0.01 -6"><span class='ocrx_word' id='word_1_730' title='bbox 223 2729 346 2751; x_wconf 72' lang='lat' dir='ltr'><strong>curatam</strong></span> <span class='ocrx_word' id='word_1_731' title='bbox 360 2721 537 2757; x_wconf 85' lang='lat' dir='ltr'><strong>diligentiam,</strong></span> <span class='ocrx_word' id='word_1_732' title='bbox 557 2719 711 2748; x_wconf 82' lang='lat' dir='ltr'><strong>studiorum</strong></span> <span class='ocrx_word' id='word_1_733' title='bbox 725 2716 1008 2750; x_wconf 77' lang='lat' dir='ltr'><strong>sanetimoniam,dis-</strong></span> 
     </span>
    </p>
   </div>
   <div class='ocr_carea' id='block_1_104' title="bbox 259 2802 449 2832">
    <p class='ocr_par' dir='ltr' id='par_1_104' title="bbox 259 2802 449 2832">
     <span class='ocr_line' id='line_1_104' title="bbox 259 2802 449 2832; baseline -0.011 -2"><span class='ocrx_word' id='word_1_734' title='bbox 259 2804 280 2820; x_wconf 70' lang='grc'><strong>⁵⁷</strong></span> <span class='ocrx_word' id='word_1_735' title='bbox 297 2802 364 2830; x_wconf 83' lang='lat' dir='ltr'><strong>Luc.</strong></span> <span class='ocrx_word' id='word_1_736' title='bbox 383 2809 406 2832; x_wconf 79' lang='grc' dir='ltr'><strong>ν,</strong></span> <span class='ocrx_word' id='word_1_737' title='bbox 423 2802 449 2828; x_wconf 72' lang='grc'><strong>4.</strong></span> 
     </span>
    </p>
   </div>
   <div class='ocr_carea' id='block_1_105' title="bbox 1059 2217 1850 2256">
    <p class='ocr_par' dir='ltr' id='par_1_105' title="bbox 1059 2217 1850 2256">
     <span class='ocr_line' id='line_1_105' title="bbox 1059 2217 1850 2256; baseline 0.003 -10"><span class='ocrx_word' id='word_1_738' title='bbox 1059 2229 1067 2246; x_wconf 89' lang='lat' dir='ltr'><strong>t</strong></span> <span class='ocrx_word' id='word_1_739' title='bbox 1078 2219 1229 2255; x_wconf 77' lang='grc' dir='ltr'>Ἦὸουλήθη</span> <span class='ocrx_word' id='word_1_740' title='bbox 1245 2220 1310 2254; x_wconf 83' lang='grc' dir='ltr'>γὰρ,</span> <span class='ocrx_word' id='word_1_741' title='bbox 1322 2219 1401 2255; x_wconf 76' lang='grc' dir='ltr'>φησὶ,</span> <span class='ocrx_word' id='word_1_742' title='bbox 1413 2219 1500 2256; x_wconf 81' lang='grc' dir='ltr'>λάθρα</span> <span class='ocrx_word' id='word_1_743' title='bbox 1511 2219 1646 2246; x_wconf 81' lang='grc' dir='ltr'>ἀπολῦσαι</span> <span class='ocrx_word' id='word_1_744' title='bbox 1659 2217 1753 2256; x_wconf 81' lang='grc' dir='ltr'>αὑτήν·</span> <span class='ocrx_word' id='word_1_745' title='bbox 1764 2229 1775 2246; x_wconf 71' lang='grc' dir='ltr'><strong>ι</strong></span> <span class='ocrx_word' id='word_1_746' title='bbox 1793 2222 1850 2248; x_wconf 75' lang='grc' dir='ltr'><strong>οὐκ</strong></span> 
     </span>
    </p>
   </div>
   <div class='ocr_carea' id='block_1_106' title="bbox 1056 2264 1850 2303">
    <p class='ocr_par' dir='ltr' id='par_1_106' title="bbox 1056 2264 1850 2303">
     <span class='ocr_line' id='line_1_106' title="bbox 1056 2264 1850 2303; baseline 0.001 -12"><span class='ocrx_word' id='word_1_747' title='bbox 1056 2265 1089 2292; x_wconf 84' lang='grc' dir='ltr'>ἂν</span> <span class='ocrx_word' id='word_1_748' title='bbox 1101 2264 1164 2291; x_wconf 79' lang='grc' dir='ltr'>οὔτε</span> <span class='ocrx_word' id='word_1_749' title='bbox 1189 2264 1278 2301; x_wconf 85' lang='grc' dir='ltr'>λάθρα</span> <span class='ocrx_word' id='word_1_750' title='bbox 1294 2264 1415 2300; x_wconf 84' lang='grc' dir='ltr'>δηλονότι</span> <span class='ocrx_word' id='word_1_751' title='bbox 1431 2264 1492 2292; x_wconf 70' lang='grc' dir='ltr'>οὔτε</span> <span class='ocrx_word' id='word_1_752' title='bbox 1507 2266 1574 2297; x_wconf 82' lang='grc' dir='ltr'>ὅλως</span> <span class='ocrx_word' id='word_1_753' title='bbox 1587 2265 1728 2301; x_wconf 76' lang='grc' dir='ltr'>ἐκπέμψαι</span> <span class='ocrx_word' id='word_1_754' title='bbox 1742 2265 1850 2303; x_wconf 81' lang='grc' dir='ltr'>βουλη-</span> 
     </span>
    </p>
   </div>
   <div class='ocr_carea' id='block_1_107' title="bbox 1055 2310 1848 2347">
    <p class='ocr_par' dir='ltr' id='par_1_107' title="bbox 1055 2310 1848 2347">
     <span class='ocr_line' id='line_1_107' title="bbox 1055 2310 1848 2347; baseline 0 -9"><span class='ocrx_word' id='word_1_755' title='bbox 1055 2310 1122 2343; x_wconf 79' lang='grc' dir='ltr'>θεὶς,</span> <span class='ocrx_word' id='word_1_756' title='bbox 1131 2312 1155 2338; x_wconf 83' lang='grc' dir='ltr'><strong>εί</strong></span> <span class='ocrx_word' id='word_1_757' title='bbox 1165 2311 1240 2338; x_wconf 78' lang='grc' dir='ltr'>νόθου</span> <span class='ocrx_word' id='word_1_758' title='bbox 1252 2311 1336 2346; x_wconf 80' lang='grc' dir='ltr'>γονῆς</span> <span class='ocrx_word' id='word_1_759' title='bbox 1344 2311 1391 2338; x_wconf 80' lang='grc' dir='ltr'>τὸν</span> <span class='ocrx_word' id='word_1_760' title='bbox 1401 2310 1483 2346; x_wconf 80' lang='grc' dir='ltr'>ὗγκον</span> <span class='ocrx_word' id='word_1_761' title='bbox 1492 2311 1637 2338; x_wconf 71' lang='grc' dir='ltr'>ἐπέπειστο</span> <span class='ocrx_word' id='word_1_762' title='bbox 1647 2310 1698 2346; x_wconf 82' lang='grc' dir='ltr'>τῆς</span> <span class='ocrx_word' id='word_1_763' title='bbox 1712 2313 1848 2347; x_wconf 79' lang='grc' dir='ltr'>γαστρός·</span> 
     </span>
    </p>
   </div>
   <div class='ocr_carea' id='block_1_108' title="bbox 1055 2356 1850 2393">
    <p class='ocr_par' dir='ltr' id='par_1_108' title="bbox 1055 2356 1850 2393">
     <span class='ocr_line' id='line_1_108' title="bbox 1055 2356 1850 2393; baseline -0.001 -10"><span class='ocrx_word' id='word_1_764' title='bbox 1055 2356 1122 2384; x_wconf 83' lang='grc' dir='ltr'>ἀλλὰ</span> <span class='ocrx_word' id='word_1_765' title='bbox 1137 2357 1291 2384; x_wconf 82' lang='grc' dir='ltr'>τούναντίον</span> <span class='ocrx_word' id='word_1_766' title='bbox 1308 2356 1412 2389; x_wconf 88' lang='grc' dir='ltr'>δίκαιος</span> <span class='ocrx_word' id='word_1_767' title='bbox 1427 2356 1464 2383; x_wconf 83' lang='grc' dir='ltr'><strong>ὢν</strong></span> <span class='ocrx_word' id='word_1_768' title='bbox 1481 2357 1529 2383; x_wconf 78' lang='grc' dir='ltr'>καὶ</span> <span class='ocrx_word' id='word_1_769' title='bbox 1545 2356 1663 2392; x_wconf 76' lang='grc' dir='ltr'>ἐραστὴς</span> <span class='ocrx_word' id='word_1_770' title='bbox 1678 2359 1725 2383; x_wconf 77' lang='grc' dir='ltr'><strong>καί</strong></span> <span class='ocrx_word' id='word_1_771' title='bbox 1751 2365 1850 2393; x_wconf 75' lang='grc' dir='ltr'>παρα-</span> 
     </span>
    </p>
   </div>
   <div class='ocr_carea' id='block_1_109' title="bbox 1056 2402 1847 2439">
    <p class='ocr_par' dir='ltr' id='par_1_109' title="bbox 1056 2402 1847 2439">
     <span class='ocr_line' id='line_1_109' title="bbox 1056 2402 1847 2439; baseline 0.001 -9"><span class='ocrx_word' id='word_1_772' title='bbox 1056 2403 1153 2439; x_wconf 88' lang='grc' dir='ltr'>νομίαν</span> <span class='ocrx_word' id='word_1_773' title='bbox 1167 2403 1233 2435; x_wconf 73' lang='grc' dir='ltr'>εἴτις</span> <span class='ocrx_word' id='word_1_774' title='bbox 1248 2403 1326 2435; x_wconf 72' lang='grc' dir='ltr'>ἄλλος</span> <span class='ocrx_word' id='word_1_775' title='bbox 1343 2403 1442 2438; x_wconf 85' lang='grc' dir='ltr'>μισῶν,</span> <span class='ocrx_word' id='word_1_776' title='bbox 1455 2403 1531 2437; x_wconf 84' lang='grc' dir='ltr'>νόμῳ</span> <span class='ocrx_word' id='word_1_777' title='bbox 1548 2402 1580 2429; x_wconf 81' lang='grc' dir='ltr'>ἂν</span> <span class='ocrx_word' id='word_1_778' title='bbox 1593 2403 1640 2429; x_wconf 68' lang='grc' dir='ltr'><strong>καὶ</strong></span> <span class='ocrx_word' id='word_1_779' title='bbox 1655 2403 1777 2439; x_wconf 67' lang='grc' dir='ltr'>τιμωρίᾳ</span> <span class='ocrx_word' id='word_1_780' title='bbox 1794 2405 1847 2431; x_wconf 79' lang='grc' dir='ltr'>τοῦ</span> 
     </span>
    </p>
   </div>
   <div class='ocr_carea' id='block_1_110' title="bbox 1056 2448 1848 2491">
    <p class='ocr_par' dir='ltr' id='par_1_110' title="bbox 1056 2448 1848 2485">
     <span class='ocr_line' id='line_1_110' title="bbox 1056 2448 1848 2485; baseline -0.001 -8"><span class='ocrx_word' id='word_1_781' title='bbox 1056 2450 1146 2485; x_wconf 82' lang='grc' dir='ltr'>γάμου</span> <span class='ocrx_word' id='word_1_782' title='bbox 1174 2449 1223 2485; x_wconf 85' lang='grc' dir='ltr'><strong>τὴν</strong></span> <span class='ocrx_word' id='word_1_783' title='bbox 1256 2449 1370 2484; x_wconf 83' lang='grc' dir='ltr'>κλοπὴν,</span> <span class='ocrx_word' id='word_1_784' title='bbox 1402 2448 1474 2475; x_wconf 81' lang='grc' dir='ltr'>λύων</span> <span class='ocrx_word' id='word_1_785' title='bbox 1487 2457 1516 2474; x_wconf 83' lang='grc' dir='ltr'><strong>τε</strong></span> <span class='ocrx_word' id='word_1_786' title='bbox 1529 2449 1621 2475; x_wconf 82' lang='grc' dir='ltr'>πᾶσαν</span> <span class='ocrx_word' id='word_1_787' title='bbox 1648 2448 1776 2475; x_wconf 82' lang='grc' dir='ltr'>ὑπόνοιαν</span> <span class='ocrx_word' id='word_1_788' title='bbox 1801 2451 1848 2482; x_wconf 80' lang='grc' dir='ltr'><strong>εἰς</strong></span> 
     </span>
    </p>
   </div>
   <div class='ocr_carea' id='block_1_111' title="bbox 1038 2494 1848 2531">
    <p class='ocr_par' dir='ltr' id='par_1_111' title="bbox 1038 2494 1848 2531">
     <span class='ocr_line' id='line_1_111' title="bbox 1038 2494 1848 2531; baseline -0.001 -8"><span class='ocrx_word' id='word_1_789' title='bbox 1038 2496 1138 2523; x_wconf 83' lang='grc' dir='ltr'>-αὐτδν</span> <span class='ocrx_word' id='word_1_790' title='bbox 1163 2495 1353 2530; x_wconf 76' lang='grc' dir='ltr'>ἀναφυομένην</span> <span class='ocrx_word' id='word_1_791' title='bbox 1381 2494 1512 2530; x_wconf 68' lang='grc' dir='ltr'><strong>πονηρὰν1</strong></span> <span class='ocrx_word' id='word_1_792' title='bbox 1528 2495 1575 2520; x_wconf 66' lang='lat' dir='ltr'><strong>xui.</strong></span> <span class='ocrx_word' id='word_1_793' title='bbox 1596 2494 1642 2520; x_wconf 73' lang='grc' dir='ltr'>τοῦ</span> <span class='ocrx_word' id='word_1_794' title='bbox 1663 2494 1768 2521; x_wconf 80' lang='grc' dir='ltr'>δικαίου</span> <span class='ocrx_word' id='word_1_795' title='bbox 1792 2497 1848 2531; x_wconf 71' lang='grc' dir='ltr'>τὴν</span> 
     </span>
    </p>
   </div>
   <div class='ocr_carea' id='block_1_112' title="bbox 1056 2539 1848 2578">
    <p class='ocr_par' dir='ltr' id='par_1_112' title="bbox 1056 2539 1848 2578">
     <span class='ocr_line' id='line_1_112' title="bbox 1056 2539 1848 2578; baseline -0.004 -8"><span class='ocrx_word' id='word_1_796' title='bbox 1056 2542 1226 2578; x_wconf 82' lang='grc' dir='ltr'>προστασίαν</span> <span class='ocrx_word' id='word_1_797' title='bbox 1237 2542 1268 2567; x_wconf 83' lang='grc' dir='ltr'>οὐ</span> <span class='ocrx_word' id='word_1_798' title='bbox 1282 2540 1436 2576; x_wconf 84' lang='grc' dir='ltr'>προδιδούς·</span> <span class='ocrx_word' id='word_1_799' title='bbox 1451 2540 1520 2566; x_wconf 71' lang='grc' dir='ltr'>ἀλλὰ</span> <span class='ocrx_word' id='word_1_800' title='bbox 1543 2539 1624 2566; x_wconf 80' lang='grc' dir='ltr'>τοῦτο</span> <span class='ocrx_word' id='word_1_801' title='bbox 1640 2539 1689 2574; x_wconf 75' lang='grc' dir='ltr'>μὲν</span> <span class='ocrx_word' id='word_1_802' title='bbox 1711 2539 1848 2574; x_wconf 78' lang='grc' dir='ltr'>οῡμενουν</span> 
     </span>
    </p>
   </div>
   <div class='ocr_carea' id='block_1_113' title="bbox 1056 2586 1848 2622">
    <p class='ocr_par' dir='ltr' id='par_1_113' title="bbox 1056 2586 1848 2622">
     <span class='ocr_line' id='line_1_113' title="bbox 1056 2586 1848 2622; baseline -0.004 -6"><span class='ocrx_word' id='word_1_803' title='bbox 1056 2589 1172 2621; x_wconf 82' lang='grc' dir='ltr'>οὐδόλως</span> <span class='ocrx_word' id='word_1_804' title='bbox 1197 2588 1358 2614; x_wconf 75' lang='grc' dir='ltr'>ὲπέπειστο’</span> <span class='ocrx_word' id='word_1_805' title='bbox 1385 2586 1484 2618; x_wconf 83' lang='grc' dir='ltr'>πολλὰς</span> <span class='ocrx_word' id='word_1_806' title='bbox 1513 2586 1597 2622; x_wconf 76' lang='grc' dir='ltr'>γὰρὴ</span> <span class='ocrx_word' id='word_1_807' title='bbox 1632 2586 1770 2622; x_wconf 82' lang='grc' dir='ltr'>Παρθένος</span> <span class='ocrx_word' id='word_1_808' title='bbox 1795 2588 1848 2620; x_wconf 64' lang='grc' dir='ltr'><strong>τὰς</strong></span> 
     </span>
    </p>
   </div>
   <div class='ocr_carea' id='block_1_114' title="bbox 1059 2632 1848 2669">
    <p class='ocr_par' dir='ltr' id='par_1_114' title="bbox 1059 2632 1848 2669">
     <span class='ocr_line' id='line_1_114' title="bbox 1059 2632 1848 2669; baseline -0.003 -7"><span class='ocrx_word' id='word_1_809' title='bbox 1059 2635 1175 2669; x_wconf 79' lang='grc' dir='ltr'>πίστεις,</span> <span class='ocrx_word' id='word_1_810' title='bbox 1189 2635 1218 2661; x_wconf 84' lang='grc' dir='ltr'>αἳ</span> <span class='ocrx_word' id='word_1_811' title='bbox 1237 2635 1286 2669; x_wconf 84' lang='grc' dir='ltr'>τὴν</span> <span class='ocrx_word' id='word_1_812' title='bbox 1300 2633 1429 2668; x_wconf 82' lang='grc' dir='ltr'>τοιαύτην</span> <span class='ocrx_word' id='word_1_813' title='bbox 1461 2632 1543 2659; x_wconf 71' lang='grc' dir='ltr'>αὑτοῦ</span> <span class='ocrx_word' id='word_1_814' title='bbox 1559 2632 1693 2668; x_wconf 61' lang='grc' dir='ltr'>ὑπόληψιν</span> <span class='ocrx_word' id='word_1_815' title='bbox 1723 2633 1848 2669; x_wconf 73' lang='grc' dir='ltr'>ἀφῄρουν</span> 
     </span>
    </p>
   </div>
   <div class='ocr_carea' id='block_1_115' title="bbox 1059 2679 1847 2716">
    <p class='ocr_par' dir='ltr' id='par_1_115' title="bbox 1059 2679 1847 2716">
     <span class='ocr_line' id='line_1_115' title="bbox 1059 2679 1847 2716; baseline -0.003 -8"><span class='ocrx_word' id='word_1_816' title='bbox 1059 2683 1185 2716; x_wconf 78' lang='grc' dir='ltr'>παρεῖχε,</span> <span class='ocrx_word' id='word_1_817' title='bbox 1214 2681 1263 2716; x_wconf 82' lang='grc' dir='ltr'>τὴν</span> <span class='ocrx_word' id='word_1_818' title='bbox 1293 2679 1438 2715; x_wconf 77' lang='grc' dir='ltr'>ἀκρίϐειαν</span> <span class='ocrx_word' id='word_1_819' title='bbox 1450 2679 1497 2706; x_wconf 79' lang='grc' dir='ltr'>τοῦ</span> <span class='ocrx_word' id='word_1_820' title='bbox 1521 2679 1589 2714; x_wconf 69' lang='grc' dir='ltr'>βίον.</span> <span class='ocrx_word' id='word_1_821' title='bbox 1606 2680 1657 2715; x_wconf 81' lang='grc' dir='ltr'>τῆς</span> <span class='ocrx_word' id='word_1_822' title='bbox 1671 2680 1847 2716; x_wconf 64' lang='grc' dir='ltr'>ἀναστροψῆς</span> 
     </span>
    </p>
   </div>
   <div class='ocr_carea' id='block_1_116' title="bbox 1060 2723 1847 2762">
    <p class='ocr_par' dir='ltr' id='par_1_116' title="bbox 1060 2723 1847 2762">
     <span class='ocr_line' id='line_1_116' title="bbox 1060 2723 1847 2762; baseline -0.001 -9"><span class='ocrx_word' id='word_1_823' title='bbox 1060 2727 1108 2762; x_wconf 86' lang='grc' dir='ltr'>τὴν</span> <span class='ocrx_word' id='word_1_824' title='bbox 1137 2723 1476 2762; x_wconf 77' lang='grc' dir='ltr'>σεμνότητα,τὺκαθαρδν</span> <span class='ocrx_word' id='word_1_825' title='bbox 1500 2724 1550 2760; x_wconf 82' lang='grc' dir='ltr'>τῆς</span> <span class='ocrx_word' id='word_1_826' title='bbox 1578 2725 1693 2761; x_wconf 80' lang='grc' dir='ltr'>διαίτης,</span> <span class='ocrx_word' id='word_1_827' title='bbox 1719 2725 1766 2752; x_wconf 72' lang='grc' dir='ltr'>καὶ</span> <span class='ocrx_word' id='word_1_828' title='bbox 1791 2726 1847 2760; x_wconf 63' lang='grc' dir='ltr'><strong>πρὸ</strong></span> 
     </span>
    </p>
   </div>
  </div>
