1882 3075
35 91 86 122 155

532 91 582 121 AD
600 90 900 121 AMPHILOCHIUM
919 91 1092 127 QUIESTIO
1108 91 1206 122 XXII.

1615 93 1666 126 166

31 147 136 174 satiram:
146 147 178 172 τδ
189 147 223 172 ἐκ
238 144 369 180 λαμπροῦ
391 145 487 179 γένους
511 144 654 178 προελθεῖν
670 144 828 180 (βασιλικῆς

891 144 990 179 :iplinaa
1025 145 1182 180 puritatem,
1198 150 1225 172 et
1238 150 1300 172 ante
1312 146 1403 173 omnia
1427 145 1500 174 illius
1519 154 1553 174 ex
1568 147 1665 175 illustri

29 195 80 227 γὰρ
97 192 149 218 καὶ
167 191 315 226 ἱερατικῆς
323 191 458 226 κατήγετο
469 190 579 226 φυλῆς),
591 189 639 225 τὴν
654 191 683 216 ἐν
695 190 760 225 ἱερῷ
775 190 826 224 τῆς

29 239 144 273 πρώτης
156 237 269 272 ἡλικίας
278 238 436 272 ἀνιέρωσιν·
447 236 533 263 ταῦτα
547 237 594 263 καὶ
604 236 709 263 τούτων
718 236 830 262 πλείονα

28 284 146 319 μακρὰν
164 283 296 314 ὑπονοίας
310 283 371 318 οὐχὶ
382 283 432 317 τῆς
448 282 555 317 ὁρώσης
568 283 609 313 είς
634 282 759 314 εὐθύνας,
772 281 830 308 ἀλλ’

25 330 85 356 οὐδὲ
98 330 154 364 τῆς
166 330 198 355 τδ
211 329 338 363 ἀπρεπὲς
371 328 576 363 εὐλαϐουμένης
587 327 634 354 τὸν
667 327 830 363 πρεσϐύτην

27 374 133 400 ἐποίει·
149 374 214 400 οὐδὲ
240 375 330 400 ἐκεῖνο
344 374 373 400 δὲ
388 374 469 400 πάλιν
499 373 558 409 ᾔδει
582 373 631 408 τὴν
654 372 753 408 κύησιν
779 373 831 407 τῆς

27 420 103 450 θείας
119 419 266 453 ἐνεργείας
276 417 347 446 εἶναι
358 427 364 433 ·
376 420 445 454 ὑπὲρ
461 419 567 445 ἔννοιαν
584 418 637 454 γὰρ
653 417 828 453 ἀνθρωπίνην

28 467 72 491 καὶ
88 466 174 499 λόγον
191 466 303 492 ἅπαντα
318 466 368 500 τῆς
394 466 458 500 περὶ
478 466 553 500 ἡμᾶς
572 464 642 490 Θεοῦ
662 464 828 500 κηδεμονίας

27 513 53 537 τὴ
66 512 154 546 ἔργον
169 512 292 547 ὑπῆρχε.
312 511 414 546 Διόπερ
428 511 491 542 τοὺς
505 510 653 546 λογισμοὺς
668 509 829 546 ἐνοχλούμε-

28 567 79 589 νος,
100 558 156 584 οὐκ
169 555 231 592 εἶχε
244 559 360 592 συνορᾷν
375 558 444 593 ὅπερ
458 557 719 592 (ἰν-διαπραξάμενος
734 557 785 592 τήν
799 565 829 583 τε

29 606 71 631 τοῦ
85 606 201 632 δικαίου
225 606 262 641 μὴ
281 605 437 641 καθυϐρίσῃ
449 605 556 641 κλῆσιν,
574 605 622 632 καὶ
646 605 705 639 Θεῷ
721 605 830 632 συνδια-

30 653 121 683 etiam
134 652 168 678 τὺ
179 652 330 686 εὐάρεστον
343 651 453 686 ὀφθείη.

62 697 126 722 Ὀτε
155 696 251 722 τοίνυν
266 697 296 722 ἐν
308 697 364 726 τοῖς
392 696 523 727 τοιούτοις
549 695 722 728 διεκλονεῖτο,
752 695 828 730 καὶή

29 742 91 776 πρδις
107 742 232 775 Θάτερον
243 741 315 776 ῥοπὴ
336 741 387 775 τῆς
401 741 573 776 ἀνθρωπίνης
602 741 722 776 κρίσεως
740 740 827 767 αὐτὸν

29 787 213 818 ἐπελελοίπει,
231 787 291 813 τότε
308 787 370 812 λίαν
387 787 525 821 ἁρμοδίως
543 787 590 813 καὶ
608 787 679 813 κατὰ
703 785 799 821 καιρὸν
811 786 826 813 ὁ

29 833 141 867 ἄγγελος
155 830 211 868 ἧκε
232 832 369 868 στηρίζων
385 831 467 858 αὑτοῦ
491 832 542 867 τὴν
566 833 753 867 κεκινημένην
766 832 826 859 διά-
840 818 864 848 Β

30 886 109 909 -ιοιαν,
127 877 177 912 ἐφ’
192 874 280 911 οὗπερ
297 877 351 902 ἔδει
373 877 462 910 μένειν
491 876 651 911 ἀκλόνητον,
667 877 714 903 καί
730 884 822 912 φησιν·

31 933 38 947 ι
50 924 151 957 Ἰωσὴφ
165 923 226 954 υίὸς
237 922 330 952 Δαὸὶδ,
343 922 381 957 μὴ
397 922 519 957 φοϐηθῇς
528 923 698 957 παραλαϐεῖν
709 923 827 958 Μαριὰμ

29 970 73 1003 τὴν
96 969 224 1003 γυναῖκα
250 977 314 996 σου·
337 968 367 995 τὸ
392 969 445 1004 γὰρ
475 970 504 995 ἐν
529 969 598 1004 αὐτῇ
626 969 770 1005 γεννηθὲν,
794 970 827 996 ἐκ

30 1015 192 1049 Πίεύματὸς
207 1016 286 1041 ἐστιν
299 1015 380 1049 ἁγίου
390 1023 397 1031 ·
420 1015 525 1046 τέξεται
550 1015 578 1041 δὲ
600 1015 668 1044 υίὺν,
681 1016 730 1041 καὶ
745 1015 825 1042 καλέ-

30 1070 81 1091 σεις
88 1062 120 1087 τὸ
131 1061 226 1095 ὄνομα
236 1060 320 1087 αὐτοῦ
329 1060 443 1095 Ἰησοῦν·
455 1070 465 1086 ι
476 1060 584 1096 μηκέτι,
593 1061 687 1094 φησὶν,
698 1061 746 1095 τῆς
758 1061 826 1096 ἀμη-

30 1107 118 1140 χανίας
147 1106 216 1137 ἔσο,
239 1105 307 1140 μηδέ
336 1114 366 1131 σε
395 1104 470 1138 δόξαι
496 1106 652 1141 μαχόμεναι
686 1105 825 1140 διαπορεῖν

29 1151 257 1176 ἀπιπειθὲτωσαν
272 1150 302 1176 τὸ
324 1150 480 1184 πρακτέον·
511 1151 545 1176 ὲκ
569 1149 728 1184 Πνεύματός
752 1151 826 1177 ἐστιν

31 1198 101 1229 ἁγίου
116 1196 148 1222 τὸ
178 1197 210 1222 ὲν
246 1196 315 1231 αὐτῇ
348 1196 495 1231 γεννηθέν·
518 1197 596 1230 ἁγίου
617 1196 645 1223 δὲ
666 1197 826 1232 Πνεύματος

32 1242 177 1277 πεφυτία,
205 1241 258 1268 καὶ
286 1241 394 1276 θέλημα
414 1243 525 1278 σαρκὸς,
547 1243 597 1269 οὐκ
625 1239 679 1270 οἷόν
691 1243 721 1269 τὲ
739 1243 824 1276 ἐστιν,

30 1289 81 1315 οὲξὲ
94 1298 125 1316 σε
146 1289 279 1323 λέληθεν,
309 1289 350 1320 εἰς
365 1289 395 1314 ἓν
418 1289 565 1321 συνελθεῖν,
592 1289 653 1315 οὐδὲ
674 1290 724 1324 τὴν
739 1289 825 1325 αὐτὴν

31 1334 228 1366 ἑξοαειοῦσθαι
236 1333 348 1369 πρᾶξιν·
364 1333 514 1368 παράδοξος
524 1335 538 1361 ὁ
546 1334 637 1368 λόγος,
653 1334 721 1361 ἀλλὰ
733 1343 825 1370 παρα-

29 1381 163 1417 δοξοτέρου
177 1381 264 1407 τόκου
281 1381 355 1406 ἐστὶν
375 1380 534 1414 εὐαγγέλιον
547 1387 553 1394 ·
571 1389 581 1405 ι
601 1381 649 1407 Ἐκ
665 1380 825 1415 Πνεῦματός

31 1427 95 1452 ἐςτιν
102 1426 201 1460 ἁγίου,
209 1434 221 1451 ι
233 1425 282 1451 καὶ
295 1424 423 1456 «Τέξεται
433 1424 499 1451 υἱόν·
507 1434 516 1450 ι
529 1424 580 1459 ὅρα
587 1426 635 1451 καὶ
645 1425 753 1460 πρὸτῆς
761 1433 824 1458 γεν-

30 1474 124 1508 νήσεως
136 1473 190 1499 τὸν
204 1472 277 1498 υἱόν·
290 1471 338 1498 καὶ
351 1471 526 1505 γεννηθέντος
539 1471 609 1497 ἔστω
624 1479 665 1498 σοι
675 1472 825 1507 τεκμήριον
838 1489 861 1519 C

30 1519 70 1544 τοῦ
89 1517 314 1552 ἐκϐεϐηκότοςὴ
332 1517 484 1552 πρόρρησις
509 1516 557 1543 καὶ
584 1516 636 1551 τῆς
663 1517 747 1552 ἄλλης
770 1517 824 1544 τῶν

31 1563 205 1597 Εὖαγγελίων
236 1562 369 1597 ἀληθείας
382 1571 390 1578 ·
407 1563 421 1588 ὁ
434 1562 487 1597 γὰρ
518 1562 560 1588 ἔτι
586 1563 616 1588 τὸ
635 1564 824 1598 κρυπτόμενον

30 1613 54 1637 ἐν
63 1614 116 1642 τοῖς
134 1611 281 1644 θαλάμοις
295 1610 345 1644 τῆς
358 1609 466 1643 φύσεως
487 1609 535 1635 καὶ
547 1608 625 1640 εἰδὼς
641 1609 690 1636 καὶ
704 1618 825 1644 προανα-
843 1602 851 1612 “

30 1659 168 1694 “lt-‘9'}:th
185 1658 261 1689 υἱὸν,
276 1654 354 1688 οὗτος
369 1657 416 1684 καὶ
438 1657 562 1692 τεχνίτης
576 1657 673 1691 γέγονε
691 1658 742 1692 τῆς
759 1657 824 1684 ἄνευ

32 1706 127 1739 σπορᾶς
157 1705 237 1739 ὕπερ
262 1704 342 1737 λόγον
359 1703 610 1739 δημιουργηθείσης
640 1703 750 1738 σαρκὸς,
777 1703 825 1730 καὶ¹

32 1751 73 1785 τῆς
88 1751 250 1787 παρθενίας
276 1749 376 1784 φύλαξ,
392 1749 486 1784 ὥσπερ
499 1748 567 1784 μετὰ
583 1749 630 1775 τὸν
646 1749 737 1779 τόκον,
752 1747 824 1774 οὕτω

32 1798 71 1823 12‘.
96 1797 150 1831 πρὸ
167 1796 220 1822 τοῦ
238 1797 321 1822 τόκου
337 1795 376 1830 μὴ
391 1795 507 1822 διαλύων
524 1795 557 1821 τὰ
577 1795 730 1829 σήμαντρα.
745 1803 755 1820 ‹
769 1793 824 1820 Καὶ

32 1842 149 1872 καλέσεις
163 1841 197 1867 τὺ
213 1840 306 1874 ὄνομα
320 1840 405 1867 αὐτοῦ
424 1839 526 1875 Ἰησοῦν
537 1848 543 1854 ·
557 1849 566 1865 ι
582 1839 649 1866 ἀλλὰ
665 1839 712 1865 καὶ
725 1840 741 1874 ὴ
759 1838 824 1874 κλῆ-

32 1894 66 1916 ςις
80 1886 187 1912 ἄνωθεν
208 1886 270 1921 ἔχει
285 1885 335 1921 τὴν
354 1886 456 1921 κρίσιν·
480 1884 584 1920 Ἰησοῦς
595 1884 649 1919 γὰρ
664 1894 672 1910 ι
683 1885 723 1910 ὅτι
742 1883 823 1910 σώσει

31 1932 70 1957 τὴν
81 1932 142 1958 λαὸν
171 1931 275 1958 αὐτοῦ,
292 1940 301 1957 ι
313 1945 350 1952 ι-
366 1941 375 1957 1
391 1930 436 1966 Μὴ
448 1930 571 1966 φοϐηθῇς
583 1930 752 1966 παραλαϐεῖν
764 1930 824 1956 Μα-

32 1978 93 2012 ριὰμ
103 1979 155 2012 τὴν
170 1979 298 2012 γυναῖκα
311 1986 370 2004 σου.
384 1987 393 2002 ι
413 1977 506 2003 Ταῦτα
522 1977 576 2012 γὰρ
589 1977 620 2003 οὐ
637 1976 727 2003 πάντα
741 1975 823 2011 μόνον

31 2026 185 2059 ἀφαιρεῖται
208 2024 305 2058 φόϐον,
335 2023 405 2051 ἀλλὰ
418 2023 465 2050 καὶ¹
481 2023 604 2058 μεγάλης
628 2022 763 2057 θυμηδίας
776 2022 822 2048 καὶ

31 2070 139 2097 ἐλπίδων
150 2069 330 2097 ἀνελπίστων
340 2068 483 2104 χαρίζεται
491 2068 616 2095 πλοῦτονο
628 2068 687 2102 «Μὴ
700 2067 823 2103 φοϐηθῇς

30 2116 197 2150 κραλαὸεἰν
215 2114 335 2149 Μαριὰμ
350 2114 400 2149 τὴν
416 2114 533 2148 γυναῖκά
546 2122 622 2140 σου.)
639 2113 758 2139 Γυναῖκα
772 2113 821 2148 σὴν

887 198 986 226 genere
999 195 1088 218 ortum
1105 191 1148 226 (ex
1163 191 1235 218 tribu
1252 199 1348 226 nempe
1362 191 1436 226 regia
1452 197 1479 220 et
1504 193 1666 221 sacerdotali

882 241 945 264 nata
956 237 1038 271 erat),
1053 238 1112 272 ejus
1124 238 1150 264 in
1164 237 1288 272 temploa
1298 239 1399 266 teneris
1415 240 1665 274 consecrationem;

881 283 941 311 haec
964 289 992 311 et
1017 283 1058 311 his
1075 284 1153 318 plura
1179 284 1268 311 adhuc
1290 284 1369 320 longe
1394 292 1410 312 a
1434 285 1590 320 suspicione
1610 293 1665 312 non

881 333 988 356 tantum
1005 328 1039 356 ad
1056 329 1258 356 accusationem
1273 329 1411 364 tendente,
1424 330 1471 358 sed
1493 331 1574 358 etiam
1589 331 1667 359 inde-

881 375 997 402 ccntiam
1011 374 1190 408 formidante,
1207 382 1298 402 senem
1317 376 1501 403 removebant.
1516 371 1567 404 Sed
1579 384 1667 412 neque

881 427 978 447 rursus
991 420 1095 447 sciebat
1108 420 1177 447 hanc
1190 420 1394 454 conceptionem
1404 420 1496 448 divina
1509 422 1666 456 operatione

880 464 1016 497 cliectam,
1027 472 1110 499 supra
1124 465 1257 492 rationem
1270 465 1342 492 enim
1354 470 1380 493 et
1394 473 1505 493 sensum
1515 467 1665 495 humanum

880 515 924 538 est
942 510 988 538 Dei
1014 511 1039 536 in
1063 518 1114 537 nos
1135 511 1330 538 misericordiae
1352 519 1432 547 opus.
1459 512 1553 548 Itaque
1577 519 1666 541 mente

879 558 1042 584 conturbata
1061 564 1117 583 non
1132 557 1238 584 valebat
1253 557 1403 592 intelligere
1423 559 1488 593 quid
1507 558 1620 591 faceret,
1637 565 1667 587 ut

878 603 945 638 justi
968 603 1178 637 appellationem
1204 611 1258 631 non
1285 603 1409 638 foedaret,
1431 610 1458 633 et
1479 604 1536 633 Deo
1559 606 1666 641 placere

878 653 1076 684 perseveraret.

914 694 983 721 Cum
998 694 1081 729 igitur
1103 694 1202 721 talibus
1222 695 1445 730 perlurbaretur.
1465 702 1513 722 nec
1525 695 1558 723 ad
1581 695 1664 722 ullam

878 745 984 775 partem
998 740 1113 767 humani
1126 740 1221 775 judieii
1239 746 1330 768 motus
1344 741 1419 767 illum
1431 741 1586 773 inclinaret,
1601 746 1665 771 tunc

879 791 941 821 apte
955 791 982 813 et
998 791 1152 822 opportune
1166 787 1240 814 venit
1253 787 1364 822 angelus
1385 788 1430 821 qui
1450 787 1578 821 agitatam
1605 787 1665 821 ejus

877 836 996 859 mentem
1011 832 1132 859 lirmaret
1144 837 1171 859 et
1187 832 1296 860 doceret
1310 833 1354 859 ubi
1364 833 1468 867 alisque
1483 832 1665 859 sollicitudine.

877 878 988 905 deberet
1000 877 1106 905 sedere.
1124 877 1157 904 Et
1170 878 1230 905 ait:
1250 887 1260 903 ‹
1276 878 1387 913 .loseph,
1399 878 1436 905 ﬁli
1453 878 1548 909 David,
1560 878 1615 905 noli
1631 879 1665 904 ti-

878 932 954 952 mere
968 924 1094 959 accipere
1115 923 1226 951 Mariam
1244 925 1386 960 conjugem
1403 929 1475 951 tuam
1486 933 1493 958 ;
1506 924 1578 959 quod
1590 924 1663 951 enim

877 969 905 996 in
918 976 950 996 ea
967 974 1061 996 natutn
1073 973 1124 1002 est,
1141 977 1157 996 e
1185 969 1288 1004 Spiritu
1303 974 1462 1003 sanctocst;
1476 970 1561 1004 pariet
1573 974 1662 996 autem

876 1015 962 1042 ﬁliuni
974 1019 1000 1042 et
1017 1015 1129 1042 vocabis
1144 1022 1243 1042 nomen
1257 1015 1317 1050 ejus
1329 1015 1421 1042 .Iesum
1433 1024 1439 1048 ;
1453 1024 1462 1041 ι
1481 1015 1596 1050 necjam
1612 1015 1662 1047 sis,

877 1060 974 1095 inquit.
990 1061 1113 1088 incertus
1129 1068 1217 1095 neque
1230 1065 1384 1095 pugnantes
1402 1060 1544 1087 sententiae
1565 1063 1594 1086 ιιι
1612 1060 1664 1086 du-

875 1107 946 1135 biles
972 1107 1156 1142 persuadeant
1173 1115 1179 1132 :
1198 1106 1272 1141 quod
1297 1105 1452 1133 faciendum
1475 1110 1516 1132 est
1530 1114 1545 1132 a
1559 1104 1661 1139 Spiritu

876 1157 972 1180 sancto
984 1158 1026 1180 est
1040 1152 1067 1179 in
1083 1160 1115 1180 ea
1131 1157 1236 1180 natum.
1264 1152 1383 1187 Spiritus
1405 1154 1491 1180 sancti
1510 1160 1575 1180 vero
1592 1161 1661 1188 pra:-

876 1198 962 1226 sentia
987 1203 1014 1225 et
1038 1197 1163 1225 voluntas
1189 1198 1280 1226 carnis
1305 1203 1462 1233 nequeunt,
1489 1203 1519 1225 ut
1541 1199 1605 1229 scis.
1634 1198 1660 1225 in

876 1251 961 1271 unum
979 1244 1126 1271 convenire
1143 1251 1230 1278 neque
1245 1244 1373 1271 eumdem
1397 1248 1486 1271 actutn
1505 1243 1557 1270 sibi
1573 1243 1660 1269 vindi-

875 1297 955 1322 care;
970 1289 1138 1317 incredibilis
1155 1297 1257 1321 sermo,
1273 1290 1320 1317 sed
1340 1289 1552 1317 incredibilioris
1567 1295 1662 1324 partus

875 1335 1045 1370 evangelium
1058 1341 1100 1363 est
1112 1345 1118 1362 :
1132 1345 1142 1361 ι
1157 1334 1193 1363 De
1206 1335 1308 1370 Spiritu
1318 1340 1413 1363 sancto
1426 1341 1493 1365 εει.»
1507 1340 1534 1361 et
1550 1345 1558 1360 ι
1573 1334 1662 1361 Pariet

876 1381 972 1409 illium.
988 1391 997 1407 ι
1018 1381 1086 1410 Vide
1100 1388 1127 1409 et
1143 1387 1208 1409 ante
1244 1382 1411 1409 nativitatem
1432 1381 1539 1414 lilium;
1555 1386 1581 1407 et
1599 1387 1661 1407 cum

876 1434 957 1455 natus
974 1428 1064 1461 fuerit,
1079 1428 1115 1456 sit
1130 1428 1178 1456 tibi
1199 1429 1226 1455 in
1243 1428 1431 1455 testimonium
1448 1434 1477 1453 ιιι
1500 1431 1527 1454 et
1540 1427 1572 1454 de
1585 1426 1662 1453 omni

876 1475 1078 1509 evangeliorum
1087 1474 1202 1502 veritate
1213 1495 1220 1507 ,
1232 1474 1313 1508 hujus
1323 1479 1435 1501 eventus
1449 1473 1599 1508 prtedictio.
1609 1472 1663 1505 Qui

876 1521 948 1548 enim
967 1520 1039 1555 quod
1057 1521 1149 1548 adhuc
1162 1521 1190 1548 in
1209 1521 1270 1548 sinu
1297 1525 1400 1548 natura:
1417 1519 1605 1547 absconditum
1621 1523 1664 1546 est

875 1571 902 1594 et
919 1567 971 1594 scit
982 1571 1008 1594 et
1030 1567 1194 1602 praenuntiat
1215 1567 1312 1600 illium,
1329 1567 1374 1594 ille
1394 1565 1490 1593 artifex
1516 1570 1558 1593 est
1581 1565 1662 1599 huius

875 1612 936 1640 sine
950 1612 1054 1640 semine
1070 1620 1154 1647 supra
1179 1613 1312 1639 ratiOnem
1332 1617 1430 1639 creatae
1452 1611 1554 1645 carnis,
1569 1616 1596 1638 et
1607 1611 1658 1638 vir-

875 1658 998 1693 ginitatis
1011 1663 1115 1690 custos,
1133 1662 1162 1686 ut
1175 1660 1239 1693 post
1251 1664 1370 1693 partum,
1384 1658 1424 1685 sic
1437 1663 1464 1685 et
1476 1662 1539 1685 ante
1553 1662 1660 1693 partutn

875 1702 964 1737 sigilla
976 1711 1030 1730 non
1045 1702 1137 1730 solvit.
1152 1711 1161 1728 ‹
1179 1703 1211 1729 Et
1224 1702 1335 1730 vocabis
1347 1709 1446 1730 nomen
1458 1702 1518 1736 ejus
1529 1702 1633 1730 Jesum.
1648 1712 1657 1728 ι

876 1749 928 1776 Sed
940 1753 968 1776 et
993 1750 1136 1784 appellatio
1157 1756 1235 1777 suam
1259 1749 1403 1776 desursum
1428 1749 1509 1776 habet
1522 1748 1659 1783 signiﬁca-

875 1794 991 1826 tionem;
1003 1793 1083 1822 Jesus
1095 1794 1179 1826 enim,
1189 1794 1268 1829 «quia
1279 1794 1396 1821 salvabit
1408 1794 1536 1829 populum
1549 1801 1639 1821 suum.
1648 1803 1657 1817 ι

874 1855 910 1862 -—
922 1849 932 1866 ί
950 1841 991 1868 Ne
1006 1842 1104 1869 timeas
1122 1841 1247 1876 accipere
1262 1841 1373 1868 Mariam
1386 1842 1529 1876 conjugem
1547 1845 1633 1867 tuam.
1647 1850 1656 1866 ι

875 1888 937 1916 Haec
953 1887 1025 1914 enim
1042 1894 1097 1914 non
1117 1887 1197 1914 modo
1217 1894 1325 1914 omnem
1343 1887 1441 1914 tollunt
1461 1887 1596 1920 timorem,
1611 1887 1657 1914 sed

874 1939 900 1962 et
915 1940 1020 1969 magna:
1037 1932 1136 1960 laetitia:
1155 1938 1183 1960 et
1204 1933 1349 1968 insperata;
1367 1931 1425 1966 spei
1444 1931 1599 1967 largiuntur
1614 1931 1657 1959 di-

874 1979 975 2006 vitias:
994 1986 1003 2003 ι
1030 1976 1070 2005 Ne
1096 1977 1194 2004 timeas
1222 1977 1345 2012 accipere
1375 1976 1487 2004 Mariam
1513 1976 1656 2011 conjugcm

874 2029 959 2052 tuam.
978 2033 987 2049 ι
1005 2023 1154 2059 Conjngem
1181 2028 1254 2050 tuam
1272 2023 1403 2058 virginem
1422 2023 1548 2056 audiens,
1575 2022 1658 2049 habes

872 2076 906 2096 ex
922 2069 974 2096 hac
989 2075 1056 2096 voce
1071 2069 1105 2095 ab
1121 2067 1196 2096 omni
1221 2067 1340 2094 hominis
1361 2066 1527 2094 commercio
1550 2066 1658 2093 mundi-

873 2114 950 2141 tiam.
967 2113 996 2141 Si
1011 2114 1083 2141 ettim
1097 2114 1148 2141 sub
1164 2121 1196 2141 ea
1216 2114 1275 2148 lege
1295 2120 1356 2148 qua:
1379 2113 1478 2140 innexa
1493 2117 1534 2139 est
1545 2112 1658 2147 virgini-

84 2161 229 2196 Παρθένον
242 2160 352 2186 ἁκούων
373 2160 446 2195 ἔχεις
463 2161 495 2186 ὲκ
508 2160 558 2196 τῆς
579 2160 672 2195 φωνῆς
688 2160 736 2194 τὴν
751 2160 818 2196 πρὸς

891 2165 953 2187 item
968 2160 1101 2187 intactam
1114 2164 1141 2187 et
1152 2160 1355 2187 imtnaculalam
1370 2159 1498 2191 servavit,
1511 2166 1565 2194 quo
1577 2159 1657 2185 modo

30 2208 115 2234 πᾶσαν
134 2207 238 2241 ἀνδρὸς
254 2206 365 2241 ὁμιλίαν
394 2206 579 2240 καθαρότητα.
596 2206 627 2232 Εἰ
642 2205 697 2240 γὰρ
717 2201 740 2239 ᾧ
755 2214 819 2232 συν-

29 2253 96 2288 ήεθη
111 2253 191 2287 νόμῳ
207 2252 240 2278 τὸ
250 2253 300 2286 τῆς
316 2251 475 2285 παρθενίας,
490 2251 629 2285 ἀνέπαφον
642 2259 670 2277 τε
685 2252 732 2277 καὶ
748 2251 818 2285 ἀκή-

29 2307 105 2331 ρατον
118 2298 299 2329 συνδιέσωσε,
316 2297 376 2327 πῶς
386 2296 420 2324 ἂν
433 2297 526 2332 ἑτέρου
540 2297 612 2328 τινὸς
626 2296 715 2331 ἔρωτα
728 2305 819 2332 παρα-

28 2345 156 2377 δέξασθαι
167 2353 176 2375 ;
188 2343 243 2370 κᾶν
252 2343 318 2377 γοῦν
327 2344 408 2370 σκιάν
416 2352 476 2370 τινα
491 2343 632 2379 καταλίπῃ
644 2343 817 2378 ὑπολήψεως,

29 2389 72 2416 τοῦ
92 2390 165 2425 γυνὴ
183 2390 260 2424 νόμῳ
277 2389 449 2424 γεγενημένη
472 2388 619 2424 μνηστείας
641 2388 758 2424 κρείττω
771 2389 819 2415 καὶ

28 2436 199 2471 ὑξηλοτέραν
227 2435 328 2470 ἑαυτὴν
352 2435 400 2461 καὶ
422 2435 476 2461 τῶν
504 2435 628 2469 νομίμων
647 2434 817 2470 διετήρησεν,

29 2483 109 2516 ἑτέρῳ
123 2482 299 2517 παρανομεῖν
311 2481 368 2512 πῶς
380 2481 412 2507 ἂν
427 2481 529 2516 ὑπέστη
542 2480 633 2515 χώραν
646 2482 797 2516 παρασχεῖν
809 2488 817 2512 ;

30 2528 72 2552 καὶ
86 2528 138 2562 τῆς
166 2526 274 2552 ἐκείνου
289 2526 412 2562 χάριτος
428 2525 506 2562 ὓϐριν
528 2526 706 2558 ἀλλάξασθαι,
719 2528 735 2562 ἠ
750 2527 817 2562 μηδὲ

30 2573 109 2607 χωρῇ
121 2573 232 2607 ὕϐρεως
240 2573 415 2607 ἀνασχομένη
422 2573 471 2605 τῆς
480 2572 630 2608 παρθενίας
643 2572 801 2605 ἐξίστασθαι
809 2582 816 2604 ς

31 2619 116 2652 Ἔχεις
131 2617 181 2645 οὖν
205 2619 281 2654 παρὰ
297 2618 406 2653 σεαυτῷ
420 2618 470 2652 τῆς
481 2618 669 2653 καθαρότητος
682 2619 732 2653 τὴν
746 2627 817 2654 μαρ-

22 2665 120 2699 τυρίαν
133 2665 366 2699 ἁπαράγραπτον·
377 2664 418 2690 διὸ
436 2674 444 2690 ι
457 2664 502 2699 Μὴ
515 2664 636 2699 φοὸηθῇς
648 2664 817 2699 παραλαϐεῖν

29 2711 141 2745 Μαριᾶμ
168 2710 220 2744 τὴν
233 2710 353 2744 γυναῖκα
369 2718 416 2736 σου
428 2717 435 2723 ·
454 2719 463 2735 ι
479 2708 518 2741 οἷς
533 2709 586 2745 γὰρ
607 2711 675 2746 πρὸς
688 2710 717 2736 σὲ
728 2710 759 2736 τὸ
769 2710 818 2745 τῆς

30 2756 174 2791 agas-aiat;
205 2756 359 2791 ἁμόλυντον
392 2755 549 2787 διεσώσατο,
565 2755 670 2786 τούτοις
694 2756 739 2782 καὶ
754 2755 818 2787 τοὺς

30 2805 238 2840 πῖαντιρρήτονς
250 2803 345 2839 topic:
351 2804 423 2830 σθαι·
434 2804 502 2839 γυνή
511 2812 567 2838 που,
579 2803 673 2838 φησὶν,
684 2803 760 2838 ὁρᾷς,
772 2803 818 2830 καὶ

871 2204 1109 2232 alteriusamorem
1117 2202 1330 2231 admisissetf'Et
1337 2202 1359 2230 si
1373 2203 1496 2229 utnbratn
1511 2202 1656 2237 quamdam

870 2251 1036 2286 suspicionis
1050 2250 1138 2278 adhuc
1161 2250 1311 2285 reliquerit,
1339 2257 1401 2276 reor
1424 2254 1469 2275 tua
1491 2248 1656 2275 matrimonii

868 2297 931 2331 jure
945 2295 1016 2323 facta
1033 2295 1150 2330 seipsam
1173 2296 1303 2330 majorem
1320 2299 1347 2321 ct
1361 2293 1538 2321 excelsiorem
1550 2297 1577 2319 ct
1589 2292 1655 2326 legi-

871 2342 945 2370 timis
961 2341 1089 2374 servavit,
1096 2340 1234 2376 quomodo
1246 2340 1322 2368 alteri
1340 2340 1424 2376 legem
1439 2338 1655 2374 transgrediendi

870 2387 1048 2415 sustinuisset
1064 2386 1156 2414 locum
1171 2386 1314 2421 prmbere?
1331 2386 1364 2413 Et
1378 2393 1411 2413 ex
1420 2385 1479 2420 ejus
1496 2391 1589 2411 amore
1607 2391 1655 2417 op-

870 2433 1011 2468 probrium
1024 2433 1176 2465 incurrere,
1193 2440 1253 2467 qua;
1271 2440 1320 2458 nec
1334 2432 1392 2459 sine
1408 2429 1556 2465 opprobrio
1568 2427 1656 2455 noluit

871 2479 1026 2515 virginitate
1037 2479 1186 2507 excedere?
1199 2479 1287 2506 Habes
1300 2478 1381 2513 igitur
1397 2482 1424 2503 et
1439 2482 1522 2511 prope
1539 2474 1654 2509 teipsum

872 2526 1137 2560 incircumsrriptutn
1171 2526 1312 2553 munditia:
1352 2523 1550 2550 testimonium.
1581 2520 1654 2551 Ideo,

873 2581 883 2598 ι
900 2571 960 2600 Noli
981 2572 1078 2599 timere
1093 2574 1215 2607 accipere
1236 2572 1346 2598 Mariam
1367 2569 1510 2603 conjugcm
1533 2572 1618 2594 tuam.
1643 2576 1652 2591 ι

870 2618 976 2651 Quibus
998 2619 1071 2645 enim
1099 2618 1190 2653 quoad
1220 2623 1245 2645 te
1274 2614 1437 2652 virginitatis
1473 2615 1654 2649 integritatem

870 2664 998 2696 servavit,
1013 2665 1046 2693 iis
1066 2670 1094 2692 et
1109 2665 1269 2692 inconcussa
1282 2667 1443 2698 argumenta
1454 2661 1573 2696 praebet;
1589 2667 1656 2687 uxor

871 2715 927 2742 tua,
944 2710 1042 2745 inquit,
1059 2714 1089 2737 ut
1100 2711 1188 2742 audis,
1204 2718 1218 2737 a
1234 2717 1276 2737 me
1292 2711 1349 2744 ipso
1366 2709 1477 2741 dicitur,
1487 2711 1514 2735 et
1527 2714 1588 2734 eam
1600 2714 1654 2732 non

870 2756 1033 2791 cognovisti.
1049 2755 1076 2783 Si
1093 2761 1182 2783 autent
1201 2763 1234 2782 ex
1247 2763 1301 2789 quo
1317 2756 1368 2782 hoc
1382 2754 1476 2782 uxoris
1491 2759 1589 2780 nomen
1604 2750 1655 2777 silli

871 2802 1032 2837 assumpsit,
1045 2805 1130 2830 totum
1146 2801 1196 2828 hoc
1213 2805 1320 2836 tempus
1335 2801 1368 2828 ab
1383 2801 1458 2828 omni
1474 2804 1563 2828 tecum
1578 2803 1654 2824 com~
