1882 3075
219 95 269 130 167

795 94 928 124 PHOTI-I
946 92 1010 123 PA'I

1096 93 1200 123 RCIL‘E
1217 93 1272 122 (ΖΡ.
1799 93 1842 122 168

217 157 320 186 tnercio
334 156 464 184 mundum
475 155 604 185 ostendit.
617 145 754 189 quomodo
767 162 820 181 non
834 153 1010 181 manifestum

1096 152 1129 188 ιρ“
1140 152 1209 187 ἐμοῦ
1235 152 1355 185 λέγεται,
1380 150 1428 177 καὶ
1443 150 1542 186 πεῖραν
1556 149 1640 185 αὐτῆς
1655 149 1705 175 οὐκ
1723 149 1790 184 ἔχεις
1801 159 1807 165 ·
1823 153 1843 177 εἰ

217 209 258 232 est
272 203 344 230 illam
359 211 440 230 omne
459 202 571 228 alterius
585 201 779 228 commercium
802 200 942 231 vitavisse,
957 207 1007 225 cu-

215 249 260 284 jus
277 255 366 284 neque
382 248 498 275 lutmaua
524 254 612 282 neque
637 246 729 273 divina
756 253 804 273 vos
819 252 932 272 uxorem
948 252 1007 272 eam

217 295 388 324 nominavit?

254 386 292 413 Ita
312 387 395 420 igitur
419 385 532 420 angelus
560 384 611 410 hac
629 384 724 411 uxoris
748 383 928 418 appellatione
948 390 1008 409 eam

217 431 348 458 mundam
363 437 423 457 esse
445 430 479 456 ab
501 428 574 455 omni
598 428 739 456 immunda
759 427 917 463 suspicione
932 426 1009 454 Iose—

218 475 302 512 phum
322 476 411 502 docet.
436 474 595 502 Nominat-et
617 479 708 502 autem
735 474 804 501 forte
818 481 879 501 eam
894 481 1009 501 uxorem

218 528 244 550 et
258 522 322 557 quia
335 521 410 548 nulla
424 528 554 548 curarum
572 527 633 555 qua:
646 520 680 548 de
697 527 784 547 uxore
803 519 892 546 virum
909 519 1010 546 sollici-

217 573 275 595 tant
289 575 350 595 eam
360 568 453 602 justus
463 567 595 601 privabal.
608 566 641 593 Et
655 566 707 593 alia
722 565 870 600 providens
884 572 944 592 eam
956 572 1010 592 nou

218 615 389 650 negligebat.
414 618 440 640 et
460 613 533 641 domi
554 613 755 640 cohabitantem
772 612 1010 647 eircumloqueba-

219 667 273 694 tur,
291 666 318 688 et
336 661 409 688 omni
433 660 534 696 probro
557 664 584 688 et
606 660 755 692 calumnia,
778 659 1009 694 quemadmodum

218 707 349 742 sapientis
363 708 458 734 uxoris
470 706 597 738 maritus.
615 714 675 733 eam
695 706 866 740 superiorem
885 705 1012 733 studebat

217 754 319 781 videre.
336 752 366 780 Si
382 757 472 780 autem
486 757 513 779 et
527 760 642 779 uxorem
662 752 742 784 dixit,
767 751 831 786 quia
855 751 948 786 sponsi
965 758 1011 777 or-

171 797 186 840 _‘
217 801 307 827 dinem
334 799 435 834 Joseph
463 799 588 832 habebat,
613 803 687 826 etut
709 806 826 833 sponsos
855 806 914 825 mos
944 804 1009 832 ipse,

1057 197 1079 224 δ’
1092 198 1134 232 ἐφ’
1151 195 1181 224 οὗ
1192 198 1223 224 τὸ
1236 197 1287 232 τῆς
1308 196 1439 231 γυναικὸς
1453 195 1575 230 ἥρμοσεν
1595 196 1692 230 ὄνομα,
1726 196 1813 222 τοῦτον
1827 197 1839 230 ἡ

1060 244 1197 280 Παρθένος
1209 243 1292 275 ἔδειξε
1302 242 1489 277 καθαρεύοντα
1499 242 1550 276 τῆς
1569 242 1638 277 προς
1646 241 1727 268 αὑτὸν
1736 242 1842 276 ὁμιλίας,

1059 290 1117 321 πῶς
1127 290 1176 316 οὐκ
1188 289 1298 324 εὔδηλον
1308 289 1348 315 ὅτι
1360 288 1407 314 καὶ
1420 288 1519 319 παντὸς
1531 287 1622 319 ἄλλου,
1630 285 1659 314 οὗ
1674 288 1742 324 μήτε
1752 289 1845 323 ἀνθρώ-

1060 345 1136 368 πινος
1165 336 1232 372 μήτε
1260 335 1331 367 θεῖος
1355 336 1434 369 λόγος
1449 333 1590 369 ὀνομάζων
1614 333 1691 369 ὤφθη
1718 336 1843 368 γυναῖκας

1099 383 1176 410 Οὕτω
1203 383 1251 418 μὲν
1262 382 1308 409 οὖν
1321 383 1334 408 ὁ
1349 381 1466 416 ἅγγελος
1479 381 1523 407 διὰ
1532 381 1583 415 τῆς
1599 381 1786 416 προσηγορίας
1797 381 1841 414 τῆς

1059 430 1188 464 γυναικὸς
1202 428 1368 464 καθαρεύειν
1384 429 1475 463 πάσης
1490 427 1540 454 οὑκ
1557 427 1671 460 εὖαγοῦς
1691 426 1844 462 ὑπολήψεως

1059 476 1105 503 τὸν
1125 475 1225 511 Ἰωσὴφ
1238 475 1403 502 ἐκδιδάσκει.
1428 473 1573 508 ὐνομόιζει
1585 473 1607 499 δ’
1625 473 1657 499 ἂν
1671 473 1735 504 ἴσως
1762 474 1841 507 αὐτὴν

1061 523 1188 556 γυναῖκα,
1212 522 1259 548 καὶ
1279 521 1346 547 διότι
1371 521 1437 555 περὶ
1459 520 1590 554 γυναικὸς
1618 520 1679 546 ὅσαι
1711 519 1845 554 φροντίδες

1062 568 1169 604 ἔχουσιν
1179 568 1274 603 ἄνδρα,
1289 566 1420 602 οὗδεμιᾶς
1431 566 1534 601 ταύτην
1547 567 1561 593 ὁ
1575 565 1682 596 δίκαιος
1698 565 1845 599 ἀπεστέρει.

1062 615 1103 642 Τά
1117 623 1147 641 τε
1161 615 1214 649 γὰρ
1242 614 1311 640 ἄλλα
1342 613 1541 648 προνοούμενος
1569 613 1655 647 αὐτῆς
1672 613 1721 638 οὐκ
1747 612 1846 646 ἡμέλει,

1062 661 1109 686 καὶ
1124 660 1191 687 οἴκοι
1207 659 1340 686 συνοῦσαν
1366 660 1503 694 περιεῖπε,
1520 659 1568 685 καὶ
1581 658 1679 694 μώμου
1696 658 1794 689 παντὸς
1807 658 1849 684 καὶ

1062 707 1189 742 διαϐολῆς
1217 706 1336 741 ἁπάσης,
1355 703 1400 732 οἷα
1425 706 1457 741 δὴ
1480 706 1594 739 κόσμιος
1627 706 1696 741 ἀνὴρ
1727 705 1849 738 γυναικὸς

1063 752 1258 787 σωφρονούσης
1282 752 1423 787 ἁνωτέραν
1441 751 1597 784 ἐσπούδαζε
1629 751 1806 786 καθορᾶσθαι.
1822 751 1849 776 Et

1063 799 1091 825 δὲ
1103 799 1151 825 καὶ
1176 800 1294 833 γυναῖκα
1326 800 1470 834 προσεῖπε,
1489 799 1556 826 διότι
1573 799 1729 834 μνηστῆρος
1748 798 1822 830 τάξιν
1838 799 1849 823 ὁ

217 845 324 872 etiamsi
342 846 463 871 nondum
482 844 630 871 thalamum
653 843 770 878 ingressi
795 843 861 875 sint,
878 850 933 870 non
948 851 1010 878 pro-

1096 845 1166 879 οσὴφ
1181 843 1263 880 εἶχεν,
1276 844 1370 879 ὥσπερ
1383 845 1410 870 δὲ
1426 845 1473 871 καὶ
1491 846 1554 875 τοὶς
1571 846 1731 879 μνηστῆρας
1739 845 1770 870 τὸ
1785 844 1849 875 ἔθος,

217 891 292 918 hibet
303 891 375 918 viros
388 890 528 926 appellari.
545 891 586 917 sic
605 895 631 917 et
646 897 707 924 quze
722 890 908 924 virginitatem
922 890 1010 916 adhuc

217 942 338 970 servant,
360 937 489 964 mulieres
506 944 602 963 eorum
620 936 754 971 permittit
774 935 938 970 nuncupari,
956 943 1009 962 non

216 984 326 1011 deceret
340 991 383 1010 me
403 983 455 1011 hoc
469 984 593 1018 rejiccre.
619 984 724 1012 Etenim
744 989 770 1011 et
789 983 873 1012 Jacob
893 983 1010 1017 patriar-

216 1030 278 1062 cha,
296 1030 375 1065 cujus
396 1031 517 1057 nondum
538 1030 706 1057 commercio
724 1038 791 1058 usus
817 1033 877 1057 erat
897 1028 1009 1060 Rachel,

217 1075 361 1102 mulierem
375 1083 452 1102 suam
470 1075 613 1103 manifeste
636 1081 726 1102 vocat.
749 1074 820 1102 Dicit
846 1074 880 1101 ad
905 1073 1009 1105 Laban,

217 1127 363 1157 postquam
379 1122 436 1157 jam
457 1122 498 1149 sui
518 1122 621 1149 servitii
643 1120 921 1156 tempus,complevit.
942 1128 951 1145 ι
972 1118 1009 1146 Da

218 1177 331 1197 uxorem
348 1176 449 1200 meam,
469 1168 596 1203 completi
624 1173 689 1195 sunt
710 1167 784 1195 enim
808 1167 868 1194 dies
892 1166 957 1196 mei.
981 1170 1011 1192 ut

218 1216 356 1250 ingrediar
367 1215 400 1242 ad
417 1223 477 1242 eam
499 1215 531 1241 ιε.
551 1224 560 1241 ›
576 1215 621 1242 Sic
631 1215 740 1250 priscus
754 1222 813 1241 mos
829 1219 869 1241 est
883 1213 1011 1240 mulieres

217 1270 265 1290 cas
278 1270 340 1297 qua:
354 1265 419 1289 sunt
433 1269 543 1296 sponsm
560 1268 670 1288 vocare.
685 1260 724 1288 lta
743 1265 773 1288 ut
790 1260 854 1287 inde
871 1259 962 1286 videre
977 1258 1012 1286 sit

217 1309 342 1336 mulieris
376 1308 585 1343 appellationem
615 1307 728 1334 tuinime
751 1307 884 1341 virginem
907 1304 1012 1332 contri-

220 1361 294 1382 stare
318 1354 451 1381 voluisse.
467 1352 585 1388 Virginis
601 1356 690 1379 autem
705 1351 810 1379 nomini
833 1359 887 1378 non
901 1356 1013 1378 contra-

219 1401 311 1427 dicere
333 1399 457 1427 mulieris
488 1406 587 1425 nomen
621 1402 694 1432 patet
722 1405 754 1424 ex
781 1399 889 1432 generis
916 1397 1013 1424 distiu-

219 1447 321 1478 ctione,
337 1446 364 1473 in
382 1447 520 1473 hominem
533 1449 559 1472 et
574 1445 717 1472 mulierem
734 1449 861 1471 naturam
875 1443 1011 1470 dividens.

1062 890 1114 917 κᾶν
1127 890 1203 916 οῠπω
1231 890 1364 925 συνῆλθον
1390 891 1430 922 εἰς
1446 891 1537 926 εὐνὴν,
1553 891 1582 916 οὗ
1604 890 1705 916 κωλύει
1716 898 1847 926 προσαγο-

1063 936 1153 972 ρεύειν
1176 937 1287 972 ἄνδρας,
1317 936 1388 963 οὕτω
1401 937 1432 971 δὴ
1450 938 1567 963 καὶὸσαι
1584 938 1634 971 τὴν
1650 937 1799 971 παρθενίαν
1812 936 1848 961 ἑτι

1062 982 1235 1016 διασώζουσι,
1252 984 1383 1017 γυναῖκας
1400 983 1489 1009 αὐτῶν
1503 983 1598 1009 δίδωσι
1613 982 1768 1014 καλεῖσθαι,
1783 982 1851 1008 οὐδὲν

1062 1030 1124 1064 ἐμοὶ
1155 1029 1331 1065 διαφέρεσθαι
1362 1030 1513 1065 προσήκει·
1530 1030 1576 1055 καὶ
1591 1029 1646 1063 γὰρ
1664 1029 1712 1056 καὶ
1730 1028 1847 1056 Ἱακὼῦὁ

1062 1076 1247 1111 πατριάρχης,
1259 1074 1293 1112 ἧς
1308 1075 1384 1102 οὔπω
1415 1076 1553 1106 καταστὰς
1569 1073 1604 1110 ἦν
1620 1076 1660 1106 εἰς
1677 1076 1778 1110 πεῖραν
1793 1075 1850 1109 ὁμι-

1062 1122 1133 1155 λίας,
1147 1122 1196 1158 τὴν
1213 1123 1316 1158 Ῥαχὴλ
1342 1123 1426 1156 λέγω,
1456 1123 1574 1156 γυναῖκα
1596 1122 1679 1148 αὑτοῦ
1698 1121 1851 1156 περιφανῶς

1062 1168 1201 1205 ὀνομάζει.
1233 1169 1303 1204 Φησὶ
1318 1168 1386 1204 πρὸς
1405 1168 1509 1197 Λάϐαν,
1529 1168 1579 1203 ἤδη
1595 1168 1641 1194 τὸν
1669 1167 1720 1202 τῆς
1735 1167 1852 1197 δουλείας

1063 1215 1126 1250 ὅρον
1150 1213 1384 1250 ἐκπεπληρωκώς,
1410 1223 1418 1240 ι
1438 1214 1547 1246 Ἀπόδος
1576 1214 1627 1249 τὴν
1652 1214 1773 1248 γυναῖκά
1798 1222 1852 1249 μου,

1064 1260 1261 1296 πεπλήρωνται
1280 1261 1332 1296 γὰρ
1345 1261 1373 1286 αἱ
1385 1261 1487 1296 ἡμέραι
1502 1269 1564 1295 μου,
1580 1261 1655 1292 ὅπως
1666 1260 1780 1286 εἰσέλθω
1791 1260 1853 1294 πρὶς

1063 1307 1184 1342 αὑτήν.»
1202 1307 1297 1339 Οὕτως
1325 1308 1384 1333 ἐστὶ
1415 1307 1530 1334 παλαιὸν
1558 1307 1619 1338 ἑοος
1650 1307 1785 1340 γυναῖκας
1809 1307 1853 1332 καὶ

1064 1353 1113 1384 τὰς
1142 1355 1388 1388 μεμνηστευμὲνας
1417 1354 1573 1388 ὀνομάζειν.
1603 1354 1685 1380 Ὥστε
1710 1352 1854 1379 κάντεῦθεν

1064 1398 1122 1425 ἔστι
1152 1399 1244 1426 λαϐεῖν
1266 1400 1303 1431 ὼς
1320 1400 1403 1435 μηδὲν
1421 1401 1437 1435 ὴ
1453 1401 1503 1436 τῆς
1529 1400 1659 1434 γυναικὸς
1686 1399 1855 1435 προσηγορία

1066 1446 1238 1480 παραλυπεῖν
1254 1447 1342 1473 ἐθέλει
1367 1448 1416 1482 τὴν
1429 1447 1592 1482 παρθενίαν.
1608 1447 1670 1472 Ὅτι
1685 1446 1714 1473 δὲ
1729 1446 1799 1481 πρὸς
1812 1445 1855 1479 τὴν

219 1488 341 1520 Mulieris
365 1491 437 1518 enim
470 1491 553 1518 verbo
581 1498 634 1517 non
667 1490 755 1517 solum
787 1497 848 1524 qua:
874 1489 1010 1516 hominem

1096 1491 1200 1525 ιρῡένον
1214 1492 1245 1518 τὸ
1274 1492 1324 1526 τῆς
1353 1491 1482 1526 γυναικὸς
1494 1492 1524 1518 οὐ
1540 1492 1656 1527 μάχεται
1686 1491 1785 1526 ὄνομα,
1813 1491 1855 1526 ἥτε

219 1547 274 1566 non
287 1542 484 1573 cognoverunt,
502 1544 591 1571 neque
608 1544 648 1564 ea
662 1537 751 1564 solum
765 1536 866 1570 quibus
881 1535 1013 1570 contingit

220 1591 261 1619 ut,
283 1585 441 1620 virginitate
461 1589 648 1620 permanente,
689 1582 880 1611 adolescentia:
914 1582 1014 1610 linibus

223 1631 415 1668 egrediantur;
436 1630 482 1658 sed
500 1634 528 1657 et
551 1629 652 1657 femina
686 1633 749 1656 ante
778 1627 946 1663 juventutem
971 1627 1014 1654 vel

220 1678 302 1705 etiam
318 1684 414 1704 recens
444 1680 508 1703 nata
537 1674 789 1710 comprehenditur.
831 1673 1015 1706 Quemadmo-

220 1726 297 1757 dum,
316 1728 346 1750 ut
359 1726 442 1758 patet,
457 1729 557 1749 nomen
573 1721 625 1748 viri
639 1720 803 1755 participant
815 1725 841 1748 et
855 1719 901 1755 qui
915 1727 1015 1754 pueros

218 1775 372 1805 genuerunt
386 1774 413 1796 et
436 1769 484 1804 qui
516 1768 587 1796 inter
607 1767 724 1803 juvenes
744 1771 937 1799 numerantur,
967 1767 1015 1794 sed

220 1823 247 1845 et
273 1817 320 1853 qui
336 1817 417 1852 hujus
432 1817 521 1844 aalatis
541 1824 629 1851 usque
653 1815 687 1843 ad
705 1820 815 1843 teneros
833 1815 1014 1843 descentlunt.

222 1862 267 1890 Sic
290 1862 373 1898 igitur
392 1869 424 1889 ea
449 1861 530 1889 solito
553 1868 604 1888 usu
630 1859 709 1887 facile
734 1864 864 1895 perceptu
884 1864 925 1886 est
952 1867 1013 1886 mu~

222 1909 296 1937 lieris
318 1916 411 1935 vocem
425 1916 480 1935 non
506 1907 614 1934 auferre
626 1907 699 1942 quod
719 1906 905 1941 virginitatem
928 1906 1015 1933 decet.

222 1956 365 1983 Mulierem
390 1955 463 1982 enim
483 1961 536 1982 non
562 1954 657 1986 semel,
684 1953 731 1981 sed
749 1957 776 1979 et
801 1953 901 1988 saepius
931 1951 1015 1980 Evam

223 2007 302 2029 vocat
313 2000 410 2028 Adami
437 2008 550 2028 uxorem
577 1999 700 2034 virgineo
713 1999 803 2026 adhuc
826 2004 950 2026 ornatam
970 1998 1016 2025 de-

223 2056 285 2075 core
300 2051 327 2074 et
339 2047 415 2081 puris
435 2045 554 2080 paradisi
568 2045 682 2072 tioribus
697 2048 870 2076 vernantem,
891 2048 918 2071 ct
937 2043 1017 2078 longe

223 2101 239 2120 a
264 2093 494 2128 transgressione,
522 2091 713 2125 etADontinico
742 2091 870 2118 mandato
898 2094 1015 2117 stantem

223 2143 251 2165 et
265 2139 398 2170 nuditate,
415 2143 442 2165 et
454 2138 550 2165 bestite
563 2137 678 2164 consilio
700 2137 834 2164 excelsius
858 2137 1015 2164 institutqu

224 2192 304 2212 suum
319 2184 468 2216 ferentem;
485 2183 595 2217 quando
612 2185 656 2218 (et
676 2190 724 2210 eos
742 2189 795 2209 non
813 2183 875 2210 licet
894 2190 943 2217 pro
958 2183 1015 2217 ipsa
1033 2173 1054 2201 D

223 2237 317 2257 rerum
336 2229 473 2257 evidentia
496 2230 648 2264 imputare)
672 2228 885 2263 imperturbatos
914 2228 1019 2256 ferebat

224 2281 365 2309 corporeae
393 2273 542 2309 voluptatis
573 2281 682 2306 sensus,
715 2280 777 2308 qua:
798 2273 897 2307 smpius
920 2278 1018 2300 vocata

224 2325 267 2348 est
280 2320 379 2348 Adatni
392 2321 501 2352 mulier,
519 2320 632 2347 meliore
642 2319 785 2347 vocatione
803 2319 883 2354 digna
896 2320 1018 2354 judicata

225 2374 308 2405 quam
337 2370 368 2393 ut
395 2366 545 2394 carnalium
568 2365 766 2393 desideriorum
794 2366 894 2401 pugnis
919 2367 1018 2394 misera

225 2412 389 2440 elliceretur.

1066 1537 1184 1572 συνήθης
1199 1537 1246 1564 τοῦ
1270 1538 1366 1571 γένους
1381 1537 1517 1573 διαίρεσις
1527 1539 1567 1570 εἰς
1581 1538 1664 1574 ἄνδρα
1684 1539 1731 1565 καὶ
1744 1539 1855 1573 γυναῖκα

1064 1583 1203 1618 τέμνουσα
1230 1583 1281 1618 τὴν
1305 1583 1398 1618 φύσιν,
1431 1585 1503 1610 ποιεῖ
1531 1581 1658 1620 φανερόν.
1676 1584 1721 1619 Τῷ
1737 1584 1794 1620 γὰρ
1810 1584 1854 1619 τῆς

1064 1626 1195 1663 λίυναικὺς
1227 1630 1332 1665 ῥήματι
1359 1631 1409 1665 οὐχ
1435 1630 1498 1657 ὅσαι
1529 1631 1609 1664 μόνον
1631 1631 1728 1658 ἔλαϐον
1761 1631 1856 1666 γνῶσιν

1065 1676 1174 1711 ἀνδρὸς,
1198 1676 1253 1703 οὐδ’
1282 1677 1360 1709 ὅσαις
1390 1677 1502 1711 γέγονεν
1521 1678 1551 1704 ἐν
1563 1677 1602 1713 τῷ
1631 1678 1680 1714 τῆς
1710 1677 1857 1714 παρθενίας

1065 1722 1271 1758 ἁπαραλλάκτῳ
1284 1723 1395 1758 τὴντῶν
1409 1723 1538 1749 νεανίδων
1546 1723 1655 1759 ἡλικίαν
1669 1724 1855 1754 ὑπαλλάττειν,

1065 1768 1135 1796 ἀλλὰ
1156 1768 1247 1795 καὶτὸ
1266 1769 1320 1804 πρὸ
1342 1768 1394 1803 τῆς
1420 1769 1514 1804 ἀκμῆς
1529 1769 1596 1804 θῆλυ
1610 1771 1690 1805 μέχρι
1705 1769 1753 1796 τοῦ
1771 1778 1855 1803 νεογε-

1065 1814 1128 1846 νοῦς
1155 1815 1391 1851 περιλαμὸάνεται
1405 1823 1412 1830 ·
1436 1815 1532 1851 ὥσπερ
1555 1815 1679 1852 δηλονότι
1705 1815 1756 1850 τῆς
1779 1824 1857 1851 προτ-

1066 1861 1179 1896 ηγορίας
1196 1862 1342 1896 μετέχουσι
1352 1861 1399 1888 τοῦ
1418 1861 1516 1897 ἀνδρὸς
1526 1863 1583 1889 ὅσοι
1595 1871 1625 1888 τε
1638 1862 1737 1894 παῖδας
1753 1861 1853 1897 ἔφυσαν

1067 1908 1115 1934 καὶ
1129 1907 1187 1933 ὅσοι
1201 1908 1256 1934 τῶν
1271 1907 1371 1943 ἠϊθέων
1398 1908 1447 1944 τὴν
1464 1909 1541 1941 τάξιν
1560 1909 1717 1944 ἐπέχουσιν,
1732 1908 1803 1935 ἀλλὰ
1815 1907 1856 1934 καὶ

1067 1954 1124 1981 ὅσοι
1141 1955 1190 1989 τῆς
1216 1955 1327 1990 ἡλικίας
1342 1954 1444 1990 ταύτης
1457 1956 1540 1990 μέχρι
1554 1955 1671 1991 βρέφους
1689 1955 1856 1989 ὑποϐεὸήκα-

1068 2009 1120 2027 σιν.
1139 1999 1218 2027 Οὕτω
1245 2001 1294 2035 μὲν
1308 1998 1355 2027 οὗν
1374 2001 1421 2027 καὶ
1438 2000 1492 2027 ἀπὸ
1507 2001 1558 2035 τῆς
1568 2001 1727 2036 εἰθισμένης
1739 2001 1856 2036 χρήσεως

1067 2046 1142 2073 ἔστιν
1159 2046 1253 2072 λαϐεῖν
1267 2047 1305 2078 ὡς
1320 2047 1337 2081 ἡ
1349 2048 1398 2080 τῆς
1406 2046 1536 2080 γυναικὸς
1551 2047 1602 2073 οὐκ
1616 2048 1776 2082 ἀφαιρεῖται
1787 2046 1856 2081 φωνὴ

1068 2092 1117 2128 τῆς
1147 2092 1298 2127 παρθενίας
1315 2093 1345 2119 τὺ
1359 2094 1464 2120 δίκαιον
1476 2101 1484 2108 ⁸
1502 2095 1619 2127 γυναῖκα
1635 2093 1691 2129 γὰρ
1705 2094 1754 2129 οὐχ
1779 2092 1856 2124 ἅπαξ,

1067 2138 1136 2165 ἀλλὰ
1149 2139 1195 2164 καὶ
1211 2139 1343 2170 πολλάκις
1357 2139 1407 2174 τὴν
1422 2137 1493 2166 Εὔαν
1507 2138 1638 2175 ὀνομάζει
1654 2139 1701 2166 τοῦ
1722 2139 1809 2175 ’Λδὰμ
1823 2138 1857 2164 ἔτι

1069 2185 1125 2215 τοῖς
1159 2183 1335 2220 παρθενικοῖς
1368 2185 1566 2221 ἐμπρέπουσαν
1592 2185 1787 2221 ώραῖσμασιν,
1816 2185 1857 2211 καὶ

1069 2229 1126 2259 τοῖς
1137 2229 1287 2264 ἀκηράτοις
1302 2230 1395 2257 ἄνθεσι
1409 2231 1456 2257 τοῦ
1473 2231 1641 2267 παραδείσου
1655 2232 1856 2266 ὲνεαρίζουσαν.

1070 2274 1119 2301 καὶ
1145 2275 1241 2312 πόρρω
1264 2272 1317 2312 ’τῆς
1346 2277 1532 2313 παραϐάσεως
1555 2279 1603 2304 καὶ
1631 2279 1681 2313 τῆς
1695 2279 1857 2312 Δεσποτικῆς

1071 2321 1276 2358 καθισταμένην
1303 2324 1413 2359 ὲντολῆς
1442 2325 1489 2351 καὶ
1505 2325 1554 2359 τῆς
1569 2326 1739 2360 γυμνώσεως
1755 2327 1801 2352 καὶ
1815 2325 1858 2358 τῆς

1070 2367 1119 2395 τοῦ
1147 2368 1243 2404 θηρίου
1272 2369 1429 2405 συμϐουλῆς
1464 2370 1630 2407 ὑψηλότερον
1656 2371 1687 2399 τδ
1714 2372 1857 2406 πολίτευμα

1075 2414 1222 2450 φέρουσαν·
1235 2415 1280 2441 ὅτε
1296 2417 1341 2442 καὶ
1355 2417 1455 2448 αὐτοὺς
1472 2417 1523 2444 οὐκ
1532 2417 1591 2444 ἐστι
1603 2427 1644 2444 σοι
1656 2419 1704 2445 ἀπ’
1717 2419 1801 2454 αὐτῆς
1814 2419 1857 2451 τῆς

225 2459 280 2486 τῶν
289 2459 464 2495 πραγμάτων
475 2457 797 2494 ὲνεργείαςλογίσασθαι,
814 2459 1013 2495 ἁνενοχλὴτους
1031 2461 1115 2497 ἔφερε
1128 2463 1192 2494 τοὺς
1210 2463 1359 2498 λογισμοὺς
1377 2466 1538 2501 σωματικῆς
1564 2466 1673 2501 ἡδονῆς,
1687 2467 1704 2501 ὴ
1734 2466 1856 2494 πολλάκις

226 2507 440 2543 ἑξονομασθείσα
453 2507 522 2543 γυνὴ
530 2507 578 2534 τοῦ
587 2507 851 2543 ’Λδὰμ,κρείττονος
868 2508 1019 2545 ἀξιουμένη
1039 2509 1164 2546 κλήσεως
1182 2511 1199 2546 ἡ
1214 2511 1353 2547 σαρκικῶν
1384 2512 1573 2548 ὲοεθισμάτων
1601 2511 1855 2548 ὲνταλαιπωρείσθαι

228 2555 340 2590 μάχαις.

405 2611 572 2646 ρυίεδτιο
585 2612 667 2640 xxut
682 2613 730 2649 [(ιί.
745 2612 841 2649 xxn].

230 2658 300 2691 Quid
333 2660 468 2694 signi/imi
499 2660 567 2686 illud
591 2668 599 2686 :
628 2670 637 2685 ‹
656 2659 721 2686 Ecce
752 2660 839 2687 Adam
861 2661 949 2695 {actus
981 2664 1021 2687 est

242 2699 369 2729 tanquam
388 2703 457 2721 unus
473 2703 506 2722 ea:
520 2695 604 2727 nobis,
621 2697 704 2722 sciens
720 2695 816 2722 bonum
826 2700 851 2722 et
868 2695 978 2722 malum.
993 2705 1002 2721 ι

1340 2615 1508 2642 ΕΡΩΤΠΣῘΣ
1533 2617 1596 2645 KP.

1076 2662 1107 2689 TI
1121 2662 1264 2698 σημαίνει
1279 2662 1324 2694 τὸ,
1344 2673 1352 2688 ι
1371 2663 1445 2690 Ἰδοὺ
1467 2663 1558 2697 Ἀδὰμ
1577 2664 1701 2698 γέγονεν
1715 2664 1754 2696 ὡς
1768 2661 1809 2694 εἷς
1826 2662 1855 2691 ἐξ

1128 2697 1223 2733 ἡμῶν,
1243 2698 1297 2724 τοῦ
1311 2699 1470 2732 γινώσκειν
1480 2697 1774 2734 κίιλὸιίκαὶιποιηψιῗν
1799 2710 1806 2723 ι

740 2763 812 2789 Edita
824 2771 837 2788 a
849 2763 922 2794 Maio,
938 2764 956 2788 l.
968 2770 1000 2792 c.,
1011 2763 1038 2795 β.
1050 2765 1134 2793 24-27,
1151 2764 1176 2790 ίιι
1190 2764 1244 2790 Gen
1267 2771 1303 2791 ιιι,
1315 2765 1354 2790 22.

267 2801 330 2830 Scio
348 2803 432 2837 igitur
447 2804 580 2838 quosdam
601 2805 693 2834 dicere
711 2806 848 2834 ironicum
866 2813 1021 2834 sermonem

266 2870 289 2887 "
305 2870 373 2898 Gen.
391 2879 466 2898 χχιιι.
482 2871 526 2898 21.

1113 2806 1180 2834 Οἶδα
1199 2807 1248 2842 μὲν
1266 2805 1312 2833 οὖν
1330 2807 1367 2839 ὥς
1382 2816 1453 2840 τινες
1479 2817 1525 2835 τον
1539 2809 1638 2844 εἴρωνα
1662 2808 1740 2835 λόνον
1755 2806 1796 2834 διὰ
1807 2804 1854 2831 τιῗιν
