1882 3075
33 166 78 198 169

523 166 573 195 AD
591 166 890 198 AMPIIILOCIIIUM
907 167 1082 203 ΟυίΕΞΤΙΟ
1095 169 1209 201 XXIII.

1614 171 1664 204 170

28 223 218 259 προκειμένων
235 223 369 259 ῥημάτων
386 224 454 258 φασὶ
467 223 678 259 προενηνέχθαι,
693 224 740 251 καὶ
753 225 823 251 ὀνει-

924 226 1014 254 :dictis
1037 227 1129 255 verbis
1151 228 1286 262 prolatum
1299 236 1359 257 esse
1374 234 1401 257 et
1417 229 1552 258 Adamum
1565 238 1665 266 oppro-

28 271 106 302 ὅίζειν
135 269 185 297 τὸν
213 269 302 305 ’Δδὰμ
320 270 363 304 ἐφ’
383 266 422 301 οἷς
439 269 581 306 ὑπέρογκα
593 270 760 304 φαντασθεὶς
776 271 824 297 καὶ

27 318 42 344 Ξ
55 316 247 351 φιλανθρωπία
269 316 317 343 τοῦ
349 316 508 348 Πλάσαντος
529 316 609 352 χερσὶ
633 318 772 352 κατεῖχεν,
792 316 823 350 ἐξ

30 364 94 395 ιδίας
107 363 240 395 ἁδονλίας
255 363 414 390 ἀπώλεσεν·
427 364 452 390 οἱ
467 363 496 390 δὲ
510 363 620 398 γείτονα
637 363 822 400 προκομίζον-

27 419 67 441 τες
81 409 175 443 λόγον,
197 409 295 445 ἕτερόν
314 418 341 436 τι
351 409 492 444 νομίζουσι
520 409 622 443 λέγειν.
636 410 822 446 Διασύρεσθαι

27 456 84 489 γὰρ,
110 455 193 489 φασὶ,
211 455 260 482 καὶ
274 453 500 490 διαχλευάζεσθαι
520 456 576 486 τοῖς
594 455 714 491 παροῦσι
731 456 823 491 λόγοις

27 501 70 535 τὴν
85 500 133 527 τοῦ
155 501 245 536 Ἀδὰμ
260 501 449 535 περιπέτειαν,
462 501 518 527 Καὶ
531 501 622 533 ἄλλοις
636 501 726 534 ἔδοξεν
736 503 823 538 ἐπεγ-

28 547 155 581 γελὶσθαι
180 547 232 583 τὴν
252 547 362 582 πρᾶξιν,
388 548 421 574 δι’
438 548 471 582 ἦν
485 547 652 584 ὑψηλότερον
671 549 724 585 τῆς
739 550 822 576 αὑτοῦ

29 594 130 625 siis-sm;
146 595 205 625 τοῖς
234 594 373 629 λογισμοῖς
386 595 399 620 ὁ
414 594 560 630 ἄνθρωπος
582 596 761 631 ἀναδραμὼν,
774 598 823 624 καὶ

29 637 59 675 ἧς
73 639 180 674 ἠξιώθη
205 639 308 671 τάξεως
324 640 401 675 παρὰ
424 640 471 666 τοῦ
485 641 643 672 Πλάσαντος
662 642 820 677 ἐφεστάναι,

30 685 195 720 κατηνέχθη.
224 686 412 721 Παραπλήσια
431 686 518 713 ταῦτα
536 687 584 713 καὶ
600 687 655 714 ἀπὸ
673 689 722 721 τῆς
737 688 823 722 αὐτῆς

30 731 153 766 meum;
165 731 217 763 τὴν
230 731 344 766 πρόοδον
355 731 484 764 λασόντα,
497 733 522 758 εἰ
538 733 585 759 καὶ
596 732 665 767 πρὸς
675 732 823 768 διαφόρους

28 777 132 804 ἰοκοῦσι
160 777 347 812 παραφυάδας
372 777 580 813 ἀποσχίζεσθαι,
608 778 664 813 ἐγὼ
686 779 714 805 δὲ
735 779 823 806 ταῦτα

31 824 75 858 μὲν
85 825 137 850 οὐκ
153 824 190 850 ἂν
204 823 327 859 οίηθείην
343 824 425 858 σοφὸν
437 824 662 859 ἀποδοκιμάζειν,
677 825 823 852 ἁκολουθό-

29 879 102 905 salem!
115 871 139 897 δ’
156 870 192 897 ἂν
210 870 296 906 φαίην
327 872 469 897 κατανοεῖν
498 872 596 907 ἐτέρας
606 870 677 898 εἶναι
702 872 823 904 διανοίας

29 916 234 951 παραστατικὸν
249 916 279 943 τὸ
292 916 364 951 ἱερὸν
376 917 464 943 ἐκεῖνο
477 917 588 952 χωρίον·
609 917 690 949 ποίας
704 918 822 952 ταύτης
839 917 842 935 1

34 962 202 998 Ἐπειδήπερ
213 963 227 989 ὁ
244 963 330 997 Ἀδὰμ
342 963 403 990 ἀντὶ
417 962 464 990 τοῦ
477 963 694 998 νομοθετεῖσθαι,
708 964 822 999 νομοθέ-

29 1016 70 1034 mu
96 1008 210 1043 ἀξίωμα
223 1009 349 1043 ἥρπασεν
359 1018 368 1024 ·
382 1009 444 1036 ἀντὶ
458 1009 506 1036 τοῦ
519 1009 685 1044 κηδεμονίας
696 1010 744 1036 καὶ
760 1019 824 1037 παι-

29 1054 167 1088 δαγωγίας
181 1054 232 1089 τῆς
246 1055 350 1082 ἄνωθεν
369 1055 527 1088 ἀπολαύειν,
545 1056 579 1091 τῇ
592 1055 647 1091 ἰδίᾳ
665 1055 763 1092 γνώμῃ
776 1056 823 1083 καὶ

29 1100 140 1136 προνοίᾳ
155 1100 207 1131 τὰς
220 1100 268 1126 τοῦ
285 1100 346 1134 βίου
362 1101 475 1135 πράξεις
487 1101 698 1134 κατεπίπευσε,
711 1102 759 1128 καὶ
774 1102 824 1137 τὴν

31 1147 122 1180 ῥώμην
143 1146 220 1181 ἔχειν
248 1146 376 1181 ἐνόμισεν
391 1146 456 1173 ἄνευ
471 1146 546 1179 θείας
557 1148 692 1182 ἐπιροπῆς
710 1148 758 1174 καὶ
775 1148 824 1182 τῆς

30 1193 71 1218 ττιῦ
86 1192 248 1227 κρείττονο;
269 1192 446 1225 ὲπινεύσεως,
474 1193 603 1229 ἐξαρκεῖν
622 1193 698 1228 αὐτῷ
714 1194 822 1229 διακρί-

31 1247 81 1265 νειν
96 1239 130 1265 τὸ
145 1238 232 1264 καλὸν
243 1238 298 1265 ἁπῆ
311 1238 357 1265 τοῦ
375 1239 495 1274 χείρονος
512 1239 552 1274 (οὐ
570 1239 624 1274 γὰρ
638 1239 670 1266 ἂν
685 1240 721 1275 μὴ
738 1240 823 1266 ταῦτα

30 1285 190 1319 ἂιθέμενος
204 1285 253 1312 καὶ
266 1285 395 1320 κυρώσας
418 1286 482 1322 παρ’
505 1285 607 1320 ἐαυτῷ,
625 1285 756 1320 οϋμενουν
775 1287 826 1313 οὐκ

30 1331 59 1358 ἂν
71 1330 187 1365 ὑψῶσαι
213 1330 296 1363 δόξαν
316 1331 412 1357 ἑαυτὸν
437 1331 596 1366 ὑπέδραμεν
608 1332 649 1362 είς
663 1331 692 1357 τὺ
709 1331 825 1366 μέγεθος

32 1377 72 1411 τῆς
83 1376 202 1412 πρώτης
219 1377 318 1412 ἀρχῆς.
362 1377 466 1412 κρίνειν
478 1385 507 1403 τε
523 1377 572 1403 καὶ
601 1377 752 1413 διακρίνειν
776 1378 824 1404 τοῦ

30 1422 150 1458 πονηροῦ
165 1422 196 1448 τὸ
207 1422 300 1454 καλὸν,
314 1422 395 1455 σοφία
404 1421 524 1456 ἔμφυτος
537 1422 584 1449 καὶ
601 1423 783 1458 ἀπερινόητος
795 1423 825 1456 ἐξ

30 1469 110 1495 ἀϊδίου
129 1467 284 1503 περίεστιν,
300 1467 459 1494 ἀλλὀὑδῈν
467 1459 632 1503 προτάττειν
645 1469 733 1504 ὁρμὴν
747 1468 823 1495 ἐτόλ-

32 1524 116 1550 μησεν
133 1518 187 1550 τὴν
204 1515 289 1540 αὑτοῦ
312 1514 361 1548 τῆν.
377 1515 504 1542 ἁπάντων
528 1514 717 1550 δεσποζούσης
735 1523 764 1541 τε
780 1516 827 1541 καὶ

31 1562 118 1592 πάσας
131 1561 252 1595 χάριτας
269 1560 441 1594 διαγνώσεως
455 1560 635 1596 πηγαζούσης
659 1561 706 1586 καὶ⁴
719 1561 826 1596 διακρί-
839 1573 862 1602 C

31 1616 95 1639 σεως
106 1616 114 1623 ⁸
126 1607 186 1634 οὐδ’
205 1606 239 1633 ἂν
255 1607 305 1641 τὴν
317 1606 395 1633 θείαν
406 1607 515 1642 ἐντολὴν
532 1607 597 1643 παρ’
610 1607 686 1634 οὐδὲν
702 1607 827 1643 θέμενος,

31 1655 92 1688 δὶην
109 1653 199 1681 αὑτοῦ
210 1655 246 1689 τῇ
260 1652 357 1688 γνώμῃ
366 1652 420 1679 τῶν
428 1654 574 1688 πρακτέων
585 1654 718 1689 διοίκησιν
726 1654 829 1688 ἐνεχεί-

34 1701 115 1734 ρισεν)
127 1707 137 1715 ο
156 1699 221 1725 ἐπεὶ
235 1698 300 1729 οὖν,
318 1698 403 1732 φησιν
414 1698 428 1724 ὁ
445 1698 520 1730 Θεὸς,
537 1699 593 1730 τοῖς
604 1698 696 1733 ἔργοις
709 1699 829 1734 παρέσχε

33 1744 74 1769 1’“
100 1743 231 1777 ἔλεγχον,
263 1742 355 1777 ἑαυτῷ
377 1742 602 1774 καταπιστεύσας
627 1743 674 1770 τοῦ
701 1743 760 1778 βίου
777 1744 827 1779 τὴν

34 1791 163 1825 πρόνοιαν
195 1789 247 1815 καὶ
270 1789 361 1815 οὐκέτι
397 1790 455 1821 τοῖς
487 1790 633 1825 ἡμετέροις
659 1790 830 1817 ὐποκύπτειν

31 1837 114 1863 ἐθέλει
144 1835 373 1870 προστάγμασιν,
400 1834 468 1861 ἀλλὰ
481 1835 511 1861 τό
525 1844 557 1869 γε
571 1835 647 1862 δοθὲν
670 1835 747 1872 αὗτῷ
761 1836 828 1863 αὺτ-

29 1883 153 1915 εξούαιον
169 1881 243 1917 πρὸς
253 1880 306 1916 τὴν
321 1880 369 1907 τοῦ
388 1880 537 1912 δεδωκότος
553 1880 632 1915 ὓῦριν
643 1883 829 1917 ἀπεχρήσατο,

30 1929 74 1955 καὶ
89 1928 226 1963 ἐνόμισεν
241 1927 341 1953 ἑαυτὸν
351 1925 422 1953 εἶναι
432 1927 470 1958 ὡς
478 1927 526 1953 ἕνα
539 1927 568 1960 ἐξ
584 1927 672 1962 ἡμῶν,
682 1927 830 1962 νομοθέτην

31 1975 282 2010 νομοθετούμενον,
317 1973 474 2009 προνοητὴν
485 1973 516 1999 οὐ
534 1973 664 2009 προνοίας
691 1973 829 2008 δεόμενον,

31 2022 168 2057 Zizaim-iv
200 2021 234 2047 οὺ
266 2019 485 2054 δειιποζόμενον,
509 2019 622 2054 ἄμεινόν
647 2020 721 2046 ἐστιν
748 2019 831 2046 αὐτὸν

29 2068 202 2103 ὲκξληθῆναι
219 2066 270 2094 τοῦ
284 2065 462 2102 παραδείσου,
476 2065 522 2093 διὰ
535 2065 582 2092 δύο
603 2066 720 2101 μάλιστα
733 2066 829 2093 ταῦτα·

30 2114 53 2140 ἓν
68 2115 119 2148 μὲν
138 2114 190 2140 ινα
205 2113 246 2148 μὴ
255 2112 364 2148 τρυφῆς
378 2113 419 2144 εις
440 2111 554 2148 ἄκαιρόν
565 2120 595 2138 τε
612 2112 658 2138 καὶ
674 2112 831 2146 ἀπαιδαγώ-

30 2168 108 2194 γητον
136 2159 298 2186 ἀπόλαυσιν
327 2158 482 2190 καταστὰς,
511 2157 617 2192 χείροσι
640 2157 831 2193 καταλισοήσῃ

33 2205 258 2240 mperat-391:“,
273 2205 321 2231 καὶ
338 2204 476 2240 δεύτερον,
496 2204 539 2231 ἵνα
556 2203 667 2238 τοίςτῆς
683 2204 832 2239 ὑπερορίας

877 272 935 300 brio
949 272 1056 300 allicere
1066 273 1141 308 quod
1167 274 1283 309 superba
1299 275 1464 310 imaginatus
1487 280 1560 304 esset
1586 281 1614 303 et
1631 284 1664 304 ea

875 324 937 351 quae
966 317 1123 346 Conditoris
1157 319 1343 346 benevolentia
1368 320 1495 348 manibus
1513 321 1661 355 retinebat,

875 363 992 398 propriae
1015 364 1204 399 imprudentia:
1220 373 1302 392 causa
1319 366 1496 401 perdidisset;
1524 367 1570 394 alii
1587 376 1662 399 vero.

875 410 982 437 allinem
1006 411 1140 439 rationem
1170 411 1324 446 alIerentes,
1351 412 1468 440 alterum
1494 413 1559 448 quid
1575 413 1666 441 dicere

875 456 997 485 student.
1028 457 1138 484 Irrideri
1168 457 1252 490 enim,
1288 458 1428 494 inquiunt,
1451 463 1478 486 et
1513 460 1664 494 praesertim

875 504 965 532 verbis
990 503 1088 531 Adami
1114 503 1296 532 infortunium
1312 505 1455 532 confundi.
1488 505 1523 542 Et
1539 506 1586 534 alii
1601 513 1666 533 cen-

875 554 992 577 suerunt
1019 549 1127 577 irrideri
1148 550 1283 578 actionem
1309 558 1362 585 qua
1383 551 1465 578 altius
1492 552 1604 586 propria
1619 559 1667 578 na-

875 601 936 623 tura
961 596 1020 624 suis
1048 596 1261 631 cogitationibus
1279 597 1362 624 hortm
1385 597 1546 630 ascendens,
1576 606 1609 625 ex
1632 605 1666 626 eo

874 642 956 668 etiam
968 641 1064 669 ordine
1079 642 1104 668 in
1128 650 1183 677 quo
1193 650 1255 670 eum
1272 644 1376 678 erigere
1386 644 1514 678 dignatus
1523 648 1585 671 erat
1595 644 1668 672 Con—

875 688 957 719 ditor,
982 687 1103 722 dejeclus
1125 695 1176 716 est.
1211 689 1337 716 Proxima
1363 697 1395 716 ea
1410 694 1436 716 et
1460 690 1494 718 ab
1508 691 1605 718 eodem
1620 691 1665 718 in-

875 737 954 768 cepto
980 733 1033 760 iter
1048 734 1234 768 suscipientia,
1262 735 1313 761 etsi
1339 734 1528 763 diﬂ‘erentiltus
1554 735 1667 763 videan-

876 784 920 806 tur
933 780 1032 808 deinde
1055 781 1263 815 propaginibus.
1297 780 1354 815 Ego
1381 789 1447 808 vero
1462 788 1517 808 non
1533 781 1668 816 sapientis

874 834 936 854 esse
953 825 1090 853 crederem
1118 834 1149 853 ea
1163 827 1288 861 rejicere,
1303 826 1406 854 rectius
1428 831 1518 854 autem
1546 827 1665 854 dicerem

876 873 949 900 aliud
969 872 1090 900 indicare
1112 880 1220 900 sacrum
1239 872 1316 902 illum
1336 873 1438 900 locum.
1468 872 1540 905 Quid
1560 871 1666 906 igitur?

878 917 1027 952 Postquam
1041 918 1138 948 Adam.
1150 917 1240 952 potius
1261 925 1343 952 quam
1360 918 1411 953 legi
1431 918 1565 950 obediret,
1585 918 1667 953 legis-

875 963 969 991 latoris
993 963 1152 999 dignitatern
1176 964 1311 998 abripuit;
1339 964 1429 998 potius
1444 971 1526 999 quam
1549 971 1615 991 cura
1639 969 1667 991 et

876 1010 1046 1037 institutione
1057 1010 1149 1037 divina
1167 1010 1314 1042 frueretur,
1346 1010 1462 1045 propriae
1483 1010 1616 1037 voluntati
1639 1013 1667 1037 et

875 1056 936 1083 vita:
953 1055 1104 1090 prudentiae
1125 1061 1202 1083 actus
1225 1055 1356 1088 credidit;
1380 1060 1408 1082 et
1430 1056 1485 1083 vim
1500 1056 1668 1083 existimavit

875 1102 1014 1130 sebabere
1034 1101 1139 1136 absque
1166 1109 1216 1136 ope
1241 1102 1336 1129 divino
1361 1105 1388 1129 et
1413 1101 1518 1136 majore
1544 1102 1666 1136 impulsu

875 1147 977 1175 bonum
993 1155 1009 1174 a
1031 1147 1103 1175 malo
1135 1147 1307 1176 discernendi
1333 1146 1404 1182 (nisi
1424 1147 1497 1174 enim
1512 1147 1571 1174 haec
1593 1147 1666 1183 apud

875 1201 904 1220 se
923 1193 1068 1221 statuisset
1093 1199 1120 1220 et
1141 1193 1299 1225 stabilisset,
1332 1201 1386 1221 non
1415 1200 1482 1221 sane
1509 1193 1666 1228 opinionem

875 1239 1048 1273 concepisset
1082 1246 1112 1266 se
1131 1239 1165 1266 ad
1194 1239 1366 1274 majestatem
1400 1239 1495 1274 primae
1525 1239 1668 1275 dignitatis

875 1284 1013 1319 erigendi,
1053 1284 1096 1311 cui
1120 1284 1263 1319 iudicandi
1300 1289 1328 1312 et
1360 1285 1535 1312 discernendi
1562 1285 1665 1312 bonum

875 1338 891 1357 ιι
919 1330 991 1357 malo
1016 1329 1088 1358 inest
1122 1330 1257 1358 naturalis
1279 1336 1306 1358 et
1327 1331 1619 1366 incomprehensibilis
1631 1330 1666 1358 ab

875 1380 977 1404 aeterno
994 1376 1142 1411 sapientia;
1167 1384 1255 1411 neque
1273 1384 1359 1404 ausus
1374 1381 1446 1405 esset
1462 1377 1602 1411 propriam
1618 1384 1665 1404 sa-

875 1422 1004 1456 pientiam
1027 1421 1169 1457 sapientia:
1185 1421 1250 1449 huic
1259 1426 1436 1456 anteponere,
1463 1428 1525 1456 qua
1538 1420 1668 1448 omnibus

877 1468 1037 1495 dominatur
1049 1473 1076 1495 et
1090 1475 1186 1494 omnes
1201 1467 1322 1495 scientiae
1341 1472 1367 1494 et
1378 1467 1552 1495 discretionis
1568 1467 1670 1502 gratias

876 1513 1002 1546 ell'uudit,
1027 1519 1116 1549 neque
1136 1514 1257 1541 divinum
1273 1514 1429 1541 mandatum
1450 1513 1529 1540 nihili
1544 1512 1648 1540 faciens
1660 1533 1668 1546 ,

877 1565 1004 1587 cunctam
1017 1560 1115 1595 agendi
1131 1559 1264 1587 rationem
1278 1560 1396 1594 propria:
1407 1559 1538 1589 voluntati
1551 1558 1668 1586 commi-

879 1606 985 1641 sisset);
998 1611 1142 1640 postquam
1157 1606 1250 1640 igitur,
1267 1606 1356 1640 inquit
1371 1605 1454 1637 Deus,
1482 1605 1616 1640 operibus
1639 1612 1670 1632 sc

878 1660 957 1679 reum
978 1653 1131 1685 constituit,
1158 1652 1212 1680 sibi
1237 1652 1288 1687 ipsi
1312 1653 1408 1684 tidens,
1427 1653 1455 1679 in
1479 1652 1551 1684 vitae,
1578 1652 1671 1686 provi-

880 1699 980 1732 dentia,
1005 1703 1032 1726 ct
1048 1699 1136 1726 noluit
1157 1699 1227 1726 meis
1243 1699 1353 1726 obedire
1374 1698 1521 1730 mandatis,
1547 1702 1575 1726 et
1603 1698 1670 1725 dato

880 1745 932 1772 sibi
961 1745 1046 1772 libero
1059 1745 1186 1776 arbitrio,
1205 1745 1238 1772 ad
1255 1745 1386 1779 iniuriam
1406 1745 1481 1772 illius
1494 1745 1542 1779 qui
1563 1744 1629 1771 illud
1644 1743 1671 1771 ei

880 1790 964 1821 dedit,
981 1791 1085 1818 abusus
1096 1795 1148 1823 est,
1158 1795 1185 1818 et
1197 1790 1348 1819 crediditse
1362 1790 1450 1825 ipsum
1464 1797 1525 1818 esse
1540 1794 1570 1817 ut
1584 1794 1670 1817 unum

880 1844 913 1863 ex
925 1837 1014 1869 nobis,
1024 1836 1204 1872 legislatorem
1215 1842 1242 1864 et
1256 1844 1309 1864 non
1322 1837 1387 1872 legis
1398 1836 1563 1870 subjectum,
1579 1836 1672 1870 provi-

881 1882 990 1909 dentem
1026 1887 1053 1909 et
1078 1890 1132 1909 non
1170 1883 1339 1917 providentia
1361 1887 1497 1917 egentem,
1527 1882 1671 1910 dominum

881 1932 908 1955 et
936 1936 990 1955 non
1006 1928 1057 1955 sub
1073 1928 1194 1956 dominio
1205 1928 1397 1960 constitutum,
1426 1928 1524 1956 melius
1546 1932 1590 1955 est
1605 1935 1670 1955 eum

882 1975 1038 2010 aparadiso
1065 1975 1181 2010 expelli,
1206 1979 1316 2010 propter
1337 1975 1392 2002 duo
1417 1974 1475 2003 haec
1501 1974 1670 2010 praesertim:

882 2021 969 2056 primo
985 2022 1095 2057 quidem
1111 2029 1156 2054 ne,
1174 2022 1201 2048 in
1213 2021 1320 2049 funesta
1340 2026 1367 2048 et
1382 2021 1495 2048 indocili
1511 2021 1673 2058 deliciarum

883 2068 1011 2096 [mitione
1040 2074 1127 2101 stans,
1152 2068 1321 2103 gravioribus
1343 2067 1462 2095 otl‘endat
1493 2066 1605 2094 casibus
1622 2075 1630 2099 ;
1646 2070 1674 2093 et

883 2115 1013 2148 secundo,
1044 2120 1072 2142 ut
1099 2115 1195 2142 exsilio
1221 2114 1345 2146 alliictus,
1369 2122 1402 2140 ex
1420 2113 1488 2149 ipsis
1504 2113 1632 2148 operibus
1645 2115 1673 2139 et

882 2161 1009 2188 dolorum
1038 2161 1225 2196 experimento
1253 2161 1343 2187 discat
1371 2164 1398 2186 et
1419 2159 1535 2194 propria:
1563 2158 1676 2185 virtutis

884 2214 1061 2238 mensuram,
1094 2211 1121 2234 et
1145 2210 1278 2241 quantum
1307 2205 1358 2240 ipsi
1386 2205 1523 2232 commodi
1550 2203 1674 2232 conferat

33 2249 459 2286 ἡτριςὲνταλαιπωρούμενος,
474 2250 521 2277 ἀπ’
531 2249 620 2276 αὐτῶν
633 2249 732 2284 πείρας
749 2249 831 2284 μάθοι

925 2256 991 2279 atra:
1012 2252 1190 2287 providentia:
1213 2251 1315 2286 proprii
1339 2250 1456 2278 instituti
1483 2255 1512 2277 et
1524 2249 1674 2277 voluntatis

34 2297 78 2331 τῆς
91 2307 123 2324 τε
148 2297 263 2328 οἰκείας
279 2295 310 2322 τὸ
326 2296 425 2331 μέτρον
449 2295 602 2330 δυνάμεως,
627 2295 675 2322 καὶ
701 2295 738 2326 ὡς
765 2295 831 2322 πολὺ

36 2344 104 2378 αὐτῷ
122 2342 357 2377 λυσιτελέστερον
378 2340 422 2377 ἦν,
452 2342 502 2376 τῆς
528 2342 607 2377 ἡμῶν
635 2341 765 2378 προνοίας
785 2341 829 2374 ἐξ·

883 2303 973 2325 motus
989 2298 1129 2333 adaptare,
1142 2301 1168 2324 et
1181 2304 1264 2332 quam
1279 2303 1294 2323 a
1305 2303 1334 2323 se
1345 2296 1404 2331 ipso
1419 2296 1519 2323 bonum
1531 2299 1559 2322 et
1571 2293 1674 2321 malum

882 2343 1039 2371 discernere
1050 2344 1138 2378 impar
1155 2343 1199 2370 sit.

37 2392 130 2416 ἅπτειν
143 2390 182 2416 τὰ
194 2389 246 2423 τῆς
263 2388 382 2420 διανοίας
401 2389 448 2414 καὶ
462 2389 512 2424 τῆς
526 2388 664 2420 πολιτείας
680 2389 830 2423 κινήματα,
850 2389 913 2417 ὅσον
924 2399 954 2416 τε
968 2390 1138 2426 καθέστηκεν
1168 2390 1259 2426 ἐνδεὴς
1277 2390 1325 2416 τοῦ
1340 2389 1485 2423 γινώσκειν
1516 2387 1563 2421 ἀφ’
1576 2384 1674 2413 ἑαυτοῦ

37 2443 64 2463 τε
73 2439 102 2464 τὸ
115 2437 204 2464 καλὸν
218 2436 267 2465 καὶ
278 2435 308 2462 τὺ
323 2437 450 2470 πονηρόν.

71 2485 184 2519 Ταύτης
201 2483 231 2510 δὲ
243 2482 295 2518 τῆς
308 2482 427 2514 διανοίας
441 2482 518 2518 οἶμαι
532 2483 578 2510 καὶ
587 2483 734 2518 Σύμμαχον
752 2483 834 2516 ἐγγὺς

41 2532 171 2565 fern-vin
200 2531 252 2566 τὴν
285 2530 418 2565 περιοχὴν
453 2530 499 2556 τοῦ
529 2529 612 2565 ῥητοῦ
639 2529 834 2556 ὲκδεδωκέναι·

43 2588 50 2602 ι
63 2579 126 2604 Ἰδοὺ
147 2577 239 2612 Ἀδὰμ
252 2576 410 2611 γέγονενὼς
426 2573 466 2606 εἷς
481 2576 510 2609 ἐξ
525 2575 671 2611 ἡμῶν,τοῦ
689 2575 836 2609 γινώσκειν

41 2623 198 2657 cpida-toﬁ
221 2622 308 2650 καλὸν
329 2623 377 2649 καὶ
398 2623 524 2658 πονηρόν.
544 2631 553 2647 ι
578 2622 610 2648 Αἱ
628 2622 656 2648 δὲ
681 2621 837 2656 ἔμπροσθεν

41 2670 187 2704 εἰρημέναι
200 2669 248 2696 τοῦ
261 2668 347 2704 ρητοῦ
357 2659 648 2704 διηγήσειςέδίδασκον
662 2666 695 2693 ἂν
706 2668 781 2703 ἡμᾶς
800 2667 837 2703 μὴ

41 2718 109 2751 πρὶς
121 2715 220 2750 ἕτερόν
232 2724 260 2741 τι
277 2715 390 2750 βλέπειν
406 2715 431 2741 εῐ
440 2723 472 2748 γε
491 2713 606 2749 σύνηθες
621 2714 687 2749 ἡμῖν
700 2713 763 2747 ὲνῆν
775 2714 840 2748 ὁρᾷν

41 2763 97 2794 τοῖς
113 2763 201 2798 izpo‘t;
213 2761 294 2797 ἡμῶν
323 2761 424 2795 λογίοις
439 2761 469 2787 ὲν
497 2760 537 2796 τῷ
559 2758 715 2794 διασύροντί
733 2767 763 2785 τε
792 2758 840 2784 καὶ

41 2808 180 2843 ιὲρωνικῷ
189 2808 238 2834 καὶ
252 2807 416 2841 διαγελῶντι
435 2807 528 2842 τρόπῳ
540 2806 572 2833 τὰ
593 2805 769 2840 ἀντικείμενα
784 2806 839 2835 τοῖς

80 2900 101 2915 “
119 2899 188 2927 Gen.
208 2907 248 2933 ιιι,
266 2897 312 2925 2‘2.

924 2483 993 2511 Huic
1006 2483 1099 2511 sensui
1107 2483 1220 2518 propius
1230 2482 1380 2510 accessisse
1389 2480 1583 2517 Symmachum
1595 2483 1675 2514 puto,

889 2533 916 2555 et
931 2528 1012 2563 hujus
1025 2528 1090 2555 dicti
1102 2533 1292 2563 argumentum
1302 2527 1454 2562 prodidisse
1467 2535 1474 2552 :
1491 2535 1501 2551 ι
1509 2525 1578 2554 Ecce
1587 2524 1676 2552 Adam

890 2574 979 2601 factus
997 2579 1038 2601 est
1059 2574 1139 2609 quasi
1165 2582 1236 2602 unus
1258 2581 1290 2601 ex
1307 2573 1397 2604 nobis,
1415 2573 1505 2600 sciens
1525 2572 1627 2599 bonum
1649 2574 1677 2598 et

890 2620 992 2647 malum
1004 2621 1036 2647 η.
1052 2630 1061 2645 1
1086 2620 1152 2653 Qum
1173 2624 1264 2648 autem
1281 2620 1358 2655 prius
1373 2619 1443 2647 data:
1465 2623 1529 2646 sunt
1544 2617 1677 2652 explana-

889 2665 987 2699 tiones,
1004 2674 1053 2693 nos
1064 2673 1117 2693 non
1132 2665 1205 2693 aliud
1215 2673 1277 2693 esse
1290 2665 1511 2700 prospiciendum
1534 2663 1676 2694 docerent,

889 2712 1005 2739 simodo
1020 2712 1170 2739 soleremus
1194 2711 1222 2738 iu
1250 2711 1351 2738 nostris
1376 2711 1462 2738 sacris
1482 2708 1600 2737 oraculis
1625 2707 1677 2735 sub

889 2758 1024 2786 irrisionis
1047 2762 1074 2786 et
1091 2757 1185 2785 ironia:
1207 2762 1235 2784 et
1249 2757 1378 2792 diasynni
1401 2756 1489 2784 forma
1502 2755 1625 2790 opposita
1642 2754 1677 2781 iis

890 2811 949 2838 (litae,
978 2804 1178 2838 praetenduntur
1210 2802 1360 2838 significata
1392 2806 1419 2828 et
1442 2801 1555 2835 ﬁgurata
1572 2799 1675 2829 videre,
