1882 3075
232 185 287 218 ’171

807 190 920 220 ΡΗΟΤΙ
923 191 937 220 Ι
953 191 1205 223 PATRIARCH/E
1222 193 1276 224 (ΖΡ.

1796 193 1841 226 172

234 241 310 266 et...
322 258 330 264 .
346 245 393 273 per
407 239 510 268 litteras
527 241 606 269 valet.
633 241 705 269 Nihil
726 244 797 271 enim
828 245 939 281 impedit
957 254 1013 274 om-

1074 249 1286 285 κροτεινομένοις
1301 248 1531 284 παραδηλούμενᾱι
1552 257 1581 274 τε
1603 248 1651 274 καὶ⁸
1663 248 1840 282 αἰνιγματιζό-

234 284 298 310 nino
314 285 380 319 quin
408 293 456 320 pro
484 288 619 322 paucitate
649 294 676 316 et
701 289 844 318 insolentia
872 292 1016 319 verborum

233 329 317 356 errari
335 331 429 364 possit.
461 331 514 359 Sed
527 334 662 368 quomodo
680 342 733 362 non
749 336 865 364 soiveret
882 337 1016 365 irrision‘is

233 379 259 402 et
271 376 363 404 ironia:
372 382 399 404 et
408 378 589 407 cavillationis
604 380 658 406 vim
674 381 707 408 ad
726 383 860 416 parabolae
873 387 899 410 et
917 384 1017 411 simili-

234 423 335 450 tudinis
352 424 461 451 tnodum
475 424 546 452 facta
561 426 665 453 dictio?
693 427 792 456 Contra
818 430 891 457 enim
912 430 936 457 si
952 438 1017 457 con-

233 468 402 502 sequentiam
420 469 536 497 habeant
548 478 608 505 qua:
620 471 692 499 dicta
709 477 784 506 sunt,
813 481 893 501 omne
906 482 1017 503 necesse

233 517 292 540 erat
305 514 416 542 verbum
432 515 582 549 observari,
605 518 677 552 quod
703 518 862 554 injuriarum
886 521 1016 548 severita-

235 564 287 586 tem
301 565 327 586 et
340 561 511 588 acerbitatem
528 564 646 591 mulcere
658 567 759 598 posset.
786 565 824 593 Ea
838 570 928 593 autem
943 575 994 594 vox
1007 576 1014 594 :

233 609 262 630 nt
278 613 346 631 unus
363 613 395 632 ea:
408 607 481 633 nobis
497 608 548 634 vim
564 609 657 636 ironia:
667 611 826 644 proscindit,
842 617 868 638 et
880 613 1016 647 opprobrii

236 649 335 677 mulcet
347 651 534 678 acerbitatem.
550 651 609 680 Non
624 654 695 682 idem
715 658 756 683 est
769 655 859 683 dicere
879 657 905 683 in
922 657 1017 692 objur-

234 695 380 729 gationem,
395 698 509 725 multum
527 706 593 726 sane
607 700 685 728 abest
698 710 705 727 :
724 710 733 727 ί
747 701 816 729 Ecce
827 703 913 730 Adam
930 703 1018 731 factus

199 742 209 766 .'
234 745 276 768 est
288 749 358 771 unus
374 750 407 770 ex
422 744 519 777 nobis;
533 754 541 770 ι
560 750 596 777 et,
612 751 760 781 «tanquam
778 756 850 776 unus
865 756 898 776 ex
910 749 1015 777 nobis.»

207 783 210 786 ’
237 785 324 813 Unum
354 787 464 822 quidem
486 789 635 824 simplicem
661 795 687 818 et
711 791 828 819 vividam
850 796 877 818 et
892 792 1018 820 letltalem

236 831 339 859 inducit
358 832 532 867 irrisionem;
558 835 673 862 alterum
696 844 760 864 vero
791 845 838 872 per
859 838 1018 872 parabolam

233 883 260 904 et
276 878 479 907 similitudinem
495 884 626 915 temperat
638 885 664 909 et
678 881 816 910 imminuit
828 884 1018 918 exprobratio-

235 932 294 952 nem
308 929 335 952 ct
346 926 479 954 rationem
496 928 641 961 quamdam
657 928 782 964 subjiciet
801 929 914 958 irridere
935 931 1018 959 simul

233 974 259 996 et
272 966 425 999 irrisionem
439 972 590 1007 auferendi,
620 981 682 1001 cum
697 974 819 1002 abinitio
833 975 927 1004 liceret
942 976 1018 1004 nullo

234 1017 315 1044 modo
330 1017 466 1045 irrisionis
480 1019 596 1046 formam
612 1019 715 1047 subire.

266 1104 306 1131 Ad
321 1105 381 1132 haec
402 1109 430 1132 et
445 1105 511 1133 illud
536 1106 734 1134 animadverte.
761 1107 790 1134 Si
816 1106 965 1139 irridentis.
993 1107 1017 1135 si

234 1149 386 1177 irvisionem
404 1151 581 1185 exprimentis
596 1157 669 1179 esset
687 1160 776 1180 sermo
789 1152 882 1180 dicens
896 1162 903 1180 :
928 1162 938 1179 ι
949 1152 1018 1180 Ecce

231 1197 317 1223 Adam
328 1195 417 1223 factus
434 1202 475 1224 est
491 1198 571 1232 quasi
595 1206 667 1225 unus
682 1205 715 1225 ex
729 1198 824 1231 nobis;
836 1207 846 1224 ι
873 1205 954 1232 quam
969 1198 1019 1225 ha-

232 1243 295 1269 beat
309 1249 372 1269 cum
389 1249 422 1269 eo
437 1243 636 1271 connexionem
652 1249 680 1271 et
700 1244 922 1279 consequentiam
944 1244 1018 1278 quod

232 1286 367 1321 sequitur,
381 1294 435 1313 non
449 1291 538 1322 potest
554 1287 730 1322 deprehendi.
756 1287 872 1314 Perinde
892 1291 934 1314 est
950 1294 982 1314 ac
995 1287 1018 1314 si

232 1332 334 1360 diceret
353 1340 360 1358 :
376 1332 522 1368 Postquam
538 1332 658 1361 Adatnus
674 1341 688 1360 a
705 1341 754 1368 spe
765 1333 874 1365 decidit,
891 1341 944 1368 qua
958 1341 1018 1360 ere-

231 1383 296 1406 ctus
311 1379 455 1413 supercilia
471 1379 619 1411 attollebat,
642 1379 677 1406 ab
706 1379 811 1414 incepto
840 1379 1018 1407 irrationabili

232 1423 274 1451 vel
288 1423 390 1452 invitus
404 1425 543 1457 subsedit;
558 1429 700 1460 pestquam
713 1425 847 1459 superbia:
866 1425 1019 1453 ltumiliatio

233 1469 381 1502 successit;
399 1473 542 1504 postquam
559 1469 688 1496 nuditatis
707 1469 794 1503 pudor
813 1476 876 1496 eum
900 1470 1019 1497 circum-

232 1516 326 1548 venit;
342 1515 438 1542 dcinde
449 1515 521 1549 quod
542 1515 664 1550 sequitur
685 1523 692 1542 :
716 1515 1019 1550 quapropter-decebat

232 1568 295 1588 eum
310 1560 372 1597 ejici
392 1568 406 1588 a
424 1561 562 1596 paradiso,
593 1568 627 1588 ne
647 1561 720 1596 quod
733 1561 855 1589 audaciae
868 1561 907 1588 illi
923 1569 1018 1596 super-

233 1612 292 1635 erat
320 1613 347 1635 et
368 1607 513 1636 voluntatis
544 1607 671 1641 superbia
700 1607 873 1634 audaciorem
907 1614 1017 1635 manum

233 1653 371 1681 reddentia
384 1653 418 1680 ad
429 1653 551 1688 rapinam
569 1652 739 1687 impellerent
749 1660 854 1686 eorum,
867 1661 927 1688 quae
941 1654 1017 1688 prius

233 1706 268 1726 ne
282 1699 414 1733 attingere
428 1698 538 1733 quidem
559 1702 674 1726 conatus
693 1703 760 1726 erat.
790 1697 860 1726 Num
885 1699 941 1727 haec
965 1700 1017 1727 ali-

233 1751 314 1778 quem
328 1743 529 1777 consequentiae
552 1743 684 1770 rationein
711 1743 822 1775 habent,
846 1749 893 1771 aut
907 1752 1016 1772 sensum

233 1790 268 1816 ab
290 1788 364 1816 omni
392 1787 605 1815 contradictione
639 1796 738 1822 purum
769 1789 898 1816 servant?
940 1788 1018 1822 Quod

234 1840 323 1862 autem
339 1838 430 1869 postea
442 1833 531 1861 adhuc
544 1834 679 1869 sequitur,
694 1835 760 1862 nihil
771 1836 888 1870 amplius
900 1835 1019 1864 ostendit

233 1886 315 1914 quam
330 1878 403 1914 quod
417 1879 520 1906 dictum
535 1883 586 1906 est.
605 1878 675 1906 Dicit
686 1879 758 1906 enim
782 1888 789 1906 :
818 1889 827 1905 ‹
841 1879 874 1906 Et
897 1887 970 1907 nunc
986 1887 1018 1907 ne

233 1925 304 1953 forte
318 1925 446 1952 extendat
462 1933 574 1952 manum
592 1930 618 1952 et
634 1926 819 1960 apprehendat
845 1925 964 1953 fructum
985 1926 1019 1954 de

233 1971 307 2005 ligno
329 1970 390 1998 vitae
409 1975 436 1998 et
466 1971 591 1998 comedat
618 1975 644 1998 et
666 1971 736 1999 vivat
762 1972 791 1998 in
811 1975 942 1999 teternum
956 1972 992 2000 “.
1006 1982 1015 1998 ›

190 2044 196 2047 ,
232 2016 374 2050 Quomodo
382 2024 436 2043 non
445 2020 527 2050 patet,
539 2018 561 2044 si
569 2024 601 2044 eo
607 2018 678 2052 quod
690 2017 723 2044 de
732 2025 780 2045 sua
788 2025 835 2052 spe
843 2022 869 2045 et
877 2023 1018 2053 exspecta-

234 2064 307 2091 tione
319 2063 459 2096 deciderit,
487 2063 626 2096 irridetur,
655 2068 683 2090 ut
706 2063 749 2091 his
763 2069 901 2091 ostensum
924 2069 975 2096 est,
992 2068 1019 2091 et

232 2116 341 2137 omnem
356 2116 433 2136 suam
460 2109 514 2135 vim
541 2109 697 2136 inﬁrmitate
721 2109 876 2141 mutaverit,
911 2115 937 2138 et
962 2117 1018 2137 suae

233 2155 337 2182 ﬁduciae
352 2159 461 2190 propter
482 2154 642 2189 iactantiam
670 2155 784 2183 subierit
797 2156 944 2189 jacturam,
967 2163 1018 2183 nec

234 2201 350 2236 propriis
365 2201 468 2229 viribus
486 2201 603 2235 potuerit
616 2202 730 2236 protegi,
743 2205 770 2228 et
784 2209 846 2229 eum
859 2201 902 2229 bis
917 2201 1017 2236 quibus

231 2251 311 2274 antea
326 2247 429 2282 protegi
446 2247 579 2279 decuerit,
603 2251 732 2282 tanquam
756 2247 903 2274 voluntatis
918 2255 1015 2282 pecca-
1031 2259 1054 2287 ι)

232 2298 290 2320 tum
309 2297 338 2320 et
350 2293 450 2320 vulnus
472 2293 570 2320 mentis
596 2293 770 2328 generositati
794 2293 922 2321 atilictum
942 2294 1017 2320 solii-

232 2343 335 2371 cerent,
349 2338 425 2365 illum
441 2339 589 2366 asecunda
611 2339 725 2366 audacia
751 2339 900 2366 recedere?
930 2339 1016 2366 Matti-

233 2387 332 2413 lestum
346 2390 389 2413 est
403 2385 486 2412 etiam
503 2389 623 2412 nostram
641 2385 668 2411 in
688 2385 748 2420 ejus
776 2385 883 2420 lapsum
910 2385 1016 2413 irrisio-

232 2438 294 2458 ncm
333 2436 360 2458 et.
397 2430 560 2463 iuvenilium
596 2430 792 2465 cogitationum
829 2429 1014 2457 inﬁrmitatem

230 2476 371 2504 evidenter
386 2475 574 2511 proscribere?
589 2475 736 2503 Prohibere
749 2475 821 2502 enim
839 2483 873 2503 ne
893 2476 960 2511 quid
981 2477 1015 2504 de

235 2521 311 2555 ligno
323 2521 384 2548 vitae
395 2521 596 2556 apprehendat.
607 2540 614 2547 .
626 2539 634 2547 .
647 2540 653 2547 .
669 2528 731 2548 eum
746 2524 774 2547 et
785 2525 846 2555 post
861 2525 1012 2556 transgres-

231 2567 337 2594 sionem
356 2566 422 2593 satis
438 2566 535 2593 virium
550 2566 675 2594 habuisse
695 2570 724 2593 ut
738 2566 838 2594 faceret
851 2567 921 2600 quod
933 2570 1013 2594 antea

231 2611 369 2646 nequibat,
394 2616 517 2639 testatur.
543 2610 628 2639 Nemo
642 2611 713 2638 enim
739 2612 830 2646 aliqua
844 2619 874 2639 re
893 2611 1012 2646 aliquem

231 2657 366 2684 interdicit
376 2666 429 2692 qua
443 2658 500 2693 jam
516 2663 613 2686 natura
627 2658 756 2686 exclusus
763 2662 816 2686 est.

267 2776 372 2803 Dictum
406 2782 449 2804 cst
479 2781 567 2805 tamen
595 2785 610 2804 a
646 2777 809 2812 quibusdam
848 2776 1014 2803 doctissimis

232 2823 297 2849 illud
323 2832 331 2849 ε
362 2832 371 2848 ι
386 2822 454 2850 Ecce
471 2823 556 2850 Adam
573 2823 661 2851 tactus
677 2827 719 2851 est
744 2826 872 2862 tanquam
887 2830 959 2851 unus
979 2830 1012 2851 ex

270 2890 292 2906 "‘
304 2890 369 2920 Cen.
387 2899 459 2924 xxix,
478 2891 519 2918 2|.

1069 303 1137 330 μενοι
1152 295 1199 321 καὶ
1212 315 1219 321 .
1234 314 1241 321 .
1252 315 1259 321 .
1272 315 1279 322 .
1292 304 1321 322 ον
1341 294 1384 321 διὰ
1396 295 1558 330 γράμματος
1584 293 1680 328 ἰσχύει.
1701 293 1780 319 Οὐδὲν
1793 294 1841 327 γὰρ

1067 344 1097 370 ὲν
1115 343 1210 370 πλάτει
1221 343 1319 370 κωλύει
1330 343 1417 376 λόγων
1428 343 1634 378 παρεμπίπτειν
1652 341 1724 368 κατὰ
1736 342 1765 367 τὺ
1780 341 1842 367 σπά-

1067 398 1123 416 νιον
1139 390 1225 416 καὶτὸ
1238 389 1331 425 ἄηθες.
1349 389 1428 416 Ἀλλὰ
1453 389 1512 420 πῶς
1528 389 1577 415 οὐκ
1598 388 1721 415 ὲκλύσειε
1735 387 1780 414 τοῦ
1791 387 1842 414 δια-

1067 434 1160 470 σύρειν
1175 434 1222 461 καὶ
1236 433 1429 469 εἰρωνεύεσθαι
1445 435 1493 460 καὶ
1507 433 1638 468 ἐπιγελᾷν
1669 432 1716 458 τὸν
1736 432 1807 459 τόνον
1828 433 1843 466 ἡ

1066 481 1137 508 κατά
1163 480 1319 516 παραϐολὴν
1339 480 1507 515 γεγενημένη
1537 479 1583 506 καὶ
1609 479 1738 513 ὁμοίωσιν
1761 478 1844 511 λέξις;

1067 528 1227 554 Τοὺναντίον
1239 526 1293 561 γὰρ
1300 526 1379 561 εἴπερ
1389 524 1461 560 εἶχεν
1476 525 1638 553 ἀκολουθίαν
1653 524 1686 551 τὰ
1708 523 1844 559 εἰρημένα,

1067 574 1140 600 ἅπαν
1156 573 1208 600 ἔδει
1226 572 1484 608 παραφυλάττεσθαι
1508 572 1585 607 ῥῆμα
1605 571 1635 598 τὺ
1650 571 1786 605 ἀπότομον
1804 569 1847 595 καὶ

1067 619 1164 654 πικρὸν
1179 620 1344 654 διαπραῦνον
1358 620 1412 646 τῶν
1428 619 1589 653 ὀνειδισμῶν
1601 626 1608 633 ·
1623 619 1640 652 ἡ
1651 617 1692 649 δὲ,
1709 617 1749 649 ὡς
1759 614 1802 649 εἷς
1815 616 1846 647 ἐξ

1067 666 1161 700 ἡμῶν,
1172 666 1202 692 τὺ
1215 666 1296 701 δριμὺ
1310 666 1359 699 τῆς
1371 666 1512 701 εἰρωνείας
1535 664 1715 697 ὑποτέμνεται
1731 663 1778 689 καὶ
1802 662 1848 696 τὴν

1067 711 1222 746 τραχύτητα
1234 710 1406 737 καταλεαίνει
1420 709 1467 736 τοῦ
1483 707 1721 744 προπηλακισμοῦ.
1748 708 1784 734 Οὐ
1798 707 1847 742 γὰρ

1066 756 1126 784 ἴσον
1146 758 1233 783 είπεῖν
1253 757 1295 788 εἰς
1309 756 1463 791 ἐπίπληξιν.
1479 755 1540 782 οὐδὲ
1570 754 1667 781 πολλοῦ
1686 754 1735 784 δεῖ,
1760 764 1769 779 l
1788 754 1849 779 Ἰδοῦ

1068 803 1180 838 γέγονεν
1207 802 1292 836 Ἀδὰμ
1318 799 1358 833 εἷς
1381 802 1410 833 ἐξ
1437 801 1525 836 ἡμῶν,
1541 810 1551 826 ι
1582 801 1647 833 καὶ,
1670 809 1679 825 ι
1697 799 1734 830 ὡς
1757 797 1796 831 εἷς
1822 799 1849 831 ἐξ

1068 850 1084 884 ἡ
1089 849 1146 884 μῶν
1156 857 1163 864 θ
1177 858 1187 874 ι
1200 848 1230 875 τὸ
1244 848 1293 883 μὲν
1305 848 1423 883 ἄκρατον
1438 848 1485 874 καὶ
1493 846 1608 882 σφοδρὸν
1621 846 1717 879 ἐπάγει
1731 845 1778 872 καὶ
1792 844 1850 870 καί-

1069 902 1128 928 ριον
1138 894 1184 920 τὸν
1197 893 1350 928 χλευασμόν
1364 896 1370 907 ‘
1400 891 1430 918 τὸ
1455 891 1483 917 δὲ
1507 890 1552 916 διὰ
1564 890 1615 925 τῆς
1630 888 1791 924 παραϐολῆς
1807 887 1851 914 καὶ

1067 939 1224 975 ὁμοιώσεως
1245 938 1421 973 κεκραμένην
1449 945 1509 968 πως
1521 935 1569 963 καὶ
1583 935 1782 971 μετριάζουσιν
1806 933 1852 967 τὴν

1067 985 1227 1020 ἐπιτίμησιν
1252 984 1333 1015 ποιεῖ,
1362 983 1409 1009 καί
1421 991 1481 1009 τινα
1508 981 1586 1016 λόγον
1604 981 1697 1016 ὑφέξει
1712 979 1852 1015 χλευάζειν

1066 1040 1096 1058 τε
1114 1031 1173 1066 ἃμα
1187 1030 1236 1057 καὶ
1254 1029 1302 1065 τὴν
1315 1029 1415 1064 χλεύην
1424 1028 1608 1064 ὑφαιρεῖσθαι,
1629 1027 1688 1059 ἐξὸν
1699 1027 1745 1053 ἀπ’
1767 1024 1852 1060 ἀρχῆς

1066 1079 1113 1105 τὸν
1127 1077 1228 1112 τρόπον
1245 1076 1366 1111 μηδόλως
1381 1074 1507 1101 ὑπελθεῖν
1520 1074 1570 1109 τῆς
1582 1073 1693 1108 χλεύης.

1109 1123 1207 1150 Ἐπίδέ
1220 1123 1326 1153 τούτοις
1335 1122 1445 1148 κάκεῖνο
1453 1119 1622 1153 συλλογίζου·
1634 1119 1658 1144 εἰ
1670 1117 1852 1152 διασύροντος,

1067 1172 1091 1198 εἰ
1102 1169 1290 1205 διαγελῶντος,
1305 1169 1329 1195 εί.
1344 1166 1484 1203 εἰρωνείας
1495 1165 1690 1202 προϐάλλοντος
1703 1165 1717 1190 ὁ
1728 1163 1810 1197 λόγος
1823 1159 1854 1197 ἦν

1066 1217 1081 1244 ὁ
1096 1217 1192 1251 λέγων,
1211 1225 1221 1242 t
1233 1215 1300 1243 Ἰδοὺ
1326 1213 1413 1249 ’Λδὰμ
1435 1213 1545 1246 γέγονεν
1564 1211 1601 1242 ὼς
1615 1207 1654 1242 εἷς
1685 1209 1714 1241 ἐξ
1737 1208 1828 1244 ἡμῶν.
1842 1216 1850 1232 ι

1066 1264 1128 1291 τίνα
1139 1263 1207 1299 πρὸς
1216 1262 1301 1297 αὐτὴν
1313 1261 1459 1295 συνάφειαν
1469 1259 1486 1294 ἢ
1501 1256 1658 1285 ἀκολουθίαν
1671 1256 1726 1288 ἕξει
1739 1256 1771 1282 τὸ
1783 1255 1854 1281 tru—

1068 1311 1193 1345 γόμενον,
1206 1309 1256 1335 οὐκ
1276 1307 1309 1334 ἂν
1320 1307 1436 1342 ἐθελήσῃ
1451 1305 1551 1339 γνῶσιν
1575 1302 1728 1337 παρασχεῖν
1738 1309 1744 1316 ·
1761 1301 1856 1335 ὅμοιον

1067 1356 1121 1390 γὰρ
1136 1355 1201 1381 ὡσεὶ
1217 1354 1320 1387 ἔλεγεν*
1344 1351 1453 1385 Ἐπειδὴ
1467 1350 1521 1377 τῶν
1543 1349 1658 1376 ἐλπίδων
1685 1345 1855 1374 καταπεσὼν

1067 1403 1081 1429 ὸ
1100 1400 1197 1435 Ἀδὰμ,
1215 1397 1259 1431 αἶς
1286 1398 1433 1434 ὀχούμενος
1456 1396 1505 1428 τὰς
1515 1396 1601 1431 ὀφρῦς
1626 1394 1742 1425 ἀνέσπα,
1767 1391 1858 1428 ὁρμῆς

1070 1448 1119 1483 μὲν
1131 1447 1176 1474 καὶ
1196 1446 1269 1472 ἄκων
1284 1445 1333 1479 τῆς
1345 1444 1442 1479 ἀλόγου
1457 1442 1599 1477 καθυφῆκε
1609 1449 1616 1456 ·
1632 1441 1662 1467 τὸ
1676 1437 1857 1475 γαυρίαμαδὲ

1069 1494 1205 1528 κατήφεια
1228 1491 1364 1524 διεδέξατο
1377 1499 1384 1506 ·
1412 1490 1460 1516 καὶ
1488 1489 1602 1524 αἰσχύνη
1622 1486 1672 1522 τῆς
1686 1484 1859 1520 γυμνώσεως

1069 1540 1150 1568 αὺτδν
1166 1538 1379 1575 περιετείχισεν·
1394 1535 1454 1562 εἶτα
1464 1536 1494 1562 τὸ
1516 1534 1685 1568 ἐπαγόμενον
1700 1540 1706 1547 ·
1721 1531 1767 1558 διὰ
1779 1530 1860 1557 τοῦτο

1031 1587 1054 1618 c
1070 1585 1209 1622 προσῆκεν
1224 1584 1305 1611 αὑτὸν
1320 1582 1485 1617 ἐκὸληθῆναι
1499 1580 1545 1607 τοῦ
1563 1578 1739 1614 παραδείσου,
1757 1577 1806 1602 ἶνα
1824 1575 1860 1622 μη

1067 1621 1098 1659 ab
1115 1630 1293 1666 περιγεγονὸς
1317 1628 1392 1663 αὐτῷ
1417 1627 1516 1663 θράσος
1536 1627 1584 1653 καὶ
1599 1625 1629 1652 τὺ
1641 1625 1798 1659 ὑπέρογκον
1814 1621 1861 1648 τοῦ

1068 1678 1239 1714 φρονήματος
1255 1675 1423 1712 θρασυτέραν
1436 1674 1485 1709 τὴν
1497 1674 1574 1708 χεῖρα
1586 1670 1809 1707 ἀπεργασάμενα
1824 1668 1863 1698 είς

1067 1724 1117 1759 τὴν
1132 1722 1260 1758 ἁρπαγὴν
1278 1720 1390 1747 ἐκείνων
1414 1718 1559 1753 συνελάσῃ,
1584 1715 1621 1743 ὧν
1641 1716 1695 1743 οὐδ’
1718 1714 1862 1742 ἅπτεσθαι

1069 1771 1202 1806 πρότερον
1215 1768 1344 1804 οὐδεμίαν
1371 1767 1474 1802 τόλμαν
1487 1764 1673 1792 ἐπεδεὶκνυτο.
1697 1759 1779 1796 *Λρα
1809 1760 1863 1794 γὰρ

1068 1817 1125 1852 ἔχει
1139 1815 1200 1843 τινὰ
1224 1815 1310 1842 ταῦτα
1336 1813 1415 1847 λόγον
1441 1811 1611 1842 ἀκολουθίας,
1637 1809 1654 1844 ἢ
1678 1807 1864 1838 συνδιασώζει

1068 1862 1274 1899 καθαρεύουσαν
1295 1861 1384 1896 μάχης
1393 1859 1531 1891 δὶάνοιανς
1560 1857 1614 1883 Καὶ
1631 1856 1683 1892 μὴν
1696 1855 1777 1881 οὐδὲν
1797 1854 1865 1890 μᾶλ-

1068 1907 1113 1934 λον
1129 1907 1222 1942 ἕτερον
1242 1905 1272 1931 τὸ
1295 1904 1465 1938 ἐπαγόμενον
1488 1902 1505 1936 ἦ
1527 1901 1558 1927 τδ
1585 1900 1732 1935 εἰρημένον
1764 1899 1862 1934 δηλοῖ·

1068 1952 1143 1987 λέγει
1157 1952 1222 1986 γὰρ,
1249 1960 1258 1976 t
1269 1950 1325 1977 Καὶ
1339 1949 1397 1981 νῦν,
1414 1949 1520 1983 μήποτε
1530 1946 1640 1982 ὲκτείνῃ
1650 1945 1699 1981 τὴν
1711 1946 1799 1980 χεῖρα
1818 1943 1865 1970 καὶ

1068 1998 1137 2034 λάϐῃ
1151 1997 1205 2024 ἀπὸ
1217 1996 1264 2022 τοῦ
1278 1995 1355 2028 ξύλου
1366 1995 1415 2029 τῆς
1427 1994 1499 2028 ζωῆς
1513 1988 1654 2028 καῖ’φὰγῃ
1670 1991 1717 2017 καὶ
1737 1990 1860 2034 ζήσεται

1068 2045 1108 2075 είς
1122 2032 1167 2070 τὸν
1183 2042 1278 2069 αἰῶνα.
1295 2050 1304 2067 ι
1342 2041 1404 2072 Πῶς
1425 2040 1478 2075 γὰρ
1495 2039 1544 2065 οὐκ
1565 2038 1699 2073 ἐπίδηλον,
1714 2038 1739 2063 εἰ
1763 2037 1811 2071 ἐφ’
1825 2032 1865 2066 οἷς

1067 2090 1117 2125 τῆς
1140 2087 1304 2123 προσδοκίας
1326 2086 1451 2113 διέπεσεν
1478 2084 1650 2120 ἐχλευάζετο,
1684 2084 1722 2114 ὡς
1751 2085 1866 2112 τούτοις

1068 2136 1213 2168 ἐδείκνυτο,
1245 2135 1336 2161 πᾶσαν
1355 2142 1388 2160 τε
1405 2132 1520 2167 δύναμιν
1538 2133 1578 2163 εἰς
1592 2131 1623 2157 τὸ
1640 2130 1756 2161 ἀσθενὲς
1776 2138 1865 2164 μετα-

1067 2181 1244 2216 ϐεϐλημένος,
1263 2180 1310 2206 καὶ
1325 2180 1376 2215 τῆς
1391 2179 1434 2214 ἐφ’
1448 2176 1488 2209 οἷς
1505 2177 1683 2212 ἐσοῧαρεύετο
1698 2177 1867 2211 παρρησία-ς

1069 2227 1189 2257 ὑποστὰς
1204 2226 1360 2261 ἀφαίρεσιν,
1378 2225 1425 2251 καὶ
1439 2225 1469 2250 οὺ
1491 2222 1719 2258 περιτειχίζεσθαι
1750 2222 1868 2256 συνεχό-

1071 2282 1151 2309 μενον
1165 2273 1283 2303 οἴκοθεν,
1303 2272 1443 2306 προσῆκον
1456 2269 1490 2306 ἦν
1508 2268 1545 2297 ὧν
1554 2269 1744 2303 ἀπετειχὶζετο
1759 2270 1867 2303 πρότε-

1070 2329 1126 2356 ρον,
1140 2321 1177 2351 ὡς
1190 2320 1274 2354 αὐτῆς
1283 2319 1332 2354 τῆς
1345 2318 1392 2344 τοῦ
1409 2318 1579 2353 βουλήματος
1590 2316 1758 2351 διαμαρτίας
1775 2316 1826 2342 καὶ
1838 2316 1868 2341 τὸ

1068 2366 1302 2404 περιθραυσθῆναι
1316 2365 1347 2392 τὸ
1360 2366 1483 2399 γενναῖον
1502 2364 1547 2391 τοῦ
1568 2364 1741 2399 φρονήματος
1758 2362 1867 2389 ἱκανῶν

1067 2414 1161 2445 ὄντων,
1176 2413 1306 2448 δευτέρας
1314 2411 1395 2438 αὑτὸν
1408 2411 1525 2445 ἀπάγειν
1535 2409 1715 2445 θρασύτητος
1734 2409 1867 2443 ἐμφανὲς

1066 2459 1095 2486 δὲ
1113 2459 1159 2486 καὶ
1170 2458 1207 2490 ὡς
1220 2458 1299 2493 ἡμῶν
1312 2457 1396 2492 χλεύη
1415 2457 1485 2483 κατὰ
1512 2456 1687 2483 κατάπτωσιν
1701 2455 1792 2481 αὑτοῦ
1809 2455 1867 2481 τιῖιν

1067 2505 1199 2532 νεανικῶν
1214 2504 1350 2539 λογισμῶν
1362 2504 1408 2530 καὶ
1423 2503 1566 2529 ἀσθένειαν
1578 2502 1867 2537 στηλιτεύειπεριφα-

1068 2552 1129 2583 νὼς.
1161 2551 1198 2577 Τὸ
1212 2551 1240 2577 δέ
1257 2550 1372 2577 κωλύειν
1381 2550 1461 2576 αὐτὸν
1473 2548 1520 2575 τοῦ
1533 2549 1611 2581 ξύλου
1626 2549 1675 2582 τῆς
1687 2548 1764 2582 ζωῆς
1779 2557 1869 2583 μετα-

1069 2599 1142 2632 σχεῖν
1171 2598 1202 2624 τὸ
1219 2598 1236 2623 ἀ
1248 2616 1255 2624 .
1276 2616 1284 2624 .
1300 2616 1308 2624 .
1325 2615 1332 2623 .
1349 2615 1355 2622 .
1369 2596 1437 2630 μετὰ
1450 2595 1500 2630 τὴν
1520 2595 1676 2629 παρᾶιῦασιν
1704 2595 1754 2620 καὶ
1765 2595 1865 2629 ἀνδρί-

1068 2643 1162 2675 ζεσθαι
1190 2644 1277 2670 ποιεῖν
1301 2642 1319 2669 ἃ.
1349 2642 1387 2677 μὴ
1405 2642 1538 2677 πρότερον
1556 2641 1681 2675 ¹ἠδύνατο,
1707 2643 1865 2675 μαρτυρεῖ.

1067 2689 1162 2720 οὐδεὶς
1179 2688 1234 2723 γάρ
1244 2688 1372 2724 ἀπείργει
1383 2688 1429 2714 τὸν
1439 2687 1544 2714 οἴκοθεν
1555 2687 1771 2722 ἀπειργόμενον.
1791 2685 1867 2713 ’Λλλ’

1071 2734 1103 2759 ἐκ
1119 2733 1223 2759 πολλῶν
1237 2734 1286 2768 μὲν
1296 2734 1373 2766 ὀλίγα
1386 2733 1482 2760 ταῦτα.

1102 2779 1214 2816 Εἴρηται
1230 2779 1320 2814 μέντοι
1345 2788 1377 2812 γε
1389 2779 1445 2806 τισὶ
1457 2779 1511 2805 τῶν
1521 2779 1702 2814 χαριεστέρων
1712 2777 1754 2808 τὸ,
1773 2788 1784 2804 ι
1798 2779 1867 2805 Ἰδοὺ

1072 2825 1157 2862 ’Δδάμ
1174 2827 1284 2861 γέγονεν
1306 2826 1344 2858 ὡς
1363 2823 1404 2858 εἷς
1424 2826 1453 2859 ἐξ
1474 2825 1563 2861 ὴμῶν,
1585 2834 1593 2851 ι
1609 2824 1640 2851 οὺ
1658 2824 1726 2859 πρὸς
1738 2824 1798 2860 τὴν
1814 2825 1868 2859 τῆς
