1882 3075
47 171 97 204 173

509 176 559 206 AD
581 177 878 211 AMPHILOCHIUM
896 180 1072 217 QUIESTIO
1088 181 1194 212 XXIV.

1619 182 1670 216 1⁵14

43 227 162 261 Τριᾱδος
186 226 327 263 ὑπεροχὴν
347 227 395 263 τὴν
417 227 557 265 ἀναφορὰν
580 229 663 265 ἔχειν,
683 231 740 258 ἀλλ’
755 233 795 264 είς
807 232 838 259 τὸ

927 234 985 268 bis;
1001 244 1011 262 ι
1039 242 1094 262 non
1112 235 1146 262 ad
1163 234 1270 263 Triadis
1289 235 1476 263 excellentiam
1495 235 1600 270 referri,
1622 236 1670 264 sed

41 273 149 307 πλῆθος
161 274 267 308 ἀφορᾷν
284 273 340 300 τῶν
352 273 545 310 λειτουργικιῖη
566 276 613 303 καὶ
624 276 778 312 ἀσωμάτων
793 278 839 305 δυ-

43 318 169 352 νάμεων.
193 318 265 352 Ἐγὼ
282 318 311 345 δὲ
326 319 419 346 τοῦτον
436 319 482 346 τδν
503 320 582 355 λόγον
606 323 674 356 μετὰ
685 322 732 349 τοῦ
746 323 838 359 ἐνέχε-

41 363 105 390 σθαι
116 365 180 396 ταῖς
194 364 409 400 προειρημέναις
421 366 532 399 αἰτίαις,
546 367 602 393 οὐδ’
611 367 667 403 ὁρῶ
679 368 738 395 ἰίνα
748 369 838 405 χῶραν

41 409 111 440 ὅλως
128 409 189 444 ἔχει
220 410 421 445 παρεντεθῖψαι
453 411 581 439 ἐνταῦθα.
607 412 677 440 Οὔτε
705 415 760 450 γὰρ
788 415 838 449 τὴν

43 455 201 490 συμϐουλὴν
217 455 264 482 τοῦ
277 455 369 490 ὗφεως
389 456 523 493 διασύρει,
542 457 603 484 οὐδὲ
620 459 744 493 ἀγγέλων
757 460 838 495 φύσιν

41 500 172 527 ὑπελθεῖν
183 500 276 536 ἔρωτά.
283 501 366 528 ποθεν
378 501 468 529 λαϐεῖν
481 504 496 529 ὁ
514 503 598 539 Ἀδὰμ
608 505 749 540 ἐφωράθη.
765 506 834 533 Οὐδὲ

41 543 74 578 ἦν
91 546 163 572 πολὺ
183 546 279 582 πόρρω
300 546 380 582 δόξης
395 548 445 583 τῆς
461 548 612 585 ἀΠελικῆς
626 550 751 583 διεστὼς,
766 552 838 578 κατὰ

43 591 86 617 τὸν
101 591 270 627 παράδεισον
282 592 331 623 τὰς
349 592 490 628 διατριϐὰς
512 593 591 629 ἔχων,
609 596 656 622 καὶ
671 596 722 631 τῆς
736 596 837 623 ἀθανα-

44 638 104 668 σίας
116 637 165 663 ἐπι
188 645 222 671 γε
242 639 277 673 τῇ
298 638 413 674 προνοίᾳ
427 639 474 666 τοῦ
490 639 648 672 Πλάσαντος
671 641 816 669 ἀπολαύων
828 651 835 658 ·

42 683 86 709 διὰ
99 682 191 709 ταῦτα
207 683 301 710 τοίνυν
318 684 350 710 οὐ
370 685 442 719 ῥᾴων
457 685 515 720 είμί
527 687 559 721 τῇ
574 686 687 723 τοιαύτῃ
695 687 742 714 τοῦ
754 688 837 723 ῥητοῦ

44 728 234 756 συνεπινεύειν
260 729 412 765 ἑρμηνεία·
448 731 566 765 μάλιστα
587 732 678 760 δὲκαὶ¹
690 733 757 760 διότι
783 743 836 770 περ

43 774 73 800 τὸ
81 775 144 802 ἀντὶ
172 776 308 810 ὀνόματος
323 776 503 812 παραληφθὲν
526 779 574 804 τοῦ
603 778 684 813 λόγου
702 779 785 815 μέρος
797 781 837 812 είς

43 819 167 846 τοιοῦτον
182 821 384 856 σχηματίζεται
397 821 492 850 τύπον.
527 823 604 859 Τάχα
621 825 643 850 δ’
660 824 695 851 ἂν
711 825 757 852 καὶ
779 825 838 852 ἑτέ-

45 873 102 898 ροις
121 865 294 901 τεθεώρηται
309 866 365 892 τῶν
379 866 534 902 εἰρημένων
547 867 672 904 θειότερά
686 877 716 896 τε
731 870 778 897 καὶ
790 879 836 896 τε-

43 909 180 946 λειότερα.
205 912 271 946 Ἐμὲ
290 911 318 938 δὲ
330 912 398 947 μήτε
415 913 526 948 μνήμην
547 913 620 949 ἔχειν
638 914 740 942 τούτων
755 916 771 950 ὴ
784 915 840 943 τῶν
856 904 877 931 Β

44 956 158 983 πολλῶν
182 958 231 983 καὶ
252 957 462 993 ἁλλεπαλλήλων
475 959 639 994 πειρασμῶν
646 960 737 996 πληγὴ
749 970 838 996 παραυ

42 1002 185 1035 χωροῦσα,
201 1002 263 1038 μηδ’
291 1004 332 1035 είς
355 1003 468 1039 ἔρευναν
499 1005 678 1033 καθίστασθαι
705 1007 840 1041 μηδεμίαν

42 1046 137 1073 ἄδειαν
151 1047 341 1083 παρεχομένη,
353 1049 393 1080 είς
403 1049 481 1076 τοῦτο
494 1051 548 1084 γὰρ
562 1050 636 1085 ἡμᾶς
645 1052 659 1078 ὀ
669 1051 723 1078 τῶν
733 1051 840 1087 ἀνθρώ-

44 1101 102 1119 πων
117 1093 218 1127 φθόνος
230 1094 414 1128 συνέκλεισεν,
430 1095 448 1122 ἃ
467 1096 560 1131 παρῆν
573 1097 661 1124 είπεῖν
676 1097 705 1130 ἐξ
720 1094 757 1124 ὧν
775 1106 839 1124 συν-

44 1139 112 1166 εῖδον
130 1141 204 1167 κατὰ
229 1141 279 1176 τὴν
303 1142 353 1176 σὴν
382 1142 622 1178 φιλομαθεστάτην
657 1144 770 1177 ἀξίωσιν
790 1145 840 1171 οὐκ

45 1186 161 1222 ἐπέσχεν
176 1186 307 1222 οὐδεμία·
320 1187 422 1223 καίπερ
440 1208 447 1214 .
465 1209 473 1216 .
491 1209 498 1217 .
518 1210 525 1217 .
544 1208 553 1217 .
571 1210 579 1218 .
591 1190 672 1226 σιγῆς
684 1192 819 1227 πρόφασις
831 1201 838 1208 ·

136 1231 212 1259 κατὰ
227 1233 277 1267 μὲν
292 1233 421 1269 επιϐολὴν
440 1234 615 1271 κεφαλαιώδη
636 1237 685 1263 καὶ
709 1237 841 1273 σύντομον

45 1277 90 1304 καὶ
114 1278 215 1313 καιρὸν
228 1278 351 1305 τοιοῦτον
360 1279 472 1314 ἁρκέσοι
483 1281 517 1308 τὰ
533 1281 680 1317 εἰρημένα.
710 1283 742 1309 El
771 1283 800 1310 δέ
814 1293 840 1311 τι

44 1325 90 1352 καὶ
108 1325 145 1352 σὺ
162 1324 271 1357 τούτοις
287 1326 436 1361 προσθείης
450 1327 501 1354 οὐκ
513 1327 624 1355 ἔλαττον
643 1329 734 1364 σαυτῷ
754 1329 771 1365 ἢ
794 1330 841 1356 καὶ

44 1371 109 1406 ἡμῖν
124 1379 160 1405 γε
188 1372 247 1403 τοῖς
264 1371 437 1404 διδασκάλοις
463 1372 513 1408 τὴν
535 1373 617 1409 χάριν
643 1374 838 1410 ἀνταποδοίης-

45 1417 108 1447 ῐως
126 1416 152 1443 δ’
169 1416 204 1443 ἄν
218 1425 291 1448 τινος
307 1418 436 1453 ἀφορμῆς
445 1418 521 1453 παρὰ
535 1418 582 1446 σοῦ
593 1419 778 1456 πορισθείσης,
793 1421 841 1448 καὶ

44 1464 110 1497 ἡμῖν
121 1462 160 1489 ἂν
175 1463 284 1496 γένοιτο
308 1463 357 1498 τῆς
370 1464 521 1498 Μωσαῖκῆς
548 1464 676 1497 θεοπτίας
689 1466 720 1492 οὐ
746 1466 841 1502 πόρῥω

45 1510 93 1540 τὴν
113 1507 240 1543 σπουδὴν
264 1508 345 1544 ἡμῶν
374 1509 572 1545 διωϐουμένης,
600 1511 720 1546 μάλιστά.
743 1520 775 1546 γε
794 1512 840 1539 καὶ

887 281 1024 316 respicere
1038 281 1072 308 ad
1089 280 1289 308 multitudinem
1304 286 1458 309 sanctarum
1489 287 1516 310 et
1542 282 1671 317 incorpo-

888 333 996 354 rearum
1016 330 1190 361 potestatum.
1235 326 1291 361 Ego
1313 334 1388 358 vero.
1403 332 1582 362 praeterquam
1597 329 1670 362 quod

887 372 1023 407 praedictis
1038 371 1128 399 causis
1140 371 1262 406 subiacet
1274 372 1317 399 hic
1327 379 1427 405 sermo,
1441 380 1494 399 non
1503 373 1580 400 video
1589 380 1669 408 quem

888 417 978 445 locum
990 417 1089 444 habeat
1110 417 1156 444 hic
1170 417 1306 445 interseri.
1334 417 1427 452 Neque
1448 418 1521 445 enim
1537 420 1671 452 serpentis

888 461 1032 489 consilium
1067 461 1211 494 obtrectat,
1240 468 1329 496 neque
1353 461 1510 496 angelorum
1543 467 1670 489 naturam

888 505 1055 540 suscipiendi
1081 513 1202 533 amorem
1226 505 1384 540 concepisse
1407 505 1493 533 Adam
1519 507 1594 534 visus
1617 511 1669 534 est.

887 550 947 578 Non
967 551 1047 586 longe
1061 558 1077 578 a
1102 551 1188 586 gloria
1213 551 1333 586 angelica
1348 551 1446 584 stabat,
1465 552 1530 578 dum
1547 552 1573 578 in
1592 560 1671 586 para-

887 597 949 625 diso
965 598 1184 624 commorabatur
1200 602 1227 624 et
1245 597 1421 632 providentia:
1432 597 1572 624 Creatoris
1587 598 1670 628 bene-

888 641 951 669 tlcio
965 642 1169 670 immortalitate
1186 641 1338 669 fruebatur.
1351 643 1497 677 Propterea
1514 649 1568 669 non
1583 642 1672 670 liben-

887 689 929 713 ter
947 686 995 713 tali
1022 686 1103 720 hujus
1124 686 1200 714 verbi
1229 686 1413 721 explanationi
1447 687 1670 722 acquiescerem;

888 731 1038 766 praesertim
1054 731 1119 766 quia
1135 738 1184 766 pro
1200 732 1311 759 nomine
1322 736 1448 766 suscepta
1464 733 1600 760 sermonis
1609 740 1673 767 pars

887 775 915 802 in
934 775 1018 803 talem
1031 775 1196 802 transfertur
1215 775 1342 810 ﬁguram.
1366 776 1449 803 Forte
1465 780 1491 803 et
1511 777 1545 804 ab
1559 777 1620 805 aliis
1634 777 1673 804 in-

888 825 966 848 venta
984 826 1049 849 sunt
1063 821 1096 849 iis
1120 829 1181 856 quae
1204 822 1275 849 dicta
1288 827 1352 850 sunt
1373 822 1507 849 diviniora
1530 828 1558 850 et
1583 823 1673 857 perfe-

887 867 984 894 ctiora.
1000 866 1042 894 Me
1050 874 1114 894 vero
1122 874 1210 902 neque
1221 867 1303 895 etiam
1313 868 1574 902 eorum;memoriam
1581 873 1674 896 tenere

891 914 1027 947 persuasit
1038 914 1186 942 multorum
1199 919 1227 942 et
1238 915 1289 943 sibi
1305 915 1509 943 succedentium
1523 921 1672 943 conatuum

891 959 961 986 ictus
981 959 1084 986 nullam
1100 961 1133 987 ad
1147 960 1371 995 investigationes
1395 961 1554 989 statuendas
1570 961 1674 989 securi-

891 1007 974 1031 tatem
999 1004 1132 1039 praabens.
1163 1004 1204 1033 Ad
1222 1004 1250 1032 id
1262 1005 1336 1032 enim
1352 1013 1404 1033 nos
1416 1006 1556 1033 hominum
1573 1005 1674 1033 invidia

889 1050 1016 1085 perduxit
1034 1055 1064 1078 ut
1087 1058 1149 1086 quae
1169 1056 1279 1086 paratus
1297 1059 1372 1079 eram
1388 1051 1479 1080 dicere
1493 1059 1527 1079 ex
1539 1051 1583 1080 his
1613 1059 1683 1086 quae.

891 1097 1021 1130 intellexi,
1043 1097 1122 1132 juxta
1141 1101 1218 1124 tuam
1241 1097 1412 1133 dignitatem.
1445 1098 1535 1126 dicere
1561 1098 1675 1126 minime

889 1149 1017 1170 securum
1031 1143 1077 1170 sit.
1102 1142 1232 1176 Quamvis
1246 1163 1270 1170 ..
1281 1163 1289 1170 .
1299 1163 1307 1170 .
1324 1143 1424 1171 silentii
1437 1148 1594 1178 praetextus.
1623 1143 1676 1170 Sed

890 1196 941 1224 pro
952 1189 1026 1217 brevi
1040 1192 1068 1216 et
1083 1188 1230 1215 summaria
1241 1183 1418 1223 responsione
1430 1192 1458 1215 et
1474 1196 1524 1222 pro
1539 1189 1586 1215 tali
1607 1193 1675 1215 tem-

890 1241 956 1269 pore
975 1234 1032 1262 haec
1050 1233 1184 1261 suﬂiciant
1198 1233 1280 1260 dicta.
1305 1233 1333 1260 Si
1354 1238 1444 1260 autem
1458 1238 1484 1261 et
1506 1238 1535 1260 tu
1547 1233 1590 1261 his
1605 1233 1675 1269 adji-

891 1287 980 1313 ceres,
1009 1287 1064 1307 non
1078 1279 1170 1307 minus
1184 1280 1233 1307 tibi
1251 1287 1333 1314 quam
1357 1279 1437 1306 nobis
1462 1278 1601 1314 magistris
1621 1279 1676 1307 tuis

890 1326 1005 1362 gratiam
1021 1325 1195 1360 rependeres.
1229 1325 1330 1353 Forsan
1354 1332 1418 1352 vero
1445 1325 1468 1352 si
1485 1324 1614 1359 quiddam
1631 1332 1677 1360 ag-

891 1370 1041 1406 gredereris
1059 1371 1126 1406 ipse,
1139 1370 1259 1398 Mosaica
1279 1370 1383 1397 visione
1402 1376 1458 1396 non
1475 1369 1569 1404 procul
1590 1370 1674 1396 ardo-

891 1425 949 1444 rem
969 1422 1093 1445 uostrum
1116 1421 1281 1449 removente,
1304 1416 1454 1452 praesertim
1473 1422 1537 1443 vero
1558 1415 1640 1443 malis
1650 1420 1678 1443 ct

891 1463 1028 1491 continuis
1040 1463 1184 1491 affectibus
1203 1462 1364 1498 potentioris
1378 1462 1565 1490 benevolentia
1585 1461 1677 1489 immi-

891 1509 975 1542 nutis,
1001 1509 1108 1537 adesset
1121 1508 1222 1544 aliquid
1242 1508 1391 1543 sapientius
1409 1508 1443 1535 de
1463 1507 1678 1543 prmcedentibus

45 1553 98 1580 τῶν
109 1553 284 1588 συνεχόντων
296 1554 390 1581 παθῶν
404 1555 532 1591 εὐμενείᾳ
544 1555 591 1582 τοῦ
601 1556 754 1591 κρείττονος
763 1556 840 1583 έλατ-
854 1575 875 1604 C
894 1554 1018 1590 cogitari.

45 1599 203 1634 τουμένων,
223 1599 381 1635 σοφώτερόν
397 1609 422 1626 τι
432 1600 497 1636 περὶ
512 1600 567 1627 τῶν
582 1601 771 1636 προκειμένων
781 1601 838 1628 δια-

47 1644 189 1680 νοηθῆναι.

317 1702 484 1729 ΕΡΩΤΗΣΙΣ
502 1703 565 1730 ΚΔ’.

50 1746 110 1780 Πῶς
125 1747 261 1784 θεςζητός
274 1755 307 1784 ’ξε
319 1747 369 1784 καὶ
379 1748 525 1784 ἀθέλῃτος
543 1748 584 1782 τῷ
604 1749 696 1784 Πατρί
718 1751 734 1777 ό
747 1750 838 1777 θάνα-

80 1791 129 1816 τος
140 1782 259 1818 λέγοιτξ
276 1781 315 1809 ἂν
330 1780 407 1818 εἶναι
417 1780 471 1809 τοῦ
483 1780 612 1817 Χρωνὲοῧ
623 1793 630 1800 ·
647 1780 697 1812 καὶ
710 1785 773 1818 πῶς
784 1784 836 1812 πά·

79 1820 131 1854 ,ξιγ
146 1819 164 1844 ὁ
176 1817 278 1854 αὐτὸς
293 1817 438 1854 συνέλθοι
461 1817 501 1850 τῷ
522 1819 643 1854 ποντιρῷ
665 1820 791 1853 θελητός
807 1829 839 1847 τε

83 1852 145 1888 ἁμα
159 1850 241 1880 εἷγαι
253 1853 304 1879 καὶ
321 1852 477 1886 ἁθέλητος.

1044 1705 1208 1740 QUAESTIO
1225 1705 1304 1733 XXIV
1321 1704 1488 1742 [al.XXlll].

891 1753 1028 1787 Quomodo
1044 1757 1069 1779 et
1088 1752 1238 1780 uoluntaria
1261 1757 1285 1779 et
1301 1751 1482 1787 involuntaria
1502 1750 1580 1777 Patri
1605 1757 1682 1787 mors

925 1788 1026 1816 Christi
1042 1788 1096 1814 dici
1112 1792 1189 1821 queat
1202 1787 1292 1821 fuisse.
1309 1786 1343 1813 Et
1354 1786 1483 1821 quomoda
1498 1792 1589 1821 rursus
1610 1785 1680 1821 ecci-

925 1824 973 1850 dat
999 1828 1028 1850 ut
1050 1819 1142 1849 eadem
1159 1819 1229 1848 mors
1244 1819 1528 1849 diabolo'uoluntaria
1546 1819 1683 1854 simulque

926 1857 1110 1885 involuntaria
1132 1857 1222 1891 fuerit.

619 1911 690 1936 Edita
704 1919 718 1937 a
731 1911 801 1942 Maio,
812 1913 876 1938 Nov.
892 1913 961 1944 σοιι.,
973 1916 991 1939 ι.
1004 1914 1024 1945 1,
1038 1920 1063 1945 p.
1074 1913 1114 1938 τι.

78 1951 114 1980 α’.
139 1952 177 1978 Ἦ
200 1951 253 1986 μὲν
267 1951 314 1978 οὖν
331 1952 434 1987 ἀπορία
449 1953 665 1989 γλαφυρωτέρας
681 1954 753 1986 τινὸς
771 1956 840 1981 θεω-

48 2000 107 2034 ρίας
134 1999 255 2025 ἀπαιτεῖ
279 1998 327 2025 καὶ
352 1998 515 2034 διακρίσεως
537 1999 633 2034 λόγον·
659 2000 709 2027 οὐκ
735 2000 794 2027 ἐστι
818 2001 841 2028 δ’

47 2046 238 2081 ἁπςὸσδεκτον
252 2045 413 2081 ἐπικουρίας
424 2046 554 2081 ἑκάτερον
564 2045 618 2073 τῶν
629 2046 838 2082 ἀπορουμένων,

47 2092 191 2126 ἀξιόλογον
209 2090 417 2126 ἐπιδειχθῆναισ
440 2091 480 2118 δεῖ
499 2091 521 2118 δ’
535 2091 581 2118 οὖν
600 2092 692 2119 ἐκεῖνα
708 2092 842 2128 πρότερον

49 2139 86 2169 εἰς
98 2138 153 2173 τὴν
169 2137 353 2172 ὲνισχῠουσαν
371 2137 456 2172 ῥοπὴν
476 2138 674 2172 ἀναγαγόντας,
688 2137 760 2164 οὕτω
772 2137 843 2164 κατὰ

50 2185 96 2218 τὴν
110 2184 313 2219 προσήκουσαν
330 2182 406 2215 τάξιν
421 2183 468 2209 καὶ
492 2185 540 2218 τὴν
555 2183 632 2210 λύσιν
647 2183 762 2217 ἐπάγειν
780 2192 841 2210 πει-

53 2230 169 2265 ρᾶσθαι·
186 2229 258 2255 ἀλλὰ
272 2228 327 2265 γὰρ
342 2229 383 2255 ὅτι
400 2229 449 2264 μὲν
468 2229 576 2265 θέλημα.
596 2229 642 2255 τοῦ
658 2229 764 2264 Πατρδς
777 2227 812 2264 ἦν
830 2230 838 2255 ἐ

927 2228 1056 2255 lutionem
1065 2227 1263 2263 aggrediamur.
1277 2226 1349 2254 Sane
1360 2226 1432 2261 quod
1445 2225 1534 2252 Patris
1546 2225 1685 2252 voluntate
1742 2263 1745 2266 Ι

54 2276 169 2313 σταυρὸς
187 2275 238 2302 τοῦ
251 2274 382 2310 Χριστοῦ,
396 2274 478 2307 αὐτὸς
490 2275 564 2310 ἡμᾶς
579 2275 593 2300 ὁ
612 2274 708 2310 Σωτὴρ
721 2274 842 2302 διδάσκει

54 2322 80 2348 ἐν
93 2324 127 2358 τῇ
142 2320 194 2348 τοῦ
208 2321 325 2348 θανάτου
341 2320 506 2356 παραιτήσει
515 2319 613 2354 λέγων·
629 2328 638 2345 ι
653 2319 726 2350 Πλὴν
740 2319 800 2355 οὐχὶ
812 2319 844 2346 τὺ

55 2369 118 2403 ἐμὸν
132 2367 333 2403 θέλημα,ἀλλὰ
343 2366 375 2394 τὺ
385 2367 430 2394 σὺν
444 2367 590 2402 γενέσθω,ι
605 2366 688 2402 ἡνίκα
699 2367 730 2393 τδ
744 2366 843 2399 πάθος,

55 2417 101 2450 τῆς
116 2414 298 2450 ἀνθρωπίνης
312 2413 420 2448 φύσεως
441 2414 491 2449 τὴν
517 2413 647 2447 ἀληθειαν
673 2413 845 2444 ἐπιδεικνὺς.

56 2460 200 2496 ἀπηύχετό
225 2469 256 2487 τε
273 2460 322 2487 καὶ
345 2460 475 2495 ἁθέλητον
497 2459 653 2495 ὠνόμαζενο
669 2459 699 2486 οὗ
718 2459 800 2494 μόνον
818 2459 847 2486 δὲ

57 2508 125 2539 τότε,
143 2506 216 2533 ἀλλὰ
231 2507 278 2532 καὶ
295 2505 377 2541 ἡνίκα
391 2506 540 2540 ἐπετίμησε
553 2504 593 2541 τῷ
604 2505 847 2541 Πέτρῳ,φρόνημα

59 2552 106 2586 μὲν
124 2552 174 2578 τοῦ
192 2550 264 2577 Θεοῦ
288 2550 374 2577 εἰπὼν
391 2550 436 2576 τὸν
460 2550 584 2578 ἑκούσιον
609 2550 724 2578 θάνατον
745 2550 845 2577 αὐτοῦ·

59 2600 187 2633 φῴνημα
205 2598 235 2625 δὲ
254 2597 390 2630 διαὸόλου,
406 2594 428 2632 ᾧ
440 2597 472 2632 δὴ
487 2599 532 2624 καὶ
547 2599 561 2624 ὁ
575 2597 695 2632 Πέτρος,
712 2596 742 2630 ἐξ
754 2594 785 2624 οὗ
800 2597 849 2624 καὶ

57 2644 105 2678 τὴν
129 2644 238 2670 ἐκείνου
263 2643 361 2678 κλῆσιν
382 2643 576 2675 κατεδικάςετο
588 2664 596 2675 ,
616 2642 768 2678 τηνικαῦτα
785 2651 848 2670 συν-

62 2690 197 2725 επήγετο.
216 2689 309 2716 siml.
323 2689 361 2724 μὴ
376 2689 408 2716 ὲκ
423 2689 472 2724 τῆς
488 2689 573 2724 αὐτῆς
586 2689 732 2721 διαθέσεως
743 2697 750 2704 ·
767 2689 782 2715 ὁ
799 2689 849 2724 μὲν

60 2736 114 2771 γὰρ
128 2736 161 2762 ἑκ
175 2735 372 2770 φιλοστοργίας
388 2734 485 2769 καιρὸν
499 2734 550 2761 οὐκ
566 2733 682 2770 ἐχούσης
698 2754 707 2767 ,
725 2735 739 2761 ὁ
755 2734 784 2761 δὲ
800 2734 850 2769 τὴν

61 2781 186 2817 ᾐμὼνέξ
213 2779 251 2809 ὧν
277 2780 443 2815 ἐκακούργει
464 2781 511 2807 καὶ
539 2780 667 2816 ἐνήδρευε
694 2780 847 2815 σωτηρίαν·

62 2829 122 2855 ἀλλ’
132 2827 180 2855 οὖν
204 2829 244 2860 εἰς
259 2828 290 2854 ἓν
319 2827 474 2863 συνέρρεον,
490 2827 578 2854 καίτοι
595 2827 707 2861 γνώμης
729 2827 849 2862 ἑκμαχο-

95 2886 115 2901 ¹¹
133 2885 230 2912 Matth.
251 2893 323 2917 xxvi,
354 2883 397 2911 59.
435 2884 457 2899 ¹²
473 2882 566 2911 Matth.
584 2890 649 2917 jVI,
671 2881 715 2910 25.

931 1958 956 1984 1.
971 1956 1089 1989 Questio
1102 1955 1160 1983 haec
1178 1955 1259 1989 paulo
1269 1954 1375 1982 altioris
1400 1952 1583 1981 meditationis
1600 1956 1682 1988 atque

895 2000 1100 2035 disceptationis
1111 1999 1263 2027 orationem
1277 1999 1407 2034 pestulat.
1417 1997 1511 2033 Neque
1523 2002 1683 2033 argumenta

896 2047 1004 2078 desunt,
1017 2045 1118 2081 quibus
1145 2048 1262 2080 utraque
1283 2044 1416 2072 dubitatio
1440 2044 1508 2071 satis
1523 2044 1612 2078 gravis
1635 2043 1682 2070 de‘

896 2091 1042 2119 monstrari
1059 2094 1158 2126 potest.
1173 2089 1244 2126 Ergo
1257 2097 1326 2125 opus
1347 2093 1399 2122 est,
1415 2093 1446 2116 ut
1469 2088 1586 2124 primum
1602 2088 1684 2115 dubia

896 2137 955 2165 haec
977 2137 1035 2165 suis
1057 2136 1164 2172 singula
1179 2136 1326 2163 momentis
1351 2135 1538 2167 corroborata,
1563 2141 1684 2169 expona-

897 2190 976 2215 mus;
990 2182 1089 2210 deinde
1108 2187 1138 2209 ut
1157 2181 1330 2209 convenienti
1355 2181 1450 2208 ordine
1473 2179 1506 2207 ad
1526 2179 1683 2207 eorumdem

895 2282 1004 2303 crucem
1013 2273 1139 2301 Christus
1147 2272 1297 2308 pertulerit,
1311 2272 1369 2307 ipse
1384 2280 1433 2299 nos
1447 2271 1574 2298 Servator
1586 2269 1686 2296 certio-

894 2327 939 2348 res
954 2319 1027 2352 t‘acit,
1038 2319 1101 2346 dum
1113 2326 1206 2346 necem
1218 2319 1253 2346 ab
1269 2326 1299 2346 se
1309 2318 1457 2353 deprecans
1468 2317 1505 2344 ait.
1519 2325 1525 2343 :
1547 2325 1556 2341 ι
1571 2315 1685 2342 Verum-

897 2370 987 2393 tamen
1007 2373 1060 2393 non
1072 2372 1130 2392 mea
1141 2365 1278 2396 voluntas,
1292 2363 1339 2391 sed
1352 2368 1399 2391 tua
1413 2363 1460 2390 ﬂat
1471 2362 1508 2395 ἰς
1528 2371 1538 2388 ι
1555 2369 1608 2397 quo
1617 2364 1686 2387 tem-

895 2419 961 2448 pore
969 2411 1071 2439 scilicet
1077 2411 1238 2438 uthumanae
1244 2413 1348 2437 naturai
1354 2408 1492 2436 veritatem
1502 2407 1686 2436 conﬁrmaret,

897 2463 1011 2485 mortem
1030 2457 1206 2484 aversabatur
1227 2455 1333 2490 sibique
1363 2453 1573 2482 involuntariam
1586 2452 1686 2479 aiebat.

899 2504 992 2539 Neque
1013 2507 1078 2530 tunc
1097 2502 1196 2534 solum.
1212 2501 1259 2529 sed
1281 2500 1362 2528 etiam
1388 2506 1449 2527 cum
1465 2498 1573 2525 Petrum
1597 2497 1686 2524 incre-

897 2551 966 2587 puit,
978 2550 1022 2577 Dei
1031 2549 1147 2577 consilio
1156 2552 1281 2580 mortem,
1288 2553 1369 2582 quam
1379 2549 1473 2580 sponte
1484 2543 1608 2572 obiturus
1617 2547 1686 2575 erat,

899 2597 1036 2624 decretam
1049 2595 1134 2628 ait“;
1149 2594 1248 2621 diaboli
1270 2597 1360 2620 autem
1385 2590 1524 2618 molimine
1539 2594 1604 2617 tunc
1623 2596 1688 2625 pro-

901 2642 1025 2674 hibitam,
1040 2642 1158 2676 itemque
1171 2648 1187 2668 a
1200 2640 1290 2671 Petro,
1306 2638 1352 2674 qui
1369 2638 1404 2666 ob
1419 2637 1445 2665 id
1461 2636 1560 2664 diaboli
1577 2636 1687 2664 nomine

901 2689 934 2717 ad
951 2688 1127 2725 ignominiam
1153 2690 1262 2714 notatus
1286 2684 1347 2713 fuit.
1372 2684 1465 2720 Neque
1486 2689 1576 2711 tamen
1590 2682 1685 2710 eodem

901 2735 984 2763 animi
997 2734 1128 2762 instinctu
1147 2736 1260 2767 uterque
1272 2731 1412 2763 ciebatur;
1428 2729 1475 2757 sed
1497 2728 1686 2763 intempestiva

902 2779 1088 2810 benevolentia
1108 2779 1218 2812 Petrus;
1233 2777 1330 2805 salutis
1343 2781 1445 2804 nostra:
1465 2776 1529 2804 odio
1545 2783 1577 2803 ac
1596 2781 1688 2810 perse-

903 2828 1012 2857 cutione
1029 2825 1163 2855 diabolus.
1184 2823 1335 2858 Cmteroqni
1349 2830 1443 2858 reapse
1458 2822 1551 2850 eodem
1569 2819 1687 2848 conﬂue-
