1882 3075
205 154 259 191 ita

783 160 915 191 PHOTII
931 160 1187 191 ΡΑΤΒΙΛΒΩΗίΕ
1202 160 1258 191 GP.

1779 157 1824 191 1'16

204 211 271 240 bant
290 217 445 245 quoanquam
459 211 567 240 diversa
583 218 672 240 meme
686 215 792 248 perciti,
804 223 904 250 nenipe
922 220 952 243 ut
963 223 990 243 ni

1068 216 1133 252 ἐνης
1147 217 1319 253 ὡρμημένοι,
1335 216 1365 242 τὸ
1384 215 1423 251 μὴ
1442 214 1585 250 βούλεσθαι
1602 213 1699 241 παθεῖν
1710 213 1745 246 egi
1758 215 1824 250 πάθη

204 255 329 284 Christus
352 260 493 291 pateretur
507 267 514 285 :
529 258 610 293 cujus
635 260 727 294 passio
745 262 872 289 humanae
887 266 995 290 natura:

203 302 378 337 pussionibus
402 303 566 332 medicinam
592 305 666 333 fecit.
691 305 760 334 Nam
786 314 848 334 cum
871 312 996 336 cerneret

204 347 332 382 princeps
347 347 457 376 malitiae
472 353 566 377 auctor
578 350 710 378 illibatum
726 351 791 379 illud
821 353 931 388 Deoque
947 352 989 380 di-

202 399 286 426 gnum
300 399 399 428 corpus
416 393 547 429 physicis,
562 403 622 430 qua:
647 400 736 423 tamen
761 397 894 425 dedecore
917 398 993 426 omni

203 438 344 471 carebam,
361 440 536 474 passionibus
560 441 720 476 obnoxium,
733 443 846 471 insidias
860 444 886 471 ei
898 444 994 472 molie-

203 483 294 516 batur,
309 492 412 520 easque
431 485 541 514 elfectas
555 486 621 514 dare
638 488 774 518 studebat.
795 488 902 517 Rursus
918 489 946 517 in
961 497 994 517 eo

204 528 354 557 observans
368 530 466 558 divinae
489 531 629 566 dignitatis
645 533 818 567 splendorem
835 542 884 570 per
902 535 994 570 prodi-

203 576 248 610 gia
267 581 469 609 coruscantem,
485 577 666 606 cohibebatur
680 586 713 607 ac
725 579 821 614 pedem
838 579 992 608 referebat:

200 629 233 649 ac
245 622 326 650 modo
340 622 509 651 Dominicam
523 624 618 653 volens
630 630 756 658 mortem,
775 626 856 654 modo
867 627 993 654 eamdem

179 696 183 707 ,_
202 669 307 702 nolsns,
329 677 345 697 a
360 671 479 698 versutia
495 678 543 698 sua
558 672 592 699 ad
617 673 726 700 consilii
748 673 867 708 inopiam
899 679 993 701 trans-

179 710 183 715 ’
200 715 267 743 ibat.
281 715 333 743 Sed
348 716 471 752 Idemque
488 717 615 745 timorem
631 719 742 748 vesania
761 719 911 754 superavit.
924 719 992 747 Nam

182 794 187 800 ι
200 761 314 789 erudiunt
327 767 468 790 auctorem
482 771 550 791 suus
567 765 654 800 magis
666 773 726 792 mos
740 765 894 798 delectavit,
909 773 992 800 quam

201 807 283 834 timor
309 808 372 836 inde
389 809 481 837 oriens
505 811 663 840 absterruit.
691 812 737 840 Sic
757 812 839 847 igitur
851 813 993 840 evidenter

200 860 285 880 sacrae
299 859 399 881 nostra:
410 854 559 890 Scriptura:
569 857 719 891 praedicant
729 858 909 889 voluntariam
919 858 992 885 Patri

201 904 314 926 mortem
328 899 389 931 Filii
401 900 497 934 fuisse,
521 901 733 930 iuvoluntariam
759 909 849 930 autent
864 903 986 930 diabolo.
1009 895 1029 922 Β

201 945 233 975 Et
241 950 331 973 tamen
342 947 413 981 quod
427 947 499 976 idem
519 948 645 977 diabolus
660 948 752 976 crucis
768 949 930 984 supplicium
949 950 992 977 in-

201 990 347 1026 digentium
362 993 404 1020 vel
420 993 543 1028 apprime
557 994 704 1026 curaverit,
719 999 777 1021 tum
793 1001 827 1022 ex
844 995 906 1022 aliis
924 1002 993 1022 con-

200 1037 322 1071 iecturis,
336 1042 393 1066 tum
406 1047 439 1067 ex
452 1040 502 1067 hac
513 1040 625 1067 indubia
641 1041 769 1076 colligere
787 1041 931 1077 licet,quia
951 1043 993 1070 vi.

200 1085 298 1115 delicet
313 1084 454 1114 Judaicam
469 1086 527 1121 ipse
541 1090 649 1122 gentem
661 1088 694 1115 ad
707 1087 815 1116 facinus
832 1089 992 1122 concitavit,

200 1139 255 1166 quo
271 1131 426 1160 Servatoris
440 1133 528 1160 caedes
550 1138 658 1170 peracta
680 1133 743 1162 fuit.
760 1135 844 1171 Atqui
867 1136 993 1171 explora-

199 1181 257 1204 tum
272 1185 350 1213 atque
362 1183 415 1211 est,
430 1177 490 1206 Filii
509 1179 664 1213 passionem
680 1185 780 1216 praeter
790 1181 885 1209 Patris
895 1182 994 1209 volun-

199 1228 282 1252 tatem
310 1225 477 1260 contigisse;
494 1225 521 1252 id
540 1226 614 1261 quod
642 1228 833 1264 progrediente
869 1230 994 1256 oratione

199 1271 363 1299 truculentius
370 1270 446 1299 decla
450 1279 478 1299 ra
482 1272 537 1300 bitu
542 1281 564 1300 r.

232 1316 260 1348 2.
272 1317 327 1352 Age
339 1324 415 1350 vero,
423 1317 647 1354 qumstionisjam
658 1323 731 1347 statu
744 1321 892 1355 proposito,
901 1321 992 1356 sequi—

199 1368 244 1392 tur
255 1369 284 1391 ut
292 1364 389 1392 mentis
406 1365 549 1393 ratiocinio
561 1370 589 1394 et
603 1367 823 1396 consideratione
835 1376 992 1400 "Oscamus,

200 1410 305 1438 etiamsi
318 1410 387 1438 forte
401 1411 475 1439 circa
491 1412 614 1440 eamdem
632 1421 699 1446 rem,
711 1412 880 1441 Dominicam
897 1422 994 1450 nempe

200 1461 326 1490 mortem,
337 1458 475 1485 contraria
486 1458 622 1492 dicantur,
636 1459 708 1486 haud
723 1460 779 1487 haec
792 1465 881 1487 tamen
894 1468 993 1488 secun-

199 1505 265 1531 dum
281 1505 394 1532 modum
411 1505 536 1533 eumdem
553 1506 618 1533 dici.
639 1506 762 1541 Namque
781 1514 866 1534 unum
883 1507 991 1541 dicitur,

199 1554 332 1584 quatenus
338 1558 460 1578 aerumna
467 1555 506 1578 est
513 1558 596 1585 quam
604 1552 729 1580 Christus
739 1552 853 1586 patitur;
863 1553 990 1584 alterum,
1007 1571 1028 1600 ρ

198 1601 335 1631 quatenus
352 1595 459 1624 fructus
473 1597 588 1631 paritur.
603 1596 720 1625 Fructus
733 1603 822 1625 autem
839 1597 899 1632 ejus
915 1598 990 1625 necis

199 1643 261 1676 fuit,
275 1642 350 1670 salus
375 1642 487 1670 humani
502 1643 610 1678 generis
632 1643 820 1675 reconciliata,
834 1643 991 1678 diabolique

198 1686 322 1722 tyrannis
335 1687 433 1715 deleta.
462 1683 530 1715 Hin'c
547 1691 621 1722 patet
640 1689 709 1715 hanc
726 1695 783 1715 rem
812 1688 897 1716 fuisse
915 1689 986 1716 Patri

197 1732 324 1769 placitam
339 1740 373 1760 ac
387 1733 582 1766 voluntariam,
598 1737 680 1768 atque
692 1734 752 1768 ejus
768 1734 853 1762 totius
867 1742 931 1770 erga
942 1736 990 1762 ha-

197 1779 286 1808 mines
308 1778 485 1814 providentia:
510 1779 701 1806 summarium.
734 1779 836 1813 Quidni
865 1787 930 1807 vero
963 1785 991 1807 et

198 1822 265 1851 illud
276 1823 449 1859 perspicuum
461 1823 611 1857 sit,Christi
628 1824 759 1851 nimirum
771 1824 878 1852 obitum
891 1825 926 1853 ab
938 1825 992 1852 ini-

199 1870 260 1898 mici
277 1870 366 1898 nostri
382 1870 522 1898 voluntate
535 1870 655 1898 alienum
679 1870 774 1905 fuisse,
788 1871 867 1906 eique
886 1871 990 1899 cladem

199 1916 345 1943 maximam
362 1915 500 1943 intulisse?
511 1914 579 1942 Nam
591 1915 651 1942 Filii
667 1916 820 1951 caedes,qui
836 1922 894 1945 erat
910 1922 992 1944 natu-

198 1962 264 1991 ralis
278 1962 416 1997 passionis
430 1961 555 1994 elIectus,
573 1969 620 1996 per
636 1969 666 1990 se
682 1962 792 1996 quidem
812 1961 887 1990 Patri
900 1971 990 1998 neque

197 2006 318 2044 iucunda
325 2010 385 2034 erat
395 2014 483 2043 neque
497 2011 585 2042 grata,
596 2008 650 2034 imo
663 2007 857 2044 indignationis
868 2009 992 2043 apprime

197 2061 309 2084 merens
329 2057 412 2088 atque
425 2052 543 2087 furoris;
559 2053 638 2081 sicuti
656 2061 672 2081 e
689 2054 830 2082 contrario
844 2054 913 2082 nihil
931 2059 991 2082 erat

197 2107 231 2127 ex
240 2099 340 2127 diaboli
359 2100 493 2128 sententia
508 2100 605 2135 magis,
621 2100 689 2127 nihil
706 2101 794 2128 eidem
808 2101 921 2129 charius
943 2106 991 2130 aut

196 2146 355 2178 amabilius.
372 2145 556 2180 Quamobrem
574 2147 693 2174 clemens
715 2146 845 2175 Scrvator
865 2147 910 2176 illa
925 2156 988 2183 prc-

196 2201 262 2220 cum
274 2200 388 2220 suarum
402 2192 519 2221 formula
534 2193 642 2222 veniam
657 2193 691 2221 iis
705 2194 753 2229 qui
766 2201 796 2222 se
810 2194 936 2222 lwserant
946 2203 992 2223 cu-

200 2246 281 2270 rans;
298 2247 309 2264 ι
326 2237 417 2271 Pater,
427 2239 474 2271 ait,
487 2238 611 2266 condona
625 2238 680 2266 illis
690 2239 742 2266 hoc
758 2244 916 2274 peccatum;
934 2248 990 2267 non
1002 2244 1029 2273 D

196 2284 273 2312 .cuim
290 2283 511 2311 animadvertunt
522 2285 587 2319 quid
602 2290 683 2320 agant
696 2285 728 2312 “.
741 2294 751 2312 ι
767 2285 842 2313 Adeo
858 2285 920 2313 Filii
935 2294 989 2314 cae-

196 2329 246 2358 des
259 2333 357 2357 contra
369 2329 457 2357 Patris
472 2330 639 2358 voluntatem
652 2330 743 2364 ﬁebat,
754 2335 784 2358 ut
799 2332 913 2360 multam
925 2333 991 2361 huic

199 2373 369 2402 iracundiam
391 2379 593 2409 commoveret;
609 2383 641 2403 ac
659 2384 770 2404 necesse
786 2376 868 2405 fuerit
895 2378 988 2406 hesum

199 2419 298 2454 ipsum,
315 2419 519 2454 deprecatorem
540 2421 610 2453 lieri,
625 2429 680 2456 quo
709 2422 747 2449 rei
766 2423 927 2457 poenitentia
940 2432 990 2452 ex-

198 2467 265 2501 piati
289 2474 385 2502 plenas
408 2467 566 2495 evaderent.
595 2467 690 2504 Neque
713 2473 858 2505 repugnat,
880 2471 989 2500 Patrem

197 2513 259 2543 l-‘dii
275 2521 370 2542 necem
381 2514 500 2542 voluisse
513 2514 614 2550 pariter
628 2523 661 2542 ac
676 2515 795 2544 noluisse
814 2526 821 2544 :
839 2524 903 2544 nam
917 2518 989 2553 quod

197 2568 258 2586 eam
272 2560 362 2592 vellet,
376 2559 483 2588 fructus
499 2561 654 2596 praestantia
670 2561 696 2588 in
716 2569 800 2590 causa
819 2568 897 2596 erat;
916 2563 989 2598 quod

197 2613 263 2632 vero
287 2606 381 2638 nollet,
398 2607 424 2634 id
447 2607 555 2636 {acinus
572 2616 620 2643 per
637 2616 668 2636 se
683 2613 836 2644 spectatum
862 2609 988 2637 faciebat.

232 2652 258 2678 5.
275 2651 344 2679 Nam
361 2653 442 2680 veluti
455 2654 601 2689 imperator
615 2655 638 2683 si
655 2655 754 2683 fortem
767 2656 881 2683 militem
893 2661 989 2684 cernat

197 2700 310 2728 vulnera
324 2701 515 2735 excipientem,
527 2702 739 2739 vulneribusque
750 2704 868 2731 hostium
880 2703 989 2731 ordines

194 2752 417 2779 consumentem.
431 2749 545 2783 ipsomet
558 2749 619 2776 belli
632 2749 701 2777 duce
712 2755 866 2784 prostrato;
882 2750 989 2778 lmtalur

194 2793 324 2828 (equidem
337 2794 410 2828 quod
426 2794 565 2823 victoriam
578 2800 707 2824 strenuus
724 2796 767 2824 hic
782 2796 814 2824 dc
827 2796 990 2825 adversariis

235 2884 259 2903 “
280 2883 345 2913 Luc.
364 2893 441 2919 nm,
462 2886 504 2914 54,

1044 264 1095 300 τῆς
1114 264 1289 301 ἀνθρωπίνης
1317 264 1412 291 ἰάσατο
1429 263 1552 298 φύσεωςσ
1574 261 1646 297 ὁρῶν
1670 261 1720 296 μὲν
1742 260 1793 297 γὰρ
1813 262 1826 288 ὁ

1045 311 1096 346 τῆς
1112 312 1212 343 κακίας
1227 311 1420 346 γενεσιουργὸς
1431 310 1462 337 τὸ
1476 310 1666 345 πανάχραντον
1681 308 1769 335 ἐκεῖνο
1783 308 1827 334 καὶ

1045 357 1198 394 θεοπρεπὲς
1210 357 1290 393 σῶμα
1305 357 1362 389 τοῖς
1375 357 1500 392 φυσικοῖς
1514 355 1562 382 καὶ
1577 355 1752 390 ἀδιαὸλήτοις
1761 354 1825 380 ὐπο-

1045 404 1171 438 κείμενον
1185 403 1296 436 πάθεσι,
1312 403 1361 439 τὴν
1376 402 1522 439 ἐπιϐουλὴν
1536 401 1664 437 ἐϐούλευε
1681 409 1710 428 τε
1731 400 1778 428 καὶ
1791 400 1828 432 είς

1044 450 1126 485 ἔργον
1149 450 1228 484 ἄγειν
1252 449 1435 482 ἐσπούδαζεν·
1460 449 1532 485 ὁρῶν
1557 448 1587 475 δὲ
1605 447 1687 475 πάλιν
1710 447 1755 474 διὰ
1778 446 1828 473 τῶν

1045 495 1215 532 θεοσημείων
1226 497 1275 531 τῆς
1289 495 1385 531 θεῖκῆς
1398 495 1477 527 ἀξίας
1491 495 1541 531 τὴν
1554 494 1652 530 αἴγλην
1663 493 1828 529 ὑπεραστρά-

1045 549 1177 575 πτουσαν,
1195 542 1390 569 συνεστέλλετό
1402 550 1432 568 τε
1451 541 1498 568 καὶ
1509 539 1647 573 ἀνεδύετο,
1663 539 1789 576 καὶπρὸς
1800 539 1829 566 τὸ

1045 587 1133 615 θέλειν
1143 596 1173 614 τε
1184 588 1243 623 ἅμα
1256 589 1302 615 καὶ
1318 589 1354 623 μὴ
1373 587 1461 615 θέλειν
1473 587 1518 614 τὸν
1532 586 1700 613 Δεσποτικδν
1717 585 1829 612 θάνατον

1045 634 1268 670 ὑποφερόμενος,
1293 634 1341 669 τὴν
1369 633 1492 669 μηχανὴν
1515 630 1589 667 εἶχεν
1611 632 1652 661 είς
1676 631 1830 666 ἀμηχανίαν

1044 680 1287 715 καταστρέφουσαν
1297 687 1304 694 ·
1325 681 1400 715 ὅμως
1418 678 1497 706 ἐνίκα
1523 679 1554 705 τὺ
1567 677 1653 704 δειλὸν
1666 677 1683 712 ὴ
1698 677 1829 704 ἀπόνοια·

1044 725 1082 759 τῷ
1099 725 1155 761 γὰρ
1174 726 1226 760 τῆς
1243 726 1400 761 μιαιφονίας
1423 725 1534 760 τεχνίτῃ
1563 723 1663 760 μᾶλλον
1679 722 1786 758 clpe-cev
1802 721 1832 749 τὸ

1045 771 1170 806 σύνηθες,
1183 771 1198 806 ἢ
1214 772 1330 806 φοϐερὸν
1343 772 1358 798 ὁ
1372 771 1557 806 ἐπιφυόμενος
1572 771 1654 805 φόϐος
1664 779 1670 786 ·
1683 769 1756 797 οὕτω
1767 768 1832 804 γοῦν

1045 816 1174 849 ἐμφανῶς
1188 816 1242 843 τῶν
1257 816 1340 852 ιερῶν
1354 816 1433 851 ήμῶν
1449 816 1555 851 Λογίων
1580 815 1691 851 θελητὺν
1705 812 1774 842 εἶναι
1795 813 1833 849 τῷ

1045 861 1135 896 Πατρὶ
1151 861 1196 888 τὸν
1213 861 1328 889 θάνατον
1346 862 1590 898 ἀνακηρυττόντων
1605 860 1654 888 τοῦ
1679 860 1756 892 Υίοῦ,
1770 859 1834 886 ὁ.θέ-

1044 908 1124 942 λητον
1137 908 1165 934 δὲ
1178 908 1217 943 τῷ
1233 908 1344 943 πονηρῷ
1355 917 1361 924 ·
1381 908 1412 935 τδ
1427 908 1481 943 γὰρ
1502 909 1542 935 ὅτι
1560 907 1659 939 παντὸς
1674 906 1749 941 αὺτῷ
1767 905 1835 941 μᾶλψ

1045 954 1089 981 λον
1105 955 1119 980 ὁ
1142 954 1188 985 διὰ
1204 953 1322 989 σταυροῦ
1338 953 1455 986 θάνατος
1475 953 1636 989 ἠγωνίζετο,
1661 953 1754 980 λαϐεῖν
1776 952 1835 978 ἐστι

1044 1001 1092 1027 καὶ
1108 1001 1141 1027 ἐκ
1156 999 1262 1026 πολλῶν
1279 999 1367 1027 ἄλλων
1381 1000 1430 1027 καὶ
1447 999 1510 1027 ὃθεν
1520 1000 1571 1027 οὐκ
1586 999 1683 1035 ἄδηλον
1695 1007 1703 1016 ·
1716 998 1767 1026 καὶ
1781 998 1836 1033 γὰρ

1043 1046 1073 1073 τὺ
1094 1045 1232 1073 Ἰουδαίων
1245 1045 1322 1079 ἔθνος
1332 1045 1439 1073 ἐκείνου
1452 1047 1618 1081 κακουργεῖν
1630 1045 1836 1076 ἀνακινοῦντος,

1043 1091 1088 1119 τὸν
1100 1093 1172 1119 κατὰ
1182 1092 1310 1129 Σωτῆρος
1321 1091 1504 1129 ἐπαλαμῶντο
1515 1092 1631 1119 θάνατον
1641 1099 1648 1107 ·
1663 1091 1721 1118 ἀλλ’
1732 1090 1837 1126 ὁμοίως

1045 1139 1096 1174 μὲν
1106 1139 1233 1174 ἐπίδηλον
1242 1139 1290 1166 καὶ
1302 1139 1338 1170 ὡς
1350 1139 1410 1173 οὐχὶ
1423 1138 1462 1174 τῷ
1473 1138 1560 1174 Harp).
1569 1137 1599 1164 τδ
1608 1137 1694 1168 πάθος
1708 1136 1756 1163 τοῦ
1769 1135 1837 1163 Υίοῦ

1044 1184 1172 1220 θελητόν·
1190 1185 1272 1212 ἔτιδὲ
1284 1185 1332 1212 τοῦ
1350 1185 1430 1219 λόγου
1447 1183 1590 1220 προϊόντος
1601 1202 1609 1215 ,
1627 1182 1674 1209 ἐπὶ
1693 1181 1778 1209 πλέον
1792 1180 1838 1216 δη-

1044 1231 1208 1267 λωθήσεται.

1081 1322 1114 1358 β’.
1137 1320 1216 1348 Ἐπεὶ
1230 1317 1278 1348 οὖν
1297 1320 1338 1352 είς
1352 1319 1430 1352 τάξιν
1447 1318 1517 1354 ἤχθη
1528 1318 1615 1346 ταῦτα
1631 1316 1839 1351 διατυπώσεως,

1044 1366 1244 1402 διαλογίζεσθαι
1269 1366 1391 1400 προσῆκε
1408 1365 1456 1392 καὶ
1466 1365 1590 1396 σκοπεῖν,
1608 1363 1646 1396 ὡς
1663 1363 1688 1391 εί
1706 1363 1756 1390 καὶ
1774 1361 1842 1397 περὶ

1043 1414 1092 1441 τοῦ
1107 1413 1191 1440 αὐτοῦ
1203 1412 1366 1448 πράγματος
1381 1410 1513 1438 τάναντία
1532 1409 1653 1443 λέγεται,
1670 1408 1717 1435 τοϋ
1730 1409 1840 1434 Δεσπο-

1044 1459 1133 1491 τικοῦ,
1149 1459 1233 1494 φημὶ,
1247 1458 1374 1487 θανάτου,
1391 1457 1450 1484 ἀλλ’
1465 1457 1496 1482 οὐ
1520 1455 1592 1482 κατὰ
1617 1455 1663 1482 τὸν
1675 1454 1759 1481 αὑτὸν
1775 1454 1843 1489 τρό-

1044 1515 1112 1533 πον·
1139 1505 1208 1532 ἀλλὰ
1231 1505 1262 1531 τὸ
1292 1504 1342 1539 μὲν
1357 1503 1385 1537 ἐξ
1402 1503 1484 1530 αὑτοῦ
1506 1502 1553 1530 τοῦ
1571 1502 1674 1534 πάθους
1687 1501 1701 1528 ὃ
1716 1500 1843 1528 πέπονθε

1045 1552 1164 1586 λέγεται,
1177 1550 1208 1576 τὸ
1221 1549 1249 1576 δὲ
1264 1549 1297 1575 ἐκ
1309 1547 1356 1574 τοῦ
1373 1547 1552 1582 ἐκϐεϐηκότας
1563 1554 1570 1561 ·
1586 1545 1616 1572 τὸ
1626 1544 1739 1580 μὲνγὰρ
1760 1543 1845 1571 ἐκϐε-

1042 1597 1127 1633 ϐηκὸς
1139 1596 1183 1623 διὰ
1191 1595 1238 1622 τοῦ
1249 1595 1375 1626 θανάτου,
1385 1594 1401 1629 ὴ
1412 1593 1535 1628 σωτηρία
1547 1591 1594 1619 τοῦ
1603 1591 1699 1626 γένους
1709 1589 1843 1625 ἐπράχθη

1047 1643 1102 1670 τῶν
1115 1641 1278 1677 ἀνθρώπων,
1305 1640 1352 1667 καὶ
1375 1640 1424 1675 τῆς
1436 1639 1483 1666 τοῦ
1496 1638 1621 1665 διαϐόλου
1646 1636 1813 1672 τυραννίδος
1826 1635 1844 1669 ἠ

1043 1689 1202 1725 καθαίρεσις
1211 1696 1217 1704 ι
1236 1687 1250 1714 ὃ
1261 1687 1340 1722 δῆλον
1352 1687 1392 1713 ὃτι
1409 1685 1520 1720 θελητόν
1534 1693 1565 1712 τε
1577 1684 1616 1720 τῷ
1628 1683 1717 1720 [Ia-cpt
1727 1682 1781 1709 καὶ
1797 1683 1844 1708 εὑ-

1041 1736 1131 1765 δοκία,
1150 1734 1198 1762 καὶ
1213 1734 1263 1769 τῆς
1289 1733 1371 1760 αὑτοῦ
1404 1732 1532 1768 προνοίας
1561 1731 1707 1765 συμπάσης
1725 1730 1800 1766 περὶ
1815 1729 1847 1756 τὸ

1042 1781 1215 1817 ἀνθρώπινον
1229 1780 1308 1815 γένος
1321 1780 1353 1806 τὺ
1377 1779 1525 1814 κεφάλαιον
1538 1787 1544 1793 ·
1565 1777 1644 1804 τοῦτο
1661 1776 1688 1803 δὲ
1705 1776 1769 1807 πῶς
1792 1775 1846 1802 οὐκ

1042 1827 1153 1864 εὗδηλον
1175 1828 1216 1854 ὅτι
1242 1827 1290 1854 καὶ
1309 1826 1349 1862 τῷ
1365 1825 1455 1862 ἐχθρῷ
1474 1824 1605 1861 ἀθέλητόν
1618 1832 1648 1850 τε
1665 1822 1713 1850 καὶ
1732 1822 1846 1858 ἐσχάτη

1043 1874 1134 1910 πληγή
1147 1883 1154 1908 ;
1168 1874 1198 1900 τὸ
1212 1873 1336 1909 μέντοιγε
1351 1871 1554 1907 σφαγιασθῆναι
1567 1870 1613 1896 τὸν
1627 1869 1703 1902 Υἱὸν,
1717 1869 1794 1904 ὅπερ
1811 1866 1849 1903 ἦν

1042 1920 1116 1956 ήδιὰ
1126 1919 1173 1946 τοῦ
1185 1920 1289 1950 πάθους
1313 1918 1447 1954 προϊοῦσα
1470 1916 1580 1952 πρᾶξις,
1607 1915 1668 1942 καθ’
1685 1914 1772 1941 ἑαυτὸ
1795 1915 1848 1950 μὲν

1042 1967 1104 1997 οὗτε
1128 1967 1178 2001 ἡδὺ
1206 1965 1246 2001 τῷ
1269 1965 1358 2000 Πατρὶ
1383 1964 1445 1991 οὔτε
1481 1963 1690 1999 εὐπρόσδεκτον,
1705 1961 1782 1988 ἀλλὰ
1796 1960 1849 1988 καὶ

1042 2012 1104 2039 λίαν
1118 2011 1204 2047 ὀργῆς
1221 2010 1297 2043 ἄξιον
1321 2009 1370 2037 καὶ
1396 2008 1483 2044 Θυμοῦ
1494 2017 1501 2024 ο
1517 2008 1612 2044 ὥσπερ
1626 2007 1658 2043 δὴ
1671 2006 1710 2042 τῷ
1724 2005 1848 2042 πονηρῷ

1042 2056 1212 2092 καταθύμιόν
1226 2065 1257 2082 τε
1272 2056 1320 2083 καὶ
1345 2055 1455 2083 πάντων
1480 2053 1686 2090 ἐρασμιώτατον
1704 2053 1763 2079 τῶν
1778 2061 1847 2088 τερ-

1043 2103 1134 2140 πνῷν·
1151 2102 1191 2130 διὸ
1206 2103 1254 2130 καὶ
1269 2101 1484 2136 ὑφιλάνθρωπος
1501 2100 1579 2136 ἡμῶν
1602 2099 1696 2135 Σωτὴρ
1709 2100 1738 2125 ἐν
1761 2099 1848 2134 τύπῳ

1043 2149 1197 2185 μεθοδεύων
1209 2148 1364 2184 προσευχῆς
1388 2148 1437 2184 τὴν
1451 2147 1549 2182 ἄφεσιν
1566 2145 1620 2172 τῶν
1635 2145 1849 2181 ἐξυϐρισάντων

1043 2197 1083 2228 είς
1098 2196 1189 2228 αὑτὸν,
1210 2205 1219 2222 t
1239 2195 1342 2231 Πάτερ,
1357 2197 1450 2230 φησιν,
1482 2193 1549 2228 ἄφες
1572 2193 1663 2223 αὐτοῖς
1675 2191 1725 2226 τὴν
1743 2191 1848 2227 ἁμαρ-

1042 2242 1103 2270 τίαν
1117 2241 1221 2278 ταύτην
1231 2249 1238 2256 ·
1254 2242 1284 2268 οὐ
1300 2241 1354 2276 γὰρ
1369 2241 1473 2268 οἴδασιν
1481 2240 1508 2266 τί
1519 2239 1655 2266 ποιοῦσιν·
1675 2248 1684 2264 ι
1701 2237 1780 2264 οὕτω
1796 2238 1849 2272 μὲν

1041 2288 1172 2323 ἁθέλητον
1184 2286 1230 2316 τοῦ
1245 2286 1343 2318 Παιδὸς
1357 2287 1373 2321 ἡ
1394 2285 1487 2320 σφαγὴ
1500 2283 1540 2318 τῷ
1557 2283 1654 2318 “arpi,
1671 2282 1719 2309 καὶ
1734 2282 1849 2316 πολλὴν

1041 2333 1090 2369 τὴν
1105 2333 1292 2368 ἀγανάκτησιν
1304 2331 1487 2358 ἀνακινοῦσα¹
1511 2331 1549 2361 ὡς
1565 2330 1612 2356 καὶ
1633 2328 1719 2363 αὐτῆς
1731 2328 1849 2355 δεῖσθαι

1042 2380 1092 2415 τῆς
1111 2379 1230 2414 δεήσεως
1261 2377 1309 2404 τοῦ
1335 2376 1513 2412 ἠδικημένου,
1528 2375 1572 2409 ἐφ’
1586 2371 1608 2409 ᾧ
1625 2375 1669 2402 διὰ
1688 2374 1848 2409 μετανοίας

1043 2425 1262 2461 καθῃραμένους,
1294 2423 1332 2458 μὴ
1357 2422 1450 2449 δοῦναι
1473 2421 1551 2456 δίκην
1563 2421 1625 2453 τοὺς
1649 2420 1847 2455 ἠδικηκότας·

1042 2470 1092 2497 καὶ
1107 2470 1157 2497 οὐκ
1171 2469 1291 2496 ἐναντίον
1307 2470 1337 2495 τὸ
1351 2467 1438 2494 θέλειν
1446 2467 1494 2496 καὶ
1508 2467 1546 2502 μὴ
1560 2466 1648 2493 θέλειν
1659 2466 1705 2492 τὸν
1719 2465 1850 2492 θάνατον

1043 2517 1090 2544 τοῦ
1103 2517 1167 2543 Υίοῦ
1178 2517 1223 2544 τὸν
1235 2516 1345 2551 Πατέρα
1355 2523 1362 2530 ·
1379 2515 1411 2542 τὸ
1429 2514 1477 2550 μὲν
1488 2514 1553 2549 γὰρ.
1570 2515 1602 2540 ὲκ
1617 2512 1666 2539 τοῦ
1684 2511 1848 2547 ἑκῦεΰηκό-

1043 2572 1089 2596 τος
1102 2563 1315 2599 κατορθώματος
1326 2570 1333 2577 ⁸
1351 2562 1381 2588 τὺ
1403 2561 1443 2594 δὲ,
1471 2561 1501 2594 ἐξ
1514 2560 1600 2595 αὐτῆς
1613 2560 1662 2594 τῆς
1675 2567 1849 2594 προκαταρυ

1043 2609 1145 2646 χούσης
1159 2609 1269 2644 λέγεται
1283 2608 1423 2644 πράξεως.
1687 2618 1690 2621 -

1080 2659 1114 2690 γ’.
1128 2656 1262 2691 Καθάπερ
1295 2655 1349 2691 γὰρ
1377 2655 1403 2681 εἴ
1430 2663 1470 2685 τις
1484 2651 1637 2689 στρατηγὸς
1659 2651 1705 2677 τὸν
1722 2651 1851 2685 ἀριστέα

1045 2701 1151 2737 βλέπων
1163 2701 1309 2737 δεχόμενον
1322 2700 1478 2736 τραύματα,
1497 2699 1543 2726 καὶ
1560 2700 1615 2730 τοῖς
1629 2696 1778 2733 ,τραύμασι
1789 2696 1851 2723 τῶν

1044 2748 1174 2776 ἐναντίων
1198 2748 1246 2780 τὰς
1275 2747 1444 2782 παρατάξεις
1467 2746 1607 2778 κενοῦντα,
1630 2743 1782 2772 mla-31’»:
1797 2743 1850 2770 τὸν

1047 2796 1167 2833 ἀρχηγὶν
1183 2795 1232 2823 τοῦ
1247 2795 1364 2831 πολέμου
1392 2794 1606 2828 καταϐάλλοντα,
1625 2793 1715 2829 χαίρει
1734 2792 1791 2827 μὲν
1804 2791 1851 2825 οἷς
