1882 3075
155 180 206 212 179

727 177 858 209 ΡΗΟῙἮ
872 178 1125 210 PATRIARCH/E
1144 181 1199 211 ΟΡ.

1723 177 1780 211 180-

153 235 340 272 accipiendum
364 238 516 270 raperetur,
529 234 682 271 tyrannidis
705 242 760 263 sure
778 236 838 263 vice
857 243 896 263 vel

1026 236 1070 264 τοῦ
1084 238 1133 273 τὴν
1143 237 1301 273 καθαίρεσιν
1324 238 1372 265 καὶ
1398 238 1447 274 τὴν
1469 237 1670 274 ἀπροσδόκητόν
1684 246 1712 264 τε
1723 239 1769 267 καὶ

152 282 300 318 perniciem
317 281 417 313 retulit,
434 285 516 315 atque
532 279 671 315 inopinam
699 284 727 307 et
756 280 819 308 sine
833 279 938 308 medela

154 329 260 364 plagam
276 336 283 354 :
298 327 331 354 de
346 335 399 362 qua
416 327 519 361 pridem
533 327 679 361 suspicans
689 346 696 359 ,
710 327 809 362 partim
825 327 938 362 quidem

153 374 186 401 ad
200 380 308 401 crucem
322 373 428 404 ruebat,
441 372 539 407 partim
550 372 720 399 retinebatur
731 376 814 407 atque
823 380 839 400 a
854 372 939 399 sacri-

154 420 212 454 lego
225 419 325 453 impetu
335 419 499 446 abstinebat.
509 418 598 454 Atque
609 418 677 446 adeo
687 418 803 453 quaestio
815 417 871 445 haec
881 417 939 453 jam

153 473 209 493 non
225 465 440 500 poteritpiorutn
453 465 566 493 auribus
575 472 638 493 esse
654 463 939 499 molesta.Ca:teroqui

153 512 223 539 nihil
232 516 305 539 vetat
327 512 475 546 quominus
488 518 574 546 nuper
584 511 718 546 promissa
728 509 873 538 faciamus.
886 509 940 537 Re-

153 557 269 592 demptis
293 558 409 592 pretium
433 557 534 592 duplici
557 558 608 585 sub
635 556 745 584 notione
767 556 940 584 considerare

154 605 227 635 licet,
244 603 374 630 nimirum
390 608 420 631 ut
443 603 611 638 captivorum
633 603 781 636 redimias,
801 606 883 638 atque
911 606 941 630 ut

154 651 325 684 captivorum
336 650 451 677 Domino
470 650 582 677 donum.
601 649 702 677 Christi
716 649 827 685 sanguis
843 652 940 683 quate—

154 705 207 724 nus
232 697 406 724 rcdimiarum
432 696 490 723 vice
514 696 646 731 fungitur,
664 702 730 723 sane
757 695 874 730 pretium
897 702 940 723 re-

154 743 321 778 demptionis
346 743 400 771 dici
416 747 520 778 potest;
534 747 721 770 verumtamen
738 746 875 777 quatenus
894 741 939 769 do-

155 797 219 818 num
230 789 356 824 mangoni
372 793 423 822 est,
438 789 483 816 illo
496 788 606 816 nomine
615 788 652 814 uti
668 787 774 822 nequit.
789 786 822 814 Et
829 787 939 822 quidem

155 836 208 863 alia
224 835 310 862 multa
324 834 519 870 redemptionis
531 834 639 869 proprie
650 834 722 861 dicto
737 833 824 868 pretio
835 834 938 865 insunt,

155 890 216 917 quae
231 889 338 909 arcana:
365 881 427 908 huic
453 885 480 908 et
503 879 679 907 inenarrabili
705 880 865 907 oeconomia:
884 887 938 907 non

154 931 319 961 congruunt.
330 925 468 960 Siquidem
480 925 525 960 qui
534 925 652 960 pretium
663 924 747 957 dedit,
757 924 821 959 quia
830 925 869 951 rei
881 924 939 959 ejus

154 971 284 1005 deinceps
299 970 426 998 dominus
452 977 513 998 esse
539 977 594 997 non
615 974 721 1004 potest,
743 969 939 997 detrimentum

156 1017 343 1046 necessarium
367 1017 470 1052 patitur
488 1026 495 1044 :
510 1021 605 1043 contra
619 1015 665 1051 qui
680 1016 789 1051 accipit,
800 1016 876 1044 lucro
889 1023 940 1043 au-

156 1069 244 1098 getur,
263 1064 348 1098 ﬁtque
363 1063 402 1090 rei
426 1062 555 1090 dominus
566 1083 574 1096 ,
591 1070 652 1097 quae
667 1062 694 1089 in
722 1061 782 1096 ejus
806 1065 941 1096 potestate

156 1114 235 1137 antea
249 1117 302 1137 non
313 1113 384 1137 erat.
398 1108 476 1136 Nunc
486 1116 567 1136 omne
582 1112 678 1135 contra
693 1113 744 1136 est.
760 1107 811 1140 Qui
823 1108 941 1143 pretium

155 1156 255 1183 obtulit
268 1155 500 1191 (quandoquidem
521 1155 610 1182 omnia
625 1154 652 1181 in
664 1153 713 1182 Dei
727 1158 859 1188 potestate
868 1158 940 1187 sunt,

156 1210 245 1238 neque
260 1202 344 1237 ipsius
363 1202 453 1229 Abelis
480 1209 569 1236 neque
595 1206 745 1236 martyrum
774 1201 885 1235 sanguis
907 1201 942 1228 ab

156 1249 216 1283 ejus
237 1247 404 1282 providentia
422 1246 597 1281 dominioque
621 1244 727 1278 abfuit),
746 1244 800 1277 hic,
817 1245 942 1280 inquam,

157 1294 263 1322 nullum
277 1297 347 1328 cepit
358 1293 562 1320 detrimentum.
579 1291 647 1318 Nam
658 1291 721 1326 quis
732 1291 844 1318 omnino
852 1290 944 1318 dicere

156 1340 232 1372 velit,
245 1339 279 1366 ab
293 1346 326 1366 eo
336 1339 383 1373 qui
399 1338 564 1365 famulorum
574 1345 697 1369 suorum.
711 1342 737 1364 et
750 1344 866 1372 quorum
879 1343 944 1364 san-

157 1386 218 1421 guis
231 1386 382 1414 exhaustus
394 1385 453 1417 fuit,
466 1392 559 1412 curam
574 1385 653 1420 gerit.
662 1384 764 1418 quique
773 1388 942 1410 mortuorum

158 1435 190 1458 ut
202 1430 349 1457 viventium
365 1430 498 1456 clamores
519 1428 610 1461 audit;
625 1429 687 1463 quis
697 1448 704 1461 ,
721 1428 845 1462 inquam,
859 1427 942 1460 dicat,

157 1477 305 1504 salutarem
316 1480 343 1502 et
355 1475 401 1509 qui
412 1475 504 1502 urbem
518 1475 636 1502 viviticat
651 1475 825 1510 sanguinem,
840 1474 866 1501 in
883 1474 944 1501 the—

158 1522 247 1549 sauris
265 1520 439 1556 providentia:
451 1527 508 1547 suae
518 1521 552 1547 ab
562 1527 595 1547 eo
609 1527 663 1546 non
682 1519 765 1547 fuisse
778 1519 943 1547 incolumem

987 286 1097 312 ἀνίατον
1110 285 1217 321 πληγήν
1227 293 1234 300 ·
1243 286 1277 320 ἢν
1292 287 1339 313 καὶ
1354 285 1524 321 ὑπιδόμενος,
1533 285 1590 320 ἅμα
1602 294 1631 312 τε
1648 286 1769 321 ὲπεπήδα

987 333 1026 367 τῷ
1037 332 1155 368 σταυρῷ.
1172 332 1218 359 καὶ
1235 332 1292 367 ἅμα
1311 332 1498 358 συνεστέλλετό
1513 341 1543 358 τε
1571 332 1618 358 καὶ
1639 332 1780 366 ἀφίστατον

987 379 1038 414 τῆς
1056 379 1243 415 θεομαχούσης
1261 379 1367 414 ὁρμῆςσ
1395 378 1443 405 καὶ
1473 378 1565 404 οὐκέτι
1594 377 1770 413 παρενοχλεῖν

987 424 1065 462 οἶμαι
1075 426 1106 453 τὸ
1115 426 1166 461 τῆς
1178 426 1294 461 ἀπορίας
1308 426 1385 460 ίσχὺν
1397 425 1451 457 ἔξει
1461 425 1509 456 τὰς
1524 424 1577 451 τῶν
1589 424 1772 451 εὐσεϐούντων

988 473 1093 504 ἀκοάς·
1111 472 1181 507 πλὴν
1208 471 1283 498 οὐδὲν
1314 471 1412 498 κωλύει
1438 471 1506 506 πρὸς
1531 471 1581 506 τὴν
1607 471 1771 504 ἐπαγγελίαν

989 515 1074 543 ἐλθεῖν
1087 524 1095 532 '
1107 515 1145 548 ὠς
1158 516 1218 542 ἐπεὶ
1234 515 1265 541 τὸ
1273 515 1370 551 λύτρον
1389 515 1457 551 πρὸς
1475 515 1522 541 δύο
1536 516 1596 542 τινὰ
1609 515 1658 550 τὴν
1673 516 1772 548 ἀναφο-

991 562 1040 598 ρὰν
1054 563 1092 594 ὡς
1104 562 1206 588 ἐπίπαν
1216 561 1283 597 ἔχει,
1302 561 1393 598 ρύσιόν
1406 571 1435 588 τε
1447 561 1501 588 τῶν
1523 561 1712 596 κατεχομένων
1731 559 1772 587 εἷς·

989 617 1043 641 ναι,
1057 609 1104 635 καὶ
1116 607 1202 643 δῶρον
1216 608 1330 643 ὁρᾶσθαι
1342 607 1381 642 τῷ
1395 607 1535 643 κατέχοντι
1548 615 1555 622 ·
1567 607 1604 639 ὡς
1619 607 1669 642 μὲν
1680 607 1780 642 ῥύσιονι

988 654 1042 681 τῶν
1056 653 1256 689 κατεχομένων,
1279 653 1376 688 λύτρον
1389 655 1422 680 ἂν
1435 654 1477 688 εἴη
1498 653 1529 680 τὸ
1543 654 1676 689 σωτήριον
1691 651 1772 687 αἷμα,

988 699 1027 732 ὡς
1043 698 1073 726 δὲ
1088 698 1175 734 δῶρον
1202 698 1249 725 τοῦ
1272 697 1443 734 κατέχοντος,
1474 698 1615 733 οὐδαμῶς·
1641 698 1702 724 ἐπεὶ
1725 698 1774 724 καὶ

991 744 1075 772 πολλὰ
1086 745 1154 772 ἄλλα
1183 744 1222 780 τῷ
1245 744 1347 781 κυρίως
1365 744 1504 780 λεγομένῳ
1532 744 1666 780 προσόντα
1683 744 1782 778 λύτρῳ»

989 795 1022 828 τῇ
1040 792 1173 828 ἀφράστῳ
1199 791 1285 828 ταύτῃ
1309 792 1357 819 καὶ
1384 791 1454 826 ὑπὲρ
1479 791 1557 825 λόγον
1574 791 1604 817 ού
1629 790 1781 825 πρόσεστιν-

990 839 1130 874 οίκονομίᾳ
1143 847 1149 853 ·
1164 839 1212 866 καὶ
1237 838 1292 874 γὰρ
1304 839 1318 865 ὁ
1335 838 1383 873 μὲν
1405 838 1435 864 τδ
1450 837 1547 873 λύτρον
1568 837 1668 868 διδοὺς,
1681 836 1782 862 οὐκέτι-

990 885 1137 919 δυνάμενος
1150 881 1220 911 εἶναι
1233 884 1336 918 Κύριος
1347 880 1385 909 ὧν
1398 882 1530 918 παρέσχε,
1542 882 1592 915 τὴν
1602 881 1705 916 ζημίαν
1717 879 1776 914 ἔχει

991 931 1060 958 κατὰ
1065 930 1097 957 τδ
1103 930 1289 965 ἀπαραίτητον
1295 928 1442 955 ἀκολουθοῦ
1446 936 1506 955 σαν·
1516 927 1654 963 κερδαίνει
1662 926 1684 952 δ’
1693 927 1709 952 ὸ
1722 926 1774 951 λα-

991 976 1045 1003 ϐὼν
1057 976 1125 1012 [καὶ]
1136 976 1293 1003 καθίσταται
1307 975 1439 1010 δεσπότης
1451 971 1489 1001 ὧν
1501 974 1631 1009 πρότερον
1641 972 1690 1007 τὴν
1698 971 1777 1003 ἐξου-

992 1023 1051 1050 σίαν
1060 1023 1111 1050 οὐκ
1120 1022 1187 1057 εἴχε²
1196 1021 1312 1049 ἐνταῦθα
1330 1021 1358 1047 δὲ
1374 1020 1527 1047 τούναντίον
1547 1019 1629 1045 ἅπαν·
1638 1020 1652 1045 ὁ
1663 1019 1711 1053 μὲν
1721 1026 1777 1044 κα-

991 1069 1137 1103 ταθέμενος
1144 1068 1175 1094 τδ
1181 1067 1278 1104 λύτρον
1287 1067 1344 1097 (καὶ
1354 1066 1408 1102 γὰρ
1418 1066 1505 1093 πάντα
1516 1067 1544 1092 ὲν
1556 1065 1671 1100 τῇχειρὶ
1679 1062 1776 1096 αὑτοῦ,

991 1114 1039 1142 καὶ
1052 1114 1112 1141 οὐδὲ
1122 1114 1168 1141 τοῦ
1179 1113 1262 1140 Ἀϐελ
1275 1111 1354 1148 αἷμα,
1366 1113 1396 1139 οὑ
1412 1112 1464 1148 μὴν
1482 1111 1542 1138 οὐδὲ
1555 1111 1608 1138 τῶν
1628 1109 1778 1145 μαρτύρων

992 1160 1045 1194 ἔξω
1058 1160 1108 1195 τῆς
1126 1160 1207 1187 αὑτοῦ
1223 1158 1375 1194 καθέστηκε
1390 1157 1516 1193 προνοίας
1532 1156 1578 1184 καὶ
1588 1155 1688 1191 χειρὸς)
1698 1154 1779 1181 οὐδὲν

993 1206 1043 1241 μὲν
1052 1206 1173 1241 δηλονότι
1183 1205 1332 1240 ἐζημίωται
1345 1212 1353 1220 ·
1370 1203 1411 1235 τίς
1423 1203 1475 1238 γὰρ
1491 1203 1524 1229 ἀν
1543 1201 1611 1233 ὅλως
1630 1201 1717 1227 εἰπεῖν
1732 1200 1779 1225 ὲν-

992 1253 1086 1288 νοήσῃ,
1101 1251 1139 1283 ὡς
1160 1251 1208 1286 μὲν
1221 1250 1275 1277 τῶν
1298 1249 1469 1286 θεραπόντων
1480 1247 1572 1279 αὑτοῦ,
1587 1246 1635 1273 καὶ
1650 1243 1688 1273 ὧν
1713 1246 1779 1272 ὲκε-

991 1298 1117 1333 νώθησαν
1147 1297 1270 1332 αῐμάτων
1288 1295 1346 1322 ἐστι
1359 1295 1437 1330 λόγος
1447 1294 1531 1330 αὐτῷ,
1546 1294 1593 1320 καὶ
1610 1291 1678 1328 μετὰ
1692 1289 1778 1318 θάνα-

992 1351 1037 1370 τον
1061 1342 1099 1374 ὡς
1115 1343 1256 1369 ἀθανάτων
1271 1341 1395 1376 βοώντων
1421 1340 1532 1374 ἀκούει;
1547 1339 1578 1366 τὺ
1592 1338 1620 1364 δὲ
1642 1337 1779 1372 σωτήριον

993 1389 1040 1416 καὶ
1052 1388 1182 1420 ζωοποιὸν
1195 1385 1266 1422 αἷμα
1279 1387 1328 1414 τοῦ
1341 1386 1445 1422 κόσμου
1458 1387 1507 1412 οὐκ
1520 1386 1548 1412 ὲν
1563 1386 1617 1416 τοῖς
1632 1383 1780 1414 ἀθανάτοις

991 1435 1042 1469 τῆς
1055 1434 1137 1461 αὑτοῦ
1148 1433 1275 1469 προνοίας
1284 1433 1407 1468 ταμείοις
1417 1431 1523 1466 συνέχει
1531 1429 1681 1465 ἀνώλεθρον
1691 1428 1779 1464 αὐτῷ,

993 1480 1040 1507 καὶ
1056 1480 1158 1514 φθορᾶς
1171 1479 1304 1514 σωμάτων
1317 1478 1456 1513 ἀνέπαφον
1476 1475 1694 1511 συντηρούμενος
1708 1474 1780 1509 (59);

993 1525 1043 1552 οὐκ
1056 1524 1206 1560 ἑζημίωται
1219 1523 1308 1550 τοίνυν
1321 1523 1351 1549 οὐ
1368 1523 1417 1558 μὲν
1439 1519 1486 1548 οὖν
1500 1521 1514 1548 ὃ
1534 1521 1565 1547 τὶ,
1579 1520 1677 1556 λύτρον
1691 1528 1782 1547 κατα-

159 1571 364 1597 conservatum.
378 1571 459 1601 atque
474 1567 509 1593 ab
529 1566 603 1593 omni
623 1573 753 1600 corporea
769 1565 902 1600 corruptiu:

1040 1580 1120 1604 ιενος,
1134 1571 1201 1598 ἀλλὰ
1219 1570 1267 1597 καὶ
1290 1569 1338 1596 τοῦ
1352 1568 1447 1603 γένους
1474 1567 1553 1603 ἡμῶν
1575 1566 1676 1598 παντὸς
1692 1567 1706 1592 ὁ
1718 1565 1783 1600 φιλ-ι

158 1612 395 1649 protcctum?Non
405 1613 487 1646 igitur
500 1612 630 1639 damnum
643 1612 754 1647 pertulit
769 1611 816 1647 qui
828 1612 945 1647 pretium

158 1659 291 1687 contulit:
304 1659 359 1686 imo
374 1659 492 1686 universi
507 1658 615 1693 generis
630 1658 716 1685 nostri
730 1658 851 1685 clemens
864 1657 945 1685 Jesus

159 1705 274 1732 salutem
298 1704 420 1731 lucratus
434 1708 486 1731 est.
504 1703 556 1735 Qui
570 1710 634 1730 vero
650 1710 680 1730 se
694 1707 870 1737 accepturum
895 1710 946 1737 pu-

159 1751 244 1783 tabat,
256 1749 320 1777 dum
334 1749 367 1776 de
378 1756 428 1777 suo
441 1749 521 1776 unice
535 1749 611 1776 lucro
621 1748 732 1783 cogitat,
747 1748 821 1775 illam
835 1755 946 1783 quoque

160 1795 262 1827 amisit,
280 1796 359 1829 cujus
374 1795 446 1822 vires
461 1799 601 1829 tantopere
612 1794 744 1829 jactabat.
763 1794 944 1829 tyrannidem.
970 1790 973 1792 ’

160 1841 251 1874 Quare
270 1840 429 1868 Doniinicus
444 1841 572 1868 salutaris
586 1841 695 1875 sanguis
710 1842 827 1876 pretium
852 1849 946 1869 revera

159 1886 355 1921 redemptionis
377 1892 428 1917 est,
447 1886 510 1921 quia
533 1893 582 1913 nos
607 1886 764 1921 captivitate
785 1887 945 1922 expedivit:

159 1931 207 1959 sed
221 1931 293 1959 idem
306 1939 322 1958 a
334 1931 528 1966 redemptionis
540 1932 627 1966 pretio
637 1931 737 1965 dill'ert,
750 1937 807 1960 tum
819 1934 882 1969 quia
896 1934 945 1967 illi,

160 1978 206 2012 qui
215 1981 341 2004 naturam
352 1982 471 2004 nostram
482 1976 668 2004 fraudulenter
677 1978 790 2005 set-vitio
800 1979 946 2013 oppressit.

161 2031 216 2050 non
229 2027 272 2050 est
283 2023 407 2055 oblatus;
421 2028 477 2049 tum
493 2023 555 2057 quia
569 2023 648 2057 pretii
663 2023 771 2058 quidem
785 2024 947 2058 praclarum

160 2070 268 2097 lucrum
292 2077 355 2097 esse
377 2069 457 2101 solet,
475 2069 550 2096 nullo
567 2070 668 2096 damno
689 2069 810 2096 comite:
826 2074 948 2097 attamen

160 2114 270 2142 diabolo
286 2115 455 2149 captivorum
476 2114 544 2141 hero
562 2114 729 2148 duplicatum
751 2114 843 2149 potius
869 2122 947 2142 sum-

161 2167 291 2194 mumque
306 2159 435 2186 damnum
451 2159 550 2186 evenit.
565 2159 699 2187 Praeterea
714 2160 948 2194 redemptionibus

160 2207 222 2235 aliis
237 2206 348 2242 paciﬁca
363 2206 444 2233 verba
466 2210 604 2240 praeeunt;
629 2206 674 2233 hic
696 2206 760 2233 dum
774 2206 890 2240 pretium
905 2214 949 2233 re»-

996 1617 1138 1652 άνθρωπος
1153 1614 1354 1651 προσεκέρδησε
1379 1613 1428 1649 τὴν
1443 1612 1580 1648 σωτηρίαν
1590 1620 1597 1626 ·
1612 1613 1626 1638 ὁ
1646 1611 1674 1638 δὲ
1687 1610 1783 1637 λαϐεῖν

995 1662 1119 1698 νομίσας,
1130 1662 1171 1688 ὅτι
1185 1660 1278 1687 λαϐεῖν
1292 1660 1372 1695 μόνον
1388 1658 1507 1694 ἐνόμισε,
1527 1657 1576 1684 καὶ
1588 1657 1673 1692 αὐτὴν
1692 1663 1783 1691 προσ-

996 1707 1148 1740 απώλεσεν,
1169 1707 1212 1741 ἐφ’
1271 1714 1301 1732 τε
1316 1705 1387 1741 μέγα
1408 1704 1518 1740 ἐφρόνει
1532 1703 1579 1730 καὶ
1598 1702 1631 1738 ἢν
1645 1701 1783 1737 ἐνισχύειν

995 1754 1121 1788 ἐνόμισεν
1146 1751 1228 1779 αὐτοῦ
1248 1750 1410 1786 τυραννίδα·
1431 1748 1500 1775 ὥστε
1527 1748 1559 1774 τὸ
1584 1747 1717 1782 σωτήριον
1733 1747 1785 1773 καὶ

996 1798 1152 1826 δεσποτικὸν
1163 1796 1233 1832 αἷμα
1242 1797 1289 1823 καὶ
1311 1795 1410 1830 λύτρον
1424 1793 1517 1830 χώραν
1524 1793 1557 1821 ἂν
1570 1792 1673 1827 ἐπέχοι,
1686 1792 1785 1819 ἀνεκο-

999 1845 1096 1881 μίσατο
1112 1844 1166 1879 γὰρ
1181 1843 1255 1879 ἡμᾶς
1266 1842 1316 1877 τῆς
1341 1839 1539 1876 αἰχμαλωσίας,
1551 1839 1600 1865 καὶ
1617 1837 1665 1864 τοῦ
1681 1836 1784 1871 λύτρον

997 1889 1194 1926 παραλλάσσει,
1211 1888 1252 1915 ὅτι
1266 1887 1333 1923 μηδὲ
1347 1885 1516 1922 προσενέχθη
1529 1883 1568 1920 τῷ
1580 1883 1629 1919 τὴν
1644 1882 1784 1918 ἡμετέραν

997 1938 1078 1974 φύσιν
1094 1936 1186 1971 ἀπάτῃ
1198 1933 1394 1969 δουλωσαμένῳ
1403 1939 1412 1948 ’
1428 1932 1476 1959 καὶ
1485 1932 1525 1958 ὅτι
1537 1931 1565 1957 ἐν
1583 1929 1633 1965 μὲν
1643 1929 1682 1964 τῷ
1691 1927 1785 1963 λύτρῳ

996 1983 1027 2010 τὸ
1047 1982 1141 2018 κέρδος
1156 1981 1252 2016 ὁρᾶται
1269 1979 1351 2014 μέγα,
1374 1977 1441 2014 μηδὲ
1458 1977 1522 2012 μιᾶς
1539 1973 1784 2009 συνεπινοουμένης

997 2030 1110 2065 ζημίας·
1126 2030 1154 2055 ὲν
1163 2027 1192 2054 δὲ
1203 2026 1242 2062 τῷ
1254 2025 1397 2060 κατέχοντι
1411 2024 1474 2055 τοὺς
1488 2021 1688 2058 αἰχμαλώτους,
1700 2020 1784 2054 διπλῆ

999 2076 1099 2112 μᾶλλον
1130 2074 1158 2100 δὲ
1182 2072 1316 2106 παντελὴς
1333 2072 1349 2106 ὴ
1362 2070 1448 2105 ζημία
1458 2077 1464 2083 ’
1478 2069 1503 2095 εί
1517 2068 1604 2103 βούλει
1616 2067 1702 2093 δὲκαὶ
1716 2066 1784 2112 διάει

997 2122 1050 2148 τῶν
1067 2121 1115 2155 μὲν
1125 2119 1211 2146 ἄλλων
1228 2118 1334 2154 λύτρων
1347 2116 1528 2152 συμϐατήριοι
1540 2112 1724 2150 προηγοῦνται
1738 2111 1784 2137 λό-

997 2176 1052 2201 γοι,
1071 2165 1187 2193 ἐνταῦθα
1197 2164 1226 2191 δὲ
1241 2163 1288 2191 τοῦ
1301 2163 1398 2198 λύτρου
1425 2161 1623 2197 μελετωμένου,
1648 2161 1665 2194 ἡ
1691 2158 1785 2185 δικαία

999 2213 1088 2249 κρίσις
1099 2213 1132 2238 ὲκ
1140 2210 1305 2237 παλαιτάτου
1315 2208 1356 2244 τῷ
1368 2207 1489 2243 πολεμίῳ
1500 2206 1530 2234 τὸ
1554 2205 1685 2233 ἄσπονδον
1701 2211 1786 2230 κατα-

160 2253 324 2287 demptionis
337 2252 509 2287 persolvitur,
523 2252 628 2287 justum
644 2252 847 2287 Deijudicium,
865 2261 900 2289 qu

1041 2259 1170 2295 φιζομένη
1180 2278 1188 2291 ,
1204 2257 1244 2284 ἔτι
1258 2255 1359 2292 μᾶλλον
1384 2254 1535 2290 τηνικαῦτα
1548 2254 1597 2288 τὴν
1612 2251 1740 2284 τοιαύτην
1753 2250 1784 2282 ἐξ

162 2301 320 2328 ﬁrmissime
333 2300 398 2327 olim
415 2300 573 2328 decreverat
591 2300 616 2326 in
634 2300 740 2327 hostem
752 2307 872 2335 poenam,
887 2309 947 2329 eam

162 2348 215 2375 hoc
239 2348 412 2382 potissimum
430 2352 552 2380 tempore
571 2346 738 2374 facinoribus
755 2346 815 2381 ejus
838 2347 947 2375 inﬂixit.

162 2393 284 2428 Denique
299 2393 324 2419 in
339 2393 446 2420 caeteris
461 2391 693 2427 redemptionibus
707 2392 810 2420 hedera
825 2393 947 2427 quaedam

161 2439 202 2467 vel
217 2439 251 2466 ad
272 2440 383 2473 longum
408 2439 448 2466 vel
462 2440 495 2465 ad
518 2439 598 2465 breve
623 2443 728 2473 tempus
752 2438 903 2472 feriuntur;
920 2439 949 2467 in

162 2486 223 2517 hac,
235 2485 268 2512 de
279 2493 333 2519 qua
349 2485 465 2520 agimus,
479 2484 610 2511 nihiltale
621 2485 756 2519 suspicari
771 2484 844 2512 licet.
857 2484 946 2519 Atque

162 2531 297 2565 ejusmodi
314 2531 374 2558 alia:
388 2530 510 2566 plurima:
522 2530 683 2558 differentiae
692 2535 769 2557 sunt.
780 2529 872 2563 Quare
888 2531 946 2558 ﬁeri

163 2585 218 2603 non
246 2581 335 2612 potest
356 2582 384 2604 ut
400 2577 489 2604 oratio
511 2577 701 2604 necessitatem
729 2583 785 2611 prae
816 2585 846 2604 sc
868 2576 947 2610 ferat,

163 2623 392 2657 quemadmodum
410 2631 470 2650 eam
487 2623 634 2650 obtendere
648 2627 747 2658 potest,
760 2629 822 2650 cum
837 2630 888 2650 vox
904 2631 948 2650 re-

163 2669 254 2697 dimite
267 2669 397 2703 primario
408 2678 489 2697 sensu
500 2670 671 2705 intelligitur.
683 2668 750 2696 Nam
766 2669 880 2704 ﬁgurate
896 2669 949 2697 hoc

164 2716 235 2748 loco,
250 2716 273 2743 si
291 2723 411 2751 unquam
425 2716 507 2748 alias.
523 2723 573 2743 vox
593 2715 734 2751 accipitur.

997 2303 1034 2334 ὧν
1047 2307 1151 2337 ἐκεῖνος
1182 2304 1315 2339 ἔπραττεν
1341 2301 1481 2328 ἐπιϐάλλει
1505 2298 1671 2333 καταδίκην¹
1693 2297 1739 2323 καὶ
1750 2296 1784 2332 δὴ

999 2351 1046 2378 καὶ
1059 2350 1105 2377 ἐπὶ
1124 2349 1172 2385 μὲν
1188 2347 1242 2374 τῶν
1256 2347 1353 2378 ἄλλων,
1364 2345 1475 2372 σπονδαὶ⁹
1486 2345 1593 2375 πάντως
1608 2343 1624 2378 ἢ
1641 2341 1689 2368 ἐπὶ
1700 2341 1784 2367 πολὺν

999 2396 1016 2431 ἢ
1030 2395 1073 2422 ἐπ’
1101 2394 1190 2428 ὀλίγον
1206 2392 1380 2419 συνίστανται
1397 2391 1492 2426 χρόνον
1503 2395 1512 2403 ⁸
1526 2389 1556 2416 έν
1574 2388 1603 2415 δὲ
1619 2387 1658 2423 τῷ
1669 2386 1785 2420 παρόντι

998 2442 1089 2477 λύτρῳ
1109 2439 1164 2467 οὐδ’
1187 2438 1293 2474 ἐπινοίᾳ
1322 2437 1414 2464 λαϐεῖν
1442 2435 1501 2462 ἐστι
1533 2435 1597 2470 ψιλῇ
1616 2432 1736 2460 τοιοῦτόν
1758 2440 1785 2458 τι

999 2485 1215 2522 προενηγμένον,
1231 2484 1279 2511 καὶ
1289 2484 1359 2510 πόσα
1378 2482 1447 2509 ἄλλα
1462 2480 1594 2522 τοιαῦταί
1607 2479 1677 2505 ὥστε
1693 2478 1785 2513 χώραν

999 2533 1013 2559 ὁ
1027 2533 1104 2567 λόγος
1130 2530 1321 2567 προτείνεσθαι
1342 2529 1465 2562 ἀνάγκην
1480 2527 1529 2554 οὐκ
1542 2526 1608 2560 ἔχει,
1631 2525 1660 2552 ὃν
1684 2524 1785 2559 τρόπον

999 2580 1044 2606 ἐπὶ
1070 2577 1118 2605 τοῦ
1143 2577 1244 2612 κυρίως
1267 2576 1377 2603 δύναται
1396 2572 1597 2610 προϐάλλεσθαι
1620 2571 1737 2606 λύτρον·
1753 2570 1785 2595 ἐκ

1001 2625 1159 2661 μεταφορᾶς
1168 2623 1223 2659 γὰρ
1238 2622 1363 2654 ἐνταῦθα,
1371 2621 1450 2656 εἴπερ
1459 2619 1587 2654 ἀλλαχοῦ,
1597 2616 1785 2652 παρείληπται

1000 2673 1019 2707 ἡ
1030 2672 1116 2706 <mti-

931 2806 1046 2835 NOTAE.

204 2867 259 2902 (39)
278 2867 415 2895 Notamlus
428 2868 472 2895 hic
493 2867 670 2897 Photiilocus
685 2873 794 2904 propter
815 2868 947 2895 famosam
967 2867 1000 2896 dc
1016 2867 1148 2904 sanguine
1162 2866 1264 2894 Christi
1289 2865 1351 2893 fuso
1385 2867 1518 2891 versatam
1536 2861 1605 2889 inter
1636 2859 1785 2888 catholicos

169 2904 309 2939 theologos
321 2904 508 2938 qnmstionem.
