  <div class='ocr_page' id='page_1' title='image "/cluster/home/n/w/nwhite01/storage/ocr_20150623/101/njp.32101077772877/128.png"; bbox 0 0 1882 3075; ppageno 0'>
   <div class='ocr_carea' id='block_1_1' title="bbox 118 175 168 209">
    <p class='ocr_par' dir='ltr' id='par_1_1' title="bbox 118 175 168 209">
     <span class='ocr_line' id='line_1_1' title="bbox 118 175 168 209; baseline 0.02 -1"><span class='ocrx_word' id='word_1_1' title='bbox 118 175 168 209; x_wconf 72' lang='grc'><strong>181</strong></span> 
     </span>
    </p>
   </div>
   <div class='ocr_carea' id='block_1_2' title="bbox 582 180 1264 216">
    <p class='ocr_par' dir='ltr' id='par_1_2' title="bbox 582 180 1264 216">
     <span class='ocr_line' id='line_1_2' title="bbox 582 180 1264 216; baseline 0.006 -4"><span class='ocrx_word' id='word_1_2' title='bbox 582 182 631 212; x_wconf 80' lang='lat' dir='ltr'><strong>AD</strong></span> <span class='ocrx_word' id='word_1_3' title='bbox 649 180 946 213; x_wconf 75' lang='lat' dir='ltr'><strong>AMPHILOCHIUM</strong></span> <span class='ocrx_word' id='word_1_4' title='bbox 968 183 1142 215; x_wconf 84' lang='lat' dir='ltr'><strong>OU/ESTIO</strong></span> <span class='ocrx_word' id='word_1_5' title='bbox 1159 185 1264 216; x_wconf 76' lang='lat' dir='ltr'><strong>XXIV.</strong></span> 
     </span>
    </p>
   </div>
   <div class='ocr_carea' id='block_1_3' title="bbox 1697 182 1747 215">
    <p class='ocr_par' dir='ltr' id='par_1_3' title="bbox 1697 182 1747 215">
     <span class='ocr_line' id='line_1_3' title="bbox 1697 182 1747 215; baseline 0.02 -1"><span class='ocrx_word' id='word_1_6' title='bbox 1697 182 1747 215; x_wconf 62' lang='grc'><strong>189¹</strong></span> 
     </span>
    </p>
   </div>
   <div class='ocr_carea' id='block_1_4' title="bbox 152 236 917 275">
    <p class='ocr_par' dir='ltr' id='par_1_4' title="bbox 152 236 910 275">
     <span class='ocr_line' id='line_1_4' title="bbox 152 236 910 275; baseline 0.004 -12"><span class='ocrx_word' id='word_1_7' title='bbox 152 239 185 264; x_wconf 87' lang='grc' dir='ltr'><strong>ε’.</strong></span> <span class='ocrx_word' id='word_1_8' title='bbox 199 236 253 263; x_wconf 79' lang='grc' dir='ltr'>Καὶ</span> <span class='ocrx_word' id='word_1_9' title='bbox 264 236 345 272; x_wconf 74' lang='grc' dir='ltr'>δῆλον</span> <span class='ocrx_word' id='word_1_10' title='bbox 358 237 396 269; x_wconf 83' lang='grc' dir='ltr'><strong>ὡς</strong></span> <span class='ocrx_word' id='word_1_11' title='bbox 409 237 440 264; x_wconf 79' lang='grc' dir='ltr'>οὗ</span> <span class='ocrx_word' id='word_1_12' title='bbox 451 237 504 274; x_wconf 83' lang='grc' dir='ltr'><strong>χρὴ</strong></span> <span class='ocrx_word' id='word_1_13' title='bbox 521 237 662 273; x_wconf 76' lang='grc' dir='ltr'>βιάζεσθαι</span> <span class='ocrx_word' id='word_1_14' title='bbox 678 239 910 275; x_wconf 65' lang='grc' dir='ltr'>συνεφιρμϐττειν</span> 
     </span>
    </p>
   </div>
   <div class='ocr_carea' id='block_1_5' title="bbox 986 236 1750 275">
    <p class='ocr_par' dir='ltr' id='par_1_5' title="bbox 996 242 1750 272">
     <span class='ocr_line' id='line_1_5' title="bbox 996 242 1750 272; baseline 0.001 -3"><span class='ocrx_word' id='word_1_15' title='bbox 996 243 1023 270; x_wconf 84' lang='grc'><strong>5.</strong></span> <span class='ocrx_word' id='word_1_16' title='bbox 1040 243 1166 271; x_wconf 74' lang='lat' dir='ltr'><strong>Profecto</strong></span> <span class='ocrx_word' id='word_1_17' title='bbox 1179 247 1288 272; x_wconf 76' lang='lat' dir='ltr'><strong>constat</strong></span> <span class='ocrx_word' id='word_1_18' title='bbox 1308 250 1362 270; x_wconf 91' lang='lat' dir='ltr'><strong>non</strong></span> <span class='ocrx_word' id='word_1_19' title='bbox 1382 250 1444 272; x_wconf 84' lang='lat' dir='ltr'><strong>esse</strong></span> <span class='ocrx_word' id='word_1_20' title='bbox 1461 242 1641 271; x_wconf 73' lang='lat' dir='ltr'><strong>adnitendum</strong></span> <span class='ocrx_word' id='word_1_21' title='bbox 1671 247 1700 269; x_wconf 90' lang='lat' dir='ltr'><strong>ut</strong></span> <span class='ocrx_word' id='word_1_22' title='bbox 1717 243 1750 270; x_wconf 87' lang='lat' dir='ltr'><strong>ad</strong></span> 
     </span>
    </p>
   </div>
   <div class='ocr_carea' id='block_1_6' title="bbox 116 284 911 320">
    <p class='ocr_par' dir='ltr' id='par_1_6' title="bbox 116 284 911 320">
     <span class='ocr_line' id='line_1_6' title="bbox 116 284 911 320; baseline 0.005 -12"><span class='ocrx_word' id='word_1_23' title='bbox 116 284 175 314; x_wconf 82' lang='grc' dir='ltr'>τοῖς</span> <span class='ocrx_word' id='word_1_24' title='bbox 192 284 263 310; x_wconf 80' lang='grc' dir='ltr'>κατὰ</span> <span class='ocrx_word' id='word_1_25' title='bbox 281 284 438 319; x_wconf 77' lang='grc' dir='ltr'><strong>μεταφορὰν</strong></span> <span class='ocrx_word' id='word_1_26' title='bbox 461 284 628 319; x_wconf 76' lang='grc' dir='ltr'><strong>λεγομένοις,</strong></span> <span class='ocrx_word' id='word_1_27' title='bbox 645 286 694 312; x_wconf 83' lang='grc' dir='ltr'>ὃσα</span> <span class='ocrx_word' id='word_1_28' title='bbox 712 285 821 317; x_wconf 80' lang='grc' dir='ltr'>πάντως</span> <span class='ocrx_word' id='word_1_29' title='bbox 840 294 911 320; x_wconf 81' lang='grc' dir='ltr'>παρ-</span> 
     </span>
    </p>
   </div>
   <div class='ocr_carea' id='block_1_7' title="bbox 118 329 909 367">
    <p class='ocr_par' dir='ltr' id='par_1_7' title="bbox 118 329 909 367">
     <span class='ocr_line' id='line_1_7' title="bbox 118 329 909 367; baseline 0.005 -14"><span class='ocrx_word' id='word_1_30' title='bbox 118 329 235 355; x_wconf 69' lang='grc' dir='ltr'>έπεσθαι</span> <span class='ocrx_word' id='word_1_31' title='bbox 253 329 333 356; x_wconf 84' lang='grc' dir='ltr'>είωοε</span> <span class='ocrx_word' id='word_1_32' title='bbox 347 330 387 366; x_wconf 85' lang='grc' dir='ltr'>τῷ</span> <span class='ocrx_word' id='word_1_33' title='bbox 400 330 471 357; x_wconf 74' lang='grc' dir='ltr'>κατὰ</span> <span class='ocrx_word' id='word_1_34' title='bbox 482 330 531 366; x_wconf 70' lang='grc' dir='ltr'><strong>τὴν</strong></span> <span class='ocrx_word' id='word_1_35' title='bbox 546 331 593 357; x_wconf 74' lang='grc' dir='ltr'><strong>ἀπ’</strong></span> <span class='ocrx_word' id='word_1_36' title='bbox 605 331 693 367; x_wconf 78' lang='grc' dir='ltr'>ἀρχῆς</span> <span class='ocrx_word' id='word_1_37' title='bbox 705 330 779 357; x_wconf 85' lang='grc' dir='ltr'><strong>θέσιν</strong></span> <span class='ocrx_word' id='word_1_38' title='bbox 791 331 840 366; x_wconf 86' lang='grc' dir='ltr'>τῆς</span> <span class='ocrx_word' id='word_1_39' title='bbox 851 340 909 366; x_wconf 85' lang='grc' dir='ltr'>φω-</span> 
     </span>
    </p>
   </div>
   <div class='ocr_carea' id='block_1_8' title="bbox 117 374 911 411">
    <p class='ocr_par' dir='ltr' id='par_1_8' title="bbox 117 374 911 411">
     <span class='ocr_line' id='line_1_8' title="bbox 117 374 911 411; baseline 0.004 -11"><span class='ocrx_word' id='word_1_40' title='bbox 117 374 168 408; x_wconf 84' lang='grc' dir='ltr'>νῆς</span> <span class='ocrx_word' id='word_1_41' title='bbox 183 375 372 410; x_wconf 86' lang='grc' dir='ltr'>ὼνομασμένῳ</span> <span class='ocrx_word' id='word_1_42' title='bbox 388 384 395 390; x_wconf 92' lang='grc'>·</span> <span class='ocrx_word' id='word_1_43' title='bbox 419 376 459 403; x_wconf 80' lang='grc' dir='ltr'><strong>δεῖ</strong></span> <span class='ocrx_word' id='word_1_44' title='bbox 471 376 525 411; x_wconf 75' lang='grc' dir='ltr'><strong>γὰρ</strong></span> <span class='ocrx_word' id='word_1_45' title='bbox 539 377 579 408; x_wconf 86' lang='grc' dir='ltr'><strong>εἰς</strong></span> <span class='ocrx_word' id='word_1_46' title='bbox 594 376 684 403; x_wconf 77' lang='grc' dir='ltr'>κοινὸν</span> <span class='ocrx_word' id='word_1_47' title='bbox 701 378 851 410; x_wconf 75' lang='grc' dir='ltr'><strong>ἀναγαγεῖν</strong></span> <span class='ocrx_word' id='word_1_48' title='bbox 863 377 911 403; x_wconf 78' lang='grc' dir='ltr'>τύ-</span> 
     </span>
    </p>
   </div>
   <div class='ocr_carea' id='block_1_9' title="bbox 117 421 911 458">
    <p class='ocr_par' dir='ltr' id='par_1_9' title="bbox 117 421 911 458">
     <span class='ocr_line' id='line_1_9' title="bbox 117 421 911 458; baseline 0.003 -12"><span class='ocrx_word' id='word_1_49' title='bbox 117 429 180 452; x_wconf 77' lang='grc' dir='ltr'>πον,</span> <span class='ocrx_word' id='word_1_50' title='bbox 195 421 214 447; x_wconf 79' lang='grc' dir='ltr'>ἃ</span> <span class='ocrx_word' id='word_1_51' title='bbox 229 421 277 448; x_wconf 77' lang='grc' dir='ltr'>νῦν</span> <span class='ocrx_word' id='word_1_52' title='bbox 292 421 341 448; x_wconf 69' lang='grc' dir='ltr'><strong>ἐπὶ</strong></span> <span class='ocrx_word' id='word_1_53' title='bbox 355 422 402 448; x_wconf 82' lang='grc' dir='ltr'><strong>τοῦ</strong></span> <span class='ocrx_word' id='word_1_54' title='bbox 418 422 599 458; x_wconf 82' lang='grc' dir='ltr'>προταθέντος</span> <span class='ocrx_word' id='word_1_55' title='bbox 613 422 771 458; x_wconf 77' lang='grc' dir='ltr'>ὲγυμνάσθη</span> <span class='ocrx_word' id='word_1_56' title='bbox 789 422 911 458; x_wconf 79' lang='grc' dir='ltr'>προὸλή-</span> 
     </span>
    </p>
   </div>
   <div class='ocr_carea' id='block_1_10' title="bbox 119 467 911 503">
    <p class='ocr_par' dir='ltr' id='par_1_10' title="bbox 119 467 911 503">
     <span class='ocr_line' id='line_1_10' title="bbox 119 467 911 503; baseline 0.003 -11"><span class='ocrx_word' id='word_1_57' title='bbox 119 475 206 501; x_wconf 86' lang='grc' dir='ltr'>ματος</span> <span class='ocrx_word' id='word_1_58' title='bbox 219 474 227 481; x_wconf 90' lang='grc'><strong>·</strong></span> <span class='ocrx_word' id='word_1_59' title='bbox 255 467 294 498; x_wconf 85' lang='grc' dir='ltr'><strong>ὡς</strong></span> <span class='ocrx_word' id='word_1_60' title='bbox 315 467 349 493; x_wconf 80' lang='grc' dir='ltr'>ἂν</span> <span class='ocrx_word' id='word_1_61' title='bbox 369 468 438 503; x_wconf 77' lang='grc' dir='ltr'>πρὸς</span> <span class='ocrx_word' id='word_1_62' title='bbox 456 467 541 494; x_wconf 71' lang='grc' dir='ltr'>πολλὰ</span> <span class='ocrx_word' id='word_1_63' title='bbox 558 467 600 502; x_wconf 78' lang='grc' dir='ltr'>εἴη</span> <span class='ocrx_word' id='word_1_64' title='bbox 618 467 672 494; x_wconf 85' lang='grc' dir='ltr'><strong>τῶν</strong></span> <span class='ocrx_word' id='word_1_65' title='bbox 688 467 773 502; x_wconf 83' lang='grc' dir='ltr'>αὐτὴν</span> <span class='ocrx_word' id='word_1_66' title='bbox 795 467 911 502; x_wconf 85' lang='grc' dir='ltr'>ἀπορίαν</span> 
     </span>
    </p>
   </div>
   <div class='ocr_carea' id='block_1_11' title="bbox 117 512 912 550">
    <p class='ocr_par' dir='ltr' id='par_1_11' title="bbox 117 512 912 550">
     <span class='ocr_line' id='line_1_11' title="bbox 117 512 912 550; baseline 0.004 -13"><span class='ocrx_word' id='word_1_67' title='bbox 117 512 285 545; x_wconf 61' lang='grc' dir='ltr'>συνάγεσθαι</span> <span class='ocrx_word' id='word_1_68' title='bbox 295 513 462 548; x_wconf 79' lang='grc' dir='ltr'>δυναμένων,</span> <span class='ocrx_word' id='word_1_69' title='bbox 475 514 504 546; x_wconf 71' lang='grc' dir='ltr'>ἐξ</span> <span class='ocrx_word' id='word_1_70' title='bbox 516 513 624 548; x_wconf 78' lang='grc' dir='ltr'><strong>ἑτοίμου</strong></span> <span class='ocrx_word' id='word_1_71' title='bbox 636 514 682 540; x_wconf 76' lang='grc' dir='ltr'>καὶ</span> <span class='ocrx_word' id='word_1_72' title='bbox 693 513 912 550; x_wconf 81' lang='grc' dir='ltr'>καθολικωτέρας</span> 
     </span>
    </p>
   </div>
   <div class='ocr_carea' id='block_1_12' title="bbox 117 558 911 595">
    <p class='ocr_par' dir='ltr' id='par_1_12' title="bbox 117 558 911 595">
     <span class='ocr_line' id='line_1_12' title="bbox 117 558 911 595; baseline 0.001 -11"><span class='ocrx_word' id='word_1_73' title='bbox 117 558 215 592; x_wconf 75' lang='grc' dir='ltr'>ἐφόδου</span> <span class='ocrx_word' id='word_1_74' title='bbox 228 559 278 594; x_wconf 82' lang='grc' dir='ltr'>τὴν</span> <span class='ocrx_word' id='word_1_75' title='bbox 293 559 371 586; x_wconf 81' lang='grc' dir='ltr'>λύσιν</span> <span class='ocrx_word' id='word_1_76' title='bbox 390 559 514 593; x_wconf 77' lang='grc' dir='ltr'>ἐπάγειν,</span> <span class='ocrx_word' id='word_1_77' title='bbox 528 559 576 586; x_wconf 82' lang='grc' dir='ltr'>καὶ</span> <span class='ocrx_word' id='word_1_78' title='bbox 594 560 625 586; x_wconf 81' lang='grc' dir='ltr'><strong>τὺ</strong></span> <span class='ocrx_word' id='word_1_79' title='bbox 641 560 825 595; x_wconf 82' lang='grc' dir='ltr'><strong>συνταράττον</strong></span> <span class='ocrx_word' id='word_1_80' title='bbox 841 560 911 586; x_wconf 84' lang='grc' dir='ltr'>ἁπο-</span> 
     </span>
    </p>
   </div>
   <div class='ocr_carea' id='block_1_13' title="bbox 118 604 912 641">
    <p class='ocr_par' dir='ltr' id='par_1_13' title="bbox 118 604 912 641">
     <span class='ocr_line' id='line_1_13' title="bbox 118 604 912 641; baseline 0.003 -11"><span class='ocrx_word' id='word_1_81' title='bbox 118 604 304 637; x_wconf 79' lang='grc' dir='ltr'>σκευάζεσθαι</span> <span class='ocrx_word' id='word_1_82' title='bbox 316 627 323 638; x_wconf 83' lang='grc'><strong>,</strong></span> <span class='ocrx_word' id='word_1_83' title='bbox 340 606 371 632; x_wconf 84' lang='grc' dir='ltr'>οὐ</span> <span class='ocrx_word' id='word_1_84' title='bbox 384 605 462 632; x_wconf 81' lang='grc' dir='ltr'>τοῦτο</span> <span class='ocrx_word' id='word_1_85' title='bbox 475 606 504 632; x_wconf 87' lang='grc' dir='ltr'><strong>δέ</strong></span> <span class='ocrx_word' id='word_1_86' title='bbox 517 614 599 641; x_wconf 83' lang='grc' dir='ltr'>φημι,</span> <span class='ocrx_word' id='word_1_87' title='bbox 614 605 716 640; x_wconf 80' lang='grc' dir='ltr'>ἄπαγε,</span> <span class='ocrx_word' id='word_1_88' title='bbox 730 605 768 637; x_wconf 82' lang='grc' dir='ltr'><strong>ὡς</strong></span> <span class='ocrx_word' id='word_1_89' title='bbox 781 607 838 637; x_wconf 85' lang='grc' dir='ltr'>τοῖς</span> <span class='ocrx_word' id='word_1_90' title='bbox 849 613 912 641; x_wconf 86' lang='grc' dir='ltr'>τρο-</span> 
     </span>
    </p>
   </div>
   <div class='ocr_carea' id='block_1_14' title="bbox 118 651 911 687">
    <p class='ocr_par' dir='ltr' id='par_1_14' title="bbox 118 651 911 687">
     <span class='ocr_line' id='line_1_14' title="bbox 118 651 911 687; baseline 0.001 -10"><span class='ocrx_word' id='word_1_91' title='bbox 118 651 211 682; x_wconf 83' lang='grc' dir='ltr'>πικοῖς</span> <span class='ocrx_word' id='word_1_92' title='bbox 229 651 283 677; x_wconf 83' lang='grc' dir='ltr'><strong>τῶν</strong></span> <span class='ocrx_word' id='word_1_93' title='bbox 300 651 441 686; x_wconf 76' lang='grc' dir='ltr'>ὀνομάτων</span> <span class='ocrx_word' id='word_1_94' title='bbox 461 651 492 678; x_wconf 86' lang='grc' dir='ltr'>οὒ</span> <span class='ocrx_word' id='word_1_95' title='bbox 511 652 551 677; x_wconf 85' lang='grc' dir='ltr'><strong>δεῖ</strong></span> <span class='ocrx_word' id='word_1_96' title='bbox 565 651 715 687; x_wconf 75' lang='grc' dir='ltr'>κεχρῆσθαι</span> <span class='ocrx_word' id='word_1_97' title='bbox 728 660 735 668; x_wconf 88' lang='grc'><strong>·</strong></span> <span class='ocrx_word' id='word_1_98' title='bbox 761 651 911 687; x_wconf 79' lang='grc' dir='ltr'>σύντροφος</span> 
     </span>
    </p>
   </div>
   <div class='ocr_carea' id='block_1_15' title="bbox 118 697 911 733">
    <p class='ocr_par' dir='ltr' id='par_1_15' title="bbox 118 697 911 733">
     <span class='ocr_line' id='line_1_15' title="bbox 118 697 911 733; baseline 0.001 -10"><span class='ocrx_word' id='word_1_99' title='bbox 118 697 174 732; x_wconf 72' lang='grc' dir='ltr'><strong>γὰρ</strong></span> <span class='ocrx_word' id='word_1_100' title='bbox 188 698 256 732; x_wconf 77' lang='grc' dir='ltr'>ἡμῖν</span> <span class='ocrx_word' id='word_1_101' title='bbox 278 697 309 724; x_wconf 85' lang='grc' dir='ltr'><strong>οὐ</strong></span> <span class='ocrx_word' id='word_1_102' title='bbox 324 697 393 725; x_wconf 83' lang='grc' dir='ltr'>πολὺ</span> <span class='ocrx_word' id='word_1_103' title='bbox 408 697 462 724; x_wconf 87' lang='grc' dir='ltr'><strong>τῶν</strong></span> <span class='ocrx_word' id='word_1_104' title='bbox 475 697 578 732; x_wconf 80' lang='grc' dir='ltr'>κυρίων</span> <span class='ocrx_word' id='word_1_105' title='bbox 590 697 728 732; x_wconf 78' lang='grc' dir='ltr'>ἐλαττονὴ</span> <span class='ocrx_word' id='word_1_106' title='bbox 744 699 844 733; x_wconf 73' lang='grc' dir='ltr'>χρῆσις</span> <span class='ocrx_word' id='word_1_107' title='bbox 860 698 911 725; x_wconf 73' lang='grc' dir='ltr'><strong>αὐο</strong></span> 
     </span>
    </p>
   </div>
   <div class='ocr_carea' id='block_1_16' title="bbox 116 744 912 781">
    <p class='ocr_par' dir='ltr' id='par_1_16' title="bbox 116 744 912 781">
     <span class='ocr_line' id='line_1_16' title="bbox 116 744 912 781; baseline 0.001 -10"><span class='ocrx_word' id='word_1_108' title='bbox 116 744 174 771; x_wconf 82' lang='grc' dir='ltr'>τῶν</span> <span class='ocrx_word' id='word_1_109' title='bbox 186 752 194 759; x_wconf 93' lang='grc'><strong>·</strong></span> <span class='ocrx_word' id='word_1_110' title='bbox 210 744 259 772; x_wconf 73' lang='grc' dir='ltr'>καὶ</span> <span class='ocrx_word' id='word_1_111' title='bbox 272 745 300 772; x_wconf 85' lang='grc' dir='ltr'><strong>εῖ</strong></span> <span class='ocrx_word' id='word_1_112' title='bbox 316 754 358 776; x_wconf 88' lang='grc' dir='ltr'><strong>τις</strong></span> <span class='ocrx_word' id='word_1_113' title='bbox 373 745 468 779; x_wconf 80' lang='grc' dir='ltr'><strong>ἀφέλοι</strong></span> <span class='ocrx_word' id='word_1_114' title='bbox 489 746 593 777; x_wconf 87' lang='grc' dir='ltr'>ταύτας</span> <span class='ocrx_word' id='word_1_115' title='bbox 610 745 642 772; x_wconf 78' lang='grc' dir='ltr'>ἐκ</span> <span class='ocrx_word' id='word_1_116' title='bbox 656 754 686 772; x_wconf 87' lang='grc' dir='ltr'><strong>τε</strong></span> <span class='ocrx_word' id='word_1_117' title='bbox 705 746 754 781; x_wconf 84' lang='grc' dir='ltr'>τῆς</span> <span class='ocrx_word' id='word_1_118' title='bbox 768 745 820 772; x_wconf 77' lang='grc' dir='ltr'><strong>ἀνὰ</strong></span> <span class='ocrx_word' id='word_1_119' title='bbox 834 747 912 781; x_wconf 78' lang='grc' dir='ltr'>χεῖρα</span> 
     </span>
    </p>
   </div>
   <div class='ocr_carea' id='block_1_17' title="bbox 117 790 913 827">
    <p class='ocr_par' dir='ltr' id='par_1_17' title="bbox 117 790 913 827">
     <span class='ocr_line' id='line_1_17' title="bbox 117 790 913 827; baseline 0.003 -11"><span class='ocrx_word' id='word_1_120' title='bbox 117 790 239 824; x_wconf 76' lang='grc' dir='ltr'>ὁμιλίας,</span> <span class='ocrx_word' id='word_1_121' title='bbox 266 791 315 817; x_wconf 87' lang='grc' dir='ltr'><strong>καί</strong></span> <span class='ocrx_word' id='word_1_122' title='bbox 336 790 366 823; x_wconf 78' lang='grc' dir='ltr'><strong>ἐξ</strong></span> <span class='ocrx_word' id='word_1_123' title='bbox 388 791 474 826; x_wconf 83' lang='grc' dir='ltr'>αὐτῆς</span> <span class='ocrx_word' id='word_1_124' title='bbox 493 799 526 825; x_wconf 85' lang='grc' dir='ltr'><strong>γε</strong></span> <span class='ocrx_word' id='word_1_125' title='bbox 545 791 599 818; x_wconf 86' lang='grc' dir='ltr'><strong>τῶν</strong></span> <span class='ocrx_word' id='word_1_126' title='bbox 613 791 838 827; x_wconf 79' lang='grc' dir='ltr'>συγγραμμάτων</span> <span class='ocrx_word' id='word_1_127' title='bbox 862 793 913 825; x_wconf 86' lang='grc' dir='ltr'>τῆς</span> 
     </span>
    </p>
   </div>
   <div class='ocr_carea' id='block_1_18' title="bbox 118 835 912 872">
    <p class='ocr_par' dir='ltr' id='par_1_18' title="bbox 118 835 912 872">
     <span class='ocr_line' id='line_1_18' title="bbox 118 835 912 872; baseline 0.001 -10"><span class='ocrx_word' id='word_1_128' title='bbox 118 835 280 871; x_wconf 74' lang='grc' dir='ltr'>ἑρμηνείας,</span> <span class='ocrx_word' id='word_1_129' title='bbox 297 836 345 862; x_wconf 77' lang='grc' dir='ltr'><strong>καὶ</strong></span> <span class='ocrx_word' id='word_1_130' title='bbox 363 836 480 871; x_wconf 82' lang='grc' dir='ltr'>μάλιστά</span> <span class='ocrx_word' id='word_1_131' title='bbox 495 845 528 870; x_wconf 84' lang='grc' dir='ltr'><strong>γε</strong></span> <span class='ocrx_word' id='word_1_132' title='bbox 548 837 598 869; x_wconf 82' lang='grc' dir='ltr'><strong>τὰς</strong></span> <span class='ocrx_word' id='word_1_133' title='bbox 611 836 711 872; x_wconf 84' lang='grc' dir='ltr'>πολλὴν</span> <span class='ocrx_word' id='word_1_134' title='bbox 733 836 848 872; x_wconf 79' lang='grc' dir='ltr'>ἐχούσας</span> <span class='ocrx_word' id='word_1_135' title='bbox 862 837 912 872; x_wconf 80' lang='grc' dir='ltr'><strong>τὴν</strong></span> 
     </span>
    </p>
   </div>
   <div class='ocr_carea' id='block_1_19' title="bbox 80 882 911 927">
    <p class='ocr_par' dir='ltr' id='par_1_19' title="bbox 80 882 911 927">
     <span class='ocr_line' id='line_1_19' title="bbox 80 882 911 927; baseline 0.002 -20"><span class='ocrx_word' id='word_1_136' title='bbox 80 918 87 927; x_wconf 44' lang='grc' dir='ltr'>ι</span> <span class='ocrx_word' id='word_1_137' title='bbox 117 882 265 916; x_wconf 75' lang='grc' dir='ltr'>ὁμοιότητα</span> <span class='ocrx_word' id='word_1_138' title='bbox 279 883 326 908; x_wconf 79' lang='grc' dir='ltr'>καὶ</span> <span class='ocrx_word' id='word_1_139' title='bbox 342 882 479 918; x_wconf 76' lang='grc' dir='ltr'>ἐγγύτητα</span> <span class='ocrx_word' id='word_1_140' title='bbox 494 883 562 918; x_wconf 75' lang='grc' dir='ltr'>πρὸς</span> <span class='ocrx_word' id='word_1_141' title='bbox 574 882 624 914; x_wconf 85' lang='grc' dir='ltr'><strong>τὰς</strong></span> <span class='ocrx_word' id='word_1_142' title='bbox 635 882 712 909; x_wconf 77' lang='grc' dir='ltr'>οὐδὲν</span> <span class='ocrx_word' id='word_1_143' title='bbox 723 882 911 918; x_wconf 80' lang='grc' dir='ltr'>τετραμμένον</span> 
     </span>
    </p>
   </div>
   <div class='ocr_carea' id='block_1_20' title="bbox 117 917 947 963">
    <p class='ocr_par' dir='ltr' id='par_1_20' title="bbox 117 917 947 963">
     <span class='ocr_line' id='line_1_20' title="bbox 117 917 947 963; baseline 0.001 -9"><span class='ocrx_word' id='word_1_144' title='bbox 117 929 322 963; x_wconf 75' lang='grc' dir='ltr'>παρεχομένας.</span> <span class='ocrx_word' id='word_1_145' title='bbox 345 930 396 956; x_wconf 85' lang='grc' dir='ltr'>οὐκ</span> <span class='ocrx_word' id='word_1_146' title='bbox 412 917 458 956; x_wconf 76' lang='grc' dir='ltr'><strong>ἐπὶ</strong></span> <span class='ocrx_word' id='word_1_147' title='bbox 481 917 549 956; x_wconf 83' lang='grc' dir='ltr'>πολὺ</span> <span class='ocrx_word' id='word_1_148' title='bbox 566 929 677 956; x_wconf 72' lang='grc' dir='ltr'>ἔλαττον</span> <span class='ocrx_word' id='word_1_149' title='bbox 697 929 737 961; x_wconf 78' lang='grc' dir='ltr'>εἰς</span> <span class='ocrx_word' id='word_1_150' title='bbox 757 917 849 956; x_wconf 79' lang='grc' dir='ltr'>στενὸν</span> <span class='ocrx_word' id='word_1_151' title='bbox 862 937 910 955; x_wconf 90' lang='grc' dir='ltr'>κο-</span> <span class='ocrx_word' id='word_1_152' title='bbox 926 917 947 945; x_wconf 73' lang='grc' dir='ltr'><strong>Β</strong></span> 
     </span>
    </p>
   </div>
   <div class='ocr_carea' id='block_1_21' title="bbox 118 973 910 1010">
    <p class='ocr_par' dir='ltr' id='par_1_21' title="bbox 118 973 910 1010">
     <span class='ocr_line' id='line_1_21' title="bbox 118 973 910 1010; baseline 0.001 -11"><span class='ocrx_word' id='word_1_153' title='bbox 118 973 184 1008; x_wconf 88' lang='grc' dir='ltr'>μιδῇ</span> <span class='ocrx_word' id='word_1_154' title='bbox 205 973 256 1008; x_wconf 81' lang='grc' dir='ltr'>τὴν</span> <span class='ocrx_word' id='word_1_155' title='bbox 276 974 330 1000; x_wconf 84' lang='grc' dir='ltr'><strong>τῶν</strong></span> <span class='ocrx_word' id='word_1_156' title='bbox 356 974 443 1008; x_wconf 77' lang='grc' dir='ltr'>λόγων</span> <span class='ocrx_word' id='word_1_157' title='bbox 457 973 611 1008; x_wconf 81' lang='grc' dir='ltr'><strong>συγκλείσει</strong></span> <span class='ocrx_word' id='word_1_158' title='bbox 634 973 730 1010; x_wconf 87' lang='grc' dir='ltr'>χρείαν</span> <span class='ocrx_word' id='word_1_159' title='bbox 744 981 751 988; x_wconf 87' lang='grc'>·</span> <span class='ocrx_word' id='word_1_160' title='bbox 772 973 810 1005; x_wconf 83' lang='grc' dir='ltr'>ὡς</span> <span class='ocrx_word' id='word_1_161' title='bbox 824 973 910 1000; x_wconf 80' lang='grc' dir='ltr'>πολλὰ</span> 
     </span>
    </p>
   </div>
   <div class='ocr_carea' id='block_1_22' title="bbox 116 1018 913 1055">
    <p class='ocr_par' dir='ltr' id='par_1_22' title="bbox 116 1018 913 1055">
     <span class='ocr_line' id='line_1_22' title="bbox 116 1018 913 1055; baseline 0.001 -11"><span class='ocrx_word' id='word_1_162' title='bbox 116 1019 173 1045; x_wconf 81' lang='grc' dir='ltr'>τῶν</span> <span class='ocrx_word' id='word_1_163' title='bbox 192 1019 364 1055; x_wconf 75' lang='grc' dir='ltr'>πραγμάτων</span> <span class='ocrx_word' id='word_1_164' title='bbox 388 1019 449 1055; x_wconf 80' lang='grc' dir='ltr'>μηδ’</span> <span class='ocrx_word' id='word_1_165' title='bbox 470 1019 542 1055; x_wconf 73' lang='grc' dir='ltr'>ἔχειν</span> <span class='ocrx_word' id='word_1_166' title='bbox 561 1019 674 1055; x_wconf 82' lang='grc' dir='ltr'>ὀνόματι</span> <span class='ocrx_word' id='word_1_167' title='bbox 692 1019 821 1055; x_wconf 84' lang='grc' dir='ltr'>δηλῶσαι,</span> <span class='ocrx_word' id='word_1_168' title='bbox 842 1018 859 1054; x_wconf 85' lang='grc' dir='ltr'>ἦ</span> <span class='ocrx_word' id='word_1_169' title='bbox 885 1018 913 1045; x_wconf 87' lang='grc' dir='ltr'>εῑ</span> 
     </span>
    </p>
   </div>
   <div class='ocr_carea' id='block_1_23' title="bbox 115 1064 910 1101">
    <p class='ocr_par' dir='ltr' id='par_1_23' title="bbox 115 1064 910 1101">
     <span class='ocr_line' id='line_1_23' title="bbox 115 1064 910 1101; baseline 0.003 -11"><span class='ocrx_word' id='word_1_170' title='bbox 115 1073 160 1096; x_wconf 87' lang='grc' dir='ltr'><strong>τις</strong></span> <span class='ocrx_word' id='word_1_171' title='bbox 175 1064 225 1100; x_wconf 81' lang='grc' dir='ltr'><strong>τὴν</strong></span> <span class='ocrx_word' id='word_1_172' title='bbox 238 1066 389 1100; x_wconf 74' lang='grc' dir='ltr'>κυριότητα</span> <span class='ocrx_word' id='word_1_173' title='bbox 401 1065 456 1092; x_wconf 85' lang='grc' dir='ltr'>τῶν</span> <span class='ocrx_word' id='word_1_174' title='bbox 469 1065 610 1100; x_wconf 83' lang='grc' dir='ltr'>ὀνομάτων</span> <span class='ocrx_word' id='word_1_175' title='bbox 629 1067 679 1101; x_wconf 82' lang='grc' dir='ltr'>τῆς</span> <span class='ocrx_word' id='word_1_176' title='bbox 690 1065 828 1101; x_wconf 78' lang='grc' dir='ltr'>ἡμετέρας</span> <span class='ocrx_word' id='word_1_177' title='bbox 841 1065 910 1101; x_wconf 84' lang='grc' dir='ltr'>χρή-</span> 
     </span>
    </p>
   </div>
   <div class='ocr_carea' id='block_1_24' title="bbox 116 1111 912 1148">
    <p class='ocr_par' dir='ltr' id='par_1_24' title="bbox 116 1111 912 1148">
     <span class='ocr_line' id='line_1_24' title="bbox 116 1111 912 1148; baseline 0 -11"><span class='ocrx_word' id='word_1_178' title='bbox 116 1119 189 1142; x_wconf 81' lang='grc' dir='ltr'>σεως</span> <span class='ocrx_word' id='word_1_179' title='bbox 203 1111 349 1146; x_wconf 79' lang='grc' dir='ltr'>ὑπερόριον</span> <span class='ocrx_word' id='word_1_180' title='bbox 364 1112 469 1148; x_wconf 86' lang='grc' dir='ltr'>ποιήσει</span> <span class='ocrx_word' id='word_1_181' title='bbox 481 1111 594 1138; x_wconf 77' lang='grc' dir='ltr'>ὀὔκουν</span> <span class='ocrx_word' id='word_1_182' title='bbox 603 1111 754 1148; x_wconf 81' lang='grc' dir='ltr'>ἀχρηστίαν</span> <span class='ocrx_word' id='word_1_183' title='bbox 769 1111 810 1138; x_wconf 76' lang='grc' dir='ltr'>ἐτι</span> <span class='ocrx_word' id='word_1_184' title='bbox 823 1118 912 1138; x_wconf 83' lang='grc' dir='ltr'>κατα-</span> 
     </span>
    </p>
   </div>
   <div class='ocr_carea' id='block_1_25' title="bbox 115 1155 909 1193">
    <p class='ocr_par' dir='ltr' id='par_1_25' title="bbox 115 1155 909 1193">
     <span class='ocr_line' id='line_1_25' title="bbox 115 1155 909 1193; baseline 0.001 -11"><span class='ocrx_word' id='word_1_185' title='bbox 115 1155 264 1190; x_wconf 81' lang='grc' dir='ltr'>γινώσκειν</span> <span class='ocrx_word' id='word_1_186' title='bbox 296 1157 352 1183; x_wconf 88' lang='grc' dir='ltr'>τῶν</span> <span class='ocrx_word' id='word_1_187' title='bbox 362 1158 418 1184; x_wconf 75' lang='grc' dir='ltr'>ἀπὸ</span> <span class='ocrx_word' id='word_1_188' title='bbox 427 1158 476 1193; x_wconf 84' lang='grc' dir='ltr'>τῆς</span> <span class='ocrx_word' id='word_1_189' title='bbox 492 1159 597 1193; x_wconf 76' lang='grc' dir='ltr'>τροπῆς</span> <span class='ocrx_word' id='word_1_190' title='bbox 610 1158 660 1192; x_wconf 85' lang='grc' dir='ltr'>τὴν</span> <span class='ocrx_word' id='word_1_191' title='bbox 671 1158 778 1192; x_wconf 84' lang='grc' dir='ltr'>γένεσιν</span> <span class='ocrx_word' id='word_1_192' title='bbox 793 1157 909 1192; x_wconf 73' lang='grc' dir='ltr'>ἑχόντων</span> 
     </span>
    </p>
   </div>
   <div class='ocr_carea' id='block_1_26' title="bbox 115 1201 909 1239">
    <p class='ocr_par' dir='ltr' id='par_1_26' title="bbox 115 1201 909 1239">
     <span class='ocr_line' id='line_1_26' title="bbox 115 1201 909 1239; baseline 0 -11"><span class='ocrx_word' id='word_1_193' title='bbox 115 1201 259 1237; x_wconf 75' lang='grc' dir='ltr'>ὀνομάτων</span> <span class='ocrx_word' id='word_1_194' title='bbox 275 1210 283 1218; x_wconf 90' lang='grc'><strong>·</strong></span> <span class='ocrx_word' id='word_1_195' title='bbox 298 1202 357 1229; x_wconf 70' lang='grc' dir='ltr'>ἀλλ’</span> <span class='ocrx_word' id='word_1_196' title='bbox 376 1204 464 1229; x_wconf 78' lang='grc' dir='ltr'>ἐκεῖνο</span> <span class='ocrx_word' id='word_1_197' title='bbox 478 1204 562 1239; x_wconf 84' lang='grc' dir='ltr'>φαίην</span> <span class='ocrx_word' id='word_1_198' title='bbox 577 1203 610 1230; x_wconf 82' lang='grc' dir='ltr'>ἂν</span> <span class='ocrx_word' id='word_1_199' title='bbox 626 1203 664 1235; x_wconf 76' lang='grc' dir='ltr'>ὡς</span> <span class='ocrx_word' id='word_1_200' title='bbox 679 1202 778 1230; x_wconf 80' lang='grc' dir='ltr'>εἰδέναι</span> <span class='ocrx_word' id='word_1_201' title='bbox 796 1202 848 1238; x_wconf 83' lang='grc' dir='ltr'>χρὴ</span> <span class='ocrx_word' id='word_1_202' title='bbox 863 1201 909 1228; x_wconf 83' lang='grc' dir='ltr'>λέ-</span> 
     </span>
    </p>
   </div>
   <div class='ocr_carea' id='block_1_27' title="bbox 116 1248 912 1286">
    <p class='ocr_par' dir='ltr' id='par_1_27' title="bbox 116 1248 912 1286">
     <span class='ocr_line' id='line_1_27' title="bbox 116 1248 912 1286; baseline -0.001 -11"><span class='ocrx_word' id='word_1_203' title='bbox 116 1248 188 1281; x_wconf 77' lang='grc' dir='ltr'>ξεως</span> <span class='ocrx_word' id='word_1_204' title='bbox 204 1249 303 1284; x_wconf 83' lang='grc' dir='ltr'>ἰδίωμα</span> <span class='ocrx_word' id='word_1_205' title='bbox 320 1249 425 1285; x_wconf 83' lang='grc' dir='ltr'>κυρίως</span> <span class='ocrx_word' id='word_1_206' title='bbox 439 1259 469 1276; x_wconf 89' lang='grc' dir='ltr'><strong>τε</strong></span> <span class='ocrx_word' id='word_1_207' title='bbox 480 1250 631 1286; x_wconf 82' lang='grc' dir='ltr'>λεγομένης</span> <span class='ocrx_word' id='word_1_208' title='bbox 647 1250 695 1277; x_wconf 70' lang='grc' dir='ltr'>καὶ</span> <span class='ocrx_word' id='word_1_209' title='bbox 714 1250 784 1277; x_wconf 84' lang='grc' dir='ltr'>κατὰ</span> <span class='ocrx_word' id='word_1_210' title='bbox 798 1248 912 1284; x_wconf 82' lang='grc' dir='ltr'>μετάθε-</span> 
     </span>
    </p>
   </div>
   <div class='ocr_carea' id='block_1_28' title="bbox 116 1294 911 1332">
    <p class='ocr_par' dir='ltr' id='par_1_28' title="bbox 116 1294 911 1332">
     <span class='ocr_line' id='line_1_28' title="bbox 116 1294 911 1332; baseline -0.001 -11"><span class='ocrx_word' id='word_1_211' title='bbox 116 1295 162 1322; x_wconf 88' lang='grc' dir='ltr'><strong>σίν</strong></span> <span class='ocrx_word' id='word_1_212' title='bbox 175 1303 238 1322; x_wconf 81' lang='grc' dir='ltr'>τινα</span> <span class='ocrx_word' id='word_1_213' title='bbox 251 1297 309 1326; x_wconf 81' lang='grc' dir='ltr'>τοῖς</span> <span class='ocrx_word' id='word_1_214' title='bbox 323 1296 484 1331; x_wconf 82' lang='grc' dir='ltr'>πράγμασιν</span> <span class='ocrx_word' id='word_1_215' title='bbox 501 1296 694 1332; x_wconf 75' lang='grc' dir='ltr'>ἐπιτιθεμένης</span> <span class='ocrx_word' id='word_1_216' title='bbox 709 1304 716 1311; x_wconf 91' lang='grc'><strong>·</strong></span> <span class='ocrx_word' id='word_1_217' title='bbox 733 1297 780 1323; x_wconf 69' lang='grc' dir='ltr'>καὶ</span> <span class='ocrx_word' id='word_1_218' title='bbox 794 1294 911 1331; x_wconf 83' lang='grc' dir='ltr'>χρῆσθαι</span> 
     </span>
    </p>
   </div>
   <div class='ocr_carea' id='block_1_29' title="bbox 119 1341 911 1377">
    <p class='ocr_par' dir='ltr' id='par_1_29' title="bbox 119 1341 911 1377">
     <span class='ocr_line' id='line_1_29' title="bbox 119 1341 911 1377; baseline 0.001 -10"><span class='ocrx_word' id='word_1_219' title='bbox 119 1341 171 1376; x_wconf 81' lang='grc' dir='ltr'>μὲν</span> <span class='ocrx_word' id='word_1_220' title='bbox 184 1342 245 1373; x_wconf 85' lang='grc' dir='ltr'>ταῖς</span> <span class='ocrx_word' id='word_1_221' title='bbox 260 1342 363 1376; x_wconf 81' lang='grc' dir='ltr'>φωναῖς</span> <span class='ocrx_word' id='word_1_222' title='bbox 381 1342 419 1373; x_wconf 86' lang='grc' dir='ltr'>ὡς</span> <span class='ocrx_word' id='word_1_223' title='bbox 433 1342 575 1377; x_wconf 78' lang='grc' dir='ltr'>ἐπιτρέπει</span> <span class='ocrx_word' id='word_1_224' title='bbox 590 1342 621 1368; x_wconf 87' lang='grc' dir='ltr'><strong>τὺ</strong></span> <span class='ocrx_word' id='word_1_225' title='bbox 637 1341 712 1373; x_wconf 70' lang='grc' dir='ltr'>ἔθος,</span> <span class='ocrx_word' id='word_1_226' title='bbox 729 1341 767 1377; x_wconf 83' lang='grc' dir='ltr'>μὴ</span> <span class='ocrx_word' id='word_1_227' title='bbox 785 1341 911 1376; x_wconf 78' lang='grc' dir='ltr'>μέντοιγε</span> 
     </span>
    </p>
   </div>
   <div class='ocr_carea' id='block_1_30' title="bbox 116 1387 912 1424">
    <p class='ocr_par' dir='ltr' id='par_1_30' title="bbox 116 1387 912 1424">
     <span class='ocr_line' id='line_1_30' title="bbox 116 1387 912 1424; baseline 0.001 -11"><span class='ocrx_word' id='word_1_228' title='bbox 116 1387 153 1414; x_wconf 79' lang='grc' dir='ltr'>τὰ</span> <span class='ocrx_word' id='word_1_229' title='bbox 167 1387 215 1414; x_wconf 83' lang='grc' dir='ltr'>ὑπ’</span> <span class='ocrx_word' id='word_1_230' title='bbox 229 1387 321 1414; x_wconf 84' lang='grc' dir='ltr'>αὐτῶν</span> <span class='ocrx_word' id='word_1_231' title='bbox 335 1387 521 1423; x_wconf 80' lang='grc' dir='ltr'>σημαινόμενα</span> <span class='ocrx_word' id='word_1_232' title='bbox 533 1388 573 1420; x_wconf 85' lang='grc' dir='ltr'><strong>είς</strong></span> <span class='ocrx_word' id='word_1_233' title='bbox 584 1390 633 1423; x_wconf 83' lang='grc' dir='ltr'>τὴν</span> <span class='ocrx_word' id='word_1_234' title='bbox 646 1387 731 1424; x_wconf 81' lang='grc' dir='ltr'>αὐτὴν</span> <span class='ocrx_word' id='word_1_235' title='bbox 745 1387 775 1420; x_wconf 61' lang='grc' dir='ltr'>ἑξ</span> <span class='ocrx_word' id='word_1_236' title='bbox 788 1387 912 1423; x_wconf 81' lang='grc' dir='ltr'>ἀνάγκης</span> 
     </span>
    </p>
   </div>
   <div class='ocr_carea' id='block_1_31' title="bbox 118 1433 911 1469">
    <p class='ocr_par' dir='ltr' id='par_1_31' title="bbox 118 1433 911 1469">
     <span class='ocr_line' id='line_1_31' title="bbox 118 1433 911 1469; baseline 0 -9"><span class='ocrx_word' id='word_1_237' title='bbox 118 1434 250 1467; x_wconf 80' lang='grc' dir='ltr'>συνάγειν</span> <span class='ocrx_word' id='word_1_238' title='bbox 264 1442 294 1460; x_wconf 86' lang='grc' dir='ltr'><strong>τε</strong></span> <span class='ocrx_word' id='word_1_239' title='bbox 316 1433 363 1460; x_wconf 76' lang='grc' dir='ltr'><strong>καὶ</strong></span> <span class='ocrx_word' id='word_1_240' title='bbox 380 1434 582 1461; x_wconf 87' lang='grc' dir='ltr'>συνδιαπλέκειν</span> <span class='ocrx_word' id='word_1_241' title='bbox 598 1434 680 1469; x_wconf 85' lang='grc' dir='ltr'>φύσιν</span> <span class='ocrx_word' id='word_1_242' title='bbox 693 1442 701 1449; x_wconf 81' lang='grc'><em>’</em></span> <span class='ocrx_word' id='word_1_243' title='bbox 717 1433 842 1469; x_wconf 84' lang='grc' dir='ltr'>μεγάλων</span> <span class='ocrx_word' id='word_1_244' title='bbox 857 1434 911 1469; x_wconf 84' lang='grc' dir='ltr'>γὰρ</span> 
     </span>
    </p>
   </div>
   <div class='ocr_carea' id='block_1_32' title="bbox 117 1479 911 1516">
    <p class='ocr_par' dir='ltr' id='par_1_32' title="bbox 117 1479 911 1516">
     <span class='ocr_line' id='line_1_32' title="bbox 117 1479 911 1516; baseline 0.001 -11"><span class='ocrx_word' id='word_1_245' title='bbox 117 1479 222 1512; x_wconf 83' lang='grc' dir='ltr'>γένοιτ’</span> <span class='ocrx_word' id='word_1_246' title='bbox 241 1479 276 1506; x_wconf 80' lang='grc' dir='ltr'>ἂν</span> <span class='ocrx_word' id='word_1_247' title='bbox 292 1479 372 1506; x_wconf 83' lang='grc' dir='ltr'>τοῦτο</span> <span class='ocrx_word' id='word_1_248' title='bbox 387 1481 554 1515; x_wconf 82' lang='grc' dir='ltr'>σφαλμάτων</span> <span class='ocrx_word' id='word_1_249' title='bbox 570 1481 654 1513; x_wconf 82' lang='grc' dir='ltr'>αἰτία,</span> <span class='ocrx_word' id='word_1_250' title='bbox 670 1480 717 1507; x_wconf 78' lang='grc' dir='ltr'>καὶ</span> <span class='ocrx_word' id='word_1_251' title='bbox 739 1480 852 1516; x_wconf 79' lang='grc' dir='ltr'>ἀπορίαι</span> <span class='ocrx_word' id='word_1_252' title='bbox 867 1480 911 1506; x_wconf 88' lang='grc' dir='ltr'><strong>δό-</strong></span> 
     </span>
    </p>
   </div>
   <div class='ocr_carea' id='block_1_33' title="bbox 120 1526 913 1562">
    <p class='ocr_par' dir='ltr' id='par_1_33' title="bbox 120 1526 913 1562">
     <span class='ocr_line' id='line_1_33' title="bbox 120 1526 913 1562; baseline 0 -10"><span class='ocrx_word' id='word_1_253' title='bbox 120 1527 196 1558; x_wconf 80' lang='grc' dir='ltr'>ξουσι</span> <span class='ocrx_word' id='word_1_254' title='bbox 216 1526 403 1562; x_wconf 81' lang='grc' dir='ltr'>προκύπτειν,</span> <span class='ocrx_word' id='word_1_255' title='bbox 431 1526 548 1562; x_wconf 80' lang='grc' dir='ltr'>ἀπορίας</span> <span class='ocrx_word' id='word_1_256' title='bbox 573 1527 621 1561; x_wconf 80' lang='grc' dir='ltr'>μὲν</span> <span class='ocrx_word' id='word_1_257' title='bbox 641 1527 674 1562; x_wconf 78' lang='grc' dir='ltr'><strong>τῇ</strong></span> <span class='ocrx_word' id='word_1_258' title='bbox 694 1526 809 1562; x_wconf 74' lang='grc' dir='ltr'>ἀληθείᾳ</span> <span class='ocrx_word' id='word_1_259' title='bbox 834 1526 913 1561; x_wconf 88' lang='grc' dir='ltr'>λόγον</span> 
     </span>
    </p>
   </div>
   <div class='ocr_carea' id='block_1_34' title="bbox 118 1571 949 1616">
    <p class='ocr_par' dir='ltr' id='par_1_34' title="bbox 118 1571 949 1616">
     <span class='ocr_line' id='line_1_34' title="bbox 118 1571 949 1616; baseline 0 -18"><span class='ocrx_word' id='word_1_260' title='bbox 239 1571 470 1607; x_wconf 76' lang='grc' dir='ltr'>προὸεὸλημέναι,</span> <span class='ocrx_word' id='word_1_261' title='bbox 488 1574 522 1607; x_wconf 84' lang='grc' dir='ltr'><strong>τῇ</strong></span> <span class='ocrx_word' id='word_1_262' title='bbox 537 1572 566 1598; x_wconf 77' lang='grc' dir='ltr'><strong>δὲ</strong></span> <span class='ocrx_word' id='word_1_263' title='bbox 580 1572 618 1607; x_wconf 85' lang='grc' dir='ltr'>μὴ</span> <span class='ocrx_word' id='word_1_264' title='bbox 634 1573 705 1599; x_wconf 85' lang='grc' dir='ltr'>κατὰ</span> <span class='ocrx_word' id='word_1_265' title='bbox 723 1571 801 1606; x_wconf 84' lang='grc' dir='ltr'>λόγον</span> <span class='ocrx_word' id='word_1_266' title='bbox 816 1572 914 1607; x_wconf 83' lang='grc' dir='ltr'>χρήσει</span> <span class='ocrx_word' id='word_1_267' title='bbox 928 1587 949 1616; x_wconf 77' lang='lat' dir='ltr'><strong>c</strong></span> 
     </span>
    </p>
   </div>
   <div class='ocr_carea' id='block_1_35' title="bbox 118 1617 915 1654">
    <p class='ocr_par' dir='ltr' id='par_1_35' title="bbox 118 1617 915 1654">
     <span class='ocr_line' id='line_1_35' title="bbox 118 1617 915 1654; baseline -0.003 -8"><span class='ocrx_word' id='word_1_268' title='bbox 118 1619 177 1646; x_wconf 83' lang='grc' dir='ltr'>τῶν</span> <span class='ocrx_word' id='word_1_269' title='bbox 205 1620 425 1654; x_wconf 78' lang='grc' dir='ltr'>σημαινομένων,</span> <span class='ocrx_word' id='word_1_270' title='bbox 440 1620 469 1645; x_wconf 88' lang='grc' dir='ltr'>οὑ</span> <span class='ocrx_word' id='word_1_271' title='bbox 491 1619 558 1654; x_wconf 81' lang='grc' dir='ltr'>πρὸς</span> <span class='ocrx_word' id='word_1_272' title='bbox 575 1619 684 1654; x_wconf 80' lang='grc' dir='ltr'>ἐτέρους</span> <span class='ocrx_word' id='word_1_273' title='bbox 700 1619 801 1654; x_wconf 81' lang='grc' dir='ltr'>μᾶλλον</span> <span class='ocrx_word' id='word_1_274' title='bbox 822 1619 838 1654; x_wconf 90' lang='grc' dir='ltr'><strong>ἦ</strong></span> <span class='ocrx_word' id='word_1_275' title='bbox 853 1617 915 1644; x_wconf 80' lang='grc' dir='ltr'>καθ’</span> 
     </span>
    </p>
   </div>
   <div class='ocr_carea' id='block_1_36' title="bbox 120 1663 918 1700">
    <p class='ocr_par' dir='ltr' id='par_1_36' title="bbox 120 1663 918 1700">
     <span class='ocr_line' id='line_1_36' title="bbox 120 1663 918 1700; baseline -0.001 -9"><span class='ocrx_word' id='word_1_276' title='bbox 120 1665 230 1692; x_wconf 79' lang='grc' dir='ltr'>ἑαυτῶν</span> <span class='ocrx_word' id='word_1_277' title='bbox 244 1665 298 1692; x_wconf 82' lang='grc' dir='ltr'><strong>τῶν</strong></span> <span class='ocrx_word' id='word_1_278' title='bbox 307 1665 381 1691; x_wconf 78' lang='grc' dir='ltr'>οὕτω</span> <span class='ocrx_word' id='word_1_279' title='bbox 390 1664 538 1700; x_wconf 87' lang='grc' dir='ltr'>χρωμένων</span> <span class='ocrx_word' id='word_1_280' title='bbox 552 1666 612 1696; x_wconf 83' lang='grc' dir='ltr'>ταῖς</span> <span class='ocrx_word' id='word_1_281' title='bbox 622 1665 725 1700; x_wconf 72' lang='grc' dir='ltr'>φωναῖς</span> <span class='ocrx_word' id='word_1_282' title='bbox 737 1664 787 1700; x_wconf 81' lang='grc' dir='ltr'>τὴν</span> <span class='ocrx_word' id='word_1_283' title='bbox 799 1663 918 1700; x_wconf 79' lang='grc' dir='ltr'>ἀπορίαν</span> 
     </span>
    </p>
   </div>
   <div class='ocr_carea' id='block_1_37' title="bbox 120 1711 317 1738">
    <p class='ocr_par' dir='ltr' id='par_1_37' title="bbox 120 1711 317 1738">
     <span class='ocr_line' id='line_1_37' title="bbox 120 1711 317 1738; baseline 0 0"><span class='ocrx_word' id='word_1_284' title='bbox 120 1711 305 1738; x_wconf 76' lang='grc' dir='ltr'>ἐπινοούντων</span> <span class='ocrx_word' id='word_1_285' title='bbox 310 1732 317 1738; x_wconf 91' lang='grc'>.</span> 
     </span>
    </p>
   </div>
   <div class='ocr_carea' id='block_1_38' title="bbox 158 1755 917 1793">
    <p class='ocr_par' dir='ltr' id='par_1_38' title="bbox 158 1755 917 1793">
     <span class='ocr_line' id='line_1_38' title="bbox 158 1755 917 1793; baseline -0.003 -9"><span class='ocrx_word' id='word_1_286' title='bbox 158 1761 196 1791; x_wconf 81' lang='grc' dir='ltr'><strong>ς’.</strong></span> <span class='ocrx_word' id='word_1_287' title='bbox 212 1757 316 1784; x_wconf 77' lang='grc' dir='ltr'>Αὐτίκα</span> <span class='ocrx_word' id='word_1_288' title='bbox 329 1757 470 1793; x_wconf 82' lang='grc' dir='ltr'>μάρτυρας</span> <span class='ocrx_word' id='word_1_289' title='bbox 482 1756 618 1791; x_wconf 81' lang='grc' dir='ltr'>καλοῦμεν</span> <span class='ocrx_word' id='word_1_290' title='bbox 630 1757 694 1788; x_wconf 79' lang='grc' dir='ltr'>τοὺς</span> <span class='ocrx_word' id='word_1_291' title='bbox 709 1755 917 1791; x_wconf 80' lang='grc' dir='ltr'>ὑπεραθλήσαν-</span> 
     </span>
    </p>
   </div>
   <div class='ocr_carea' id='block_1_39' title="bbox 122 1803 918 1839">
    <p class='ocr_par' dir='ltr' id='par_1_39' title="bbox 122 1803 918 1839">
     <span class='ocr_line' id='line_1_39' title="bbox 122 1803 918 1839; baseline -0.003 -9"><span class='ocrx_word' id='word_1_292' title='bbox 122 1813 173 1836; x_wconf 76' lang='grc' dir='ltr'><strong>τας</strong></span> <span class='ocrx_word' id='word_1_293' title='bbox 188 1804 321 1839; x_wconf 77' lang='grc' dir='ltr'>Χριστοῦ,</span> <span class='ocrx_word' id='word_1_294' title='bbox 338 1804 386 1830; x_wconf 78' lang='grc' dir='ltr'>καὶ</span> <span class='ocrx_word' id='word_1_295' title='bbox 400 1804 433 1830; x_wconf 80' lang='grc' dir='ltr'><strong>τά</strong></span> <span class='ocrx_word' id='word_1_296' title='bbox 447 1804 550 1838; x_wconf 73' lang='grc' dir='ltr'>αἵματα</span> <span class='ocrx_word' id='word_1_297' title='bbox 564 1803 653 1830; x_wconf 82' lang='grc' dir='ltr'>αὐτῶν</span> <span class='ocrx_word' id='word_1_298' title='bbox 666 1803 849 1838; x_wconf 84' lang='grc' dir='ltr'>προσαγαγεῖν</span> <span class='ocrx_word' id='word_1_299' title='bbox 865 1811 918 1837; x_wconf 85' lang='grc' dir='ltr'>φα-</span> 
     </span>
    </p>
   </div>
   <div class='ocr_carea' id='block_1_40' title="bbox 126 1847 919 1884">
    <p class='ocr_par' dir='ltr' id='par_1_40' title="bbox 126 1847 919 1884">
     <span class='ocr_line' id='line_1_40' title="bbox 126 1847 919 1884; baseline -0.001 -10"><span class='ocrx_word' id='word_1_300' title='bbox 126 1849 176 1883; x_wconf 82' lang='grc' dir='ltr'>μὲν</span> <span class='ocrx_word' id='word_1_301' title='bbox 189 1848 229 1883; x_wconf 84' lang='grc' dir='ltr'>τῷ</span> <span class='ocrx_word' id='word_1_302' title='bbox 243 1849 303 1884; x_wconf 80' lang='grc' dir='ltr'>Θεῷ</span> <span class='ocrx_word' id='word_1_303' title='bbox 318 1849 408 1880; x_wconf 81' lang='grc' dir='ltr'>καλῶς</span> <span class='ocrx_word' id='word_1_304' title='bbox 422 1857 453 1879; x_wconf 91' lang='grc' dir='ltr'><strong>γε</strong></span> <span class='ocrx_word' id='word_1_305' title='bbox 474 1848 520 1875; x_wconf 75' lang='grc' dir='ltr'><strong>καὶ</strong></span> <span class='ocrx_word' id='word_1_306' title='bbox 532 1848 643 1880; x_wconf 87' lang='grc' dir='ltr'>δικαίως</span> <span class='ocrx_word' id='word_1_307' title='bbox 658 1856 665 1863; x_wconf 88' lang='grc'><strong>·</strong></span> <span class='ocrx_word' id='word_1_308' title='bbox 679 1847 738 1874; x_wconf 83' lang='grc' dir='ltr'>ἀλλ’</span> <span class='ocrx_word' id='word_1_309' title='bbox 752 1848 784 1874; x_wconf 80' lang='grc' dir='ltr'>ὲκ</span> <span class='ocrx_word' id='word_1_310' title='bbox 802 1855 919 1882; x_wconf 81' lang='grc' dir='ltr'>μεταφο·</span> 
     </span>
    </p>
   </div>
   <div class='ocr_carea' id='block_1_41' title="bbox 125 1892 917 1929">
    <p class='ocr_par' dir='ltr' id='par_1_41' title="bbox 125 1892 917 1929">
     <span class='ocr_line' id='line_1_41' title="bbox 125 1892 917 1929; baseline -0.004 -8"><span class='ocrx_word' id='word_1_311' title='bbox 125 1896 176 1929; x_wconf 72' lang='grc' dir='ltr'>μίς</span> <span class='ocrx_word' id='word_1_312' title='bbox 187 1895 242 1921; x_wconf 85' lang='grc' dir='ltr'><strong>τῶν</strong></span> <span class='ocrx_word' id='word_1_313' title='bbox 256 1895 398 1929; x_wconf 73' lang='grc' dir='ltr'>ὀνομάτων</span> <span class='ocrx_word' id='word_1_314' title='bbox 411 1895 539 1929; x_wconf 79' lang='grc' dir='ltr'>ἑκάτερον</span> <span class='ocrx_word' id='word_1_315' title='bbox 552 1894 678 1928; x_wconf 86' lang='grc' dir='ltr'>λέγεται·</span> <span class='ocrx_word' id='word_1_316' title='bbox 695 1893 748 1920; x_wconf 79' lang='grc' dir='ltr'><strong>ἀπὸ</strong></span> <span class='ocrx_word' id='word_1_317' title='bbox 763 1893 827 1927; x_wconf 83' lang='grc' dir='ltr'>γὰρ,</span> <span class='ocrx_word' id='word_1_318' title='bbox 844 1892 917 1927; x_wconf 83' lang='grc' dir='ltr'>οὒςή</span> 
     </span>
    </p>
   </div>
   <div class='ocr_carea' id='block_1_42' title="bbox 127 1939 919 1976">
    <p class='ocr_par' dir='ltr' id='par_1_42' title="bbox 127 1939 919 1976">
     <span class='ocr_line' id='line_1_42' title="bbox 127 1939 919 1976; baseline -0.004 -9"><span class='ocrx_word' id='word_1_319' title='bbox 127 1940 254 1967; x_wconf 74' lang='grc' dir='ltr'>πολιτεία</span> <span class='ocrx_word' id='word_1_320' title='bbox 272 1940 413 1976; x_wconf 78' lang='grc' dir='ltr'>μάρτυρας</span> <span class='ocrx_word' id='word_1_321' title='bbox 437 1940 528 1966; x_wconf 84' lang='grc' dir='ltr'>καλεῖν</span> <span class='ocrx_word' id='word_1_322' title='bbox 547 1939 616 1966; x_wconf 81' lang='grc' dir='ltr'>οἶδεν</span> <span class='ocrx_word' id='word_1_323' title='bbox 631 1939 655 1966; x_wconf 84' lang='grc' dir='ltr'>οἳ</span> <span class='ocrx_word' id='word_1_324' title='bbox 675 1939 802 1974; x_wconf 81' lang='grc' dir='ltr'>πάρεισιν</span> <span class='ocrx_word' id='word_1_325' title='bbox 815 1939 861 1965; x_wconf 75' lang='grc' dir='ltr'><strong>ἐπὶ</strong></span> <span class='ocrx_word' id='word_1_326' title='bbox 876 1939 919 1973; x_wconf 86' lang='grc' dir='ltr'>βε-</span> 
     </span>
    </p>
   </div>
   <div class='ocr_carea' id='block_1_43' title="bbox 126 1985 919 2021">
    <p class='ocr_par' dir='ltr' id='par_1_43' title="bbox 126 1985 919 2021">
     <span class='ocr_line' id='line_1_43' title="bbox 126 1985 919 2021; baseline -0.001 -9"><span class='ocrx_word' id='word_1_327' title='bbox 126 1986 242 2014; x_wconf 73' lang='grc' dir='ltr'>δαιώσει</span> <span class='ocrx_word' id='word_1_328' title='bbox 256 1987 306 2021; x_wconf 77' lang='grc' dir='ltr'>τῆς</span> <span class='ocrx_word' id='word_1_329' title='bbox 324 1987 397 2013; x_wconf 67' lang='grc' dir='ltr'>κατὰ</span> <span class='ocrx_word' id='word_1_330' title='bbox 412 1987 457 2012; x_wconf 69' lang='grc' dir='ltr'><strong>τὸν</strong></span> <span class='ocrx_word' id='word_1_331' title='bbox 483 1986 540 2020; x_wconf 84' lang='grc' dir='ltr'>βίον</span> <span class='ocrx_word' id='word_1_332' title='bbox 557 1985 698 2021; x_wconf 80' lang='grc' dir='ltr'>ἀληθείας,</span> <span class='ocrx_word' id='word_1_333' title='bbox 719 1986 766 2012; x_wconf 83' lang='grc' dir='ltr'>καὶ</span> <span class='ocrx_word' id='word_1_334' title='bbox 778 1985 870 2012; x_wconf 81' lang='grc' dir='ltr'>πίστιν</span> <span class='ocrx_word' id='word_1_335' title='bbox 885 1985 919 2011; x_wconf 90' lang='grc' dir='ltr'>δι’</span> 
     </span>
    </p>
   </div>
   <div class='ocr_carea' id='block_1_44' title="bbox 126 2030 918 2068">
    <p class='ocr_par' dir='ltr' id='par_1_44' title="bbox 126 2030 918 2068">
     <span class='ocr_line' id='line_1_44' title="bbox 126 2030 918 2068; baseline -0.004 -8"><span class='ocrx_word' id='word_1_336' title='bbox 126 2030 164 2060; x_wconf 78' lang='grc' dir='ltr'>ὧν</span> <span class='ocrx_word' id='word_1_337' title='bbox 181 2035 274 2060; x_wconf 76' lang='grc' dir='ltr'>ἴσασιν</span> <span class='ocrx_word' id='word_1_338' title='bbox 290 2033 424 2066; x_wconf 74' lang='grc' dir='ltr'>ἐπάγουσι</span> <span class='ocrx_word' id='word_1_339' title='bbox 436 2034 492 2064; x_wconf 85' lang='grc' dir='ltr'>τοῖς</span> <span class='ocrx_word' id='word_1_340' title='bbox 506 2032 736 2068; x_wconf 78' lang='grc' dir='ltr'>προτεινομένοις,</span> <span class='ocrx_word' id='word_1_341' title='bbox 750 2031 804 2057; x_wconf 81' lang='grc' dir='ltr'>ἀπὸ</span> <span class='ocrx_word' id='word_1_342' title='bbox 815 2030 918 2058; x_wconf 86' lang='grc' dir='ltr'>τούτων</span> 
     </span>
    </p>
   </div>
   <div class='ocr_carea' id='block_1_45' title="bbox 126 2076 922 2113">
    <p class='ocr_par' dir='ltr' id='par_1_45' title="bbox 126 2076 922 2113">
     <span class='ocr_line' id='line_1_45' title="bbox 126 2076 922 2113; baseline -0.005 -7"><span class='ocrx_word' id='word_1_343' title='bbox 126 2080 175 2106; x_wconf 78' lang='grc' dir='ltr'>καὶ</span> <span class='ocrx_word' id='word_1_344' title='bbox 188 2079 254 2110; x_wconf 72' lang='grc' dir='ltr'>τοὺς</span> <span class='ocrx_word' id='word_1_345' title='bbox 275 2079 324 2113; x_wconf 79' lang='grc' dir='ltr'>τῆς</span> <span class='ocrx_word' id='word_1_346' title='bbox 342 2078 481 2109; x_wconf 74' lang='grc' dir='ltr'>εὐσεϐείας</span> <span class='ocrx_word' id='word_1_347' title='bbox 493 2077 647 2112; x_wconf 74' lang='grc' dir='ltr'>ἀγωνιστὰς</span> <span class='ocrx_word' id='word_1_348' title='bbox 663 2076 832 2112; x_wconf 72' lang='grc' dir='ltr'>ὀνομάζομεν</span> <span class='ocrx_word' id='word_1_349' title='bbox 850 2076 922 2110; x_wconf 83' lang='grc' dir='ltr'>μάρ-</span> 
     </span>
    </p>
   </div>
   <div class='ocr_carea' id='block_1_46' title="bbox 126 2120 921 2160">
    <p class='ocr_par' dir='ltr' id='par_1_46' title="bbox 126 2120 921 2160">
     <span class='ocr_line' id='line_1_46' title="bbox 126 2120 921 2160; baseline -0.004 -9"><span class='ocrx_word' id='word_1_350' title='bbox 126 2134 213 2160; x_wconf 82' lang='grc' dir='ltr'>τυρας</span> <span class='ocrx_word' id='word_1_351' title='bbox 230 2134 238 2140; x_wconf 89' lang='grc'><strong>·</strong></span> <span class='ocrx_word' id='word_1_352' title='bbox 255 2125 303 2151; x_wconf 75' lang='grc' dir='ltr'>καὶ</span> <span class='ocrx_word' id='word_1_353' title='bbox 331 2125 386 2160; x_wconf 77' lang='grc' dir='ltr'>γὰρ</span> <span class='ocrx_word' id='word_1_354' title='bbox 404 2124 442 2156; x_wconf 83' lang='grc' dir='ltr'><strong>ὡς</strong></span> <span class='ocrx_word' id='word_1_355' title='bbox 456 2124 564 2159; x_wconf 82' lang='grc' dir='ltr'>ἀληθῶς</span> <span class='ocrx_word' id='word_1_356' title='bbox 584 2120 658 2150; x_wconf 75' lang='grc' dir='ltr'>οὗτοι</span> <span class='ocrx_word' id='word_1_357' title='bbox 674 2123 724 2157; x_wconf 79' lang='grc' dir='ltr'>τὴν</span> <span class='ocrx_word' id='word_1_358' title='bbox 740 2123 921 2149; x_wconf 77' lang='grc' dir='ltr'>ὲνυπὸστατον</span> 
     </span>
    </p>
   </div>
   <div class='ocr_carea' id='block_1_47' title="bbox 127 2168 921 2206">
    <p class='ocr_par' dir='ltr' id='par_1_47' title="bbox 127 2168 921 2206">
     <span class='ocr_line' id='line_1_47' title="bbox 127 2168 921 2206; baseline -0.006 -8"><span class='ocrx_word' id='word_1_359' title='bbox 127 2171 319 2205; x_wconf 80' lang='grc' dir='ltr'>θεολογοῦντες</span> <span class='ocrx_word' id='word_1_360' title='bbox 335 2170 473 2206; x_wconf 79' lang='grc' dir='ltr'>ἀλήθειαν,</span> <span class='ocrx_word' id='word_1_361' title='bbox 493 2170 608 2197; x_wconf 79' lang='grc' dir='ltr'>ἐνώπιον</span> <span class='ocrx_word' id='word_1_362' title='bbox 628 2170 767 2204; x_wconf 79' lang='grc' dir='ltr'>τυράννων</span> <span class='ocrx_word' id='word_1_363' title='bbox 779 2169 826 2195; x_wconf 77' lang='grc' dir='ltr'>καὶ</span> <span class='ocrx_word' id='word_1_364' title='bbox 840 2168 921 2203; x_wconf 79' lang='grc' dir='ltr'>βασι-</span> 
     </span>
    </p>
   </div>
   <div class='ocr_carea' id='block_1_48' title="bbox 127 2213 922 2252">
    <p class='ocr_par' dir='ltr' id='par_1_48' title="bbox 127 2213 922 2252">
     <span class='ocr_line' id='line_1_48' title="bbox 127 2213 922 2252; baseline -0.006 -8"><span class='ocrx_word' id='word_1_365' title='bbox 127 2218 198 2244; x_wconf 81' lang='grc' dir='ltr'>λέων</span> <span class='ocrx_word' id='word_1_366' title='bbox 212 2217 408 2252; x_wconf 74' lang='grc' dir='ltr'>ἐμαρτύρησαν</span> <span class='ocrx_word' id='word_1_367' title='bbox 418 2225 424 2231; x_wconf 92' lang='grc'><strong>·</strong></span> <span class='ocrx_word' id='word_1_368' title='bbox 446 2217 493 2243; x_wconf 78' lang='grc' dir='ltr'>καὶ</span> <span class='ocrx_word' id='word_1_369' title='bbox 508 2215 702 2251; x_wconf 84' lang='grc' dir='ltr'>προσενεγκεῖν</span> <span class='ocrx_word' id='word_1_370' title='bbox 725 2214 816 2240; x_wconf 78' lang='grc' dir='ltr'>αὐτῶν</span> <span class='ocrx_word' id='word_1_371' title='bbox 830 2213 865 2240; x_wconf 82' lang='grc' dir='ltr'><strong>τὰ</strong></span> <span class='ocrx_word' id='word_1_372' title='bbox 879 2213 922 2240; x_wconf 81' lang='grc' dir='ltr'><strong>αἴ-</strong></span> 
     </span>
    </p>
   </div>
   <div class='ocr_carea' id='block_1_49' title="bbox 962 286 1752 325">
    <p class='ocr_par' dir='ltr' id='par_1_49' title="bbox 962 286 1752 325">
     <span class='ocr_line' id='line_1_49' title="bbox 962 286 1752 325; baseline 0 -9"><span class='ocrx_word' id='word_1_373' title='bbox 962 286 1086 317; x_wconf 88' lang='lat' dir='ltr'><strong>ordinein</strong></span> <span class='ocrx_word' id='word_1_374' title='bbox 1108 290 1357 325; x_wconf 84' lang='lat' dir='ltr'><strong>metapltoricorum</strong></span> <span class='ocrx_word' id='word_1_375' title='bbox 1381 290 1522 317; x_wconf 86' lang='lat' dir='ltr'><strong>traltamus</strong></span> <span class='ocrx_word' id='word_1_376' title='bbox 1537 297 1580 321; x_wconf 79' lang='lat' dir='ltr'><strong>ea,</strong></span> <span class='ocrx_word' id='word_1_377' title='bbox 1595 297 1656 324; x_wconf 68' lang='lat' dir='ltr'><strong>quae</strong></span> <span class='ocrx_word' id='word_1_378' title='bbox 1674 296 1752 324; x_wconf 86' lang='lat' dir='ltr'><strong>pror-</strong></span> 
     </span>
    </p>
   </div>
   <div class='ocr_carea' id='block_1_50' title="bbox 962 335 1751 370">
    <p class='ocr_par' dir='ltr' id='par_1_50' title="bbox 962 335 1751 370">
     <span class='ocr_line' id='line_1_50' title="bbox 962 335 1751 370; baseline -0.003 -7"><span class='ocrx_word' id='word_1_379' title='bbox 962 343 1010 363; x_wconf 87' lang='lat' dir='ltr'><strong>sus</strong></span> <span class='ocrx_word' id='word_1_380' title='bbox 1024 335 1123 363; x_wconf 87' lang='lat' dir='ltr'><strong>sectari</strong></span> <span class='ocrx_word' id='word_1_381' title='bbox 1137 336 1225 363; x_wconf 83' lang='lat' dir='ltr'><strong>solent</strong></span> <span class='ocrx_word' id='word_1_382' title='bbox 1234 335 1259 362; x_wconf 89' lang='lat' dir='ltr'><strong>id</strong></span> <span class='ocrx_word' id='word_1_383' title='bbox 1269 335 1342 370; x_wconf 91' lang='lat' dir='ltr'><strong>quod</strong></span> <span class='ocrx_word' id='word_1_384' title='bbox 1354 335 1516 370; x_wconf 86' lang='lat' dir='ltr'><strong>appellatum</strong></span> <span class='ocrx_word' id='word_1_385' title='bbox 1534 335 1587 362; x_wconf 81' lang='lat' dir='ltr'><strong>fuit</strong></span> <span class='ocrx_word' id='word_1_386' title='bbox 1598 336 1751 362; x_wconf 86' lang='lat' dir='ltr'><strong>secundum</strong></span> 
     </span>
    </p>
   </div>
   <div class='ocr_carea' id='block_1_51' title="bbox 962 372 1751 415">
    <p class='ocr_par' dir='ltr' id='par_1_51' title="bbox 962 372 1751 415">
     <span class='ocr_line' id='line_1_51' title="bbox 962 372 1751 415; baseline 0 -8"><span class='ocrx_word' id='word_1_387' title='bbox 962 381 1076 415; x_wconf 82' lang='lat' dir='ltr'><strong>primam</strong></span> <span class='ocrx_word' id='word_1_388' title='bbox 1087 380 1163 407; x_wconf 85' lang='lat' dir='ltr'><strong>vocis</strong></span> <span class='ocrx_word' id='word_1_389' title='bbox 1177 380 1352 415; x_wconf 82' lang='lat' dir='ltr'><strong>positionem.</strong></span> <span class='ocrx_word' id='word_1_390' title='bbox 1366 379 1445 415; x_wconf 88' lang='lat' dir='ltr'><strong>(Nam</strong></span> <span class='ocrx_word' id='word_1_391' title='bbox 1458 387 1503 407; x_wconf 89' lang='lat' dir='ltr'><strong>me</strong></span> <span class='ocrx_word' id='word_1_392' title='bbox 1521 372 1700 415; x_wconf 49' lang='lat' dir='ltr'><strong>jam-oportet</strong></span> <span class='ocrx_word' id='word_1_393' title='bbox 1717 380 1751 407; x_wconf 87' lang='lat' dir='ltr'><strong>ad</strong></span> 
     </span>
    </p>
   </div>
   <div class='ocr_carea' id='block_1_52' title="bbox 961 425 1753 461">
    <p class='ocr_par' dir='ltr' id='par_1_52' title="bbox 961 425 1753 461">
     <span class='ocr_line' id='line_1_52' title="bbox 961 425 1753 461; baseline 0 -9"><span class='ocrx_word' id='word_1_394' title='bbox 961 426 1114 461; x_wconf 79' lang='lat' dir='ltr'><strong>generalem</strong></span> <span class='ocrx_word' id='word_1_395' title='bbox 1129 425 1245 453; x_wconf 72' lang='lat' dir='ltr'><strong>fortunam</strong></span> <span class='ocrx_word' id='word_1_396' title='bbox 1261 426 1383 460; x_wconf 76' lang='lat' dir='ltr'><strong>redigere</strong></span> <span class='ocrx_word' id='word_1_397' title='bbox 1399 425 1426 452; x_wconf 89' lang='lat' dir='ltr'><strong>id</strong></span> <span class='ocrx_word' id='word_1_398' title='bbox 1458 426 1530 460; x_wconf 92' lang='lat' dir='ltr'><strong>quod</strong></span> <span class='ocrx_word' id='word_1_399' title='bbox 1557 425 1690 453; x_wconf 83' lang='lat' dir='ltr'><strong>hactenus</strong></span> <span class='ocrx_word' id='word_1_400' title='bbox 1717 425 1753 453; x_wconf 90' lang='lat' dir='ltr'><strong>de</strong></span> 
     </span>
    </p>
   </div>
   <div class='ocr_carea' id='block_1_53' title="bbox 961 470 1752 507">
    <p class='ocr_par' dir='ltr' id='par_1_53' title="bbox 961 470 1752 507">
     <span class='ocr_line' id='line_1_53' title="bbox 961 470 1752 507; baseline 0.001 -9"><span class='ocrx_word' id='word_1_401' title='bbox 961 472 1101 507; x_wconf 88' lang='lat' dir='ltr'><strong>proposito</strong></span> <span class='ocrx_word' id='word_1_402' title='bbox 1116 471 1236 499; x_wconf 79' lang='lat' dir='ltr'><strong>themate</strong></span> <span class='ocrx_word' id='word_1_403' title='bbox 1266 471 1414 506; x_wconf 82' lang='lat' dir='ltr'><strong>disputavi.</strong></span> <span class='ocrx_word' id='word_1_404' title='bbox 1443 470 1489 499; x_wconf 85' lang='lat' dir='ltr'><strong>Sic</strong></span> <span class='ocrx_word' id='word_1_405' title='bbox 1513 471 1584 498; x_wconf 91' lang='lat' dir='ltr'><strong>enim</strong></span> <span class='ocrx_word' id='word_1_406' title='bbox 1608 471 1700 498; x_wconf 80' lang='lat' dir='ltr'><strong>licebit</strong></span> <span class='ocrx_word' id='word_1_407' title='bbox 1725 478 1752 499; x_wconf 88' lang='lat' dir='ltr'><strong>et</strong></span> 
     </span>
    </p>
   </div>
   <div class='ocr_carea' id='block_1_54' title="bbox 961 517 1753 552">
    <p class='ocr_par' dir='ltr' id='par_1_54' title="bbox 961 517 1753 552">
     <span class='ocr_line' id='line_1_54' title="bbox 961 517 1753 552; baseline -0.001 -8"><span class='ocrx_word' id='word_1_408' title='bbox 961 517 1023 544; x_wconf 87' lang='lat' dir='ltr'><strong>aliis</strong></span> <span class='ocrx_word' id='word_1_409' title='bbox 1033 517 1135 550; x_wconf 86' lang='lat' dir='ltr'><strong>multis,</strong></span> <span class='ocrx_word' id='word_1_410' title='bbox 1148 524 1208 552; x_wconf 65' lang='lat' dir='ltr'><strong>quae</strong></span> <span class='ocrx_word' id='word_1_411' title='bbox 1224 517 1346 544; x_wconf 79' lang='lat' dir='ltr'><strong>eamdem</strong></span> <span class='ocrx_word' id='word_1_412' title='bbox 1361 517 1565 552; x_wconf 79' lang='lat' dir='ltr'><strong>perplexitatem</strong></span> <span class='ocrx_word' id='word_1_413' title='bbox 1579 524 1674 544; x_wconf 89' lang='lat' dir='ltr'><strong>creare</strong></span> <span class='ocrx_word' id='word_1_414' title='bbox 1690 524 1753 551; x_wconf 91' lang='lat' dir='ltr'><strong>pos-</strong></span> 
     </span>
    </p>
   </div>
   <div class='ocr_carea' id='block_1_55' title="bbox 961 560 1751 597">
    <p class='ocr_par' dir='ltr' id='par_1_55' title="bbox 961 560 1751 597">
     <span class='ocr_line' id='line_1_55' title="bbox 961 560 1751 597; baseline -0.003 -8"><span class='ocrx_word' id='word_1_415' title='bbox 961 566 1040 593; x_wconf 84' lang='lat' dir='ltr'><strong>sent,</strong></span> <span class='ocrx_word' id='word_1_416' title='bbox 1063 561 1188 597; x_wconf 75' lang='lat' dir='ltr'><strong>expedite</strong></span> <span class='ocrx_word' id='word_1_417' title='bbox 1212 566 1240 589; x_wconf 89' lang='lat' dir='ltr'><strong>et</strong></span> <span class='ocrx_word' id='word_1_418' title='bbox 1260 561 1449 589; x_wconf 89' lang='lat' dir='ltr'><strong>commnniore</strong></span> <span class='ocrx_word' id='word_1_419' title='bbox 1465 560 1572 588; x_wconf 77' lang='lat' dir='ltr'><strong>ratione</strong></span> <span class='ocrx_word' id='word_1_420' title='bbox 1587 561 1751 588; x_wconf 80' lang='lat' dir='ltr'><strong>solutionem</strong></span> 
     </span>
    </p>
   </div>
   <div class='ocr_carea' id='block_1_56' title="bbox 962 607 1751 643">
    <p class='ocr_par' dir='ltr' id='par_1_56' title="bbox 962 607 1751 643">
     <span class='ocr_line' id='line_1_56' title="bbox 962 607 1751 643; baseline -0.001 -9"><span class='ocrx_word' id='word_1_421' title='bbox 962 607 1101 639; x_wconf 89' lang='lat' dir='ltr'><strong>adltibere,</strong></span> <span class='ocrx_word' id='word_1_422' title='bbox 1113 612 1196 642; x_wconf 87' lang='lat' dir='ltr'><strong>atque</strong></span> <span class='ocrx_word' id='word_1_423' title='bbox 1211 607 1407 635; x_wconf 81' lang='lat' dir='ltr'><strong>obscuritatem</strong></span> <span class='ocrx_word' id='word_1_424' title='bbox 1421 608 1568 643; x_wconf 78' lang='lat' dir='ltr'><strong>avertere.)</strong></span> <span class='ocrx_word' id='word_1_425' title='bbox 1581 607 1652 634; x_wconf 86' lang='lat' dir='ltr'><strong>Cave</strong></span> <span class='ocrx_word' id='word_1_426' title='bbox 1661 611 1751 634; x_wconf 87' lang='lat' dir='ltr'><strong>atttetn</strong></span> 
     </span>
    </p>
   </div>
   <div class='ocr_carea' id='block_1_57' title="bbox 963 653 1752 689">
    <p class='ocr_par' dir='ltr' id='par_1_57' title="bbox 963 653 1752 689">
     <span class='ocr_line' id='line_1_57' title="bbox 963 653 1752 689; baseline 0 -9"><span class='ocrx_word' id='word_1_427' title='bbox 963 658 1053 689; x_wconf 87' lang='lat' dir='ltr'><strong>putes,</strong></span> <span class='ocrx_word' id='word_1_428' title='bbox 1069 661 1112 681; x_wconf 87' lang='lat' dir='ltr'><strong>me</strong></span> <span class='ocrx_word' id='word_1_429' title='bbox 1128 653 1272 681; x_wconf 86' lang='lat' dir='ltr'><strong>verborum</strong></span> <span class='ocrx_word' id='word_1_430' title='bbox 1285 653 1538 688; x_wconf 82' lang='lat' dir='ltr'><strong>metapltoricorum</strong></span> <span class='ocrx_word' id='word_1_431' title='bbox 1565 661 1644 680; x_wconf 89' lang='lat' dir='ltr'><strong>usum</strong></span> <span class='ocrx_word' id='word_1_432' title='bbox 1663 653 1752 680; x_wconf 87' lang='lat' dir='ltr'><strong>inter-</strong></span> 
     </span>
    </p>
   </div>
   <div class='ocr_carea' id='block_1_58' title="bbox 961 698 1752 730">
    <p class='ocr_par' dir='ltr' id='par_1_58' title="bbox 961 698 1752 730">
     <span class='ocr_line' id='line_1_58' title="bbox 961 698 1752 730; baseline -0.004 -3"><span class='ocrx_word' id='word_1_433' title='bbox 961 701 1053 727; x_wconf 84' lang='lat' dir='ltr'><strong>dicere</strong></span> <span class='ocrx_word' id='word_1_434' title='bbox 1068 708 1075 726; x_wconf 91' lang='lat'><strong>:</strong></span> <span class='ocrx_word' id='word_1_435' title='bbox 1096 704 1138 727; x_wconf 84' lang='lat' dir='ltr'><strong>est</strong></span> <span class='ocrx_word' id='word_1_436' title='bbox 1153 699 1226 726; x_wconf 88' lang='lat' dir='ltr'><strong>enim</strong></span> <span class='ocrx_word' id='word_1_437' title='bbox 1245 699 1325 726; x_wconf 91' lang='lat' dir='ltr'><strong>nobis</strong></span> <span class='ocrx_word' id='word_1_438' title='bbox 1335 700 1434 726; x_wconf 89' lang='lat' dir='ltr'><strong>horum</strong></span> <span class='ocrx_word' id='word_1_439' title='bbox 1451 699 1545 726; x_wconf 91' lang='lat' dir='ltr'><strong>innata</strong></span> <span class='ocrx_word' id='word_1_440' title='bbox 1565 698 1752 730; x_wconf 81' lang='lat' dir='ltr'><strong>familiaritas,</strong></span> 
     </span>
    </p>
   </div>
   <div class='ocr_carea' id='block_1_59' title="bbox 961 745 1753 780">
    <p class='ocr_par' dir='ltr' id='par_1_59' title="bbox 961 745 1753 780">
     <span class='ocr_line' id='line_1_59' title="bbox 961 745 1753 780; baseline -0.004 -6"><span class='ocrx_word' id='word_1_441' title='bbox 961 755 1017 774; x_wconf 90' lang='lat' dir='ltr'><strong>non</strong></span> <span class='ocrx_word' id='word_1_442' title='bbox 1030 746 1122 774; x_wconf 89' lang='lat' dir='ltr'><strong>minus</strong></span> <span class='ocrx_word' id='word_1_443' title='bbox 1141 746 1339 780; x_wconf 86' lang='lat' dir='ltr'><strong>propemodum</strong></span> <span class='ocrx_word' id='word_1_444' title='bbox 1354 753 1436 780; x_wconf 89' lang='lat' dir='ltr'><strong>quam</strong></span> <span class='ocrx_word' id='word_1_445' title='bbox 1451 752 1546 772; x_wconf 89' lang='lat' dir='ltr'><strong>eorum</strong></span> <span class='ocrx_word' id='word_1_446' title='bbox 1563 753 1624 779; x_wconf 77' lang='lat' dir='ltr'><strong>qua:</strong></span> <span class='ocrx_word' id='word_1_447' title='bbox 1642 745 1753 779; x_wconf 88' lang='lat' dir='ltr'><strong>proprio</strong></span> 
     </span>
    </p>
   </div>
   <div class='ocr_carea' id='block_1_60' title="bbox 961 791 1754 828">
    <p class='ocr_par' dir='ltr' id='par_1_60' title="bbox 961 791 1754 828">
     <span class='ocr_line' id='line_1_60' title="bbox 961 791 1754 828; baseline -0.003 -7"><span class='ocrx_word' id='word_1_448' title='bbox 961 802 1044 822; x_wconf 87' lang='lat' dir='ltr'><strong>sensu</strong></span> <span class='ocrx_word' id='word_1_449' title='bbox 1060 793 1218 821; x_wconf 79' lang='lat' dir='ltr'><strong>ell‘eruntnr.</strong></span> <span class='ocrx_word' id='word_1_450' title='bbox 1235 793 1273 820; x_wconf 79' lang='lat' dir='ltr'><strong>Ac</strong></span> <span class='ocrx_word' id='word_1_451' title='bbox 1294 793 1317 820; x_wconf 90' lang='lat' dir='ltr'><strong>si</strong></span> <span class='ocrx_word' id='word_1_452' title='bbox 1332 793 1396 828; x_wconf 89' lang='lat' dir='ltr'><strong>quis</strong></span> <span class='ocrx_word' id='word_1_453' title='bbox 1415 792 1475 826; x_wconf 90' lang='lat' dir='ltr'><strong>ejus</strong></span> <span class='ocrx_word' id='word_1_454' title='bbox 1499 791 1608 827; x_wconf 89' lang='lat' dir='ltr'><strong>generis</strong></span> <span class='ocrx_word' id='word_1_455' title='bbox 1627 792 1707 819; x_wconf 85' lang='lat' dir='ltr'><strong>verba</strong></span> <span class='ocrx_word' id='word_1_456' title='bbox 1720 799 1754 819; x_wconf 80' lang='lat' dir='ltr'><strong>ex</strong></span> 
     </span>
    </p>
   </div>
   <div class='ocr_carea' id='block_1_61' title="bbox 963 837 1755 874">
    <p class='ocr_par' dir='ltr' id='par_1_61' title="bbox 963 837 1755 874">
     <span class='ocr_line' id='line_1_61' title="bbox 963 837 1755 874; baseline -0.003 -8"><span class='ocrx_word' id='word_1_457' title='bbox 963 840 1015 867; x_wconf 89' lang='lat' dir='ltr'><strong>Itoc</strong></span> <span class='ocrx_word' id='word_1_458' title='bbox 1031 840 1101 874; x_wconf 86' lang='lat' dir='ltr'><strong>ipso,</strong></span> <span class='ocrx_word' id='word_1_459' title='bbox 1118 839 1165 874; x_wconf 87' lang='lat' dir='ltr'><strong>qui</strong></span> <span class='ocrx_word' id='word_1_460' title='bbox 1179 839 1206 865; x_wconf 93' lang='lat' dir='ltr'><strong>in</strong></span> <span class='ocrx_word' id='word_1_461' title='bbox 1218 838 1346 866; x_wconf 90' lang='lat' dir='ltr'><strong>manibus</strong></span> <span class='ocrx_word' id='word_1_462' title='bbox 1357 843 1410 871; x_wconf 85' lang='lat' dir='ltr'><strong>est,</strong></span> <span class='ocrx_word' id='word_1_463' title='bbox 1436 843 1563 871; x_wconf 88' lang='lat' dir='ltr'><strong>tractatu,</strong></span> <span class='ocrx_word' id='word_1_464' title='bbox 1582 838 1624 864; x_wconf 89' lang='lat' dir='ltr'><strong>vel</strong></span> <span class='ocrx_word' id='word_1_465' title='bbox 1644 845 1660 864; x_wconf 91' lang='lat' dir='ltr'><strong>a</strong></span> <span class='ocrx_word' id='word_1_466' title='bbox 1680 837 1755 864; x_wconf 80' lang='lat' dir='ltr'><strong>Scri-</strong></span> 
     </span>
    </p>
   </div>
   <div class='ocr_carea' id='block_1_62' title="bbox 962 883 1755 920">
    <p class='ocr_par' dir='ltr' id='par_1_62' title="bbox 962 883 1755 920">
     <span class='ocr_line' id='line_1_62' title="bbox 962 883 1755 920; baseline -0.001 -8"><span class='ocrx_word' id='word_1_467' title='bbox 962 889 1102 920; x_wconf 87' lang='lat' dir='ltr'><strong>pturarum</strong></span> <span class='ocrx_word' id='word_1_468' title='bbox 1118 885 1292 912; x_wconf 87' lang='lat' dir='ltr'><strong>enarratione</strong></span> <span class='ocrx_word' id='word_1_469' title='bbox 1311 885 1489 916; x_wconf 73' lang='lat' dir='ltr'><strong>submoveat,</strong></span> <span class='ocrx_word' id='word_1_470' title='bbox 1511 884 1660 918; x_wconf 71' lang='lat' dir='ltr'><strong>praesertim</strong></span> <span class='ocrx_word' id='word_1_471' title='bbox 1678 883 1755 911; x_wconf 83' lang='lat' dir='ltr'><strong>valde</strong></span> 
     </span>
    </p>
   </div>
   <div class='ocr_carea' id='block_1_63' title="bbox 962 928 1754 964">
    <p class='ocr_par' dir='ltr' id='par_1_63' title="bbox 962 928 1754 964">
     <span class='ocr_line' id='line_1_63' title="bbox 962 928 1754 964; baseline -0.001 -7"><span class='ocrx_word' id='word_1_472' title='bbox 962 930 1063 957; x_wconf 81' lang='lat' dir='ltr'><strong>similia</strong></span> <span class='ocrx_word' id='word_1_473' title='bbox 1076 937 1110 957; x_wconf 85' lang='lat' dir='ltr'><strong>ac</strong></span> <span class='ocrx_word' id='word_1_474' title='bbox 1124 930 1249 964; x_wconf 74' lang='lat' dir='ltr'><strong>proxima</strong></span> <span class='ocrx_word' id='word_1_475' title='bbox 1265 928 1330 961; x_wconf 85' lang='lat' dir='ltr'><strong>illis,</strong></span> <span class='ocrx_word' id='word_1_476' title='bbox 1347 936 1465 963; x_wconf 91' lang='lat' dir='ltr'><strong>quorttm</strong></span> <span class='ocrx_word' id='word_1_477' title='bbox 1479 929 1571 956; x_wconf 91' lang='lat' dir='ltr'><strong>nullus</strong></span> <span class='ocrx_word' id='word_1_478' title='bbox 1583 933 1678 963; x_wconf 77' lang='lat' dir='ltr'><strong>tropus</strong></span> <span class='ocrx_word' id='word_1_479' title='bbox 1693 933 1754 961; x_wconf 82' lang='lat' dir='ltr'><strong>est;</strong></span> 
     </span>
    </p>
   </div>
   <div class='ocr_carea' id='block_1_64' title="bbox 962 974 1755 1004">
    <p class='ocr_par' dir='ltr' id='par_1_64' title="bbox 962 974 1755 1004">
     <span class='ocr_line' id='line_1_64' title="bbox 962 974 1755 1004; baseline -0.001 -1"><span class='ocrx_word' id='word_1_480' title='bbox 962 976 986 1004; x_wconf 89' lang='lat' dir='ltr'><strong>is</strong></span> <span class='ocrx_word' id='word_1_481' title='bbox 1004 976 1076 1003; x_wconf 85' lang='lat' dir='ltr'><strong>haud</strong></span> <span class='ocrx_word' id='word_1_482' title='bbox 1091 975 1179 1003; x_wconf 90' lang='lat' dir='ltr'><strong>multo</strong></span> <span class='ocrx_word' id='word_1_483' title='bbox 1204 974 1295 1003; x_wconf 82' lang='lat' dir='ltr'><strong>secius</strong></span> <span class='ocrx_word' id='word_1_484' title='bbox 1317 975 1401 1002; x_wconf 85' lang='lat' dir='ltr'><strong>arctis</strong></span> <span class='ocrx_word' id='word_1_485' title='bbox 1421 975 1568 1002; x_wconf 91' lang='lat' dir='ltr'><strong>admodum</strong></span> <span class='ocrx_word' id='word_1_486' title='bbox 1581 975 1681 1002; x_wconf 78' lang='lat' dir='ltr'><strong>finibus</strong></span> <span class='ocrx_word' id='word_1_487' title='bbox 1695 983 1755 1002; x_wconf 83' lang='lat' dir='ltr'><strong>ser-</strong></span> 
     </span>
    </p>
   </div>
   <div class='ocr_carea' id='block_1_65' title="bbox 962 1020 1755 1053">
    <p class='ocr_par' dir='ltr' id='par_1_65' title="bbox 962 1020 1755 1053">
     <span class='ocr_line' id='line_1_65' title="bbox 962 1020 1755 1053; baseline -0.003 -4"><span class='ocrx_word' id='word_1_488' title='bbox 962 1022 1051 1049; x_wconf 84' lang='lat' dir='ltr'><strong>monis</strong></span> <span class='ocrx_word' id='word_1_489' title='bbox 1066 1029 1147 1049; x_wconf 82' lang='lat' dir='ltr'><strong>usum</strong></span> <span class='ocrx_word' id='word_1_490' title='bbox 1162 1020 1317 1048; x_wconf 77' lang='lat' dir='ltr'><strong>concludet.</strong></span> <span class='ocrx_word' id='word_1_491' title='bbox 1333 1020 1403 1053; x_wconf 77' lang='lat' dir='ltr'><strong>Quin</strong></span> <span class='ocrx_word' id='word_1_492' title='bbox 1422 1021 1491 1047; x_wconf 91' lang='lat' dir='ltr'><strong>adeo</strong></span> <span class='ocrx_word' id='word_1_493' title='bbox 1505 1021 1598 1047; x_wconf 65' lang='lat' dir='ltr'><strong>multm</strong></span> <span class='ocrx_word' id='word_1_494' title='bbox 1618 1028 1662 1047; x_wconf 87' lang='lat' dir='ltr'><strong>res</strong></span> <span class='ocrx_word' id='word_1_495' title='bbox 1680 1025 1755 1053; x_wconf 89' lang='lat' dir='ltr'><strong>sunt,</strong></span> 
     </span>
    </p>
   </div>
   <div class='ocr_carea' id='block_1_66' title="bbox 962 1064 1756 1101">
    <p class='ocr_par' dir='ltr' id='par_1_66' title="bbox 962 1064 1756 1101">
     <span class='ocr_line' id='line_1_66' title="bbox 962 1064 1756 1101; baseline -0.004 -7"><span class='ocrx_word' id='word_1_496' title='bbox 962 1073 1032 1101; x_wconf 82' lang='lat' dir='ltr'><strong>quas</strong></span> <span class='ocrx_word' id='word_1_497' title='bbox 1046 1073 1080 1094; x_wconf 87' lang='lat' dir='ltr'><strong>ne</strong></span> <span class='ocrx_word' id='word_1_498' title='bbox 1103 1066 1217 1093; x_wconf 87' lang='lat' dir='ltr'><strong>nomine</strong></span> <span class='ocrx_word' id='word_1_499' title='bbox 1233 1065 1341 1100; x_wconf 85' lang='lat' dir='ltr'><strong>quidem</strong></span> <span class='ocrx_word' id='word_1_500' title='bbox 1358 1065 1495 1100; x_wconf 85' lang='lat' dir='ltr'><strong>appellare</strong></span> <span class='ocrx_word' id='word_1_501' title='bbox 1511 1072 1671 1098; x_wconf 83' lang='lat' dir='ltr'><strong>possumus,</strong></span> <span class='ocrx_word' id='word_1_502' title='bbox 1701 1064 1756 1092; x_wconf 87' lang='lat' dir='ltr'><strong>nisi</strong></span> 
     </span>
    </p>
   </div>
   <div class='ocr_carea' id='block_1_67' title="bbox 961 1110 1756 1148">
    <p class='ocr_par' dir='ltr' id='par_1_67' title="bbox 961 1110 1756 1148">
     <span class='ocr_line' id='line_1_67' title="bbox 961 1110 1756 1148; baseline -0.005 -8"><span class='ocrx_word' id='word_1_503' title='bbox 961 1113 1116 1148; x_wconf 85' lang='lat' dir='ltr'><strong>proprietas</strong></span> <span class='ocrx_word' id='word_1_504' title='bbox 1130 1112 1273 1139; x_wconf 88' lang='lat' dir='ltr'><strong>nominum</strong></span> <span class='ocrx_word' id='word_1_505' title='bbox 1288 1111 1384 1146; x_wconf 90' lang='lat' dir='ltr'><strong>procul</strong></span> <span class='ocrx_word' id='word_1_506' title='bbox 1398 1118 1447 1138; x_wconf 89' lang='lat' dir='ltr'><strong>usu</strong></span> <span class='ocrx_word' id='word_1_507' title='bbox 1465 1111 1626 1146; x_wconf 84' lang='lat' dir='ltr'><strong>quotidiano</strong></span> <span class='ocrx_word' id='word_1_508' title='bbox 1639 1110 1740 1137; x_wconf 86' lang='lat' dir='ltr'><strong>suhmo</strong></span> <span class='ocrx_word' id='word_1_509' title='bbox 1750 1124 1756 1130; x_wconf 66' lang='grc' dir='ltr'><strong><em>η</em></strong></span> 
     </span>
    </p>
   </div>
   <div class='ocr_carea' id='block_1_68' title="bbox 960 1156 1756 1193">
    <p class='ocr_par' dir='ltr' id='par_1_68' title="bbox 960 1156 1756 1193">
     <span class='ocr_line' id='line_1_68' title="bbox 960 1156 1756 1193; baseline -0.004 -7"><span class='ocrx_word' id='word_1_510' title='bbox 960 1163 1066 1186; x_wconf 88' lang='lat' dir='ltr'><strong>veatur.</strong></span> <span class='ocrx_word' id='word_1_511' title='bbox 1085 1157 1156 1193; x_wconf 81' lang='lat' dir='ltr'><strong>Ergo</strong></span> <span class='ocrx_word' id='word_1_512' title='bbox 1173 1165 1227 1185; x_wconf 92' lang='lat' dir='ltr'><strong>non</strong></span> <span class='ocrx_word' id='word_1_513' title='bbox 1242 1157 1305 1184; x_wconf 89' lang='lat' dir='ltr'><strong>licet</strong></span> <span class='ocrx_word' id='word_1_514' title='bbox 1322 1156 1480 1184; x_wconf 86' lang='lat' dir='ltr'><strong>inutilitatis</strong></span> <span class='ocrx_word' id='word_1_515' title='bbox 1494 1163 1626 1183; x_wconf 81' lang='lat' dir='ltr'><strong>accusare</strong></span> <span class='ocrx_word' id='word_1_516' title='bbox 1641 1156 1756 1183; x_wconf 87' lang='lat' dir='ltr'><strong>nontina</strong></span> 
     </span>
    </p>
   </div>
   <div class='ocr_carea' id='block_1_69' title="bbox 961 1201 1756 1239">
    <p class='ocr_par' dir='ltr' id='par_1_69' title="bbox 961 1201 1756 1239">
     <span class='ocr_line' id='line_1_69' title="bbox 961 1201 1756 1239; baseline -0.004 -9"><span class='ocrx_word' id='word_1_517' title='bbox 961 1204 1017 1235; x_wconf 91' lang='lat' dir='ltr'><strong>illa,</strong></span> <span class='ocrx_word' id='word_1_518' title='bbox 1028 1210 1091 1239; x_wconf 73' lang='lat' dir='ltr'><strong>quae</strong></span> <span class='ocrx_word' id='word_1_519' title='bbox 1112 1211 1130 1230; x_wconf 83' lang='lat' dir='ltr'><strong>a</strong></span> <span class='ocrx_word' id='word_1_520' title='bbox 1155 1202 1318 1237; x_wconf 91' lang='lat' dir='ltr'><strong>metaphora</strong></span> <span class='ocrx_word' id='word_1_521' title='bbox 1344 1202 1478 1236; x_wconf 81' lang='lat' dir='ltr'><strong>originem</strong></span> <span class='ocrx_word' id='word_1_522' title='bbox 1499 1201 1605 1228; x_wconf 89' lang='lat' dir='ltr'><strong>ducunt</strong></span> <span class='ocrx_word' id='word_1_523' title='bbox 1620 1209 1626 1227; x_wconf 88' lang='lat'>:</span> <span class='ocrx_word' id='word_1_524' title='bbox 1643 1201 1691 1228; x_wconf 89' lang='lat' dir='ltr'><strong>sed</strong></span> <span class='ocrx_word' id='word_1_525' title='bbox 1712 1201 1756 1227; x_wconf 85' lang='lat' dir='ltr'><strong>vis</strong></span> 
     </span>
    </p>
   </div>
   <div class='ocr_carea' id='block_1_70' title="bbox 960 1247 1758 1285">
    <p class='ocr_par' dir='ltr' id='par_1_70' title="bbox 960 1247 1758 1285">
     <span class='ocr_line' id='line_1_70' title="bbox 960 1247 1758 1285; baseline -0.004 -8"><span class='ocrx_word' id='word_1_526' title='bbox 960 1249 1052 1285; x_wconf 90' lang='lat' dir='ltr'><strong>potius</strong></span> <span class='ocrx_word' id='word_1_527' title='bbox 1074 1248 1210 1284; x_wconf 84' lang='lat' dir='ltr'><strong>cujusque</strong></span> <span class='ocrx_word' id='word_1_528' title='bbox 1235 1247 1362 1276; x_wconf 87' lang='lat' dir='ltr'><strong>vocabuli</strong></span> <span class='ocrx_word' id='word_1_529' title='bbox 1392 1247 1584 1282; x_wconf 81' lang='lat' dir='ltr'><strong>cognoscenda</strong></span> <span class='ocrx_word' id='word_1_530' title='bbox 1618 1252 1670 1279; x_wconf 89' lang='lat' dir='ltr'><strong>est,</strong></span> <span class='ocrx_word' id='word_1_531' title='bbox 1700 1247 1758 1274; x_wconf 82' lang='lat' dir='ltr'><strong>sive</strong></span> 
     </span>
    </p>
   </div>
   <div class='ocr_carea' id='block_1_71' title="bbox 961 1293 1758 1332">
    <p class='ocr_par' dir='ltr' id='par_1_71' title="bbox 961 1293 1758 1332">
     <span class='ocr_line' id='line_1_71' title="bbox 961 1293 1758 1332; baseline -0.005 -8"><span class='ocrx_word' id='word_1_532' title='bbox 961 1297 1069 1332; x_wconf 86' lang='lat' dir='ltr'><strong>proprie</strong></span> <span class='ocrx_word' id='word_1_533' title='bbox 1082 1295 1219 1330; x_wconf 79' lang='lat' dir='ltr'><strong>usurpati,</strong></span> <span class='ocrx_word' id='word_1_534' title='bbox 1232 1295 1290 1322; x_wconf 77' lang='lat' dir='ltr'><strong>sive</strong></span> <span class='ocrx_word' id='word_1_535' title='bbox 1299 1302 1361 1322; x_wconf 89' lang='lat' dir='ltr'><strong>cum</strong></span> <span class='ocrx_word' id='word_1_536' title='bbox 1378 1294 1469 1329; x_wconf 87' lang='lat' dir='ltr'><strong>aliqua</strong></span> <span class='ocrx_word' id='word_1_537' title='bbox 1485 1293 1664 1321; x_wconf 86' lang='lat' dir='ltr'><strong>translatione</strong></span> <span class='ocrx_word' id='word_1_538' title='bbox 1675 1293 1758 1326; x_wconf 74' lang='lat' dir='ltr'><strong>rebus</strong></span> 
     </span>
    </p>
   </div>
   <div class='ocr_carea' id='block_1_72' title="bbox 960 1340 1757 1378">
    <p class='ocr_par' dir='ltr' id='par_1_72' title="bbox 960 1340 1757 1378">
     <span class='ocr_line' id='line_1_72' title="bbox 960 1340 1757 1378; baseline -0.006 -7"><span class='ocrx_word' id='word_1_539' title='bbox 960 1342 1092 1378; x_wconf 85' lang='lat' dir='ltr'><strong>impositi.</strong></span> <span class='ocrx_word' id='word_1_540' title='bbox 1112 1342 1202 1376; x_wconf 81' lang='lat' dir='ltr'><strong>Atque</strong></span> <span class='ocrx_word' id='word_1_541' title='bbox 1218 1340 1307 1368; x_wconf 88' lang='lat' dir='ltr'><strong>verbis</strong></span> <span class='ocrx_word' id='word_1_542' title='bbox 1325 1340 1457 1367; x_wconf 89' lang='lat' dir='ltr'><strong>utendum</strong></span> <span class='ocrx_word' id='word_1_543' title='bbox 1474 1344 1517 1367; x_wconf 89' lang='lat' dir='ltr'><strong>est</strong></span> <span class='ocrx_word' id='word_1_544' title='bbox 1530 1343 1614 1374; x_wconf 90' lang='lat' dir='ltr'><strong>prout</strong></span> <span class='ocrx_word' id='word_1_545' title='bbox 1635 1346 1757 1366; x_wconf 77' lang='lat' dir='ltr'><strong>consue-</strong></span> 
     </span>
    </p>
   </div>
   <div class='ocr_carea' id='block_1_73' title="bbox 963 1385 1760 1420">
    <p class='ocr_par' dir='ltr' id='par_1_73' title="bbox 963 1385 1760 1420">
     <span class='ocr_line' id='line_1_73' title="bbox 963 1385 1760 1420; baseline -0.006 -4"><span class='ocrx_word' id='word_1_546' title='bbox 963 1389 1030 1416; x_wconf 86' lang='lat' dir='ltr'><strong>tudo</strong></span> <span class='ocrx_word' id='word_1_547' title='bbox 1049 1387 1113 1420; x_wconf 76' lang='lat' dir='ltr'><strong>fert,</strong></span> <span class='ocrx_word' id='word_1_548' title='bbox 1131 1395 1185 1415; x_wconf 93' lang='lat' dir='ltr'><strong>non</strong></span> <span class='ocrx_word' id='word_1_549' title='bbox 1203 1391 1294 1414; x_wconf 91' lang='lat' dir='ltr'><strong>autem</strong></span> <span class='ocrx_word' id='word_1_550' title='bbox 1310 1386 1419 1413; x_wconf 91' lang='lat' dir='ltr'><strong>illorum</strong></span> <span class='ocrx_word' id='word_1_551' title='bbox 1432 1385 1620 1420; x_wconf 63' lang='lat' dir='ltr'><strong>signiﬁcantia</strong></span> <span class='ocrx_word' id='word_1_552' title='bbox 1637 1385 1670 1412; x_wconf 87' lang='lat' dir='ltr'><strong>ad</strong></span> <span class='ocrx_word' id='word_1_553' title='bbox 1684 1392 1760 1412; x_wconf 51' lang='lat' dir='ltr'><strong>eam.</strong></span> 
     </span>
    </p>
   </div>
   <div class='ocr_carea' id='block_1_74' title="bbox 962 1430 1758 1467">
    <p class='ocr_par' dir='ltr' id='par_1_74' title="bbox 962 1430 1758 1467">
     <span class='ocr_line' id='line_1_74' title="bbox 962 1430 1758 1467; baseline -0.006 -5"><span class='ocrx_word' id='word_1_554' title='bbox 962 1435 1023 1462; x_wconf 90' lang='lat' dir='ltr'><strong>dem</strong></span> <span class='ocrx_word' id='word_1_555' title='bbox 1041 1439 1168 1461; x_wconf 89' lang='lat' dir='ltr'><strong>naturam</strong></span> <span class='ocrx_word' id='word_1_556' title='bbox 1185 1431 1348 1460; x_wconf 87' lang='lat' dir='ltr'><strong>necessitate</strong></span> <span class='ocrx_word' id='word_1_557' title='bbox 1361 1431 1490 1467; x_wconf 66' lang='lat' dir='ltr'><strong>cogendae</strong></span> <span class='ocrx_word' id='word_1_558' title='bbox 1513 1437 1541 1458; x_wconf 87' lang='lat' dir='ltr'><strong>et</strong></span> <span class='ocrx_word' id='word_1_559' title='bbox 1565 1430 1758 1458; x_wconf 67' lang='lat' dir='ltr'><strong>convolvettda:</strong></span> 
     </span>
    </p>
   </div>
   <div class='ocr_carea' id='block_1_75' title="bbox 963 1476 1755 1513">
    <p class='ocr_par' dir='ltr' id='par_1_75' title="bbox 963 1476 1755 1513">
     <span class='ocr_line' id='line_1_75' title="bbox 963 1476 1755 1513; baseline -0.005 -6"><span class='ocrx_word' id='word_1_560' title='bbox 963 1485 1036 1508; x_wconf 88' lang='lat' dir='ltr'><strong>sunt.</strong></span> <span class='ocrx_word' id='word_1_561' title='bbox 1052 1479 1122 1507; x_wconf 85' lang='lat' dir='ltr'><strong>Hinc</strong></span> <span class='ocrx_word' id='word_1_562' title='bbox 1139 1479 1211 1507; x_wconf 89' lang='lat' dir='ltr'><strong>enim</strong></span> <span class='ocrx_word' id='word_1_563' title='bbox 1228 1479 1318 1513; x_wconf 87' lang='lat' dir='ltr'><strong>magni</strong></span> <span class='ocrx_word' id='word_1_564' title='bbox 1334 1479 1458 1506; x_wconf 89' lang='lat' dir='ltr'><strong>orientur</strong></span> <span class='ocrx_word' id='word_1_565' title='bbox 1483 1485 1602 1510; x_wconf 80' lang='lat' dir='ltr'><strong>errores,</strong></span> <span class='ocrx_word' id='word_1_566' title='bbox 1622 1485 1654 1504; x_wconf 86' lang='lat' dir='ltr'><strong>ac</strong></span> <span class='ocrx_word' id='word_1_567' title='bbox 1671 1476 1755 1504; x_wconf 87' lang='lat' dir='ltr'><strong>dubia</strong></span> 
     </span>
    </p>
   </div>
   <div class='ocr_carea' id='block_1_76' title="bbox 964 1523 1757 1562">
    <p class='ocr_par' dir='ltr' id='par_1_76' title="bbox 964 1523 1757 1562">
     <span class='ocr_line' id='line_1_76' title="bbox 964 1523 1757 1562; baseline -0.005 -9"><span class='ocrx_word' id='word_1_568' title='bbox 964 1526 1067 1562; x_wconf 80' lang='lat' dir='ltr'><strong>passim</strong></span> <span class='ocrx_word' id='word_1_569' title='bbox 1077 1530 1235 1560; x_wconf 71' lang='lat' dir='ltr'><strong>emergant;</strong></span> <span class='ocrx_word' id='word_1_570' title='bbox 1253 1532 1314 1560; x_wconf 63' lang='lat' dir='ltr'><strong>quae</strong></span> <span class='ocrx_word' id='word_1_571' title='bbox 1328 1524 1438 1559; x_wconf 86' lang='lat' dir='ltr'><strong>quidem</strong></span> <span class='ocrx_word' id='word_1_572' title='bbox 1458 1531 1550 1551; x_wconf 83' lang='lat' dir='ltr'><strong>veram</strong></span> <span class='ocrx_word' id='word_1_573' title='bbox 1564 1523 1667 1550; x_wconf 90' lang='lat' dir='ltr'><strong>nullam</strong></span> <span class='ocrx_word' id='word_1_574' title='bbox 1692 1530 1757 1557; x_wconf 88' lang='lat' dir='ltr'><strong>pcr-</strong></span> 
     </span>
    </p>
   </div>
   <div class='ocr_carea' id='block_1_77' title="bbox 967 1569 1756 1608">
    <p class='ocr_par' dir='ltr' id='par_1_77' title="bbox 967 1569 1756 1608">
     <span class='ocr_line' id='line_1_77' title="bbox 967 1569 1756 1608; baseline -0.006 -8"><span class='ocrx_word' id='word_1_575' title='bbox 967 1573 1122 1608; x_wconf 76' lang='lat' dir='ltr'><strong>plexitatetn</strong></span> <span class='ocrx_word' id='word_1_576' title='bbox 1139 1571 1323 1603; x_wconf 82' lang='lat' dir='ltr'><strong>exhibebunt,</strong></span> <span class='ocrx_word' id='word_1_577' title='bbox 1345 1574 1534 1598; x_wconf 85' lang='lat' dir='ltr'><strong>verumtamen</strong></span> <span class='ocrx_word' id='word_1_578' title='bbox 1550 1570 1585 1597; x_wconf 87' lang='lat' dir='ltr'><strong>ob</strong></span> <span class='ocrx_word' id='word_1_579' title='bbox 1603 1569 1756 1596; x_wconf 91' lang='lat' dir='ltr'><strong>absurdutn</strong></span> 
     </span>
    </p>
   </div>
   <div class='ocr_carea' id='block_1_78' title="bbox 968 1615 1758 1653">
    <p class='ocr_par' dir='ltr' id='par_1_78' title="bbox 968 1615 1758 1653">
     <span class='ocr_line' id='line_1_78' title="bbox 968 1615 1758 1653; baseline -0.006 -7"><span class='ocrx_word' id='word_1_580' title='bbox 968 1619 1171 1653; x_wconf 72' lang='lat' dir='ltr'><strong>signiﬁcatuum</strong></span> <span class='ocrx_word' id='word_1_581' title='bbox 1183 1625 1263 1645; x_wconf 87' lang='lat' dir='ltr'><strong>usutn</strong></span> <span class='ocrx_word' id='word_1_582' title='bbox 1275 1637 1284 1651; x_wconf 88' lang='lat'><strong>,</strong></span> <span class='ocrx_word' id='word_1_583' title='bbox 1302 1617 1327 1643; x_wconf 89' lang='lat' dir='ltr'><strong>hi</strong></span> <span class='ocrx_word' id='word_1_584' title='bbox 1347 1617 1393 1651; x_wconf 92' lang='lat' dir='ltr'><strong>qui</strong></span> <span class='ocrx_word' id='word_1_585' title='bbox 1411 1617 1447 1643; x_wconf 80' lang='lat' dir='ltr'><strong>ita</strong></span> <span class='ocrx_word' id='word_1_586' title='bbox 1461 1615 1593 1643; x_wconf 82' lang='lat' dir='ltr'><strong>vocabula</strong></span> <span class='ocrx_word' id='word_1_587' title='bbox 1611 1619 1758 1650; x_wconf 87' lang='lat' dir='ltr'><strong>usurpant,</strong></span> 
     </span>
    </p>
   </div>
   <div class='ocr_carea' id='block_1_79' title="bbox 968 1661 1703 1696">
    <p class='ocr_par' dir='ltr' id='par_1_79' title="bbox 968 1661 1703 1696">
     <span class='ocr_line' id='line_1_79' title="bbox 968 1661 1703 1696; baseline -0.004 -6"><span class='ocrx_word' id='word_1_588' title='bbox 968 1671 1022 1690; x_wconf 94' lang='lat' dir='ltr'><strong>non</strong></span> <span class='ocrx_word' id='word_1_589' title='bbox 1041 1668 1096 1691; x_wconf 90' lang='lat' dir='ltr'><strong>tam</strong></span> <span class='ocrx_word' id='word_1_590' title='bbox 1117 1662 1178 1691; x_wconf 88' lang='lat' dir='ltr'><strong>aliis</strong></span> <span class='ocrx_word' id='word_1_591' title='bbox 1194 1670 1276 1696; x_wconf 89' lang='lat' dir='ltr'><strong>quant</strong></span> <span class='ocrx_word' id='word_1_592' title='bbox 1294 1661 1344 1689; x_wconf 82' lang='lat' dir='ltr'><strong>sibi</strong></span> <span class='ocrx_word' id='word_1_593' title='bbox 1359 1661 1546 1688; x_wconf 86' lang='lat' dir='ltr'><strong>dubitationes</strong></span> <span class='ocrx_word' id='word_1_594' title='bbox 1561 1661 1703 1688; x_wconf 87' lang='lat' dir='ltr'><strong>creabunt.</strong></span> 
     </span>
    </p>
   </div>
   <div class='ocr_carea' id='block_1_80' title="bbox 1004 1740 1760 1779">
    <p class='ocr_par' dir='ltr' id='par_1_80' title="bbox 1004 1740 1760 1779">
     <span class='ocr_line' id='line_1_80' title="bbox 1004 1740 1760 1779; baseline -0.007 -7"><span class='ocrx_word' id='word_1_595' title='bbox 1004 1745 1029 1772; x_wconf 88' lang='lat'><strong>6.</strong></span> <span class='ocrx_word' id='word_1_596' title='bbox 1047 1744 1170 1778; x_wconf 82' lang='lat' dir='ltr'><strong>Exempli</strong></span> <span class='ocrx_word' id='word_1_597' title='bbox 1179 1744 1265 1779; x_wconf 82' lang='lat' dir='ltr'><strong>gratia</strong></span> <span class='ocrx_word' id='word_1_598' title='bbox 1275 1747 1357 1770; x_wconf 83' lang='lat' dir='ltr'><strong>testes</strong></span> <span class='ocrx_word' id='word_1_599' title='bbox 1372 1740 1530 1776; x_wconf 84' lang='lat' dir='ltr'><strong>(martyres)</strong></span> <span class='ocrx_word' id='word_1_600' title='bbox 1544 1740 1696 1768; x_wconf 85' lang='lat' dir='ltr'><strong>vocitamus</strong></span> <span class='ocrx_word' id='word_1_601' title='bbox 1712 1747 1760 1767; x_wconf 77' lang='lat' dir='ltr'><strong>eos</strong></span> 
     </span>
    </p>
   </div>
   <div class='ocr_carea' id='block_1_81' title="bbox 969 1786 1761 1827">
    <p class='ocr_par' dir='ltr' id='par_1_81' title="bbox 969 1786 1761 1827">
     <span class='ocr_line' id='line_1_81' title="bbox 969 1786 1761 1827; baseline -0.009 -9"><span class='ocrx_word' id='word_1_602' title='bbox 969 1792 1016 1827; x_wconf 89' lang='lat' dir='ltr'><strong>qui</strong></span> <span class='ocrx_word' id='word_1_603' title='bbox 1032 1798 1080 1826; x_wconf 93' lang='lat' dir='ltr'><strong>pro</strong></span> <span class='ocrx_word' id='word_1_604' title='bbox 1092 1789 1202 1818; x_wconf 83' lang='lat' dir='ltr'><strong>Christo</strong></span> <span class='ocrx_word' id='word_1_605' title='bbox 1213 1793 1352 1816; x_wconf 88' lang='lat' dir='ltr'><strong>certamen</strong></span> <span class='ocrx_word' id='word_1_606' title='bbox 1368 1788 1524 1819; x_wconf 87' lang='lat' dir='ltr'><strong>subierunt,</strong></span> <span class='ocrx_word' id='word_1_607' title='bbox 1535 1793 1637 1821; x_wconf 88' lang='lat' dir='ltr'><strong>eosque</strong></span> <span class='ocrx_word' id='word_1_608' title='bbox 1650 1786 1761 1820; x_wconf 82' lang='lat' dir='ltr'><strong>sangui-</strong></span> 
     </span>
    </p>
   </div>
   <div class='ocr_carea' id='block_1_82' title="bbox 971 1831 1762 1865">
    <p class='ocr_par' dir='ltr' id='par_1_82' title="bbox 971 1831 1762 1865">
     <span class='ocr_line' id='line_1_82' title="bbox 971 1831 1762 1865; baseline -0.009 -1"><span class='ocrx_word' id='word_1_609' title='bbox 971 1845 1031 1864; x_wconf 89' lang='lat' dir='ltr'><strong>neut</strong></span> <span class='ocrx_word' id='word_1_610' title='bbox 1048 1843 1130 1864; x_wconf 89' lang='lat' dir='ltr'><strong>suum</strong></span> <span class='ocrx_word' id='word_1_611' title='bbox 1149 1835 1283 1862; x_wconf 86' lang='lat' dir='ltr'><strong>obtulisse</strong></span> <span class='ocrx_word' id='word_1_612' title='bbox 1303 1833 1358 1860; x_wconf 87' lang='lat' dir='ltr'><strong>Deo</strong></span> <span class='ocrx_word' id='word_1_613' title='bbox 1369 1833 1497 1860; x_wconf 88' lang='lat' dir='ltr'><strong>dicimus.</strong></span> <span class='ocrx_word' id='word_1_614' title='bbox 1509 1831 1643 1859; x_wconf 76' lang='lat' dir='ltr'><strong>Praeclare</strong></span> <span class='ocrx_word' id='word_1_615' title='bbox 1658 1831 1684 1858; x_wconf 90' lang='lat' dir='ltr'><strong>id</strong></span> <span class='ocrx_word' id='word_1_616' title='bbox 1699 1832 1762 1865; x_wconf 91' lang='lat' dir='ltr'><strong>qni-</strong></span> 
     </span>
    </p>
   </div>
   <div class='ocr_carea' id='block_1_83' title="bbox 970 1877 1762 1912">
    <p class='ocr_par' dir='ltr' id='par_1_83' title="bbox 970 1877 1762 1912">
     <span class='ocr_line' id='line_1_83' title="bbox 970 1877 1762 1912; baseline -0.01 -2"><span class='ocrx_word' id='word_1_617' title='bbox 970 1883 1032 1910; x_wconf 90' lang='lat' dir='ltr'><strong>dem</strong></span> <span class='ocrx_word' id='word_1_618' title='bbox 1044 1886 1071 1909; x_wconf 89' lang='lat' dir='ltr'><strong>ct</strong></span> <span class='ocrx_word' id='word_1_619' title='bbox 1086 1881 1183 1908; x_wconf 86' lang='lat' dir='ltr'><strong>merito</strong></span> <span class='ocrx_word' id='word_1_620' title='bbox 1199 1889 1205 1907; x_wconf 88' lang='lat'><strong>:</strong></span> <span class='ocrx_word' id='word_1_621' title='bbox 1222 1879 1269 1907; x_wconf 84' lang='lat' dir='ltr'><strong>sed</strong></span> <span class='ocrx_word' id='word_1_622' title='bbox 1290 1883 1382 1905; x_wconf 85' lang='lat' dir='ltr'><strong>tamen</strong></span> <span class='ocrx_word' id='word_1_623' title='bbox 1401 1877 1461 1905; x_wconf 84' lang='lat' dir='ltr'><strong>sine</strong></span> <span class='ocrx_word' id='word_1_624' title='bbox 1480 1877 1640 1912; x_wconf 83' lang='lat' dir='ltr'><strong>metaphora</strong></span> <span class='ocrx_word' id='word_1_625' title='bbox 1664 1880 1762 1902; x_wconf 85' lang='lat' dir='ltr'><strong>neutra</strong></span> 
     </span>
    </p>
   </div>
   <div class='ocr_carea' id='block_1_84' title="bbox 971 1922 1762 1960">
    <p class='ocr_par' dir='ltr' id='par_1_84' title="bbox 971 1922 1762 1960">
     <span class='ocr_line' id='line_1_84' title="bbox 971 1922 1762 1960; baseline -0.011 -4"><span class='ocrx_word' id='word_1_626' title='bbox 971 1928 1073 1956; x_wconf 89' lang='lat' dir='ltr'><strong>locutio</strong></span> <span class='ocrx_word' id='word_1_627' title='bbox 1096 1931 1147 1955; x_wconf 89' lang='lat' dir='ltr'><strong>est.</strong></span> <span class='ocrx_word' id='word_1_628' title='bbox 1166 1926 1233 1953; x_wconf 79' lang='lat' dir='ltr'><strong>Nam</strong></span> <span class='ocrx_word' id='word_1_629' title='bbox 1260 1924 1324 1960; x_wconf 89' lang='lat' dir='ltr'><strong>quia</strong></span> <span class='ocrx_word' id='word_1_630' title='bbox 1348 1923 1458 1959; x_wconf 84' lang='lat' dir='ltr'><strong>polittca</strong></span> <span class='ocrx_word' id='word_1_631' title='bbox 1485 1922 1655 1950; x_wconf 89' lang='lat' dir='ltr'><strong>consuetudo</strong></span> <span class='ocrx_word' id='word_1_632' title='bbox 1679 1926 1762 1948; x_wconf 84' lang='lat' dir='ltr'><strong>testes</strong></span> 
     </span>
    </p>
   </div>
   <div class='ocr_carea' id='block_1_85' title="bbox 975 1968 1762 2010">
    <p class='ocr_par' dir='ltr' id='par_1_85' title="bbox 975 1968 1762 2010">
     <span class='ocr_line' id='line_1_85' title="bbox 975 1968 1762 2010; baseline -0.011 -8"><span class='ocrx_word' id='word_1_633' title='bbox 975 1974 1092 2010; x_wconf 84' lang='lat' dir='ltr'><strong>appellat</strong></span> <span class='ocrx_word' id='word_1_634' title='bbox 1115 1980 1163 2000; x_wconf 88' lang='lat' dir='ltr'><strong>eos</strong></span> <span class='ocrx_word' id='word_1_635' title='bbox 1184 1972 1231 2007; x_wconf 92' lang='lat' dir='ltr'><strong>qui</strong></span> <span class='ocrx_word' id='word_1_636' title='bbox 1252 1971 1286 1998; x_wconf 90' lang='lat' dir='ltr'><strong>ad</strong></span> <span class='ocrx_word' id='word_1_637' title='bbox 1304 1968 1522 1998; x_wconf 81' lang='lat' dir='ltr'><strong>continuandam</strong></span> <span class='ocrx_word' id='word_1_638' title='bbox 1540 1969 1762 2004; x_wconf 88' lang='lat' dir='ltr'><strong>quotidiattarntn</strong></span> 
     </span>
    </p>
   </div>
   <div class='ocr_carea' id='block_1_86' title="bbox 973 2014 1764 2051">
    <p class='ocr_par' dir='ltr' id='par_1_86' title="bbox 973 2014 1764 2051">
     <span class='ocr_line' id='line_1_86' title="bbox 973 2014 1764 2051; baseline -0.009 -3"><span class='ocrx_word' id='word_1_639' title='bbox 973 2028 1063 2048; x_wconf 88' lang='lat' dir='ltr'><strong>rerum</strong></span> <span class='ocrx_word' id='word_1_640' title='bbox 1079 2020 1222 2047; x_wconf 85' lang='lat' dir='ltr'><strong>veritatem</strong></span> <span class='ocrx_word' id='word_1_641' title='bbox 1237 2017 1347 2049; x_wconf 86' lang='lat' dir='ltr'><strong>adsunt,</strong></span> <span class='ocrx_word' id='word_1_642' title='bbox 1368 2016 1504 2050; x_wconf 86' lang='lat' dir='ltr'><strong>ﬁdemque</strong></span> <span class='ocrx_word' id='word_1_643' title='bbox 1520 2019 1655 2051; x_wconf 85' lang='lat' dir='ltr'><strong>quatenus</strong></span> <span class='ocrx_word' id='word_1_644' title='bbox 1672 2014 1764 2042; x_wconf 89' lang='lat' dir='ltr'><strong>sciunt</strong></span> 
     </span>
    </p>
   </div>
   <div class='ocr_carea' id='block_1_87' title="bbox 972 2060 1761 2101">
    <p class='ocr_par' dir='ltr' id='par_1_87' title="bbox 972 2060 1761 2101">
     <span class='ocr_line' id='line_1_87' title="bbox 972 2060 1761 2101; baseline -0.011 -8"><span class='ocrx_word' id='word_1_645' title='bbox 972 2065 1146 2101; x_wconf 86' lang='lat' dir='ltr'><strong>suppeditant</strong></span> <span class='ocrx_word' id='word_1_646' title='bbox 1170 2063 1274 2099; x_wconf 87' lang='lat' dir='ltr'><strong>judicio</strong></span> <span class='ocrx_word' id='word_1_647' title='bbox 1301 2061 1482 2092; x_wconf 80' lang='lat' dir='ltr'><strong>certantibus,</strong></span> <span class='ocrx_word' id='word_1_648' title='bbox 1511 2060 1621 2090; x_wconf 86' lang='lat' dir='ltr'><strong>horum.</strong></span> <span class='ocrx_word' id='word_1_649' title='bbox 1640 2060 1761 2094; x_wconf 82' lang='lat' dir='ltr'><strong>inquam,</strong></span> 
     </span>
    </p>
   </div>
   <div class='ocr_carea' id='block_1_88' title="bbox 973 2106 1763 2146">
    <p class='ocr_par' dir='ltr' id='par_1_88' title="bbox 973 2106 1763 2146">
     <span class='ocr_line' id='line_1_88' title="bbox 973 2106 1763 2146; baseline -0.01 -7"><span class='ocrx_word' id='word_1_650' title='bbox 973 2111 1098 2146; x_wconf 79' lang='lat' dir='ltr'><strong>exemplo</strong></span> <span class='ocrx_word' id='word_1_651' title='bbox 1111 2109 1252 2145; x_wconf 87' lang='lat' dir='ltr'><strong>religionis</strong></span> <span class='ocrx_word' id='word_1_652' title='bbox 1269 2115 1380 2143; x_wconf 89' lang='lat' dir='ltr'><strong>quoque</strong></span> <span class='ocrx_word' id='word_1_653' title='bbox 1402 2106 1514 2134; x_wconf 86' lang='lat' dir='ltr'><strong>athletis</strong></span> <span class='ocrx_word' id='word_1_654' title='bbox 1537 2106 1646 2132; x_wconf 91' lang='lat' dir='ltr'><strong>testium</strong></span> <span class='ocrx_word' id='word_1_655' title='bbox 1663 2112 1763 2131; x_wconf 88' lang='lat' dir='ltr'><strong>nomen</strong></span> 
     </span>
    </p>
   </div>
   <div class='ocr_carea' id='block_1_89' title="bbox 974 2150 1762 2193">
    <p class='ocr_par' dir='ltr' id='par_1_89' title="bbox 974 2150 1762 2193">
     <span class='ocr_line' id='line_1_89' title="bbox 974 2150 1762 2193; baseline -0.01 -8"><span class='ocrx_word' id='word_1_656' title='bbox 974 2157 1166 2193; x_wconf 86' lang='lat' dir='ltr'><strong>imposuimus.</strong></span> <span class='ocrx_word' id='word_1_657' title='bbox 1183 2155 1290 2182; x_wconf 82' lang='lat' dir='ltr'><strong>Etenim</strong></span> <span class='ocrx_word' id='word_1_658' title='bbox 1309 2155 1336 2181; x_wconf 91' lang='lat' dir='ltr'><strong>hi</strong></span> <span class='ocrx_word' id='word_1_659' title='bbox 1354 2161 1449 2181; x_wconf 88' lang='lat' dir='ltr'><strong>revera</strong></span> <span class='ocrx_word' id='word_1_660' title='bbox 1466 2152 1676 2180; x_wconf 80' lang='lat' dir='ltr'><strong>substatttialem</strong></span> <span class='ocrx_word' id='word_1_661' title='bbox 1691 2150 1762 2178; x_wconf 82' lang='lat' dir='ltr'><strong>veri—</strong></span> 
     </span>
    </p>
   </div>
   <div class='ocr_carea' id='block_1_90' title="bbox 974 2198 1763 2237">
    <p class='ocr_par' dir='ltr' id='par_1_90' title="bbox 974 2198 1763 2237">
     <span class='ocr_line' id='line_1_90' title="bbox 974 2198 1763 2237; baseline -0.01 -5"><span class='ocrx_word' id='word_1_662' title='bbox 974 2211 1055 2233; x_wconf 83' lang='lat' dir='ltr'><strong>tatem</strong></span> <span class='ocrx_word' id='word_1_663' title='bbox 1071 2203 1220 2237; x_wconf 79' lang='lat' dir='ltr'><strong>theologica</strong></span> <span class='ocrx_word' id='word_1_664' title='bbox 1230 2201 1356 2229; x_wconf 84' lang='lat' dir='ltr'><strong>oratione</strong></span> <span class='ocrx_word' id='word_1_665' title='bbox 1367 2208 1460 2228; x_wconf 86' lang='lat' dir='ltr'><strong>coram</strong></span> <span class='ocrx_word' id='word_1_666' title='bbox 1474 2199 1600 2235; x_wconf 79' lang='lat' dir='ltr'><strong>tyrannis</strong></span> <span class='ocrx_word' id='word_1_667' title='bbox 1609 2206 1641 2226; x_wconf 91' lang='lat' dir='ltr'><strong>ac</strong></span> <span class='ocrx_word' id='word_1_668' title='bbox 1652 2198 1763 2232; x_wconf 73' lang='lat' dir='ltr'><strong>regibus</strong></span> 
     </span>
    </p>
   </div>
   <div class='ocr_carea' id='block_1_91' title="bbox 131 2243 917 2298">
    <p class='ocr_par' dir='ltr' id='par_1_91' title="bbox 131 2243 917 2298">
     <span class='ocr_line' id='line_1_91' title="bbox 131 2243 917 2298; baseline -0.005 -8"><span class='ocrx_word' id='word_1_669' title='bbox 131 2243 205 2298; x_wconf 79' lang='grc' dir='ltr'>ματα</span> <span class='ocrx_word' id='word_1_670' title='bbox 219 2243 258 2297; x_wconf 63' lang='grc' dir='ltr'>τῷ</span> <span class='ocrx_word' id='word_1_671' title='bbox 271 2243 383 2297; x_wconf 48' lang='grc' dir='ltr'>δίριιστῷ</span> <span class='ocrx_word' id='word_1_672' title='bbox 395 2270 495 2296; x_wconf 81' lang='grc' dir='ltr'>φαμεν,</span> <span class='ocrx_word' id='word_1_673' title='bbox 514 2243 723 2297; x_wconf 56' lang='grc' dir='ltr'>μετενεγκόντες</span> <span class='ocrx_word' id='word_1_674' title='bbox 735 2260 786 2295; x_wconf 82' lang='grc' dir='ltr'>τὴν</span> <span class='ocrx_word' id='word_1_675' title='bbox 800 2268 917 2296; x_wconf 84' lang='grc' dir='ltr'>προσφο-</span> 
     </span>
    </p>
   </div>
   <div class='ocr_carea' id='block_1_92' title="bbox 986 2243 1762 2298">
    <p class='ocr_par' dir='ltr' id='par_1_92' title="bbox 986 2243 1762 2282">
     <span class='ocr_line' id='line_1_92' title="bbox 986 2243 1762 2282; baseline -0.013 -4"><span class='ocrx_word' id='word_1_676' title='bbox 986 2250 1067 2278; x_wconf 83' lang='lat' dir='ltr'><strong>estali</strong></span> <span class='ocrx_word' id='word_1_677' title='bbox 1083 2253 1158 2276; x_wconf 86' lang='lat' dir='ltr'><strong>sunt.</strong></span> <span class='ocrx_word' id='word_1_678' title='bbox 1178 2247 1288 2282; x_wconf 82' lang='lat' dir='ltr'><strong>Ilusque</strong></span> <span class='ocrx_word' id='word_1_679' title='bbox 1313 2246 1447 2273; x_wconf 81' lang='lat' dir='ltr'><strong>obtulisse</strong></span> <span class='ocrx_word' id='word_1_680' title='bbox 1467 2245 1579 2272; x_wconf 79' lang='lat' dir='ltr'><strong>Christo</strong></span> <span class='ocrx_word' id='word_1_681' title='bbox 1603 2243 1762 2278; x_wconf 79' lang='lat' dir='ltr'><strong>sanguinem</strong></span> 
     </span>
    </p>
   </div>
   <div class='ocr_carea' id='block_1_93' title="bbox 131 2305 922 2344">
    <p class='ocr_par' dir='ltr' id='par_1_93' title="bbox 131 2305 922 2344">
     <span class='ocr_line' id='line_1_93' title="bbox 131 2305 922 2344; baseline -0.006 -9"><span class='ocrx_word' id='word_1_682' title='bbox 131 2309 182 2344; x_wconf 76' lang='grc' dir='ltr'><strong>ρὰν</strong></span> <span class='ocrx_word' id='word_1_683' title='bbox 197 2309 244 2343; x_wconf 76' lang='grc' dir='ltr'><strong>ἀφ’</strong></span> <span class='ocrx_word' id='word_1_684' title='bbox 258 2305 296 2336; x_wconf 84' lang='grc' dir='ltr'>ὦν</span> <span class='ocrx_word' id='word_1_685' title='bbox 311 2317 340 2334; x_wconf 84' lang='grc' dir='ltr'><strong>τε</strong></span> <span class='ocrx_word' id='word_1_686' title='bbox 355 2307 438 2334; x_wconf 76' lang='grc' dir='ltr'>’Λῦελ</span> <span class='ocrx_word' id='word_1_687' title='bbox 451 2307 577 2337; x_wconf 85' lang='grc' dir='ltr'>ὁδίκαιος</span> <span class='ocrx_word' id='word_1_688' title='bbox 595 2307 630 2333; x_wconf 77' lang='grc' dir='ltr'>τὰ</span> <span class='ocrx_word' id='word_1_689' title='bbox 647 2306 702 2332; x_wconf 81' lang='grc' dir='ltr'>τῶν</span> <span class='ocrx_word' id='word_1_690' title='bbox 717 2305 807 2341; x_wconf 85' lang='grc' dir='ltr'>ἀρνῶν</span> <span class='ocrx_word' id='word_1_691' title='bbox 825 2306 922 2331; x_wconf 81' lang='grc' dir='ltr'>ὲστεα-</span> 
     </span>
    </p>
   </div>
   <div class='ocr_carea' id='block_1_94' title="bbox 130 2351 923 2391">
    <p class='ocr_par' dir='ltr' id='par_1_94' title="bbox 130 2351 923 2391">
     <span class='ocr_line' id='line_1_94' title="bbox 130 2351 923 2391; baseline -0.008 -8"><span class='ocrx_word' id='word_1_692' title='bbox 130 2355 252 2390; x_wconf 77' lang='grc' dir='ltr'>τωμὲνα,</span> <span class='ocrx_word' id='word_1_693' title='bbox 275 2356 322 2382; x_wconf 73' lang='grc' dir='ltr'>καὶ</span> <span class='ocrx_word' id='word_1_694' title='bbox 350 2354 478 2391; x_wconf 77' lang='grc' dir='ltr'>Ἀϐραὰμ</span> <span class='ocrx_word' id='word_1_695' title='bbox 501 2354 536 2380; x_wconf 73' lang='grc' dir='ltr'><strong>τὰ</strong></span> <span class='ocrx_word' id='word_1_696' title='bbox 558 2353 774 2388; x_wconf 85' lang='grc' dir='ltr'>διχοτομήματα,</span> <span class='ocrx_word' id='word_1_697' title='bbox 792 2351 839 2378; x_wconf 69' lang='grc' dir='ltr'><strong>καὶ</strong></span> <span class='ocrx_word' id='word_1_698' title='bbox 860 2351 923 2383; x_wconf 85' lang='grc' dir='ltr'>τοὺς</span> 
     </span>
    </p>
   </div>
   <div class='ocr_carea' id='block_1_95' title="bbox 131 2397 923 2438">
    <p class='ocr_par' dir='ltr' id='par_1_95' title="bbox 131 2397 923 2438">
     <span class='ocr_line' id='line_1_95' title="bbox 131 2397 923 2438; baseline -0.006 -9"><span class='ocrx_word' id='word_1_699' title='bbox 131 2402 231 2438; x_wconf 79' lang='grc' dir='ltr'>ἄρτους</span> <span class='ocrx_word' id='word_1_700' title='bbox 250 2402 297 2428; x_wconf 74' lang='grc' dir='ltr'><strong>καὶ</strong></span> <span class='ocrx_word' id='word_1_701' title='bbox 310 2401 357 2428; x_wconf 81' lang='grc' dir='ltr'>τὸν</span> <span class='ocrx_word' id='word_1_702' title='bbox 368 2399 439 2428; x_wconf 71' lang='grc' dir='ltr'>οἶνον</span> <span class='ocrx_word' id='word_1_703' title='bbox 451 2401 466 2426; x_wconf 87' lang='grc' dir='ltr'>ὁ</span> <span class='ocrx_word' id='word_1_704' title='bbox 485 2399 652 2435; x_wconf 80' lang='grc' dir='ltr'>Μελχισεδὲκ</span> <span class='ocrx_word' id='word_1_705' title='bbox 668 2399 707 2434; x_wconf 81' lang='grc' dir='ltr'>τῷ</span> <span class='ocrx_word' id='word_1_706' title='bbox 735 2398 860 2434; x_wconf 73' lang='grc' dir='ltr'>Ἀϐραάμ</span> <span class='ocrx_word' id='word_1_707' title='bbox 874 2406 882 2413; x_wconf 89' lang='grc'><strong>·</strong></span> <span class='ocrx_word' id='word_1_708' title='bbox 898 2397 923 2424; x_wconf 79' lang='grc' dir='ltr'>εἰ</span> 
     </span>
    </p>
   </div>
   <div class='ocr_carea' id='block_1_96' title="bbox 134 2444 924 2483">
    <p class='ocr_par' dir='ltr' id='par_1_96' title="bbox 134 2444 924 2483">
     <span class='ocr_line' id='line_1_96' title="bbox 134 2444 924 2483; baseline -0.006 -8"><span class='ocrx_word' id='word_1_709' title='bbox 134 2448 225 2483; x_wconf 81' lang='grc' dir='ltr'>βούλει</span> <span class='ocrx_word' id='word_1_710' title='bbox 243 2448 272 2475; x_wconf 73' lang='grc' dir='ltr'><strong>δὲ</strong></span> <span class='ocrx_word' id='word_1_711' title='bbox 285 2449 331 2474; x_wconf 77' lang='grc' dir='ltr'>καὶ</span> <span class='ocrx_word' id='word_1_712' title='bbox 347 2448 397 2482; x_wconf 71' lang='grc' dir='ltr'>τὴν</span> <span class='ocrx_word' id='word_1_713' title='bbox 414 2447 530 2481; x_wconf 80' lang='grc' dir='ltr'>δεκάτην</span> <span class='ocrx_word' id='word_1_714' title='bbox 541 2446 580 2481; x_wconf 83' lang='grc' dir='ltr'>τῷ</span> <span class='ocrx_word' id='word_1_715' title='bbox 593 2445 760 2481; x_wconf 76' lang='grc' dir='ltr'>Μελχισεδὲκ</span> <span class='ocrx_word' id='word_1_716' title='bbox 777 2445 791 2471; x_wconf 88' lang='grc' dir='ltr'><strong>ό</strong></span> <span class='ocrx_word' id='word_1_717' title='bbox 810 2444 924 2479; x_wconf 85' lang='grc' dir='ltr'>προσδε-</span> 
     </span>
    </p>
   </div>
   <div class='ocr_carea' id='block_1_97' title="bbox 132 2489 923 2528">
    <p class='ocr_par' dir='ltr' id='par_1_97' title="bbox 132 2489 923 2528">
     <span class='ocr_line' id='line_1_97' title="bbox 132 2489 923 2528; baseline -0.005 -8"><span class='ocrx_word' id='word_1_718' title='bbox 132 2493 241 2526; x_wconf 76' lang='grc' dir='ltr'>ξιωθεὶς</span> <span class='ocrx_word' id='word_1_719' title='bbox 263 2494 466 2528; x_wconf 68' lang='grc' dir='ltr'>προσενήνοχεν</span> <span class='ocrx_word' id='word_1_720' title='bbox 493 2492 540 2518; x_wconf 78' lang='grc' dir='ltr'>καὶ</span> <span class='ocrx_word' id='word_1_721' title='bbox 563 2491 643 2526; x_wconf 83' lang='grc' dir='ltr'>δῆλον</span> <span class='ocrx_word' id='word_1_722' title='bbox 666 2491 703 2522; x_wconf 84' lang='grc' dir='ltr'>ὡς</span> <span class='ocrx_word' id='word_1_723' title='bbox 730 2490 845 2521; x_wconf 75' lang='grc' dir='ltr'>ἕκαστος</span> <span class='ocrx_word' id='word_1_724' title='bbox 867 2489 923 2516; x_wconf 84' lang='grc' dir='ltr'>τῶν</span> 
     </span>
    </p>
   </div>
   <div class='ocr_carea' id='block_1_98' title="bbox 133 2535 921 2573">
    <p class='ocr_par' dir='ltr' id='par_1_98' title="bbox 133 2535 921 2573">
     <span class='ocr_line' id='line_1_98' title="bbox 133 2535 921 2573; baseline -0.003 -9"><span class='ocrx_word' id='word_1_725' title='bbox 133 2538 389 2573; x_wconf 69' lang='grc' dir='ltr'>προσενεγκάντων,</span> <span class='ocrx_word' id='word_1_726' title='bbox 418 2537 510 2573; x_wconf 77' lang='grc' dir='ltr'>ἕτερον</span> <span class='ocrx_word' id='word_1_727' title='bbox 532 2537 704 2572; x_wconf 86' lang='grc' dir='ltr'>προσήνεγκε</span> <span class='ocrx_word' id='word_1_728' title='bbox 725 2536 792 2571; x_wconf 79' lang='grc' dir='ltr'>παρ’</span> <span class='ocrx_word' id='word_1_729' title='bbox 814 2535 921 2566; x_wconf 72' lang='grc' dir='ltr'>ἑαυτὸν,</span> 
     </span>
    </p>
   </div>
   <div class='ocr_carea' id='block_1_99' title="bbox 132 2579 924 2618">
    <p class='ocr_par' dir='ltr' id='par_1_99' title="bbox 132 2579 924 2618">
     <span class='ocr_line' id='line_1_99' title="bbox 132 2579 924 2618; baseline -0.005 -8"><span class='ocrx_word' id='word_1_730' title='bbox 132 2585 180 2610; x_wconf 80' lang='grc' dir='ltr'>καὶ</span> <span class='ocrx_word' id='word_1_731' title='bbox 196 2583 280 2618; x_wconf 78' lang='grc' dir='ltr'>μηδὲν</span> <span class='ocrx_word' id='word_1_732' title='bbox 301 2583 414 2618; x_wconf 76' lang='grc' dir='ltr'>ἀνιαρὸν</span> <span class='ocrx_word' id='word_1_733' title='bbox 434 2583 626 2617; x_wconf 81' lang='grc' dir='ltr'>ὑφιστάμενος,</span> <span class='ocrx_word' id='word_1_734' title='bbox 641 2581 701 2608; x_wconf 78' lang='grc' dir='ltr'>οὐδέ</span> <span class='ocrx_word' id='word_1_735' title='bbox 716 2590 742 2608; x_wconf 90' lang='grc' dir='ltr'><strong>τι</strong></span> <span class='ocrx_word' id='word_1_736' title='bbox 763 2580 825 2617; x_wconf 40' lang='grc' dir='ltr'>τῶν,</span> <span class='ocrx_word' id='word_1_737' title='bbox 835 2579 924 2615; x_wconf 83' lang='grc' dir='ltr'>μελῶν</span> 
     </span>
    </p>
   </div>
   <div class='ocr_carea' id='block_1_100' title="bbox 132 2625 924 2665">
    <p class='ocr_par' dir='ltr' id='par_1_100' title="bbox 132 2625 924 2665">
     <span class='ocr_line' id='line_1_100' title="bbox 132 2625 924 2665; baseline -0.006 -8"><span class='ocrx_word' id='word_1_738' title='bbox 132 2629 366 2665; x_wconf 75' lang='grc' dir='ltr'>περικοπτόμενος</span> <span class='ocrx_word' id='word_1_739' title='bbox 380 2638 388 2645; x_wconf 90' lang='grc'><strong>·</strong></span> <span class='ocrx_word' id='word_1_740' title='bbox 411 2630 436 2656; x_wconf 86' lang='grc' dir='ltr'>οἱ</span> <span class='ocrx_word' id='word_1_741' title='bbox 456 2629 484 2656; x_wconf 81' lang='grc' dir='ltr'><strong>δὲ</strong></span> <span class='ocrx_word' id='word_1_742' title='bbox 500 2629 547 2656; x_wconf 81' lang='grc' dir='ltr'>τοῦ</span> <span class='ocrx_word' id='word_1_743' title='bbox 568 2628 688 2664; x_wconf 84' lang='grc' dir='ltr'>Χριστοῦ</span> <span class='ocrx_word' id='word_1_744' title='bbox 706 2627 844 2662; x_wconf 84' lang='grc' dir='ltr'>μάρτυρες</span> <span class='ocrx_word' id='word_1_745' title='bbox 862 2625 924 2652; x_wconf 81' lang='grc' dir='ltr'>οὗτε</span> 
     </span>
    </p>
   </div>
   <div class='ocr_carea' id='block_1_101' title="bbox 132 2673 926 2712">
    <p class='ocr_par' dir='ltr' id='par_1_101' title="bbox 132 2673 926 2712">
     <span class='ocr_line' id='line_1_101' title="bbox 132 2673 926 2712; baseline -0.004 -10"><span class='ocrx_word' id='word_1_746' title='bbox 132 2685 158 2702; x_wconf 89' lang='grc' dir='ltr'><strong>τι</strong></span> <span class='ocrx_word' id='word_1_747' title='bbox 180 2676 383 2712; x_wconf 73' lang='grc' dir='ltr'>κεχωρισμένον</span> <span class='ocrx_word' id='word_1_748' title='bbox 401 2676 609 2711; x_wconf 80' lang='grc' dir='ltr'>προσήνεγκαν,</span> <span class='ocrx_word' id='word_1_749' title='bbox 623 2675 677 2701; x_wconf 71' lang='grc' dir='ltr'>οὐδ’</span> <span class='ocrx_word' id='word_1_750' title='bbox 698 2674 815 2705; x_wconf 78' lang='grc' dir='ltr'>ἀπαθεῖς</span> <span class='ocrx_word' id='word_1_751' title='bbox 835 2673 864 2700; x_wconf 84' lang='grc' dir='ltr'>τὸ</span> <span class='ocrx_word' id='word_1_752' title='bbox 875 2673 926 2700; x_wconf 83' lang='grc' dir='ltr'>σῶ-</span> 
     </span>
    </p>
   </div>
   <div class='ocr_carea' id='block_1_102' title="bbox 135 2719 925 2757">
    <p class='ocr_par' dir='ltr' id='par_1_102' title="bbox 135 2719 925 2757">
     <span class='ocr_line' id='line_1_102' title="bbox 135 2719 925 2757; baseline -0.005 -8"><span class='ocrx_word' id='word_1_753' title='bbox 135 2731 173 2757; x_wconf 77' lang='grc' dir='ltr'><strong>μα</strong></span> <span class='ocrx_word' id='word_1_754' title='bbox 186 2722 390 2757; x_wconf 78' lang='grc' dir='ltr'>προσφέροντες</span> <span class='ocrx_word' id='word_1_755' title='bbox 408 2722 519 2756; x_wconf 76' lang='grc' dir='ltr'>ἔμειναν</span> <span class='ocrx_word' id='word_1_756' title='bbox 535 2729 541 2736; x_wconf 92' lang='lat'>&#39;</span> <span class='ocrx_word' id='word_1_757' title='bbox 562 2721 619 2748; x_wconf 81' lang='grc' dir='ltr'>ἀλλ’</span> <span class='ocrx_word' id='word_1_758' title='bbox 637 2721 697 2747; x_wconf 73' lang='grc' dir='ltr'><strong>οὐδὲ</strong></span> <span class='ocrx_word' id='word_1_759' title='bbox 713 2720 858 2754; x_wconf 79' lang='grc' dir='ltr'>κληθέντες</span> <span class='ocrx_word' id='word_1_760' title='bbox 872 2719 925 2746; x_wconf 78' lang='grc' dir='ltr'><strong>ὑπό</strong></span> 
     </span>
    </p>
   </div>
   <div class='ocr_carea' id='block_1_103' title="bbox 133 2764 926 2803">
    <p class='ocr_par' dir='ltr' id='par_1_103' title="bbox 133 2764 926 2803">
     <span class='ocr_line' id='line_1_103' title="bbox 133 2764 926 2803; baseline -0.006 -8"><span class='ocrx_word' id='word_1_761' title='bbox 133 2776 216 2799; x_wconf 82' lang='grc' dir='ltr'>τινος.</span> <span class='ocrx_word' id='word_1_762' title='bbox 234 2768 385 2803; x_wconf 85' lang='grc' dir='ltr'>μαρτυρεῖν</span> <span class='ocrx_word' id='word_1_763' title='bbox 399 2768 593 2802; x_wconf 79' lang='grc' dir='ltr'>ἐφεστήκασιν,</span> <span class='ocrx_word' id='word_1_764' title='bbox 610 2766 667 2792; x_wconf 80' lang='grc' dir='ltr'>ἀλλ’</span> <span class='ocrx_word' id='word_1_765' title='bbox 680 2765 840 2800; x_wconf 76' lang='grc' dir='ltr'>αὑτοκλήτῳ</span> <span class='ocrx_word' id='word_1_766' title='bbox 854 2764 926 2798; x_wconf 82' lang='grc' dir='ltr'>γνὼ-</span> 
     </span>
    </p>
   </div>
   <div class='ocr_carea' id='block_1_104' title="bbox 136 2810 927 2849">
    <p class='ocr_par' dir='ltr' id='par_1_104' title="bbox 136 2810 927 2849">
     <span class='ocr_line' id='line_1_104' title="bbox 136 2810 927 2849; baseline -0.005 -9"><span class='ocrx_word' id='word_1_767' title='bbox 136 2823 173 2849; x_wconf 85' lang='grc' dir='ltr'><strong>μη</strong></span> <span class='ocrx_word' id='word_1_768' title='bbox 195 2814 246 2849; x_wconf 82' lang='grc' dir='ltr'>τὴν</span> <span class='ocrx_word' id='word_1_769' title='bbox 271 2813 434 2848; x_wconf 82' lang='grc' dir='ltr'>θαυμαστὴν</span> <span class='ocrx_word' id='word_1_770' title='bbox 449 2814 557 2848; x_wconf 75' lang='grc' dir='ltr'>εκείνην</span> <span class='ocrx_word' id='word_1_771' title='bbox 572 2813 620 2839; x_wconf 71' lang='grc' dir='ltr'>καὶ</span> <span class='ocrx_word' id='word_1_772' title='bbox 632 2811 757 2846; x_wconf 86' lang='grc' dir='ltr'>οεόλογον</span> <span class='ocrx_word' id='word_1_773' title='bbox 770 2810 927 2846; x_wconf 81' lang='grc' dir='ltr'>μαρτυρίαν</span> 
     </span>
    </p>
   </div>
   <div class='ocr_carea' id='block_1_105' title="bbox 133 2855 926 2895">
    <p class='ocr_par' dir='ltr' id='par_1_105' title="bbox 133 2855 926 2895">
     <span class='ocr_line' id='line_1_105' title="bbox 133 2855 926 2895; baseline -0.005 -9"><span class='ocrx_word' id='word_1_774' title='bbox 133 2859 330 2895; x_wconf 80' lang='grc' dir='ltr'>ἐμαρτύρησαν</span> <span class='ocrx_word' id='word_1_775' title='bbox 346 2867 353 2874; x_wconf 75' lang='grc'><strong><em>⁸</em></strong></span> <span class='ocrx_word' id='word_1_776' title='bbox 369 2859 449 2890; x_wconf 80' lang='grc' dir='ltr'>εἴτις</span> <span class='ocrx_word' id='word_1_777' title='bbox 461 2858 508 2885; x_wconf 81' lang='grc' dir='ltr'>οὖν</span> <span class='ocrx_word' id='word_1_778' title='bbox 523 2858 561 2894; x_wconf 86' lang='grc' dir='ltr'>μὴ</span> <span class='ocrx_word' id='word_1_779' title='bbox 575 2857 728 2889; x_wconf 80' lang='grc' dir='ltr'>διαστείλας</span> <span class='ocrx_word' id='word_1_780' title='bbox 748 2857 782 2883; x_wconf 76' lang='grc' dir='ltr'>τὰ</span> <span class='ocrx_word' id='word_1_781' title='bbox 797 2855 845 2883; x_wconf 81' lang='grc' dir='ltr'>τοῦ</span> <span class='ocrx_word' id='word_1_782' title='bbox 860 2856 926 2891; x_wconf 63' lang='grc' dir='ltr'><strong>μὰρ</strong></span> 
     </span>
    </p>
   </div>
   <div class='ocr_carea' id='block_1_106' title="bbox 133 2903 926 2942">
    <p class='ocr_par' dir='ltr' id='par_1_106' title="bbox 133 2903 926 2942">
     <span class='ocr_line' id='line_1_106' title="bbox 133 2903 926 2942; baseline -0.004 -10"><span class='ocrx_word' id='word_1_783' title='bbox 133 2914 214 2942; x_wconf 78' lang='grc' dir='ltr'>τυρος</span> <span class='ocrx_word' id='word_1_784' title='bbox 225 2906 413 2942; x_wconf 70' lang='grc' dir='ltr'>σημαινόμενα</span> <span class='ocrx_word' id='word_1_785' title='bbox 426 2927 433 2939; x_wconf 91' lang='grc'><strong>,</strong></span> <span class='ocrx_word' id='word_1_786' title='bbox 447 2905 494 2932; x_wconf 68' lang='grc' dir='ltr'><strong>ἐπὶ</strong></span> <span class='ocrx_word' id='word_1_787' title='bbox 510 2904 625 2940; x_wconf 76' lang='grc' dir='ltr'>θατέρου</span> <span class='ocrx_word' id='word_1_788' title='bbox 641 2904 674 2932; x_wconf 75' lang='grc' dir='ltr'><strong>τὰ</strong></span> <span class='ocrx_word' id='word_1_789' title='bbox 690 2903 736 2931; x_wconf 77' lang='grc' dir='ltr'>τοῦ</span> <span class='ocrx_word' id='word_1_790' title='bbox 748 2904 839 2937; x_wconf 74' lang='grc' dir='ltr'>ἑτέρον</span> <span class='ocrx_word' id='word_1_791' title='bbox 858 2911 926 2937; x_wconf 73' lang='grc' dir='ltr'>συμ-</span> 
     </span>
    </p>
   </div>
   <div class='ocr_carea' id='block_1_107' title="bbox 974 2290 1764 2329">
    <p class='ocr_par' dir='ltr' id='par_1_107' title="bbox 974 2290 1764 2329">
     <span class='ocr_line' id='line_1_107' title="bbox 974 2290 1764 2329; baseline -0.014 -4"><span class='ocrx_word' id='word_1_792' title='bbox 974 2298 1102 2329; x_wconf 88' lang='lat' dir='ltr'><strong>dicintus,</strong></span> <span class='ocrx_word' id='word_1_793' title='bbox 1118 2294 1278 2329; x_wconf 84' lang='lat' dir='ltr'><strong>metaphora</strong></span> <span class='ocrx_word' id='word_1_794' title='bbox 1293 2292 1442 2320; x_wconf 87' lang='lat' dir='ltr'><strong>oblationis</strong></span> <span class='ocrx_word' id='word_1_795' title='bbox 1458 2299 1490 2318; x_wconf 82' lang='lat' dir='ltr'><strong>ex</strong></span> <span class='ocrx_word' id='word_1_796' title='bbox 1505 2290 1670 2325; x_wconf 84' lang='lat' dir='ltr'><strong>Abelejuslo</strong></span> <span class='ocrx_word' id='word_1_797' title='bbox 1687 2297 1764 2316; x_wconf 87' lang='lat' dir='ltr'><strong>sutu-</strong></span> 
     </span>
    </p>
   </div>
   <div class='ocr_carea' id='block_1_108' title="bbox 975 2334 1764 2379">
    <p class='ocr_par' dir='ltr' id='par_1_108' title="bbox 975 2334 1764 2379">
     <span class='ocr_line' id='line_1_108' title="bbox 975 2334 1764 2379; baseline -0.014 -8"><span class='ocrx_word' id='word_1_798' title='bbox 975 2349 1030 2379; x_wconf 84' lang='lat' dir='ltr'><strong>pta,</strong></span> <span class='ocrx_word' id='word_1_799' title='bbox 1049 2342 1095 2378; x_wconf 88' lang='lat' dir='ltr'><strong>qui</strong></span> <span class='ocrx_word' id='word_1_800' title='bbox 1116 2342 1232 2369; x_wconf 87' lang='lat' dir='ltr'><strong>arietum</strong></span> <span class='ocrx_word' id='word_1_801' title='bbox 1249 2340 1361 2374; x_wconf 87' lang='lat' dir='ltr'><strong>adipes;</strong></span> <span class='ocrx_word' id='word_1_802' title='bbox 1378 2344 1404 2366; x_wconf 91' lang='lat' dir='ltr'><strong>et</strong></span> <span class='ocrx_word' id='word_1_803' title='bbox 1419 2346 1454 2364; x_wconf 80' lang='lat' dir='ltr'><strong>ex</strong></span> <span class='ocrx_word' id='word_1_804' title='bbox 1476 2336 1642 2366; x_wconf 83' lang='lat' dir='ltr'><strong>Abrahatno,</strong></span> <span class='ocrx_word' id='word_1_805' title='bbox 1657 2335 1703 2369; x_wconf 91' lang='lat' dir='ltr'><strong>qui</strong></span> <span class='ocrx_word' id='word_1_806' title='bbox 1720 2334 1764 2361; x_wconf 89' lang='lat' dir='ltr'><strong>di-</strong></span> 
     </span>
    </p>
   </div>
   <div class='ocr_carea' id='block_1_109' title="bbox 973 2380 1763 2421">
    <p class='ocr_par' dir='ltr' id='par_1_109' title="bbox 973 2380 1763 2421">
     <span class='ocr_line' id='line_1_109' title="bbox 973 2380 1763 2421; baseline -0.015 -4"><span class='ocrx_word' id='word_1_807' title='bbox 973 2390 1047 2417; x_wconf 88' lang='lat' dir='ltr'><strong>visas</strong></span> <span class='ocrx_word' id='word_1_808' title='bbox 1057 2395 1169 2421; x_wconf 88' lang='lat' dir='ltr'><strong>carnes;</strong></span> <span class='ocrx_word' id='word_1_809' title='bbox 1183 2394 1233 2414; x_wconf 90' lang='lat' dir='ltr'><strong>nec</strong></span> <span class='ocrx_word' id='word_1_810' title='bbox 1244 2393 1298 2413; x_wconf 91' lang='lat' dir='ltr'><strong>non</strong></span> <span class='ocrx_word' id='word_1_811' title='bbox 1309 2393 1325 2412; x_wconf 91' lang='lat' dir='ltr'><strong>a</strong></span> <span class='ocrx_word' id='word_1_812' title='bbox 1339 2383 1542 2413; x_wconf 84' lang='lat' dir='ltr'><strong>Melchisedeco,</strong></span> <span class='ocrx_word' id='word_1_813' title='bbox 1553 2380 1763 2416; x_wconf 77' lang='lat' dir='ltr'><strong>quiAbraltamo</strong></span> 
     </span>
    </p>
   </div>
   <div class='ocr_carea' id='block_1_110' title="bbox 974 2427 1764 2472">
    <p class='ocr_par' dir='ltr' id='par_1_110' title="bbox 974 2427 1764 2472">
     <span class='ocr_line' id='line_1_110' title="bbox 974 2427 1764 2472; baseline -0.011 -9"><span class='ocrx_word' id='word_1_814' title='bbox 974 2444 1059 2472; x_wconf 90' lang='lat' dir='ltr'><strong>panes</strong></span> <span class='ocrx_word' id='word_1_815' title='bbox 1075 2439 1103 2462; x_wconf 88' lang='lat' dir='ltr'><strong>et</strong></span> <span class='ocrx_word' id='word_1_816' title='bbox 1119 2434 1212 2461; x_wconf 85' lang='lat' dir='ltr'><strong>viuum</strong></span> <span class='ocrx_word' id='word_1_817' title='bbox 1229 2432 1345 2464; x_wconf 85' lang='lat' dir='ltr'><strong>obtulit;</strong></span> <span class='ocrx_word' id='word_1_818' title='bbox 1361 2431 1416 2458; x_wconf 90' lang='lat' dir='ltr'><strong>imo</strong></span> <span class='ocrx_word' id='word_1_819' title='bbox 1436 2435 1463 2457; x_wconf 89' lang='lat' dir='ltr'><strong>et</strong></span> <span class='ocrx_word' id='word_1_820' title='bbox 1474 2429 1508 2456; x_wconf 92' lang='lat' dir='ltr'><strong>ab</strong></span> <span class='ocrx_word' id='word_1_821' title='bbox 1526 2429 1578 2455; x_wconf 86' lang='lat' dir='ltr'><strong>hoc</strong></span> <span class='ocrx_word' id='word_1_822' title='bbox 1594 2427 1640 2462; x_wconf 90' lang='lat' dir='ltr'><strong>qui</strong></span> <span class='ocrx_word' id='word_1_823' title='bbox 1670 2434 1764 2454; x_wconf 83' lang='lat' dir='ltr'><strong>susce-</strong></span> 
     </span>
    </p>
   </div>
   <div class='ocr_carea' id='block_1_111' title="bbox 976 2474 1763 2519">
    <p class='ocr_par' dir='ltr' id='par_1_111' title="bbox 976 2474 1763 2519">
     <span class='ocr_line' id='line_1_111' title="bbox 976 2474 1763 2519; baseline -0.014 -9"><span class='ocrx_word' id='word_1_824' title='bbox 976 2488 1084 2519; x_wconf 86' lang='lat' dir='ltr'><strong>ptarum</strong></span> <span class='ocrx_word' id='word_1_825' title='bbox 1096 2489 1187 2509; x_wconf 90' lang='lat' dir='ltr'><strong>rerutn</strong></span> <span class='ocrx_word' id='word_1_826' title='bbox 1206 2480 1327 2508; x_wconf 81' lang='lat' dir='ltr'><strong>decimas</strong></span> <span class='ocrx_word' id='word_1_827' title='bbox 1341 2476 1538 2505; x_wconf 84' lang='lat' dir='ltr'><strong>Mclcltisedeco</strong></span> <span class='ocrx_word' id='word_1_828' title='bbox 1553 2474 1686 2502; x_wconf 86' lang='lat' dir='ltr'><strong>attribuit.</strong></span> <span class='ocrx_word' id='word_1_829' title='bbox 1696 2475 1763 2501; x_wconf 78' lang='lat' dir='ltr'><strong>Cer-</strong></span> 
     </span>
    </p>
   </div>
   <div class='ocr_carea' id='block_1_112' title="bbox 975 2521 1763 2562">
    <p class='ocr_par' dir='ltr' id='par_1_112' title="bbox 975 2521 1763 2562">
     <span class='ocr_line' id='line_1_112' title="bbox 975 2521 1763 2562; baseline -0.011 -6"><span class='ocrx_word' id='word_1_830' title='bbox 975 2529 1067 2556; x_wconf 91' lang='lat' dir='ltr'><strong>nitnus</strong></span> <span class='ocrx_word' id='word_1_831' title='bbox 1081 2532 1171 2555; x_wconf 84' lang='lat' dir='ltr'><strong>autent</strong></span> <span class='ocrx_word' id='word_1_832' title='bbox 1188 2526 1310 2562; x_wconf 80' lang='lat' dir='ltr'><strong>singulos</strong></span> <span class='ocrx_word' id='word_1_833' title='bbox 1331 2525 1382 2551; x_wconf 85' lang='lat' dir='ltr'><strong>hos</strong></span> <span class='ocrx_word' id='word_1_834' title='bbox 1400 2530 1458 2551; x_wconf 88' lang='lat' dir='ltr'><strong>rem</strong></span> <span class='ocrx_word' id='word_1_835' title='bbox 1482 2530 1496 2549; x_wconf 91' lang='lat' dir='ltr'><strong>a</strong></span> <span class='ocrx_word' id='word_1_836' title='bbox 1511 2521 1609 2556; x_wconf 89' lang='lat' dir='ltr'><strong>seipsis</strong></span> <span class='ocrx_word' id='word_1_837' title='bbox 1627 2521 1763 2548; x_wconf 86' lang='lat' dir='ltr'><strong>diversam</strong></span> 
     </span>
    </p>
   </div>
   <div class='ocr_carea' id='block_1_113' title="bbox 974 2568 1764 2608">
    <p class='ocr_par' dir='ltr' id='par_1_113' title="bbox 974 2568 1764 2608">
     <span class='ocr_line' id='line_1_113' title="bbox 974 2568 1764 2608; baseline -0.011 -4"><span class='ocrx_word' id='word_1_838' title='bbox 974 2576 1123 2608; x_wconf 75' lang='lat' dir='ltr'><strong>obtulisse,</strong></span> <span class='ocrx_word' id='word_1_839' title='bbox 1147 2574 1216 2602; x_wconf 89' lang='lat' dir='ltr'><strong>nihil</strong></span> <span class='ocrx_word' id='word_1_840' title='bbox 1232 2573 1377 2600; x_wconf 77' lang='lat' dir='ltr'><strong>molestum</strong></span> <span class='ocrx_word' id='word_1_841' title='bbox 1401 2577 1498 2605; x_wconf 88' lang='lat' dir='ltr'><strong>passos</strong></span> <span class='ocrx_word' id='word_1_842' title='bbox 1511 2590 1518 2602; x_wconf 87' lang='lat'><strong>,</strong></span> <span class='ocrx_word' id='word_1_843' title='bbox 1549 2568 1685 2604; x_wconf 87' lang='lat' dir='ltr'><strong>nullisque</strong></span> <span class='ocrx_word' id='word_1_844' title='bbox 1705 2568 1764 2595; x_wconf 88' lang='lat' dir='ltr'><strong>suis</strong></span> 
     </span>
    </p>
   </div>
   <div class='ocr_carea' id='block_1_114' title="bbox 975 2615 1763 2654">
    <p class='ocr_par' dir='ltr' id='par_1_114' title="bbox 975 2615 1763 2654">
     <span class='ocr_line' id='line_1_114' title="bbox 975 2615 1763 2654; baseline -0.011 -4"><span class='ocrx_word' id='word_1_845' title='bbox 975 2622 1107 2650; x_wconf 85' lang='lat' dir='ltr'><strong>membris</strong></span> <span class='ocrx_word' id='word_1_846' title='bbox 1121 2620 1240 2648; x_wconf 89' lang='lat' dir='ltr'><strong>atuissis.</strong></span> <span class='ocrx_word' id='word_1_847' title='bbox 1265 2619 1347 2654; x_wconf 84' lang='lat' dir='ltr'><strong>Atqui</strong></span> <span class='ocrx_word' id='word_1_848' title='bbox 1364 2617 1465 2645; x_wconf 83' lang='lat' dir='ltr'><strong>Christi</strong></span> <span class='ocrx_word' id='word_1_849' title='bbox 1486 2622 1620 2652; x_wconf 76' lang='lat' dir='ltr'><strong>martyres</strong></span> <span class='ocrx_word' id='word_1_850' title='bbox 1644 2615 1711 2642; x_wconf 90' lang='lat' dir='ltr'><strong>nihil</strong></span> <span class='ocrx_word' id='word_1_851' title='bbox 1729 2615 1763 2642; x_wconf 86' lang='lat' dir='ltr'><strong>ab</strong></span> 
     </span>
    </p>
   </div>
   <div class='ocr_carea' id='block_1_115' title="bbox 975 2662 1763 2700">
    <p class='ocr_par' dir='ltr' id='par_1_115' title="bbox 975 2662 1763 2700">
     <span class='ocr_line' id='line_1_115' title="bbox 975 2662 1763 2700; baseline -0.011 -3"><span class='ocrx_word' id='word_1_852' title='bbox 975 2677 1005 2697; x_wconf 87' lang='lat' dir='ltr'><strong>se</strong></span> <span class='ocrx_word' id='word_1_853' title='bbox 1017 2669 1136 2696; x_wconf 89' lang='lat' dir='ltr'><strong>aliettum</strong></span> <span class='ocrx_word' id='word_1_854' title='bbox 1152 2666 1346 2698; x_wconf 83' lang='lat' dir='ltr'><strong>cxhibueruttt,</strong></span> <span class='ocrx_word' id='word_1_855' title='bbox 1361 2672 1449 2700; x_wconf 87' lang='lat' dir='ltr'><strong>neque</strong></span> <span class='ocrx_word' id='word_1_856' title='bbox 1463 2664 1529 2692; x_wconf 90' lang='lat' dir='ltr'><strong>dum</strong></span> <span class='ocrx_word' id='word_1_857' title='bbox 1551 2663 1576 2690; x_wconf 90' lang='lat' dir='ltr'><strong>id</strong></span> <span class='ocrx_word' id='word_1_858' title='bbox 1598 2662 1763 2690; x_wconf 79' lang='lat' dir='ltr'><strong>sacriﬁcium</strong></span> 
     </span>
    </p>
   </div>
   <div class='ocr_carea' id='block_1_116' title="bbox 976 2706 1765 2746">
    <p class='ocr_par' dir='ltr' id='par_1_116' title="bbox 976 2706 1765 2746">
     <span class='ocr_line' id='line_1_116' title="bbox 976 2706 1765 2746; baseline -0.011 -3"><span class='ocrx_word' id='word_1_859' title='bbox 976 2716 1108 2746; x_wconf 79' lang='lat' dir='ltr'><strong>iacerent,</strong></span> <span class='ocrx_word' id='word_1_860' title='bbox 1122 2712 1270 2741; x_wconf 87' lang='lat' dir='ltr'><strong>incolumia</strong></span> <span class='ocrx_word' id='word_1_861' title='bbox 1285 2719 1400 2746; x_wconf 88' lang='lat' dir='ltr'><strong>corpora</strong></span> <span class='ocrx_word' id='word_1_862' title='bbox 1414 2711 1593 2738; x_wconf 87' lang='lat' dir='ltr'><strong>retinuerunt.</strong></span> <span class='ocrx_word' id='word_1_863' title='bbox 1608 2706 1660 2736; x_wconf 86' lang='lat' dir='ltr'><strong>Sed</strong></span> <span class='ocrx_word' id='word_1_864' title='bbox 1676 2715 1765 2742; x_wconf 88' lang='lat' dir='ltr'><strong>tteque</strong></span> 
     </span>
    </p>
   </div>
   <div class='ocr_carea' id='block_1_117' title="bbox 976 2754 1763 2795">
    <p class='ocr_par' dir='ltr' id='par_1_117' title="bbox 976 2754 1763 2795">
     <span class='ocr_line' id='line_1_117' title="bbox 976 2754 1763 2795; baseline -0.013 -5"><span class='ocrx_word' id='word_1_865' title='bbox 976 2763 1010 2790; x_wconf 87' lang='lat' dir='ltr'><strong>ab</strong></span> <span class='ocrx_word' id='word_1_866' title='bbox 1035 2761 1128 2795; x_wconf 90' lang='lat' dir='ltr'><strong>aliquo</strong></span> <span class='ocrx_word' id='word_1_867' title='bbox 1145 2759 1273 2794; x_wconf 83' lang='lat' dir='ltr'><strong>postulati</strong></span> <span class='ocrx_word' id='word_1_868' title='bbox 1301 2757 1458 2786; x_wconf 88' lang='lat' dir='ltr'><strong>testimonio</strong></span> <span class='ocrx_word' id='word_1_869' title='bbox 1473 2756 1590 2784; x_wconf 87' lang='lat' dir='ltr'><strong>dicendo</strong></span> <span class='ocrx_word' id='word_1_870' title='bbox 1606 2754 1763 2786; x_wconf 78' lang='lat' dir='ltr'><strong>adfuerunt,</strong></span> 
     </span>
    </p>
   </div>
   <div class='ocr_carea' id='block_1_118' title="bbox 977 2800 1764 2840">
    <p class='ocr_par' dir='ltr' id='par_1_118' title="bbox 977 2800 1764 2840">
     <span class='ocr_line' id='line_1_118' title="bbox 977 2800 1764 2840; baseline -0.01 -6"><span class='ocrx_word' id='word_1_871' title='bbox 977 2815 1073 2836; x_wconf 81' lang='lat' dir='ltr'><strong>verum</strong></span> <span class='ocrx_word' id='word_1_872' title='bbox 1093 2805 1145 2840; x_wconf 80' lang='lat' dir='ltr'><strong>ipsi</strong></span> <span class='ocrx_word' id='word_1_873' title='bbox 1159 2809 1313 2840; x_wconf 78' lang='lat' dir='ltr'><strong>spontaneo</strong></span> <span class='ocrx_word' id='word_1_874' title='bbox 1323 2804 1438 2832; x_wconf 91' lang='lat' dir='ltr'><strong>consilio</strong></span> <span class='ocrx_word' id='word_1_875' title='bbox 1452 2804 1552 2830; x_wconf 88' lang='lat' dir='ltr'><strong>tnirum</strong></span> <span class='ocrx_word' id='word_1_876' title='bbox 1568 2802 1634 2829; x_wconf 91' lang='lat' dir='ltr'><strong>illttd</strong></span> <span class='ocrx_word' id='word_1_877' title='bbox 1659 2800 1764 2828; x_wconf 86' lang='lat' dir='ltr'><strong>theolo-</strong></span> 
     </span>
    </p>
   </div>
   <div class='ocr_carea' id='block_1_119' title="bbox 978 2846 1764 2888">
    <p class='ocr_par' dir='ltr' id='par_1_119' title="bbox 978 2846 1764 2888">
     <span class='ocr_line' id='line_1_119' title="bbox 978 2846 1764 2888; baseline -0.013 -7"><span class='ocrx_word' id='word_1_878' title='bbox 978 2854 1125 2888; x_wconf 80' lang='lat' dir='ltr'><strong>gicumque</strong></span> <span class='ocrx_word' id='word_1_879' title='bbox 1138 2852 1324 2880; x_wconf 84' lang='lat' dir='ltr'><strong>testimonium</strong></span> <span class='ocrx_word' id='word_1_880' title='bbox 1343 2851 1527 2886; x_wconf 55' lang='lat' dir='ltr'><strong>praebuerunt.</strong></span> <span class='ocrx_word' id='word_1_881' title='bbox 1553 2848 1582 2875; x_wconf 82' lang='lat' dir='ltr'><strong>Si</strong></span> <span class='ocrx_word' id='word_1_882' title='bbox 1603 2847 1665 2882; x_wconf 90' lang='lat' dir='ltr'><strong>quis</strong></span> <span class='ocrx_word' id='word_1_883' title='bbox 1684 2846 1764 2881; x_wconf 82' lang='lat' dir='ltr'><strong>igitur</strong></span> 
     </span>
    </p>
   </div>
   <div class='ocr_carea' id='block_1_120' title="bbox 979 2890 1764 2932">
    <p class='ocr_par' dir='ltr' id='par_1_120' title="bbox 979 2890 1764 2932">
     <span class='ocr_line' id='line_1_120' title="bbox 979 2890 1764 2932; baseline -0.017 -3"><span class='ocrx_word' id='word_1_884' title='bbox 979 2901 1147 2930; x_wconf 84' lang='lat' dir='ltr'><strong>indistinctis</strong></span> <span class='ocrx_word' id='word_1_885' title='bbox 1165 2899 1290 2928; x_wconf 77' lang='lat' dir='ltr'><strong>vocabuli</strong></span> <span class='ocrx_word' id='word_1_886' title='bbox 1313 2898 1385 2926; x_wconf 68' lang='lat' dir='ltr'><strong>testis</strong></span> <span class='ocrx_word' id='word_1_887' title='bbox 1406 2895 1620 2932; x_wconf 80' lang='lat' dir='ltr'><strong>sigttilicatibus.</strong></span> <span class='ocrx_word' id='word_1_888' title='bbox 1642 2890 1764 2921; x_wconf 83' lang='lat' dir='ltr'><strong>alterutti</strong></span> 
     </span>
    </p>
   </div>
  </div>
