1882 3075
177 148 227 181 151

748 147 881 179 ΡΗΟΤΙΙ
894 145 1148 178 PATRIARCH/E
1160 149 1213 179 (ΣΡ.

1754 148 1804 179 159.

177 214 195 240 p
208 211 262 238 tur,
274 211 300 232 et
315 213 364 240 pro
377 205 465 232 moliri
483 205 597 240 aliquid,
616 209 643 233 et
665 213 715 240 pro
731 206 860 237 militare,
871 208 899 232 et
916 211 966 239 pro
980 205 997 233 Δ

1049 213 1066 230 α
1080 205 1108 232 δὲ
1125 206 1173 232 καὶ
1188 206 1223 233 τὰ
1238 206 1340 241 συνήθη
1355 206 1442 233 ταῦτα
1456 206 1517 240 οὐχὶ
1532 205 1596 240 μίαν
1618 204 1746 232 ἐθέλοντα
1758 213 1804 239 ση-

178 251 320 282 diversari,
340 257 367 278 et
381 252 544 286 quandoque
561 259 610 286 pro
627 258 720 278 curam
742 259 846 286 gerere,
875 255 902 277 et
917 258 966 285 pro

178 297 273 325 sedulo
293 297 394 331 aliquid
410 305 488 331 agere
506 301 586 331 atque
602 297 728 325 eﬁectum
744 297 809 324 dare
824 305 830 324 :
853 303 966 324 necnon

177 349 228 376 pro
241 340 358 368 oﬁicium
369 341 497 369 exhibere
510 347 536 369 et
548 349 653 369 cmnam
665 349 811 376 apponere.
833 341 966 368 Praeterea

179 386 323 414 familiaria
341 387 399 414 haec
415 387 516 415 videsis
545 395 626 422 quam
647 395 700 414 non
733 395 817 414 unum
840 387 968 414 evolvant

179 433 380 469 signiﬁcatum:
400 433 517 467 exetnpli
527 433 612 468 gratia
631 433 763 464 ἐπιεικῶς
776 437 803 460 et
833 433 880 459 ἐπὶ
896 433 962 468 κόρ-

181 479 253 514 ρης;
275 478 340 505 illud
363 479 473 514 quidem
496 484 523 506 et
543 479 654 506 abunde
679 478 753 506 valet
775 482 803 505 et
828 477 968 505 moderate

181 529 208 550 et
219 523 335 557 festive;
352 525 405 552 hoc
417 529 508 552 autem
522 529 549 552 et
566 525 709 552 verberati
722 524 748 551 in
767 524 856 558 capite
877 524 964 558 signi-

182 570 255 601 ﬁcat,
274 574 301 597 et
313 570 396 597 etiam
417 571 444 597 in
467 571 554 605 genis.
576 570 629 598 Sed
653 578 739 604 neque
761 569 969 605 ἐπισκηπτόμε-

182 624 226 641 νον
242 623 327 642 unum
347 615 491 650 signiﬁcat,
508 616 554 643 sed
571 621 597 642 et
611 615 726 642 ﬁrmiter
740 616 822 642 menti
842 615 968 646 inﬁxum,

182 665 210 687 et
223 661 449 693 demonstratum,
465 665 492 688 et
515 661 586 695 quod
614 668 628 687 a
653 660 787 687 moriente
811 660 969 686 mandatum

183 710 234 736 est,
248 711 274 733 et
291 706 401 741 insuper
420 706 491 741 quod
506 707 676 733 adversatur.
704 705 825 733 Pertinet
842 705 875 733 ad
901 705 970 733 varii

184 752 355 787 signiﬁcatus
370 753 499 779 vocabula
519 752 600 779 etiam
621 751 807 779 δυσωπεῖσθαι
826 761 833 780 :
861 760 924 780 nam
942 755 970 779 et

184 798 302 825 revereri
330 798 452 830 denotat,
477 803 504 825 et
525 803 645 825 metuere
660 806 722 825 cum
750 798 919 833 suspicione.
944 802 972 825 et

184 845 281 871 tetrico
306 844 381 871 vultu
409 852 479 871 esse.
501 843 619 876 Quidam
655 852 720 870 vero
747 844 844 878 lingua:
871 843 971 870 Graecae

185 890 306 924 apprime
330 889 421 924 periti,
439 897 595 925 quanquam
627 889 735 916 Atticus
762 889 872 916 minime
896 889 971 924 lepos

184 942 236 965 est.
252 943 344 962 vocem
377 935 446 962 lianc
471 935 552 961 etiam
575 942 623 967 pro
642 934 744 969 pudere
770 934 919 969 accipiunt.
938 934 972 960 Et

185 981 293 1015 quidem
311 980 382 1015 vulgi
393 980 563 1007 consuetudo
573 980 656 1007 utitur
668 980 720 1007 hac
732 987 797 1006 voce
813 980 846 1006 ad
865 979 971 1014 suppli-

187 1028 305 1054 candum
324 1031 406 1061 atque
420 1026 454 1053 ad
469 1027 648 1052 exorandum.
663 1024 723 1052 Vox
740 1024 830 1060 δεῦρο,
844 1033 906 1052 curti
925 1033 973 1060 age

186 1071 322 1107 signiﬁcat
338 1077 364 1098 et
381 1071 443 1103 huc,
459 1076 515 1098 tttm
541 1078 574 1097 ne
591 1071 625 1097 ab
636 1070 767 1098 adesdnm
789 1071 899 1105 quidem
925 1071 974 1097 ab-

188 1118 289 1144 horret.
301 1117 376 1144 Addc
394 1117 437 1144 his
458 1118 592 1150 γενναῖον,
616 1117 690 1151 quod
709 1122 857 1151 cognatum
884 1121 973 1147 sonat,

186 1169 211 1191 et
223 1165 336 1196 bonum,
352 1169 379 1191 et
394 1163 524 1196 nobilem,
540 1169 567 1190 et
583 1169 725 1190 strenuum
740 1171 827 1197 :eque.
841 1162 975 1190 Similiter

187 1212 278 1238 cernis
306 1211 408 1238 ἄτοπον
439 1218 493 1237 non
523 1210 612 1238 solum
630 1217 779 1245 coarguere
807 1217 921 1244 pravum
950 1215 976 1237 et

187 1255 353 1289 improbum,
371 1254 419 1282 sed
430 1255 513 1282 etiam
524 1255 596 1290 quod
609 1255 729 1282 alienum
745 1255 807 1282 loco
824 1260 866 1282 est
886 1263 893 1287 ;
913 1262 975 1281 nam

187 1307 214 1329 ct
226 1303 277 1328 hoc
293 1302 393 1328 ἄτοπον
409 1301 510 1329 dicitur
526 1310 533 1334 ;
548 1301 630 1328 sicuti
648 1301 729 1328 ctiam
753 1309 806 1328 non
823 1301 976 1336 provisum,

188 1355 238 1375 ceu
262 1347 296 1374 de
308 1354 363 1380 quo
378 1346 513 1381 suspicari
542 1354 594 1373 non
611 1346 711 1373 licuit:
735 1350 790 1374 tum
810 1354 874 1373 vero
905 1347 977 1374 valet

189 1394 270 1420 etiam
292 1393 476 1428 peregrinum,
488 1393 640 1426 inopinum,
655 1394 754 1419 ntirttm
770 1400 797 1420 et
813 1393 911 1421 rationi
923 1401 977 1420 non

189 1443 416 1466 consentaneum.
444 1438 558 1474 Insuper
586 1438 737 1474 ἀρνύμενον
761 1439 795 1465 de
823 1443 978 1473 permutato

190 1486 291 1512 dicitur
316 1491 343 1511 et
361 1485 394 1512 de
423 1485 578 1520 acquisito:
608 1485 659 1513 sub
699 1485 792 1512 cadent
819 1493 884 1513 vero
913 1493 980 1513 voce

1019 251 1119 285 μασίαν
1145 251 1357 287 περιπτύσσειν·
1380 251 1480 278 αὐτίκα
1496 251 1528 285 δὴ
1549 251 1579 277 16
1604 250 1734 281 ἐπιεικῶς
1756 250 1803 277 καὶ

1017 296 1063 322 ἐπὶ
1087 297 1200 332 κόρρης·
1218 298 1249 324 τδ
1265 298 1315 333 μὲν
1330 297 1369 329 εἷς
1389 306 1419 324 τε
1439 297 1469 323 τὸ
1489 297 1589 328 ἱκανῶς
1615 297 1661 323 καὶ
1677 295 1804 331 μετρίως,

1018 343 1065 368 καὶ
1086 343 1126 374 εἰς
1141 343 1170 369 τὸ
1188 343 1303 375 ἀστείως
1325 343 1535 378 ὲπιμερίζεται,
1557 342 1586 369 16
1602 342 1631 369 δὲ
1644 342 1691 368 ἐπὶ
1703 342 1805 377 κόρρης

1017 388 1048 414 τὸ
1069 388 1140 415 κατὰ
1164 389 1284 424 κεφαλῆς
1298 389 1447 416 τύπτεσθαι
1474 389 1612 424 σημαίνει,
1629 388 1676 414 καὶ
1691 388 1745 423 μὴν
1761 389 1806 414 καὶ

1017 434 1048 460 16
1062 435 1108 460 ἐπὶ
1129 434 1184 461 τῶν
1206 435 1350 468 σιαγόνων·
1376 435 1437 461 οὐδὲ
1463 435 1492 462 τὺ
1517 434 1754 469 ὲπισκηπτόμενον
1778 433 1806 460 δὲ

1019 481 1058 511 εἰς
1071 480 1100 506 ἓν
1114 481 1326 516 περιγράφεται,
1352 481 1420 508 ἀλλὰ
1444 481 1491 508 καὶ
1505 480 1550 508 τὺν
1564 480 1807 515 ὲναπερειδόμενον

1018 525 1104 559 δηλοῖ,
1125 527 1172 552 καὶ
1189 526 1235 552 τὸν
1256 526 1470 561 ἐνδεικνύμενον,
1496 526 1542 552 καὶ
1558 526 1604 552 τὸν
1618 526 1665 552 ἐπὶ
1679 525 1806 559 τελευτῆς

1020 571 1229 607 ἐντελλόμενον,
1250 573 1296 599 καὶ
1317 572 1385 608 πρὸς
1407 572 1513 603 τούτοις
1534 570 1565 597 τὸ
1588 570 1806 604 ἐναντιούμενον.

1025 616 1163 648 Ὡσαύτως
1182 617 1212 644 δὲ
1232 618 1287 643 τῶν
1309 618 1474 652 πολυσήμων
1493 616 1552 643 ἐστὶ
1573 616 1621 643 καὶ
1632 616 1663 643 τὺ
1675 615 1807 642 δυσωπεῖς

1022 659 1093 685 σθαι·
1101 660 1251 696 ὑφορᾶσθαι
1260 661 1314 696 γὰρ
1324 661 1499 695 ἀπαγγέλλει,
1508 661 1592 687 καὶτὸ
1600 659 1739 695 φοϐεῖσθαι
1749 660 1807 694 μεθ’

1023 705 1161 738 ὑπονοίας,
1177 706 1224 733 καὶ
1240 706 1271 733 τὸ
1289 706 1512 743 σκυθρωπάζειν·
1529 707 1594 733 ἔνιοι
1611 706 1638 732 δὲ
1654 706 1707 732 τῶν
1729 706 1807 740 ἑλλη-

1021 750 1098 785 νικὴν
1111 750 1239 785 γλῶσσαν
1264 751 1491 787 ἐξακριϐούντων,
1512 752 1537 778 εί
1554 752 1602 778 καὶ
1616 751 1654 786 μὴ
1670 751 1722 778 τῶν
1736 752 1808 778 ἀττι-

1021 797 1076 824 κῶν
1090 798 1106 832 ἡ
1120 797 1222 832 κομψῖα
1237 797 1304 833 (54),
1321 799 1367 825 καὶ
1381 798 1443 825 ἀντὶ
1453 798 1499 824 τοῦ
1508 798 1641 825 αἰδεῖσθαι
1656 798 1704 833 τὴν
1718 797 1809 833 φωνὴν

1022 843 1292 878 παραλαμΰάνουσιψ
1310 843 1326 879 ἡ
1347 843 1396 878 μέν
1414 853 1456 870 τοι
1474 844 1603 879 συνήθεια
1620 844 1669 869 ἐπὶ
1686 843 1733 870 τοῦ
1752 845 1808 870 ἱκε-

1022 889 1110 916 τεύειν
1118 890 1166 916 καὶ
1178 889 1345 925 παρακαλεῖν
1354 889 1497 925 κέχρηται.
1507 890 1563 916 Καὶ
1575 889 1605 916 τὸ
1613 889 1695 925 δεῦρο
1703 890 1731 916 δὲ
1743 890 1810 924 μετὰ

1022 934 1069 960 τοῦ
1084 934 1228 970 σημαίνειν
1241 935 1271 961 τὸ
1287 935 1347 968 ἄγε,
1367 935 1413 961 καί
1425 935 1457 961 16
1471 935 1600 967 ἐνταῦθα,
1618 935 1679 961 οὐδὲ
1701 935 1733 960 τὸ
1746 934 1806 961 ἐλθὲ

1023 980 1233 1016 ἀποστρέφεται.
1256 980 1356 1007 Σκόπει
1374 980 1402 1007 δὲ
1418 980 1466 1007 καὶ
1479 980 1508 1006 16
1527 981 1660 1014 γενναῖον,
1674 980 1750 1011 ὅπως
1766 980 1810 1006 τόν

1023 1034 1052 1052 τε
1074 1026 1192 1061 συγγενῆ
1208 1025 1285 1062 δηλοί
1307 1026 1354 1053 καὶ
1374 1026 1420 1053 τὸν
1435 1026 1548 1060 ἀγαθὸν,
1563 1026 1631 1053 ἀλλὰ
1643 1027 1691 1052 καὶ
1705 1026 1752 1052 16v
1767 1026 1811 1052 εὑ-

1024 1072 1100 1107 γενῆ,
1125 1072 1171 1098 καὶ
1195 1071 1241 1099 16v
1262 1071 1397 1107 ἀνδρεῖον,
1419 1072 1469 1099 οὐκ
1491 1072 1611 1099 ἔλαττον,
1637 1071 1716 1103 Ἴδοις
1742 1072 1764 1098 δ’
1781 1071 1813 1098 ἂν

1024 1118 1072 1145 xui.
1094 1118 1124 1145 τὸ
1139 1118 1248 1151 ἄτοπον,
1263 1118 1294 1144 οὐ
1313 1118 1392 1153 μόνον
1413 1118 1461 1145 τοῦ
1476 1119 1561 1145 κακοῦ
1584 1119 1692 1145 καὶτοῦ
1711 1119 1814 1154 μοχθη-

1027 1165 1073 1200 ροῦ
1088 1164 1333 1200 κατηγορούμενον,
1357 1164 1425 1191 ἀλλὰ
1447 1165 1494 1192 καὶ
1512 1165 1583 1192 κατὰ
1602 1164 1649 1191 τοῦ
1667 1164 1704 1200 μὴ
1732 1165 1813 1191 τόπον

1026 1212 1143 1246 ἔχοντος⁹
1161 1211 1261 1238 ἄτοπον
1279 1211 1334 1247 γὰρ
1355 1211 1465 1237 κάκεῖνο
1478 1211 1604 1244 λέγουσιν
1619 1220 1626 1226 ·
1651 1211 1747 1245 ὥσπερ
1769 1210 1815 1237 καὶ

1026 1257 1057 1284 16
1073 1257 1267 1292 ἀνυπονόητον,
1294 1254 1350 1283 οἷον
1372 1256 1384 1283 5
1411 1257 1447 1292 μὴ
1464 1256 1522 1283 ἔστι
1543 1256 1677 1283 τοπάσαι·
1700 1257 1759 1284 ἀλλ’
1777 1256 1814 1282 ἔτι

1028 1303 1150 1339 περιέχει
1172 1303 1264 1329 καὶτὸ
1279 1303 1364 1336 ξένον,
1385 1303 1433 1329 καὶ
1455 1302 1619 1337 παράδοξον,
1643 1302 1689 1329 καὶ
1709 1302 1815 1337 θαυμά-

1029 1358 1096 1382 σιον,
1110 1349 1156 1376 καί
1173 1357 1204 1383 γε
1219 1349 1267 1376 καὶ
1283 1349 1313 1375 16
1328 1349 1493 1385 παράλογον.
1515 1349 1576 1375 Ἐπί
1591 1349 1700 1381 τούτοις
1720 1349 1771 1376 καὶ
1788 1348 1817 1374 τὸ

1029 1395 1179 1431 ἀρνύμενον
1194 1395 1263 1431 πρός
1282 1403 1312 1421 τε
1330 1394 1361 1421 τὸ
1376 1394 1628 1430 καταλλαττόμενον
1649 1395 1816 1424 ἀποδίδοται,

1029 1442 1078 1469 καὶ
1102 1441 1132 1469 τὸ
1155 1440 1392 1477 περιποιούμενον·
1415 1441 1645 1477 περιλαμϐάνωτο
1669 1441 1691 1467 δ’
1709 1440 1744 1467 ἂν
1768 1440 1818 1466 ὑπὸ

1030 1490 1080 1523 τῆς
1095 1487 1179 1522 αὐτῆς
1194 1487 1287 1522 φωνῆς
1302 1487 1349 1513 καί
1363 1488 1377 1513 ό
1391 1486 1533 1520 φυλάττων
1555 1486 1624 1522 (55).
1650 1485 1717 1512 Οὐδὲ
1732 1486 1764 1512 τὸ
1778 1485 1818 1511 ἀεὶ

191 1531 354 1559 concludere
392 1531 456 1558 licet
485 1531 568 1559 etiam
612 1530 768 1565 φυλάττων.
801 1530 854 1558 Sed
890 1538 997 1565 nequei

1048 1535 1060 1561 ὲ
1079 1533 1295 1568 περιπτύσσεται
1311 1532 1342 1558 16
1357 1532 1516 1568 ἀμέριστον,
1539 1531 1610 1559 ἀλλὰ
1625 1533 1671 1559 καὶ
1689 1532 1729 1563 εἰς
1742 1532 1818 1558 ἐναν-

191 1578 235 1604 die!
245 1585 300 1604 non
316 1577 373 1604 vult
387 1577 473 1604 dividi
487 1585 496 1610 ;
514 1577 579 1612 quin
608 1577 664 1604 imo
679 1577 705 1603 in
733 1576 887 1604 contrarias
903 1577 978 1604 scin-

192 1624 267 1650 ditur
281 1628 385 1658 partes,
396 1623 466 1650 valet
482 1623 567 1652 enim.
581 1623 653 1658 quod
669 1630 765 1650 onmes
787 1622 891 1654 sciunt,
908 1629 980 1649 scm-

193 1677 242 1704 per
256 1679 263 1697 :
277 1673 304 1696 et
320 1674 411 1696 tamen
423 1668 590 1696 contrarium
611 1675 721 1703 quoque
746 1667 869 1701 denotat,
887 1667 914 1694 id
938 1671 981 1694 est

194 1722 282 1750 usque
299 1714 330 1742 ad
345 1718 449 1742 certum
468 1718 576 1749 tempus
595 1719 622 1741 et
643 1714 842 1749 quadantcnus.
867 1713 936 1740 Tttm
956 1718 982 1740 et

195 1762 248 1793 ἓως
259 1761 423 1797 quandoque
447 1760 588 1788 deﬁnitum
615 1764 722 1795 tempus
753 1758 980 1791 circumscribit;

195 1809 361 1844 quandoque
386 1799 518 1834 terminos
541 1805 710 1841 indignatus,
735 1805 799 1833 sinit
823 1809 931 1839 tempus
956 1804 983 1831 iit

197 1854 333 1882 inﬁnitum
357 1853 477 1881 extendi.
503 1853 614 1880 Manant
630 1860 663 1880 ex
680 1852 811 1887 ἄντικρυς
841 1851 983 1882 continuo,

196 1900 334 1931 directim,
350 1904 423 1927 recta
436 1899 492 1930 via.
513 1899 614 1931 valide,
629 1899 778 1933 sapienter.
800 1903 893 1932 aperte
907 1906 914 1924 :
937 1904 986 1923 nec

197 1954 252 1973 non
270 1945 431 1980 simpliciter
450 1949 476 1972 et
487 1949 621 1972 accurate.
639 1943 717 1977 Quod
731 1943 754 1971 si
777 1947 928 1970 extremam
943 1949 987 1969 re.

196 1993 271 2027 jiciat
288 1999 447 2022 consonam.
461 1996 543 2026 atque
553 1996 685 2018 accentus
699 1989 733 2017 ab
749 1989 829 2016 initio
854 1990 887 2016 ad
906 1989 987 2015 linem

199 2038 353 2072 trajiciatur
370 2036 517 2072 (ἀντικρὺ),
533 2040 589 2062 tutn
601 2044 633 2062 ex
646 2043 675 2063 se
690 2035 776 2070 gignit
803 2041 819 2060 e
834 2033 944 2069 regione
962 2037 989 2060 et

199 2091 234 2110 ex
248 2084 372 2110 adverso.
390 2081 476 2109 Viden
490 2082 571 2108 etiam
587 2080 748 2108 vocabulum
762 2079 839 2115 ἀραί
858 2086 912 2105 non
923 2077 989 2105 illud

201 2129 245 2155 aio
259 2128 331 2163 quod
344 2132 486 2155 accentum
501 2126 629 2154 distrahit
661 2131 744 2161 atque
766 2125 793 2152 in
808 2125 876 2152 duas
894 2128 989 2151 exten-

201 2175 242 2202 dit
255 2178 359 2209 partes,
374 2180 468 2200 verum
501 2173 526 2200 id
553 2171 626 2207 quod
641 2171 736 2198 eadem
752 2170 881 2206 prosodia
907 2169 988 2197 meti-

1032 1580 1093 1612 τίας
1110 1578 1289 1614 ἀποσχίζεται
1305 1578 1425 1613 μερίδας·
1442 1577 1569 1612 σημαίνει
1582 1578 1632 1612 μὲν
1647 1577 1701 1612 γὰρ
1719 1577 1751 1604 τὸ
1764 1577 1820 1603 δια-

1032 1625 1220 1657 παντὸς,ὃκαὶ
1234 1625 1335 1656 πάντες
1351 1624 1425 1651 ῖσασι
1438 1631 1446 1639 ·
1461 1623 1588 1658 σημαίνει
1596 1623 1624 1650 δὲ
1640 1624 1687 1650 καὶ
1703 1623 1734 1649 τὸ
1748 1624 1820 1649 ἀντι-

1032 1672 1168 1706 κείμενον,
1184 1669 1240 1698 οἷον
1258 1670 1289 1696 16
1313 1670 1365 1701 ἕως
1381 1669 1470 1701 τινὸς,
1489 1670 1537 1696 καὶ
1551 1669 1634 1704 μέχρι
1661 1671 1746 1700 τινός.
1771 1667 1822 1694 Καὶ

1033 1717 1098 1744 αὐτὸ
1114 1715 1143 1742 δέ
1157 1724 1189 1750 γε
1203 1715 1234 1741 τδ
1249 1715 1312 1748 ἕως,
1331 1713 1395 1740 ποτὲ
1411 1714 1461 1749 μὲν
1474 1713 1627 1749 ὡρισμένον
1638 1713 1734 1748 χρόνον
1750 1721 1822 1747 περι-

1034 1762 1145 1797 γράφει,
1168 1760 1234 1788 ποτὲ
1253 1760 1282 1787 δὲ
1296 1759 1344 1796 τὴν
1359 1759 1534 1794 περιγραφὴν
1551 1758 1774 1794 ἀπαρνούμενον,
1794 1758 1822 1791 ἑᾷ

1034 1807 1078 1834 τὸν
1095 1807 1189 1842 χρόνον
1205 1807 1273 1842 πρὸς
1285 1806 1316 1832 τὸ
1323 1805 1447 1841 ἀόριστον
1466 1804 1687 1840 παρατείνεσθαι.
1699 1804 1757 1830 Καὶ
1773 1803 1822 1838 μὴν

1037 1854 1083 1880 καὶ
1102 1853 1132 1878 τὸ
1143 1852 1273 1887 ἄντικρυς
1285 1850 1439 1885 ἀποφύεται
1453 1850 1515 1877 τότε
1528 1849 1690 1884 διαμπερὲς,
1709 1850 1759 1876 καὶ
1783 1849 1823 1874 εὑ-

1037 1899 1080 1932 Οὺ,
1098 1898 1146 1926 καλ⁸
1160 1899 1203 1925 ἐπ’
1217 1897 1336 1931 εὐθείας,
1353 1897 1400 1923 καὶ
1413 1897 1443 1923 16
1455 1895 1584 1931 ἰσχυρῶς,
1600 1895 1648 1922 καὶ
1662 1895 1763 1929 σοφῶς,
1778 1895 1823 1921 καὶ

1036 1946 1068 1972 τὸ
1086 1945 1153 1976 ἰθύς·
1171 1944 1239 1971 ἀλλὰ
1256 1943 1303 1970 καὶ
1325 1942 1355 1969 τὸ
1371 1941 1463 1973 ἅπλῶς
1481 1940 1530 1968 καὶ
1545 1938 1678 1977 ἁκριὸῶς.
1696 1941 1725 1967 Εἰ
1749 1941 1778 1967 δὲ
1797 1939 1824 1965 16

1037 1991 1191 2018 τελευταῖον
1207 1989 1355 2016 ἁποῦάλλει
1373 1988 1528 2023 σύμφωνον,
1550 1987 1601 2020 τῆς
1616 1987 1702 2021 ἀρχῆς
1717 1986 1764 2012 τὸν
1784 1984 1824 2011 τός

1039 2046 1084 2064 νον
1105 2036 1151 2063 τοῦ
1167 2036 1262 2066 τέλους
1281 2034 1527 2069 ἀναλαμϐάνοντος,
1550 2032 1599 2058 καὶ
1622 2032 1652 2058 τὸ
1674 2032 1823 2059 κατέναντι,

1040 2084 1087 2110 καὶ
1101 2081 1254 2116 ἐξεναντίας
1270 2079 1477 2107 ἁναὸλαστάνει.
1504 2078 1561 2113 Οὐχ
1588 2079 1655 2113 ὁρᾷς
1678 2077 1706 2104 δὲ
1729 2077 1779 2104 καὶ
1798 2075 1825 2101 τδ

1041 2129 1111 2164 ἄρας
1136 2127 1166 2153 οὐ
1184 2126 1256 2160 λέγω
1270 2125 1298 2151 δὲ
1311 2124 1325 2151 ὃ
1338 2125 1413 2151 τόνον
1426 2132 1456 2150 τε
1471 2123 1621 2158 διατέμνει,
1646 2122 1694 2148 καὶ
1717 2122 1759 2154 είς
1783 2120 1824 2147 δὺε

1044 2174 1116 2209 μέρη
1130 2172 1312 2207 περιίστησιν,
1326 2170 1389 2197 ἀλλ’
1402 2169 1416 2195 ὃ
1427 2169 1498 2196 κατὰ
1512 2167 1561 2203 τὴν
1576 2168 1661 2203 αὐτὴν
1675 2166 1823 2202 προσῳδίαν

202 2204 276 2253 mur,
289 2225 315 2247 et
329 2204 402 2254 quod
420 2227 434 2245 τι
454 2204 606 2246 dubitativo
618 2204 805 2252 distinguiiur.
826 2215 883 2243 Hoc
898 2216 990 2250 itaque

1048 2204 1216 2255 ῥυθμίζεται,
1238 2204 1284 2243 καὶ
1303 2215 1372 2251 πρὸς
1392 2214 1422 2241 16
1443 2213 1658 2249 διαπορούμενον
1676 2211 1824 2239 διαστέλλε-

203 2267 338 2303 signiﬁcat
367 2263 590 2300 conjunctionem
616 2263 835 2300 syllogisticum:
863 2262 992 2298 exprimit

202 2313 285 2340 etiam
305 2311 487 2339 intensionem
508 2309 654 2344 quamdam
668 2308 831 2343 expletivam
849 2315 856 2334 :
873 2307 991 2334 sumitur

203 2357 318 2392 denique
334 2358 393 2384 loco
410 2355 538 2383 dictionis
550 2359 581 2381 ut
598 2354 716 2386 videtur,
732 2359 761 2381 ut
778 2359 900 2389 apparet.
920 2354 993 2382 Con-

204 2404 293 2431 sidera
310 2403 392 2430 etiam
409 2400 529 2436 ἀτεχνῶς
545 2399 752 2428 circumﬂexum
769 2405 836 2435 quot
853 2400 879 2426 in
896 2407 993 2427 sensus

205 2448 404 2477 subdividatur.
418 2446 559 2482 Signiﬁcat
571 2447 643 2474 enim
661 2454 732 2478 vere,
748 2445 918 2480 simpliciter,
932 2454 995 2481 per—

205 2495 414 2529 fecte,sincere;
425 2495 480 2522 imo
489 2494 608 2521 etvalide
615 2498 642 2520 et
655 2493 776 2520 omnino.
787 2494 873 2520 Ἂττα
885 2500 994 2529 quoque

205 2544 280 2570 varie
292 2543 456 2577 explicatum
469 2541 591 2569 invenies
606 2549 614 2568 :
627 2540 708 2568 modo
720 2542 793 2568 enim
806 2541 934 2568 scribitur
944 2549 994 2576 pro

206 2596 276 2623 qum,
294 2589 375 2615 modo
398 2596 448 2623 pro
469 2595 529 2622 qurc
542 2587 670 2622 quidem:
686 2587 765 2614 modo
785 2588 867 2615 etiam
883 2596 932 2623 pro
946 2589 995 2616 ali-

206 2633 328 2669 quando,
335 2639 417 2669 atque
426 2634 453 2662 in
461 2634 565 2662 similes
575 2633 630 2661 abit
638 2633 815 2668 signiﬁcatus.
822 2633 924 2670 Praeter
931 2634 996 2663 liac-

207 2685 288 2708 tenus
300 2680 382 2713 dicta,
395 2680 447 2708 hoc
459 2687 568 2716 quoque
586 2679 755 2707 notissimum
773 2679 933 2707 vocabulum
953 2689 996 2707 σο-

1042 2274 1097 2292 ται·
1117 2263 1244 2298 σημαίνει
1261 2261 1310 2297 μὲν
1326 2260 1475 2294 σύνδεσμον
1487 2260 1533 2286 τὸν
1550 2258 1766 2293 συλλογιστικόν·
1783 2265 1825 2290 ση-

1045 2311 1135 2347 μαίνει
1149 2309 1178 2336 δὲ
1186 2309 1233 2335 καὶ
1244 2309 1290 2334 τὸν
1299 2307 1331 2342 δὴ
1341 2307 1416 2334 τόνον
1430 2305 1731 2342 παραπληρωματικόν·
1742 2312 1826 2339 παρσ-

1042 2356 1212 2392 λαμὸἁνεται
1228 2354 1256 2380 δὲ
1270 2354 1317 2380 καὶ
1336 2353 1396 2379 ἀντὶ
1411 2352 1456 2378 τοῦ
1474 2352 1512 2383 ὡς
1527 2351 1599 2378 ἔοικε
1615 2352 1662 2377 καὶ
1683 2350 1721 2382 ὡς
1737 2351 1826 2385 φαίνε-

1043 2412 1098 2430 ται.
1113 2400 1275 2428 Ἐπισκόπει
1299 2399 1327 2425 δὲ
1350 2398 1397 2425 καὶ
1417 2397 1447 2424 τὸ
1472 2396 1594 2432 ἀτεχνῶς
1611 2396 1842 2432 περιστειίηνενον,Ι

1044 2450 1120 2480 ὃσαις
1144 2447 1274 2478 διανοίαις
1298 2445 1497 2480 ὑποτέμνεται·
1525 2445 1558 2479 τῇ
1581 2452 1611 2470 τε
1635 2443 1690 2478 γὰρ
1711 2440 1827 2478 σημσὶᾳ

1045 2495 1092 2522 τοῦ
1107 2493 1217 2529 ἀληθῶς
1238 2493 1286 2519 καὶ
1298 2492 1331 2526 τῇ
1346 2491 1392 2517 τοῦ
1407 2490 1502 2522 ἁπλῶς
1526 2491 1573 2516 καὶ
1588 2489 1700 2520 τελείως
1713 2488 1761 2514 καὶ
1775 2486 1828 2513 (15'3-

1045 2542 1111 2573 λως,
1122 2540 1169 2567 καὶ
1185 2539 1237 2575 μὴν
1251 2540 1297 2565 καὶ
1311 2539 1344 2573 τῇ
1359 2537 1406 2563 τοῦ
1424 2537 1534 2572 ἰσχυροῦ
1549 2536 1596 2562 καὶ
1611 2534 1752 2566 καθάπαξ,
1767 2539 1828 2567 προ-

1048 2588 1157 2624 έρχεται
1173 2584 1385 2621 πληθυνομὲνου.
1403 2582 1499 2617 Εὗροις
1515 2582 1537 2609 δ’
1547 2582 1581 2609 ἂν
1596 2581 1644 2607 καὶ
1654 2581 1684 2607 16
1698 2581 1766 2607 ἄττα
1777 2579 1828 2604 δια-

1051 2620 1141 2668 diem;
1162 2631 1359 2666 προαγόμενον·
1378 2629 1425 2654 νῦν
1445 2628 1494 2663 μὲν
1509 2627 1563 2661 γὰρ
1585 2626 1616 2652 τὺ
1629 2626 1720 2656 ἅτινα,
1742 2624 1787 2650 νῦν
1805 2620 1829 2647 δὲ

1049 2680 1080 2706 τὸ
1095 2679 1164 2705 τινα·
1181 2676 1275 2703 ἄλλοτε
1291 2675 1318 2700 δὲ
1333 2673 1363 2700 16
1378 2673 1396 2700 ἃ
1410 2673 1451 2700 ἄν·
1469 2673 1516 2699 καὶ
1539 2671 1632 2698 ἄλλοτε
1647 2671 1677 2697 τὸ
1699 2669 1764 2697 ποτὲ
1784 2673 1828 2701 ση-

967 2746 1085 2776 NOTAE.

246 2817 302 2854 (54)
322 2818 349 2846 Si
367 2817 528 2845 vocabulum
546 2817 650 2852 κομψία
662 2818 753 2853 exiges
766 2817 797 2844 ad
815 2818 934 2852 regulam
952 2826 997 2845 co-

211 2854 285 2889 gnati
301 2853 417 2890 κομψὸν,
430 2854 495 2881 satis
511 2854 616 2880 varium
637 2854 677 2881 vel
694 2854 783 2889 potius
798 2854 930 2882 incertum
947 2854 999 2881 hoc

1052 2817 1079 2845 in
1095 2817 1155 2842 loco
1174 2813 1357 2848 signiﬁcatum
1371 2810 1494 2839 habebis.

1090 2852 1146 2887 (55)
1163 2847 1258 2884 Odyss.
1275 2847 1337 2880 1,5.
