1882 3075
67 142 116 174 153

545 142 597 172 AD
616 139 919 174 ,AMPHILOCIIIUM
937 138 1110 175 QU/ESTIO
1127 138 1197 169 XXI

1654 136 1704 169 154

66 200 176 233 μαίνειν
189 197 338 231 ὲθέλοι,καὶ
346 197 387 229 εἰς
401 196 522 224 τοσαῦτα
531 196 777 233 καταμεριζεσθαι.
790 197 855 223 Ἐπὶ

955 204 975 229 r,
990 195 1113 231 designat
1126 195 1234 230 quidem
1249 202 1313 222 eum
1329 194 1375 229 qui
1390 194 1481 228 aliqua
1496 193 1629 228 sapientia
1637 202 1702 228 pia.-

62 245 92 272 δι
102 245 160 275 τοῖς
173 244 331 279 εἰρημένοις
345 243 394 270 καὶ
406 244 420 269 ὁ
429 243 510 277 σοφὸς
518 243 598 269 τοῦτο
609 243 642 277 δὴ
657 243 689 270 τὺ
701 243 859 278 πρόχειρον,

63 290 194 326 σημαίνει
218 289 268 324 μὲν
287 289 334 315 τὸν
355 289 542 324 μετεσχηκότα
557 289 653 323 σοφίας
667 289 739 320 ’τινός
751 297 758 304 ·
788 289 862 321 ἰδίως

61 337 92 363 δὲ
103 336 153 362 καὶ
169 336 217 362 τὸν
233 335 357 369 λογικαῖς
369 335 477 369 τέχναις
491 335 752 370 προπνακεὶμενον·
764 335 862 362 ἔπειτα

62 383 91 409 δὲ
108 382 158 409 καὶ
172 382 220 408 τὸν
234 382 343 408 συνέσει
357 381 410 408 τῶν
426 381 514 408 ἄλλων
529 381 688 417 προέχοντα·
702 381 745 416 ἐφ’
755 379 796 413 οἷς
809 382 858 409 καὶ

63 429 93 454 ὃν
112 429 214 464 ἀρεταὶ
234 428 351 462 κοσμεῖν
368 427 468 454 ἴσασιν·
485 427 554 454 ἀλλά
576 435 608 461 γε
630 428 662 463 δὴ
676 427 723 454 καὶ
736 427 782 454 τὸν
799 427 860 454 ὲπι-

62 474 182 509 τήδειοψ
194 474 243 500 καὶ
253 474 323 510 πρὸς
337 473 352 500 ὅ
362 481 389 500 τι
402 473 435 499 ἂν
447 472 568 509 ὁρμήσῃ,
587 473 775 508 θεωρούμενον
787 473 860 500 ἑτοι-

65 527 126 553 μον·
144 518 175 550 ἐξ
189 527 221 545 ου
238 518 285 545 καί
298 526 365 552 φασι
378 518 464 553 Σοφὸς
484 516 520 553 ἦν
533 517 581 545 τοῦ
594 517 791 553 κακοποιῆσαι,
813 517 861 544 καὶ

69 565 152 598 σοφὸς
174 564 277 598 ἀρετὴν
290 563 440 598 μετελθεῖν.
455 563 605 598 Συνταγείη
619 562 643 589 δ’
658 563 692 590 ἂν
708 563 759 590 οὐκ
781 564 860 590 ἀπει-

64 611 152 641 κότως
165 610 272 640 τούτοις
287 609 335 636 καὶ
350 609 382 635 τὺ
407 609 551 636 θεσπέσιον
562 617 569 624 ·
585 609 633 635 καὶ
644 609 700 645 γὰρ
719 609 767 635 καὶ
781 608 861 635 τοῦτο

68 656 199 691 σημαίνει
223 655 273 689 μὲν
295 655 326 682 τὸ
351 654 422 682 Θεῖον
435 664 442 671 ·
463 655 591 691 σημαίνει
609 655 639 682 δὲ
653 655 701 681 καὶ
717 655 748 681 τὸ
761 655 860 690 πρᾶον,

67 701 137 728 ἀλλὰ
150 701 199 728 καὶ
213 702 244 728 τὸ
259 701 412 736 θαυμάσιον
431 703 479 729 καὶ
501 702 532 728 τὺ
547 701 626 730 πολὺ,
644 702 700 729 Καὶ
714 701 744 728 τὸ
759 701 859 736 κομιδῇ

68 749 98 775 is
111 749 153 780 εἰς
165 756 195 774 τε
211 748 243 774 τὸ
257 747 317 774 λίαν
331 747 475 782 διαιρεῖται
492 746 541 773 xui.
556 748 596 779 εἰς
609 747 641 774 τὸ
661 746 801 778 παντελῶς
814 746 861 772 καὶ

69 794 226 829 εἰλικρινῶς
238 802 268 820 τε
283 794 316 829 δὴ
331 794 379 820 καὶ
391 793 515 824 τελείως.
530 793 613 820 Ἀλλὰ
625 793 673 820 καὶ
686 793 716 820 τὸ
727 793 796 824 τέως
806 793 860 820 δια-

73 842 176 876 φόρους
189 840 308 872 διανοίας
324 840 444 876 περιέχει
453 848 461 856 ο
476 841 524 867 χαὶ
536 840 590 875 γὰρ
602 839 729 866 τάττεται
745 839 797 874 μὲν
812 840 860 865 καὶ

912 241 988 270 dilue
998 245 1040 268 est
1051 249 1057 267 :
1076 240 1248 275 peculiariter
1259 245 1348 267 tamen
1358 240 1403 274 qui
1412 239 1507 274 logieis
1515 239 1648 267 doctrinis
1657 241 1704 268 dat

911 294 1040 322 operam:
1071 287 1135 313 item
1163 286 1209 321 qui
1236 286 1379 321 prudentia
1405 286 1512 314 caeteris
1543 286 1701 314 antecellit:

911 334 977 361 item
1002 333 1149 360 virtutibus
1172 337 1333 360 exornatum
1352 341 1359 359 :
1386 333 1451 361 item
1466 333 1551 361 rebus
1573 334 1702 368 gerendis

915 380 1092 412 idoneum,ct
1106 379 1196 414 quiad
1210 379 1435 414 consequendum
1451 379 1620 415 propositum
1634 380 1703 406 bene

911 425 1064 453 instructus
1081 425 1209 452 videtur:
1226 425 1298 452 unde
1315 430 1343 452 et
1369 425 1436 452 illud
1462 426 1587 457 ell‘atum,
1607 425 1703 452 Sciens

910 474 970 497 erat
986 475 1013 497 et
1028 471 1099 498 male
1114 470 1241 503 faciendi,
1254 475 1282 498 et
1302 478 1379 505 aeque
1393 471 1520 498 virtutem
1543 471 1698 497 exercendi.

911 515 980 543 Cum
996 516 1039 544 his
1053 524 1108 544 non
1128 515 1467 544 absurdecoacervabitur
1491 515 1573 542 etiam
1602 515 1701 542 θεσπέ-

911 570 981 595 σιον,
997 563 1070 598 quod
1081 563 1236 597 explicatur
1246 562 1382 596 divinum,
1397 562 1516 596 itemque
1526 562 1589 589 mite
1609 566 1637 588 et
1648 562 1702 588 mi-

911 608 1019 636 riﬁcum
1036 613 1063 636 et
1077 609 1230 644 copiosum.
1256 607 1316 636 Jam
1345 613 1372 636 et
1388 609 1487 644 κομιδῇ
1517 607 1650 636 dividitur
1674 607 1703 635 in

910 655 999 686 valde,
1014 659 1042 682 et
1064 648 1188 689 prorsus,
1211 660 1239 682 et
1253 654 1410 687 manifeste,
1435 659 1462 682 et
1486 655 1648 686 universim,
1676 658 1704 681 et

911 700 1041 735 perfecte.
1061 700 1137 731 Τέως
1151 707 1261 735 quoque
1275 701 1432 735 complures
1442 701 1612 735 signiﬁcatus
1627 708 1704 728 com-
1727 702 1733 707 ’

913 746 1057 781 plectitur:
1083 754 1145 773 nam
1166 746 1275 781 ponitur
1295 754 1344 781 pro
1359 746 1481 779 interim,
1497 751 1523 773 et
1540 754 1589 781 pro
1612 746 1701 781 prius.

909 797 937 820 et
949 800 998 827 pro
1020 800 1106 827 usque
1116 793 1192 824 dum,
1203 796 1230 820 et
1242 800 1291 827 pro
1303 792 1329 819 in
1341 797 1457 819 tantum.
1476 792 1563 826 Atque
1576 791 1704 828 ἀλάστωρ

913 838 1050 874 signiﬁcat
1068 838 1180 873 quidem
1195 838 1358 873 simpliciter
1369 837 1541 871 maleﬁcum;
1559 837 1605 865 sed
1613 843 1704 864 tamen

69 888 116 913 ἐπὶ
136 886 185 913 τοῦ
209 885 278 917 τέως
290 893 297 901 ·
312 886 442 912 τάττεται
456 885 484 912 δὲ
502 885 549 912 καὶ
563 885 609 911 ἐπὶ
623 883 670 911 τοῦ
685 884 749 919 πρίν
764 892 772 900 '
788 883 858 911 ἀλλά

958 884 1050 911 nilicat
1079 884 1161 911 etiam
1191 884 1239 918 qui
1256 892 1339 911 manu
1363 884 1474 918 propria
1494 885 1594 911 caulem
1617 883 1704 911 facit:

68 932 117 958 xui
131 931 179 957 ἐπὶ
191 930 238 957 τοῦ
248 931 302 962 ἓως
314 930 396 961 τινός·
410 929 486 965 δηλοῖ
500 930 530 957 δὲ
541 930 589 956 καὶ⁵
607 930 637 956 τὸ
651 929 700 955 ἐπὶ
719 927 858 955 τοσοῦτον.

69 978 126 1004 Καὶ
140 978 154 1004 ὁ
169 976 297 1012 ἀλάστωρ
310 976 340 1003 δὲ
360 975 488 1011 σημαίνει
505 976 555 1011 μὲν
569 975 663 1007 ἁπλῶς
679 975 725 1002 τὸν
741 974 862 1010 κακοῦρ-

68 1032 117 1058 γον
129 1031 137 1038 ·
157 1023 286 1058 σημαίνει
306 1021 335 1048 δὲ
349 1022 398 1048 καὶ
411 1021 459 1048 τὸν
480 1020 639 1056 αὐτοχειρίᾳ
659 1020 739 1054 φόνον
765 1020 862 1055 εἰργα-

70 1069 180 1104 σμένον·
191 1067 260 1095 ἀλλά
271 1077 304 1103 γε
321 1068 354 1103 δὴ
371 1068 419 1094 καὶ
430 1067 476 1094 τὸν
491 1067 635 1099 ἐπεξιόντα
642 1067 756 1098 τούτους
775 1066 813 1098 ὡς
828 1066 863 1093 τὰ

71 1116 179 1142 ἄλαστα
192 1114 417 1147 ὲπισκοποῦντος,
440 1114 488 1141 καὶ
501 1114 565 1145 τοὺς
585 1113 783 1148 εῐργασμένους
803 1113 861 1138 εἰσ-

71 1162 230 1196 πράττοντα
242 1160 330 1192 δίκας·
343 1159 418 1186 ἔνθεν
430 1158 494 1194 παρ’
509 1159 601 1190 αὐτοῖς
614 1159 662 1185 καὶ
677 1159 691 1185 ὁ
707 1158 774 1189 Ζεὺς
795 1158 863 1186 ἁλά-

72 1215 156 1241 στωρ.
178 1206 277 1242 Εὖροις
289 1205 319 1231 δ’
333 1205 367 1232 ἂν
387 1205 435 1231 καὶ
450 1205 481 1232 τὸ
497 1204 565 1231 πῦον
582 1205 622 1236 εις
642 1204 722 1231 πέντε
734 1204 857 1239 διαιρού-

72 1260 153 1286 μενον
176 1251 377 1287 σημαινόμενα·
403 1250 443 1282 εἷς
464 1259 495 1278 τε
518 1251 567 1282 τὰς
584 1250 638 1286 πρὸ
658 1250 705 1277 τοῦ
723 1250 862 1285 γάλακτος

71 1297 182 1332 ῥανίδας
197 1297 252 1323 τῶν
269 1296 360 1332 θηλῶν
374 1296 592 1331 ἀποθλιϐομένας
603 1303 609 1311 ⁸
635 1297 681 1322 καὶ
698 1297 738 1328 εἰς
753 1295 819 1322 αὐτὸ
832 1295 864 1322 τὸ

70 1342 143 1376 γάλα
153 1350 160 1357 ’
175 1343 224 1369 καὶ
242 1343 296 1378 μὴν
313 1342 363 1369 καὶ
377 1343 417 1374 εις
434 1343 465 1369 τὸ
481 1342 685 1377 μεταϐεϐληκὸς
709 1338 780 1375 αἷμα
816 1341 865 1367 καὶ

71 1389 102 1423 δὴ
120 1389 168 1415 καὶ
191 1388 232 1420 εἰς
254 1389 286 1414 τὸ
307 1388 481 1422 γαλακτῶδες
506 1387 599 1423 ὑγρὸν,
617 1388 687 1422 ὅπερ
708 1387 755 1413 καὶ
783 1386 863 1422 ὀρῥδν

73 1435 200 1462 καλοῦσι·
219 1435 292 1466 τινὲς
308 1434 337 1460 δὲ
350 1433 418 1460 πῦον
437 1434 549 1461 καλοῦσι
568 1433 615 1460 καὶ
629 1433 660 1460 τὸ
674 1433 734 1460 νέον
750 1433 788 1467 τῷ
801 1433 864 1468 χθε-

73 1481 140 1517 σινῷ
162 1480 316 1516 συνεψηθὲν
340 1480 423 1514 γάλα.
443 1477 504 1506 Οἵδε
524 1479 553 1506 δὲ
569 1479 618 1506 καὶ
631 1479 662 1506 τὸ
678 1477 735 1506 εἷεν
748 1478 864 1514 διάφορα

73 1527 235 1562 σημαίνειν·
258 1526 306 1553 καὶ
328 1525 383 1566 γὰρ
404 1524 649 1561 παραλαμϐάνεται
671 1524 722 1559 μὲν
737 1524 775 1556 ὼς
791 1523 864 1559 ἁρχὴ

72 1573 154 1607 λόγου
166 1581 174 1588 ι
192 1571 438 1608 παραλαμϐάνεται
453 1570 482 1597 δὲ
495 1570 543 1597 καὶ
564 1570 611 1596 ἐπὶ
632 1568 820 1601 κατανεύσεώς
837 1576 865 1595 τε

73 1610 121 1645 κᾶι
138 1617 366 1651 συγκαταθέσεως
378 1623 386 1631 ·
406 1616 431 1642 οἱ
443 1615 472 1643 δὲ
486 1614 721 1649 συλλαμϐάνοντες
734 1613 818 1649 ἄμφω
832 1612 869 1639 τὰ

73 1665 209 1700 εἰρημένα.
238 1661 439 1698 συγκατάθεσιν
463 1669 494 1688 τε
518 1659 616 1696 δηλοῦν
639 1660 706 1687 αὐτὸ
724 1659 866 1694 βούλονται

73 1711 127 1737 τῶν
141 1711 171 1737 ὲν
185 1709 226 1745 τῷ
240 1709 314 1745 λόγῳ
326 1707 546 1744 προειρημένων,
563 1707 610 1734 καὶ
623 1706 711 1742 ἀρχὴν
725 1705 781 1732 τῶν
800 1705 865 1740 μελ-

74 1756 174 1782 λόντων
189 1755 329 1790 εἰρῆσθαιι
343 1754 414 1782 ἀλλὰ
427 1753 475 1780 καὶ
488 1753 549 1780 ἀντὶ
562 1753 612 1780 τοῦ
626 1753 679 1786 ἆγε
692 1752 724 1788 δὴ
741 1753 775 1788 τῇ
790 1753 867 1788 φωνῇ

75 1803 234 1838 κέχρηνταν
258 1802 315 1833 τοῖς
337 1801 367 1828 δὲ
390 1799 636 1836 παραλαμϐάνεται
658 1800 707 1826 καὶ
731 1799 800 1826 κατὰ
817 1798 864 1825 τοῦ

75 1848 161 1873 ἐπαῖω
173 1847 222 1873 καὶ
238 1846 362 1881 συνίημι.
377 1845 432 1872 Καὶ
447 1844 607 1880 πολύστιχον
621 1844 656 1872 άν
671 1853 713 1876 τις
726 1844 864 1880 ἀπαρτίσῃ

76 1893 178 1929 βίϐλον,
189 1893 241 1918 οὐκ
253 1892 301 1918 ἐὰν
315 1890 397 1919 ποθὲν
409 1891 457 1923 τὰς
469 1890 641 1926 πολυσήμους
652 1890 744 1925 φωνὰς
757 1890 866 1921 ἁπάσας

75 1937 234 1974 περιλαϐεῖν
244 1937 381 1972 ἐθελήσοι,
389 1935 508 1972 ἐργῶδές
517 1944 546 1962 τε
555 1937 608 1972 γὰρ
613 1935 693 1962 τοῦτο
700 1937 746 1962 καὶ
754 1935 866 1970 πλησίον

75 1985 128 2010 τῶν
140 1984 309 2018 ἀνεφίκτων,
321 1982 379 2009 ἀλλ’
390 1982 439 2009 εὰν
452 1983 491 2014 εἰς
504 1981 533 2008 ἓν
547 1982 712 2016 συναγαγεῖν
722 1980 865 2016 βουληθείη

75 2032 122 2061 τὰς
140 2030 188 2055 επὶ
208 2028 291 2055 πλέον
303 2029 359 2054 τῶν
375 2027 464 2054 ἄλλων
480 2027 618 2062 συνήθεις,
637 2027 685 2053 καὶ
699 2027 756 2057 τοῖς
777 2026 866 2059 λόγοις

78 2075 178 2110 μᾶλλον
194 2073 436 2106 ἑπιπολαζούσας“
461 2070 507 2100 οἷα
525 2073 559 2109 δὴ
580 2073 627 2099 καὶ
648 2074 714 2108 ἡμῖν
739 2071 864 2107 ἐπράχθη

75 2123 122 2156 τὴν
133 2120 190 2147 τῶν
207 2120 359 2155 μειρακίων
372 2118 490 2154 ἠλικίαν⁷
499 2118 536 2150 ὼς
550 2119 596 2145 καὶ
609 2117 688 2149 αὐτὸς
696 2114 785 2149 οἶσθα,
795 2125 866 2151 παρ-

78 2168 239 2194 αλλάττουσι
248 2166 317 2201 (56)·
329 2165 390 2192 νυνὶ
397 2165 425 2192 δὲ
438 2166 485 2192 καὶ
497 2166 557 2191 ὅσαι
568 2165 702 2200 εἴρηνται,
710 2164 760 2199 τὴν
770 2164 865 2199 χρείαν

78 2214 204 2248 αὐτάρκη
219 2211 386 2247 παρέχονται
399 2219 407 2226 ·
433 2210 480 2236 καὶ
501 2210 562 2236 οὐδὲ
583 2209 628 2236 ἐπὶ
644 2208 771 2235 τοςοῦτον
797 2209 830 2235 ἂν
851 2209 865 2234 ὁ
878 2211 904 2241 ])

79 2260 141 2294 περὶ
157 2258 250 2285 αὐτῶν
265 2257 386 2293 προῆλθε
401 2257 490 2290 λόγος’
510 2256 587 2291 φίλον
604 2255 658 2290 γὰρ
671 2255 713 2282 ἀεί
730 2263 776 2290 μοι
793 2255 864 2281 διευ-

77 2304 220 2331 λαϐεῖσθαι
231 2303 262 2330 τὺ
276 2302 468 2338 ἀπειρόκαλον
485 2302 508 2327 εί
523 2301 562 2336 μὴ
575 2300 705 2332 πολλάκις
717 2300 782 2334 περὶ
796 2299 869 2332 ἐνίας

82 2350 129 2376 τῶν
141 2348 387 2384 διευκρινηθέντων
408 2348 506 2380 λέξεων
519 2345 633 2377 πολλοὺς
647 2343 706 2372 οῖδα
721 2344 868 2380 συζητοῦν-

82 2405 124 2428 τας
137 2395 186 2422 καὶ
200 2394 319 2430 σπουδὴν
334 2395 373 2425 εἰς
389 2393 508 2429 μάθησιν
523 2391 743 2425 συνεισάγοντας.

113 2441 146 2477 β’.
173 2439 255 2467 ’Δλλα
269 2440 323 2474 γὰρ
355 2438 489 2472 τοσαύτης
507 2436 638 2471 ἀφθονίας
668 2432 868 2470 εὐρισκομένης

78 2489 130 2514 τῶν
140 2486 308 2521 πολυσήμων
326 2486 355 2511 ὲν
368 2485 425 2516 τοῖς
437 2484 492 2510 τῶν
518 2483 639 2518 ἀρχαίων
668 2481 866 2515 συντάγμασιν,

67 2531 114 2560 ’ὧν
129 2534 144 2560 ὁ
160 2532 219 2568 βίος
235 2531 315 2567 εἴπερ
327 2539 355 2557 τι
363 2530 428 2557 ἄλλο
441 2528 561 2562 λογάδων
583 2527 682 2559 λέξεων
696 2527 713 2562 ἡ
724 2526 815 2561 σοφία,
842 2527 869 2551 τί

77 2580 176 2609 κωλύει
187 2580 238 2608 καὶ
253 2581 314 2611 ταῖς
329 2578 478 2613 ἡμετέραις
504 2575 674 2612 ίερολογίαις,
688 2572 732 2606 αἷς
745 2573 799 2600 τῶν
815 2582 866 2600 σω-

75 2629 179 2663 τηρίων
190 2627 280 2663 ἔργων
294 2626 397 2657 σκοπὸς
410 2625 428 2660 ἢ
438 2624 597 2652 διδασκαλία
606 2623 652 2650 καὶ
665 2623 682 2657 ἡ
696 2621 867 2657 παραίνεσις,

75 2676 212 2711 διαφόρων
238 2674 428 2709 ὑποκειμένων
469 2673 614 2708 σήμαντρα
646 2669 870 2704 παραλαμϐάνειν

913 929 1027 964 insuper
1051 934 1080 957 et
1097 937 1159 957 eum
1184 930 1231 964 qui
1262 929 1422 965 hujusmodi
1449 930 1583 958 scelestos
1608 937 1700 964 perse-

912 976 1017 1011 quitur,
1035 983 1134 1007 nempe
1159 977 1206 1011 qui
1228 976 1256 1003 in
1274 976 1406 1004 maleﬁcia
1423 976 1628 1007 animadvertit,
1645 983 1704 1011 pa:-

913 1030 1018 1056 nasque
1038 1023 1123 1049 areis
1151 1022 1292 1057 reposcit:
1321 1022 1394 1049 unde
1422 1023 1504 1049 etiam
1531 1022 1637 1057 Jupiter
1668 1022 1705 1049 ab

913 1068 1030 1095 ethnicis
1046 1068 1135 1095 dictus
1158 1068 1295 1104 ἀλάστωρ.
1321 1067 1393 1094 Πῦον
1420 1075 1529 1103 quoque
1558 1068 1658 1095 senties
1676 1068 1703 1094 in

913 1115 1034 1149 quinque
1049 1113 1217 1149 signiﬁcatus
1234 1114 1330 1141 abire:
1348 1121 1446 1148 nempe
1471 1113 1704 1148 signiﬁcatstillas

913 1159 1075 1194 papillarum
1098 1163 1161 1186 ante
1181 1159 1223 1186 lae
1240 1166 1395 1194 expressas,
1419 1159 1460 1186 lac
1476 1159 1578 1193 ipsum,
1608 1165 1666 1185 lum
1678 1164 1705 1186 et

913 1204 1074 1240 sanguinem
1099 1209 1271 1239 corruptum,
1298 1209 1356 1232 tum
1384 1204 1504 1239 denique
1536 1204 1703 1232 subviridem

914 1250 1057 1278 humorem
1084 1251 1199 1278 lacteum
1229 1251 1302 1286 quod
1325 1259 1416 1278 serum
1426 1256 1535 1279 vocant.
1562 1251 1619 1278 imo
1634 1260 1704 1278 non-

915 1296 981 1323 nulli
999 1296 1068 1322 πῦον
1084 1296 1222 1331 appellant
1240 1304 1341 1324 novum
1358 1297 1401 1324 lac
1419 1305 1480 1324 cum
1497 1298 1624 1324 hesterno
1638 1305 1704 1324 con-

914 1347 1036 1370 coctum.
1051 1343 1169 1370 Verbum
1196 1350 1305 1378 quoque
1330 1341 1385 1369 εἷεν
1407 1343 1516 1371 diversa
1544 1343 1702 1378 signiﬁcare

915 1388 985 1415 solet
1002 1397 1009 1416 :
1024 1396 1087 1416 nam
1103 1394 1130 1415 et
1147 1389 1257 1416 initium
1271 1389 1405 1416 orationis
1415 1393 1475 1423 est;
1492 1393 1519 1417 et
1538 1390 1572 1417 ad
1589 1397 1706 1417 conces—

916 1433 1021 1461 sionem
1051 1442 1274 1469 consensumque
1299 1435 1456 1462 adhibetur.
1486 1434 1615 1462 Nonnulli
1641 1443 1707 1462 vero

917 1484 1064 1515 utrumque
1087 1481 1282 1515 amplectentes
1307 1481 1472 1516 praedictum
1508 1482 1705 1516 signiﬁcatum,

879 1545 901 1574 ο
918 1534 983 1554 voce
997 1527 1046 1554 hac
1060 1532 1086 1554 et
1106 1527 1330 1562 approbationem
1347 1532 1410 1555 ante
1434 1527 1571 1555 dictorum
1595 1529 1622 1556 iu
1647 1537 1706 1556 ser-

918 1580 1000 1600 mone
1020 1573 1202 1600 demonstrari
1226 1573 1320 1606 aiunt,
1337 1578 1365 1600 et
1392 1574 1499 1601 initium
1521 1583 1584 1602 mox
1613 1575 1708 1602 dicen-

917 1619 1025 1644 dorum.
1050 1618 1169 1646 Utuntur
1194 1618 1247 1647 hac
1273 1627 1340 1647 voce
1364 1619 1446 1647 etiam
1474 1627 1524 1655 pro
1543 1628 1598 1656 ,age
1627 1629 1705 1649 vero.

917 1665 1033 1698 Quidam
1051 1665 1170 1700 denique
1185 1665 1325 1700 accipiunt
1341 1666 1423 1693 etiam
1443 1674 1491 1701 pro
1518 1667 1602 1694 audio
1617 1672 1643 1695 et
1657 1676 1706 1702 pro

917 1711 1049 1746 intelligo.
1068 1710 1194 1744 Ampium
1210 1711 1345 1738 coniicere
1372 1711 1466 1738 liceret
1482 1712 1621 1741 volumen.
1651 1720 1705 1739 non

916 1757 977 1785 dico
1001 1757 1037 1785 ob
1063 1756 1264 1784 eoacervandas
1294 1757 1415 1792 undique
1441 1758 1509 1784 varii
1530 1758 1707 1793 signiﬁcatus

916 1812 999 1833 voces
1016 1804 1090 1840 (nam
1112 1804 1139 1831 id
1149 1812 1294 1839 operosum
1312 1810 1338 1832 et
1354 1812 1438 1840 prope
1451 1805 1643 1840 impossibile),
1657 1808 1705 1834 sed

916 1851 941 1878 si
956 1851 1019 1885 quis
1029 1850 1070 1878 vel
1081 1851 1239 1878 usitatiores
1252 1852 1440 1879 tantummodo
1456 1858 1606 1886 congerere
1615 1852 1706 1885 Vellet,

916 1901 941 1924 et
954 1904 1015 1932 quae
1028 1897 1055 1923 ili
1071 1905 1224 1924 sermonem
1248 1897 1418 1932 frequentius
1434 1898 1599 1930 incurrunt;
1614 1898 1707 1932 cujus-

917 1943 990 1970 modi
1009 1950 1079 1978 opus
1091 1951 1105 1971 ιι
1122 1950 1166 1970 me
1190 1943 1249 1976 ipso
1269 1943 1422 1971 coniectum
1437 1943 1498 1975 fuit,
1517 1948 1547 1971 ut
1571 1943 1636 1976 scis,
1651 1951 1707 1979 quo

917 1994 1039 2024 tempore
1064 1997 1080 2016 e
1095 1990 1187 2024 pueris
1214 1990 1392 2017 excedebam.
1425 1989 1504 2017 Nunc
1529 1994 1618 2018 tamen
1645 1998 1708 2025 qua:

917 2035 1050 2063 hactenus
1076 2036 1145 2066 dixi.
1177 2036 1215 2063 rei
1245 2036 1373 2069 presenti
1408 2036 1517 2063 abunde
1556 2035 1706 2065 subiciunt.

917 2080 975 2108 lmo
1000 2089 1033 2108 ne
1061 2082 1154 2110 tandiu
1186 2082 1297 2116 quidem
1332 2090 1487 2110 sermonem
1514 2084 1705 2118 produxisseui

918 2128 993 2161 (nam
1009 2128 1073 2155 mihi
1102 2128 1137 2155 ab
1167 2127 1314 2156 insolentia
1333 2130 1446 2157 cavendi
1474 2137 1535 2157 mos
1557 2135 1707 2165 perpetuus

919 2172 994 2208 fuit),
1011 2174 1062 2200 nisi
1075 2181 1265 2208 saepenumero
1277 2174 1532 2202 animadvertissem
1548 2176 1619 2203 circa
1637 2184 1707 2203 non-

918 2219 1009 2246 nullas
1030 2219 1175 2254 eaueroqui
1193 2219 1277 2254 probe
1302 2220 1458 2255 exploratas
1480 2228 1572 2253 voces,
1606 2222 1710 2248 multos

917 2264 1009 2291 adhuc
1027 2263 1181 2299 disputare,
1194 2264 1370 2300 studiumque
1389 2266 1424 2294 ad
1440 2273 1486 2294 eas
1502 2268 1708 2301 cognoscendus

917 2310 1052 2338 conferre.

955 2441 983 2469 2.
1007 2441 1063 2477 Age
1081 2449 1143 2469 vero
1158 2450 1220 2469 cum
1236 2446 1311 2469 tanta
1326 2442 1362 2469 sit
1375 2442 1602 2478 signiﬁcationum
1620 2444 1709 2471 varia-

920 2497 981 2516 rum
995 2488 1071 2522 copia
1090 2487 1116 2514 in
1136 2488 1246 2522 scriptis
1263 2493 1381 2514 veterum
1393 2509 1401 2521 ,
1415 2497 1531 2524 quorum
1545 2489 1605 2516 vita:
1619 2490 1707 2516 curri-

920 2535 1010 2562 culum
1024 2535 1049 2561 in
1065 2534 1178 2561 scientia
1196 2534 1329 2568 praecipue
1343 2535 1546 2569 deligendorum
1564 2535 1708 2562 verborum

921 2585 1115 2614 consumptum
1142 2579 1210 2612 fuit;
1233 2580 1297 2614 quid
1325 2580 1352 2607 ni
1377 2585 1477 2608 nostra:
1501 2589 1610 2614 quoque
1637 2580 1709 2607 Scri-

922 2631 1007 2661 ptuiat
1022 2633 1125 2657 sacrae,
1152 2633 1267 2660 quarum
1286 2631 1375 2652 tamen
1401 2626 1464 2653 ﬁnis
1486 2631 1528 2653 est
1548 2626 1708 2653 salutarium

925 2679 1038 2706 OpCI'ulli
1059 2671 1245 2706 magisterium
1261 2676 1289 2699 et
1305 2671 1397 2699 suasio
1409 2691 1416 2704 ,
1436 2672 1500 2706 quid
1523 2672 1567 2704 ni,
1585 2671 1708 2705 inquam,

841 2738 957 2767 ΝΟΤΛΕ.

110 2815 166 2850 (36)
184 2815 254 2842 llinc
266 2814 458 2848 cognoscimus
485 2820 538 2850 qua
556 2811 770 2850 aa_tate_Lexicon
787 2818 866 2850 suum

73 2846 226 2878 confecerit
254 2846 383 2882 Plio-tius;
404 2846 738 2884 quam—lucubrationem
755 2846 870 2884 antehac

73 2886 218 2917 incditain,
239 2890 335 2913 nostra
351 2881 461 2912 demum
478 2888 556 2912 male
570 2881 690 2918 vulgavit
711 2881 808 2916 Lipsiae
824 2889 869 2907 an.

915 2810 984 2851 l808
1053 2809 1234 2871 lleémannus,
1251 2816 1304 2835 non
1329 2813 1418 2836 tamen
1434 2808 1493 2836 sine
1509 2807 1585 2842 gravi
1610 2808 1709 2837 lacuna

917 2850 1014 2871 inter-
1042 2850 1068 2871 el.
1107 2865 1113 2871 .

917 2850 988 2873 Inter
1004 2850 1027 2871 Δ
1042 2850 1068 2873 et
1085 2850 1113 2871 Ε.
