1882 3075
165 145 216 178 n5
738 139 871 170 PIIOTII
891 139 1143 170 PATRIARCILE
1166 140 1222 170 cr.
1744 141 1790 173 ης

164 212 217 230 non
245 203 280 230 ita
306 201 385 230 facile
404 201 506 230 veritas
522 198 688 236 probaverit.
709 202 766 225 tum
789 197 854 232 quia
871 196 953 224 nimis

1042 197 1190 224 απτύσσει·
1211 198 1257 224 τὸν
1276 198 1390 234 οὐρανὸν
1404 198 1433 226 δὲ
1449 199 1587 234 προτάξας
1609 200 1662 235 τὴν
1671 199 1726 235 πρὸ
1747 200 1789 227 τοῦ

163 255 316 277 wntortum
332 255 384 281 est,
402 253 459 285 tum
475 249 539 284 quia
557 247 673 276 dicendo
695 246 829 275 caelorum
839 244 953 272 creatio-

1042 242 1199 278 ερεώματος
1211 243 1259 270 καὶ
1274 243 1344 279 ὑπὲρ
1367 245 1478 279 κόσμιον
1498 245 1664 272 κατάστασιν
1679 245 1722 272 διὰ
1744 245 1791 279 τῆς

163 303 226 322 nem
240 295 273 323 de
286 295 392 323 caelesti
412 303 495 330 regno
507 294 618 322 Judteos
630 293 697 321 nihil
708 292 801 320 minus
814 291 953 318 illumina-

1042 289 1104 315 ὑτου
1117 289 1254 324 ποιήσεως
1271 290 1455 326 ὑπεδήλωσεν.
1476 291 1557 318 Ἀλλὰ
1575 292 1655 318 τοῦτο
1682 293 1732 326 μὲν
1745 293 1791 319 οὐκ

163 342 212 373 vit,
230 349 312 376 quam
328 342 351 369 si
367 341 482 369 omnino
501 341 691 372 couticuisset,
714 344 771 368 tum
787 339 852 374 quia
867 337 953 367 multa

1046 334 1146 370 ῥᾳδίως
1151 335 1305 371 ἀγαπήσῃή
1320 336 1443 370 ἀλήθεια,
1453 337 1529 363 ante
1542 338 1601 364 λίαν
1609 337 1790 369 ὶκσεόίασται,

163 387 227 414 item
244 388 298 414 alia
316 387 380 415 huic
394 387 515 422 opinioni
528 387 719 414 adversantur.

1042 380 1052 406 't
1063 380 1104 407 ὅτι
1124 379 1208 407 εἰπὼν
1218 381 1456 417 οὐρανῶντποίησιν
1470 383 1534 418 περὶ
1547 383 1596 418 τῆς
1608 383 1662 409 τῶν
1674 384 1791 419 οὐρανῶν

164 433 303 469 βασιλείας
337 434 400 464 τοὺς
424 432 570 464 Ἰουδαίους
582 432 659 459 οὐδὲν
677 429 757 468 ἧττον
775 429 915 466 ὠφέλησεν
928 428 947 464 ἢ
964 427 988 454 εί
999 425 1140 457 παντελῶς
1149 425 1327 462 ἀπεσιώπησε
1341 435 1349 442 ·
1362 429 1409 454 καὶ
1422 428 1507 464 πολλὴ
1529 428 1595 464 ἄλλη
1611 429 1680 464 πρὸς
1694 430 1792 465 ταύτην

163 481 214 516 τὴν
236 479 371 514 ὑπόληψιν
407 478 614 510 ὺπεναντίωσις.

197 529 223 556 2.
245 528 296 555 Alii
310 535 375 555 vero
390 528 417 554 in
433 527 551 562 paradisi
564 526 738 554 enarratione
757 526 852 552 dicunt
868 524 951 551 etiam

1042 521 1075 556 β’.
1095 519 1187 547 Ἄλλοι
1201 519 1230 546 δὲ
1248 520 1277 546 ἰν
1287 520 1320 554 τῇ
1337 519 1402 554 περὶ
1414 519 1580 554 παραδείσου
1594 520 1718 555 διηγήσει
1745 530 1793 556 φα-

162 583 279 610 regnum
303 574 436 602 malorum
458 574 578 604 includi:
596 581 660 608 pars
683 573 756 600 enim
789 575 952 599 retentorum

1057 566 1104 593 καὶ
1122 565 1169 601 τὴν
1190 565 1246 592 τῶν
1258 565 1382 600 οὐρανῶν
1396 564 1535 600 βασιλείαν
1566 566 1772 600 συνεισάγεσθαι
1785 575 1792 582 ·

162 623 298 650 bonorum
317 625 344 647 et
364 619 542 647 beatitudinis
571 619 707 654 perceptio
732 617 873 652 paradisus
894 621 951 648 est;

1046 620 1091 648 ρος
1105 612 1159 646 γὰρ
1173 611 1227 638 τῶν
1240 611 1358 638 αἰωνίων
1382 611 1494 644 ἀγαθῶν
1523 611 1571 638 καὶ
1593 613 1793 648 μακαριότητος

163 668 224 695 ideo
238 671 265 694 et
280 666 378 693 latroni
395 665 540 700 flagitanti,
557 669 587 691 ut
605 664 632 691 in
652 671 734 698 regno
755 663 800 690 Dei
822 661 953 690 memoria

1042 659 1156 690 ;όλαυσις
1170 659 1185 685 ὁ
1198 658 1361 693 παράδεισος
1373 667 1380 673 ·
1398 658 1439 684 διὸ
1459 659 1505 685 καλ¹
1523 659 1563 694 τῷ
1578 659 1664 695 λῃστῇ
1680 661 1794 692 αἰτησα-

163 714 206 740 sui
230 712 387 744 haberetur,
413 710 559 746 paradisus
585 709 746 737 incolendus
777 708 905 736 tribuitur
932 707 952 734 ¹.

1042 712 1084 739 ηνῳ
1100 704 1131 732 ὲν
1141 705 1175 739 τῇ
1190 703 1314 739 βασιλείᾳ.
1327 704 1376 731 τοῦ
1388 704 1457 731 Θεοῦ
1476 705 1588 739 μνήμης
1601 706 1704 740 τυχεῖν,
1720 705 1736 740 ἡ
1747 706 1792 732 τοῦ

164 760 264 787 Verum
282 758 446 789 cavendum,
464 764 497 784 ne
522 757 575 784 hoe
600 757 685 783 multo
700 755 770 783 infra
795 754 952 789 dignitatem

1042 749 1171 785 ,ραδείσου
1184 750 1310 786 διατριῦὴ
1318 750 1484 777 ἀποδίδοται.
1507 751 1586 778 Ἀλλὰ
1602 752 1707 786 μήποτε
1717 750 1794 777 τοῦτο

163 805 238 840 regni
253 805 385 832 ccelorum
400 803 445 831 sit.
461 802 621 830 Plantarum
637 801 710 829 enim
727 802 808 828 flores
823 805 850 827 et
866 807 952 826 venu—

1042 798 1120 830 ςτῶν
1147 797 1271 833 οὐρανῶν
1284 797 1423 833 βασιλείας
1448 797 1515 824 πολὺ
1541 798 1573 824 ἂν
1604 798 1794 832 ταπεινότερον

164 855 259 881 states,
277 849 406 884 ﬂuviique
423 857 455 877 ac
465 849 560 876 latices
570 849 660 876 locum
679 847 755 874 illum
770 846 953 873 circumluen-

1042 850 1069 879 ι·
1095 844 1187 878 φυτῶν
1202 844 1251 878 μὲν
1270 843 1325 879 γὰρ
1337 843 1403 878 ἄνθη
1417 844 1465 871 καὶ
1480 843 1577 877 κάλλη,
1603 843 1722 877 ποταμοὶ
1747 843 1795 869 καὶ

162 901 217 927 tcs,
243 896 438 930 fructuumque
456 894 635 930 pulchrorum
668 893 787 920 varietas
810 896 836 919 ct
864 891 953 918 herba:

1042 898 1113 924 ματα
1136 889 1166 916 τὸ
1176 889 1276 925 χωρίον
1292 889 1482 925 περιρῤέοντα,
1502 889 1616 924 καρπῶν
1639 897 1669 916 τε
1686 889 1796 924 ὡραίων

165 941 328 969 suavitatem
349 941 488 975 spirantes
508 947 540 967 ac
557 939 684 975 gratiam,
707 942 736 965 et
757 937 848 965 modis
862 937 953 965 omni-

1043 936 1126 963 ικιλία
1151 936 1198 962 καὶ
1219 935 1339 971 βοτανῶν
1360 935 1456 971 φύσεις
1479 935 1528 972 ἡδύ
1559 944 1589 962 τε
1613 936 1661 962 καὶ
1682 935 1795 971 ἐπίχαρι

164 985 216 1013 bus
228 991 305 1012 terra
318 985 402 1012 facies
421 988 552 1012 exornata
563 991 595 1011 ac
610 983 749 1016 decorata,
766 986 793 1010 et
807 983 878 1010 aeris
890 987 953 1010 lenv

1042 982 1145 1015 ἐουσαι,
1161 982 1208 1009 καὶ
1224 982 1268 1009 διὰ
1286 982 1394 1010 πάντων
1410 982 1441 1009 τὸ
1454 982 1597 1018 πρόσωπον
1611 982 1660 1017 τῆς
1682 983 1735 1017 γῆς
1750 990 1797 1009 κο-

165 1031 254 1067 perics
267 1038 334 1066 pura
347 1035 428 1066 atque
440 1029 576 1065 pellucida
591 1029 748 1064 primosque
763 1029 830 1056 solis
860 1028 953 1056 radios

1042 1028 1159 1063 ησύμενόν
1172 1037 1204 1055 τε
1222 1028 1270 1055 καὶ
1281 1028 1475 1064 ὼραῐζόμενον,
1486 1029 1533 1055 καὶ
1547 1028 1628 1064 ἀέρος
1646 1029 1745 1064 κρᾶσις
1756 1029 1797 1060 εἰς

163 1078 328 1113 suscipiens,
344 1083 435 1104 nonne
445 1076 503 1104 hac
517 1080 600 1103 totam
615 1075 753 1110 regionem
766 1075 840 1102 illam
853 1075 953 1109 jucun-

1042 1074 1180 1111 θαρότητα
1213 1075 1260 1102 καὶ
1290 1074 1429 1109 διαύγειαν
1454 1074 1639 1110 ἀνηπλωμένη
1670 1075 1718 1101 καὶ
1745 1074 1798 1107 τὰς

164 1125 247 1151 ditate
258 1131 289 1151 ac
297 1123 436 1157 voluptate
455 1122 583 1150 sensibus
597 1121 799 1157 permulcendis
824 1126 885 1156 apta
899 1128 953 1156 pne

1042 1121 1118 1153 ιώτας
1131 1122 1243 1153 ἀκτῖνας
1260 1121 1443 1157 ὑποδεχομένη
1463 1121 1510 1147 τοῦ
1533 1121 1620 1156 ἡλίου,
1648 1121 1707 1153 πῶς
1734 1121 1798 1156 οὐχὶ

164 1171 218 1198 alio
237 1176 404 1205 quoeunque
434 1168 494 1196 loco
525 1167 779 1202 praestantissimam
810 1166 953 1194 eﬂicinut?

1050 1167 1148 1204 χωρίον
1164 1168 1224 1194 ὅλον
1249 1167 1413 1195 ἀποτελοῦσι
1429 1167 1612 1203 τερπνότητός
1627 1176 1655 1194 τε
1671 1168 1718 1194 καὶ
1735 1168 1799 1202 ἠδο-

166 1216 362 1244 Verumtamen
385 1214 461 1250 regni
485 1214 616 1242 caelorum
638 1214 708 1242 bona
726 1213 859 1241 immenso
880 1213 953 1240 illam

1042 1223 1062 1246 ς,
1077 1214 1128 1248 ὅση
1142 1214 1268 1249 γοητεύει
1282 1213 1332 1245 τὰς
1348 1213 1498 1249 αἰσθήσεις,
1515 1213 1625 1240 πάντων
1641 1213 1737 1248 φέρειν
1765 1213 1798 1240 τδ

162 1265 328 1297 exsuperant
347 1259 500 1288 intervallo.
518 1269 528 1286 ι
552 1259 644 1295 Neque
669 1259 742 1288 enim
765 1259 861 1287 oculos
876 1259 952 1291 vidit,

164 1315 252 1342 neque
268 1306 345 1334 auris
359 1305 473 1339 audivit,
489 1311 576 1340 neque
596 1306 622 1332 in
643 1313 691 1333 cor
708 1305 826 1332 hominis
840 1305 954 1332 descent-

1004 1260 1154 1295 ἀκρότατον
1167 1268 1174 1292 ;
1192 1259 1267 1296 Πλὴν
1282 1259 1351 1287 ἀλλὰ
1364 1268 1396 1293 γε
1409 1260 1458 1295 τῆς
1480 1259 1619 1294 βασιλείας
1645 1259 1680 1286 τὰ
1704 1259 1799 1293 ἀγαθᾶ

1003 1305 1111 1341 ἀπείρῳ
1142 1305 1234 1341 μέτρῳ
1260 1305 1490 1341 ὑπερανέστηκεν.
1512 1314 1521 1331 ι
1540 1305 1605 1332 Οὐδὲ
1620 1305 1673 1340 γὰρ
1694 1305 1800 1339 ὀφθαλ-

163 1354 213 1383 ιΙίι,
227 1360 287 1388 quae
302 1351 464 1387 przeparavit
478 1351 548 1378 Deus
559 1351 732 1387 diligentibus
742 1359 771 1378 se
779 1352 799 1378 ³,
817 1359 827 1376 ι
840 1349 953 1378 Praescr-

1043 1360 1056 1383 ς
1073 1350 1152 1383 εἴδεν,
1169 1350 1232 1378 οὔτε
1246 1349 1291 1382 οὖς
1305 1352 1430 1386 ἤκουσεν,
1446 1351 1507 1378 οὔτε
1535 1351 1582 1377 ἐπὶ
1601 1352 1716 1387 καρδίαν
1746 1352 1799 1379 ἁν-

164 1399 210 1425 tim
228 1405 289 1425 cum
308 1398 412 1424 Adamo
424 1397 567 1432 paradisus
583 1406 636 1424 non
653 1402 713 1424 erat
739 1402 870 1432 tanquam
886 1404 953 1431 pra:-

1042 1396 1114 1424 ώπου
1129 1397 1225 1432 ἀνέϐη,
1241 1396 1259 1424 ἃ
1277 1397 1424 1432 ἡτοίμασεν
1449 1397 1464 1424 ὁ
1485 1397 1551 1429 Θεὸς
1567 1398 1623 1429 τοῖς
1651 1398 1800 1431 ἀγαπῶσιν

163 1444 248 1471 mium
267 1443 448 1471 certaminum
462 1448 489 1470 et
500 1443 623 1470 laborum
635 1443 801 1478 assignatus,
813 1443 859 1470 Sed
874 1443 953 1478 quasi

1042 1444 1096 1470 τόν.
1117 1452 1126 1468 ι
1143 1443 1247 1474 Ἄλλως
1270 1451 1300 1470 τε
1325 1443 1353 1470 δὲ
1370 1443 1417 1470 καὶ
1437 1443 1478 1470 ὅτι
1499 1443 1538 1478 τῷ
1560 1443 1646 1479 ’Δδὰμ
1669 1445 1684 1470 ὁ
1702 1444 1800 1480 παρά-

163 1490 287 1522 ιαιιιτειιο
301 1489 391 1524 potitus
405 1496 437 1515 ac
448 1489 567 1516 stadium
586 1489 709 1522 virtulis;
729 1489 838 1524 ρι’ίξηιὶιι
852 1496 915 1517 vero
927 1493 953 1516 et

1042 1499 1092 1522 ao;
1111 1490 1141 1517 οὐ
1158 1490 1294 1526 βραϐείων
1313 1491 1360 1517 καὶ
1382 1490 1506 1517 ἐπάθλων
1519 1490 1604 1526 γέρας
1619 1491 1799 1526 ἐγνωρίξετο,

162 1543 271 1564 corome
294 1535 426 1571 majorem
449 1535 550 1570 ubique
569 1540 598 1563 et
618 1535 809 1570 perfertiorem
836 1535 953 1563 aﬂ‘erunt

1043 1537 1155 1572 μνάσιον
1168 1537 1196 1564 δὲ
1213 1536 1314 1572 μᾶλλον
1324 1537 1356 1562 τδ
1370 1537 1470 1571 χωρίον
1485 1536 1633 1572 προῦκειτο
1656 1538 1704 1563 καὶ
1728 1538 1801 1564 στά-

162 1582 356 1609 oblcctationis
371 1588 463 1615 usum,
477 1586 505 1609 et
513 1580 633 1610 stadium
648 1589 729 1608 nemo
744 1581 834 1609 adhuc
849 1582 953 1616 przemii

1042 1592 1060 1610 ιν
1076 1584 1176 1619 ἀρετῆς
1186 1591 1192 1598 ·
1210 1583 1244 1610 τὰ
1257 1583 1285 1610 δὲ
1302 1583 1407 1610 ἔπαθλα
1419 1584 1467 1610 καὶ
1489 1584 1515 1610 οι
1532 1583 1659 1619 στέφανοι
1674 1584 1803 1619 δηλονότι

163 1629 251 1656 locum
272 1627 397 1655 obtinere
414 1628 529 1655 audivit.
551 1627 715 1655 Conceditur
736 1633 827 1655 autem
855 1629 953 1655 latroni

1042 1629 1091 1661 ίζω
1105 1629 1154 1656 καὶ
1168 1629 1338 1665 τελειοτέραν
1350 1630 1399 1665 τὴν
1417 1629 1568 1656 ἀπόλαυσιν
1594 1631 1720 1666 φέρουσι,
1749 1631 1802 1657 καὶ

162 1674 308 1709 paradisus
324 1673 399 1700 velut
414 1674 496 1700 arrba
514 1674 639 1708 quaedam
651 1678 677 1701 et
696 1673 851 1702 futurorum
869 1675 953 1702 bono-

1042 1676 1112 1703 ἅδιον
1129 1676 1219 1706 οὐδεὶς
1233 1676 1341 1703 οὐδέπω
1354 1675 1490 1712 βραϐείων
1503 1677 1551 1703 καὶ
1565 1677 1692 1704 ἐπάθλων
1713 1677 1803 1711 φύσιν

161 1728 222 1748 rum
243 1718 422 1755 prooemium;
443 1727 505 1746 cum
526 1718 598 1746 enim
623 1723 689 1746 tunc
714 1720 851 1747 communi
873 1724 953 1747 aeter-

1042 1721 1144 1748 τελθεῖν
1158 1721 1212 1748 οὐδ’
1227 1721 1312 1757 ἀκοὴν
1323 1718 1386 1757 εὗρε
1400 1721 1570 1749 διδάσκαλον.
1588 1722 1736 1756 Είσάγεται
1768 1723 1802 1749 δὲ

161 1775 261 1795 norum
276 1767 409 1794 bonorum
433 1765 605 1793 retributioni
631 1765 751 1792 nondum
778 1770 850 1793 esset
865 1766 951 1798 locus,

1042 1768 1072 1799 ὸς
1086 1767 1132 1794 τὸν
1148 1767 1312 1803 παράδεισον
1329 1769 1343 1794 ὁ
1359 1767 1461 1804 λῃστὴς
1474 1765 1530 1794 οἷον
1547 1768 1706 1803 ἀρραὖῶνός
1720 1777 1804 1802 τινος

162 1821 217 1841 non
231 1817 419 1847 eratmqunm,
434 1816 462 1838 ut
475 1811 532 1845 ipse
543 1811 619 1839 solus
639 1819 672 1838 cx
695 1812 833 1843 omnibus,
851 1812 898 1847 qui
919 1812 953 1839 ab

1042 1816 1049 1840 ι
1060 1814 1204 1850 προοιμίου
1212 1813 1266 1840 τῶν
1279 1813 1430 1848 μελλόντων
1440 1813 1549 1848 ἀγαθῶν
1555 1813 1713 1848 ἀξιούμενος
1723 1815 1776 1849 (52
1781 1824 1803 1847 ρ’

161 1858 238 1885 initio
253 1858 329 1885 citari
346 1856 469 1892 gratique
487 1855 540 1883 Deo
555 1854 672 1889 fuerant,
685 1856 718 1883 ad
729 1856 811 1883 finem
825 1863 953 1884 extremae

1042 1860 1095 1894 είγε
1110 1861 1160 1896 τῆς
1175 1860 1269 1895 κοινῆς
1284 1860 1487 1892 ἀνταποδόσιως
1501 1860 1556 1886 τῶν
1581 1860 1698 1887 αἰωνίων
1721 1861 1803 1896 ἀγα-

162 1903 339 1931 beatitudinis
358 1907 512 1939 perveniret
530 1907 558 1930 et
575 1903 635 1930 sine
646 1904 798 1932 innumeris
811 1904 866 1932 illis
888 1912 952 1932 san-

160 1954 266 1976 ctorum
281 1949 401 1977 coetibus
416 1955 666 1983 consumtnaretur,
681 1955 710 1977 ιιι
722 1954 749 1978 et
760 1951 840 1978 divus
848 1950 950 1979 Paulus

161 1999 338 2026 protestatur.

1001 1907 1056 1933 θῶν
1069 1908 1152 1942 μήπω
1165 1906 1227 1933 τότε
1243 1906 1338 1941 καιρὸν
1352 1905 1481 1942 ἐχούσης,
1495 1906 1550 1933 οὐδ’
1557 1906 1637 1938 αὐτὸς
1648 1904 1682 1942 ἦν
1689 1906 1805 1939 δίκαιος

1000 1954 1081 1990 μόνος
1096 1954 1128 1980 ὲκ
1143 1953 1251 1980 πάντων
1274 1953 1328 1979 τῶν
1353 1953 1400 1979 ἀπ’
1427 1953 1525 1984 αἰῶνος
1549 1953 1804 1988 εὐαρεστησὼτων

999 1999 1058 2035 Θεῷ
1071 1999 1138 2034 πρὸς
1148 1998 1179 2026 rb
1186 1999 1262 2030 τέλος
1275 1999 1378 2034 φθάσαι
1391 1999 1442 2034 τῆς
1457 1999 1575 2034 ἐσχάτης
1595 2000 1805 2035 μακαριότητος

160 2042 206 2068 καὶ
218 2042 302 2077 χωρὶς
316 2042 371 2069 τῶν
383 2042 489 2077 μυρίων
503 2042 616 2070 ἐκείνων
631 2043 720 2079 χορῶν
733 2043 787 2070 τῶν
800 2043 884 2079 ἁγίων
895 2046 1080 2083 τελειωθῆναι,
1089 2047 1127 2079 ὥς
1137 2055 1188 2074 που
1200 2046 1248 2074 καὶ
1261 2047 1275 2072 ὁ
1288 2046 1430 2078 θεσπέσιος
1445 2045 1551 2078 Παῦλος
1565 2046 1803 2084 διαμαρτύρεται,

191 2086 219 2116 3.
238 2086 341 2115 Horum
363 2088 448 2124 igitur
463 2097 523 2124 qum
546 2089 666 2117 diximus
687 2090 778 2125 aliqua
801 2099 855 2118 non
871 2093 953 2127 pauci

1042 2097 1078 2128 γ’.
1095 2094 1155 2120 Τῶν
1170 2093 1260 2120 τοίνυν
1276 2092 1429 2128 εἰρημένων
1446 2092 1504 2119 ἔνια
1516 2094 1567 2120 οὐκ
1580 2094 1665 2128 ὀλίγοι
1682 2095 1732 2130 μὲν
1740 2096 1806 2122 τῶν

161 2139 222 2161 ante
235 2142 283 2160 nos
300 2139 329 2160 ut
344 2141 443 2162 causas
455 2134 620 2167 retulerunt,
634 2143 682 2162 cur
694 2136 768 2163 nulla
780 2137 855 2172 regni
869 2139 953 2165 coelo-

1042 2140 1061 2166 ιδ
1073 2140 1154 2176 ὴμῶν
1168 2139 1206 2172 ὠς
1224 2139 1314 2171 αἰτίας
1327 2139 1374 2166 τοῦ
1392 2140 1429 2175 μὴ
1444 2141 1536 2185 τυχεῖν
1554 2141 1664 2176 μνήμης
1675 2141 1724 2176 τὴν
1739 2142 1807 2168 τῶν

162 2187 221 2206 rum
244 2179 346 2206 mentio
365 2180 437 2207 facta
462 2180 545 2208 fuerit
563 2181 608 2208 ubi
632 2180 720 2209 Moses
744 2183 837 2209 mundi
860 2189 952 2212 ortum

160 2230 187 2251 et
198 2225 688 2260 constitutionemlitterismandavit;
704 2235 756 2255 non
771 2229 848 2263 pauci
862 2234 951 2257 tamen

162 2271 188 2297 in
207 2270 321 2298 dubium
338 2279 369 2298 ea
386 2277 560 2300 revocarunt.
577 2272 708 2308 Etl‘ugerit
721 2279 812 2301 autem
837 2275 953 2304 fortasse

161 2316 259 2351 aliquis
274 2325 357 2344 ansas
375 2316 435 2345 illas
447 2317 571 2350 dicendo,
588 2323 731 2354 propterea
756 2319 859 2348 Mosen]
875 2322 952 2357 regni

160 2362 293 2388 ctrlorum
311 2369 365 2388 non
380 2361 548 2395 meminisse,
564 2363 628 2397 quia
645 2363 787 2398 Scriptura
799 2370 826 2392 et
837 2366 879 2393 lex
895 2374 910 2394 ιι
922 2375 952 2394 se

160 2415 215 2433 non
236 2411 343 2441 poterat
364 2408 495 2434 malorum
523 2415 638 2443 regnum
666 2408 769 2444 largiri.
792 2409 862 2443 Quid
878 2412 951 2439 enim

160 2460 221 2479 mea
250 2453 372 2484 interest,
388 2453 520 2480 caelorum
547 2461 662 2488 regnum
689 2454 842 2489 addiscere,
867 2456 888 2484 si
905 2457 951 2484 illo

159 2507 208 2534 per
225 2499 292 2534 legis
310 2499 465 2527 institutmn
480 2499 562 2534 potiri
585 2501 711 2535 nequeo?
724 2502 884 2530 Communis
899 2511 950 2530 au-

160 2549 214 2572 tent
228 2544 359 2572 Dotninus
373 2549 400 2573 et
416 2545 551 2579 Salvator,
572 2546 703 2580 quoniam
726 2547 779 2574 tale
794 2548 873 2576 nobis
894 2554 951 2577 tra-

159 2591 229 2618 didit
244 2592 410 2626 institutum,
427 2600 457 2620 se
477 2593 566 2628 ipsum
582 2594 609 2620 in
621 2594 775 2629 exentplum
797 2603 951 2630 proponens

160 2636 287 2672 (lialxetur
304 2638 375 2665 enim
389 2639 415 2666 in
433 2638 583 2674 Scripturis
600 2649 607 2666 :
621 2649 630 2666 ι
651 2639 704 2668 Ubi
719 2642 802 2677 erepit
819 2642 910 2671 facere
923 2647 951 2671 et

196 2693 204 2709 '
231 2693 300 2722 Luc.
321 2702 400 2729 χχιιι,
424 2695 469 2730 ιε,
495 2696 540 2723 43.
579 2698 589 2712 ²
610 2697 619 2724 l
643 2697 708 2725 Cor.
731 2705 761 2731 ll,
791 2698 820 2725 9.

1000 2186 1124 2222 οὐρανῶν
1141 2185 1291 2221 βασιλείαν,
1305 2187 1335 2213 ὲν
1349 2184 1372 2220 ᾧ
1401 2184 1522 2222 Μωῠσῆς
1550 2186 1600 2222 τὴν
1618 2187 1666 2214 τοῦ
1690 2187 1807 2222 κόσμου

1001 2231 1156 2267 καταϐολὴν
1172 2231 1302 2266 ἔγραψεν,
1313 2231 1528 2264 ἀποδεδώκασιν,
1539 2233 1589 2259 οὐκ
1603 2233 1688 2267 ὀλίγοι
1704 2233 1733 2260 δὲ
1748 2235 1807 2262 καὶ

1001 2278 1040 2309 είς
1050 2277 1258 2313 ἀμφισϐήτησιν
1283 2278 1487 2312 περιείλκυσαν.
1509 2279 1588 2310 Ἴσως
1604 2279 1627 2305 δ’
1639 2279 1671 2306 ἄν
1685 2288 1728 2310 τις
1757 2281 1804 2307 ει-

1002 2321 1061 2349 πὼν
1075 2322 1190 2357 ἐκφύγοι
1207 2322 1257 2354 τὰς
1272 2323 1478 2358 προειρημένας
1497 2323 1593 2355 λαϐὰς.
1611 2324 1649 2355 ὡς
1676 2325 1805 2362 ἐπείπερ

1002 2368 1021 2402 ἡ
1031 2367 1076 2394 τοῦ
1090 2367 1232 2400 Μωῡσέως
1244 2368 1390 2404 συγγραφὴ
1402 2369 1450 2395 καὶ
1471 2369 1616 2404 νομοθεσία
1631 2370 1680 2404 οὐχ
1703 2371 1749 2396 οἶα
1767 2380 1806 2398 τε

1004 2409 1037 2448 ἦν
1051 2411 1191 2447 βασιλείαν
1207 2413 1332 2448 οὐρανῶν
1359 2413 1531 2448 χαρίζεσθαι,
1558 2414 1602 2441 διὰ
1629 2415 1710 2441 τοῦτο
1733 2416 1807 2443 οὐδὲ

1003 2458 1106 2494 ταύτης
1134 2459 1173 2490 είς
1187 2459 1298 2495 μνήμην
1311 2459 1436 2494 ἀφίκετο.
1453 2460 1547 2496 Τίγάρ
1561 2470 1596 2496 με
1608 2461 1807 2497 ὁεῖβασιλεὶαν

1003 2504 1127 2540 οὐρανῶν
1146 2505 1242 2540 μαθεῖν
1257 2506 1291 2541 ἢν
1304 2506 1337 2532 ὲκ
1352 2505 1402 2541 τῆς
1418 2507 1490 2533 κατὰ
1500 2507 1582 2542 νόμον
1593 2507 1732 2540 πολιτείας
1743 2510 1807 2538 οὐκ

1002 2551 1059 2578 ἔστι
1075 2560 1121 2587 μοι
1135 2552 1229 2579 λασεῖν
1245 2561 1252 2585 ;
1275 2552 1304 2579 '0
1320 2553 1350 2580 δὲ
1362 2554 1450 2586 κοινὸς
1470 2555 1609 2590 Δεσπότης
1623 2556 1670 2582 καὶ
1685 2556 1805 2592 Σωτὴρ,

1003 2597 1063 2623 ἐπεὶ
1075 2597 1203 2633 τοιαύτην
1229 2599 1295 2633 ἡμῖν
1317 2600 1504 2635 κατεστήσατο
1529 2600 1680 2635 πολιτείαν,
1695 2602 1806 2629 ἑαυτὸν

1005 2643 1181 2680 παράδειγμα
1195 2645 1316 2680 προθείς·
1338 2655 1348 2671 ι
1361 2642 1411 2673 Ὧν
1424 2647 1478 2682 γὰρ
1492 2647 1688 2683 ἧρξατο,φησὶ,
1705 2649 1808 2676 ποιεῖν

921 2756 1039 2786 NOTAE.

197 2809 726 2860 Illiq-“tirfapprttnr“opiniptrem‘
755 2815 874 2844 iunuunt
907 2816 941 2844 de
963 2818 1094 2847 dilatione
1115 2820 1300 2855 beatitudinis,
1327 2830 1381 2857 qua
1409 2823 1518 2852 nonnisi
1540 2829 1664 2853 extremo
1689 2824 1808 2860 judicio

159 2852 268 2880 perat-to
281 2847 457 2880 perfruantur
472 2849 614 2876 beatorum
631 2851 738 2877 animae.
