1882 3075
98 174 145 206 137

580 175 630 204 AD
643 174 941 206 AMPHILOCHIUM
952 172 1127 210 QU/ESTIO
1146 173 1223 204 XVI.

1678 170 1730 203 138

95 238 125 256 τε
139 231 187 256 καὶ
196 229 345 263 διδάσκειν,
361 239 372 256 ι
391 230 425 258 δι’
440 227 475 267 ἧς
491 230 549 258 ἔστι
564 232 614 266 τῆς
628 231 683 259 τῶν
696 232 822 268 οὐρανῶν
837 232 886 268 βα-
899 234 924 264 Α
937 231 1064 264 docere’,
1079 240 1085 256 ι

981 239 1034 258 :ere
1043 231 1064 264 ³,
1079 231 1103 266 ι)
1118 238 1167 266 per
1181 231 1255 265 quod
1274 229 1452 266 (institutum)
1467 235 1510 257 est
1527 230 1553 257 in
1575 229 1652 265 regni
1673 236 1730 256 co:-

98 275 199 307 σιλείας
213 276 260 302 τὸν
274 276 377 312 κλῆρον
397 277 536 310 ὑπελθεῖν,
552 278 666 309 εἰκότως
690 277 731 309 είς
758 277 888 312 τοιαύτην

97 322 170 355 ἡμᾶς
193 321 378 356 ἐπαναγαγὼν
397 322 536 349 πολιτείαν
565 323 613 350 καὶ
638 324 702 359 περὶ
728 324 814 359 αὐτῆς
838 322 889 358 τῆς

97 366 150 393 τῶν
169 367 293 402 οὐρανῶν
307 367 447 402 βασιλείας
462 369 635 404 σαφεστάτην
650 370 697 396 καὶ
723 369 888 396 ἀδίστακτον

97 412 146 446 τὴν
158 412 335 440 διδασκαλίαν
348 414 397 440 καὶ
410 414 462 450 τὴν
493 415 642 451 ὑπόσχεσιν
672 415 829 450 ἐχαρίσατο.
855 415 887 442 Εἰ

95 459 125 485 δέ
144 468 186 491 τις
199 460 269 495 πρὸς
282 461 413 496 ἀμείνονα
425 461 542 497 θεωρίαν
555 462 603 489 τοῦ
629 462 812 498 προκειμένου
841 460 889 496 ζη-

94 505 218 540 τήματος
232 505 337 538 ἀναϐὰς
352 507 455 542 ταύτην
470 507 614 540 ἑκδιδάξει,
630 507 662 533 τὺ
675 507 801 534 εὐκταῖον
812 504 889 539 οὗτος

97 551 131 577 ἄν
147 551 211 585 ἐμοὶ
225 551 354 587 πράττων
367 552 410 587 εἴη
425 553 473 579 καὶ
484 553 678 589 χαριέστατον.

360 609 529 636 ararum
553 610 612 644 ις’.

97 653 149 680 Διά
167 654 198 680 τι
220 653 351 689 ἀόρατον
376 655 435 689 τὴν
458 655 519 690 γῆν
540 657 557 683 d
571 655 683 691 Μωσῆς
707 657 886 691 ὠνόμασεν;

937 278 1014 305 lestis
1043 277 1227 304 hereditatem
1244 276 1346 311 ingredi
1365 284 1372 302 ι
1394 276 1492 303 merito
1506 275 1588 303 etiam
1610 275 1643 303 de
1673 275 1731 309 ipso

939 325 1071 352 caelorum
1102 331 1196 357 regno,
1211 331 1274 351 cum
1296 322 1322 350 in
1343 323 1396 349 tale
1423 330 1474 350 nos
1490 321 1646 349 institutum
1669 328 1733 355 pro-

938 371 1070 402 vexisset,
1084 369 1266 397 clarissimam
1281 373 1309 396 et
1324 368 1463 395 indubiam
1481 367 1635 395 doctrinam
1649 371 1732 400 atque

939 416 1149 452 promissionem
1165 415 1279 451 largitus
1298 419 1349 442 est.
1365 413 1444 447 Quod
1464 413 1488 440 si
1509 413 1571 449 quis
1590 412 1732 439 meliorem

938 462 1085 498 propositae
1099 460 1259 497 quaestioriis
1273 459 1478 495 intelligentiam
1512 462 1654 485 assecutus
1671 464 1732 484 eam

941 507 1123 543 proposuerit,
1149 507 1174 537 is
1199 514 1257 534 rem
1283 506 1353 534 mihi
1377 512 1460 540 quam
1483 503 1666 538 gratissimam
1693 502 1734 531 fe-

942 554 1020 582 cei-it.

1049 607 1214 643 QUAESTIO
1228 607 1299 636 XVI.
1316 606 1411 643 [σοῖσι.
1429 606 1540 634 Tatwin.
1556 604 1628 641 κν]

997 653 1052 682 Cur
1069 653 1227 681 inuisibilem
1242 657 1342 680 terram
1367 651 1472 687 Moyses
1491 651 1655 685 nuncupavit
1669 651 1683 677 2

545 715 618 741 Edita
627 723 642 741 a
658 715 731 746 Maio,
754 717 819 742 Non.
833 712 896 740 Coll.
915 715 935 738 ι.
948 712 992 742 IX,
1006 711 1088 736 l5-16.
1101 711 1129 736 In
1146 711 1208 736 Gen.
1221 717 1240 740 l,
1253 710 1278 734 2.

137 755 268 791 Ἀόρατον
278 757 329 792 τὴν
343 757 395 793 γῆν
408 757 510 793 ἔφησεν
520 760 654 795 όΜωσῆς,
667 759 729 786 ἐπεὶ
734 759 820 794 τὸτῆς
827 757 893 790 θέας

96 800 202 829 δίκαιον
222 803 272 837 τῆς
284 803 340 830 τῶν
352 804 458 831 ὑδάτων
470 805 641 841 πλημμύρας
655 814 720 841 κεχυ
726 805 812 840 μένης
836 805 887 833 αὺ-

96 846 132 881 τῇ
149 845 226 873 οὖπω
240 845 314 883 εἶχεν
332 848 507 877 ἀπολαϐοῦσα
523 858 530 865 ·
546 850 605 877 ἀλλ’
620 848 655 886 ἦν
669 851 686 885 ἡ
704 851 782 885 ίσχὺς
798 850 889 877 καὶτὸ
904 863 926 890 Β

96 893 200 926 κράτος
219 893 269 928 τῆς
289 893 420 927 ἀὸύσσου,
448 896 527 922 τοῦτο
556 896 606 931 μὲν
625 896 674 931 τὴν
695 895 814 931 ἔμφυτον
840 895 891 932 τῆς

95 938 153 972 γῆς
169 938 305 974 ξηρότητα
318 941 553 977 περινοτιζοὺσης,
569 941 686 969 τοῦτοδὲ
701 941 747 968 τὸν
765 942 830 969 ίδιον
846 942 891 969 κό-

97 989 170 1016 σμον
183 983 329 1010 ἀπολαϐεῖν
344 985 394 1012 οὐκ
407 986 544 1021 ἐώσης,ὃς
559 986 591 1022 δὴ
603 986 695 1021 φυτῶν
709 984 744 1022 ἦν
761 986 827 1023 γένη
843 987 892 1014 καὶ

97 1028 221 1062 βοτανῶν
235 1030 282 1056 καὶ
296 1030 312 1066 ἡ
325 1030 392 1066 ἄλλη
408 1031 463 1058 τῶν
477 1032 581 1059 ἀνθέων
595 1033 642 1059 καὶ
655 1033 769 1067 καρπῶν
793 1033 892 1068 ὡραιό-

94 1083 150 1109 της
170 1082 176 1088 '
189 1074 229 1101 ἔτι
243 1075 271 1102 δὲ
281 1076 396 1111 ἀόρατος
410 1075 470 1113 ἦνή
486 1079 521 1114 γῆ
535 1079 577 1105 ὅτι
592 1079 676 1114 μήπω
689 1080 780 1114 παρῆν
795 1079 809 1105 ὁ
825 1078 892 1106 ταύ-

94 1127 151 1154 την
173 1120 242 1156 ὁρᾷν
256 1121 402 1157 ἄνθρωπος
426 1123 517 1150 λαϐὼν
531 1123 604 1158 ὕψιν.
623 1124 679 1150 Καὶ
706 1123 820 1159 προσέτι
846 1123 892 1150 ἀό-

97 1175 182 1200 ρατος
193 1167 293 1201 λέγοιτ’
303 1168 336 1195 ἂν
348 1169 471 1201 εἰκότως,
485 1169 526 1196 ὅτι
546 1169 594 1196 τοῦ
609 1170 700 1204 φωτὸς
718 1169 795 1196 οὔπω
810 1178 892 1204 γενη-

97 1212 192 1244 Θέντος
200 1213 237 1240 δι’
252 1211 284 1240 οὗ
295 1215 327 1241 τὸ
340 1215 438 1250 ὁρατὸν
451 1217 485 1251 τῇ
499 1216 559 1249 ὕψει
573 1215 826 1251 ηταλαμὸάνεται,
837 1215 892 1242 οὐδ’

95 1259 169 1294 αὑτὴ
183 1259 233 1295 τὴν
247 1260 346 1295 αίγλην
358 1258 416 1296 εἶχε
429 1261 462 1287 δι’
470 1258 503 1297 ἧς
515 1261 548 1288 ἂν
561 1262 724 1296 ὑπηρετεῖτο
731 1261 892 1297 τῷδμματν

97 1305 172 1331 ὥστε
188 1305 212 1331 εἰ
228 1306 275 1332 καὶ
286 1306 343 1338 τοῖς
357 1305 468 1338 οἰκείοις
483 1306 595 1339 κόλποις
607 1308 625 1342 ἡ
637 1306 756 1338 ἄϐυσσος
769 1315 894 1342 καταμε-

98 1350 226 1384 ρισθεῖσα
241 1351 443 1384 συνεστέλλετο,
457 1351 505 1379 καὶ
521 1353 577 1383 τοῖς
597 1353 691 1386 φυτοῖς
707 1352 756 1380 καὶ
769 1351 808 1387 τῷ
822 1352 894 1387 ἄλλῳ

97 1396 198 1431 κόσμῳ
212 1397 230 1432 ἡ
247 1396 284 1431 γῆ
298 1397 480 1433 ἐκεκόσμητο,
497 1398 544 1424 καὶ
558 1397 573 1424 6
606 1397 715 1433 ,μέλλων
744 1398 813 1433 ὁρᾷν
847 1398 896 1432 ἑφ-

97 1443 215 1477 εστήκει
240 1441 396 1478 ἅνθρωπος,
410 1443 490 1470 οῠπω
502 1443 532 1470 δὲ
546 1444 596 1470 τοῦ
614 1443 705 1478 φωτὸς
716 1444 733 1479 ἡ
754 1443 835 1478 φύσις
850 1443 895 1476 ἐξ-

98 1489 238 1524 έλαμπεν,
246 1489 300 1516 οὐδ’
315 1489 402 1521 οὕτως
413 1489 447 1517 ειν
461 1490 647 1526 ἐχρημάτιζεν
657 1490 743 1525 ὁρατή
756 1498 764 1505 ο
777 1489 857 1525 δῆλον
866 1490 895 1517 δὲ

98 1534 138 1565 ὡς
154 1534 227 1561 κατὰ
242 1534 288 1560 τὸν
296 1534 354 1561 hev
362 1534 463 1570 τρόπον
469 1535 614 1567 οὺδ⁹αὐτὸς
626 1535 720 1572 ᾲὴρὸς
729 1536 779 1571 τὴν
797 1535 894 1562 ἀκτῖνα
906 1551 932 1584 c

97 1579 148 1605 τοῦ
182 1579 272 1613 φωτὸς
291 1580 437 1615 δεχόμενος
463 1580 513 1616 τὴν
539 1580 588 1608 τοῦ
615 1581 737 1616 ὁρῶντος
751 1581 894 1617 ἐνέργειαν

98 1625 140 1660 τῷ
152 1625 286 1661 ὁρωμένῳ
302 1626 435 1653 συνάπτει
455 1626 537 1662 μέσος
553 1627 695 1662 γινόμενος
709 1634 717 1642 ο
735 1626 792 1653 οὐδ’
812 1626 896 1659 αὐτὸς

99 1672 148 1698 οὖν
163 1671 226 1699 οὐδὲ
242 1672 273 1698 τὸ
287 1672 362 1708 ὕδωρ
377 1672 424 1700 τοῦ
439 1673 528 1708 φωτὸς
546 1673 577 1699 οὐ
595 1673 727 1705 λαϐόντος
744 1673 896 1701 ὑπόστασιν

100 1719 153 1744 οὒκ
170 1718 205 1744 ἂν
222 1717 372 1754 ἐτύγχανεν
385 1719 484 1754 ὁρατός
494 1728 501 1734 ·
515 1719 605 1746 καίτοι
632 1727 665 1753 γε
682 1720 752 1755 μήτε
767 1719 812 1754 ὑφ’
834 1720 896 1746 ἑτέ-

103 1774 159 1799 ρων
171 1764 426 1800 ἐπιπροσθούμενος
439 1765 534 1801 ὥσπερ
557 1765 612 1792 οὐδ’
637 1767 653 1802 ἡ
680 1765 808 1800 ἄϐυσσος,
829 1767 896 1803 μηδὲ

104 1810 207 1842 κόσμου
222 1810 295 1842 τινὸς
310 1810 417 1837 οἴκοθεν
424 1810 674 1845 ἀποστερούμενος.
689 1811 740 1838 Διὰ
753 1811 833 1838 τοῦτο
842 1812 898 1848 ἄρα

105 1856 152 1882 καὶ
167 1857 271 1892 Μωσῆς
282 1857 330 1883 τὸν
344 1857 413 1892 ἀέρα
435 1857 515 1889 εἰδὼς
539 1856 579 1892 τῷ
595 1857 672 1884 ὕδατι
698 1857 897 1893 ἑποχούμενον,

103 1903 135 1929 τὸ
147 1903 240 1929 ἐπάνω
250 1903 299 1938 τῆς
323 1903 444 1930 ἁὸὑσσου
476 1903 572 1934 σκότος
599 1903 746 1939 ὠνόμασεο
767 1904 814 1939 τῆς
843 1904 898 1940 γὰρ

104 1949 278 1985 φωτιζούσης
291 1950 380 1985 αὐγῆς
393 1950 438 1977 διὰ
445 1950 496 1985 τῆς
511 1951 604 1985 ἀερίου
615 1950 723 1986 φύσεως
736 1951 768 1978 οὐ
781 1951 899 1979 διϊκνου-

105 1996 196 2031 μένης
211 1996 300 2031 (οὔπω
314 1997 370 2032 γὰρ
379 1997 441 2024 οὐδὲ
456 1997 486 2023 τὸ
501 1996 627 2032 πηγὰζον
642 1997 747 2034 ταύτην
767 1996 825 2033 εἶχε
848 1999 898 2034 τὴν

105 2041 234 2077 ὓπαρξιν,
252 2041 314 2068 οὔτε
330 2042 412 2069 αὑτὸν
426 2042 526 2079 ὁρατὸν
542 2041 612 2070 εἶναι
631 2034 684 2070 ¹τὸν
711 2043 790 2079 ἀέρα,
808 2043 899 2079 πολλῷ

104 2088 135 2114 δὲ
151 2089 254 2123 μᾶλλον
273 2088 333 2115 οὐδὲ
345 2089 395 2124 τὴν
411 2088 540 2122 ἄϐυσσον,
556 2091 599 2124 ἐφ’
611 2087 646 2125 ἦς
659 2091 747 2125 ἐχεῖτο
761 2090 792 2117 τὸ
806 2091 900 2126 ἀέριον

104 2133 229 2168 πνεῦμα,
242 2133 391 2168 ἐνεδέχετο·
411 2133 452 2159 διὸ
469 2133 518 2160 καὶ
526 2134 621 2164 σκότος
632 2134 747 2166 εἰκότως
762 2133 900 2169 ἐπονομά-

105 2177 196 2208 ζεται.
214 2177 251 2203 Τὸ
262 2177 317 2212 γὰρ
332 2176 422 2211 λέγειν
435 2177 468 2203 τὸ
495 2177 567 2204 θεῖον
598 2176 669 2206 εἶναι
693 2178 806 2214 Πνεῦμα
813 2179 847 2205 τὸ
864 2179 898 2214 τῇ

981 754 1149 783 lnvisibilem
1180 759 1284 783 terram
1302 752 1394 781 Moses
1409 753 1490 785 dixit,
1502 751 1615 787 quando
1624 755 1734 786 specta-

942 800 996 828 culi
1024 799 1232 835 perfectionem.
1255 806 1390 834 aquarum
1418 798 1601 826 inundatione
1627 798 1655 824 in
1672 805 1734 824 eam

940 846 1049 880 diffusa,
1059 846 1182 874 nondum
1196 850 1340 881 acceperat
1352 854 1360 879 ;
1374 844 1425 873 sed
1437 848 1496 872 erat
1506 844 1547 872 vis
1570 848 1598 870 et
1611 843 1734 879 potentia

938 893 1043 928 abyssi,
1059 900 1121 927 quae
1138 896 1196 919 tum
1220 891 1375 919 naturalem
1395 895 1475 918 terra:
1500 890 1654 918 siccitatem
1680 889 1736 916 cir‘

942 938 1164 973 cumspargebat,
1186 942 1245 965 tum
1271 937 1447 972 impediebat,
1471 936 1538 972 quin
1566 944 1647 964 suum
1668 942 1734 971 pro-

942 984 1033 1020 prium
1045 988 1174 1011 ornatum
1186 983 1322 1016 indueret.
1338 990 1421 1018 quem
1447 990 1514 1010 sane
1531 982 1736 1010 constituebant

942 1029 1099 1065 plantarum
1115 1037 1212 1063 genera
1236 1033 1263 1057 et
1285 1029 1443 1060 herbarum,
1466 1033 1495 1056 et
1511 1028 1565 1056 alia
1586 1028 1683 1055 ﬂorum
1708 1032 1737 1056 et

943 1075 1081 1103 fructuum
1105 1079 1246 1103 venustas.
1278 1075 1376 1102 Adhuc
1399 1079 1459 1102 erat
1488 1075 1634 1103 invisibilis
1661 1080 1734 1103 terra

943 1122 1006 1157 quia
1022 1122 1143 1149 nondum
1160 1122 1256 1149 aderat
1270 1121 1317 1156 qui
1332 1129 1393 1149 eam
1406 1121 1560 1156 adspiceret
1576 1121 1669 1153 homo.
1693 1121 1735 1148 vi-

943 1175 1003 1195 sum
1019 1167 1145 1195 sortitus.
1157 1166 1192 1194 Et
1212 1167 1325 1201 insuper
1345 1167 1494 1194 invisibilis
1510 1167 1609 1193 merito
1627 1166 1734 1194 dicere-

941 1217 999 1244 tur,
1016 1211 1092 1248 quia.
1111 1211 1174 1239 luce
1199 1211 1322 1239 nondum
1348 1211 1420 1239 facta
1450 1219 1500 1246 per
1524 1218 1607 1246 quam
1625 1211 1736 1239 visibile

943 1257 1003 1284 visu
1036 1256 1199 1292 percipitur,
1220 1263 1276 1283 non
1303 1256 1381 1284 illum
1410 1256 1530 1284 habebat
1559 1256 1734 1291 splendorem

944 1310 999 1336 quo
1014 1302 1102 1330 oculis
1117 1302 1375 1330 subministraretur
1387 1323 1396 1336 ,
1412 1302 1449 1330 ita
1465 1307 1495 1330 ut
1508 1302 1616 1330 etiamsi
1632 1303 1658 1330 in
1671 1310 1737 1338 pro-

943 1349 1012 1384 priis
1024 1349 1093 1377 locis
1108 1349 1232 1384 seiuncta
1255 1349 1372 1385 abyssus
1387 1349 1562 1382 coercitetur,
1584 1353 1612 1376 et
1635 1350 1737 1385 plantis

943 1399 972 1422 et
987 1395 1042 1422 alio
1058 1399 1158 1422 ornatu
1173 1394 1308 1422 instructa
1325 1398 1412 1428 esset,
1430 1399 1457 1422 et
1474 1394 1558 1422 homo
1574 1402 1635 1422 eam
1657 1403 1736 1430 aspe-

943 1445 1040 1469 cturus
1063 1441 1218 1474 extitisset,
1236 1440 1360 1468 nondum
1375 1448 1443 1469 vero
1462 1441 1534 1470 lueis
1560 1447 1658 1469 natura
1685 1442 1737 1468 mi-

945 1487 1059 1517 cuisset.
1086 1494 1141 1514 non
1163 1487 1246 1514 etiam
1271 1491 1337 1514 tunc
1368 1486 1469 1515 fuisset
1499 1487 1627 1515 visibilis.
1659 1485 1739 1515 Patet

943 1536 1037 1559 autem
1052 1531 1130 1566 juxta
1156 1531 1283 1559 eumdem
1300 1531 1410 1560 modum
1438 1539 1527 1568 neque
1542 1533 1632 1568 ipsum
1661 1539 1736 1567 aera,

944 1579 994 1613 qui
1013 1578 1106 1606 radios
1124 1578 1195 1606 lucis
1221 1578 1360 1613 accipiens
1387 1579 1442 1607 vim
1462 1579 1580 1608 videntis
1606 1580 1646 1608 rei
1671 1580 1739 1608 visre

946 1625 1283 1661 eoujungltintermedius
1294 1625 1395 1658 factus,
1421 1634 1472 1654 nec
1489 1627 1591 1661 ipsum,
1612 1627 1737 1661 inquam,

943 1679 1035 1706 neque
1046 1678 1157 1706 aquam,
1178 1671 1239 1699 luce
1253 1671 1433 1699 substantiam
1448 1679 1501 1699 non
1518 1673 1644 1703 habente.
1654 1672 1740 1700 fuisse

945 1717 1095 1745 visibilem.
1111 1718 1145 1745 Et
1157 1722 1230 1745 certe
1253 1725 1341 1753 neque
1363 1718 1417 1745 alia
1446 1725 1509 1745 eum
1534 1724 1582 1745 aut
1604 1719 1736 1754 abyssum

945 1764 1123 1797 invaserunt,
1136 1772 1223 1799 neque
1240 1769 1404 1792 ornamento
1423 1764 1540 1798 quodam
1551 1765 1664 1799 proprio
1683 1765 1740 1800 pri-

946 1815 1026 1838 vatus
1042 1815 1094 1838 est.
1114 1810 1218 1838 ldcireo
1232 1810 1316 1846 igitur
1341 1815 1369 1838 et
1384 1810 1472 1838 Moses
1497 1818 1560 1838 aera
1591 1819 1669 1846 aqua:
1695 1812 1740 1838 in-

946 1861 1054 1884 vectum
1068 1856 1170 1888 sciens,
1183 1855 1258 1890 quod
1269 1862 1354 1890 supra
1369 1855 1500 1891 abyssum
1522 1860 1582 1883 erat
1610 1856 1740 1884 tenebras

947 1902 1110 1929 nominavit.
1128 1901 1303 1928 llluminante
1323 1901 1396 1928 enim
1420 1901 1567 1936 splendore
1595 1908 1644 1935 per
1667 1901 1741 1929 aeris

947 1947 1130 1975 substantiam
1154 1947 1277 1975 nondum
1297 1947 1373 1974 illato
1397 1947 1452 1981 (vis
1480 1947 1554 1974 enim
1575 1947 1649 1974 hunc
1677 1954 1739 1974 sca-

947 1994 1068 2022 turiendi
1082 2001 1137 2021 non
1150 1993 1356 2022 illisubstantiaa
1376 1993 1487 2029 inerat),
1504 2001 1593 2028 neque
1606 2000 1669 2020 acra
1679 2002 1740 2022 esse

948 2040 1083 2068 visibilem
1098 2040 1207 2074 licebat,
1228 2048 1318 2075 neque
1346 2047 1363 2067 a
1392 2039 1499 2067 fortiori
1525 2040 1654 2075 abyssum
1680 2048 1742 2075 quae

949 2088 1096 2115 aztliereum
1111 2087 1219 2115 ferebat
1238 2087 1376 2123 spiritum.
1397 2086 1570 2122 Quapropter
1591 2087 1691 2114 merito
1704 2091 1742 2114 le-

950 2135 1041 2161 nebra:
1056 2138 1159 2161 vocata:
1181 2138 1256 2162 sunt.
1277 2133 1307 2161 Si
1331 2134 1393 2169 quis
1412 2138 1504 2161 autem
1529 2133 1655 2161 divinum
1680 2141 1742 2161 esse

951 2179 1082 2214 Spiritum
1106 2180 1182 2207 dicat
1220 2179 1268 2215 qui
1298 2187 1381 2215 super
1420 2180 1553 2215 abyssum
1592 2179 1740 2211 ferebatur,

105 2222 220 2257 ἁδύσσῳ
238 2224 464 2258 περιφερόμενον,
480 2224 586 2260 μήποτε
600 2225 647 2251 καὶ
662 2225 837 2261 περιγραφὴν
851 2225 899 2252 τοῦ
912 2230 940 2260 Ι)
952 2232 1044 2252 nonne
1054 2228 1084 2252 et

981 2232 1044 2252 )nne
1054 2228 1084 2252 et
1096 2224 1312 2259 descriptionem
1327 2224 1502 2259 indescriptis
1521 2225 1559 2252 rei
1572 2224 1741 2256 introducat,

105 2268 318 2303 ἁπεριγράπτου
332 2269 487 2303 συνεισάγει
501 2277 510 2303 ;
525 2270 638 2296 καὶτῶν
651 2269 739 2297 ἄλλων
745 2269 902 2304 κτισμάτων

106 2312 150 2344 οἷς
174 2314 225 2341 οὐκ
240 2315 390 2350 ἐπεφέρετο
403 2314 452 2350 τὴν
467 2315 542 2342 θείαν
555 2315 684 2350 πρόνοιαν
713 2316 760 2342 καὶ
786 2316 902 2350 ὲποψίαν

108 2360 251 2386 συστέλλει
263 2369 271 2393 ;
289 2361 356 2392 ἴσως
369 2361 391 2387 δ’
403 2360 437 2388 ἂν
449 2361 500 2387 οὐκ
512 2360 546 2387 ἂν
559 2361 601 2396 εἴη
619 2361 759 2395 θεολογίας
785 2361 897 2394 ἐπάξιον

106 2406 139 2431 ἐν
153 2407 187 2440 τῇ
202 2405 252 2441 τῆς
269 2405 385 2437 κτίσεως
398 2405 536 2440 καταδολῇ
549 2407 582 2441 τῇ
601 2407 722 2441 ἀκτίστῳ
739 2407 787 2433 καὶ
810 2407 902 2442 μακά-

109 2451 157 2486 ρξᾳ
170 2450 319 2486 φύσειῆτοι
329 2451 368 2486 τῷ
376 2451 502 2486 παναγίῳ
515 2451 653 2486 ιΙνεύματι
668 2452 901 2487 χώρανὲκνέμειψ

107 2499 133 2524 εἰ
145 2497 174 2524 δὲ
181 2497 229 2524 καὶ
237 2497 312 2534 Σύρα
321 2498 431 2532 γλῶσσα
441 2498 472 2525 τὸ
480 2498 612 2532 πανάγιον
621 2498 735 2532 Πνεῦμα
743 2499 799 2530 τοῖς
809 2498 902 2526 ὕδασιν

107 2543 269 2580 ἐποχεῖσθαι
281 2544 418 2579 βούλεται,
424 2545 472 2571 καὶ
479 2542 534 2571 οἷον
540 2543 678 2576 ὲπωάζειν
686 2544 771 2571 ταῦτα
778 2544 825 2572 καὶ
834 2545 903 2577 ζωο-

109 2591 211 2624 γονεῖν,
227 2591 278 2617 οὐκ
297 2591 330 2617 ἂν
351 2590 517 2625 καταγνοίην
529 2590 640 2626 ’ἀρκεῖν
655 2589 709 2625 γὰρ
722 2590 824 2618 εἰδέναι
835 2590 904 2622 τέως

109 2637 141 2662 τὸ
154 2637 288 2670 πανάγιον
304 2637 418 2672 Πνεῦμα
431 2637 494 2664 ὅθεν
505 2637 540 2664 ἂν
553 2637 600 2664 καὶ
611 2637 745 2670 δύναιντο,
768 2637 902 2672 ζωογόνου

110 2691 141 2709 τε
152 2684 201 2709 καί
214 2683 414 2719 δημιουργικῆς
429 2684 563 2719 ὑπάρχειν
576 2683 670 2714 οὐσίας
685 2683 733 2710 καὶ
749 2683 902 2718 δυνάμεως·

88 2745 91 2750 ‹
117 2730 248 2765 ’Δόρατος
262 2729 308 2758 οὖν
325 2730 342 2765 ἡ
357 2729 394 2764 γῆ
405 2729 452 2757 καὶ
464 2729 500 2756 τὰ
513 2729 596 2757 λοιπὰ
610 2729 665 2756 τῶν
679 2729 820 2764 στοιχείων
833 2729 904 2757 κατά

112 2784 141 2802 τε
154 2777 206 2812 τὴν
215 2776 370 2812 εἰρημένην
385 2776 476 2803 αἰτίαν
488 2776 537 2802 καὶ
551 2775 601 2807 τὰς
612 2774 821 2810 προδεδομένας,
833 2775 904 2811 πλὴν

88 2827 92 2836 '
113 2824 187 2857 μιᾶς·
212 2821 301 2849 ὅτιτὸ
321 2821 504 2856 ἐπιπροσθοῦν
519 2821 571 2848 οὐκ
587 2818 660 2856 εἶχον
685 2819 747 2847 οὔτε
771 2819 803 2846 τὸ
831 2820 904 2856 ὕδωρ

112 2869 170 2895 οὔτε
184 2870 199 2895 ὀ
213 2868 280 2903 ἀήρ.
294 2868 331 2894 Τὸ
351 2868 443 2902 μέντοι
461 2867 557 2900 σκότος
567 2867 594 2894 εί
608 2875 650 2898 τις
665 2865 703 2902 μὴ
717 2865 845 2902 στέρησιν
855 2867 903 2893 τοῦ

146 2926 156 2942 ³
183 2926 245 2954 Art.
269 2934 295 2957 ι,
320 2926 343 2951 l.

953 2274 981 2297 et
995 2269 1111 2296 aliarum
1135 2273 1323 2297 creaturarum
1347 2270 1376 2297 iu
1403 2270 1503 2305 quibus
1522 2277 1576 2296 nou
1605 2269 1743 2297 ferebatur

953 2314 1152 2350 providentiam
1178 2320 1204 2342 et
1222 2315 1419 2350 iuspectiouem
1446 2315 1658 2343 noneocreeat?
1675 2314 1743 2342 For-

953 2367 1026 2388 tasse
1041 2369 1096 2387 non
1115 2366 1187 2388 esset
1205 2360 1345 2396 theologia
1374 2361 1487 2396 dignum
1515 2360 1662 2388 creationis
1679 2369 1743 2395 pro-

953 2407 1080 2435 ductione
1097 2407 1224 2435 iucreatae
1245 2415 1278 2435 ac
1297 2407 1462 2435 beatissima
1482 2411 1600 2438 naturae.
1627 2407 1743 2434 sanctis-

953 2453 1024 2480 simo
1035 2452 1138 2480 scilicet
1155 2453 1279 2487 Spiritui.
1300 2453 1390 2480 locum
1411 2453 1572 2487 assignare;
1591 2459 1654 2479 cum
1677 2459 1742 2479 vero

955 2498 1066 2534 Syriaca
1080 2499 1176 2526 Gloss:
1205 2498 1411 2526 sanctissimum
1443 2497 1576 2532 Spiritum
1592 2498 1651 2525 vult
1662 2498 1743 2532 aquis

955 2544 1030 2577 ferri,
1043 2549 1071 2572 et
1085 2544 1166 2579 quasi
1188 2543 1230 2571 eis
1247 2543 1377 2571 incubare
1390 2550 1493 2577 easque
1519 2543 1670 2576 vivificare,
1688 2551 1742 2570 non

955 2591 1146 2625 reprehendo;
1166 2591 1267 2618 docent
1281 2590 1355 2616 enim
1384 2590 1458 2616 unde
1482 2593 1513 2616 et
1540 2594 1659 2624 possunt
1681 2589 1742 2624 Spi-

954 2637 1038 2664 ritum
1049 2640 1174 2664 sauetuin
1190 2635 1356 2663 vivificantis
1373 2643 1435 2663 esse
1444 2641 1472 2663 et
1482 2636 1603 2663 creantis
1612 2636 1742 2663 substan-

955 2683 1000 2710 tiae
1013 2687 1040 2710 et
1064 2682 1200 2717 potentia.
1216 2680 1367 2709 Invisibilis
1391 2680 1476 2717 igitur
1489 2685 1566 2708 terra
1584 2685 1612 2707 et
1642 2686 1740 2707 caetera

955 2730 1090 2757 elementa
1115 2728 1193 2762 juxta
1211 2732 1238 2755 et
1253 2727 1412 2762 praedictam
1427 2734 1539 2754 causam
1553 2730 1581 2754 et
1600 2726 1667 2753 alias
1680 2731 1744 2752 ante

955 2775 1044 2807 datas,
1058 2780 1169 2808 excepta
1184 2782 1238 2801 una
1254 2783 1262 2806 ;
1278 2774 1348 2808 quia
1366 2773 1540 2806 superfusum
1562 2772 1665 2807 aliquid
1688 2779 1742 2798 non

956 2821 1094 2848 habebant
1123 2827 1211 2854 neque
1229 2828 1299 2854 aqua
1327 2827 1416 2853 neque
1442 2827 1499 2846 aer.
1529 2818 1666 2846 Tenebras
1686 2818 1744 2851 qui-

956 2867 1018 2894 dem
1045 2866 1067 2893 si
1084 2865 1147 2900 quis
1163 2873 1216 2892 non
1235 2865 1414 2900 privationem
1434 2864 1514 2897 lucis,
1539 2864 1587 2891 sed
1608 2863 1742 2891 malorum
