1882 3075
161 150 213 183 139

739 153 870 183 PHOTH
893 154 1146 188 ΡΑἸἪΙΑΒΟΗᾹΞ
1163 158 1216 188 CP.

1744 159 1790 192 “0

159 212 300 235 auctorem
318 207 459 236 diabolum
480 207 613 241 crederet,
650 208 779 244 abyssum
807 217 875 237 vero
904 217 936 238 ea

1040 213 1106 245 πὸς,
1119 213 1187 241 ἀλλά
1201 213 1247 240 τὸν
1259 214 1414 250 ἀρχέκακον
1422 214 1545 242 διάϐολον
1559 215 1702 249 ὑπολάϐοι,
1713 217 1794 244 ἄϐυσ-

159 263 220 290 quae
239 255 290 282 sub
307 254 355 282 illo
376 259 442 283 sunt
454 259 616 290 potestates,
637 255 719 291 longe
738 263 753 283 a
770 257 883 284 veritate
904 257 951 284 ille

160 301 311 333 aberraret,
335 304 364 328 et
388 301 473 336 impia
497 301 596 336 plenus
626 305 699 330 esset
727 302 867 336 opinione,
885 302 949 338 quia

159 347 258 374 seriem
285 347 453 375 narrationis
471 355 525 375 non
555 351 646 383 potest
673 348 838 383 intelligere,
861 356 950 383 neque

158 393 282 420 ordinem
305 397 354 421 aut
365 393 602 422 enumerationem
621 402 728 426 eorum,
747 402 807 429 qua:
821 395 950 422 sensibus

158 439 333 474 percipienda
347 438 420 467 facta
436 445 520 474 sunt;
534 448 653 476 quorum
687 441 778 469 Moses
805 441 949 469 historiam

157 485 334 520 conscripsit,
351 493 441 520 neque
466 485 635 521 incorporea:
653 491 681 514 et
717 487 873 522 spiritualis
900 495 949 514 na-

155 535 226 557 tura:
239 534 266 557 et
289 531 456 559 creationem
474 536 501 559 et
520 531 675 560 doctrinam
700 536 727 560 et
747 537 856 568 tempus
877 534 950 568 quod

157 577 228 604 miro
254 577 352 604 ordine
382 577 416 605 de
443 577 487 605 his
508 578 592 606 rebus
606 579 782 606 traditionem
813 578 948 607 deﬁnivit.

157 622 279 657 Spiritus
294 622 341 651 Dei
356 630 403 650 aer
416 624 507 652 dictus
523 630 576 658 est,
590 626 824 660 quemadmodum
851 629 876 653 et
890 625 951 652 aliae

155 669 284 703 quaelibet
297 670 368 704 ejus,
382 674 515 698 creaturae
528 676 555 698 et
573 679 656 706 opera
673 680 681 699 :
706 681 715 698 ε
734 672 846 699 Emittet
865 672 949 704 enim,

157 715 257 750 inquit,
284 716 398 744 verbum
423 724 504 744 suum
520 722 547 745 et
564 717 722 751 liquefaciet
755 726 839 750 eam;
873 717 950 745 ﬂabit

155 762 269 796 spiritus
284 762 355 797 ejus,
366 767 392 789 ct
404 762 489 790 ﬂuent
497 771 575 798 aqua:
585 763 613 780 “‘
626 772 634 797 ;
646 773 655 789 ι
671 764 744 800 quod
754 764 788 791 de
801 763 949 799 liquefacta

156 807 325 835 australibus
349 809 436 836 ventis
452 813 524 836 terra
550 809 668 837 canebat
692 809 787 837 David.
809 809 841 837 Et
858 809 949 837 dictus

156 854 373 889 fuissetspiritus
384 854 431 882 Dei
447 855 475 883 in
490 856 585 883 eodem
599 864 682 884 sensu
696 865 729 884 ac
744 856 830 883 illud:
848 864 858 882 ι
875 854 950 884 Fecit

1004 268 1050 286 σον
1070 260 1098 286 δὲ
1125 260 1175 292 τὰς
1193 260 1238 288 ὑπ’
1254 261 1337 288 αὐτὸν
1359 263 1481 297 πονηρὰς
1496 262 1639 298 δυνάμεις,
1651 263 1745 298 πὸῤῥω
1763 272 1791 290 τε

1001 306 1052 341 τῆς
1064 307 1195 341 ἀληθείας
1205 303 1282 340 οὗτος
1292 307 1471 343 πλανώμενος
1488 308 1530 344 εἴη
1548 308 1595 335 καὶ
1609 309 1791 344 δυσσεὸούσης

1003 352 1146 384 ἀνάπλεως
1165 353 1254 388 δόξης,
1270 354 1338 389 μετὰ
1353 354 1400 380 τοῦ
1414 354 1451 389 μὴ
1464 354 1595 382 δύνασθαι
1605 357 1722 390 συνορᾷν
1737 358 1793 390 είρ-

1004 398 1054 432 μὸν
1065 399 1219 434 διηγήσεως
1236 400 1283 426 καὶ
1297 399 1374 432 τάξιν
1393 400 1439 426 καὶ
1452 400 1641 436 ἀπαρίθμησιν
1658 402 1714 428 τῶν
1735 402 1792 428 κατ’

1002 443 1130 478 αἴσθησιν
1142 445 1274 479 γενητῶν,
1295 442 1333 472 ὧν
1349 446 1363 472 ὁ
1377 446 1480 481 Μωσῆς
1500 446 1551 482 τὴν
1580 446 1702 481 ἱστορίαν
1731 456 1794 474 συν-

1002 490 1133 525 έγραψεν,
1147 491 1195 517 καὶ
1209 492 1357 525 ἀσωμάτου
1371 492 1419 518 καὶ
1431 493 1527 527 νοερᾶς
1540 492 1648 526 φύσεως
1662 493 1794 528 δημιουρ-

1001 537 1065 570 γίαν
1086 545 1116 563 τε
1134 537 1181 564 καὶ
1201 537 1319 572 Θεωρίαν
1335 538 1382 564 καὶ
1399 538 1494 573 καιρὸν
1512 538 1541 570 ὃς
1563 539 1707 574 ἀφορίζειν
1724 537 1794 566 οἶδεν

1001 579 1141 611 εὐτάκτως
1159 581 1208 616 τὴν
1227 581 1408 616 περὶτούτων
1425 583 1574 617 παράδοσιν
1589 591 1597 599 ·
1629 583 1740 619 πνεῦμα
1768 584 1795 611 δὲ

1000 625 1068 652 Θεοῦ
1083 627 1097 653 ὀ
1111 626 1166 662 ἀὴρ
1180 626 1307 662 εἴρηται·
1325 627 1450 664 καθάπερ
1467 628 1513 655 καὶ
1526 629 1560 655 τά
1593 628 1676 655 λοιπὰ
1699 626 1743 656 οἶα
1763 629 1795 665 δὴ

1000 671 1104 706 κτίσμα
1119 672 1165 698 καὶ
1180 672 1286 708 ποίημα
1298 673 1380 700 αὐτοῦ
1392 681 1399 688 ⁶
1416 683 1425 698 ‹
1438 673 1630 706 Ἐξαποστελεῖ
1639 674 1704 710 γὰρ,
1718 675 1794 709 φησὶ,

1000 717 1045 744 τὸν
1055 717 1133 752 λόγον
1148 717 1231 744 αὑτοῦ
1248 719 1294 744 καὶ
1310 718 1386 753 τήξει
1403 718 1487 753 αὑτήν
1498 727 1505 734 ·
1525 719 1636 746 πνεύσει
1646 719 1677 746 τὸ
1687 719 1796 755 πνεῦμα

1000 763 1083 789 αὑτοῦ
1100 763 1147 789 καὶ
1161 764 1292 798 ρυήσεται
1307 764 1407 791 ὖδατα’
1423 775 1432 790 ι
1449 765 1514 801 περὶ
1528 765 1683 801 τηκομένης
1696 766 1729 792 ὲκ
1743 766 1796 793 τῶν

1000 808 1096 836 νοτίων
1112 810 1275 845 πνευμάτων
1292 810 1379 845 λέγων
1398 811 1486 847 χιόνος
1500 813 1514 838 ὁ
1527 811 1609 838 Δαϐίδ
1621 819 1629 827 ⁸
1640 811 1688 838 καὶ
1704 813 1748 847 εἴη
1764 812 1797 840 ἂν

1001 856 1146 892 είρημένον
1158 856 1267 893 πνεῦμα
1279 857 1347 884 Θεοῦ
1363 859 1391 884 ὲν
1410 858 1460 893 [etp
1473 858 1513 890 τὸ,
1527 867 1537 884 ι
1556 858 1699 894 Ἐποίησεν
1709 859 1797 891 ὁΘεὸς

155 899 229 926 Deus
243 900 343 927 caelum
354 904 382 928 et
391 905 511 934 terram;
527 911 536 927 ι
555 907 583 929 et
594 907 625 929 ut
643 902 689 930 illa
701 902 812 938 quidem
828 907 892 929 sunt
905 901 940 929 De

1040 913 1050 930 ν
1070 903 1184 939 οὐρανὸν
1212 905 1260 932 καὶ
1278 904 1328 940 τὴν
1344 905 1396 940 γῆν
1411 915 1419 920 ·
1441 914 1451 930 ι
1467 905 1581 932 κάκεῖνα
1597 905 1652 940 γὰρ
1667 905 1736 932 Θεοῦ
1759 905 1796 938 ὡς

155 950 300 979 creaturae,
316 951 343 973 et
356 946 402 974 ille
418 947 545 975 similiter
562 953 688 975 creatura
700 952 781 976 estet
792 955 862 983 opus
870 948 948 983 ejus:

156 992 216 1019 ideo
233 992 303 1020 bene
314 993 467 1028 appellatus
484 999 527 1022 est
536 995 648 1030 spiritus
660 994 719 1023 Dei.

336 1050 499 1084 QUzESTIO
519 1052 591 1081 xvn
611 1053 661 1089 [αι.
677 1053 761 1089 XVI].

180 1109 236 1136 Cur
252 1108 371 1144 prohibet
389 1111 453 1146 quin
468 1119 561 1139 carnes
577 1121 594 1138 a
612 1112 676 1146 feris
692 1117 783 1146 captas
803 1111 921 1139 homines

476 1148 636 1174 comedunt?

191 1204 355 1240 Discrepare
375 1206 505 1241 praesenti
522 1210 659 1240 praecepto
677 1206 750 1233 Dens
763 1206 858 1233 statuit
874 1205 947 1233 lera-

155 1259 215 1278 runi
226 1256 253 1279 et
265 1252 406 1279 hominum
422 1253 506 1279 vitam
521 1260 528 1279 :
544 1252 642 1287 quibus
655 1252 727 1280 enim
740 1252 900 1288 prohibetur
915 1259 948 1279 ne

155 1298 190 1326 sit
207 1306 259 1325 una
279 1303 306 1326 et
323 1299 417 1326 eadem
438 1306 545 1332 mensa,
564 1306 612 1326 eos
625 1301 652 1326 et
679 1299 749 1326 alios
775 1306 870 1326 omnes
887 1305 948 1324 mo-

155 1354 199 1373 res
215 1351 241 1373 et
253 1345 478 1373 vitminstitutum
493 1349 520 1373 et
535 1351 625 1372 motus
635 1351 662 1372 et
676 1349 755 1372 actus
766 1345 882 1372 multum
897 1343 949 1371 dif-

157 1392 227 1420 ferre
242 1392 286 1419 lex
301 1392 423 1420 addocot.
437 1391 517 1427 Rapit
531 1391 586 1418 fera
601 1397 628 1419 et
648 1392 728 1418 avida
743 1396 785 1418 est
800 1395 827 1417 et
844 1391 877 1418 ad
889 1397 949 1417 mo-

156 1443 201 1465 tus
225 1442 267 1466 est
290 1438 509 1473 petulantissima
535 1438 662 1472 legesque
684 1442 711 1464 et
727 1437 903 1472 benignitatis
923 1440 950 1463 et

157 1483 363 1511 communitatis
388 1487 416 1511 et
442 1482 660 1510 mansuetudinis
690 1483 778 1510 neseit
808 1491 815 1509 :
846 1482 880 1509 ab
907 1481 950 1508 his

156 1529 286 1558 munibus
310 1537 410 1565 purum
434 1533 462 1557 et
489 1529 604 1557 liberum
630 1536 693 1557 esse
708 1527 948 1560 hominemdecet;

1004 950 1156 985 ποιήματα,
1173 951 1220 978 καὶ
1238 951 1317 978 τοῦτο
1331 951 1431 986 ὁμοίως
1439 951 1542 986 κτίσμα
1554 950 1622 978 Θεοῦ
1631 952 1677 978 καὶ
1689 951 1796 987 ποίημα

1004 993 1053 1020 τοῦ
1069 994 1153 1022 αὐτοῦ
1169 1003 1176 1010 ·
1192 995 1233 1022 διὸ
1259 995 1352 1028 καλῶς
1366 997 1473 1031 εἴρηται
1487 995 1596 1031 πνεῦμα
1608 996 1688 1025 Θεοῦ.

1278 1055 1446 1083 ΕΡΩΤΗΣΙΣ
1462 1057 1511 1083 lZ'.

1001 1107 1054 1135 Διὰ
1070 1109 1099 1136 τί
1110 1109 1277 1144 θηριάλωτα
1297 1111 1370 1145 κρέα
1396 1111 1467 1144 τοὺς
1482 1112 1658 1146 ἀνθρώπους
1683 1111 1799 1138 ἐσθιειν

1300 1147 1487 1180 ὰποκωλύει;

1038 1204 1270 1240 Παρηλλαγμένον
1283 1205 1333 1232 διάῐ
1349 1206 1395 1233 τοῦ
1417 1206 1553 1242 παρόντος
1581 1206 1798 1242 προστάγματος

1001 1251 1146 1286 νομοθετεῖ
1163 1252 1210 1279 τὸν
1226 1253 1282 1280 τῶν
1302 1253 1405 1289 θηρίων
1419 1250 1490 1280 εἶναι
1514 1253 1615 1289 τρόπον
1629 1253 1677 1280 καὶ
1689 1253 1735 1279 τὸν
1747 1254 1794 1279 ἀν-

1001 1297 1138 1333 θρώπινον
1149 1298 1207 1334 βίον
1216 1307 1224 1314 ο
1240 1297 1281 1331 οἷς
1288 1299 1342 1334 γὰρ
1351 1300 1367 1334 ὴ
1377 1300 1504 1335 τράπεζα
1514 1299 1648 1326 κωλύεται
1661 1300 1710 1335 μία
1722 1300 1771 1325 καὶ
1781 1300 1798 1334 ή

1001 1343 1070 1379 αὑτὴ
1087 1342 1168 1376 εἶναι,
1185 1344 1290 1375 τούτοις
1307 1345 1353 1371 καὶ
1368 1345 1402 1371 τά
1415 1344 1483 1372 ἄλλα
1500 1346 1590 1371 πάντα
1612 1344 1664 1380 ἤθη
1694 1353 1724 1371 τε
1753 1345 1800 1372 καὶ

1001 1388 1093 1417 δίαιτα
1107 1390 1153 1417 καὶ
1169 1391 1254 1425 ὁρμαὶ
1274 1391 1322 1417 καὶ
1335 1391 1450 1426 πράξεις
1465 1391 1535 1418 κατὰ
1553 1391 1621 1419 πολὺ
1648 1391 1796 1426 διαφέρειν

1005 1435 1197 1470 συνεισάγεται
1215 1436 1296 1472 νόμος
1311 1444 1318 1451 ·
1337 1436 1457 1472 ἁρπάζει
1474 1437 1505 1464 τδ
1519 1437 1614 1474 θηρίον
1640 1439 1687 1465 καὶ
1701 1438 1800 1465 πλεον-

1002 1483 1085 1515 εκτεῖ,
1104 1482 1153 1509 καὶ
1169 1482 1237 1518 πρὸς
1251 1483 1301 1514 τὰς
1312 1483 1400 1519 ὁρμάς
1414 1484 1473 1510 ἐστι
1497 1484 1730 1520 προπετέστατον,
1751 1485 1801 1511 καὶ

1003 1527 1104 1561 νόμους
1133 1528 1185 1554 οὐκ
1200 1525 1256 1554 οἶδε
1280 1527 1488 1564 φιλανθρωπίας
1505 1530 1554 1556 καὶ
1583 1530 1726 1561 κοινωνίας
1752 1532 1800 1556 καὶ

156 1576 221 1603 item
236 1583 301 1603 vero
313 1580 340 1603 et
356 1576 389 1603 ad
400 1575 469 1603 alios
477 1575 783 1609 aﬂ'ectusintemperans
797 1578 837 1601 est
846 1573 938 1600 anima

1040 1574 1174 1610 ηερότητος
1185 1583 1193 1589 ·
1205 1561 1309 1601 τούτων
1322 1561 1451 1602 ἁπάντων
1464 1575 1584 1612 καθαρὸν
1600 1575 1647 1603 καὶ
1658 1575 1802 1611 ἀπηλλαγ-

156 1627 183 1649 et
211 1621 389 1650 infrenatum.
411 1621 505 1657 Itaque
529 1621 669 1648 hominum
698 1619 795 1655 agendi
814 1619 886 1647 ratio
902 1627 950 1654 per

158 1669 368 1704 temperantiam
384 1673 411 1696 et
426 1668 626 1696 institutionem
642 1667 792 1703 procedens
809 1666 854 1693 illa
883 1674 951 1700 pra:-

158 1719 244 1742 staret
254 1715 413 1742 dilferentia:
423 1715 500 1750 signa
512 1723 519 1748 ;
535 1715 560 1741 id
571 1721 635 1742 vero
648 1713 720 1748 quod
736 1720 790 1740 non
800 1712 850 1740 hos
864 1711 951 1746 signis

158 1761 296 1796 signatmn
310 1766 337 1789 et
353 1765 476 1789 notatum
491 1761 544 1788 crit
559 1765 688 1795 tanquam
705 1758 792 1786 ferum
808 1764 835 1786 et
851 1766 866 1786 a
886 1758 951 1786 feris

158 1813 267 1842 raptum
283 1808 347 1842 quid
361 1812 388 1835 et
399 1812 571 1834 mansuetam
586 1806 833 1840 rationabilemque
846 1812 951 1832 exuens

159 1860 286 1882 naturam
313 1855 463 1890 rejicietur.
483 1854 511 1882 Si
536 1854 598 1889 quis
619 1858 712 1881 autem
738 1853 770 1880 ad
800 1853 950 1888 puritatem

159 1902 296 1929 instruere
324 1905 352 1928 et
385 1901 521 1929 adducere
547 1901 651 1928 diceret
683 1907 731 1934 per
759 1899 950 1927 abstinentiam

158 1946 282 1972 carnium
307 1952 321 1971 a
345 1944 412 1973 feris
433 1949 575 1979 captarum
599 1943 665 1971 illud
679 1943 712 1970 ad
733 1942 881 1978 imaginem
904 1942 952 1969 Dei

159 1992 306 2019 formatum
325 1998 405 2026 opus,
421 1995 449 2018 ct
464 1991 554 2018 omnis
575 1990 751 2025 turpltudinis
777 1996 875 2024 expers
892 1988 952 2016 red-

158 2040 224 2066 dere
245 2046 306 2073 qua:
328 2043 437 2073 gustum
461 2038 558 2073 polluit
573 2042 600 2065 et
617 2045 678 2073 quae
701 2045 749 2072 per
767 2037 836 2064 alios
853 2043 952 2063 sensus

159 2084 384 2120 proccdil(unius
397 2085 469 2112 enim
485 2093 584 2113 sensus
597 2084 724 2112 custodia
740 2087 767 2111 et
784 2082 950 2113 observatio,

158 2137 186 2158 ut
201 2132 271 2161 alios
291 2130 417 2158 similiter
441 2132 476 2158 ab
493 2131 568 2159 omni
596 2131 754 2166 impuritate
777 2133 804 2157 et
833 2128 951 2162 turpitu-

158 2178 221 2205 dine
237 2178 354 2206 mundos
370 2186 418 2213 per
431 2178 507 2205 illum
529 2177 616 2213 facit),
634 2178 659 2205 id
683 2184 738 2204 non
762 2174 864 2203 acivili
888 2182 952 2208 pro-

158 2224 278 2252 videntia
294 2229 321 2252 et
338 2229 433 2253 sancta
453 2224 623 2252 institutione
636 2227 708 2252 esset
720 2222 850 2250 alienum.

1002 1621 1082 1656 μένον
1118 1621 1251 1656 προσήκει
1280 1620 1326 1647 τὸν
1366 1620 1511 1656 ἄνθρωπον
1549 1619 1637 1647 εἶναι*
1663 1621 1799 1653 ὡσαύτως

1000 1667 1029 1694 δὲ
1044 1667 1090 1694 καὶ
1103 1667 1175 1694 κατὰ
1185 1667 1220 1693 τὰ
1235 1666 1303 1694 ἄλλα
1317 1666 1372 1694 τῶν
1383 1667 1488 1699 παθῶν,
1502 1667 1624 1702 ἀκρατὲς
1635 1667 1694 1694 ἐστι
1707 1667 1737 1693 τὸ
1751 1667 1804 1701 θη-

1002 1715 1059 1751 ρίον
1074 1713 1292 1748 καὶάχαλίνωτον
1299 1722 1306 1729 ·
1320 1713 1417 1739 οὐκοῦν
1425 1714 1441 1748 ἡ
1450 1712 1504 1740 τῶν
1515 1713 1564 1739 ἀνθ
1569 1712 1666 1747 ρώπων
1676 1713 1804 1739 πολιτεία

1001 1761 1036 1788 δι’
1042 1761 1208 1796 ἐγκρατείας
1220 1760 1266 1787 καὶ
1276 1760 1466 1794 παιδαγωγίας
1472 1760 1564 1786 ὁδεύου
1569 1768 1613 1789 σα,
1620 1758 1706 1786 ταῦτα
1712 1760 1805 1795 παρά-

1002 1818 1061 1844 σχοι
1078 1810 1129 1844 τῆς
1147 1808 1279 1843 διαφορᾶς
1293 1807 1327 1834 τὰ
1345 1807 1527 1842 γνωρίσματα
1538 1815 1544 1821 ·
1561 1807 1609 1833 καὶ
1636 1806 1716 1840 τόνγε
1739 1807 1804 1833 τού-

1002 1864 1058 1888 τοις
1072 1854 1229 1891 ἀσήμαντόν
1240 1862 1270 1880 τε
1284 1854 1331 1881 καὶ
1344 1854 1547 1887 ἀνεπίγνωστον
1561 1854 1619 1884 τοῖς
1633 1852 1804 1888 γνωρίσμα-

1003 1909 1046 1928 σιν
1068 1900 1106 1932 ὡς
1128 1900 1224 1936 θηρίον
1243 1899 1291 1926 καὶ
1305 1899 1475 1935 θηριάλωτον
1491 1899 1601 1933 καὶτῆς
1625 1899 1732 1933 ήμὲρου
1754 1899 1803 1925 καὶ

1002 1946 1116 1982 λογικῆς
1130 1945 1370 1981 καταψευδόμενον
1396 1944 1504 1980 φύσεως
1527 1945 1744 1980 ὲκτραπήσεται.
1771 1944 1802 1971 El

1002 1993 1031 2019 δὲ
1043 1992 1112 2028 πρὸς
1120 1991 1325 2027 καθαρειότητα
1341 1990 1482 2019 παιδεύειν
1498 1999 1529 2017 τε
1544 1991 1591 2018 καὶ
1607 1991 1720 2025 ἀνάγειν
1732 1992 1801 2026 φαίη

1002 2048 1046 2070 τις
1061 2039 1106 2065 διὰ
1117 2038 1168 2073 τῆς
1185 2038 1290 2073 ἀποχῆς
1306 2037 1363 2064 τῶν
1377 2037 1559 2074 θηριαλώτων
1579 2038 1611 2064 τὸ
1629 2038 1690 2064 κατ’
1708 2037 1802 2064 εἰκόνα

1002 2084 1072 2112 Θεοῦ
1090 2083 1330 2119 διαπεπλασμένον
1355 2083 1555 2119 φιλοτέχνημα,
1584 2084 1632 2110 καὶ
1656 2083 1802 2119 βδελυρίας

1003 2131 1115 2166 ἁπάσης
1133 2130 1350 2162 κατασκευάζειν
1365 2130 1514 2165 ἀμέτοχον,
1534 2130 1582 2165 ὅση
1596 2138 1626 2156 τε
1641 2129 1801 2165 διαμολύνει

1003 2177 1053 2213 τὴν
1073 2176 1167 2210 γεῦσιν
1185 2177 1231 2202 καὶ
1250 2175 1299 2211 ὅση
1315 2175 1358 2202 διὰ
1371 2175 1426 2202 τῶν
1449 2175 1537 2202 ἄλλων
1559 2175 1714 2212 αἰσθήσεων
1733 2175 1801 2211 πρό-

1004 2231 1088 2250 εισιν·
1102 2224 1118 2259 ἡ
1134 2223 1188 2259 γάρ
1204 2223 1250 2249 ἐπὶ
1265 2223 1314 2258 τῆς
1330 2223 1394 2257 μιᾶς
1408 2223 1595 2258 παραφυλακὴ
1627 2223 1674 2249 καὶ
1701 2222 1802 2257 συντή-

160 2280 249 2307 ρησις,
265 2272 312 2298 καὶ
335 2272 384 2304 τὰς
406 2271 489 2303 ἀλλας
508 2271 608 2306 ὁμοίως
628 2271 679 2306 τῆς
695 2269 867 2306 ἀκαθαρσίας
900 2270 947 2300 καὶ
968 2270 1110 2306 βδελυρίας
1138 2268 1303 2304 καθαρεύειν
1334 2269 1368 2296 δι’
1396 2270 1505 2304 ἐκείνης
1526 2269 1720 2303 ἀσφαλίζεται,
1736 2269 1800 2296 οὐδὲ

158 2321 238 2348 τοῦτο
249 2320 281 2348 ἂν
294 2319 337 2356 εἴη
363 2320 414 2356 τῆς
431 2319 573 2355 πολιτικῆς
597 2318 725 2354 προνοίας
744 2318 791 2345 καὶ
820 2318 1006 2355 ἁγιοπρεποῦς
1021 2318 1162 2354 ἀλλότριον
1177 2316 1383 2348 καταστάσεως.

392 2365 556 2400 ρυιεδτιο
573 2365 657 2393 xvm
677 2365 784 2402 [xvn].

1279 2364 1447 2390 ΕΡΩΤΗΣΙΣ
1461 2364 1515 2391 IH'.

161 2424 297 2458 Quomodo
317 2423 516 2458 intelligendum
538 2423 615 2455 illud,
640 2432 650 2448 ‹
673 2421 731 2450 Non
751 2423 890 2457 apparebis
909 2431 938 2450 co

1040 2420 1074 2454 ῦς
1085 2420 1212 2455 νοητέον
1226 2421 1259 2448 τὸ
1274 2441 1282 2454 ,
1301 2430 1310 2447 ι
1341 2422 1402 2448 Οὐκ
1417 2421 1539 2456 ὀφθήσῃ
1559 2422 1650 2455 κενὸς
1663 2421 1802 2449 ἐναντιον

417 2467 475 2486 ram
492 2467 532 2485 me
549 2458 671 2485 vacuus?
694 2468 703 2484 ι

1347 2464 1444 2491 μου;ι

471 2505 542 2530 Edita
552 2511 566 2528 a
578 2503 650 2534 Maio,
662 2504 680 2528 ι.
691 2510 724 2533 c.,
735 2511 760 2535 p.
774 2503 812 2535 l7,
830 2503 856 2528 in
866 2504 945 2529 Exod.
957 2509 1026 2533 um,
1039 2502 1068 2527 l5
1080 2509 1086 2533 ;
1108 2508 1195 2532 xxxtv,
1208 2502 1251 2533 10;
1262 2502 1368 2528 Deuter.
1386 2509 1437 2533 xvr,
1449 2502 1488 2527 16.

197 2549 315 2584 Quidam
336 2549 420 2583 igitur
433 2549 529 2576 dicunt
548 2556 610 2575 eum
636 2547 684 2582 qui
702 2547 787 2574 Deum
810 2547 954 2574 adoratum

162 2596 239 2623 venit
251 2600 379 2630 oportere
399 2599 427 2622 et
445 2595 516 2622 dona
533 2594 639 2621 liberali
654 2602 736 2621 manu
765 2593 864 2621 oﬂ‘erre
877 2602 884 2627 ;
899 2601 953 2620 non

164 2649 294 2677 tanquam
310 2642 382 2672 Deus
396 2642 439 2669 his
465 2641 597 2676 indigeat,
610 2640 721 2676 (quibus
734 2640 807 2667 enim
826 2639 898 2668 Deus
912 2640 956 2667 in-

163 2688 255 2723 digere
271 2687 389 2722 possit?)
418 2687 465 2715 sed
487 2692 618 2722 tanquam
638 2687 769 2714 henelicia
789 2691 854 2713 tunc
880 2686 954 2713 acci-

165 2732 221 2767 piat
235 2732 258 2760 is
272 2732 320 2767 qui
335 2740 450 2759 munera
464 2732 554 2759 oﬂert.
567 2732 681 2765 Quando
696 2732 759 2766 quis
770 2731 843 2758 enim
855 2730 954 2765 dignus

165 2783 294 2806 censetur
303 2777 351 2812 qui
367 2777 422 2805 Deo
433 2777 540 2805 [ructus
556 2778 663 2810 olI'oral,
678 2783 705 2805 et
719 2777 853 2805 intcrnam
872 2777 957 2812 pieta-

166 2829 220 2852 tem
237 2833 285 2860 per
307 2830 421 2853 externa
437 2825 547 2857 revolet,
574 2829 601 2853 et
623 2825 809 2853 mediantibus
824 2823 956 2859 placami-

205 2883 232 2900 ”
243 2883 318 2912 Psal.
338 2892 421 2917 xevn,
444 2884 488 2912 18.

1042 2545 1122 2577 Τινὲς
1147 2545 1197 2581 μὲν
1224 2543 1271 2572 οὖν
1288 2554 1370 2580 φασιν
1399 2545 1437 2578 ὡς
1465 2545 1582 2573 ἀπιόντα
1611 2546 1801 2582 προσκυνῆσαι

1008 2591 1068 2627 Θεῷ
1082 2592 1124 2618 δεῖ
1144 2592 1192 2618 καὶ
1203 2591 1277 2628 δῶρα
1301 2588 1494 2628 προσάγεινῶν
1510 2592 1527 2627 ἡ
1541 2592 1602 2628 χεὶρ
1614 2591 1740 2627 εὔπορος,
1752 2592 1801 2627 οὐχ

1008 2639 1046 2670 ὼς
1058 2639 1086 2665 ὲν
1094 2638 1174 2673 χρείᾳ
1181 2638 1283 2665 τούτων
1291 2638 1464 2671 καθεστῶτος
1473 2638 1552 2665 Θεοῦ·
1565 2639 1638 2670 τίνος
1647 2639 1703 2674 γὰρ
1712 2639 1745 2665 ἃν
1757 2638 1799 2673 εἴη

1008 2685 1076 2716 Θεὸς
1091 2684 1243 2720 προσδεήςς
1259 2684 1324 2712 ἀλλ’
1347 2684 1385 2716 ὡς
1410 2684 1642 2721 εὑεργετουμένου
1662 2683 1800 2712 κάνταῦθα

1007 2731 1055 2758 τοῦ
1066 2732 1260 2766 προσάγοντος·
1277 2732 1306 2758 ὲν
1317 2727 1338 2765 ᾧ
1351 2731 1404 2767 γάρ
1415 2740 1456 2764 τις
1470 2732 1594 2765 ἀξιοῦται
1611 2730 1798 2767 καρποφορεῖν

1008 2777 1087 2813 Θεῷ,
1104 2778 1150 2804 καὶ
1172 2777 1226 2804 τῶν
1246 2777 1320 2804 ἔνδον
1344 2777 1390 2804 διὰ
1413 2777 1467 2804 τῶν
1493 2778 1572 2810 ἐκτὸς
1597 2777 1799 2805 ἀνακαλύπτειν

1011 2823 1169 2857 εὐσέϐειαν,
1184 2823 1231 2851 καὶ
1249 2823 1433 2851 συνάπτεσθαι
1447 2822 1492 2851 διὰ
1516 2824 1607 2859 μέσων
1627 2823 1682 2850 τῶν
1698 2821 1799 2858 μειλιγο
