1882 3075
104 169 143 202 141
451 171 500 200 AD
511 169 807 200 AMPHILOCIIIUM
827 168 1001 205 QUIESTIO
1019 169 1112 205 XVII,
1134 169 1244 206 XVIII,
1265 170 1345 200 XIX.

1673 171 1723 203 142

103 228 182 260 μάτων
191 225 217 252 τὺ
225 225 333 260 πλάσμα
340 225 379 260 τῷ
387 225 532 258 πλάσαντι,
541 226 586 252 τοῦ
599 227 647 262 μὲν
657 226 720 253 ἵλεω
726 226 870 261 δεχομένου

959 226 1015 253 :bus
1037 230 1192 253 creaturam
1217 226 1363 262 conjuugat
1383 226 1526 260 Creatori,
1551 229 1636 256 altero
1661 230 1723 264 qui-

101 272 139 298 rat?
149 273 173 298 ὀὲ
180 271 274 304 πιστῶς
289 272 336 298 καὶ
349 271 497 307 προθύμως
512 272 653 308 φέροντος,
665 272 724 304 πῶς
732 273 782 299 οὐκ
795 271 828 299 ἂν
836 272 879 307 εἴη

101 319 240 353 υαυμαστῆς
254 318 382 352 προνοίας
395 319 443 345 καὶ
459 319 620 354 εὐεργεσίας
643 319 795 349 ἀπόλαυσις
808 340 815 352 ,
831 319 879 345 καὶ

100 365 122 391 τί
133 365 161 390 ἂν
175 363 233 391 ἄλλο
248 364 272 390 εί
285 364 322 399 μὴ
336 363 414 391 τοῦτο
429 365 472 399 εἴη
491 364 560 400 πρὸς
570 364 731 400 εὐεργεσίαν
748 364 796 391 καὶ
809 365 878 399 πρό-

100 418 161 436 νοιαν
180 410 214 444 τῷ
230 409 329 444 λογικῷ
353 409 415 444 ζώῳ
442 410 651 446 σπουδαιότερόν
675 419 705 436 τε
721 410 769 437 καὶ
781 409 879 445 τιμιώ-

99 465 165 491 τερον
177 456 217 488 ;τί
230 456 257 483 δὲ
269 456 446 492 χαριέστερόν
470 465 501 483 τε
519 457 566 484 καὶ
586 457 716 492 ἡδύτερον
731 465 739 489 ;
753 456 796 491 εἴη
812 457 834 483 δ’
845 456 878 483 ἂν

99 502 138 528 καὶ
170 501 383 537 προσφιλέστερον
421 502 520 537 μᾶλλον
544 501 594 534 τὰς
627 502 729 538 ἀρετὰς
762 501 878 528 ἐνταῦθα

101 549 140 574 καὶ
152 547 196 583 τὴν
209 547 347 574 εὐσέϐειαν
372 548 483 579 ἐννοεῖν,
497 544 535 574 ὧν
549 548 579 574 οὺ
596 547 674 574 κενὸν
695 547 822 573 οὐδέποτε
837 547 878 573 δεῖ

98 594 248 620 κατενώπιον
275 594 480 629 ὁρᾶσθαιΘεοῦ·
503 595 517 620 ό
532 593 587 628 γὰρ
611 593 713 628 ἀρετῆς
728 594 775 620 καὶ
797 593 876 619 εὐσε-

97 640 160 671 ϐείας
182 640 365 675 κεκενωμένος
382 661 390 673 ,
419 641 471 667 κᾶν
485 640 552 675 δοκῇ
570 639 712 676 προσιέναι
727 639 796 674 Θεῷ,
819 639 876 666 οὔτ’

97 686 124 713 ἂν
145 687 231 720 ’ἕψεται
260 686 327 713 Θεὸν
351 686 413 712 οὔτε
442 686 591 722 ὀφθήσεται
615 686 662 712 ὑπ’
683 685 777 712 αὐτοῦ·
793 687 807 712 ό
822 686 876 720 γὰρ

95 733 181 767 ἀσεϐὴς
211 733 259 758 οὐκ
283 732 379 766 δψεται
407 732 486 765 δόξαν
503 731 582 758 Θεοῦ’
606 731 667 758 οὐδὲ
689 731 876 766 διηγήσεταιό

94 778 236 814 ἁμαρτωλὸς
260 778 297 804 τὰ
321 777 494 813 δικαιώματα.
524 777 605 805 αὐτοῦ
618 786 624 793 ·
644 777 701 803 ἀλλ’
716 777 777 803 οὐδὲ
792 775 875 811 γινὼ-

94 832 144 850 σκει
164 823 259 859 Κύριος
285 824 347 851 οὐδ’
366 824 510 860 εὐμενείας
533 823 637 858 ὄμματι
651 823 698 850 καὶ
713 823 876 855 οίκειώσεως

93 868 184 904 καθορᾷ
202 870 263 900 τοὺς
292 869 342 904 τῆς
357 868 473 904 ἀνομίας
486 868 618 904 ἐργάτας.
638 868 801 902 Ἀναγκαῖον
825 867 872 895 οὖν

92 914 123 945 ὡς
135 914 202 948 δῶρα
229 915 280 946 τὰς
309 915 409 950 ἀρετὰς
437 914 485 942 καὶ
511 914 560 950 τὴν
585 914 728 940 εὐσέϐειαν
741 915 770 940 ὲν
796 914 869 949 ψυχῇ

92 961 218 996 φέροντας,
231 960 305 987 οὕτω
333 960 475 995 προσιέναι
500 959 560 995 Θεῷ
582 960 631 986 καὶ
655 960 686 987 τὸ
704 960 870 995 πρόσταγμα

92 1007 198 1042 πληροῦν
215 1007 244 1033 τὸ
259 1006 423 1034 δεσποτικὸν
445 1006 476 1033 τὸ
489 1006 745 1042 παρακελευόμενον
759 1027 766 1038 ,
785 1015 795 1032 ι
813 1006 870 1033 Οὐκ

90 1055 181 1090 ὀφοὴσῃ
193 1055 269 1086 κενὸς
297 1054 418 1081 ἐναντίον
434 1062 498 1089 μου.
512 1063 521 1079 ›
537 1053 641 1088 Πρέποι
663 1053 692 1079 δ’
702 1052 736 1079 ἂν
748 1054 799 1080 κᾶν
814 1055 871 1085 τοῖς

91 1101 144 1135 περὶ
157 1100 220 1126 Θεοῦ
242 1100 298 1126 Δκαὶ
317 1100 397 1126 θείων
414 1099 527 1135 ζήτημα
553 1101 592 1134 μὴ
622 1099 701 1126 κενὸν
726 1098 871 1131 εὐλαϐείας

91 1147 148 1182 μηδὲ
161 1147 346 1181 πνευματικῆς
367 1145 536 1181 ἀνακρίσεως
551 1142 633 1172 εἶναι’
648 1145 663 1171 ό
674 1145 729 1180 γὰρ
754 1145 870 1180 ψυχικὸς

90 1192 212 1226 ἄνθρωπος
223 1192 253 1218 οὐ
264 1191 375 1226 δέχεται
388 1191 423 1217 τὰ
432 1190 479 1217 τοῦ
491 1190 655 1225 πνεύματος,
665 1190 725 1216 οὐδὲ
737 1191 752 1216 ὁ
765 1190 871 1225 ἰταμῶς

89 1239 240 1274 ἐπιρρίπτων
265 1238 365 1265 ἑαυτὸν
380 1239 436 1268 τοῖς
459 1237 624 1272 Θεοπρεπέσι
651 1236 806 1273 ζητήμασιν
822 1236 870 1263 οὗ·

90 1292 173 1317 μενουν
182 1284 229 1310 οὐκ
244 1284 280 1310 ἂν
290 1283 435 1319 άνιχνεύσῃ
445 1283 494 1319 τὴν
502 1283 643 1319 ἀλήθειαν,
657 1292 667 1309 ι
681 1284 792 1318 Ζητεῖτε
804 1284 870 1318 γὰρ,

90 1329 155 1362 φησι,
169 1329 213 1356 καὶ
225 1329 254 1356 οὐ
269 1329 438 1365 λαμϐάνετε,
454 1329 522 1356 διότι
533 1329 626 1361 κακῶς
638 1329 757 1365 ζητεῖτε.
778 1329 807 1357 '0
821 1330 871 1365 μέν

88 1385 121 1402 τοι
131 1376 311 1412 πνευματικὸς
324 1376 371 1403 σὺν
381 1376 508 1412 εὐλαϐείᾳ
519 1376 674 1403 διασκοπῶν
682 1385 711 1403 τε
724 1377 771 1403 καὶ
779 1376 872 1412 ἐπιζη-

89 1421 133 1447 τών
142 1421 172 1448 τὰ
181 1422 226 1449 τοῦ
242 1422 412 1456 πνεύματος,
421 1419 498 1454 οὗτος
506 1422 546 1454 είς
557 1421 666 1456 εὕρεσιν
677 1422 727 1457 τῆς
737 1421 869 1458 ἀληθείας

89 1467 197 1500 ἀφίξεται
224 1469 274 1495 καὶ
296 1469 346 1503 τῆς
357 1469 476 1504 σπουδῆς
492 1469 521 1495 οὺ
538 1467 778 1504 διαψευσθήσεται·
789 1468 873 1503 ἀψευ-

88 1513 126 1547 δὴς
143 1514 191 1548 γάρ
205 1515 281 1541 ἐστιν
296 1515 310 1541 ὁ
330 1515 526 1550 ὑποσχόμενος·
547 1524 557 1541 t
573 1515 678 1542 Αἰτεῖτε
691 1535 700 1547 ,
716 1515 764 1542 καὶ
791 1515 871 1550 δοθή-

89 1567 152 1586 σεται
169 1560 242 1595 ὺμῖν·
255 1561 386 1596 κρούετε,
402 1562 450 1588 καὶ
463 1561 642 1597 ἀνοιγήσεται
656 1562 730 1598 ὑμῖν.
751 1571 760 1585 ι

333 1619 501 1645 ΕΡΩΤΗΣΙΣ
529 1619 579 1646 ΙΘ’.

88 1676 142 1710 Πῶς
155 1679 206 1704 οὐκ
220 1679 310 1705 ἔστιν
325 1678 464 1705 ἐναντίον
478 1677 511 1704 τὸ
527 1677 629 1712 λέγον,
648 1688 657 1704 ι
677 1677 758 1705 Ἰδοὺ
773 1677 872 1704 πάντα

117 1714 186 1739 καλὰ
201 1715 285 1743 λίαν,
299 1723 309 1739 ι
327 1714 374 1740 καὶ
386 1713 420 1739 τὸ
435 1714 509 1748 μετὰ
525 1713 619 1740 ταῦτα
631 1713 805 1745 ἐπιδιελεῖν,
819 1712 870 1739 καὶ

930 271 991 298 dem
1016 270 1096 298 hilari
1109 271 1187 298 vultu
1206 271 1368 306 accipiente,
1393 273 1480 301 altero
1493 278 1583 302 autem
1605 274 1722 302 ﬁdeliter

930 321 957 343 et
970 315 1099 343 ardenter
1115 317 1256 350 ail'erente,
1279 318 1417 352 quomodo
1435 327 1489 346 non
1512 327 1545 346 eo
1559 325 1632 348 esset
1646 321 1722 348 mira)

929 362 1108 396 providentia:
1135 367 1164 390 et
1189 363 1367 397 benignitatis
1381 363 1494 391 l‘ruitio?
1518 365 1550 392 Et
1564 366 1630 400 quid
1644 366 1719 393 aliud

930 408 1054 435 beneﬁcii
1078 412 1124 436 aut
1137 409 1325 444 pravidentim,
1344 409 1501 437 rationabili
1517 415 1651 439 creatura:
1671 412 1720 439 de-

929 454 1108 482 siderabilius
1123 460 1150 482 et
1163 455 1312 490 pretiosius
1327 456 1420 483 esset?
1431 456 1502 489 Quid
1520 462 1610 484 autem
1630 465 1719 486 amm-

928 501 992 528 nius
1017 507 1043 528 et
1067 502 1194 529 dulcius?
1214 502 1311 536 Aptius
1335 506 1425 529 autem
1447 507 1520 530 esset
1543 503 1579 530 ibi
1605 504 1719 533 virtutes

928 552 956 574 et
979 548 1106 583 pietatem
1135 548 1297 583 intelligere,
1320 548 1420 582 quibus
1441 557 1582 584 nunquam
1600 557 1718 577 vacuum

928 597 1036 628 oportet
1059 601 1152 620 coram
1180 592 1236 620 Dec
1250 601 1401 628 apparere;
1423 593 1469 628 qui
1486 593 1557 620 enim
1575 594 1676 621 virtute
1692 599 1720 622 et

926 637 1027 671 pietate
1046 641 1130 668 caret,
1147 637 1272 671 quamvis
1285 637 1408 664 videatur
1423 639 1456 665 ad
1478 637 1561 665 Deum
1576 639 1717 671 accedere,

927 691 1016 718 neque
1031 683 1090 718 ipse
1104 683 1207 711 videbit
1223 683 1320 717 Deum,
1347 692 1436 719 neque
1452 692 1468 712 a
1482 685 1538 712 Deo
1563 685 1717 720 videbitur;

928 729 1029 764 impius
1043 730 1116 756 enim
1135 738 1189 757 non
1205 731 1307 758 videbit
1318 731 1434 766 gloriam
1447 731 1493 758 Dei
1508 741 1515 765 ;
1530 739 1619 767 neque
1635 740 1717 759 enar-

926 775 999 803 rabit
1016 780 1144 810 peccator
1167 776 1290 812 justitias
1309 779 1378 811 ejus.
1397 777 1492 812 Neque
1515 783 1609 806 noscet
1625 778 1718 806 Domi-

925 830 978 850 nus
991 830 1080 857 neque
1095 822 1292 851 benevolentia:
1315 828 1343 850 et
1364 824 1493 851 amicitia!
1516 824 1606 852 oculis
1624 824 1716 852 intue-

925 866 1000 894 bitur
1016 875 1064 894 eos
1081 867 1128 902 qui
1152 867 1254 901 injuste
1273 872 1367 904 agunt.
1383 868 1502 897 Necesse
1515 873 1556 898 est
1570 869 1653 904 igitur
1669 877 1717 898 eos

887 902 909 931 Β
923 913 969 948 qui
986 920 1036 946 pro
1054 913 1135 941 donis
1150 915 1265 942 virtutes
1279 902 1306 942 et
1330 915 1458 950 pietatem
1474 918 1501 943 in
1518 902 1611 944 animo
1626 916 1718 944 ferunt

919 959 953 986 ad
967 959 1050 986 Deum
1062 960 1192 988 aecedere
1202 965 1229 988 et
1243 966 1412 997 prmceptum
1426 961 1600 990 Dominicum
1624 963 1716 990 adim-

919 1005 1004 1040 plere,
1015 1007 1056 1034 sic
1068 1007 1216 1034 adhortans
1229 1015 1236 1033 ε
1253 1017 1263 1033 ι
1275 1006 1334 1035 Νοη
1347 1008 1491 1044 apparebis
1505 1017 1598 1037 coram
1610 1017 1654 1036 me
1668 1017 1717 1037 va-

919 1060 999 1080 cuus.
1025 1062 1034 1079 l
1055 1052 1169 1080 Deceret
1192 1058 1283 1081 autem
1313 1060 1339 1082 et
1366 1055 1531 1089 quaestiones
1555 1055 1589 1083 de
1608 1056 1664 1083 Deo
1690 1060 1718 1083 et

920 1099 1021 1126 divinis
1043 1107 1098 1127 non
1120 1099 1264 1134 prudentia
1281 1105 1309 1127 et
1325 1101 1461 1135 spirituali
1481 1101 1586 1136 judicio
1611 1109 1716 1129 carere.

920 1145 1054 1173 Animalis
1068 1146 1141 1173 enim
1161 1146 1243 1174 homo
1259 1154 1312 1173 non
1331 1147 1449 1182 percipit
1460 1155 1491 1174 ea
1507 1156 1569 1183 quae
1581 1151 1646 1175 sunt
1660 1148 1716 1182 spi-

919 1191 1000 1224 ritus,
1014 1199 1103 1226 neque
1115 1192 1160 1227 qui
1174 1199 1203 1220 se
1215 1197 1317 1221 temere
1328 1193 1354 1220 in
1366 1193 1471 1221 divinas
1482 1193 1569 1229 injicit
1584 1195 1716 1228 quaestio-

919 1246 968 1265 nes
986 1238 1160 1272 investigabit
1176 1239 1330 1267 veritatem.
1359 1239 1486 1274 Quaeritis
1509 1240 1594 1274 enim,
1614 1241 1716 1275 inquit.

920 1289 948 1312 et
970 1292 1024 1312 non
1047 1285 1198 1320 percipitis,
1227 1285 1291 1320 quia
1315 1286 1386 1314 male
1403 1285 1535 1321 quaeritis.
1558 1286 1717 1321 Spirituaiis

921 1332 1031 1367 quidem
1051 1333 1199 1367 prudenter
1214 1333 1376 1360 examinans
1394 1337 1422 1360 et
1441 1332 1585 1367 inquirens
1598 1341 1629 1360 ea
1653 1342 1721 1369 qua:-

921 1384 986 1407 suut
997 1379 1121 1414 spiritus,
1131 1379 1175 1406 ille
1186 1379 1220 1406 ad
1228 1379 1350 1407 veritatis
1366 1380 1553 1407 inventionem
1566 1381 1716 1414 perveniet.

922 1433 971 1453 nec
987 1434 1053 1454 suus
1064 1434 1126 1453 eum
1137 1426 1218 1453 ardor
1230 1425 1408 1454 frustrabitur
1423 1435 1429 1454 :
1446 1434 1502 1454 non
1517 1426 1591 1454 enim
1600 1427 1718 1456 menda!

922 1477 965 1500 est
977 1473 1021 1500 ille
1035 1474 1080 1508 qui
1092 1473 1231 1509 pollicitus
1246 1479 1288 1502 est
1305 1483 1311 1501 :
1327 1484 1336 1500 ι
1349 1473 1446 1509 Potite,
1460 1478 1488 1502 et
1501 1473 1611 1504 dabitur
1624 1474 1718 1509 vobis;

923 1520 1042 1555 pulsate,
1060 1524 1087 1548 et
1106 1521 1245 1556 aperietur
1261 1520 1339 1549 vobis
1355 1521 1389 1548 “.
1409 1531 1420 1548 ι

1100 1618 1266 1653 QUIESTIO
1285 1618 1346 1646 XIX
1367 1619 1416 1656 [σί.
1436 1619 1543 1657 XVIII].

928 1675 1067 1710 Quomodo
1089 1685 1141 1703 non
1162 1677 1229 1704 inter
1244 1685 1272 1703 se
1298 1678 1499 1705 adversantur:
1519 1687 1529 1703 ‹
1548 1677 1616 1705 Ecce
1629 1679 1719 1708 omnia

959 1712 1072 1746 pulchra
1086 1713 1176 1742 nimis,
1194 1723 1204 1738 ι
1219 1717 1243 1739 et
1255 1721 1313 1747 (IIUB
1325 1714 1443 1748 sequitur
1455 1713 1560 1744 divisio.
1574 1722 1634 1740 cum
1649 1715 1719 1740 diri-

960 1752 1004 1773 tur
1019 1747 1075 1774 alia
1094 1748 1199 1780 quidem
1217 1755 1250 1774 ex
1276 1749 1436 1775 animalibus
1453 1757 1508 1775 esse
1531 1750 1642 1782 munda,
1660 1750 1719 1777 alia

116 1748 206 1782 τὰμὲν
214 1748 273 1775 τῶν
283 1748 363 1779 ζώων
373 1748 487 1783 καθαρὰ
493 1748 604 1783 λέγειν,
611 1750 647 1776 τὰ
654 1749 688 1775 δὲ
697 1748 850 1782 ἀκάθαρτα
858 1756 868 1780 ;

955 1791 1015 1809 vero
1029 1783 1185 1809 immunda?

335 1840 406 1865 Edita
417 1848 430 1865 a
441 1838 514 1869 Maio,
526 1840 543 1864 1.
566 1846 598 1868 c.,
610 1846 634 1871 p.
652 1839 734 1864 18-30.
747 1839 785 1864 An
796 1838 830 1863 sit
845 1837 1009 1864 contradictio
1024 1837 1090 1863 inter
1101 1838 1164 1863 Gen.
1176 1844 1193 1867 ι,
1206 1838 1233 1862 5i
1253 1841 1281 1862 et
1294 1839 1357 1864 Gen.
1373 1845 1414 1869 vu,
1427 1839 1443 1862 Ξ

119 1893 196 1920 Πολλὰ
210 1894 259 1929 μὲν
278 1892 326 1919 οὖν
342 1893 374 1919 ἄν
382 1901 424 1924 τις
439 1893 511 1919 εἴποι
528 1892 592 1926 περὶ
602 1891 704 1926 ταύτης
719 1891 769 1926 τῆς
786 1891 871 1927 ζητή-

959 1890 1045 1917 Multa
1069 1890 1183 1925 quidem
1200 1890 1234 1917 de
1265 1891 1316 1918 ltac
1341 1892 1497 1926 quzestiono
1515 1891 1570 1918 diei
1595 1897 1702 1926 possen‘

88 1947 153 1970 «τίως’
166 1940 210 1966 καὶ
220 1940 276 1975 γὰρ
290 1939 338 1965 καὶ
351 1939 404 1965 τῶν
418 1939 472 1974 προ
487 1938 565 1973 ἡμῶν
592 1938 642 1964 οὐκ
658 1938 743 1971 ὀλίγοι
767 1937 871 1972 ταύτην

959 1937 1031 1964 enim
1044 1941 1071 1963 et
1085 1941 1148 1963 ante
1162 1944 1212 1963 nos
1229 1944 1282 1963 non
1298 1937 1376 1971 pauci
1395 1945 1455 1964 eam
1473 1937 1628 1965 solverunt.
1657 1937 1713 1964 Nov»

87 1986 244 2013 ἑπελύσαντο·
259 1987 335 2013 εῐποι
348 1985 371 2012 δ’
382 1985 414 2012 ἄν
427 1993 470 2016 τις
493 1985 523 2012 ού
551 1984 646 2020 πόρῤω
662 1985 712 2020 τῆς
726 1984 871 2019 ἀκριϐείας

959 1989 1003 2017 tge
1026 1989 1042 2010 a
1066 1983 1182 2009 veritate
1206 1983 1315 2010 abesset
1338 1983 1384 2018 qui
1412 1983 1516 2010 diceret
1531 1984 1602 2012 inter
1618 1992 1647 2012 se
1663 1991 1697 2012 ut-

88 2033 233 2068 φερόμενος,
265 2033 306 2064 ὡς
323 2033 374 2059 οὐκ
389 2031 516 2067 ἀλλήλοις
529 2031 560 2057 τό
585 2040 614 2057 τε
628 2030 751 2066 καθαρὸν
768 2031 815 2057 καὶ
841 2029 870 2057 τὸ

960 2029 1024 2064 poni
1048 2029 1180 2056 mundum
1195 2034 1222 2056 et
1243 2030 1409 2064 pulchrum;
1431 2030 1545 2065 pulchro
1562 2031 1635 2058 ettitn
1659 2039 1694 2059 nt;

86 2078 212 2114 κιλὰνοτῷ
230 2080 281 2114 μὲν
299 2078 354 2113 γὰρ
372 2077 446 2113 καλῷ
463 2078 493 2104 τὸ
513 2077 608 2109 κακὸν,
622 2076 662 2112 τῷ
678 2076 700 2103 δ’
717 2075 866 2110 ἀκαθάρτῳ

85 2125 110 2149 τὸ
119 2125 180 2151 καθα
184 2126 228 2160 ρὺν
235 2125 281 2151 δια
285 2125 411 2159 μάχεται·
422 2123 577 2159 ἀκάθαρτον
586 2123 614 2149 δὲ
623 2123 670 2149 καὶ
678 2122 761 2149 καλὸν
771 2122 821 2148 οὐκ
833 2121 865 2148 ἂν

84 2171 121 2204 εἴη
138 2180 167 2205 γε
189 2173 220 2207 τῇ
240 2180 273 2206 γε
292 2170 421 2206 ἀκριϐείᾳ.
436 2170 601 2205 μαχόμενον·
618 2170 642 2195 εί
659 2169 709 2204 μὲν
722 2168 768 2195 οὖν
782 2167 867 2194 εἰπὼν

85 2216 235 2251 ἔμπροσθεν,
251 2228 261 2244 ε
276 2217 371 2244 Πάντα
388 2215 459 2243 καλὰ
475 2216 546 2249 λίαν,
561 2225 570 2240 ι
581 2215 694 2250 ὕστερον
703 2215 826 2250 ἐπήγαγε
834 2213 867 2240 τὰ

86 2262 128 2295 μὲν
139 2263 222 2290 αὐτῶν
234 2261 307 2289 εἶναι
318 2261 397 2292 καλὰ,
410 2262 446 2288 τὰ
454 2261 482 2288 δὲ
489 2260 587 2296 φαῦλα,
599 2260 678 2287 τοῦτο
691 2261 725 2287 ἂν
733 2260 776 2296 εἴη
795 2268 868 2295 παρ-

918 2075 996 2107 ‘lum,
1023 2075 1165 2103 immundo
1194 2079 1286 2103 autem
1314 2077 1448 2103 mundum
1461 2084 1493 2104 ex
1512 2076 1628 2104 adverso
1655 2082 1699 2105 est

916 2121 1089 2148 immundum
1100 2129 1166 2148 vero
1180 2127 1206 2149 ct
1220 2123 1366 2157 pulchrum
1381 2131 1434 2150 non
1451 2128 1580 2150 accurate
1595 2131 1704 2158 oppone

916 2173 1022 2194 rentur.
1037 2167 1066 2194 Si
1078 2176 1142 2202 ergo
1155 2173 1306 2204 postquam
1323 2169 1429 2196 dixerat
1444 2178 1451 2195 :
1465 2178 1474 2195 ι
1491 2169 1590 2196 Omnia
1605 2169 1718 2204 pulchra

917 2213 1004 2246 valde,
1020 2223 1029 2239 ι
1046 2214 1143 2242 deinde
1159 2215 1321 2250 subjecisset
1331 2216 1384 2242 alia
1401 2215 1510 2250 quidem
1522 2223 1582 2244 esse
1594 2215 1717 2250 pulchra,

918 2259 970 2286 alia
1000 2265 1092 2287 autem
1127 2260 1207 2293 mala,
1223 2261 1286 2288 inde
1300 2265 1461 2288 nasceretur
1473 2260 1633 2294 difﬁcultas;
1647 2269 1718 2295 quo—

84 2308 135 2342 ἔχον
142 2310 169 2335 τὸ
176 2308 359 2345 ἄπορον-επεὶ
371 2307 399 2334 δὲ
411 2306 482 2334 καλὰ
492 2307 553 2333 λίαν
566 2306 652 2333 εἰπὼν
667 2306 701 2333 τὰ
716 2306 765 2342 μὲν
779 2305 870 2332 αὐτῶν

959 2313 996 2330 un
1012 2313 1088 2337 vero,
1102 2310 1246 2340 postquam
1261 2306 1331 2334 dixit
1345 2307 1458 2341 pulchra
1476 2307 1568 2339 nimis,
1579 2307 1632 2334 alia
1647 2307 1718 2333 aﬁir-

83 2353 155 2388 Egarp:
169 2355 278 2390 καθαρᾶ
288 2355 338 2387 ,τὰ
346 2354 374 2380 δὲ
386 2353 541 2389 ἀκάθαρτα,
552 2352 603 2388 τὴν
618 2352 708 2388 μάχην
729 2352 869 2386 διέφυγεν·

923 2352 1008 2377 mavit
1019 2358 1080 2378 esse
1093 2352 1194 2379 munda
1206 2356 1232 2379 et
1247 2353 1301 2379 alia
1313 2352 1455 2380 immunda
1475 2359 1586 2380 omnem
1601 2357 1716 2379 contra-

83 2398 144 2425 οὕτω
158 2400 206 2434 μὲν
226 2400 260 2426 ἂν
285 2398 440 2434 κοινότερον
461 2398 494 2426 ἄν
513 2407 556 2430 τις
582 2397 655 2425 εἴποι
679 2397 727 2424 καὶ
754 2396 871 2432 λογικώ-

959 2397 1069 2424 :ti0uem
1095 2398 1234 2432 przecavit.
1262 2398 1341 2431 Quod
1368 2398 1478 2433 quidem
1499 2398 1674 2426 communius
1689 2404 1718 2426 et

83 2452 161 2479 τερον.
175 2446 280 2472 Ἐκεῖνο
287 2445 316 2471 δὲ
327 2445 416 2476 δεῖτις
431 2443 557 2477 συνιδεῖν,
567 2443 605 2475 ὡς
616 2443 646 2470 τὸ
657 2443 707 2478 μὲν
723 2443 795 2470 καλὰ
810 2443 871 2469 λίαν

959 2443 1112 2471 iionabilius
1125 2443 1179 2471 dici
1196 2449 1298 2479 posset.
1315 2445 1429 2479 Oportet
1444 2449 1534 2471 autem
1549 2449 1577 2471 et
1597 2444 1650 2471 hoc
1672 2444 1718 2471 iu-

83 2491 162 2518 ταντα
181 2490 252 2518 εἶναι
268 2492 316 2518 ἐπὶ
335 2491 385 2526 τῆς
405 2491 459 2517 τῶν
482 2489 739 2526 δημιουργηθέντων
763 2488 871 2523 φύσεως

963 2489 1056 2524 ligere,
1076 2489 1142 2517 illud
1158 2490 1269 2525 quidem
1285 2490 1378 2517 omnia
1397 2489 1510 2524 pulchra
1520 2497 1581 2517 esse
1591 2489 1626 2517 de
1637 2497 1716 2517 crea-

84 2536 186 2572 εῐρηται·
197 2538 227 2565 τὸ
236 2539 266 2565 δὲ
277 2538 397 2574 καθαρὸν
405 2538 453 2564 καὶ
461 2536 614 2572 ἀκάθαρτον
626 2535 672 2562 ἐπὶ
681 2536 729 2570 τῆς
740 2535 816 2568 παρὰ
823 2534 873 2562 τῶν

960 2543 1051 2562 rarum
1059 2541 1155 2563 natura
1165 2537 1267 2563 dictum
1277 2545 1285 2569 ;
1299 2537 1466 2563 imimtndum
1475 2544 1539 2563 vero
1548 2540 1575 2563 et
1583 2537 1717 2565 mundum

84 2583 222 2619 ἀνθρώπων
236 2586 374 2621 χρήσεως·
399 2584 496 2620 χρῆσις
507 2583 536 2610 δὲ
561 2583 608 2609 καὶ
618 2582 699 2617 φύσις
712 2581 873 2616 παμπόλλην

975 2590 1024 2608 usu
1049 2582 1083 2609 ab
1100 2583 1258 2610 hominibus
1276 2582 1409 2611 faciendo.
1435 2581 1506 2610 Usus
1523 2583 1598 2610 enim
1620 2586 1648 2610 et
1667 2591 1718 2610 na-

85 2630 219 2667 ἶχουσιτὴν
229 2631 363 2666 διαφοράν
374 2638 382 2646 ·
392 2629 477 2656 πολλὰ
487 2629 536 2664 μὲν
546 2628 600 2665 γὰρ
611 2630 645 2664 τῇ
653 2628 732 2662 φύσει
741 2629 799 2654 ἐστὶ
813 2627 873 2654 λίαν

959 2636 983 2655 ra
1008 2630 1122 2655 multum
1151 2629 1222 2656 inter
1234 2637 1263 2656 se
1277 2629 1416 2656 diﬂiirunt.
1445 2630 1528 2657 Multa
1556 2638 1654 2665 nempe
1669 2638 1717 2656 tta-

84 2678 188 2712 χρηστὰ.
207 2679 266 2709 τοῖς
287 2676 440 2712 χρωμένοις
459 2676 488 2702 δὲ
509 2675 614 2710 γίνεται
627 2675 687 2701 λίαν
703 2674 818 2710 πονηρὰ,
839 2674 870 2701 οὐ

959 2682 983 2701 ra
1001 2675 1078 2702 valde
1098 2675 1168 2702 bona
1185 2680 1259 2707 sunt,
1276 2676 1416 2704 utentibus
1432 2681 1523 2703 autem
1548 2676 1617 2703 ﬁunt
1639 2677 1716 2704 valde

85 2723 149 2758 παρὰ
159 2725 215 2756 τοῖς
225 2724 278 2758 τὴν
287 2724 390 2750 ἑαυτῶν
406 2723 497 2758 φύσιν,
507 2722 576 2749 ὰ).λὰ
591 2730 627 2748 πα
633 2721 666 2757 ρὰ
675 2721 725 2756 τὴν
739 2721 792 2747 τῶν
803 2729 869 2755 χρυν

959 2720 1005 2752 ila,
1021 2729 1074 2748 nou
1091 2726 1200 2756 propter
1223 2722 1345 2757 ipsorum
1372 2727 1510 2755 naturam.
1533 2722 1582 2750 sed
1604 2727 1716 2757 propter

87 2769 163 2802 [tivum
176 2769 345 2804 φαυλότητα·
362 2768 408 2795 καὶ
423 2769 466 2795 ἵνα
480 2769 535 2800 τοῖς
548 2767 739 2802 προκειμένοις
751 2767 767 2802 ὴ
777 2766 868 2797 πίστις

88 2815 125 2841 ui.
140 2815 273 2851 ἑτέρωθεν
284 2816 394 2851 ἐπιστῇ,
407 2815 506 2842 αὐτίκα
522 2814 536 2840 ὁ
547 2813 660 2850 οὐρανὸς
670 2813 700 2840 τὸ
714 2812 869 2849 θαυμαστὸν

115 2905 133 2920 ⁶¹
154 2905 249 2933 .‘latth.
266 2914 313 2941 vu,
334 2907 359 2935 7.

924 2767 1059 2794 utentium
1089 2767 1232 2795 malitiam.
1258 2767 1292 2794 Et
1315 2773 1345 2795 ut
1373 2769 1589 2803 praecedentibus
1604 2769 1670 2796 ﬁdes
1687 2773 1715 2796 et

924 2813 1033 2841 aliunde
1046 2813 1218 2847 adhibeatur,
1235 2814 1335 2842 malum
1358 2816 1450 2843 statim
1467 2815 1544 2844 adest
1558 2814 1719 2845 mirandqu
