1882 3075
157 165 210 198 ηδ

734 173 866 204 ΡΗΟΤΠ
886 172 1142 203 PATBIARCILE
1155 173 1211 202 (ΖΡ.

1740 170 1788 203 144

152 229 180 251 οι
195 224 344 260 perlectum
357 232 428 260 opus
444 225 515 254 inter
528 235 560 254 ca
574 235 636 264 qua:
647 228 728 257 valde
743 230 857 264 pulchra
868 234 942 258 sunt.

1034 229 1076 256 i=0
1090 229 1138 256 καὶ
1155 229 1237 263 σοφὸν
1258 226 1446 263 φιλοτέχνημα
1467 226 1523 253 τῶν
1537 224 1598 253 λίαν
1612 226 1671 253 ἐστὶ
1692 227 1787 254 καλῶν·

153 267 189 298 lis
203 275 297 298 autem
313 271 360 307 qui
375 272 440 300 illud
455 273 586 310 edingunt
607 275 708 303 animal
732 276 829 305 videns
850 281 877 305 et
898 284 943 304 ra-

153 317 228 346 tione
242 318 385 354 praeditum
401 323 429 348 et
449 319 547 353 Deum.
557 321 660 357 quique
674 330 730 350 non
747 323 881 356 CreatOri,
897 324 944 352 sed

996 276 1053 306 τοῖς
1065 275 1094 301 δὲ
1106 275 1176 308 ζῶον
1191 274 1312 310 ἔμψυχον
1324 273 1391 300 αὐτὸ
1402 273 1449 300 καὶ
1462 272 1572 307 λογικδν
1589 273 1637 299 καὶ
1651 273 1718 300 Θεὸν
1729 275 1790 302 ἀνα-

996 321 1126 354 πλάσασι,
1139 321 1188 348 καὶ
1201 321 1261 348 ἀντὶ
1277 320 1325 347 τοῦ
1336 318 1508 355 Δημιουργοῦ
1519 318 1559 354 τῷ
1572 318 1790 355 δημιουργήματι

152 369 287 393 creatum
302 366 504 394 venerationem
522 372 663 403 praslant.
686 373 714 396 et
726 370 828 404 quibus
844 370 942 398 licebat

1056 368 1139 400 σέϐας
1164 367 1286 402 ἁνάψασι
1298 388 1305 400 ,
1323 366 1372 393 καὶ
1394 363 1436 397 οἷς
1455 365 1514 398 ἐξὸν
1536 365 1586 400 μὲν
1615 365 1736 401 χρῆσθαι
1750 366 1785 398 ὡς

151 419 184 440 co
208 412 247 440 uti
260 412 491 447 quemadmodum
516 420 644 442 creatura
672 416 758 444 utitur
781 424 943 451 conservus,

152 457 206 486 illis
219 465 286 486 sane
297 459 371 493 quod
386 463 492 487 naturae
502 460 718 494 pulcherrimum
726 468 796 495 erat,
804 462 943 491 funestum

149 509 179 530 ιιι
194 504 346 538 pessimum
365 506 555 538 constituitur,
575 507 643 534 nihil
658 507 768 542 quidem
782 509 900 544 propria:
917 513 945 537 et

151 549 281 584 ingeniun
292 550 507 584 pulchritudinis
524 553 666 586 amittens,
680 554 727 581 sed
738 558 850 589 propter
868 555 944 583 insa-

149 602 215 623 nam
233 602 433 624 conservorum
447 597 591 626 audaciam
607 602 635 626 et
653 599 770 627 abusum
788 604 942 627 extremum

151 640 254 669 malum
279 641 335 669 illis
355 641 457 669 factum
477 651 484 669 :
502 642 595 678 itaque
608 643 683 671 aliud
698 649 741 672 est
753 649 859 672 naturte
880 645 943 680 pul-

151 685 290 720 chritudo,
299 687 407 715 etaliud
420 695 522 723 pravus
536 689 618 724 hujus
627 694 735 718 natura:
745 699 821 718 usus.
842 690 941 719 Omnia

151 730 235 769 Igitur
254 734 360 762 ratione
383 739 488 762 natura:
509 735 588 764 valde
604 736 718 771 pulchra
746 742 825 770 sunt;
846 745 942 765 eorum

151 786 217 806 vero
223 787 290 808 usus
299 788 353 808 nun
362 781 492 810 omnibus
501 782 603 814 bonus.
612 790 700 818 neque
711 783 834 811 omnium
843 783 943 812 similis

151 832 206 853 non
222 825 305 854 modo
317 826 433 856 relative
444 827 477 856 ad
491 827 643 856 humanam
658 832 798 861 naturam,
814 828 861 857 sed
870 828 942 857 alio-

150 879 212 901 rum
232 872 267 900 ad
282 872 347 902 alia.

186 916 313 946 Forsitan
325 924 418 948 autem
435 918 480 948 illa
493 919 595 948 solutio
609 919 646 947 ad
658 920 799 955 propriam
814 921 942 956 pervenit

150 963 390 1000 perspicuitatem;
419 966 467 995 sed
491 966 583 994 adhuc
607 967 721 1002 propius
741 967 862 995 eundum
887 972 940 996 est.

151 1009 244 1046 Itaque
267 1011 384 1041 dicimus
403 1013 465 1045 hoc,
490 1013 585 1042 omnia
609 1021 708 1049 nempe
728 1021 791 1042 esse
812 1015 884 1042 bona
906 1014 940 1043 ad

150 1057 301 1086 rreationis
325 1063 353 1086 et
379 1064 484 1087 natura:
499 1059 633 1087 rationem
651 1059 767 1093 referri;
789 1060 856 1087 illud
874 1068 940 1088 vero

150 1103 203 1131 tilia
219 1111 314 1132 eorum
337 1111 398 1133 esse
418 1105 534 1139 munda,
552 1109 579 1134 et
592 1105 644 1134 alia
662 1105 802 1133 immunda
830 1113 884 1133 non
906 1115 939 1133 au

148 1150 297 1178 creationis
311 1159 400 1187 neque
421 1155 536 1186 naturae,
561 1151 609 1180 sed
634 1151 669 1180 ad
692 1152 822 1180 sacriﬁcii
844 1157 872 1180 et
889 1153 940 1180 hu-

147 1203 237 1225 manae
251 1197 388 1232 opinionis
403 1198 559 1231 rationem;
589 1198 694 1226 creatio
718 1203 810 1226 autem
834 1203 862 1227 et
889 1207 940 1227 na-

149 1246 210 1272 ltu'a
223 1243 257 1272 ad
271 1244 428 1279 opinionem
443 1249 470 1274 et
482 1246 651 1274 sacriﬁcium
668 1254 723 1275 non
736 1252 795 1274 rata
809 1255 940 1275 mensura

148 1288 337 1324 dirimuntur,
366 1293 518 1326 praisertim
543 1293 687 1321 sacriﬁciis
713 1297 741 1320 et
764 1292 940 1328 opinionibus

148 1341 203 1362 non
220 1335 317 1364 iisdem
332 1337 446 1365 omnino
469 1338 497 1366 in
511 1339 608 1367 eodem
621 1338 728 1374 judicio
742 1338 897 1373 stantibus;
913 1343 942 1367 et

148 1381 213 1416 quia
230 1390 285 1410 non
309 1383 345 1411 ab
362 1384 441 1412 initio
455 1385 605 1413 creationis
627 1385 681 1413 alia
696 1386 808 1420 quidem
828 1393 896 1421 pura
913 1390 942 1414 et

149 1427 203 1457 alia
216 1429 325 1465 impura
339 1430 598 1467 distinguebantur,
614 1440 647 1460 ex
664 1433 783 1468 quadam
799 1440 863 1461 vero
883 1432 940 1460 cir-

148 1476 315 1504 cumstantia
340 1477 412 1506 hanc
433 1477 617 1507 dilIerentiam
638 1483 814 1514 acceperunt.
837 1478 942 1515 Egyp-

150 1521 196 1549 tiis
210 1522 284 1550 enim
296 1524 368 1558 apud
382 1532 452 1560 quos
465 1525 615 1553 lsraelitica
625 1533 692 1561 gens
703 1526 840 1554 serviebat
854 1526 941 1553 multa

150 1569 281 1597 animalia
296 1575 325 1597 ut
339 1571 405 1599 deos
421 1572 632 1604 venerantibus,
648 1579 710 1599 cum
726 1572 761 1599 iis
775 1571 854 1600 valde
875 1579 942 1599 sane

996 413 1129 448 κτίσματι
1147 413 1193 440 τὸν
1206 412 1365 448 ὁμόδουλον,
1378 411 1483 443 τούτοις
1501 411 1534 446 δὴ
1562 409 1668 442 τούτοις
1680 410 1711 437 τὸ
1726 410 1790 438 κάλ-

996 459 1088 486 λιστον
1115 460 1149 495 τῇ
1176 459 1280 493 φύσει,
1299 457 1422 493 ὀλέθριόν
1449 465 1478 483 τε
1496 457 1544 484 καὶ
1575 456 1707 484 κάκιστον
1730 458 1790 484 ἁνα-

994 505 1133 532 διίκνυται
1151 524 1160 537 ,
1183 503 1261 531 οὐδὲν
1293 503 1343 538 μὲν
1367 502 1434 530 αὐτὸ
1462 502 1513 536 τῆς
1534 502 1639 532 οἰκείας
1665 502 1713 528 καὶ
1737 503 1786 537 ἐμ-

995 551 1080 586 φύτου
1098 550 1232 586 καλλονῆς
1258 549 1397 577 ἀποϐαλὺν
1409 567 1418 580 ,
1440 547 1516 584 παρὰ
1543 547 1572 574 δὲ
1586 547 1635 582 τὴν
1646 547 1792 583 ἀγνώμονα

993 598 1049 624 τῶν
1060 596 1216 632 ὁμοδούλων
1227 596 1331 631 τόλμαν
1350 595 1398 622 καὶ
1411 594 1588 630 παρὰχρησιν
1606 593 1722 628 ἔσχατον
1743 594 1791 620 αὑ.

992 645 1050 675 τοῖς
1066 644 1152 671 κακὸν
1166 643 1288 678 γεγονός·
1300 641 1387 673 οὓτως
1403 640 1498 675 ἕτερον
1525 641 1585 666 ἐστι
1604 640 1712 675 φύσεως
1727 639 1792 667 καλ-

994 691 1058 727 λονὴ
1074 692 1122 718 καὶ
1148 691 1245 727 χρῆσις
1271 690 1456 725 ἀπρόσφορος*
1481 688 1572 715 πάντα
1597 688 1648 723 μὲν
1665 686 1712 715 οὖν
1734 688 1793 714 λίαν

993 739 1066 766 καλὰ
1079 738 1118 774 τῷ
1131 738 1204 772 λόγῳ
1215 738 1265 772 τῆς
1281 737 1400 772 φύσεως·
1416 737 1433 769 ἡ
1447 735 1476 762 δὲ
1489 734 1593 762 τούτων
1612 735 1711 770 χρῆσις
1732 734 1794 761 οὔτε

993 786 1062 813 πᾶσι
1085 785 1166 820 καλὴ,
1180 783 1243 811 οὔτε
1259 784 1369 811 πάντων
1391 782 1483 818 ὁμοία.
1499 782 1530 809 οὐ
1553 781 1633 817 μόνον
1658 781 1726 816 πρὸς
1745 782 1794 817 τὴν

992 831 1169 866 ἀνθρωπίνην
1205 829 1437 866 παραϐαλλομένη
1464 828 1547 864 φύσιν
1559 848 1567 862 ,
1583 828 1649 856 ἀλλ’
1665 828 1726 855 οὐδὲ
1741 827 1794 854 τῶν

994 876 1083 904 ἄλλων
1095 876 1166 913 πρὸς
1180 875 1297 910 ἄλληλα.

1029 925 1107 959 Τάχα
1120 924 1149 951 δὲ
1166 923 1220 950 οὐδ’
1239 924 1255 958 ἡ
1272 923 1350 955 λύσις
1377 922 1446 958 αὕτη
1467 922 1536 958 πρὸς
1561 921 1611 956 τὴν
1638 920 1794 953 ἰδιάζουσαν

993 970 1112 1006 κατῆλθε
1140 970 1301 1004 σαφήνειαν,
1327 969 1394 995 ἀλλ’
1410 969 1452 996 ἑτι
1465 969 1507 995 δεῖ
1526 968 1651 994 κατιέναι
1666 967 1795 1002 πλησιαί·

991 1023 1081 1051 τερον·
1097 1013 1138 1041 διό
1153 1022 1244 1048 φαμεν
1258 1013 1289 1040 τὸ
1309 1013 1358 1048 μὲν
1371 1011 1442 1040 καλὰ
1461 1012 1522 1039 λίαν
1545 1009 1616 1038 εἶναι
1632 1012 1732 1043 πάντα,
1748 1012 1789 1043 εἰς

991 1061 1038 1088 τὸν
1056 1061 1105 1095 τῆς
1119 1059 1303 1095 δημιουργίας
1317 1060 1365 1087 καί¹
1376 1059 1485 1093 φύσεως
1497 1059 1577 1092 λόγον
1592 1058 1791 1093 ἀναφέρεσθαι·

991 1107 1022 1134 τὸ
1035 1107 1064 1133 δὲ
1078 1107 1113 1133 τὰ
1134 1106 1184 1141 μὲν
1212 1105 1302 1133 αὐτῶν
1314 1104 1385 1132 εἶναι
1399 1104 1517 1141 καθαρὰ,
1540 1105 1574 1131 τὰ
1590 1104 1619 1131 δὲ
1633 1104 1789 1139 ἀκάθαρτα,

990 1153 1052 1180 οὐδὲ
1066 1153 1106 1185 εἰς
1121 1152 1167 1178 τὸν
1182 1152 1233 1186 τῆς
1247 1151 1442 1187 δημιουργίας,
1469 1149 1532 1178 οὔτε
1551 1150 1606 1187 μὴν
1624 1151 1665 1182 εἰς
1683 1150 1730 1177 τὸν
1744 1151 1795 1184 τῆς

991 1200 1110 1234 φύσεως,
1129 1197 1188 1225 ἀλλ’
1202 1199 1244 1229 εἰς
1256 1197 1302 1224 τὸν
1315 1196 1366 1231 τῆς
1391 1195 1489 1228 θυσίας
1514 1196 1562 1223 καὶ
1576 1196 1626 1231 τῆς
1651 1195 1795 1230 ἀνθρωπί-

991 1236 1226 1279 νηςῦπολήψεως·
1237 1242 1404 1278 δημιουργία
1412 1241 1440 1269 δὲ
1454 1241 1503 1269 καὶ
1517 1241 1598 1277 φύσις
1612 1241 1680 1276 πρὸς
1694 1241 1796 1275 ὑπόλη-

989 1289 1037 1325 ψιν
1045 1290 1093 1317 καὶ
1104 1289 1211 1320 θυσίαν,
1219 1289 1279 1315 οὐδὲ
1290 1287 1365 1324 ῥητῷ
1376 1287 1469 1323 μέτρῳ
1482 1286 1699 1322 διατειχειξεται,
1712 1286 1795 1320 μάλι-

992 1336 1044 1364 στὰ
1052 1344 1084 1370 γε
1094 1335 1146 1362 τῶν
1158 1335 1259 1362 θυσιῶν
1270 1334 1317 1361 καὶ
1323 1334 1378 1361 τῶν
1392 1333 1553 1368 ὑπολήψεων
1567 1333 1626 1368 οὐχὶ
1638 1333 1693 1360 τῶν
1703 1332 1796 1359 αὐτῶν

990 1382 1035 1410 διὰ
1050 1381 1150 1413 παντὸς
1163 1381 1210 1407 ἐπὶ
1220 1381 1269 1415 τῆς
1279 1380 1363 1415 αὐτῆς
1376 1380 1529 1415 ἱσταμένων
1543 1379 1672 1416 κρίσεως·
1689 1379 1737 1406 καὶ
1753 1379 1797 1406 ὅτι

991 1428 1052 1456 οὐδ’
1063 1427 1110 1455 ἀπ’
1121 1426 1210 1463 ἀρχῆς
1218 1427 1267 1462 τῆς
1281 1425 1464 1462 δημιουργίας
1477 1425 1512 1452 τὰ
1524 1425 1574 1459 μὲν
1586 1425 1704 1459 καθαρὰ,
1713 1424 1750 1452 τὰ
1767 1424 1796 1451 δί

992 1473 1138 1508 ἀκάθαρτα
1153 1471 1332 1499 διεστέλλετο·
1348 1471 1403 1499 ἀπό
1413 1479 1485 1503 τινος
1500 1471 1529 1498 δὲ
1542 1471 1730 1507 περιστάσεως
1744 1471 1797 1506 τὴν

992 1519 1126 1555 διαφορὰν
1140 1517 1244 1552 ταύτην
1272 1517 1391 1550 ἐδέξατο.
1410 1517 1568 1552 Αἰγυπτίων
1581 1518 1636 1554 γὰρ
1656 1517 1685 1544 ἐν
1706 1513 1748 1548 οἷς
1766 1516 1797 1544 τὸ

1001 1564 1197 1600 Ἰσραηλιτικὺν
1222 1563 1298 1595 ἔθνος
1326 1563 1439 1598 ἑθήτευε
1471 1563 1558 1590 πολλὰ
1582 1563 1636 1590 τῶν
1654 1563 1734 1595 ζώων
1756 1565 1798 1595 είς

150 1615 274 1650 pulchris
286 1615 357 1644 malo
377 1621 530 1650 uterentur.
555 1626 591 1646 ne
612 1623 640 1646 et
657 1618 805 1646 Israelitica
822 1627 889 1654 gens
913 1619 940 1646 in

1034 1610 1065 1637 Iw
1076 1608 1268 1645 ἀναφερόντων
1292 1609 1386 1641 σέϐας,
1395 1609 1546 1645 ἐπειδήπερ
1563 1609 1654 1640 αὐτοῖς
1663 1608 1724 1635 λίαν
1734 1608 1798 1636 οὖσι

152 1661 226 1689 hunc
241 1662 391 1697 pessimum
407 1672 487 1691 usum
501 1664 684 1692 abduceretur
697 1669 724 1693 et
737 1665 860 1692 divinum
882 1665 944 1692 cul-

151 1709 209 1735 tum
226 1706 316 1736 brutis
330 1709 484 1744 adhiberet,
498 1710 639 1739 immunda
654 1710 699 1738 illa
715 1710 854 1746 legislator
867 1710 944 1747 Moy-

151 1761 198 1782 ses
220 1755 318 1783 motito
347 1757 532 1792 nuncupavit;
563 1764 616 1784 non
642 1756 716 1784 enim
744 1756 944 1784 exscreatiOne

152 1799 334 1828 immunditiat
361 1802 577 1837 participabant,
605 1802 698 1835 absit,
726 1809 817 1837 neque
843 1807 944 1830 natura

152 1845 295 1876 immunda
320 1853 410 1881 erant,
437 1849 485 1877 sed
503 1857 558 1878 non
587 1850 700 1882 munde,
718 1848 833 1885 profane
849 1854 942 1877 autem

151 1899 177 1922 et
194 1895 276 1931 impie
302 1896 386 1925 nimis
398 1896 562 1933 Egyptiaca
581 1897 656 1925 natio
674 1898 708 1926 iis
725 1897 862 1926 utebatur.
884 1896 943 1924 Etsi

152 1947 218 1969 vero
231 1942 357 1978 quaedam
371 1950 467 1971 eorum
480 1951 541 1978 qua:
556 1944 628 1979 apud
649 1943 793 1980 Egyptias
806 1944 846 1972 dii
860 1944 944 1972 habe-

152 1986 263 2021 bantur,
279 1993 309 2016 ut
324 1989 418 2016 bovem
432 1993 460 2017 et
475 1989 594 2022 hircum,
608 1990 636 2017 in
658 1991 825 2018 mundorum
845 1998 944 2018 nume-

153 2042 213 2063 rum
229 2034 335 2070 Moyses
353 2035 456 2066 retulit.
470 2035 539 2063 nihil
556 2041 652 2064 contra
666 2037 824 2072 praedictam
840 2037 942 2065 doctri—

152 2089 216 2111 nam
248 2089 339 2116 neque
365 2085 461 2110 contra
490 2082 633 2117 proprium
666 2091 779 2118 scopum
810 2082 942 2118 perfecit;

152 2127 252 2155 etenim
264 2134 359 2154 eorum
373 2134 433 2162 quae
453 2128 525 2163 apud
539 2136 586 2156 eos
600 2133 630 2155 ut
645 2128 683 2156 dii
697 2129 868 2161 colebantur,
890 2129 943 2156 alia

151 2173 262 2208 quidem
285 2172 426 2201 immunda
448 2181 559 2207 vocans,
579 2175 632 2202 alia
647 2179 738 2202 autem
759 2174 941 2202 immolationi

151 2223 181 2247 et
199 2219 324 2255 sanguini
351 2225 380 2247 et
395 2221 477 2248 morti
491 2229 603 2253 vovens.
626 2221 661 2248 ab
686 2228 782 2249 eorum
806 2221 881 2249 cultu
904 2219 944 2248 ls-

151 2265 272 2299 raclitas.
282 2270 310 2295 et
317 2273 333 2294 a
341 2266 441 2295 damno
449 2267 506 2295 illis
515 2267 577 2296 inde
585 2272 714 2296 nascente
720 2268 822 2303 pariter
830 2267 942 2298 avertit;

995 1656 1086 1687 καλοῐς
1096 1655 1190 1685 κακῶς
1199 1655 1370 1691 ξὲκέχρηντο,
1382 1655 1426 1681 ἵνα
1438 1655 1476 1690 μὴ
1489 1656 1536 1682 καὶ
1549 1655 1580 1682 τδ
1597 1655 1800 1690 Ἰσραηλιτικδν

993 1701 1073 1736 γένος
1083 1701 1123 1732 εἰς
1133 1699 1241 1734 εκείνην
1255 1700 1303 1735 τὴν
1316 1699 1423 1735 φαύλην
1433 1700 1570 1735 ἀπενεχθῇ
1583 1699 1693 1735 χρῆσιν,
1703 1699 1753 1726 καὶ
1765 1699 1800 1726 τὸ

995 1746 1066 1774 θεῖον
1084 1745 1166 1778 σέϐας
1183 1747 1240 1778 τοῖς
1254 1745 1362 1780 ἀλόγοις
1380 1745 1503 1782 περιάψῃ
1518 1766 1526 1779 ,
1547 1745 1690 1780 ἀκάθαρτα
1704 1744 1799 1772 ταῦτα

994 1792 1147 1827 νομοθετῶν
1162 1793 1176 1818 ὀ
1187 1792 1290 1827 Μωσῆς
1302 1792 1415 1823 δικαίως
1441 1792 1579 1827 ὠνόμασε·
1598 1791 1712 1826 μέτοχον
1731 1792 1794 1827 γὰρ

996 1838 1172 1873 ἀκαθαρσίας
1185 1838 1235 1864 οὐκ
1249 1838 1304 1865 ὰπὸ
1324 1839 1374 1874 τῆς
1392 1838 1584 1874 δημιουργίας,
1604 1838 1707 1872 ἄπαγε,
1730 1838 1798 1864 οὐδ’

995 1886 1012 1922 ἠ
1027 1884 1109 1920 φύσις
1122 1883 1181 1920 εἷχε
1200 1886 1231 1912 τὸ
1243 1884 1400 1920 ἀκάθαρτον
1411 1904 1419 1917 ,
1435 1883 1493 1911 ἀλλ’
1517 1885 1559 1911 ὅτι
1586 1884 1617 1910 οὐ
1650 1883 1796 1919 καθαρῶς,

997 1931 1097 1967 μᾶλλον
1111 1931 1140 1958 δὲ
1158 1931 1281 1966 βεϐήλως
1302 1930 1364 1957 λίαν
1378 1931 1426 1957 καί
1447 1931 1576 1966 ἀνιέρως.
1592 1930 1623 1956 τὸ
1633 1930 1797 1964 Αἰγυπτίων

995 1978 1071 2010 ἔθνος
1096 1978 1202 2009 τούτοις
1226 1977 1408 2012 ὲπεχρήσατο.
1426 1975 1458 2002 Εἰ
1472 1976 1500 2003 δὲ
1519 1976 1565 2003 καί
1583 1984 1644 2002 τινα
1663 1976 1718 2002 τῶν
1733 1975 1797 2002 θεο-

995 2023 1168 2059 ποιουμέυων
1184 2022 1260 2059 παρὰ
1281 2024 1338 2054 τοῖς
1363 2022 1526 2056 Αἰγυπτίοις
1543 2023 1557 2048 ὸ
1569 2021 1674 2056 Μωσῆς
1698 2021 1796 2057 ὥσπερ

994 2070 1040 2096 τὸν
1054 2069 1116 2105 βοῦν
1135 2069 1182 2096 καὶ
1197 2069 1244 2096 τὸν
1267 2069 1371 2104 τράγον
1390 2069 1430 2100 εἰς
1444 2067 1493 2104 τὴν
1510 2067 1565 2095 τῶν
1579 2067 1707 2103 καθαρῶν
1717 2067 1796 2100 τάξιν

994 2115 1153 2151 ἁπέκρινεν,
1170 2115 1247 2142 οὐδὲν
1266 2114 1330 2141 οὐδὲ
1356 2114 1434 2149 παρὰ
1449 2114 1499 2149 τὴν
1523 2113 1707 2149 προκειμένην
1723 2113 1797 2139 θεω-

996 2162 1068 2196 ρίαν,
1082 2161 1142 2188 οὑδὲ
1162 2161 1239 2197 παρὰ
1255 2161 1302 2188 τὸν
1323 2162 1422 2188 οἰκεῖον
1436 2161 1536 2188 σκοπὸν
1550 2161 1730 2197 διεπράξατο·
1744 2159 1796 2186 καὶ

994 2207 1049 2244 γὰρ
1066 2208 1121 2235 τῶν
1133 2207 1317 2243 θειαζομένων
1330 2209 1393 2243 παρ’
1413 2208 1506 2239 αὐτοῖς
1531 2207 1565 2234 τὰ
1589 2207 1640 2242 μὲν
1660 2206 1796 2242 βδελυκτὰ

996 2254 1116 2286 καλέσας
1129 2274 1137 2286 ,
1157 2255 1191 2281 τὰ
1214 2254 1243 2281 δὲ
1273 2255 1364 2290 σφαγῇ
1384 2255 1430 2281 καὶ
1456 2254 1553 2289 αἵματι
1573 2254 1621 2280 καὶ
1653 2253 1796 2288 ἀναιρέσει

151 2306 224 2347 quod
238 2298 311 2341 enim
335 2313 550 2342 abominandum
577 2318 619 2342 est
644 2318 673 2342 et
696 2298 896 2342 immolandum
917 2319 942 2342 et

1034 2305 1069 2333 ig,
1095 2300 1147 2335 τῆς
1178 2300 1281 2327 τούτων
1310 2300 1440 2335 λατρείας
1462 2299 1525 2331 τοὺς
1558 2298 1728 2334 Ἰσραηλίτας
1746 2299 1796 2325 καὶ

151 2357 232 2394 epulo
246 2364 442 2394 praeparatum.
467 2368 521 2387 non
542 2359 618 2388 credi
641 2364 732 2395 potest
746 2367 808 2388 esse
822 2359 889 2387 deus
909 2359 945 2387 ab

151 2405 186 2434 iis
200 2405 248 2441 qui
267 2405 304 2435 ita
317 2406 410 2435 animo
421 2405 588 2434 adiciuntur.

183 2523 269 2559 Igitur
283 2524 387 2552 creatio
403 2524 448 2551 Dei
464 2532 547 2559 opera
559 2524 650 2551 omnia
661 2524 739 2551 valde
754 2524 866 2560 pulchra
881 2532 943 2560 pro-

150 2570 242 2603 duxit;
257 2574 285 2597 et
294 2575 390 2597 natura
405 2570 527 2597 omnium
541 2574 582 2597 est
594 2571 714 2605 optima:
731 2570 870 2598 hominum
878 2578 944 2598 vero

151 2616 243 2643 insani
258 2620 286 2643 et
296 2615 405 2652 exleges
423 2625 491 2644 usus
506 2617 590 2645 multa
605 2625 638 2645 ex
656 2617 755 2644 creatis
773 2616 944 2653 profanando

151 2662 204 2689 alia
235 2662 346 2697 quidem
380 2663 531 2690 existimari
569 2667 597 2690 et
631 2662 763 2698 appellari
802 2662 943 2690 immunda

152 2707 286 2738 fecerunt.
302 2708 356 2736 alia
371 2716 447 2741 vero,
462 2709 512 2736 etsi
526 2709 597 2736 hanc
615 2710 649 2737 ab
667 2709 839 2737 immundilia
859 2709 946 2737 deno-

151 2753 331 2782 minationem
368 2755 534 2791 eﬂ'ugerunt,
562 2760 654 2783 tamen
685 2756 765 2783 iidem
798 2763 866 2783 usus
900 2754 946 2781 Dui

151 2801 242 2829 amico
267 2809 378 2830 causam
405 2802 578 2837 praebuerunt
601 2802 685 2830 altera
711 2802 840 2830 mcthodo
865 2800 945 2827 intcl-

153 2847 264 2882 ligendi,
279 2852 307 2876 et
328 2855 360 2876 ea
376 2855 393 2875 a
415 2849 606 2883 profanatione
631 2848 783 2881 eximendi;
811 2852 840 2874 et
864 2851 947 2874 ntro-

154 2901 208 2928 que
236 2894 319 2922 modo
340 2894 588 2924 estraelitarum
615 2900 706 2923 mente
734 2894 946 2930 polythciszuum

998 2347 1048 2383 τῆς
1074 2346 1188 2374 αὐτόθεν
1211 2347 1305 2374 αὐτοῖς
1342 2346 1534 2382 ἀναφυομένης
1563 2345 1664 2381 βλάϐης
1692 2344 1796 2380 ὁμοίως

998 2393 1187 2422 ἀπεκώλυσεν·
1203 2393 1265 2420 οὔτε
1282 2393 1336 2429 γὰρ
1350 2393 1380 2419 τὺ
1405 2392 1551 2428 βδελυκτδν
1577 2391 1641 2419 οὔτε
1659 2392 1690 2418 τὸ
1718 2400 1792 2426 σφα-

998 2439 1161 2475 γιαζόμενον
1184 2439 1232 2466 καὶ
1244 2439 1321 2475 θοίνῃ
1337 2438 1518 2474 προκείμενον
1540 2437 1590 2464 οὐκ
1605 2437 1639 2464 ἂν
1651 2436 1794 2473 νομισθείη

999 2486 1055 2517 τοῖς
1069 2484 1141 2512 οὓτω
1165 2484 1229 2520 περὶ
1249 2483 1318 2511 αὐτὰ
1340 2483 1524 2518 διακειμένοις
1543 2482 1615 2514 θεός.

1039 2531 1071 2558 Ἦ
1086 2530 1136 2564 μὲν
1160 2528 1207 2557 οὖν
1227 2530 1393 2565 δημιουργία
1410 2529 1458 2555 τοῦ
1482 2528 1550 2555 Θεοῦ
1568 2528 1602 2555 τὰ
1623 2527 1795 2563 δημιουργή-

999 2584 1072 2612 ματα
1082 2576 1170 2603 πάντα
1181 2575 1241 2602 λίαν
1250 2574 1319 2601 καλά
1332 2574 1522 2611 προηγάγετο·
1539 2573 1586 2600 καὶ
1599 2574 1617 2609 ἡ
1632 2573 1712 2608 φύσις
1725 2573 1795 2599 πάν-

997 2631 1052 2649 των
1070 2620 1124 2656 ἔχει
1150 2621 1180 2647 τὸ
1202 2619 1331 2656 ἄριστον·
1353 2619 1506 2655 ἀνθρώπων
1532 2619 1560 2646 δὲ
1578 2617 1728 2654 παράλογοι
1747 2617 1796 2644 καὶ

999 2667 1128 2701 ἔκθεσμοι
1142 2666 1255 2702 χρήσεις
1269 2664 1355 2692 πολλὰ
1371 2665 1426 2692 τῶν
1440 2664 1698 2700 δημιουργηθέντων
1713 2662 1795 2698 βεϐη-

997 2712 1129 2744 λώσασαι,
1145 2711 1180 2737 τὰ
1191 2711 1242 2746 μὲν
1258 2709 1402 2745 ἀκάθαρτα
1426 2710 1472 2736 καὶ
1491 2708 1651 2744 νομίζεσθαι
1668 2708 1716 2734 καὶ
1741 2716 1794 2734 κα-

997 2756 1102 2782 λεῖσθαι
1114 2755 1322 2791 παρεσκεύασαν
1333 2763 1340 2770 ο
1356 2755 1390 2782 τὰ
1408 2754 1436 2781 δὲ
1450 2754 1501 2781 κᾶν
1518 2755 1567 2790 τὴν
1583 2754 1637 2780 ἀπὸ
1654 2753 1703 2788 τῆς
1723 2753 1794 2779 ἀκα-

999 2802 1114 2837 Θαρσίας
1125 2802 1221 2836 κλῆσιν
1238 2801 1375 2836 διέφυγεν,
1390 2801 1447 2828 ἀλλ’
1463 2798 1510 2827 οὖν
1522 2800 1660 2835 παρέσχον
1679 2799 1718 2833 τῷ
1734 2798 1794 2824 θεό-

1000 2855 1054 2884 πτῃ
1083 2847 1173 2874 αἰτίαν
1197 2847 1314 2873 συνιδεῖν
1340 2847 1422 2883 ἑτέρᾳ
1441 2847 1554 2882 μεθόδῳ,
1573 2847 1619 2872 καὶ
1642 2845 1729 2872 ταῦτα
1743 2845 1794 2883 τῆς

1001 2893 1178 2929 βεϐηλώσεως
1190 2894 1334 2929 ἐκτεμεῖν·
1349 2894 1396 2920 καὶ
1413 2894 1446 2920 δι’
1470 2893 1600 2928 ἐκατέρου
1622 2892 1722 2926 τρόπου
1740 2891 1794 2918 τῶν
