  <div class='ocr_page' id='page_1' title='image "/cluster/home/n/w/nwhite01/storage/ocr_20150623/101/njp.32101077772877/137.png"; bbox 0 0 1882 3075; ppageno 0'>
   <div class='ocr_carea' id='block_1_1' title="bbox 197 175 245 208">
    <p class='ocr_par' dir='ltr' id='par_1_1' title="bbox 197 175 245 208">
     <span class='ocr_line' id='line_1_1' title="bbox 197 175 245 208; baseline -0.042 0"><span class='ocrx_word' id='word_1_1' title='bbox 197 175 245 208; x_wconf 70' lang='grc'><strong>147</strong></span> 
     </span>
    </p>
   </div>
   <div class='ocr_carea' id='block_1_2' title="bbox 768 177 1812 209">
    <p class='ocr_par' dir='ltr' id='par_1_2' title="bbox 768 177 1812 209">
     <span class='ocr_line' id='line_1_2' title="bbox 768 177 1812 209; baseline 0.002 -2"><span class='ocrx_word' id='word_1_2' title='bbox 768 177 899 207; x_wconf 89' lang='lat' dir='ltr'><strong>PHOTII</strong></span> <span class='ocrx_word' id='word_1_3' title='bbox 914 177 1167 208; x_wconf 71' lang='lat' dir='ltr'><strong>PATRIARCHfE</strong></span> <span class='ocrx_word' id='word_1_4' title='bbox 1185 178 1239 208; x_wconf 89' lang='lat' dir='ltr'><strong>CP.</strong></span> <span class='ocrx_word' id='word_1_5' title='bbox 1766 177 1812 209; x_wconf 73' lang='lat' dir='ltr'><strong>tts</strong></span> 
     </span>
    </p>
   </div>
   <div class='ocr_carea' id='block_1_3' title="bbox 196 232 960 270">
    <p class='ocr_par' dir='ltr' id='par_1_3' title="bbox 196 232 960 263">
     <span class='ocr_line' id='line_1_3' title="bbox 196 232 960 263; baseline 0 -2"><span class='ocrx_word' id='word_1_6' title='bbox 196 232 332 263; x_wconf 86' lang='lat' dir='ltr'><strong>conversi,</strong></span> <span class='ocrx_word' id='word_1_7' title='bbox 356 232 451 260; x_wconf 82' lang='lat' dir='ltr'><strong>vident</strong></span> <span class='ocrx_word' id='word_1_8' title='bbox 477 232 694 261; x_wconf 86' lang='lat' dir='ltr'><strong>misericordiam</strong></span> <span class='ocrx_word' id='word_1_9' title='bbox 717 233 848 261; x_wconf 76' lang='lat' dir='ltr'><strong>benevole</strong></span> <span class='ocrx_word' id='word_1_10' title='bbox 869 242 916 262; x_wconf 89' lang='lat' dir='ltr'><strong>eos</strong></span> <span class='ocrx_word' id='word_1_11' title='bbox 935 242 960 261; x_wconf 84' lang='lat' dir='ltr'><strong>re</strong></span> 
     </span>
    </p>
   </div>
   <div class='ocr_carea' id='block_1_4' title="bbox 1054 232 1812 270">
    <p class='ocr_par' dir='ltr' id='par_1_4' title="bbox 1054 233 1812 270">
     <span class='ocr_line' id='line_1_4' title="bbox 1054 233 1812 270; baseline 0.001 -9"><span class='ocrx_word' id='word_1_12' title='bbox 1054 235 1266 267; x_wconf 79' lang='grc' dir='ltr'><strong>εταναστάντες,</strong></span> <span class='ocrx_word' id='word_1_13' title='bbox 1287 234 1408 269; x_wconf 80' lang='grc' dir='ltr'><strong>εὐμενῶς</strong></span> <span class='ocrx_word' id='word_1_14' title='bbox 1432 234 1527 266; x_wconf 77' lang='grc' dir='ltr'><strong>αὐτοῖς</strong></span> <span class='ocrx_word' id='word_1_15' title='bbox 1549 233 1649 269; x_wconf 75' lang='grc' dir='ltr'><strong>ἐρῶσιν</strong></span> <span class='ocrx_word' id='word_1_16' title='bbox 1683 235 1731 270; x_wconf 77' lang='grc' dir='ltr'><strong>τὴν</strong></span> <span class='ocrx_word' id='word_1_17' title='bbox 1754 245 1812 262; x_wconf 69' lang='grc' dir='ltr'><strong>συν-</strong></span> 
     </span>
    </p>
   </div>
   <div class='ocr_carea' id='block_1_5' title="bbox 196 277 978 315">
    <p class='ocr_par' dir='ltr' id='par_1_5' title="bbox 196 277 978 315">
     <span class='ocr_line' id='line_1_5' title="bbox 196 277 978 315; baseline 0.003 -10"><span class='ocrx_word' id='word_1_18' title='bbox 196 279 366 314; x_wconf 70' lang='lat' dir='ltr'><strong>spicientem.</strong></span> <span class='ocrx_word' id='word_1_19' title='bbox 379 277 431 311; x_wconf 84' lang='lat' dir='ltr'><strong>Qui</strong></span> <span class='ocrx_word' id='word_1_20' title='bbox 446 286 511 306; x_wconf 85' lang='lat' dir='ltr'><strong>vero</strong></span> <span class='ocrx_word' id='word_1_21' title='bbox 524 279 558 306; x_wconf 86' lang='lat' dir='ltr'><strong>ab</strong></span> <span class='ocrx_word' id='word_1_22' title='bbox 573 279 651 306; x_wconf 91' lang='lat' dir='ltr'><strong>lnilio</strong></span> <span class='ocrx_word' id='word_1_23' title='bbox 665 287 693 306; x_wconf 88' lang='lat' dir='ltr'><strong>se</strong></span> <span class='ocrx_word' id='word_1_24' title='bbox 709 280 778 306; x_wconf 89' lang='lat' dir='ltr'><strong>male</strong></span> <span class='ocrx_word' id='word_1_25' title='bbox 786 288 867 315; x_wconf 81' lang='lat' dir='ltr'><strong>agere</strong></span> <span class='ocrx_word' id='word_1_26' title='bbox 878 281 978 313; x_wconf 89' lang='lat' dir='ltr'><strong>sciunt,</strong></span> 
     </span>
    </p>
   </div>
   <div class='ocr_carea' id='block_1_6' title="bbox 194 325 980 359">
    <p class='ocr_par' dir='ltr' id='par_1_6' title="bbox 194 325 980 359">
     <span class='ocr_line' id='line_1_6' title="bbox 194 325 980 359; baseline 0.003 -8"><span class='ocrx_word' id='word_1_27' title='bbox 194 326 265 352; x_wconf 75' lang='lat' dir='ltr'><strong>ctad</strong></span> <span class='ocrx_word' id='word_1_28' title='bbox 283 325 384 352; x_wconf 90' lang='lat' dir='ltr'><strong>malum</strong></span> <span class='ocrx_word' id='word_1_29' title='bbox 408 332 488 352; x_wconf 90' lang='lat' dir='ltr'><strong>suum</strong></span> <span class='ocrx_word' id='word_1_30' title='bbox 513 325 632 352; x_wconf 89' lang='lat' dir='ltr'><strong>auinmm</strong></span> <span class='ocrx_word' id='word_1_31' title='bbox 656 326 775 359; x_wconf 87' lang='lat' dir='ltr'><strong>firmant,</strong></span> <span class='ocrx_word' id='word_1_32' title='bbox 791 326 930 354; x_wconf 82' lang='lat' dir='ltr'><strong>conversis</strong></span> <span class='ocrx_word' id='word_1_33' title='bbox 945 326 980 353; x_wconf 88' lang='lat' dir='ltr'><strong>ad</strong></span> 
     </span>
    </p>
   </div>
   <div class='ocr_carea' id='block_1_7' title="bbox 195 371 977 408">
    <p class='ocr_par' dir='ltr' id='par_1_7' title="bbox 195 371 977 408">
     <span class='ocr_line' id='line_1_7' title="bbox 195 371 977 408; baseline 0.003 -11"><span class='ocrx_word' id='word_1_34' title='bbox 195 371 381 406; x_wconf 72' lang='lat' dir='ltr'><strong>pmuitentiam</strong></span> <span class='ocrx_word' id='word_1_35' title='bbox 393 371 504 398; x_wconf 88' lang='lat' dir='ltr'><strong>multam</strong></span> <span class='ocrx_word' id='word_1_36' title='bbox 516 375 612 398; x_wconf 88' lang='lat' dir='ltr'><strong>contra</strong></span> <span class='ocrx_word' id='word_1_37' title='bbox 625 371 698 406; x_wconf 88' lang='lat' dir='ltr'><strong>ipsos</strong></span> <span class='ocrx_word' id='word_1_38' title='bbox 712 373 893 406; x_wconf 57' lang='lat' dir='ltr'><strong>prtestautiam</strong></span> <span class='ocrx_word' id='word_1_39' title='bbox 906 381 977 408; x_wconf 67' lang='lat' dir='ltr'><strong>prae-</strong></span> 
     </span>
    </p>
   </div>
   <div class='ocr_carea' id='block_1_8' title="bbox 195 417 980 449">
    <p class='ocr_par' dir='ltr' id='par_1_8' title="bbox 195 417 980 449">
     <span class='ocr_line' id='line_1_8' title="bbox 195 417 980 449; baseline 0.003 -6"><span class='ocrx_word' id='word_1_40' title='bbox 195 418 268 445; x_wconf 86' lang='lat' dir='ltr'><strong>hent.</strong></span> <span class='ocrx_word' id='word_1_41' title='bbox 280 417 333 444; x_wconf 94' lang='lat' dir='ltr'><strong>Alii</strong></span> <span class='ocrx_word' id='word_1_42' title='bbox 347 417 419 444; x_wconf 89' lang='lat' dir='ltr'><strong>enim</strong></span> <span class='ocrx_word' id='word_1_43' title='bbox 433 417 512 444; x_wconf 89' lang='lat' dir='ltr'><strong>bonis</strong></span> <span class='ocrx_word' id='word_1_44' title='bbox 537 417 680 444; x_wconf 80' lang='lat' dir='ltr'><strong>desideriis</strong></span> <span class='ocrx_word' id='word_1_45' title='bbox 692 418 875 449; x_wconf 73' lang='lat' dir='ltr'><strong>adlircseruul,</strong></span> <span class='ocrx_word' id='word_1_46' title='bbox 889 423 916 445; x_wconf 91' lang='lat' dir='ltr'><strong>et</strong></span> <span class='ocrx_word' id='word_1_47' title='bbox 930 425 980 445; x_wconf 92' lang='lat' dir='ltr'><strong>no-</strong></span> 
     </span>
    </p>
   </div>
   <div class='ocr_carea' id='block_1_9' title="bbox 194 463 978 498">
    <p class='ocr_par' dir='ltr' id='par_1_9' title="bbox 194 463 978 498">
     <span class='ocr_line' id='line_1_9' title="bbox 194 463 978 498; baseline 0.001 -9"><span class='ocrx_word' id='word_1_48' title='bbox 194 464 278 491; x_wconf 74' lang='lat' dir='ltr'><strong>lentes</strong></span> <span class='ocrx_word' id='word_1_49' title='bbox 299 464 324 490; x_wconf 93' lang='lat' dir='ltr'><strong>in</strong></span> <span class='ocrx_word' id='word_1_50' title='bbox 347 465 513 490; x_wconf 75' lang='lat' dir='ltr'><strong>contrariam</strong></span> <span class='ocrx_word' id='word_1_51' title='bbox 538 463 664 490; x_wconf 90' lang='lat' dir='ltr'><strong>abierunt</strong></span> <span class='ocrx_word' id='word_1_52' title='bbox 686 467 804 498; x_wconf 86' lang='lat' dir='ltr'><strong>partem;</strong></span> <span class='ocrx_word' id='word_1_53' title='bbox 822 464 866 490; x_wconf 88' lang='lat' dir='ltr'><strong>alii</strong></span> <span class='ocrx_word' id='word_1_54' title='bbox 888 468 978 491; x_wconf 91' lang='lat' dir='ltr'><strong>autem</strong></span> 
     </span>
    </p>
   </div>
   <div class='ocr_carea' id='block_1_10' title="bbox 193 509 978 544">
    <p class='ocr_par' dir='ltr' id='par_1_10' title="bbox 193 509 978 544">
     <span class='ocr_line' id='line_1_10' title="bbox 193 509 978 544; baseline 0.001 -9"><span class='ocrx_word' id='word_1_55' title='bbox 193 510 228 536; x_wconf 87' lang='lat' dir='ltr'><strong>ab</strong></span> <span class='ocrx_word' id='word_1_56' title='bbox 244 510 322 536; x_wconf 92' lang='lat' dir='ltr'><strong>initio</strong></span> <span class='ocrx_word' id='word_1_57' title='bbox 346 509 417 536; x_wconf 92' lang='lat' dir='ltr'><strong>mala</strong></span> <span class='ocrx_word' id='word_1_58' title='bbox 438 509 589 544; x_wconf 77' lang='lat' dir='ltr'><strong>elegerunt,</strong></span> <span class='ocrx_word' id='word_1_59' title='bbox 605 516 632 536; x_wconf 90' lang='lat' dir='ltr'><strong>et</strong></span> <span class='ocrx_word' id='word_1_60' title='bbox 646 517 739 537; x_wconf 90' lang='lat' dir='ltr'><strong>eorum</strong></span> <span class='ocrx_word' id='word_1_61' title='bbox 757 510 888 537; x_wconf 87' lang='lat' dir='ltr'><strong>sententia</strong></span> <span class='ocrx_word' id='word_1_62' title='bbox 905 517 978 537; x_wconf 90' lang='lat' dir='ltr'><strong>mors</strong></span> 
     </span>
    </p>
   </div>
   <div class='ocr_carea' id='block_1_11' title="bbox 194 555 978 591">
    <p class='ocr_par' dir='ltr' id='par_1_11' title="bbox 194 555 978 591">
     <span class='ocr_line' id='line_1_11' title="bbox 194 555 978 591; baseline 0.003 -10"><span class='ocrx_word' id='word_1_63' title='bbox 194 555 227 582; x_wconf 89' lang='lat' dir='ltr'><strong>iis</strong></span> <span class='ocrx_word' id='word_1_64' title='bbox 248 555 361 588; x_wconf 86' lang='lat' dir='ltr'><strong>accidit;</strong></span> <span class='ocrx_word' id='word_1_65' title='bbox 379 555 440 583; x_wconf 87' lang='lat' dir='ltr'><strong>aliis</strong></span> <span class='ocrx_word' id='word_1_66' title='bbox 462 556 571 590; x_wconf 83' lang='lat' dir='ltr'><strong>quidem</strong></span> <span class='ocrx_word' id='word_1_67' title='bbox 597 556 729 590; x_wconf 89' lang='lat' dir='ltr'><strong>optimum</strong></span> <span class='ocrx_word' id='word_1_68' title='bbox 748 556 890 583; x_wconf 83' lang='lat' dir='ltr'><strong>videbatur</strong></span> <span class='ocrx_word' id='word_1_69' title='bbox 905 555 978 591; x_wconf 90' lang='lat' dir='ltr'><strong>quod</strong></span> 
     </span>
    </p>
   </div>
   <div class='ocr_carea' id='block_1_12' title="bbox 193 600 979 636">
    <p class='ocr_par' dir='ltr' id='par_1_12' title="bbox 193 600 979 636">
     <span class='ocr_line' id='line_1_12' title="bbox 193 600 979 636; baseline 0.001 -9"><span class='ocrx_word' id='word_1_70' title='bbox 193 600 352 634; x_wconf 89' lang='lat' dir='ltr'><strong>laudabant,</strong></span> <span class='ocrx_word' id='word_1_71' title='bbox 367 601 402 628; x_wconf 87' lang='lat' dir='ltr'><strong>ita</strong></span> <span class='ocrx_word' id='word_1_72' title='bbox 415 605 444 628; x_wconf 92' lang='lat' dir='ltr'><strong>ut</strong></span> <span class='ocrx_word' id='word_1_73' title='bbox 461 601 591 636; x_wconf 87' lang='lat' dir='ltr'><strong>opinione</strong></span> <span class='ocrx_word' id='word_1_74' title='bbox 606 609 654 628; x_wconf 85' lang='lat' dir='ltr'><strong>sua</strong></span> <span class='ocrx_word' id='word_1_75' title='bbox 667 602 850 636; x_wconf 87' lang='lat' dir='ltr'><strong>superbirent,</strong></span> <span class='ocrx_word' id='word_1_76' title='bbox 864 607 891 629; x_wconf 91' lang='lat' dir='ltr'><strong>et</strong></span> <span class='ocrx_word' id='word_1_77' title='bbox 903 609 979 629; x_wconf 88' lang='lat' dir='ltr'><strong>mor-</strong></span> 
     </span>
    </p>
   </div>
   <div class='ocr_carea' id='block_1_13' title="bbox 193 645 979 681">
    <p class='ocr_par' dir='ltr' id='par_1_13' title="bbox 193 645 979 681">
     <span class='ocr_line' id='line_1_13' title="bbox 193 645 979 681; baseline 0.004 -10"><span class='ocrx_word' id='word_1_78' title='bbox 193 650 246 672; x_wconf 88' lang='lat' dir='ltr'><strong>tem</strong></span> <span class='ocrx_word' id='word_1_79' title='bbox 266 645 334 672; x_wconf 89' lang='lat' dir='ltr'><strong>forte</strong></span> <span class='ocrx_word' id='word_1_80' title='bbox 349 646 439 680; x_wconf 82' lang='lat' dir='ltr'><strong>potius</strong></span> <span class='ocrx_word' id='word_1_81' title='bbox 455 646 580 673; x_wconf 89' lang='lat' dir='ltr'><strong>subirent</strong></span> <span class='ocrx_word' id='word_1_82' title='bbox 605 654 688 681; x_wconf 87' lang='lat' dir='ltr'><strong>quam</strong></span> <span class='ocrx_word' id='word_1_83' title='bbox 711 654 758 673; x_wconf 88' lang='lat' dir='ltr'><strong>sua</strong></span> <span class='ocrx_word' id='word_1_84' title='bbox 779 647 906 681; x_wconf 81' lang='lat' dir='ltr'><strong>dogmata</strong></span> <span class='ocrx_word' id='word_1_85' title='bbox 930 647 979 674; x_wconf 87' lang='lat' dir='ltr'><strong>de-</strong></span> 
     </span>
    </p>
   </div>
   <div class='ocr_carea' id='block_1_14' title="bbox 192 691 978 726">
    <p class='ocr_par' dir='ltr' id='par_1_14' title="bbox 192 691 978 726">
     <span class='ocr_line' id='line_1_14' title="bbox 192 691 978 726; baseline 0.001 -8"><span class='ocrx_word' id='word_1_86' title='bbox 192 695 337 726; x_wconf 84' lang='lat' dir='ltr'><strong>ncgarent;</strong></span> <span class='ocrx_word' id='word_1_87' title='bbox 365 691 412 718; x_wconf 85' lang='lat' dir='ltr'><strong>alii</strong></span> <span class='ocrx_word' id='word_1_88' title='bbox 440 699 504 719; x_wconf 88' lang='lat' dir='ltr'><strong>vero</strong></span> <span class='ocrx_word' id='word_1_89' title='bbox 529 692 629 718; x_wconf 90' lang='lat' dir='ltr'><strong>malum</strong></span> <span class='ocrx_word' id='word_1_90' title='bbox 655 692 724 719; x_wconf 88' lang='lat' dir='ltr'><strong>adeo</strong></span> <span class='ocrx_word' id='word_1_91' title='bbox 753 692 922 724; x_wconf 82' lang='lat' dir='ltr'><strong>noscebant,</strong></span> <span class='ocrx_word' id='word_1_92' title='bbox 949 697 978 719; x_wconf 90' lang='lat' dir='ltr'><strong>ut</strong></span> 
     </span>
    </p>
   </div>
   <div class='ocr_carea' id='block_1_15' title="bbox 193 737 978 770">
    <p class='ocr_par' dir='ltr' id='par_1_15' title="bbox 193 737 978 770">
     <span class='ocr_line' id='line_1_15' title="bbox 193 737 978 770; baseline 0.003 -6"><span class='ocrx_word' id='word_1_93' title='bbox 193 737 301 764; x_wconf 84' lang='lat' dir='ltr'><strong>nemine</strong></span> <span class='ocrx_word' id='word_1_94' title='bbox 311 738 392 764; x_wconf 88' lang='lat' dir='ltr'><strong>etiam</strong></span> <span class='ocrx_word' id='word_1_95' title='bbox 408 737 522 770; x_wconf 84' lang='lat' dir='ltr'><strong>sciente,</strong></span> <span class='ocrx_word' id='word_1_96' title='bbox 546 738 572 764; x_wconf 89' lang='lat' dir='ltr'><strong>in</strong></span> <span class='ocrx_word' id='word_1_97' title='bbox 595 746 624 765; x_wconf 88' lang='lat' dir='ltr'><strong>se</strong></span> <span class='ocrx_word' id='word_1_98' title='bbox 641 738 746 765; x_wconf 85' lang='lat' dir='ltr'><strong>actione</strong></span> <span class='ocrx_word' id='word_1_99' title='bbox 764 746 814 765; x_wconf 84' lang='lat' dir='ltr'><strong>sua</strong></span> <span class='ocrx_word' id='word_1_100' title='bbox 833 738 978 766; x_wconf 87' lang='lat' dir='ltr'><strong>erubesce-</strong></span> 
     </span>
    </p>
   </div>
   <div class='ocr_carea' id='block_1_16' title="bbox 191 783 975 820">
    <p class='ocr_par' dir='ltr' id='par_1_16' title="bbox 191 783 975 820">
     <span class='ocr_line' id='line_1_16' title="bbox 191 783 975 820; baseline 0.001 -10"><span class='ocrx_word' id='word_1_101' title='bbox 191 787 262 815; x_wconf 92' lang='lat' dir='ltr'><strong>rent,</strong></span> <span class='ocrx_word' id='word_1_102' title='bbox 279 788 306 810; x_wconf 92' lang='lat' dir='ltr'><strong>et</strong></span> <span class='ocrx_word' id='word_1_103' title='bbox 322 783 430 811; x_wconf 67' lang='lat' dir='ltr'><strong>difficile</strong></span> <span class='ocrx_word' id='word_1_104' title='bbox 443 784 494 811; x_wconf 87' lang='lat' dir='ltr'><strong>sibi</strong></span> <span class='ocrx_word' id='word_1_105' title='bbox 511 784 707 818; x_wconf 82' lang='lat' dir='ltr'><strong>persuaderent</strong></span> <span class='ocrx_word' id='word_1_106' title='bbox 722 792 750 811; x_wconf 87' lang='lat' dir='ltr'><strong>se</strong></span> <span class='ocrx_word' id='word_1_107' title='bbox 763 792 857 812; x_wconf 88' lang='lat' dir='ltr'><strong>omnes</strong></span> <span class='ocrx_word' id='word_1_108' title='bbox 871 783 975 820; x_wconf 81' lang='lat' dir='ltr'><strong>fugere.</strong></span> 
     </span>
    </p>
   </div>
   <div class='ocr_carea' id='block_1_17' title="bbox 191 828 976 865">
    <p class='ocr_par' dir='ltr' id='par_1_17' title="bbox 191 828 976 865">
     <span class='ocr_line' id='line_1_17' title="bbox 191 828 976 865; baseline 0.003 -11"><span class='ocrx_word' id='word_1_109' title='bbox 191 828 258 856; x_wconf 87' lang='lat' dir='ltr'><strong>Cum</strong></span> <span class='ocrx_word' id='word_1_110' title='bbox 277 828 359 863; x_wconf 76' lang='lat' dir='ltr'><strong>igitur</strong></span> <span class='ocrx_word' id='word_1_111' title='bbox 374 828 408 855; x_wconf 87' lang='lat' dir='ltr'><strong>ab</strong></span> <span class='ocrx_word' id='word_1_112' title='bbox 424 829 501 855; x_wconf 89' lang='lat' dir='ltr'><strong>initio</strong></span> <span class='ocrx_word' id='word_1_113' title='bbox 513 829 600 856; x_wconf 89' lang='lat' dir='ltr'><strong>bonus</strong></span> <span class='ocrx_word' id='word_1_114' title='bbox 619 833 693 856; x_wconf 86' lang='lat' dir='ltr'><strong>esset</strong></span> <span class='ocrx_word' id='word_1_115' title='bbox 714 836 825 863; x_wconf 91' lang='lat' dir='ltr'><strong>scopus,</strong></span> <span class='ocrx_word' id='word_1_116' title='bbox 845 829 890 865; x_wconf 87' lang='lat' dir='ltr'><strong>(ad</strong></span> <span class='ocrx_word' id='word_1_117' title='bbox 903 830 976 864; x_wconf 91' lang='lat' dir='ltr'><strong>opti-</strong></span> 
     </span>
    </p>
   </div>
   <div class='ocr_carea' id='block_1_18' title="bbox 191 874 975 910">
    <p class='ocr_par' dir='ltr' id='par_1_18' title="bbox 191 874 975 910">
     <span class='ocr_line' id='line_1_18' title="bbox 191 874 975 910; baseline 0.003 -10"><span class='ocrx_word' id='word_1_118' title='bbox 191 882 265 901; x_wconf 92' lang='lat' dir='ltr'><strong>mum</strong></span> <span class='ocrx_word' id='word_1_119' title='bbox 288 874 360 901; x_wconf 86' lang='lat' dir='ltr'><strong>enim</strong></span> <span class='ocrx_word' id='word_1_120' title='bbox 386 875 543 908; x_wconf 87' lang='lat' dir='ltr'><strong>tendebaut)</strong></span> <span class='ocrx_word' id='word_1_121' title='bbox 569 879 596 902; x_wconf 92' lang='lat' dir='ltr'><strong>et</strong></span> <span class='ocrx_word' id='word_1_122' title='bbox 621 876 735 902; x_wconf 81' lang='lat' dir='ltr'><strong>mutatio</strong></span> <span class='ocrx_word' id='word_1_123' title='bbox 759 882 808 910; x_wconf 89' lang='lat' dir='ltr'><strong>per</strong></span> <span class='ocrx_word' id='word_1_124' title='bbox 833 875 975 903; x_wconf 88' lang='lat' dir='ltr'><strong>scientiam</strong></span> 
     </span>
    </p>
   </div>
   <div class='ocr_carea' id='block_1_19' title="bbox 189 920 974 956">
    <p class='ocr_par' dir='ltr' id='par_1_19' title="bbox 189 920 974 956">
     <span class='ocr_line' id='line_1_19' title="bbox 189 920 974 956; baseline 0.001 -9"><span class='ocrx_word' id='word_1_125' title='bbox 189 920 277 948; x_wconf 85' lang='lat' dir='ltr'><strong>solido</strong></span> <span class='ocrx_word' id='word_1_126' title='bbox 302 920 473 947; x_wconf 89' lang='lat' dir='ltr'><strong>munimento</strong></span> <span class='ocrx_word' id='word_1_127' title='bbox 500 921 670 955; x_wconf 88' lang='lat' dir='ltr'><strong>imponelur,</strong></span> <span class='ocrx_word' id='word_1_128' title='bbox 697 929 760 948; x_wconf 90' lang='lat' dir='ltr'><strong>vera</strong></span> <span class='ocrx_word' id='word_1_129' title='bbox 782 921 974 956; x_wconf 87' lang='lat' dir='ltr'><strong>dijudicatione</strong></span> 
     </span>
    </p>
   </div>
   <div class='ocr_carea' id='block_1_20' title="bbox 189 966 973 1000">
    <p class='ocr_par' dir='ltr' id='par_1_20' title="bbox 189 966 973 1000">
     <span class='ocr_line' id='line_1_20' title="bbox 189 966 973 1000; baseline 0.001 -7"><span class='ocrx_word' id='word_1_130' title='bbox 189 974 249 993; x_wconf 85' lang='lat' dir='ltr'><strong>eam</strong></span> <span class='ocrx_word' id='word_1_131' title='bbox 267 966 435 998; x_wconf 85' lang='lat' dir='ltr'><strong>slabiliente,</strong></span> <span class='ocrx_word' id='word_1_132' title='bbox 457 967 610 1000; x_wconf 88' lang='lat' dir='ltr'><strong>immotam,</strong></span> <span class='ocrx_word' id='word_1_133' title='bbox 635 971 664 993; x_wconf 86' lang='lat' dir='ltr'><strong>ut</strong></span> <span class='ocrx_word' id='word_1_134' title='bbox 687 967 845 1000; x_wconf 85' lang='lat' dir='ltr'><strong>plurimum,</strong></span> <span class='ocrx_word' id='word_1_135' title='bbox 864 975 920 994; x_wconf 65' lang='lat' dir='ltr'><strong>suae</strong></span> <span class='ocrx_word' id='word_1_136' title='bbox 939 968 973 994; x_wconf 91' lang='lat' dir='ltr'><strong>ad</strong></span> 
     </span>
    </p>
   </div>
   <div class='ocr_carea' id='block_1_21' title="bbox 189 1011 974 1046">
    <p class='ocr_par' dir='ltr' id='par_1_21' title="bbox 189 1011 974 1046">
     <span class='ocr_line' id='line_1_21' title="bbox 189 1011 974 1046; baseline 0.001 -8"><span class='ocrx_word' id='word_1_137' title='bbox 189 1013 317 1046; x_wconf 82' lang='lat' dir='ltr'><strong>pietatem</strong></span> <span class='ocrx_word' id='word_1_138' title='bbox 332 1012 520 1040; x_wconf 78' lang='lat' dir='ltr'><strong>conversionis</strong></span> <span class='ocrx_word' id='word_1_139' title='bbox 531 1011 585 1038; x_wconf 86' lang='lat' dir='ltr'><strong>vim</strong></span> <span class='ocrx_word' id='word_1_140' title='bbox 606 1016 725 1039; x_wconf 85' lang='lat' dir='ltr'><strong>servant.</strong></span> <span class='ocrx_word' id='word_1_141' title='bbox 749 1012 817 1039; x_wconf 85' lang='lat' dir='ltr'><strong>Aliis</strong></span> <span class='ocrx_word' id='word_1_142' title='bbox 834 1020 900 1039; x_wconf 81' lang='lat' dir='ltr'><strong>Vero</strong></span> <span class='ocrx_word' id='word_1_143' title='bbox 916 1021 974 1039; x_wconf 87' lang='lat' dir='ltr'><strong>ma-</strong></span> 
     </span>
    </p>
   </div>
   <div class='ocr_carea' id='block_1_22' title="bbox 189 1057 972 1093">
    <p class='ocr_par' dir='ltr' id='par_1_22' title="bbox 189 1057 972 1093">
     <span class='ocr_line' id='line_1_22' title="bbox 189 1057 972 1093; baseline 0 -8"><span class='ocrx_word' id='word_1_144' title='bbox 189 1059 244 1085; x_wconf 94' lang='lat' dir='ltr'><strong>lum</strong></span> <span class='ocrx_word' id='word_1_145' title='bbox 267 1063 326 1085; x_wconf 69' lang='lat' dir='ltr'><strong>erat</strong></span> <span class='ocrx_word' id='word_1_146' title='bbox 343 1059 378 1086; x_wconf 91' lang='lat' dir='ltr'><strong>ab</strong></span> <span class='ocrx_word' id='word_1_147' title='bbox 398 1059 459 1093; x_wconf 89' lang='lat' dir='ltr'><strong>ipso</strong></span> <span class='ocrx_word' id='word_1_148' title='bbox 482 1057 597 1084; x_wconf 80' lang='lat' dir='ltr'><strong>exordio</strong></span> <span class='ocrx_word' id='word_1_149' title='bbox 621 1057 795 1084; x_wconf 88' lang='lat' dir='ltr'><strong>desiderium.</strong></span> <span class='ocrx_word' id='word_1_150' title='bbox 822 1057 880 1084; x_wconf 87' lang='lat' dir='ltr'><strong>Non</strong></span> <span class='ocrx_word' id='word_1_151' title='bbox 899 1059 972 1086; x_wconf 89' lang='lat' dir='ltr'><strong>enim</strong></span> 
     </span>
    </p>
   </div>
   <div class='ocr_carea' id='block_1_23' title="bbox 187 1103 974 1138">
    <p class='ocr_par' dir='ltr' id='par_1_23' title="bbox 187 1103 974 1138">
     <span class='ocr_line' id='line_1_23' title="bbox 187 1103 974 1138; baseline -0.001 -7"><span class='ocrx_word' id='word_1_152' title='bbox 187 1112 234 1131; x_wconf 91' lang='lat' dir='ltr'><strong>cos</strong></span> <span class='ocrx_word' id='word_1_153' title='bbox 248 1104 368 1138; x_wconf 79' lang='lat' dir='ltr'><strong>fugiebat</strong></span> <span class='ocrx_word' id='word_1_154' title='bbox 379 1111 408 1131; x_wconf 88' lang='lat' dir='ltr'><strong>se</strong></span> <span class='ocrx_word' id='word_1_155' title='bbox 420 1104 454 1130; x_wconf 88' lang='lat' dir='ltr'><strong>ad</strong></span> <span class='ocrx_word' id='word_1_156' title='bbox 466 1103 620 1130; x_wconf 87' lang='lat' dir='ltr'><strong>inordinata</strong></span> <span class='ocrx_word' id='word_1_157' title='bbox 631 1103 771 1133; x_wconf 81' lang='lat' dir='ltr'><strong>accedere.</strong></span> <span class='ocrx_word' id='word_1_158' title='bbox 782 1107 808 1130; x_wconf 86' lang='lat' dir='ltr'><strong>et</strong></span> <span class='ocrx_word' id='word_1_159' title='bbox 819 1103 899 1130; x_wconf 89' lang='lat' dir='ltr'><strong>etiam</strong></span> <span class='ocrx_word' id='word_1_160' title='bbox 912 1111 974 1138; x_wconf 85' lang='lat' dir='ltr'><strong>per-</strong></span> 
     </span>
    </p>
   </div>
   <div class='ocr_carea' id='block_1_24' title="bbox 187 1148 972 1176">
    <p class='ocr_par' dir='ltr' id='par_1_24' title="bbox 187 1148 972 1176">
     <span class='ocr_line' id='line_1_24' title="bbox 187 1148 972 1176; baseline 0.001 -1"><span class='ocrx_word' id='word_1_161' title='bbox 187 1155 247 1175; x_wconf 84' lang='lat' dir='ltr'><strong>acta</strong></span> <span class='ocrx_word' id='word_1_162' title='bbox 267 1149 411 1176; x_wconf 88' lang='lat' dir='ltr'><strong>conversio</strong></span> <span class='ocrx_word' id='word_1_163' title='bbox 432 1156 487 1175; x_wconf 88' lang='lat' dir='ltr'><strong>non</strong></span> <span class='ocrx_word' id='word_1_164' title='bbox 507 1148 728 1175; x_wconf 84' lang='lat' dir='ltr'><strong>immutabilitate</strong></span> <span class='ocrx_word' id='word_1_165' title='bbox 742 1148 885 1176; x_wconf 85' lang='lat' dir='ltr'><strong>solidatur.</strong></span> <span class='ocrx_word' id='word_1_166' title='bbox 900 1149 972 1176; x_wconf 77' lang='lat' dir='ltr'><strong>Nihil</strong></span> 
     </span>
    </p>
   </div>
   <div class='ocr_carea' id='block_1_25' title="bbox 186 1194 972 1229">
    <p class='ocr_par' dir='ltr' id='par_1_25' title="bbox 186 1194 972 1229">
     <span class='ocr_line' id='line_1_25' title="bbox 186 1194 972 1229; baseline 0.001 -8"><span class='ocrx_word' id='word_1_167' title='bbox 186 1195 260 1221; x_wconf 82' lang='lat' dir='ltr'><strong>cnim</strong></span> <span class='ocrx_word' id='word_1_168' title='bbox 282 1194 319 1221; x_wconf 90' lang='lat' dir='ltr'><strong>illi</strong></span> <span class='ocrx_word' id='word_1_169' title='bbox 334 1194 367 1222; x_wconf 90' lang='lat' dir='ltr'><strong>iis</strong></span> <span class='ocrx_word' id='word_1_170' title='bbox 382 1201 444 1229; x_wconf 65' lang='lat' dir='ltr'><strong>qua:</strong></span> <span class='ocrx_word' id='word_1_171' title='bbox 459 1198 539 1221; x_wconf 80' lang='lat' dir='ltr'><strong>antea</strong></span> <span class='ocrx_word' id='word_1_172' title='bbox 555 1194 678 1222; x_wconf 82' lang='lat' dir='ltr'><strong>sciebant</strong></span> <span class='ocrx_word' id='word_1_173' title='bbox 688 1194 857 1228; x_wconf 79' lang='lat' dir='ltr'><strong>adjecerunt,</strong></span> <span class='ocrx_word' id='word_1_174' title='bbox 872 1195 972 1229; x_wconf 82' lang='lat' dir='ltr'><strong>quibus</strong></span> 
     </span>
    </p>
   </div>
   <div class='ocr_carea' id='block_1_26' title="bbox 188 1240 972 1275">
    <p class='ocr_par' dir='ltr' id='par_1_26' title="bbox 188 1240 972 1275">
     <span class='ocr_line' id='line_1_26' title="bbox 188 1240 972 1275; baseline 0.001 -8"><span class='ocrx_word' id='word_1_175' title='bbox 188 1241 293 1267; x_wconf 89' lang='lat' dir='ltr'><strong>lirmins</strong></span> <span class='ocrx_word' id='word_1_176' title='bbox 324 1240 528 1272; x_wconf 88' lang='lat' dir='ltr'><strong>stabilirentur,</strong></span> <span class='ocrx_word' id='word_1_177' title='bbox 557 1240 604 1268; x_wconf 90' lang='lat' dir='ltr'><strong>sed</strong></span> <span class='ocrx_word' id='word_1_178' title='bbox 637 1241 747 1275; x_wconf 85' lang='lat' dir='ltr'><strong>propria</strong></span> <span class='ocrx_word' id='word_1_179' title='bbox 782 1240 905 1268; x_wconf 83' lang='lat' dir='ltr'><strong>libertate</strong></span> <span class='ocrx_word' id='word_1_180' title='bbox 938 1241 972 1268; x_wconf 85' lang='lat' dir='ltr'><strong>ad</strong></span> 
     </span>
    </p>
   </div>
   <div class='ocr_carea' id='block_1_27' title="bbox 188 1286 973 1320">
    <p class='ocr_par' dir='ltr' id='par_1_27' title="bbox 188 1286 973 1320">
     <span class='ocr_line' id='line_1_27' title="bbox 188 1286 973 1320; baseline 0.003 -8"><span class='ocrx_word' id='word_1_181' title='bbox 188 1291 333 1320; x_wconf 88' lang='lat' dir='ltr'><strong>utrumque</strong></span> <span class='ocrx_word' id='word_1_182' title='bbox 352 1291 545 1320; x_wconf 86' lang='lat' dir='ltr'><strong>prorumpente</strong></span> <span class='ocrx_word' id='word_1_183' title='bbox 567 1286 716 1319; x_wconf 82' lang='lat' dir='ltr'><strong>voluntate,</strong></span> <span class='ocrx_word' id='word_1_184' title='bbox 739 1294 788 1314; x_wconf 87' lang='lat' dir='ltr'><strong>nec</strong></span> <span class='ocrx_word' id='word_1_185' title='bbox 809 1291 883 1314; x_wconf 87' lang='lat' dir='ltr'><strong>certe</strong></span> <span class='ocrx_word' id='word_1_186' title='bbox 903 1288 973 1314; x_wconf 89' lang='lat' dir='ltr'><strong>scire</strong></span> 
     </span>
    </p>
   </div>
   <div class='ocr_carea' id='block_1_28' title="bbox 186 1330 973 1366">
    <p class='ocr_par' dir='ltr' id='par_1_28' title="bbox 186 1330 973 1366">
     <span class='ocr_line' id='line_1_28' title="bbox 186 1330 973 1366; baseline 0.001 -8"><span class='ocrx_word' id='word_1_187' title='bbox 186 1339 270 1366; x_wconf 84' lang='lat' dir='ltr'><strong>quam</strong></span> <span class='ocrx_word' id='word_1_188' title='bbox 284 1331 317 1357; x_wconf 87' lang='lat' dir='ltr'><strong>ad</strong></span> <span class='ocrx_word' id='word_1_189' title='bbox 332 1336 435 1365; x_wconf 87' lang='lat' dir='ltr'><strong>partem</strong></span> <span class='ocrx_word' id='word_1_190' title='bbox 451 1330 614 1358; x_wconf 83' lang='lat' dir='ltr'><strong>inclinatura</strong></span> <span class='ocrx_word' id='word_1_191' title='bbox 628 1331 664 1358; x_wconf 89' lang='lat' dir='ltr'><strong>sit</strong></span> <span class='ocrx_word' id='word_1_192' title='bbox 680 1331 796 1363; x_wconf 87' lang='lat' dir='ltr'><strong>sinente,</strong></span> <span class='ocrx_word' id='word_1_193' title='bbox 820 1339 875 1359; x_wconf 92' lang='lat' dir='ltr'><strong>non</strong></span> <span class='ocrx_word' id='word_1_194' title='bbox 893 1331 973 1359; x_wconf 82' lang='lat' dir='ltr'><strong>facile</strong></span> 
     </span>
    </p>
   </div>
   <div class='ocr_carea' id='block_1_29' title="bbox 188 1376 971 1405">
    <p class='ocr_par' dir='ltr' id='par_1_29' title="bbox 188 1376 971 1405">
     <span class='ocr_line' id='line_1_29' title="bbox 188 1376 971 1405; baseline 0.003 -2"><span class='ocrx_word' id='word_1_195' title='bbox 188 1378 228 1403; x_wconf 85' lang='lat' dir='ltr'><strong>eis</strong></span> <span class='ocrx_word' id='word_1_196' title='bbox 246 1376 401 1403; x_wconf 90' lang='lat' dir='ltr'><strong>omnimoda</strong></span> <span class='ocrx_word' id='word_1_197' title='bbox 425 1376 569 1403; x_wconf 86' lang='lat' dir='ltr'><strong>adhibetur</strong></span> <span class='ocrx_word' id='word_1_198' title='bbox 584 1376 649 1403; x_wconf 84' lang='lat' dir='ltr'><strong>ﬁdes</strong></span> <span class='ocrx_word' id='word_1_199' title='bbox 673 1376 694 1403; x_wconf 88' lang='lat' dir='ltr'><strong>si</strong></span> <span class='ocrx_word' id='word_1_200' title='bbox 712 1377 804 1404; x_wconf 85' lang='lat' dir='ltr'><strong>dicant</strong></span> <span class='ocrx_word' id='word_1_201' title='bbox 820 1385 849 1405; x_wconf 92' lang='lat' dir='ltr'><strong>se</strong></span> <span class='ocrx_word' id='word_1_202' title='bbox 866 1386 920 1405; x_wconf 86' lang='lat' dir='ltr'><strong>non</strong></span> <span class='ocrx_word' id='word_1_203' title='bbox 938 1378 971 1405; x_wconf 88' lang='lat' dir='ltr'><strong>ad</strong></span> 
     </span>
    </p>
   </div>
   <div class='ocr_carea' id='block_1_30' title="bbox 188 1421 972 1456">
    <p class='ocr_par' dir='ltr' id='par_1_30' title="bbox 188 1421 972 1456">
     <span class='ocr_line' id='line_1_30' title="bbox 188 1421 972 1456; baseline 0.004 -8"><span class='ocrx_word' id='word_1_204' title='bbox 188 1422 308 1456; x_wconf 79' lang='lat' dir='ltr'><strong>priorem</strong></span> <span class='ocrx_word' id='word_1_205' title='bbox 334 1421 466 1448; x_wconf 91' lang='lat' dir='ltr'><strong>vilitatem</strong></span> <span class='ocrx_word' id='word_1_206' title='bbox 493 1422 628 1449; x_wconf 84' lang='lat' dir='ltr'><strong>redituros</strong></span> <span class='ocrx_word' id='word_1_207' title='bbox 654 1430 723 1450; x_wconf 88' lang='lat' dir='ltr'><strong>esse.</strong></span> <span class='ocrx_word' id='word_1_208' title='bbox 740 1423 824 1455; x_wconf 81' lang='lat' dir='ltr'><strong>Adde,</strong></span> <span class='ocrx_word' id='word_1_209' title='bbox 848 1425 871 1451; x_wconf 91' lang='lat' dir='ltr'><strong>si</strong></span> <span class='ocrx_word' id='word_1_210' title='bbox 896 1425 972 1456; x_wconf 86' lang='lat' dir='ltr'><strong>velis,</strong></span> 
     </span>
    </p>
   </div>
   <div class='ocr_carea' id='block_1_31' title="bbox 186 1466 973 1503">
    <p class='ocr_par' dir='ltr' id='par_1_31' title="bbox 186 1466 973 1503">
     <span class='ocr_line' id='line_1_31' title="bbox 186 1466 973 1503; baseline 0.005 -10"><span class='ocrx_word' id='word_1_211' title='bbox 186 1472 215 1493; x_wconf 92' lang='lat' dir='ltr'><strong>et</strong></span> <span class='ocrx_word' id='word_1_212' title='bbox 230 1467 301 1493; x_wconf 86' lang='lat' dir='ltr'><strong>hanc</strong></span> <span class='ocrx_word' id='word_1_213' title='bbox 316 1467 448 1493; x_wconf 88' lang='lat' dir='ltr'><strong>rationem</strong></span> <span class='ocrx_word' id='word_1_214' title='bbox 467 1475 473 1493; x_wconf 91' lang='lat'><strong>:</strong></span> <span class='ocrx_word' id='word_1_215' title='bbox 490 1466 561 1501; x_wconf 90' lang='lat' dir='ltr'><strong>apud</strong></span> <span class='ocrx_word' id='word_1_216' title='bbox 577 1467 645 1494; x_wconf 89' lang='lat' dir='ltr'><strong>alios</strong></span> <span class='ocrx_word' id='word_1_217' title='bbox 658 1472 685 1494; x_wconf 91' lang='lat' dir='ltr'><strong>et</strong></span> <span class='ocrx_word' id='word_1_218' title='bbox 702 1467 776 1502; x_wconf 87' lang='lat' dir='ltr'><strong>prior</strong></span> <span class='ocrx_word' id='word_1_219' title='bbox 795 1472 822 1495; x_wconf 87' lang='lat' dir='ltr'><strong>et</strong></span> <span class='ocrx_word' id='word_1_220' title='bbox 837 1470 973 1503; x_wconf 84' lang='lat' dir='ltr'><strong>posterior</strong></span> 
     </span>
    </p>
   </div>
   <div class='ocr_carea' id='block_1_32' title="bbox 187 1512 972 1547">
    <p class='ocr_par' dir='ltr' id='par_1_32' title="bbox 187 1512 972 1547">
     <span class='ocr_line' id='line_1_32' title="bbox 187 1512 972 1547; baseline 0.005 -9"><span class='ocrx_word' id='word_1_221' title='bbox 187 1512 279 1546; x_wconf 90' lang='lat' dir='ltr'><strong>opinio</strong></span> <span class='ocrx_word' id='word_1_222' title='bbox 292 1512 387 1538; x_wconf 86' lang='lat' dir='ltr'><strong>eodem</strong></span> <span class='ocrx_word' id='word_1_223' title='bbox 405 1513 496 1544; x_wconf 89' lang='lat' dir='ltr'><strong>modo,</strong></span> <span class='ocrx_word' id='word_1_224' title='bbox 514 1519 549 1539; x_wconf 91' lang='lat' dir='ltr'><strong>ne</strong></span> <span class='ocrx_word' id='word_1_225' title='bbox 565 1513 654 1540; x_wconf 88' lang='lat' dir='ltr'><strong>dicam</strong></span> <span class='ocrx_word' id='word_1_226' title='bbox 670 1513 847 1547; x_wconf 86' lang='lat' dir='ltr'><strong>posteriorem</strong></span> <span class='ocrx_word' id='word_1_227' title='bbox 873 1513 972 1542; x_wconf 80' lang='lat' dir='ltr'><strong>fortius</strong></span> 
     </span>
    </p>
   </div>
   <div class='ocr_carea' id='block_1_33' title="bbox 1031 280 1812 315">
    <p class='ocr_par' dir='ltr' id='par_1_33' title="bbox 1031 280 1812 315">
     <span class='ocr_line' id='line_1_33' title="bbox 1031 280 1812 315; baseline 0 -8"><span class='ocrx_word' id='word_1_228' title='bbox 1031 281 1143 315; x_wconf 82' lang='grc' dir='ltr'><strong>γνώμην</strong></span> <span class='ocrx_word' id='word_1_229' title='bbox 1159 281 1365 307; x_wconf 77' lang='grc' dir='ltr'><strong>ἐπιϐλέπουσαν·</strong></span> <span class='ocrx_word' id='word_1_230' title='bbox 1383 281 1407 307; x_wconf 80' lang='grc' dir='ltr'><strong>οἱ</strong></span> <span class='ocrx_word' id='word_1_231' title='bbox 1420 280 1447 306; x_wconf 87' lang='grc' dir='ltr'><strong>δὲ</strong></span> <span class='ocrx_word' id='word_1_232' title='bbox 1464 280 1565 315; x_wconf 73' lang='grc' dir='ltr'><strong>φαῦλον</strong></span> <span class='ocrx_word' id='word_1_233' title='bbox 1587 281 1636 314; x_wconf 83' lang='grc' dir='ltr'><strong>μὲν</strong></span> <span class='ocrx_word' id='word_1_234' title='bbox 1652 281 1751 312; x_wconf 86' lang='grc' dir='ltr'><strong>εἰδότες</strong></span> <span class='ocrx_word' id='word_1_235' title='bbox 1770 281 1812 308; x_wconf 81' lang='grc' dir='ltr'><strong>ἀπ’</strong></span> 
     </span>
    </p>
   </div>
   <div class='ocr_carea' id='block_1_34' title="bbox 1031 325 1813 361">
    <p class='ocr_par' dir='ltr' id='par_1_34' title="bbox 1031 325 1813 361">
     <span class='ocr_line' id='line_1_34' title="bbox 1031 325 1813 361; baseline 0 -9"><span class='ocrx_word' id='word_1_236' title='bbox 1031 327 1117 361; x_wconf 81' lang='grc' dir='ltr'><strong>ἀρχῆς</strong></span> <span class='ocrx_word' id='word_1_237' title='bbox 1133 326 1163 353; x_wconf 80' lang='grc' dir='ltr'><strong>τὸ</strong></span> <span class='ocrx_word' id='word_1_238' title='bbox 1176 326 1371 361; x_wconf 76' lang='grc' dir='ltr'><strong>πραττόμενον,</strong></span> <span class='ocrx_word' id='word_1_239' title='bbox 1391 326 1458 361; x_wconf 72' lang='grc' dir='ltr'><strong>πρὸς</strong></span> <span class='ocrx_word' id='word_1_240' title='bbox 1479 327 1566 352; x_wconf 81' lang='grc' dir='ltr'><strong>ἐκεῖνο</strong></span> <span class='ocrx_word' id='word_1_241' title='bbox 1589 326 1617 352; x_wconf 81' lang='grc' dir='ltr'><strong>δὲ</strong></span> <span class='ocrx_word' id='word_1_242' title='bbox 1631 325 1677 352; x_wconf 79' lang='grc' dir='ltr'><strong>τὸν</strong></span> <span class='ocrx_word' id='word_1_243' title='bbox 1689 326 1751 352; x_wconf 82' lang='grc' dir='ltr'><strong>γοῦν</strong></span> <span class='ocrx_word' id='word_1_244' title='bbox 1769 327 1813 353; x_wconf 88' lang='grc' dir='ltr'><strong>ἀπ-</strong></span> 
     </span>
    </p>
   </div>
   <div class='ocr_carea' id='block_1_35' title="bbox 1029 372 1813 408">
    <p class='ocr_par' dir='ltr' id='par_1_35' title="bbox 1029 372 1813 408">
     <span class='ocr_line' id='line_1_35' title="bbox 1029 372 1813 408; baseline 0 -9"><span class='ocrx_word' id='word_1_245' title='bbox 1029 373 1189 408; x_wconf 79' lang='grc' dir='ltr'><strong>ερείδοντες,</strong></span> <span class='ocrx_word' id='word_1_246' title='bbox 1206 373 1307 408; x_wconf 83' lang='grc' dir='ltr'><strong>πολλὴν</strong></span> <span class='ocrx_word' id='word_1_247' title='bbox 1321 372 1381 398; x_wconf 81' lang='grc' dir='ltr'><strong>κατ’</strong></span> <span class='ocrx_word' id='word_1_248' title='bbox 1396 372 1486 399; x_wconf 85' lang='grc' dir='ltr'><strong>αὐτῶν</strong></span> <span class='ocrx_word' id='word_1_249' title='bbox 1504 372 1669 407; x_wconf 80' lang='grc' dir='ltr'><strong>παρέχονται</strong></span> <span class='ocrx_word' id='word_1_250' title='bbox 1682 373 1737 404; x_wconf 80' lang='grc' dir='ltr'><strong>τοῖς</strong></span> <span class='ocrx_word' id='word_1_251' title='bbox 1751 374 1813 408; x_wconf 66' lang='grc' dir='ltr'><strong>πρὶς</strong></span> 
     </span>
    </p>
   </div>
   <div class='ocr_carea' id='block_1_36' title="bbox 1030 417 1813 453">
    <p class='ocr_par' dir='ltr' id='par_1_36' title="bbox 1030 417 1813 453">
     <span class='ocr_line' id='line_1_36' title="bbox 1030 417 1813 453; baseline -0.001 -9"><span class='ocrx_word' id='word_1_252' title='bbox 1030 418 1171 444; x_wconf 77' lang='grc' dir='ltr'><strong>εὐσέϐειαν</strong></span> <span class='ocrx_word' id='word_1_253' title='bbox 1183 417 1427 453; x_wconf 74' lang='grc' dir='ltr'><strong>μεταϐαλλομένοις</strong></span> <span class='ocrx_word' id='word_1_254' title='bbox 1438 417 1486 452; x_wconf 84' lang='grc' dir='ltr'><strong>τὴν</strong></span> <span class='ocrx_word' id='word_1_255' title='bbox 1502 417 1651 452; x_wconf 73' lang='grc' dir='ltr'><strong>ὑπεροχὴνο</strong></span> <span class='ocrx_word' id='word_1_256' title='bbox 1667 418 1691 444; x_wconf 84' lang='grc' dir='ltr'><strong>οἱ</strong></span> <span class='ocrx_word' id='word_1_257' title='bbox 1708 418 1755 452; x_wconf 74' lang='grc' dir='ltr'><strong>μὲν</strong></span> <span class='ocrx_word' id='word_1_258' title='bbox 1765 419 1813 453; x_wconf 79' lang='grc' dir='ltr'><strong>γὰρ</strong></span> 
     </span>
    </p>
   </div>
   <div class='ocr_carea' id='block_1_37' title="bbox 1029 462 1813 498">
    <p class='ocr_par' dir='ltr' id='par_1_37' title="bbox 1029 462 1813 498">
     <span class='ocr_line' id='line_1_37' title="bbox 1029 462 1813 498; baseline 0.001 -9"><span class='ocrx_word' id='word_1_259' title='bbox 1029 462 1118 498; x_wconf 84' lang='grc' dir='ltr'>ὁρμῆς</span> <span class='ocrx_word' id='word_1_260' title='bbox 1133 463 1285 498; x_wconf 79' lang='grc' dir='ltr'><strong>ἀντείχοντο</strong></span> <span class='ocrx_word' id='word_1_261' title='bbox 1310 463 1360 497; x_wconf 85' lang='grc' dir='ltr'><strong>τῆς</strong></span> <span class='ocrx_word' id='word_1_262' title='bbox 1375 462 1491 497; x_wconf 78' lang='grc' dir='ltr'><strong>ἀγαθῆς,</strong></span> <span class='ocrx_word' id='word_1_263' title='bbox 1507 463 1546 494; x_wconf 85' lang='grc' dir='ltr'><strong>εἰς</strong></span> <span class='ocrx_word' id='word_1_264' title='bbox 1560 463 1715 489; x_wconf 76' lang='grc' dir='ltr'><strong>τούναντίον</strong></span> <span class='ocrx_word' id='word_1_265' title='bbox 1739 464 1766 490; x_wconf 80' lang='grc' dir='ltr'><strong>δὲ</strong></span> <span class='ocrx_word' id='word_1_266' title='bbox 1780 465 1813 498; x_wconf 86' lang='grc' dir='ltr'><strong>μὴ</strong></span> 
     </span>
    </p>
   </div>
   <div class='ocr_carea' id='block_1_38' title="bbox 1029 508 1814 544">
    <p class='ocr_par' dir='ltr' id='par_1_38' title="bbox 1029 508 1814 544">
     <span class='ocr_line' id='line_1_38' title="bbox 1029 508 1814 544; baseline 0.001 -9"><span class='ocrx_word' id='word_1_267' title='bbox 1029 508 1108 535; x_wconf 86' lang='grc' dir='ltr'><strong>τοῦτο</strong></span> <span class='ocrx_word' id='word_1_268' title='bbox 1121 509 1282 544; x_wconf 81' lang='grc' dir='ltr'><strong>προθέμενοι</strong></span> <span class='ocrx_word' id='word_1_269' title='bbox 1297 508 1502 544; x_wconf 81' lang='grc' dir='ltr'><strong>παρεσύρηοαν·</strong></span> <span class='ocrx_word' id='word_1_270' title='bbox 1518 510 1575 540; x_wconf 83' lang='grc' dir='ltr'><strong>τοῖς</strong></span> <span class='ocrx_word' id='word_1_271' title='bbox 1588 509 1616 535; x_wconf 75' lang='grc' dir='ltr'><strong>δὲ</strong></span> <span class='ocrx_word' id='word_1_272' title='bbox 1636 508 1689 535; x_wconf 89' lang='grc' dir='ltr'><strong>τῶν</strong></span> <span class='ocrx_word' id='word_1_273' title='bbox 1703 518 1732 535; x_wconf 87' lang='grc' dir='ltr'><strong>τε</strong></span> <span class='ocrx_word' id='word_1_274' title='bbox 1751 510 1814 544; x_wconf 80' lang='grc' dir='ltr'><strong>φαύ-</strong></span> 
     </span>
    </p>
   </div>
   <div class='ocr_carea' id='block_1_39' title="bbox 1029 553 1814 590">
    <p class='ocr_par' dir='ltr' id='par_1_39' title="bbox 1029 553 1814 590">
     <span class='ocr_line' id='line_1_39' title="bbox 1029 553 1814 590; baseline 0.001 -9"><span class='ocrx_word' id='word_1_275' title='bbox 1029 554 1082 581; x_wconf 88' lang='grc' dir='ltr'>λων</span> <span class='ocrx_word' id='word_1_276' title='bbox 1094 553 1128 590; x_wconf 85' lang='grc' dir='ltr'>ἦν</span> <span class='ocrx_word' id='word_1_277' title='bbox 1147 556 1163 590; x_wconf 83' lang='grc' dir='ltr'>ὴ</span> <span class='ocrx_word' id='word_1_278' title='bbox 1179 555 1239 581; x_wconf 86' lang='grc' dir='ltr'><strong>κατ’</strong></span> <span class='ocrx_word' id='word_1_279' title='bbox 1262 555 1348 590; x_wconf 83' lang='grc' dir='ltr'><strong>ἀρχὰς</strong></span> <span class='ocrx_word' id='word_1_280' title='bbox 1363 555 1479 590; x_wconf 76' lang='grc' dir='ltr'><strong>αἵρεσις,</strong></span> <span class='ocrx_word' id='word_1_281' title='bbox 1496 555 1625 582; x_wconf 81' lang='grc' dir='ltr'><strong>καὶκατὰ</strong></span> <span class='ocrx_word' id='word_1_282' title='bbox 1642 555 1741 582; x_wconf 73' lang='grc' dir='ltr'><strong>σκοπὸν</strong></span> <span class='ocrx_word' id='word_1_283' title='bbox 1756 565 1814 582; x_wconf 81' lang='grc' dir='ltr'><strong>συν-</strong></span> 
     </span>
    </p>
   </div>
   <div class='ocr_carea' id='block_1_40' title="bbox 1029 600 1812 636">
    <p class='ocr_par' dir='ltr' id='par_1_40' title="bbox 1029 600 1812 636">
     <span class='ocr_line' id='line_1_40' title="bbox 1029 600 1812 636; baseline 0 -9"><span class='ocrx_word' id='word_1_284' title='bbox 1029 601 1136 628; x_wconf 80' lang='grc' dir='ltr'><strong>έὸαινεν</strong></span> <span class='ocrx_word' id='word_1_285' title='bbox 1155 601 1171 636; x_wconf 84' lang='grc' dir='ltr'>ή</span> <span class='ocrx_word' id='word_1_286' title='bbox 1194 600 1326 627; x_wconf 72' lang='grc' dir='ltr'><strong>ἀπώλειαο</strong></span> <span class='ocrx_word' id='word_1_287' title='bbox 1355 601 1404 627; x_wconf 81' lang='grc' dir='ltr'><strong>καὶ</strong></span> <span class='ocrx_word' id='word_1_288' title='bbox 1416 602 1473 632; x_wconf 82' lang='grc' dir='ltr'><strong>τοῖς</strong></span> <span class='ocrx_word' id='word_1_289' title='bbox 1489 601 1537 635; x_wconf 82' lang='grc' dir='ltr'><strong>μὲν</strong></span> <span class='ocrx_word' id='word_1_290' title='bbox 1556 600 1643 631; x_wconf 74' lang='grc' dir='ltr'><strong>οὕτως</strong></span> <span class='ocrx_word' id='word_1_291' title='bbox 1673 601 1761 627; x_wconf 71' lang='grc' dir='ltr'><strong>ἐδόκει</strong></span> <span class='ocrx_word' id='word_1_292' title='bbox 1784 602 1812 628; x_wconf 71' lang='grc' dir='ltr'><strong>τὺ</strong></span> 
     </span>
    </p>
   </div>
   <div class='ocr_carea' id='block_1_41' title="bbox 1028 645 1813 683">
    <p class='ocr_par' dir='ltr' id='par_1_41' title="bbox 1028 645 1813 683">
     <span class='ocr_line' id='line_1_41' title="bbox 1028 645 1813 683; baseline 0 -11"><span class='ocrx_word' id='word_1_293' title='bbox 1028 645 1206 681; x_wconf 77' lang='grc' dir='ltr'><strong>δοξαζόμενον</strong></span> <span class='ocrx_word' id='word_1_294' title='bbox 1230 646 1378 681; x_wconf 83' lang='grc' dir='ltr'><strong>βέλτιστον,</strong></span> <span class='ocrx_word' id='word_1_295' title='bbox 1397 646 1434 678; x_wconf 84' lang='grc' dir='ltr'><strong>ὡς</strong></span> <span class='ocrx_word' id='word_1_296' title='bbox 1458 647 1622 682; x_wconf 82' lang='grc' dir='ltr'><strong>ὲπιγαυριᾷν</strong></span> <span class='ocrx_word' id='word_1_297' title='bbox 1649 655 1679 672; x_wconf 85' lang='grc' dir='ltr'><strong>τε</strong></span> <span class='ocrx_word' id='word_1_298' title='bbox 1701 648 1734 681; x_wconf 81' lang='grc' dir='ltr'><strong>τῇ</strong></span> <span class='ocrx_word' id='word_1_299' title='bbox 1754 647 1813 683; x_wconf 81' lang='grc' dir='ltr'><strong>δόξῃ</strong></span> 
     </span>
    </p>
   </div>
   <div class='ocr_carea' id='block_1_42' title="bbox 1028 691 1813 727">
    <p class='ocr_par' dir='ltr' id='par_1_42' title="bbox 1028 691 1813 727">
     <span class='ocr_line' id='line_1_42' title="bbox 1028 691 1813 727; baseline 0 -9"><span class='ocrx_word' id='word_1_300' title='bbox 1028 691 1076 718; x_wconf 78' lang='grc' dir='ltr'><strong>καὶ</strong></span> <span class='ocrx_word' id='word_1_301' title='bbox 1090 691 1203 718; x_wconf 81' lang='grc' dir='ltr'><strong>θάνατον</strong></span> <span class='ocrx_word' id='word_1_302' title='bbox 1220 692 1293 719; x_wconf 82' lang='grc' dir='ltr'><strong>ἔστιν</strong></span> <span class='ocrx_word' id='word_1_303' title='bbox 1320 692 1364 718; x_wconf 80' lang='grc' dir='ltr'><strong>ὅτε</strong></span> <span class='ocrx_word' id='word_1_304' title='bbox 1381 692 1571 726; x_wconf 79' lang='grc' dir='ltr'><strong>προαιρεῖσθαι</strong></span> <span class='ocrx_word' id='word_1_305' title='bbox 1588 692 1642 718; x_wconf 86' lang='grc' dir='ltr'><strong>τῶν</strong></span> <span class='ocrx_word' id='word_1_306' title='bbox 1658 692 1813 727; x_wconf 75' lang='grc' dir='ltr'><strong>δεδοξασμέ‹</strong></span> 
     </span>
    </p>
   </div>
   <div class='ocr_carea' id='block_1_43' title="bbox 1028 737 1812 772">
    <p class='ocr_par' dir='ltr' id='par_1_43' title="bbox 1028 737 1812 772">
     <span class='ocr_line' id='line_1_43' title="bbox 1028 737 1812 772; baseline 0.001 -9"><span class='ocrx_word' id='word_1_307' title='bbox 1028 745 1081 764; x_wconf 90' lang='grc' dir='ltr'><strong>νων</strong></span> <span class='ocrx_word' id='word_1_308' title='bbox 1104 737 1155 772; x_wconf 79' lang='grc' dir='ltr'><strong>τῆς</strong></span> <span class='ocrx_word' id='word_1_309' title='bbox 1182 737 1350 772; x_wconf 72' lang='grc' dir='ltr'><strong>ὲξομόσεωςο</strong></span> <span class='ocrx_word' id='word_1_310' title='bbox 1363 738 1420 769; x_wconf 83' lang='grc' dir='ltr'><strong>τοῖς</strong></span> <span class='ocrx_word' id='word_1_311' title='bbox 1439 737 1468 764; x_wconf 77' lang='grc' dir='ltr'><strong>δὲ</strong></span> <span class='ocrx_word' id='word_1_312' title='bbox 1483 738 1513 764; x_wconf 70' lang='grc' dir='ltr'><strong>τὺ</strong></span> <span class='ocrx_word' id='word_1_313' title='bbox 1528 737 1612 764; x_wconf 68' lang='grc' dir='ltr'><strong>κακδν</strong></span> <span class='ocrx_word' id='word_1_314' title='bbox 1633 738 1679 764; x_wconf 78' lang='grc' dir='ltr'><strong>ἐπὶ</strong></span> <span class='ocrx_word' id='word_1_315' title='bbox 1691 738 1812 764; x_wconf 80' lang='grc' dir='ltr'><strong>τοσοῦτον</strong></span> 
     </span>
    </p>
   </div>
   <div class='ocr_carea' id='block_1_44' title="bbox 1028 782 1810 818">
    <p class='ocr_par' dir='ltr' id='par_1_44' title="bbox 1028 782 1810 818">
     <span class='ocr_line' id='line_1_44' title="bbox 1028 782 1810 818; baseline 0.003 -10"><span class='ocrx_word' id='word_1_316' title='bbox 1028 782 1198 818; x_wconf 81' lang='grc' dir='ltr'><strong>ὲγνωρίζετο,</strong></span> <span class='ocrx_word' id='word_1_317' title='bbox 1213 783 1251 814; x_wconf 87' lang='grc' dir='ltr'><strong>ὡς</strong></span> <span class='ocrx_word' id='word_1_318' title='bbox 1266 785 1312 809; x_wconf 75' lang='grc' dir='ltr'><strong>καὶ</strong></span> <span class='ocrx_word' id='word_1_319' title='bbox 1328 783 1441 818; x_wconf 82' lang='grc' dir='ltr'><strong>μηδενὸς</strong></span> <span class='ocrx_word' id='word_1_320' title='bbox 1454 783 1553 815; x_wconf 78' lang='grc' dir='ltr'><strong>ἔξωθεν</strong></span> <span class='ocrx_word' id='word_1_321' title='bbox 1576 783 1737 816; x_wconf 78' lang='grc' dir='ltr'><strong>συνειδότος,</strong></span> <span class='ocrx_word' id='word_1_322' title='bbox 1754 783 1810 810; x_wconf 78' lang='grc' dir='ltr'><strong>καθ’</strong></span> 
     </span>
    </p>
   </div>
   <div class='ocr_carea' id='block_1_45' title="bbox 1028 827 1812 864">
    <p class='ocr_par' dir='ltr' id='par_1_45' title="bbox 1028 827 1812 864">
     <span class='ocr_line' id='line_1_45' title="bbox 1028 827 1812 864; baseline 0.001 -10"><span class='ocrx_word' id='word_1_323' title='bbox 1028 828 1140 860; x_wconf 74' lang='grc' dir='ltr'><strong>ἑαυτοὺς</strong></span> <span class='ocrx_word' id='word_1_324' title='bbox 1157 828 1322 864; x_wconf 78' lang='grc' dir='ltr'><strong>ὲπερυθριᾷν</strong></span> <span class='ocrx_word' id='word_1_325' title='bbox 1337 829 1369 864; x_wconf 77' lang='grc' dir='ltr'><strong>τῇ</strong></span> <span class='ocrx_word' id='word_1_326' title='bbox 1385 829 1494 864; x_wconf 78' lang='grc' dir='ltr'><strong>πράξει,</strong></span> <span class='ocrx_word' id='word_1_327' title='bbox 1513 828 1560 855; x_wconf 71' lang='grc' dir='ltr'><strong>καὶ</strong></span> <span class='ocrx_word' id='word_1_328' title='bbox 1571 829 1655 864; x_wconf 82' lang='grc' dir='ltr'><strong>εὐχῆς</strong></span> <span class='ocrx_word' id='word_1_329' title='bbox 1674 829 1757 864; x_wconf 78' lang='grc' dir='ltr'><strong>ἔργον</strong></span> <span class='ocrx_word' id='word_1_330' title='bbox 1776 827 1812 855; x_wconf 76' lang='grc' dir='ltr'><strong>εἷ-</strong></span> 
     </span>
    </p>
   </div>
   <div class='ocr_carea' id='block_1_46' title="bbox 1027 871 1812 910">
    <p class='ocr_par' dir='ltr' id='par_1_46' title="bbox 1027 871 1812 910">
     <span class='ocr_line' id='line_1_46' title="bbox 1027 871 1812 910; baseline 0.001 -9"><span class='ocrx_word' id='word_1_331' title='bbox 1027 882 1070 901; x_wconf 88' lang='grc' dir='ltr'><strong>ναι</strong></span> <span class='ocrx_word' id='word_1_332' title='bbox 1088 873 1206 909; x_wconf 81' lang='grc' dir='ltr'><strong>νομίζειν</strong></span> <span class='ocrx_word' id='word_1_333' title='bbox 1223 874 1313 902; x_wconf 85' lang='grc' dir='ltr'><strong>λαϐεῖν</strong></span> <span class='ocrx_word' id='word_1_334' title='bbox 1330 874 1462 906; x_wconf 76' lang='grc' dir='ltr'><strong>ἅπαντας,</strong></span> <span class='ocrx_word' id='word_1_335' title='bbox 1482 875 1527 907; x_wconf 77' lang='grc' dir='ltr'><strong>Ἐξ</strong></span> <span class='ocrx_word' id='word_1_336' title='bbox 1543 871 1580 901; x_wconf 85' lang='grc' dir='ltr'><strong>ὧν</strong></span> <span class='ocrx_word' id='word_1_337' title='bbox 1602 873 1648 901; x_wconf 78' lang='grc' dir='ltr'><strong>οὖν</strong></span> <span class='ocrx_word' id='word_1_338' title='bbox 1667 875 1714 902; x_wconf 82' lang='grc' dir='ltr'><strong>ἀπ’</strong></span> <span class='ocrx_word' id='word_1_339' title='bbox 1727 875 1812 910; x_wconf 78' lang='grc' dir='ltr'><strong>ἀρχῆς</strong></span> 
     </span>
    </p>
   </div>
   <div class='ocr_carea' id='block_1_47' title="bbox 1025 917 1811 956">
    <p class='ocr_par' dir='ltr' id='par_1_47' title="bbox 1025 917 1811 956">
     <span class='ocr_line' id='line_1_47' title="bbox 1025 917 1811 956; baseline 0 -9"><span class='ocrx_word' id='word_1_340' title='bbox 1025 919 1127 954; x_wconf 75' lang='grc' dir='ltr'><strong>ἀγαθὸς</strong></span> <span class='ocrx_word' id='word_1_341' title='bbox 1147 917 1180 954; x_wconf 85' lang='grc' dir='ltr'><strong>ἦν</strong></span> <span class='ocrx_word' id='word_1_342' title='bbox 1196 920 1210 945; x_wconf 86' lang='grc' dir='ltr'>ὁ</span> <span class='ocrx_word' id='word_1_343' title='bbox 1231 920 1342 952; x_wconf 84' lang='grc' dir='ltr'><strong>σκοπὸς,</strong></span> <span class='ocrx_word' id='word_1_344' title='bbox 1355 920 1425 955; x_wconf 84' lang='grc' dir='ltr'><strong>πρὸς</strong></span> <span class='ocrx_word' id='word_1_345' title='bbox 1439 920 1494 956; x_wconf 75' lang='grc' dir='ltr'><strong>γὰρ</strong></span> <span class='ocrx_word' id='word_1_346' title='bbox 1513 920 1543 947; x_wconf 83' lang='grc' dir='ltr'><strong>τὺ</strong></span> <span class='ocrx_word' id='word_1_347' title='bbox 1559 920 1669 954; x_wconf 72' lang='grc' dir='ltr'><strong>ἄριστον</strong></span> <span class='ocrx_word' id='word_1_348' title='bbox 1688 921 1811 952; x_wconf 70' lang='grc' dir='ltr'><strong>ἔϐλεπον,</strong></span> 
     </span>
    </p>
   </div>
   <div class='ocr_carea' id='block_1_48' title="bbox 1024 964 1814 1001">
    <p class='ocr_par' dir='ltr' id='par_1_48' title="bbox 1024 964 1814 1001">
     <span class='ocr_line' id='line_1_48' title="bbox 1024 964 1814 1001; baseline 0.001 -10"><span class='ocrx_word' id='word_1_349' title='bbox 1024 965 1071 991; x_wconf 79' lang='grc' dir='ltr'><strong>καὶ</strong></span> <span class='ocrx_word' id='word_1_350' title='bbox 1086 965 1102 999; x_wconf 82' lang='grc' dir='ltr'>ἡ</span> <span class='ocrx_word' id='word_1_351' title='bbox 1116 964 1249 999; x_wconf 73' lang='grc' dir='ltr'><strong>μεταϐολὴ</strong></span> <span class='ocrx_word' id='word_1_352' title='bbox 1264 964 1396 999; x_wconf 81' lang='grc' dir='ltr'><strong>προϊοῦσα</strong></span> <span class='ocrx_word' id='word_1_353' title='bbox 1407 964 1440 991; x_wconf 82' lang='grc' dir='ltr'><strong>δι’</strong></span> <span class='ocrx_word' id='word_1_354' title='bbox 1450 965 1625 999; x_wconf 83' lang='grc' dir='ltr'><strong>ἐπιγνώσεως</strong></span> <span class='ocrx_word' id='word_1_355' title='bbox 1641 965 1686 991; x_wconf 74' lang='grc' dir='ltr'><strong>ἐπὶ</strong></span> <span class='ocrx_word' id='word_1_356' title='bbox 1697 967 1814 1001; x_wconf 65' lang='grc' dir='ltr'><strong>στερρᾶς</strong></span> 
     </span>
    </p>
   </div>
   <div class='ocr_carea' id='block_1_49' title="bbox 1024 1010 1814 1046">
    <p class='ocr_par' dir='ltr' id='par_1_49' title="bbox 1024 1010 1814 1046">
     <span class='ocr_line' id='line_1_49' title="bbox 1024 1010 1814 1046; baseline 0 -9"><span class='ocrx_word' id='word_1_357' title='bbox 1024 1011 1154 1046; x_wconf 80' lang='grc' dir='ltr'><strong>κρηπῖδος</strong></span> <span class='ocrx_word' id='word_1_358' title='bbox 1167 1010 1304 1041; x_wconf 73' lang='grc' dir='ltr'><strong>ἐϐάλλετο,</strong></span> <span class='ocrx_word' id='word_1_359' title='bbox 1328 1012 1377 1045; x_wconf 84' lang='grc' dir='ltr'><strong>τῆς</strong></span> <span class='ocrx_word' id='word_1_360' title='bbox 1404 1010 1521 1046; x_wconf 77' lang='grc' dir='ltr'><strong>ἀληθοῦς</strong></span> <span class='ocrx_word' id='word_1_361' title='bbox 1535 1011 1620 1045; x_wconf 77' lang='grc' dir='ltr'><strong>αὐτὴν</strong></span> <span class='ocrx_word' id='word_1_362' title='bbox 1635 1011 1814 1046; x_wconf 86' lang='grc' dir='ltr'><strong>πηγνυμένης</strong></span> 
     </span>
    </p>
   </div>
   <div class='ocr_carea' id='block_1_50' title="bbox 1024 1052 1814 1091">
    <p class='ocr_par' dir='ltr' id='par_1_50' title="bbox 1024 1052 1814 1091">
     <span class='ocr_line' id='line_1_50' title="bbox 1024 1052 1814 1091; baseline 0 -9"><span class='ocrx_word' id='word_1_363' title='bbox 1024 1056 1197 1091; x_wconf 85' lang='grc' dir='ltr'><strong>διακρίσεως,</strong></span> <span class='ocrx_word' id='word_1_364' title='bbox 1216 1055 1363 1082; x_wconf 83' lang='grc' dir='ltr'><strong>ἀσάλευτον</strong></span> <span class='ocrx_word' id='word_1_365' title='bbox 1379 1052 1452 1083; x_wconf 80' lang='grc' dir='ltr'><strong>οὗτοι</strong></span> <span class='ocrx_word' id='word_1_366' title='bbox 1482 1056 1552 1083; x_wconf 82' lang='grc' dir='ltr'><strong>κατὰ</strong></span> <span class='ocrx_word' id='word_1_367' title='bbox 1578 1056 1609 1082; x_wconf 81' lang='grc' dir='ltr'><strong>τὸ</strong></span> <span class='ocrx_word' id='word_1_368' title='bbox 1627 1055 1754 1083; x_wconf 87' lang='grc' dir='ltr'><strong>πλεῖστον</strong></span> <span class='ocrx_word' id='word_1_369' title='bbox 1766 1065 1814 1091; x_wconf 87' lang='grc' dir='ltr'><strong>τη-</strong></span> 
     </span>
    </p>
   </div>
   <div class='ocr_carea' id='block_1_51' title="bbox 1025 1101 1810 1137">
    <p class='ocr_par' dir='ltr' id='par_1_51' title="bbox 1025 1101 1810 1137">
     <span class='ocr_line' id='line_1_51' title="bbox 1025 1101 1810 1137; baseline 0.001 -10"><span class='ocrx_word' id='word_1_370' title='bbox 1025 1101 1100 1137; x_wconf 72' lang='grc' dir='ltr'><strong>ροῦσι</strong></span> <span class='ocrx_word' id='word_1_371' title='bbox 1113 1102 1162 1136; x_wconf 83' lang='grc' dir='ltr'><strong>τῆς</strong></span> <span class='ocrx_word' id='word_1_372' title='bbox 1178 1102 1223 1128; x_wconf 74' lang='grc' dir='ltr'><strong>ἐπὶ</strong></span> <span class='ocrx_word' id='word_1_373' title='bbox 1236 1101 1284 1136; x_wconf 85' lang='grc' dir='ltr'><strong>τὴν</strong></span> <span class='ocrx_word' id='word_1_374' title='bbox 1298 1101 1439 1128; x_wconf 73' lang='grc' dir='ltr'><strong>εὐσέϐειαν</strong></span> <span class='ocrx_word' id='word_1_375' title='bbox 1454 1101 1607 1137; x_wconf 82' lang='grc' dir='ltr'><strong>μεταϐολῆς</strong></span> <span class='ocrx_word' id='word_1_376' title='bbox 1618 1102 1649 1128; x_wconf 87' lang='grc' dir='ltr'><strong>τὺ</strong></span> <span class='ocrx_word' id='word_1_377' title='bbox 1671 1102 1810 1137; x_wconf 77' lang='grc' dir='ltr'><strong>κραταίω-</strong></span> 
     </span>
    </p>
   </div>
   <div class='ocr_carea' id='block_1_52' title="bbox 1025 1144 1812 1182">
    <p class='ocr_par' dir='ltr' id='par_1_52' title="bbox 1025 1144 1812 1182">
     <span class='ocr_line' id='line_1_52' title="bbox 1025 1144 1812 1182; baseline 0.001 -9"><span class='ocrx_word' id='word_1_378' title='bbox 1025 1155 1072 1182; x_wconf 64' lang='grc' dir='ltr'><strong>με·</strong></span> <span class='ocrx_word' id='word_1_379' title='bbox 1088 1148 1143 1178; x_wconf 82' lang='grc' dir='ltr'><strong>τοῖς</strong></span> <span class='ocrx_word' id='word_1_380' title='bbox 1155 1147 1184 1173; x_wconf 74' lang='grc' dir='ltr'><strong>δὲ</strong></span> <span class='ocrx_word' id='word_1_381' title='bbox 1199 1146 1287 1182; x_wconf 82' lang='grc' dir='ltr'><strong>φαύλη</strong></span> <span class='ocrx_word' id='word_1_382' title='bbox 1303 1155 1332 1172; x_wconf 86' lang='grc' dir='ltr'><strong>τε</strong></span> <span class='ocrx_word' id='word_1_383' title='bbox 1347 1144 1381 1182; x_wconf 78' lang='grc' dir='ltr'><strong>ἦν</strong></span> <span class='ocrx_word' id='word_1_384' title='bbox 1393 1147 1422 1178; x_wconf 78' lang='grc' dir='ltr'>ἐξ</span> <span class='ocrx_word' id='word_1_385' title='bbox 1439 1147 1525 1182; x_wconf 82' lang='grc' dir='ltr'><strong>αὐτῆς</strong></span> <span class='ocrx_word' id='word_1_386' title='bbox 1553 1147 1714 1182; x_wconf 84' lang='grc' dir='ltr'><strong>κινήσεωςὴ</strong></span> <span class='ocrx_word' id='word_1_387' title='bbox 1727 1148 1812 1182; x_wconf 83' lang='grc' dir='ltr'><strong>ὁρμή·</strong></span> 
     </span>
    </p>
   </div>
   <div class='ocr_carea' id='block_1_53' title="bbox 1023 1192 1813 1228">
    <p class='ocr_par' dir='ltr' id='par_1_53' title="bbox 1023 1192 1813 1228">
     <span class='ocr_line' id='line_1_53' title="bbox 1023 1192 1813 1228; baseline 0.001 -10"><span class='ocrx_word' id='word_1_388' title='bbox 1023 1193 1052 1218; x_wconf 85' lang='grc' dir='ltr'><strong>οὐ</strong></span> <span class='ocrx_word' id='word_1_389' title='bbox 1067 1192 1119 1228; x_wconf 80' lang='grc' dir='ltr'><strong>γὰρ</strong></span> <span class='ocrx_word' id='word_1_390' title='bbox 1127 1193 1239 1227; x_wconf 79' lang='grc' dir='ltr'><strong>ἠγνόουν</strong></span> <span class='ocrx_word' id='word_1_391' title='bbox 1250 1192 1348 1219; x_wconf 78' lang='grc' dir='ltr'><strong>ἄτοπον</strong></span> <span class='ocrx_word' id='word_1_392' title='bbox 1360 1193 1517 1228; x_wconf 81' lang='grc' dir='ltr'><strong>ἁπτόμενοι,</strong></span> <span class='ocrx_word' id='word_1_393' title='bbox 1527 1193 1574 1219; x_wconf 82' lang='grc' dir='ltr'><strong>καὶ</strong></span> <span class='ocrx_word' id='word_1_394' title='bbox 1581 1193 1631 1228; x_wconf 86' lang='grc' dir='ltr'><strong>τῆς</strong></span> <span class='ocrx_word' id='word_1_395' title='bbox 1642 1193 1813 1227; x_wconf 78' lang='grc' dir='ltr'><strong>μεταθέσεως</strong></span> 
     </span>
    </p>
   </div>
   <div class='ocr_carea' id='block_1_54' title="bbox 1024 1238 1814 1274">
    <p class='ocr_par' dir='ltr' id='par_1_54' title="bbox 1024 1238 1814 1274">
     <span class='ocr_line' id='line_1_54' title="bbox 1024 1238 1814 1274; baseline 0 -10"><span class='ocrx_word' id='word_1_396' title='bbox 1024 1238 1210 1274; x_wconf 84' lang='grc' dir='ltr'><strong>γεγενημένης</strong></span> <span class='ocrx_word' id='word_1_397' title='bbox 1227 1238 1286 1273; x_wconf 78' lang='grc' dir='ltr'><strong>μὲν,</strong></span> <span class='ocrx_word' id='word_1_398' title='bbox 1296 1239 1346 1265; x_wconf 78' lang='grc' dir='ltr'><strong>οὐκ</strong></span> <span class='ocrx_word' id='word_1_399' title='bbox 1362 1239 1478 1274; x_wconf 81' lang='grc' dir='ltr'><strong>ἐχούσης</strong></span> <span class='ocrx_word' id='word_1_400' title='bbox 1487 1239 1517 1265; x_wconf 82' lang='grc' dir='ltr'><strong>δὲ</strong></span> <span class='ocrx_word' id='word_1_401' title='bbox 1532 1238 1570 1274; x_wconf 83' lang='grc' dir='ltr'><strong>τῷ</strong></span> <span class='ocrx_word' id='word_1_402' title='bbox 1582 1238 1742 1273; x_wconf 77' lang='grc' dir='ltr'><strong>ἀμεταθέτῳ</strong></span> <span class='ocrx_word' id='word_1_403' title='bbox 1752 1247 1814 1273; x_wconf 82' lang='grc' dir='ltr'><strong>στη-</strong></span> 
     </span>
    </p>
   </div>
   <div class='ocr_carea' id='block_1_55' title="bbox 1024 1281 1814 1320">
    <p class='ocr_par' dir='ltr' id='par_1_55' title="bbox 1024 1281 1814 1320">
     <span class='ocr_line' id='line_1_55' title="bbox 1024 1281 1814 1320; baseline 0.001 -10"><span class='ocrx_word' id='word_1_404' title='bbox 1024 1284 1157 1320; x_wconf 76' lang='grc' dir='ltr'><strong>ρίζεσθαι·</strong></span> <span class='ocrx_word' id='word_1_405' title='bbox 1169 1285 1245 1311; x_wconf 77' lang='grc' dir='ltr'><strong>οὐδὲν</strong></span> <span class='ocrx_word' id='word_1_406' title='bbox 1260 1284 1314 1320; x_wconf 84' lang='grc' dir='ltr'><strong>γὰρ</strong></span> <span class='ocrx_word' id='word_1_407' title='bbox 1323 1281 1396 1311; x_wconf 71' lang='grc' dir='ltr'><strong>οὗτοι</strong></span> <span class='ocrx_word' id='word_1_408' title='bbox 1412 1285 1466 1311; x_wconf 87' lang='grc' dir='ltr'><strong>τῶν</strong></span> <span class='ocrx_word' id='word_1_409' title='bbox 1476 1284 1712 1319; x_wconf 78' lang='grc' dir='ltr'><strong>προεγνωσμένων</strong></span> <span class='ocrx_word' id='word_1_410' title='bbox 1731 1284 1814 1311; x_wconf 83' lang='grc' dir='ltr'><strong>πλέον</strong></span> 
     </span>
    </p>
   </div>
   <div class='ocr_carea' id='block_1_56' title="bbox 1024 1334 1813 1375">
    <p class='ocr_par' dir='ltr' id='par_1_56' title="bbox 1024 1334 1813 1375">
     <span class='ocr_line' id='line_1_56' title="bbox 1024 1334 1813 1375; baseline 0 -12"><span class='ocrx_word' id='word_1_411' title='bbox 1024 1347 1042 1363; x_wconf 81' lang='grc' dir='ltr'><strong>π</strong></span> <span class='ocrx_word' id='word_1_412' title='bbox 1047 1337 1151 1372; x_wconf 77' lang='grc' dir='ltr'><strong>ροσειλή</strong></span> <span class='ocrx_word' id='word_1_413' title='bbox 1155 1338 1280 1371; x_wconf 83' lang='grc' dir='ltr'><strong>φεσαν,ὲν</strong></span> <span class='ocrx_word' id='word_1_414' title='bbox 1285 1334 1325 1368; x_wconf 75' lang='grc' dir='ltr'><strong>οἷς</strong></span> <span class='ocrx_word' id='word_1_415' title='bbox 1331 1336 1364 1363; x_wconf 80' lang='grc' dir='ltr'>ἂν</span> <span class='ocrx_word' id='word_1_416' title='bbox 1371 1337 1527 1371; x_wconf 80' lang='grc' dir='ltr'><strong>ὲδρασθεῖεν</strong></span> <span class='ocrx_word' id='word_1_417' title='bbox 1535 1337 1615 1364; x_wconf 82' lang='grc' dir='ltr'><strong>σταθε</strong></span> <span class='ocrx_word' id='word_1_418' title='bbox 1619 1337 1688 1372; x_wconf 86' lang='grc' dir='ltr'><strong>ρώτε</strong></span> <span class='ocrx_word' id='word_1_419' title='bbox 1692 1346 1750 1375; x_wconf 35' lang='grc' dir='ltr'><strong>ροιν,</strong></span> <span class='ocrx_word' id='word_1_420' title='bbox 1757 1337 1813 1364; x_wconf 86' lang='grc' dir='ltr'><strong>ἀλλ’</strong></span> 
     </span>
    </p>
   </div>
   <div class='ocr_carea' id='block_1_57' title="bbox 1029 1381 1814 1417">
    <p class='ocr_par' dir='ltr' id='par_1_57' title="bbox 1029 1381 1814 1417">
     <span class='ocr_line' id='line_1_57' title="bbox 1029 1381 1814 1417; baseline 0.003 -10"><span class='ocrx_word' id='word_1_421' title='bbox 1029 1381 1231 1416; x_wconf 77' lang='grc' dir='ltr'><strong>ἐπισκιρτώσης</strong></span> <span class='ocrx_word' id='word_1_422' title='bbox 1245 1381 1284 1416; x_wconf 86' lang='grc' dir='ltr'><strong>τῷ</strong></span> <span class='ocrx_word' id='word_1_423' title='bbox 1297 1381 1485 1416; x_wconf 84' lang='grc' dir='ltr'><strong>αὑτοδεσπότῳ</strong></span> <span class='ocrx_word' id='word_1_424' title='bbox 1495 1382 1545 1417; x_wconf 86' lang='grc' dir='ltr'><strong>τῆς</strong></span> <span class='ocrx_word' id='word_1_425' title='bbox 1569 1381 1682 1416; x_wconf 84' lang='grc' dir='ltr'><strong>γνώμης</strong></span> <span class='ocrx_word' id='word_1_426' title='bbox 1693 1382 1735 1416; x_wconf 78' lang='grc' dir='ltr'><strong>ἐφ’</strong></span> <span class='ocrx_word' id='word_1_427' title='bbox 1748 1383 1814 1409; x_wconf 65' lang='grc' dir='ltr'><strong>ἐκάη</strong></span> 
     </span>
    </p>
   </div>
   <div class='ocr_carea' id='block_1_58' title="bbox 1022 1427 1812 1463">
    <p class='ocr_par' dir='ltr' id='par_1_58' title="bbox 1022 1427 1812 1463">
     <span class='ocr_line' id='line_1_58' title="bbox 1022 1427 1812 1463; baseline 0.001 -10"><span class='ocrx_word' id='word_1_428' title='bbox 1022 1436 1090 1462; x_wconf 83' lang='grc' dir='ltr'><strong>τερα</strong></span> <span class='ocrx_word' id='word_1_429' title='bbox 1100 1427 1197 1462; x_wconf 81' lang='grc' dir='ltr'><strong>ἄδηλόν</strong></span> <span class='ocrx_word' id='word_1_430' title='bbox 1210 1436 1239 1453; x_wconf 81' lang='grc' dir='ltr'><strong>τε</strong></span> <span class='ocrx_word' id='word_1_431' title='bbox 1251 1427 1301 1462; x_wconf 82' lang='grc' dir='ltr'><strong>τὴν</strong></span> <span class='ocrx_word' id='word_1_432' title='bbox 1313 1427 1403 1462; x_wconf 76' lang='grc' dir='ltr'><strong>κρίσιν</strong></span> <span class='ocrx_word' id='word_1_433' title='bbox 1412 1428 1602 1463; x_wconf 80' lang='grc' dir='ltr'><strong>παρεχομένης</strong></span> <span class='ocrx_word' id='word_1_434' title='bbox 1614 1428 1656 1462; x_wconf 77' lang='grc' dir='ltr'><strong>ἐφ’</strong></span> <span class='ocrx_word' id='word_1_435' title='bbox 1667 1428 1680 1454; x_wconf 85' lang='grc' dir='ltr'><strong>ὃ</strong></span> <span class='ocrx_word' id='word_1_436' title='bbox 1691 1428 1812 1463; x_wconf 76' lang='grc' dir='ltr'><strong>ῥέψειεν,</strong></span> 
     </span>
    </p>
   </div>
   <div class='ocr_carea' id='block_1_59' title="bbox 1023 1471 1813 1507">
    <p class='ocr_par' dir='ltr' id='par_1_59' title="bbox 1023 1471 1813 1507">
     <span class='ocr_line' id='line_1_59' title="bbox 1023 1471 1813 1507; baseline 0.001 -10"><span class='ocrx_word' id='word_1_437' title='bbox 1023 1472 1136 1503; x_wconf 77' lang='grc' dir='ltr'><strong>εἰκότως</strong></span> <span class='ocrx_word' id='word_1_438' title='bbox 1150 1471 1200 1497; x_wconf 70' lang='grc' dir='ltr'><strong>οὐκ</strong></span> <span class='ocrx_word' id='word_1_439' title='bbox 1211 1471 1285 1497; x_wconf 79' lang='grc' dir='ltr'><strong>ἐστιν</strong></span> <span class='ocrx_word' id='word_1_440' title='bbox 1298 1471 1390 1503; x_wconf 79' lang='grc' dir='ltr'><strong>αὐτοῖς</strong></span> <span class='ocrx_word' id='word_1_441' title='bbox 1404 1473 1496 1498; x_wconf 85' lang='grc' dir='ltr'><strong>πίστιν</strong></span> <span class='ocrx_word' id='word_1_442' title='bbox 1513 1473 1576 1507; x_wconf 78' lang='grc' dir='ltr'><strong>ῥᾷον</strong></span> <span class='ocrx_word' id='word_1_443' title='bbox 1596 1473 1759 1507; x_wconf 81' lang='grc' dir='ltr'><strong>παρασχεῖν,</strong></span> <span class='ocrx_word' id='word_1_444' title='bbox 1776 1472 1813 1503; x_wconf 86' lang='grc' dir='ltr'><strong>ὡς</strong></span> 
     </span>
    </p>
   </div>
   <div class='ocr_carea' id='block_1_60' title="bbox 1023 1517 1814 1553">
    <p class='ocr_par' dir='ltr' id='par_1_60' title="bbox 1023 1517 1814 1553">
     <span class='ocr_line' id='line_1_60' title="bbox 1023 1517 1814 1553; baseline 0.001 -10"><span class='ocrx_word' id='word_1_445' title='bbox 1023 1518 1053 1544; x_wconf 78' lang='grc' dir='ltr'><strong>οὐ</strong></span> <span class='ocrx_word' id='word_1_446' title='bbox 1064 1518 1162 1553; x_wconf 77' lang='grc' dir='ltr'><strong>μηκέτι</strong></span> <span class='ocrx_word' id='word_1_447' title='bbox 1173 1517 1268 1552; x_wconf 75' lang='grc' dir='ltr'><strong>εἴησαν</strong></span> <span class='ocrx_word' id='word_1_448' title='bbox 1278 1518 1317 1548; x_wconf 87' lang='grc' dir='ltr'><strong>εἰς</strong></span> <span class='ocrx_word' id='word_1_449' title='bbox 1327 1517 1376 1552; x_wconf 86' lang='grc' dir='ltr'><strong>τὴν</strong></span> <span class='ocrx_word' id='word_1_450' title='bbox 1388 1518 1524 1552; x_wconf 81' lang='grc' dir='ltr'><strong>προτέραν</strong></span> <span class='ocrx_word' id='word_1_451' title='bbox 1535 1518 1692 1549; x_wconf 69' lang='grc' dir='ltr'><strong>ἐπανιόντες</strong></span> <span class='ocrx_word' id='word_1_452' title='bbox 1709 1518 1814 1552; x_wconf 85' lang='grc' dir='ltr'><strong>φαυλὸ-</strong></span> 
     </span>
    </p>
   </div>
   <div class='ocr_carea' id='block_1_61' title="bbox 187 1557 960 1600">
    <p class='ocr_par' dir='ltr' id='par_1_61' title="bbox 187 1557 960 1593">
     <span class='ocr_line' id='line_1_61' title="bbox 187 1557 960 1593; baseline 0.004 -9"><span class='ocrx_word' id='word_1_453' title='bbox 187 1564 278 1592; x_wconf 80' lang='lat' dir='ltr'><strong>agere,</strong></span> <span class='ocrx_word' id='word_1_454' title='bbox 300 1557 385 1585; x_wconf 87' lang='lat' dir='ltr'><strong>libere</strong></span> <span class='ocrx_word' id='word_1_455' title='bbox 402 1557 596 1591; x_wconf 87' lang='lat' dir='ltr'><strong>ostenduntur;</strong></span> <span class='ocrx_word' id='word_1_456' title='bbox 618 1559 663 1586; x_wconf 84' lang='lat' dir='ltr'><strong>sed</strong></span> <span class='ocrx_word' id='word_1_457' title='bbox 683 1558 764 1593; x_wconf 74' lang='lat' dir='ltr'><strong>igitur</strong></span> <span class='ocrx_word' id='word_1_458' title='bbox 783 1560 902 1587; x_wconf 82' lang='lat' dir='ltr'><strong>secunda</strong></span> <span class='ocrx_word' id='word_1_459' title='bbox 919 1569 960 1588; x_wconf 83' lang='lat' dir='ltr'><strong>not</strong></span> 
     </span>
    </p>
   </div>
   <div class='ocr_carea' id='block_1_62' title="bbox 1054 1557 1813 1600">
    <p class='ocr_par' dir='ltr' id='par_1_62' title="bbox 1054 1563 1813 1600">
     <span class='ocr_line' id='line_1_62' title="bbox 1054 1563 1813 1600; baseline 0.001 -11"><span class='ocrx_word' id='word_1_460' title='bbox 1054 1572 1101 1598; x_wconf 81' lang='grc' dir='ltr'><strong>Ιτα.</strong></span> <span class='ocrx_word' id='word_1_461' title='bbox 1117 1563 1236 1598; x_wconf 78' lang='grc' dir='ltr'><strong>Πρόσθες</strong></span> <span class='ocrx_word' id='word_1_462' title='bbox 1250 1564 1273 1590; x_wconf 80' lang='grc' dir='ltr'><strong>εξ</strong></span> <span class='ocrx_word' id='word_1_463' title='bbox 1284 1563 1374 1598; x_wconf 83' lang='grc' dir='ltr'><strong>βούλει</strong></span> <span class='ocrx_word' id='word_1_464' title='bbox 1387 1563 1435 1590; x_wconf 81' lang='grc' dir='ltr'><strong>καὶ</strong></span> <span class='ocrx_word' id='word_1_465' title='bbox 1443 1563 1510 1590; x_wconf 77' lang='grc' dir='ltr'><strong>διότι</strong></span> <span class='ocrx_word' id='word_1_466' title='bbox 1521 1565 1578 1595; x_wconf 85' lang='grc' dir='ltr'><strong>τοῖς</strong></span> <span class='ocrx_word' id='word_1_467' title='bbox 1595 1563 1644 1598; x_wconf 84' lang='grc' dir='ltr'><strong>μὲν</strong></span> <span class='ocrx_word' id='word_1_468' title='bbox 1658 1563 1706 1591; x_wconf 86' lang='grc' dir='ltr'><strong>καὶ</strong></span> <span class='ocrx_word' id='word_1_469' title='bbox 1717 1565 1734 1598; x_wconf 86' lang='grc' dir='ltr'>ἡ</span> <span class='ocrx_word' id='word_1_470' title='bbox 1746 1572 1813 1600; x_wconf 83' lang='grc' dir='ltr'><strong>προ-</strong></span> 
     </span>
    </p>
   </div>
   <div class='ocr_carea' id='block_1_63' title="bbox 187 1604 974 1639">
    <p class='ocr_par' dir='ltr' id='par_1_63' title="bbox 187 1604 974 1639">
     <span class='ocr_line' id='line_1_63' title="bbox 187 1604 974 1639; baseline 0.006 -9"><span class='ocrx_word' id='word_1_471' title='bbox 187 1604 258 1631; x_wconf 82' lang='lat' dir='ltr'><strong>cedit</strong></span> <span class='ocrx_word' id='word_1_472' title='bbox 274 1604 366 1639; x_wconf 85' lang='lat' dir='ltr'><strong>priori,</strong></span> <span class='ocrx_word' id='word_1_473' title='bbox 383 1608 411 1631; x_wconf 89' lang='lat' dir='ltr'><strong>ut</strong></span> <span class='ocrx_word' id='word_1_474' title='bbox 433 1604 601 1631; x_wconf 88' lang='lat' dir='ltr'><strong>multitudini</strong></span> <span class='ocrx_word' id='word_1_475' title='bbox 624 1611 686 1632; x_wconf 88' lang='lat' dir='ltr'><strong>nota</strong></span> <span class='ocrx_word' id='word_1_476' title='bbox 700 1605 756 1637; x_wconf 79' lang='lat' dir='ltr'><strong>fiat,</strong></span> <span class='ocrx_word' id='word_1_477' title='bbox 772 1605 805 1632; x_wconf 91' lang='lat' dir='ltr'><strong>de</strong></span> <span class='ocrx_word' id='word_1_478' title='bbox 826 1607 888 1633; x_wconf 89' lang='lat' dir='ltr'><strong>aliis</strong></span> <span class='ocrx_word' id='word_1_479' title='bbox 909 1615 974 1635; x_wconf 85' lang='lat' dir='ltr'><strong>vero</strong></span> 
     </span>
    </p>
   </div>
   <div class='ocr_carea' id='block_1_64' title="bbox 188 1651 973 1685">
    <p class='ocr_par' dir='ltr' id='par_1_64' title="bbox 188 1651 973 1685">
     <span class='ocr_line' id='line_1_64' title="bbox 188 1651 973 1685; baseline 0.005 -8"><span class='ocrx_word' id='word_1_480' title='bbox 188 1658 266 1677; x_wconf 88' lang='lat' dir='ltr'><strong>suum</strong></span> <span class='ocrx_word' id='word_1_481' title='bbox 284 1655 424 1684; x_wconf 85' lang='lat' dir='ltr'><strong>peccatum</strong></span> <span class='ocrx_word' id='word_1_482' title='bbox 441 1651 608 1685; x_wconf 85' lang='lat' dir='ltr'><strong>triumphqu</strong></span> <span class='ocrx_word' id='word_1_483' title='bbox 626 1651 690 1685; x_wconf 78' lang='lat' dir='ltr'><strong>agit.</strong></span> <span class='ocrx_word' id='word_1_484' title='bbox 711 1651 811 1679; x_wconf 86' lang='lat' dir='ltr'><strong>Amant</strong></span> <span class='ocrx_word' id='word_1_485' title='bbox 834 1653 906 1679; x_wconf 91' lang='lat' dir='ltr'><strong>enim</strong></span> <span class='ocrx_word' id='word_1_486' title='bbox 925 1654 973 1682; x_wconf 91' lang='lat' dir='ltr'><strong>ho-</strong></span> 
     </span>
    </p>
   </div>
   <div class='ocr_carea' id='block_1_65' title="bbox 189 1697 973 1732">
    <p class='ocr_par' dir='ltr' id='par_1_65' title="bbox 189 1697 973 1732">
     <span class='ocr_line' id='line_1_65' title="bbox 189 1697 973 1732; baseline 0.005 -9"><span class='ocrx_word' id='word_1_487' title='bbox 189 1697 278 1724; x_wconf 86' lang='lat' dir='ltr'><strong>mines</strong></span> <span class='ocrx_word' id='word_1_488' title='bbox 298 1702 324 1724; x_wconf 87' lang='lat' dir='ltr'><strong>et</strong></span> <span class='ocrx_word' id='word_1_489' title='bbox 339 1697 425 1724; x_wconf 88' lang='lat' dir='ltr'><strong>aliena</strong></span> <span class='ocrx_word' id='word_1_490' title='bbox 448 1697 583 1732; x_wconf 78' lang='lat' dir='ltr'><strong>experiri;</strong></span> <span class='ocrx_word' id='word_1_491' title='bbox 604 1705 665 1731; x_wconf 64' lang='lat' dir='ltr'><strong>quae</strong></span> <span class='ocrx_word' id='word_1_492' title='bbox 688 1705 753 1725; x_wconf 90' lang='lat' dir='ltr'><strong>vero</strong></span> <span class='ocrx_word' id='word_1_493' title='bbox 776 1698 802 1724; x_wconf 94' lang='lat' dir='ltr'><strong>in</strong></span> <span class='ocrx_word' id='word_1_494' title='bbox 820 1698 927 1726; x_wconf 87' lang='lat' dir='ltr'><strong>silentio</strong></span> <span class='ocrx_word' id='word_1_495' title='bbox 947 1704 973 1727; x_wconf 88' lang='lat' dir='ltr'><strong>et</strong></span> 
     </span>
    </p>
   </div>
   <div class='ocr_carea' id='block_1_66' title="bbox 188 1742 972 1777">
    <p class='ocr_par' dir='ltr' id='par_1_66' title="bbox 188 1742 972 1777">
     <span class='ocr_line' id='line_1_66' title="bbox 188 1742 972 1777; baseline 0.004 -8"><span class='ocrx_word' id='word_1_496' title='bbox 188 1742 333 1770; x_wconf 88' lang='lat' dir='ltr'><strong>solitudine</strong></span> <span class='ocrx_word' id='word_1_497' title='bbox 345 1743 434 1777; x_wconf 79' lang='lat' dir='ltr'><strong>agitur</strong></span> <span class='ocrx_word' id='word_1_498' title='bbox 449 1743 607 1777; x_wconf 68' lang='lat' dir='ltr'><strong>pmnitentia</strong></span> <span class='ocrx_word' id='word_1_499' title='bbox 631 1751 685 1769; x_wconf 92' lang='lat' dir='ltr'><strong>non</strong></span> <span class='ocrx_word' id='word_1_500' title='bbox 709 1743 788 1771; x_wconf 89' lang='lat' dir='ltr'><strong>tnodo</strong></span> <span class='ocrx_word' id='word_1_501' title='bbox 811 1752 859 1771; x_wconf 87' lang='lat' dir='ltr'><strong>sua</strong></span> <span class='ocrx_word' id='word_1_502' title='bbox 875 1745 972 1772; x_wconf 88' lang='lat' dir='ltr'><strong>obscu-</strong></span> 
     </span>
    </p>
   </div>
   <div class='ocr_carea' id='block_1_67' title="bbox 189 1788 972 1824">
    <p class='ocr_par' dir='ltr' id='par_1_67' title="bbox 189 1788 972 1824">
     <span class='ocr_line' id='line_1_67' title="bbox 189 1788 972 1824; baseline 0.006 -10"><span class='ocrx_word' id='word_1_503' title='bbox 189 1788 268 1815; x_wconf 86' lang='lat' dir='ltr'><strong>titate</strong></span> <span class='ocrx_word' id='word_1_504' title='bbox 292 1790 422 1823; x_wconf 89' lang='lat' dir='ltr'><strong>populum</strong></span> <span class='ocrx_word' id='word_1_505' title='bbox 448 1789 526 1824; x_wconf 75' lang='lat' dir='ltr'><strong>fugit,</strong></span> <span class='ocrx_word' id='word_1_506' title='bbox 550 1789 595 1816; x_wconf 85' lang='lat' dir='ltr'><strong>sed</strong></span> <span class='ocrx_word' id='word_1_507' title='bbox 621 1789 749 1816; x_wconf 88' lang='lat' dir='ltr'><strong>invidiam</strong></span> <span class='ocrx_word' id='word_1_508' title='bbox 777 1790 856 1818; x_wconf 84' lang='lat' dir='ltr'><strong>habet</strong></span> <span class='ocrx_word' id='word_1_509' title='bbox 880 1799 972 1820; x_wconf 87' lang='lat' dir='ltr'><strong>amare</strong></span> 
     </span>
    </p>
   </div>
   <div class='ocr_carea' id='block_1_68' title="bbox 189 1834 972 1868">
    <p class='ocr_par' dir='ltr' id='par_1_68' title="bbox 189 1834 972 1868">
     <span class='ocr_line' id='line_1_68' title="bbox 189 1834 972 1868; baseline 0.009 -9"><span class='ocrx_word' id='word_1_510' title='bbox 189 1834 392 1868; x_wconf 86' lang='lat' dir='ltr'><strong>inquirentem.</strong></span> <span class='ocrx_word' id='word_1_511' title='bbox 421 1843 474 1862; x_wconf 88' lang='lat' dir='ltr'><strong>nou</strong></span> <span class='ocrx_word' id='word_1_512' title='bbox 502 1840 592 1862; x_wconf 88' lang='lat' dir='ltr'><strong>autem</strong></span> <span class='ocrx_word' id='word_1_513' title='bbox 614 1837 752 1863; x_wconf 88' lang='lat' dir='ltr'><strong>evidenter</strong></span> <span class='ocrx_word' id='word_1_514' title='bbox 776 1841 803 1864; x_wconf 90' lang='lat' dir='ltr'><strong>et</strong></span> <span class='ocrx_word' id='word_1_515' title='bbox 828 1837 972 1866; x_wconf 81' lang='lat' dir='ltr'><strong>manifeste</strong></span> 
     </span>
    </p>
   </div>
   <div class='ocr_carea' id='block_1_69' title="bbox 188 1880 971 1920">
    <p class='ocr_par' dir='ltr' id='par_1_69' title="bbox 188 1880 971 1920">
     <span class='ocr_line' id='line_1_69' title="bbox 188 1880 971 1920; baseline 0.008 -14"><span class='ocrx_word' id='word_1_516' title='bbox 188 1880 405 1914; x_wconf 73' lang='lat' dir='ltr'><strong>purificationem</strong></span> <span class='ocrx_word' id='word_1_517' title='bbox 430 1881 611 1908; x_wconf 77' lang='lat' dir='ltr'><strong>invenientem</strong></span> <span class='ocrx_word' id='word_1_518' title='bbox 628 1889 635 1908; x_wconf 85' lang='lat'><strong>:</strong></span> <span class='ocrx_word' id='word_1_519' title='bbox 656 1887 763 1916; x_wconf 83' lang='lat' dir='ltr'><strong>oportet</strong></span> <span class='ocrx_word' id='word_1_520' title='bbox 779 1888 868 1911; x_wconf 88' lang='lat' dir='ltr'><strong>autem</strong></span> <span class='ocrx_word' id='word_1_521' title='bbox 883 1892 971 1920; x_wconf 91' lang='lat' dir='ltr'><strong>neque</strong></span> 
     </span>
    </p>
   </div>
   <div class='ocr_carea' id='block_1_70' title="bbox 189 1927 758 1962">
    <p class='ocr_par' dir='ltr' id='par_1_70' title="bbox 189 1927 758 1962">
     <span class='ocr_line' id='line_1_70' title="bbox 189 1927 758 1962; baseline 0.007 -11"><span class='ocrx_word' id='word_1_522' title='bbox 189 1927 362 1959; x_wconf 82' lang='lat' dir='ltr'><strong>parvulorum</strong></span> <span class='ocrx_word' id='word_1_523' title='bbox 383 1935 546 1962; x_wconf 81' lang='lat' dir='ltr'><strong>quemquam</strong></span> <span class='ocrx_word' id='word_1_524' title='bbox 563 1928 758 1955; x_wconf 86' lang='lat' dir='ltr'><strong>scandalizare.</strong></span> 
     </span>
    </p>
   </div>
   <div class='ocr_carea' id='block_1_71' title="bbox 227 1973 972 2010">
    <p class='ocr_par' dir='ltr' id='par_1_71' title="bbox 227 1973 972 2010">
     <span class='ocr_line' id='line_1_71' title="bbox 227 1973 972 2010; baseline 0.005 -11"><span class='ocrx_word' id='word_1_525' title='bbox 227 1973 285 2000; x_wconf 84' lang='lat' dir='ltr'><strong>Non</strong></span> <span class='ocrx_word' id='word_1_526' title='bbox 301 1978 387 2001; x_wconf 79' lang='lat' dir='ltr'><strong>taxucn</strong></span> <span class='ocrx_word' id='word_1_527' title='bbox 397 1973 524 2000; x_wconf 88' lang='lat' dir='ltr'><strong>otnuibus</strong></span> <span class='ocrx_word' id='word_1_528' title='bbox 536 1973 644 2000; x_wconf 82' lang='lat' dir='ltr'><strong>exhibet</strong></span> <span class='ocrx_word' id='word_1_529' title='bbox 654 1975 859 2002; x_wconf 83' lang='lat' dir='ltr'><strong>conversionem</strong></span> <span class='ocrx_word' id='word_1_530' title='bbox 876 1983 972 2010; x_wconf 91' lang='lat' dir='ltr'><strong>quem-</strong></span> 
     </span>
    </p>
   </div>
   <div class='ocr_carea' id='block_1_72' title="bbox 187 2019 970 2055">
    <p class='ocr_par' dir='ltr' id='par_1_72' title="bbox 187 2019 970 2055">
     <span class='ocr_line' id='line_1_72' title="bbox 187 2019 970 2055; baseline 0.004 -8"><span class='ocrx_word' id='word_1_531' title='bbox 187 2020 333 2047; x_wconf 80' lang='lat' dir='ltr'><strong>admodum</strong></span> <span class='ocrx_word' id='word_1_532' title='bbox 358 2023 530 2053; x_wconf 86' lang='lat' dir='ltr'><strong>peccatorum</strong></span> <span class='ocrx_word' id='word_1_533' title='bbox 550 2019 614 2046; x_wconf 89' lang='lat' dir='ltr'><strong>olim</strong></span> <span class='ocrx_word' id='word_1_534' title='bbox 634 2020 817 2055; x_wconf 79' lang='lat' dir='ltr'><strong>cognitionem</strong></span> <span class='ocrx_word' id='word_1_535' title='bbox 838 2022 970 2050; x_wconf 78' lang='lat' dir='ltr'><strong>exhibuit.</strong></span> 
     </span>
    </p>
   </div>
   <div class='ocr_carea' id='block_1_73' title="bbox 1024 1607 1814 1644">
    <p class='ocr_par' dir='ltr' id='par_1_73' title="bbox 1024 1607 1814 1644">
     <span class='ocr_line' id='line_1_73' title="bbox 1024 1607 1814 1644; baseline 0.001 -11"><span class='ocrx_word' id='word_1_536' title='bbox 1024 1607 1091 1643; x_wconf 84' lang='grc' dir='ltr'><strong>τέρα</strong></span> <span class='ocrx_word' id='word_1_537' title='bbox 1100 1607 1163 1640; x_wconf 80' lang='grc' dir='ltr'><strong>δόξα</strong></span> <span class='ocrx_word' id='word_1_538' title='bbox 1174 1608 1247 1642; x_wconf 84' lang='grc' dir='ltr'><strong>καὶὴ</strong></span> <span class='ocrx_word' id='word_1_539' title='bbox 1262 1608 1480 1644; x_wconf 77' lang='grc' dir='ltr'><strong>μεταγενεστέρα</strong></span> <span class='ocrx_word' id='word_1_540' title='bbox 1493 1607 1563 1634; x_wconf 79' lang='grc' dir='ltr'><strong>κατὰ</strong></span> <span class='ocrx_word' id='word_1_541' title='bbox 1576 1608 1621 1634; x_wconf 81' lang='grc' dir='ltr'><strong>τὸν</strong></span> <span class='ocrx_word' id='word_1_542' title='bbox 1632 1608 1688 1635; x_wconf 86' lang='grc' dir='ltr'><strong>ῐσον</strong></span> <span class='ocrx_word' id='word_1_543' title='bbox 1699 1608 1814 1643; x_wconf 79' lang='grc' dir='ltr'><strong>τρόπον,</strong></span> 
     </span>
    </p>
   </div>
   <div class='ocr_carea' id='block_1_74' title="bbox 1023 1653 1816 1690">
    <p class='ocr_par' dir='ltr' id='par_1_74' title="bbox 1023 1653 1816 1690">
     <span class='ocr_line' id='line_1_74' title="bbox 1023 1653 1816 1690; baseline -0.001 -10"><span class='ocrx_word' id='word_1_544' title='bbox 1023 1654 1067 1681; x_wconf 78' lang='grc' dir='ltr'><strong>ἵνα</strong></span> <span class='ocrx_word' id='word_1_545' title='bbox 1083 1654 1121 1690; x_wconf 86' lang='grc' dir='ltr'><strong>μὴ</strong></span> <span class='ocrx_word' id='word_1_546' title='bbox 1137 1654 1208 1688; x_wconf 83' lang='grc' dir='ltr'><strong>λέγω</strong></span> <span class='ocrx_word' id='word_1_547' title='bbox 1221 1654 1269 1680; x_wconf 74' lang='grc' dir='ltr'><strong>καὶ</strong></span> <span class='ocrx_word' id='word_1_548' title='bbox 1292 1653 1421 1686; x_wconf 84' lang='grc' dir='ltr'><strong>πολλάκις</strong></span> <span class='ocrx_word' id='word_1_549' title='bbox 1445 1654 1609 1690; x_wconf 80' lang='grc' dir='ltr'><strong>προέχουσα,</strong></span> <span class='ocrx_word' id='word_1_550' title='bbox 1627 1653 1816 1690; x_wconf 63' lang='grc' dir='ltr'><strong>παρρησιάζε.</strong></span> 
     </span>
    </p>
   </div>
   <div class='ocr_carea' id='block_1_75' title="bbox 1022 1699 1815 1735">
    <p class='ocr_par' dir='ltr' id='par_1_75' title="bbox 1022 1699 1815 1735">
     <span class='ocr_line' id='line_1_75' title="bbox 1022 1699 1815 1735; baseline -0.003 -8"><span class='ocrx_word' id='word_1_551' title='bbox 1022 1708 1077 1727; x_wconf 85' lang='grc' dir='ltr'><strong>ται·</strong></span> <span class='ocrx_word' id='word_1_552' title='bbox 1093 1699 1151 1727; x_wconf 84' lang='grc' dir='ltr'><strong>ἀλλ’</strong></span> <span class='ocrx_word' id='word_1_553' title='bbox 1169 1699 1216 1726; x_wconf 77' lang='grc' dir='ltr'><strong>οὖν</strong></span> <span class='ocrx_word' id='word_1_554' title='bbox 1235 1700 1286 1726; x_wconf 74' lang='grc' dir='ltr'><strong>οὒκ</strong></span> <span class='ocrx_word' id='word_1_555' title='bbox 1312 1700 1385 1726; x_wconf 79' lang='grc' dir='ltr'><strong>ἐστιν</strong></span> <span class='ocrx_word' id='word_1_556' title='bbox 1412 1700 1429 1734; x_wconf 84' lang='grc' dir='ltr'><strong>ἡ</strong></span> <span class='ocrx_word' id='word_1_557' title='bbox 1456 1700 1572 1735; x_wconf 83' lang='grc' dir='ltr'><strong>δευτέρα</strong></span> <span class='ocrx_word' id='word_1_558' title='bbox 1598 1701 1647 1735; x_wconf 81' lang='grc' dir='ltr'><strong>τῆς</strong></span> <span class='ocrx_word' id='word_1_559' title='bbox 1675 1699 1815 1734; x_wconf 83' lang='grc' dir='ltr'><strong>προτέρας</strong></span> 
     </span>
    </p>
   </div>
   <div class='ocr_carea' id='block_1_76' title="bbox 1024 1745 1814 1781">
    <p class='ocr_par' dir='ltr' id='par_1_76' title="bbox 1024 1745 1814 1781">
     <span class='ocr_line' id='line_1_76' title="bbox 1024 1745 1814 1781; baseline -0.001 -9"><span class='ocrx_word' id='word_1_560' title='bbox 1024 1746 1092 1781; x_wconf 75' lang='grc' dir='ltr'><strong>πρὸς</strong></span> <span class='ocrx_word' id='word_1_561' title='bbox 1104 1746 1153 1781; x_wconf 84' lang='grc' dir='ltr'><strong>τὴν</strong></span> <span class='ocrx_word' id='word_1_562' title='bbox 1167 1745 1222 1772; x_wconf 86' lang='grc' dir='ltr'><strong>τῶν</strong></span> <span class='ocrx_word' id='word_1_563' title='bbox 1244 1745 1349 1772; x_wconf 84' lang='grc' dir='ltr'><strong>πολλῶν</strong></span> <span class='ocrx_word' id='word_1_564' title='bbox 1368 1746 1516 1780; x_wconf 81' lang='grc' dir='ltr'><strong>ἐπίγνωσιν</strong></span> <span class='ocrx_word' id='word_1_565' title='bbox 1536 1745 1744 1781; x_wconf 79' lang='grc' dir='ltr'><strong>δευτερεύουσα”</strong></span> <span class='ocrx_word' id='word_1_566' title='bbox 1758 1746 1814 1776; x_wconf 81' lang='grc' dir='ltr'><strong>τοῖς</strong></span> 
     </span>
    </p>
   </div>
   <div class='ocr_carea' id='block_1_77' title="bbox 1023 1789 1815 1826">
    <p class='ocr_par' dir='ltr' id='par_1_77' title="bbox 1023 1789 1815 1826">
     <span class='ocr_line' id='line_1_77' title="bbox 1023 1789 1815 1826; baseline -0.004 -8"><span class='ocrx_word' id='word_1_567' title='bbox 1023 1791 1050 1818; x_wconf 79' lang='grc' dir='ltr'><strong>δὲ</strong></span> <span class='ocrx_word' id='word_1_568' title='bbox 1060 1791 1089 1818; x_wconf 85' lang='grc' dir='ltr'><strong>τὺ</strong></span> <span class='ocrx_word' id='word_1_569' title='bbox 1101 1791 1149 1826; x_wconf 77' lang='grc' dir='ltr'><strong>μὲν</strong></span> <span class='ocrx_word' id='word_1_570' title='bbox 1161 1791 1313 1826; x_wconf 84' lang='grc' dir='ltr'><strong>ἁμάρτημα</strong></span> <span class='ocrx_word' id='word_1_571' title='bbox 1326 1790 1532 1825; x_wconf 78' lang='grc' dir='ltr'><strong>Θριαμὸεύεται-</strong></span> <span class='ocrx_word' id='word_1_572' title='bbox 1550 1790 1626 1824; x_wconf 73' lang='grc' dir='ltr'><strong>φίλον</strong></span> <span class='ocrx_word' id='word_1_573' title='bbox 1640 1789 1696 1824; x_wconf 83' lang='grc' dir='ltr'><strong>γὰρ</strong></span> <span class='ocrx_word' id='word_1_574' title='bbox 1709 1790 1815 1826; x_wconf 73' lang='grc' dir='ltr'><strong>ἀνθρώ·</strong></span> 
     </span>
    </p>
   </div>
   <div class='ocr_carea' id='block_1_78' title="bbox 1024 1835 1814 1870">
    <p class='ocr_par' dir='ltr' id='par_1_78' title="bbox 1024 1835 1814 1870">
     <span class='ocr_line' id='line_1_78' title="bbox 1024 1835 1814 1870; baseline -0.001 -7"><span class='ocrx_word' id='word_1_575' title='bbox 1024 1845 1085 1868; x_wconf 86' lang='grc' dir='ltr'><strong>ποις</strong></span> <span class='ocrx_word' id='word_1_576' title='bbox 1103 1835 1310 1868; x_wconf 79' lang='grc' dir='ltr'><strong>διακωδωνίζειν</strong></span> <span class='ocrx_word' id='word_1_577' title='bbox 1332 1835 1366 1862; x_wconf 78' lang='grc' dir='ltr'><strong>τὰ</strong></span> <span class='ocrx_word' id='word_1_578' title='bbox 1391 1835 1530 1870; x_wconf 82' lang='grc' dir='ltr'><strong>ἀλλότρια·</strong></span> <span class='ocrx_word' id='word_1_579' title='bbox 1548 1835 1565 1870; x_wconf 76' lang='grc' dir='ltr'>ὴ</span> <span class='ocrx_word' id='word_1_580' title='bbox 1588 1835 1617 1861; x_wconf 82' lang='grc' dir='ltr'><strong>δὲ</strong></span> <span class='ocrx_word' id='word_1_581' title='bbox 1643 1835 1814 1870; x_wconf 82' lang='grc' dir='ltr'><strong>μεταμέλεια</strong></span> 
     </span>
    </p>
   </div>
   <div class='ocr_carea' id='block_1_79' title="bbox 1023 1882 1814 1918">
    <p class='ocr_par' dir='ltr' id='par_1_79' title="bbox 1023 1882 1814 1918">
     <span class='ocr_line' id='line_1_79' title="bbox 1023 1882 1814 1918; baseline 0 -8"><span class='ocrx_word' id='word_1_582' title='bbox 1023 1884 1052 1910; x_wconf 80' lang='grc' dir='ltr'><strong>ὲν</strong></span> <span class='ocrx_word' id='word_1_583' title='bbox 1066 1883 1165 1918; x_wconf 82' lang='grc' dir='ltr'><strong>ἠσυχίᾳ</strong></span> <span class='ocrx_word' id='word_1_584' title='bbox 1175 1890 1204 1908; x_wconf 87' lang='grc' dir='ltr'><strong>τε</strong></span> <span class='ocrx_word' id='word_1_585' title='bbox 1220 1882 1267 1909; x_wconf 75' lang='grc' dir='ltr'><strong>καὶ</strong></span> <span class='ocrx_word' id='word_1_586' title='bbox 1277 1883 1433 1917; x_wconf 84' lang='grc' dir='ltr'><strong>καταμόνας</strong></span> <span class='ocrx_word' id='word_1_587' title='bbox 1448 1882 1625 1916; x_wconf 79' lang='grc' dir='ltr'><strong>πραττομένη</strong></span> <span class='ocrx_word' id='word_1_588' title='bbox 1639 1882 1690 1917; x_wconf 84' lang='grc' dir='ltr'><strong>οὺχ</strong></span> <span class='ocrx_word' id='word_1_589' title='bbox 1702 1882 1743 1908; x_wconf 78' lang='grc' dir='ltr'><strong>ὅτι</strong></span> <span class='ocrx_word' id='word_1_590' title='bbox 1763 1884 1814 1917; x_wconf 78' lang='grc' dir='ltr'><strong>μό-</strong></span> 
     </span>
    </p>
   </div>
   <div class='ocr_carea' id='block_1_80' title="bbox 1024 1926 1814 1963">
    <p class='ocr_par' dir='ltr' id='par_1_80' title="bbox 1024 1926 1814 1963">
     <span class='ocr_line' id='line_1_80' title="bbox 1024 1926 1814 1963; baseline -0.001 -8"><span class='ocrx_word' id='word_1_591' title='bbox 1024 1937 1068 1955; x_wconf 88' lang='grc' dir='ltr'><strong>νον</strong></span> <span class='ocrx_word' id='word_1_592' title='bbox 1084 1929 1122 1963; x_wconf 86' lang='grc' dir='ltr'><strong>τῷ</strong></span> <span class='ocrx_word' id='word_1_593' title='bbox 1139 1928 1296 1954; x_wconf 77' lang='grc' dir='ltr'><strong>λανθάνοντι</strong></span> <span class='ocrx_word' id='word_1_594' title='bbox 1314 1927 1443 1962; x_wconf 73' lang='grc' dir='ltr'><strong>ἐκφεύγει</strong></span> <span class='ocrx_word' id='word_1_595' title='bbox 1467 1927 1531 1958; x_wconf 83' lang='grc' dir='ltr'><strong>τοὺς</strong></span> <span class='ocrx_word' id='word_1_596' title='bbox 1555 1926 1680 1958; x_wconf 77' lang='grc' dir='ltr'><strong>πολλοὺς,</strong></span> <span class='ocrx_word' id='word_1_597' title='bbox 1696 1927 1755 1953; x_wconf 77' lang='grc' dir='ltr'><strong>ἀλλ’</strong></span> <span class='ocrx_word' id='word_1_598' title='bbox 1772 1929 1814 1954; x_wconf 84' lang='grc' dir='ltr'><strong>ὅτι</strong></span> 
     </span>
    </p>
   </div>
   <div class='ocr_carea' id='block_1_81' title="bbox 1023 1972 1813 2009">
    <p class='ocr_par' dir='ltr' id='par_1_81' title="bbox 1023 1972 1813 2009">
     <span class='ocr_line' id='line_1_81' title="bbox 1023 1972 1813 2009; baseline -0.003 -7"><span class='ocrx_word' id='word_1_599' title='bbox 1023 1975 1070 2002; x_wconf 80' lang='grc' dir='ltr'><strong>καὶ</strong></span> <span class='ocrx_word' id='word_1_600' title='bbox 1089 1975 1135 2001; x_wconf 82' lang='grc' dir='ltr'><strong>τὸν</strong></span> <span class='ocrx_word' id='word_1_601' title='bbox 1146 1973 1243 2009; x_wconf 76' lang='grc' dir='ltr'><strong>φθόνον</strong></span> <span class='ocrx_word' id='word_1_602' title='bbox 1263 1973 1318 2007; x_wconf 77' lang='grc' dir='ltr'><strong>ἔχει</strong></span> <span class='ocrx_word' id='word_1_603' title='bbox 1336 1974 1433 2007; x_wconf 75' lang='grc' dir='ltr'><strong>πικρὸν</strong></span> <span class='ocrx_word' id='word_1_604' title='bbox 1455 1972 1613 2009; x_wconf 73' lang='grc' dir='ltr'><strong>ἐξεταστὴν,</strong></span> <span class='ocrx_word' id='word_1_605' title='bbox 1635 1974 1684 2008; x_wconf 71' lang='grc' dir='ltr'><strong>οὐχ</strong></span> <span class='ocrx_word' id='word_1_606' title='bbox 1706 1974 1747 2000; x_wconf 83' lang='grc' dir='ltr'><strong>ὅτι</strong></span> <span class='ocrx_word' id='word_1_607' title='bbox 1763 1983 1813 2000; x_wconf 90' lang='grc' dir='ltr'><strong>πε-</strong></span> 
     </span>
    </p>
   </div>
   <div class='ocr_carea' id='block_1_82' title="bbox 1026 2018 1814 2057">
    <p class='ocr_par' dir='ltr' id='par_1_82' title="bbox 1026 2018 1814 2057">
     <span class='ocr_line' id='line_1_82' title="bbox 1026 2018 1814 2057; baseline -0.001 -11"><span class='ocrx_word' id='word_1_608' title='bbox 1026 2020 1128 2057; x_wconf 82' lang='grc' dir='ltr'><strong>ριφανῆ</strong></span> <span class='ocrx_word' id='word_1_609' title='bbox 1142 2019 1189 2045; x_wconf 75' lang='grc' dir='ltr'><strong>καὶ</strong></span> <span class='ocrx_word' id='word_1_610' title='bbox 1206 2018 1356 2053; x_wconf 82' lang='grc' dir='ltr'><strong>κατάδηλον</strong></span> <span class='ocrx_word' id='word_1_611' title='bbox 1371 2019 1421 2053; x_wconf 86' lang='grc' dir='ltr'><strong>τῆς</strong></span> <span class='ocrx_word' id='word_1_612' title='bbox 1437 2018 1600 2054; x_wconf 72' lang='grc' dir='ltr'><strong>καθάρσεως</strong></span> <span class='ocrx_word' id='word_1_613' title='bbox 1616 2027 1623 2033; x_wconf 93' lang='grc'>·</span> <span class='ocrx_word' id='word_1_614' title='bbox 1642 2019 1681 2045; x_wconf 81' lang='grc' dir='ltr'><strong>δεῖ</strong></span> <span class='ocrx_word' id='word_1_615' title='bbox 1691 2018 1721 2045; x_wconf 84' lang='grc' dir='ltr'><strong>δὲ</strong></span> <span class='ocrx_word' id='word_1_616' title='bbox 1745 2019 1814 2054; x_wconf 80' lang='grc' dir='ltr'><strong>μηδὲ</strong></span> 
     </span>
    </p>
   </div>
   <div class='ocr_carea' id='block_1_83' title="bbox 186 2063 1815 2105">
    <p class='ocr_par' dir='ltr' id='par_1_83' title="bbox 186 2063 1815 2105">
     <span class='ocr_line' id='line_1_83' title="bbox 186 2063 1815 2105; baseline 0.001 -15"><span class='ocrx_word' id='word_1_617' title='bbox 186 2065 240 2092; x_wconf 84' lang='grc' dir='ltr'><strong>τῶν</strong></span> <span class='ocrx_word' id='word_1_618' title='bbox 253 2064 357 2100; x_wconf 84' lang='grc' dir='ltr'><strong>μικρῶν</strong></span> <span class='ocrx_word' id='word_1_619' title='bbox 369 2064 469 2100; x_wconf 82' lang='grc' dir='ltr'><strong>μηδένα</strong></span> <span class='ocrx_word' id='word_1_620' title='bbox 485 2065 669 2098; x_wconf 81' lang='grc' dir='ltr'><strong>σκανδαλίζειν</strong></span> <span class='ocrx_word' id='word_1_621' title='bbox 686 2074 692 2081; x_wconf 94' lang='grc'><strong>·</strong></span> <span class='ocrx_word' id='word_1_622' title='bbox 709 2066 839 2102; x_wconf 78' lang='grc' dir='ltr'><strong>οὕμενουν</strong></span> <span class='ocrx_word' id='word_1_623' title='bbox 856 2068 885 2094; x_wconf 80' lang='grc' dir='ltr'><strong>οὐ</strong></span> <span class='ocrx_word' id='word_1_624' title='bbox 901 2069 1050 2105; x_wconf 71' lang='grc' dir='ltr'><strong>παρέχεται</strong></span> <span class='ocrx_word' id='word_1_625' title='bbox 1075 2065 1269 2101; x_wconf 69' lang='grc' dir='ltr'><strong>παραπλησίαν</strong></span> <span class='ocrx_word' id='word_1_626' title='bbox 1298 2065 1382 2091; x_wconf 77' lang='grc' dir='ltr'><strong>πᾶσιν</strong></span> <span class='ocrx_word' id='word_1_627' title='bbox 1408 2063 1503 2100; x_wconf 87' lang='grc' dir='ltr'><strong>ὥσπερ</strong></span> <span class='ocrx_word' id='word_1_628' title='bbox 1529 2065 1561 2100; x_wconf 85' lang='grc' dir='ltr'><strong>δὴ</strong></span> <span class='ocrx_word' id='word_1_629' title='bbox 1580 2064 1628 2091; x_wconf 77' lang='grc' dir='ltr'><strong>τοῦ</strong></span> <span class='ocrx_word' id='word_1_630' title='bbox 1651 2065 1815 2100; x_wconf 83' lang='grc' dir='ltr'><strong>ἐλαττώμα-</strong></span> 
     </span>
    </p>
   </div>
   <div class='ocr_carea' id='block_1_84' title="bbox 185 2110 462 2145">
    <p class='ocr_par' dir='ltr' id='par_1_84' title="bbox 185 2110 462 2145">
     <span class='ocr_line' id='line_1_84' title="bbox 185 2110 462 2145; baseline 0.004 -8"><span class='ocrx_word' id='word_1_631' title='bbox 185 2119 232 2142; x_wconf 87' lang='grc' dir='ltr'><strong>τος</strong></span> <span class='ocrx_word' id='word_1_632' title='bbox 243 2110 294 2145; x_wconf 86' lang='grc' dir='ltr'><strong>τὴν</strong></span> <span class='ocrx_word' id='word_1_633' title='bbox 304 2110 462 2144; x_wconf 81' lang='grc' dir='ltr'><strong>ἐπίγνωσιν.</strong></span> 
     </span>
    </p>
   </div>
   <div class='ocr_carea' id='block_1_85' title="bbox 373 2165 777 2204">
    <p class='ocr_par' dir='ltr' id='par_1_85' title="bbox 373 2165 777 2204">
     <span class='ocr_line' id='line_1_85' title="bbox 373 2165 777 2204; baseline 0.007 -11"><span class='ocrx_word' id='word_1_634' title='bbox 373 2165 537 2200; x_wconf 70' lang='grc' dir='ltr'><strong>ΩΗᾹΞΞἹΊΟ</strong></span> <span class='ocrx_word' id='word_1_635' title='bbox 557 2166 618 2195; x_wconf 72' lang='lat' dir='ltr'><strong>xxx</strong></span> <span class='ocrx_word' id='word_1_636' title='bbox 639 2168 689 2204; x_wconf 82' lang='grc' dir='ltr'><strong>ιαι.</strong></span> <span class='ocrx_word' id='word_1_637' title='bbox 704 2168 777 2204; x_wconf 80' lang='lat' dir='ltr'><strong>XX].</strong></span> 
     </span>
    </p>
   </div>
   <div class='ocr_carea' id='block_1_86' title="bbox 187 2213 968 2248">
    <p class='ocr_par' dir='ltr' id='par_1_86' title="bbox 187 2213 968 2248">
     <span class='ocr_line' id='line_1_86' title="bbox 187 2213 968 2248; baseline 0.005 -9"><span class='ocrx_word' id='word_1_638' title='bbox 187 2214 314 2246; x_wconf 64' lang='lat' dir='ltr'><strong>Quaenam</strong></span> <span class='ocrx_word' id='word_1_639' title='bbox 326 2213 352 2240; x_wconf 77' lang='lat' dir='ltr'><strong>in</strong></span> <span class='ocrx_word' id='word_1_640' title='bbox 365 2214 462 2240; x_wconf 77' lang='lat' dir='ltr'><strong>nostris</strong></span> <span class='ocrx_word' id='word_1_641' title='bbox 476 2215 560 2240; x_wconf 73' lang='lat' dir='ltr'><strong>sacris</strong></span> <span class='ocrx_word' id='word_1_642' title='bbox 580 2213 688 2241; x_wconf 76' lang='lat' dir='ltr'><strong>Litteris</strong></span> <span class='ocrx_word' id='word_1_643' title='bbox 701 2214 819 2248; x_wconf 72' lang='lat' dir='ltr'><strong>subjecta</strong></span> <span class='ocrx_word' id='word_1_644' title='bbox 836 2215 907 2243; x_wconf 84' lang='lat' dir='ltr'><strong>notio</strong></span> <span class='ocrx_word' id='word_1_645' title='bbox 934 2217 968 2243; x_wconf 81' lang='lat' dir='ltr'><strong>sit</strong></span> 
     </span>
    </p>
   </div>
   <div class='ocr_carea' id='block_1_87' title="bbox 221 2248 968 2284">
    <p class='ocr_par' dir='ltr' id='par_1_87' title="bbox 221 2248 968 2284">
     <span class='ocr_line' id='line_1_87' title="bbox 221 2248 968 2284; baseline 0.004 -9"><span class='ocrx_word' id='word_1_646' title='bbox 221 2249 346 2276; x_wconf 81' lang='lat' dir='ltr'><strong>vocabulo</strong></span> <span class='ocrx_word' id='word_1_647' title='bbox 359 2248 498 2283; x_wconf 80' lang='lat' dir='ltr'><strong>respondit</strong></span> <span class='ocrx_word' id='word_1_648' title='bbox 512 2257 522 2280; x_wconf 91' lang='lat'><em>;</em></span> <span class='ocrx_word' id='word_1_649' title='bbox 537 2253 592 2275; x_wconf 86' lang='lat' dir='ltr'><strong>tum</strong></span> <span class='ocrx_word' id='word_1_650' title='bbox 616 2250 666 2284; x_wconf 73' lang='lat' dir='ltr'><strong>ipsi</strong></span> <span class='ocrx_word' id='word_1_651' title='bbox 677 2250 805 2282; x_wconf 80' lang='lat' dir='ltr'><strong>videlicet,</strong></span> <span class='ocrx_word' id='word_1_652' title='bbox 823 2256 879 2277; x_wconf 85' lang='lat' dir='ltr'><strong>tum</strong></span> <span class='ocrx_word' id='word_1_653' title='bbox 906 2251 968 2279; x_wconf 73' lang='lat' dir='ltr'><strong>aliis</strong></span> 
     </span>
    </p>
   </div>
   <div class='ocr_carea' id='block_1_88' title="bbox 220 2283 931 2320">
    <p class='ocr_par' dir='ltr' id='par_1_88' title="bbox 220 2283 931 2320">
     <span class='ocr_line' id='line_1_88' title="bbox 220 2283 931 2320; baseline 0.001 -9"><span class='ocrx_word' id='word_1_654' title='bbox 220 2286 255 2311; x_wconf 81' lang='grc' dir='ltr'><strong>ιιίί</strong></span> <span class='ocrx_word' id='word_1_655' title='bbox 268 2285 346 2320; x_wconf 83' lang='lat' dir='ltr'><strong>hujus</strong></span> <span class='ocrx_word' id='word_1_656' title='bbox 356 2283 555 2311; x_wconf 77' lang='lat' dir='ltr'><strong>similitudinem</strong></span> <span class='ocrx_word' id='word_1_657' title='bbox 570 2285 743 2320; x_wconf 67' lang='lat' dir='ltr'><strong>conformati;</strong></span> <span class='ocrx_word' id='word_1_658' title='bbox 759 2285 931 2319; x_wconf 64' lang='lat' dir='ltr'><strong>dictionibus,</strong></span> 
     </span>
    </p>
   </div>
   <div class='ocr_carea' id='block_1_89' title="bbox 1288 2164 1545 2192">
    <p class='ocr_par' dir='ltr' id='par_1_89' title="bbox 1288 2164 1545 2192">
     <span class='ocr_line' id='line_1_89' title="bbox 1288 2164 1545 2192; baseline 0.004 -2"><span class='ocrx_word' id='word_1_659' title='bbox 1288 2164 1460 2191; x_wconf 80' lang='grc' dir='ltr'><strong>ΕΡΩΤΗΣΙΣ</strong></span> <span class='ocrx_word' id='word_1_660' title='bbox 1476 2164 1531 2192; x_wconf 78' lang='lat' dir='ltr'><strong>KA&#39;</strong></span> <span class='ocrx_word' id='word_1_661' title='bbox 1539 2185 1545 2191; x_wconf 98' lang='lat'><strong>.</strong></span> 
     </span>
    </p>
   </div>
   <div class='ocr_carea' id='block_1_90' title="bbox 1020 2210 1814 2244">
    <p class='ocr_par' dir='ltr' id='par_1_90' title="bbox 1020 2210 1814 2244">
     <span class='ocr_line' id='line_1_90' title="bbox 1020 2210 1814 2244; baseline -0.003 -6"><span class='ocrx_word' id='word_1_662' title='bbox 1020 2211 1087 2238; x_wconf 80' lang='grc' dir='ltr'><strong>Ἐπὶ</strong></span> <span class='ocrx_word' id='word_1_663' title='bbox 1115 2211 1197 2243; x_wconf 84' lang='grc' dir='ltr'><strong>τινος</strong></span> <span class='ocrx_word' id='word_1_664' title='bbox 1229 2210 1493 2244; x_wconf 75' lang='grc' dir='ltr'><strong>παραλαμϐάνεται</strong></span> <span class='ocrx_word' id='word_1_665' title='bbox 1527 2211 1607 2244; x_wconf 78' lang='grc' dir='ltr'><strong>παρὰ</strong></span> <span class='ocrx_word' id='word_1_666' title='bbox 1633 2210 1696 2243; x_wconf 81' lang='grc' dir='ltr'><strong>τοῖς</strong></span> <span class='ocrx_word' id='word_1_667' title='bbox 1723 2212 1814 2244; x_wconf 76' lang='grc' dir='ltr'><strong>ἱεροῖς</strong></span> 
     </span>
    </p>
   </div>
   <div class='ocr_carea' id='block_1_91' title="bbox 1052 2245 1813 2285">
    <p class='ocr_par' dir='ltr' id='par_1_91' title="bbox 1052 2245 1813 2285">
     <span class='ocr_line' id='line_1_91' title="bbox 1052 2245 1813 2285; baseline 0.001 -13"><span class='ocrx_word' id='word_1_668' title='bbox 1052 2246 1148 2285; x_wconf 41' lang='grc' dir='ltr'><strong>ἡμῶν.</strong></span> <span class='ocrx_word' id='word_1_669' title='bbox 1165 2245 1285 2285; x_wconf 43' lang='grc' dir='ltr'><strong>λογίοις.</strong></span> <span class='ocrx_word' id='word_1_670' title='bbox 1306 2245 1326 2279; x_wconf 75' lang='grc' dir='ltr'><strong><em>ἡ</em></strong></span> <span class='ocrx_word' id='word_1_671' title='bbox 1351 2245 1408 2285; x_wconf 39' lang='grc' dir='ltr'><strong>’τοῦ</strong></span> <span class='ocrx_word' id='word_1_672' title='bbox 1439 2247 1585 2285; x_wconf 39' lang='grc' dir='ltr'><strong>ᾲπεκιρίοη.</strong></span> <span class='ocrx_word' id='word_1_673' title='bbox 1601 2246 1685 2285; x_wconf 51' lang='lat' dir='ltr'><strong>grumi</strong></span> <span class='ocrx_word' id='word_1_674' title='bbox 1699 2254 1705 2261; x_wconf 87' lang='grc'>·</span> <span class='ocrx_word' id='word_1_675' title='bbox 1735 2247 1813 2280; x_wconf 76' lang='grc' dir='ltr'><strong>αὐτή</strong></span> 
     </span>
    </p>
   </div>
   <div class='ocr_carea' id='block_1_92' title="bbox 1051 2280 1813 2316">
    <p class='ocr_par' dir='ltr' id='par_1_92' title="bbox 1051 2280 1813 2316">
     <span class='ocr_line' id='line_1_92' title="bbox 1051 2280 1813 2316; baseline 0.001 -9"><span class='ocrx_word' id='word_1_676' title='bbox 1051 2290 1083 2307; x_wconf 74' lang='grc' dir='ltr'><strong>τε</strong></span> <span class='ocrx_word' id='word_1_677' title='bbox 1101 2280 1151 2308; x_wconf 81' lang='grc' dir='ltr'><strong>καὶ</strong></span> <span class='ocrx_word' id='word_1_678' title='bbox 1165 2280 1292 2316; x_wconf 21' lang='grc' dir='ltr'><strong>τὰνπαρὰ</strong></span> <span class='ocrx_word' id='word_1_679' title='bbox 1304 2281 1417 2314; x_wconf 79' lang='grc' dir='ltr'><strong>ταύτην</strong></span> <span class='ocrx_word' id='word_1_680' title='bbox 1434 2281 1469 2308; x_wconf 72' lang='grc' dir='ltr'><strong>ἐκ</strong></span> <span class='ocrx_word' id='word_1_681' title='bbox 1484 2280 1538 2315; x_wconf 81' lang='grc' dir='ltr'><strong>τῆς</strong></span> <span class='ocrx_word' id='word_1_682' title='bbox 1552 2280 1648 2314; x_wconf 81' lang='grc' dir='ltr'><strong>αὐτῆς</strong></span> <span class='ocrx_word' id='word_1_683' title='bbox 1665 2287 1813 2316; x_wconf 72' lang='grc' dir='ltr'><strong>σχηματι-</strong></span> 
     </span>
    </p>
   </div>
   <div class='ocr_carea' id='block_1_93' title="bbox 1053 2315 1308 2350">
    <p class='ocr_par' dir='ltr' id='par_1_93' title="bbox 1053 2315 1308 2350">
     <span class='ocr_line' id='line_1_93' title="bbox 1053 2315 1308 2350; baseline -0.008 -6"><span class='ocrx_word' id='word_1_684' title='bbox 1053 2316 1159 2350; x_wconf 74' lang='grc' dir='ltr'><strong>ζόμενα</strong></span> <span class='ocrx_word' id='word_1_685' title='bbox 1177 2315 1289 2348; x_wconf 73' lang='grc' dir='ltr'><strong>,λέξεως</strong></span> <span class='ocrx_word' id='word_1_686' title='bbox 1298 2323 1308 2347; x_wconf 88' lang='grc'><strong><em>;</em></strong></span> 
     </span>
    </p>
   </div>
   <div class='ocr_carea' id='block_1_94' title="bbox 727 2371 1270 2404">
    <p class='ocr_par' dir='ltr' id='par_1_94' title="bbox 727 2371 1270 2404">
     <span class='ocr_line' id='line_1_94' title="bbox 727 2371 1270 2404; baseline 0 -9"><span class='ocrx_word' id='word_1_687' title='bbox 727 2371 797 2396; x_wconf 82' lang='lat' dir='ltr'><strong>Edita</strong></span> <span class='ocrx_word' id='word_1_688' title='bbox 811 2378 824 2396; x_wconf 88' lang='lat' dir='ltr'><strong>a</strong></span> <span class='ocrx_word' id='word_1_689' title='bbox 837 2371 908 2402; x_wconf 82' lang='lat' dir='ltr'><strong>Maio,</strong></span> <span class='ocrx_word' id='word_1_690' title='bbox 921 2372 985 2398; x_wconf 81' lang='lat' dir='ltr'><strong>Nov.</strong></span> <span class='ocrx_word' id='word_1_691' title='bbox 998 2371 1106 2403; x_wconf 69' lang='grc' dir='ltr'><strong>ϐοηθοίη</strong></span> <span class='ocrx_word' id='word_1_692' title='bbox 1120 2375 1137 2397; x_wconf 88' lang='lat' dir='ltr'><strong>t.</strong></span> <span class='ocrx_word' id='word_1_693' title='bbox 1150 2372 1171 2402; x_wconf 84' lang='grc' dir='ltr'><strong>Ι,</strong></span> <span class='ocrx_word' id='word_1_694' title='bbox 1188 2379 1213 2404; x_wconf 88' lang='lat' dir='ltr'><strong>p.</strong></span> <span class='ocrx_word' id='word_1_695' title='bbox 1230 2371 1270 2396; x_wconf 79' lang='lat'><strong>59.</strong></span> 
     </span>
    </p>
   </div>
   <div class='ocr_carea' id='block_1_95' title="bbox 218 2426 969 2463">
    <p class='ocr_par' dir='ltr' id='par_1_95' title="bbox 218 2426 969 2463">
     <span class='ocr_line' id='line_1_95' title="bbox 218 2426 969 2463; baseline -0.004 -6"><span class='ocrx_word' id='word_1_696' title='bbox 218 2429 316 2457; x_wconf 74' lang='lat' dir='ltr'><strong>LCum</strong></span> <span class='ocrx_word' id='word_1_697' title='bbox 332 2428 416 2456; x_wconf 90' lang='lat' dir='ltr'><strong>multa</strong></span> <span class='ocrx_word' id='word_1_698' title='bbox 427 2427 482 2455; x_wconf 85' lang='lat' dir='ltr'><strong>sint</strong></span> <span class='ocrx_word' id='word_1_699' title='bbox 495 2426 653 2463; x_wconf 88' lang='lat' dir='ltr'><strong>multiplicis</strong></span> <span class='ocrx_word' id='word_1_700' title='bbox 666 2427 875 2462; x_wconf 79' lang='lat' dir='ltr'><strong>significationis</strong></span> <span class='ocrx_word' id='word_1_701' title='bbox 887 2434 969 2455; x_wconf 80' lang='lat' dir='ltr'><strong>vaca-</strong></span> 
     </span>
    </p>
   </div>
   <div class='ocr_carea' id='block_1_96' title="bbox 183 2474 970 2509">
    <p class='ocr_par' dir='ltr' id='par_1_96' title="bbox 183 2474 970 2509">
     <span class='ocr_line' id='line_1_96' title="bbox 183 2474 970 2509; baseline -0.004 -5"><span class='ocrx_word' id='word_1_702' title='bbox 183 2477 257 2509; x_wconf 76' lang='lat' dir='ltr'><strong>bula,</strong></span> <span class='ocrx_word' id='word_1_703' title='bbox 272 2476 310 2503; x_wconf 84' lang='lat' dir='ltr'><strong>ita</strong></span> <span class='ocrx_word' id='word_1_704' title='bbox 328 2480 358 2503; x_wconf 89' lang='lat' dir='ltr'><strong>ut</strong></span> <span class='ocrx_word' id='word_1_705' title='bbox 372 2483 426 2502; x_wconf 90' lang='lat' dir='ltr'><strong>non</strong></span> <span class='ocrx_word' id='word_1_706' title='bbox 441 2474 520 2509; x_wconf 80' lang='lat' dir='ltr'><strong>pauci</strong></span> <span class='ocrx_word' id='word_1_707' title='bbox 531 2479 657 2502; x_wconf 85' lang='lat' dir='ltr'><strong>auctores</strong></span> <span class='ocrx_word' id='word_1_708' title='bbox 670 2474 766 2509; x_wconf 66' lang='lat' dir='ltr'><strong>integri</strong></span> <span class='ocrx_word' id='word_1_709' title='bbox 781 2474 871 2509; x_wconf 87' lang='lat' dir='ltr'><strong>operis</strong></span> <span class='ocrx_word' id='word_1_710' title='bbox 889 2481 970 2508; x_wconf 77' lang='lat' dir='ltr'><strong>argu-</strong></span> 
     </span>
    </p>
   </div>
   <div class='ocr_carea' id='block_1_97' title="bbox 183 2520 969 2553">
    <p class='ocr_par' dir='ltr' id='par_1_97' title="bbox 183 2520 969 2553">
     <span class='ocr_line' id='line_1_97' title="bbox 183 2520 969 2553; baseline -0.006 -2"><span class='ocrx_word' id='word_1_711' title='bbox 183 2529 304 2552; x_wconf 86' lang='lat' dir='ltr'><strong>mentum</strong></span> <span class='ocrx_word' id='word_1_712' title='bbox 319 2524 353 2550; x_wconf 91' lang='lat' dir='ltr'><strong>de</strong></span> <span class='ocrx_word' id='word_1_713' title='bbox 370 2523 412 2550; x_wconf 91' lang='lat' dir='ltr'><strong>his</strong></span> <span class='ocrx_word' id='word_1_714' title='bbox 424 2521 617 2549; x_wconf 86' lang='lat' dir='ltr'><strong>elaborandum</strong></span> <span class='ocrx_word' id='word_1_715' title='bbox 641 2521 831 2553; x_wconf 84' lang='lat' dir='ltr'><strong>susceperint;</strong></span> <span class='ocrx_word' id='word_1_716' title='bbox 862 2520 899 2546; x_wconf 92' lang='lat' dir='ltr'><strong>nil</strong></span> <span class='ocrx_word' id='word_1_717' title='bbox 917 2520 969 2546; x_wconf 85' lang='lat' dir='ltr'><strong>mi-</strong></span> 
     </span>
    </p>
   </div>
   <div class='ocr_carea' id='block_1_98' title="bbox 183 2567 965 2602">
    <p class='ocr_par' dir='ltr' id='par_1_98' title="bbox 183 2567 965 2602">
     <span class='ocr_line' id='line_1_98' title="bbox 183 2567 965 2602; baseline -0.005 -5"><span class='ocrx_word' id='word_1_718' title='bbox 183 2579 242 2598; x_wconf 88' lang='lat' dir='ltr'><strong>rqu</strong></span> <span class='ocrx_word' id='word_1_719' title='bbox 271 2570 334 2601; x_wconf 87' lang='lat' dir='ltr'><strong>erit,</strong></span> <span class='ocrx_word' id='word_1_720' title='bbox 361 2569 458 2596; x_wconf 90' lang='lat' dir='ltr'><strong>nedum</strong></span> <span class='ocrx_word' id='word_1_721' title='bbox 490 2568 580 2602; x_wconf 87' lang='lat' dir='ltr'><strong>aliqua</strong></span> <span class='ocrx_word' id='word_1_722' title='bbox 615 2567 802 2594; x_wconf 81' lang='lat' dir='ltr'><strong>controversia</strong></span> <span class='ocrx_word' id='word_1_723' title='bbox 840 2567 965 2601; x_wconf 79' lang='lat' dir='ltr'><strong>dignum,</strong></span> 
     </span>
    </p>
   </div>
   <div class='ocr_carea' id='block_1_99' title="bbox 182 2612 962 2650">
    <p class='ocr_par' dir='ltr' id='par_1_99' title="bbox 182 2612 962 2650">
     <span class='ocr_line' id='line_1_99' title="bbox 182 2612 962 2650; baseline -0.008 -6"><span class='ocrx_word' id='word_1_724' title='bbox 182 2615 206 2644; x_wconf 84' lang='lat' dir='ltr'><strong>si</strong></span> <span class='ocrx_word' id='word_1_725' title='bbox 219 2623 279 2650; x_wconf 62' lang='lat' dir='ltr'><strong>qum</strong></span> <span class='ocrx_word' id='word_1_726' title='bbox 300 2614 433 2649; x_wconf 85' lang='lat' dir='ltr'><strong>ejusmodi</strong></span> <span class='ocrx_word' id='word_1_727' title='bbox 459 2621 539 2641; x_wconf 87' lang='lat' dir='ltr'><strong>voces</strong></span> <span class='ocrx_word' id='word_1_728' title='bbox 558 2613 587 2640; x_wconf 91' lang='lat' dir='ltr'><strong>in</strong></span> <span class='ocrx_word' id='word_1_729' title='bbox 609 2613 711 2640; x_wconf 85' lang='lat' dir='ltr'><strong>nostris</strong></span> <span class='ocrx_word' id='word_1_730' title='bbox 737 2619 846 2647; x_wconf 86' lang='lat' dir='ltr'><strong>quoque</strong></span> <span class='ocrx_word' id='word_1_731' title='bbox 874 2612 962 2639; x_wconf 87' lang='lat' dir='ltr'><strong>sacris</strong></span> 
     </span>
    </p>
   </div>
   <div class='ocr_carea' id='block_1_100' title="bbox 181 2658 966 2694">
    <p class='ocr_par' dir='ltr' id='par_1_100' title="bbox 181 2658 966 2694">
     <span class='ocr_line' id='line_1_100' title="bbox 181 2658 966 2694; baseline -0.005 -6"><span class='ocrx_word' id='word_1_732' title='bbox 181 2661 293 2689; x_wconf 85' lang='lat' dir='ltr'><strong>Litteris</strong></span> <span class='ocrx_word' id='word_1_733' title='bbox 312 2660 512 2688; x_wconf 83' lang='lat' dir='ltr'><strong>contineantur.</strong></span> <span class='ocrx_word' id='word_1_734' title='bbox 529 2658 596 2686; x_wconf 90' lang='lat' dir='ltr'><strong>Nam</strong></span> <span class='ocrx_word' id='word_1_735' title='bbox 608 2663 634 2686; x_wconf 89' lang='lat' dir='ltr'><strong>et</strong></span> <span class='ocrx_word' id='word_1_736' title='bbox 649 2659 720 2693; x_wconf 79' lang='lat' dir='ltr'><strong>apud</strong></span> <span class='ocrx_word' id='word_1_737' title='bbox 740 2667 798 2691; x_wconf 91' lang='lat' dir='ltr'><strong>eos,</strong></span> <span class='ocrx_word' id='word_1_738' title='bbox 816 2659 863 2694; x_wconf 91' lang='lat' dir='ltr'><strong>qui</strong></span> <span class='ocrx_word' id='word_1_739' title='bbox 878 2658 966 2685; x_wconf 78' lang='lat' dir='ltr'><strong>Attica</strong></span> 
     </span>
    </p>
   </div>
   <div class='ocr_carea' id='block_1_101' title="bbox 182 2705 968 2742">
    <p class='ocr_par' dir='ltr' id='par_1_101' title="bbox 182 2705 968 2742">
     <span class='ocr_line' id='line_1_101' title="bbox 182 2705 968 2742; baseline -0.005 -8"><span class='ocrx_word' id='word_1_740' title='bbox 182 2708 274 2742; x_wconf 86' lang='lat' dir='ltr'><strong>lingua</strong></span> <span class='ocrx_word' id='word_1_741' title='bbox 305 2707 425 2734; x_wconf 81' lang='lat' dir='ltr'><strong>studiose</strong></span> <span class='ocrx_word' id='word_1_742' title='bbox 457 2709 580 2738; x_wconf 89' lang='lat' dir='ltr'><strong>utuntur,</strong></span> <span class='ocrx_word' id='word_1_743' title='bbox 608 2712 662 2732; x_wconf 93' lang='lat' dir='ltr'><strong>non</strong></span> <span class='ocrx_word' id='word_1_744' title='bbox 696 2705 784 2732; x_wconf 89' lang='lat' dir='ltr'><strong>solum</strong></span> <span class='ocrx_word' id='word_1_745' title='bbox 818 2708 968 2732; x_wconf 84' lang='lat' dir='ltr'><strong>occurrunt</strong></span> 
     </span>
    </p>
   </div>
   <div class='ocr_carea' id='block_1_102' title="bbox 181 2750 967 2787">
    <p class='ocr_par' dir='ltr' id='par_1_102' title="bbox 181 2750 967 2787">
     <span class='ocr_line' id='line_1_102' title="bbox 181 2750 967 2787; baseline -0.006 -6"><span class='ocrx_word' id='word_1_746' title='bbox 181 2754 315 2782; x_wconf 88' lang='lat' dir='ltr'><strong>dictiones</strong></span> <span class='ocrx_word' id='word_1_747' title='bbox 330 2753 432 2787; x_wconf 85' lang='lat' dir='ltr'><strong>aliquot</strong></span> <span class='ocrx_word' id='word_1_748' title='bbox 445 2753 502 2780; x_wconf 86' lang='lat' dir='ltr'><strong>sive</strong></span> <span class='ocrx_word' id='word_1_749' title='bbox 521 2752 548 2779; x_wconf 94' lang='lat' dir='ltr'><strong>in</strong></span> <span class='ocrx_word' id='word_1_750' title='bbox 563 2751 706 2786; x_wconf 86' lang='lat' dir='ltr'><strong>epidictico</strong></span> <span class='ocrx_word' id='word_1_751' title='bbox 721 2751 777 2778; x_wconf 86' lang='lat' dir='ltr'><strong>sive</strong></span> <span class='ocrx_word' id='word_1_752' title='bbox 788 2751 815 2778; x_wconf 91' lang='lat' dir='ltr'><strong>in</strong></span> <span class='ocrx_word' id='word_1_753' title='bbox 834 2750 967 2778; x_wconf 82' lang='lat' dir='ltr'><strong>historico</strong></span> 
     </span>
    </p>
   </div>
   <div class='ocr_carea' id='block_1_103' title="bbox 182 2798 967 2835">
    <p class='ocr_par' dir='ltr' id='par_1_103' title="bbox 182 2798 967 2835">
     <span class='ocr_line' id='line_1_103' title="bbox 182 2798 967 2835; baseline -0.005 -8"><span class='ocrx_word' id='word_1_754' title='bbox 182 2799 289 2828; x_wconf 86' lang='lat' dir='ltr'><strong>dicendi</strong></span> <span class='ocrx_word' id='word_1_755' title='bbox 302 2807 400 2835; x_wconf 80' lang='lat' dir='ltr'><strong>genere</strong></span> <span class='ocrx_word' id='word_1_756' title='bbox 416 2807 476 2834; x_wconf 69' lang='lat' dir='ltr'><strong>qua:</strong></span> <span class='ocrx_word' id='word_1_757' title='bbox 491 2798 669 2826; x_wconf 82' lang='lat' dir='ltr'><strong>iuultifariam</strong></span> <span class='ocrx_word' id='word_1_758' title='bbox 689 2798 898 2834; x_wconf 79' lang='lat' dir='ltr'><strong>significantiam</strong></span> <span class='ocrx_word' id='word_1_759' title='bbox 918 2798 967 2824; x_wconf 82' lang='lat' dir='ltr'><strong>ha-</strong></span> 
     </span>
    </p>
   </div>
   <div class='ocr_carea' id='block_1_104' title="bbox 182 2844 967 2879">
    <p class='ocr_par' dir='ltr' id='par_1_104' title="bbox 182 2844 967 2879">
     <span class='ocr_line' id='line_1_104' title="bbox 182 2844 967 2879; baseline -0.004 -8"><span class='ocrx_word' id='word_1_760' title='bbox 182 2846 255 2877; x_wconf 84' lang='lat' dir='ltr'><strong>bent,</strong></span> <span class='ocrx_word' id='word_1_761' title='bbox 268 2853 359 2872; x_wconf 88' lang='lat' dir='ltr'><strong>verum</strong></span> <span class='ocrx_word' id='word_1_762' title='bbox 375 2845 456 2872; x_wconf 87' lang='lat' dir='ltr'><strong>etiam</strong></span> <span class='ocrx_word' id='word_1_763' title='bbox 472 2853 531 2879; x_wconf 78' lang='lat' dir='ltr'><strong>qua:</strong></span> <span class='ocrx_word' id='word_1_764' title='bbox 547 2845 573 2872; x_wconf 90' lang='lat' dir='ltr'><strong>in</strong></span> <span class='ocrx_word' id='word_1_765' title='bbox 590 2844 746 2872; x_wconf 84' lang='lat' dir='ltr'><strong>contrarios</strong></span> <span class='ocrx_word' id='word_1_766' title='bbox 762 2852 860 2871; x_wconf 85' lang='lat' dir='ltr'><strong>sensus</strong></span> <span class='ocrx_word' id='word_1_767' title='bbox 883 2850 967 2870; x_wconf 86' lang='lat' dir='ltr'><strong>unum</strong></span> 
     </span>
    </p>
   </div>
   <div class='ocr_carea' id='block_1_105' title="bbox 182 2888 961 2926">
    <p class='ocr_par' dir='ltr' id='par_1_105' title="bbox 182 2888 961 2926">
     <span class='ocr_line' id='line_1_105' title="bbox 182 2888 961 2926; baseline -0.001 -8"><span class='ocrx_word' id='word_1_768' title='bbox 182 2889 308 2926; x_wconf 85' lang='lat' dir='ltr'><strong>idemque</strong></span> <span class='ocrx_word' id='word_1_769' title='bbox 329 2891 490 2920; x_wconf 83' lang='lat' dir='ltr'><strong>vocabulum</strong></span> <span class='ocrx_word' id='word_1_770' title='bbox 511 2891 720 2925; x_wconf 83' lang='lat' dir='ltr'><strong>dispertiuntur.</strong></span> <span class='ocrx_word' id='word_1_771' title='bbox 738 2889 859 2924; x_wconf 80' lang='lat' dir='ltr'><strong>Exempli</strong></span> <span class='ocrx_word' id='word_1_772' title='bbox 876 2888 961 2925; x_wconf 77' lang='lat' dir='ltr'><strong>gratia</strong></span> 
     </span>
    </p>
   </div>
   <div class='ocr_carea' id='block_1_106' title="bbox 1059 2425 1813 2460">
    <p class='ocr_par' dir='ltr' id='par_1_106' title="bbox 1059 2425 1813 2460">
     <span class='ocr_line' id='line_1_106' title="bbox 1059 2425 1813 2460; baseline -0.001 -6"><span class='ocrx_word' id='word_1_773' title='bbox 1059 2431 1094 2455; x_wconf 90' lang='grc' dir='ltr'><strong>α’.</strong></span> <span class='ocrx_word' id='word_1_774' title='bbox 1117 2427 1227 2454; x_wconf 83' lang='grc' dir='ltr'><strong>Πολλῶν</strong></span> <span class='ocrx_word' id='word_1_775' title='bbox 1246 2426 1330 2453; x_wconf 74' lang='grc' dir='ltr'><strong>ὄντων</strong></span> <span class='ocrx_word' id='word_1_776' title='bbox 1352 2426 1450 2460; x_wconf 73' lang='grc' dir='ltr'><strong>φωνῶν</strong></span> <span class='ocrx_word' id='word_1_777' title='bbox 1475 2425 1653 2460; x_wconf 83' lang='grc' dir='ltr'><strong>πολυσήμων,</strong></span> <span class='ocrx_word' id='word_1_778' title='bbox 1671 2425 1743 2452; x_wconf 78' lang='grc' dir='ltr'><strong>ὥστε</strong></span> <span class='ocrx_word' id='word_1_779' title='bbox 1764 2427 1813 2453; x_wconf 75' lang='grc' dir='ltr'><strong>καὶ</strong></span> 
     </span>
    </p>
   </div>
   <div class='ocr_carea' id='block_1_107' title="bbox 1024 2470 1812 2507">
    <p class='ocr_par' dir='ltr' id='par_1_107' title="bbox 1024 2470 1812 2507">
     <span class='ocr_line' id='line_1_107' title="bbox 1024 2470 1812 2507; baseline -0.005 -7"><span class='ocrx_word' id='word_1_780' title='bbox 1024 2472 1216 2507; x_wconf 81' lang='grc' dir='ltr'><strong>πραγματείαν</strong></span> <span class='ocrx_word' id='word_1_781' title='bbox 1242 2471 1387 2506; x_wconf 82' lang='grc' dir='ltr'><strong>ὁλόκληρον</strong></span> <span class='ocrx_word' id='word_1_782' title='bbox 1406 2471 1457 2497; x_wconf 83' lang='grc' dir='ltr'><strong>οὐκ</strong></span> <span class='ocrx_word' id='word_1_783' title='bbox 1481 2470 1582 2505; x_wconf 82' lang='grc' dir='ltr'><strong>ὀλίγοις</strong></span> <span class='ocrx_word' id='word_1_784' title='bbox 1606 2470 1729 2497; x_wconf 77' lang='grc' dir='ltr'><strong>ἐπελθεῖν</strong></span> <span class='ocrx_word' id='word_1_785' title='bbox 1745 2471 1812 2506; x_wconf 79' lang='grc' dir='ltr'><strong>περὶ</strong></span> 
     </span>
    </p>
   </div>
   <div class='ocr_carea' id='block_1_108' title="bbox 1023 2514 1812 2553">
    <p class='ocr_par' dir='ltr' id='par_1_108' title="bbox 1023 2514 1812 2553">
     <span class='ocr_line' id='line_1_108' title="bbox 1023 2514 1812 2553; baseline -0.006 -8"><span class='ocrx_word' id='word_1_786' title='bbox 1023 2518 1112 2545; x_wconf 85' lang='grc' dir='ltr'><strong>αὐτῶν</strong></span> <span class='ocrx_word' id='word_1_787' title='bbox 1127 2517 1321 2553; x_wconf 78' lang='grc' dir='ltr'><strong>ἐξεργάσαοαι,</strong></span> <span class='ocrx_word' id='word_1_788' title='bbox 1339 2515 1415 2542; x_wconf 83' lang='grc' dir='ltr'><strong>οὐδὲν</strong></span> <span class='ocrx_word' id='word_1_789' title='bbox 1431 2514 1545 2546; x_wconf 74' lang='grc' dir='ltr'><strong>ἀπεικὸς</strong></span> <span class='ocrx_word' id='word_1_790' title='bbox 1559 2515 1593 2541; x_wconf 85' lang='grc' dir='ltr'>ἂν</span> <span class='ocrx_word' id='word_1_791' title='bbox 1605 2515 1648 2549; x_wconf 85' lang='grc' dir='ltr'><strong>εἴη</strong></span> <span class='ocrx_word' id='word_1_792' title='bbox 1670 2514 1731 2541; x_wconf 76' lang='grc' dir='ltr'><strong>οὐδέ</strong></span> <span class='ocrx_word' id='word_1_793' title='bbox 1747 2522 1812 2541; x_wconf 86' lang='grc' dir='ltr'><strong>τινα</strong></span> 
     </span>
    </p>
   </div>
   <div class='ocr_carea' id='block_1_109' title="bbox 1022 2560 1812 2601">
    <p class='ocr_par' dir='ltr' id='par_1_109' title="bbox 1022 2560 1812 2601">
     <span class='ocr_line' id='line_1_109' title="bbox 1022 2560 1812 2601; baseline -0.008 -9"><span class='ocrx_word' id='word_1_794' title='bbox 1022 2565 1141 2601; x_wconf 86' lang='grc' dir='ltr'><strong>παρέχον</strong></span> <span class='ocrx_word' id='word_1_795' title='bbox 1154 2563 1279 2598; x_wconf 83' lang='grc' dir='ltr'><strong>ἀπωρίαν</strong></span> <span class='ocrx_word' id='word_1_796' title='bbox 1290 2561 1418 2593; x_wconf 82' lang='grc' dir='ltr'><strong>τοιαύτας</strong></span> <span class='ocrx_word' id='word_1_797' title='bbox 1429 2561 1521 2595; x_wconf 80' lang='grc' dir='ltr'><strong>φωνὰς</strong></span> <span class='ocrx_word' id='word_1_798' title='bbox 1533 2560 1630 2596; x_wconf 82' lang='grc' dir='ltr'><strong>ὁρᾶθαι</strong></span> <span class='ocrx_word' id='word_1_799' title='bbox 1642 2561 1693 2586; x_wconf 81' lang='grc' dir='ltr'>κάν</span> <span class='ocrx_word' id='word_1_800' title='bbox 1706 2561 1762 2592; x_wconf 80' lang='grc' dir='ltr'><strong>τοῖς</strong></span> <span class='ocrx_word' id='word_1_801' title='bbox 1774 2561 1812 2586; x_wconf 76' lang='grc' dir='ltr'><strong>ἱε-</strong></span> 
     </span>
    </p>
   </div>
   <div class='ocr_carea' id='block_1_110' title="bbox 1023 2603 1810 2646">
    <p class='ocr_par' dir='ltr' id='par_1_110' title="bbox 1023 2603 1810 2646">
     <span class='ocr_line' id='line_1_110' title="bbox 1023 2603 1810 2646; baseline -0.006 -9"><span class='ocrx_word' id='word_1_802' title='bbox 1023 2612 1080 2646; x_wconf 87' lang='grc' dir='ltr'><strong>ροῖς</strong></span> <span class='ocrx_word' id='word_1_803' title='bbox 1093 2610 1171 2644; x_wconf 79' lang='grc' dir='ltr'><strong>ἡμῶν</strong></span> <span class='ocrx_word' id='word_1_804' title='bbox 1185 2609 1301 2639; x_wconf 70' lang='grc' dir='ltr'><strong>ἐνούσας</strong></span> <span class='ocrx_word' id='word_1_805' title='bbox 1311 2607 1422 2640; x_wconf 89' lang='grc' dir='ltr'><strong>λογίοις·</strong></span> <span class='ocrx_word' id='word_1_806' title='bbox 1435 2607 1482 2633; x_wconf 71' lang='grc' dir='ltr'><strong>καὶ</strong></span> <span class='ocrx_word' id='word_1_807' title='bbox 1494 2606 1549 2641; x_wconf 82' lang='grc' dir='ltr'><strong>γὰρ</strong></span> <span class='ocrx_word' id='word_1_808' title='bbox 1558 2606 1621 2641; x_wconf 79' lang='grc' dir='ltr'><strong>παρ’</strong></span> <span class='ocrx_word' id='word_1_809' title='bbox 1630 2603 1671 2637; x_wconf 76' lang='grc' dir='ltr'><strong>οἷς</strong></span> <span class='ocrx_word' id='word_1_810' title='bbox 1684 2607 1699 2641; x_wconf 81' lang='grc' dir='ltr'><strong>ἡ</strong></span> <span class='ocrx_word' id='word_1_811' title='bbox 1712 2607 1810 2642; x_wconf 82' lang='grc' dir='ltr'><strong>ἀττικὴ</strong></span> 
     </span>
    </p>
   </div>
   <div class='ocr_carea' id='block_1_111' title="bbox 1019 2651 1811 2688">
    <p class='ocr_par' dir='ltr' id='par_1_111' title="bbox 1019 2651 1811 2688">
     <span class='ocr_line' id='line_1_111' title="bbox 1019 2651 1811 2688; baseline -0.006 -6"><span class='ocrx_word' id='word_1_812' title='bbox 1019 2655 1198 2686; x_wconf 76' lang='grc' dir='ltr'><strong>σπουδάζεται</strong></span> <span class='ocrx_word' id='word_1_813' title='bbox 1211 2653 1333 2688; x_wconf 81' lang='grc' dir='ltr'><strong>γλῶσσα.</strong></span> <span class='ocrx_word' id='word_1_814' title='bbox 1360 2653 1390 2678; x_wconf 87' lang='grc' dir='ltr'><strong>οὐ</strong></span> <span class='ocrx_word' id='word_1_815' title='bbox 1414 2652 1495 2687; x_wconf 78' lang='grc' dir='ltr'><strong>μόνον</strong></span> <span class='ocrx_word' id='word_1_816' title='bbox 1514 2651 1586 2678; x_wconf 74' lang='grc' dir='ltr'><strong>ἐστιν</strong></span> <span class='ocrx_word' id='word_1_817' title='bbox 1609 2652 1701 2686; x_wconf 79' lang='grc' dir='ltr'><strong>εὑρεῖν</strong></span> <span class='ocrx_word' id='word_1_818' title='bbox 1716 2653 1811 2686; x_wconf 70' lang='grc' dir='ltr'><strong>φωνὰς</strong></span> 
     </span>
    </p>
   </div>
   <div class='ocr_carea' id='block_1_112' title="bbox 1020 2697 1811 2733">
    <p class='ocr_par' dir='ltr' id='par_1_112' title="bbox 1020 2697 1811 2733">
     <span class='ocr_line' id='line_1_112' title="bbox 1020 2697 1811 2733; baseline -0.006 -5"><span class='ocrx_word' id='word_1_819' title='bbox 1020 2703 1091 2728; x_wconf 75' lang='grc' dir='ltr'><strong>κατὰ</strong></span> <span class='ocrx_word' id='word_1_820' title='bbox 1111 2702 1175 2732; x_wconf 72' lang='grc' dir='ltr'><strong>τοὺς</strong></span> <span class='ocrx_word' id='word_1_821' title='bbox 1192 2698 1390 2730; x_wconf 82' lang='grc' dir='ltr'><strong>ἐπιδεικτικούς</strong></span> <span class='ocrx_word' id='word_1_822' title='bbox 1410 2707 1441 2724; x_wconf 85' lang='grc' dir='ltr'><strong>τε</strong></span> <span class='ocrx_word' id='word_1_823' title='bbox 1458 2698 1504 2724; x_wconf 75' lang='grc' dir='ltr'><strong>καὶ</strong></span> <span class='ocrx_word' id='word_1_824' title='bbox 1525 2697 1678 2733; x_wconf 79' lang='grc' dir='ltr'><strong>ἱστορικοὺς</strong></span> <span class='ocrx_word' id='word_1_825' title='bbox 1694 2698 1749 2724; x_wconf 82' lang='grc' dir='ltr'><strong>τῶν</strong></span> <span class='ocrx_word' id='word_1_826' title='bbox 1764 2697 1811 2723; x_wconf 81' lang='grc' dir='ltr'><strong>λό-</strong></span> 
     </span>
    </p>
   </div>
   <div class='ocr_carea' id='block_1_113' title="bbox 1019 2744 1810 2782">
    <p class='ocr_par' dir='ltr' id='par_1_113' title="bbox 1019 2744 1810 2782">
     <span class='ocr_line' id='line_1_113' title="bbox 1019 2744 1810 2782; baseline -0.006 -8"><span class='ocrx_word' id='word_1_827' title='bbox 1019 2756 1077 2782; x_wconf 81' lang='grc' dir='ltr'><strong>γων</strong></span> <span class='ocrx_word' id='word_1_828' title='bbox 1091 2747 1121 2774; x_wconf 84' lang='grc' dir='ltr'><strong>τὸ</strong></span> <span class='ocrx_word' id='word_1_829' title='bbox 1139 2746 1296 2781; x_wconf 86' lang='grc' dir='ltr'><strong>πολύσημον</strong></span> <span class='ocrx_word' id='word_1_830' title='bbox 1311 2744 1522 2780; x_wconf 75' lang='grc' dir='ltr'><strong>ὲμποιουμένας,</strong></span> <span class='ocrx_word' id='word_1_831' title='bbox 1536 2744 1606 2770; x_wconf 80' lang='grc' dir='ltr'><strong>ἀλλὰ</strong></span> <span class='ocrx_word' id='word_1_832' title='bbox 1618 2744 1666 2770; x_wconf 82' lang='grc' dir='ltr'><strong>καὶ</strong></span> <span class='ocrx_word' id='word_1_833' title='bbox 1681 2744 1750 2779; x_wconf 77' lang='grc' dir='ltr'><strong>πρὸς</strong></span> <span class='ocrx_word' id='word_1_834' title='bbox 1760 2744 1810 2770; x_wconf 88' lang='grc' dir='ltr'><strong>ἁν-</strong></span> 
     </span>
    </p>
   </div>
   <div class='ocr_carea' id='block_1_114' title="bbox 1019 2790 1809 2829">
    <p class='ocr_par' dir='ltr' id='par_1_114' title="bbox 1019 2790 1809 2829">
     <span class='ocr_line' id='line_1_114' title="bbox 1019 2790 1809 2829; baseline -0.005 -9"><span class='ocrx_word' id='word_1_835' title='bbox 1019 2793 1177 2829; x_wconf 86' lang='grc' dir='ltr'><strong>τικειμένας</strong></span> <span class='ocrx_word' id='word_1_836' title='bbox 1197 2792 1318 2823; x_wconf 85' lang='grc' dir='ltr'><strong>διανοίας</strong></span> <span class='ocrx_word' id='word_1_837' title='bbox 1342 2791 1391 2826; x_wconf 79' lang='grc' dir='ltr'><strong>τὴν</strong></span> <span class='ocrx_word' id='word_1_838' title='bbox 1413 2790 1496 2825; x_wconf 78' lang='grc' dir='ltr'><strong>αὐτὴν</strong></span> <span class='ocrx_word' id='word_1_839' title='bbox 1511 2791 1604 2826; x_wconf 76' lang='grc' dir='ltr'><strong>φωνὴν</strong></span> <span class='ocrx_word' id='word_1_840' title='bbox 1623 2790 1809 2825; x_wconf 78' lang='grc' dir='ltr'><strong>ἀποσχιζομέ-</strong></span> 
     </span>
    </p>
   </div>
   <div class='ocr_carea' id='block_1_115' title="bbox 1021 2837 1807 2873">
    <p class='ocr_par' dir='ltr' id='par_1_115' title="bbox 1021 2837 1807 2873">
     <span class='ocr_line' id='line_1_115' title="bbox 1021 2837 1807 2873; baseline -0.006 -6"><span class='ocrx_word' id='word_1_841' title='bbox 1021 2849 1084 2868; x_wconf 83' lang='grc' dir='ltr'><strong>νων.</strong></span> <span class='ocrx_word' id='word_1_842' title='bbox 1099 2840 1203 2867; x_wconf 76' lang='grc' dir='ltr'><strong>Αὐτίκα</strong></span> <span class='ocrx_word' id='word_1_843' title='bbox 1214 2839 1327 2866; x_wconf 82' lang='grc' dir='ltr'><strong>Πλάτων</strong></span> <span class='ocrx_word' id='word_1_844' title='bbox 1340 2838 1388 2872; x_wconf 81' lang='grc' dir='ltr'><strong>μὲν</strong></span> <span class='ocrx_word' id='word_1_845' title='bbox 1403 2837 1499 2872; x_wconf 81' lang='grc' dir='ltr'><strong>ἄλοχον</strong></span> <span class='ocrx_word' id='word_1_846' title='bbox 1510 2837 1559 2873; x_wconf 85' lang='grc' dir='ltr'><strong>τὴν</strong></span> <span class='ocrx_word' id='word_1_847' title='bbox 1576 2837 1711 2872; x_wconf 80' lang='grc' dir='ltr'><strong>παρθένον</strong></span> <span class='ocrx_word' id='word_1_848' title='bbox 1723 2837 1807 2870; x_wconf 77' lang='grc' dir='ltr'><strong>λέγει,</strong></span> 
     </span>
    </p>
   </div>
   <div class='ocr_carea' id='block_1_116' title="bbox 1023 2882 1806 2920">
    <p class='ocr_par' dir='ltr' id='par_1_116' title="bbox 1023 2882 1806 2920">
     <span class='ocr_line' id='line_1_116' title="bbox 1023 2882 1806 2920; baseline -0.009 -6"><span class='ocrx_word' id='word_1_849' title='bbox 1023 2887 1070 2913; x_wconf 78' lang='grc' dir='ltr'><strong>καὶ</strong></span> <span class='ocrx_word' id='word_1_850' title='bbox 1084 2887 1156 2913; x_wconf 79' lang='grc' dir='ltr'><strong>δοκεῖ</strong></span> <span class='ocrx_word' id='word_1_851' title='bbox 1173 2895 1198 2913; x_wconf 84' lang='grc' dir='ltr'><strong>τι</strong></span> <span class='ocrx_word' id='word_1_852' title='bbox 1213 2886 1293 2920; x_wconf 57' lang='grc' dir='ltr'><strong>σοφὸν</strong></span> <span class='ocrx_word' id='word_1_853' title='bbox 1308 2885 1407 2918; x_wconf 80' lang='grc' dir='ltr'><strong>λέγειν,</strong></span> <span class='ocrx_word' id='word_1_854' title='bbox 1425 2883 1500 2911; x_wconf 72' lang='grc' dir='ltr'><strong>οὗπω</strong></span> <span class='ocrx_word' id='word_1_855' title='bbox 1523 2882 1578 2919; x_wconf 82' lang='grc' dir='ltr'><strong>γὰρ</strong></span> <span class='ocrx_word' id='word_1_856' title='bbox 1599 2882 1685 2917; x_wconf 76' lang='grc' dir='ltr'><strong>ἐπέϐη</strong></span> <span class='ocrx_word' id='word_1_857' title='bbox 1702 2882 1806 2916; x_wconf 82' lang='grc' dir='ltr'><strong>λέχους·</strong></span> 
     </span>
    </p>
   </div>
  </div>
