1882 3075
92 175 146 208 149

581 179 626 208 AD
645 178 944 208 AMPHILOCHIUM
973 178 1146 213 OU/ESTIO
1167 180 1246 210 XXI.

1683 177 1731 210 150

89 235 156 261 ἀλλ’
167 236 180 262 ὁ
193 235 276 267 αὐτός
289 244 320 262 τε
333 236 415 263 πάλιν
431 244 480 262 και
498 234 593 262 πολλοὶ
606 236 681 263 ἄλλοι
694 236 744 271 τὴν
756 238 784 262 ἐν
798 236 832 262 λό-

985 241 1018 263 ιιο
1032 236 1130 272 ἄλοχον
1145 237 1262 272 appellat
1276 237 1419 271 virginem,
1431 236 1593 271 videturque
1618 235 1728 269 sapien-

88 282 224 317 δευτέραν
250 283 301 310 οὐκ
326 282 436 318 ἔχοντες
456 281 544 314 τάξιν,
571 282 622 318 τὴν
640 282 787 309 συνιοῦσαν
808 282 887 316 ἀνδρὶ

87 328 160 363 πρὸς
172 328 253 363 λέχος
272 329 437 364 σημαίνουσι
452 328 490 363 τῷ
504 328 629 363 ὀνόματι.
650 328 736 355 Πάλιν
755 329 887 363 σοφιστὴν

89 374 167 400 ἐστιν
195 374 307 400 ἀκούειν
333 375 379 401 τὸν
401 375 451 406 τὰς
462 374 577 408 λογικὰς
593 374 692 409 τέχνας
712 374 884 401 διδάσκοντα·

86 420 217 455 δεύτερον
231 421 260 447 δέ
276 417 299 454 ᾧ
313 421 343 447 τὸ
356 421 481 448 λεκτικὸν
496 419 565 453 εῐδος
578 421 745 456 ἐπήσκηται·
761 420 809 447 καὶ
821 421 884 455 τρί-

87 475 137 492 την
157 466 187 498 ὃς
204 476 247 498 τις
261 467 312 502 τὴν
328 468 358 493 ὲν
373 469 430 499 τοῖς
444 467 536 501 λόγοις
558 466 714 501 γυμνασίαν
738 466 792 493 τῶν
817 466 886 501 πλη-

70 510 243 545 ⁶σιαζόντων
263 514 332 548 πρὸς
354 514 404 550 τὴν
419 514 630 549 ἐπηρεάζουσαν
646 514 704 549 ἔριν
721 513 885 549 διέφθειρεν.

95 559 181 586 Ἀλλὰ
198 560 254 596 γὰρ
271 561 318 587 κει)⁵
341 561 372 587 τὸ
394 560 523 596 σταθερὸν
538 561 568 587 οὐ
587 560 617 586 τὸ
633 560 766 595 στάσιμον
793 559 884 594 μόνον,

87 604 161 632 ἀλλὰ
177 606 226 632 καὶ
240 606 271 632 τὸ
293 606 421 642 ἰσχυρὸν,
445 607 493 633 καὶ
508 606 621 641 θερμὸν.
644 605 693 632 καὶ
715 605 762 638 ὀξὺ
785 606 886 640 σημαῖ-

87 659 134 677 νον
151 651 321 686 εὑρίσκεται.
343 652 397 678 Καὶ
413 651 445 687 δὴ
461 651 508 678 κα)⁸
526 651 557 678 τὸ
572 651 686 686 φαῦλον,
708 651 739 678 οὐ
754 651 785 677 τὸ
799 652 885 678 κακὸν

89 697 184 732 μόνον,
200 698 260 724 οὖδέ
277 698 308 724 τὸ
325 697 472 733 μοχθηρὸν,
488 698 549 724 οὐδὲ
564 697 594 724 τὸ
610 698 743 733 ἀπρεπές·
757 697 825 723 ἀλλὰ
838 698 897 724 uati"

87 744 118 770 τὸ
138 744 221 779 μέγα,
236 745 283 771 καὶ
301 746 331 771 τὸ
349 745 455 781 μικρόν·
471 745 603 776 ὡσαύτως
623 745 651 772 δὲ
665 746 713 771 καὶ
728 745 757 772 τὸ
778 746 883 782 ῥᾴδιον,

87 790 135 816 καὶ
151 790 182 816 τὸ
204 790 309 817 ἁπλοῦν
333 791 380 817 καὶ
405 791 552 826 ἀπόνηρον,
565 790 613 817 καὶ
628 790 660 816 τὸ
677 791 770 825 τυχὸν,
790 791 838 816 καὶ¹
854 789 885 816 τὺ

86 836 184 867 ἁπλῶς
201 836 373 872 περιείληφε.
391 836 445 863 Ναὶ
464 836 496 871 δὴ
513 836 562 863 καὶ
585 836 615 863 τὸ
636 836 820 863 πυνθάνεσθαι
839 837 884 863 δο-

85 881 154 908 κοῦν
171 881 239 917 πρὸς
256 881 285 908 ἓν
300 882 459 918 ἀναφέρειν,
475 882 613 917 διαφόρων
629 883 703 909 ἐστὶν
716 882 882 916 ἀποφυάδων

943 287 984 309 ter
1010 283 1095 318 loqui.
1110 283 1173 318 quia
1194 283 1270 310 vocis
1296 283 1458 318 etymologia
1485 283 1614 310 feminam
1637 283 1728 309 ittnuit

941 328 994 355 tori
1006 329 1096 356 adhuc
1110 334 1260 364 expertem.
1277 329 1331 356 Sed
1345 334 1433 356 tamen
1447 329 1516 356 idem
1528 329 1616 361 Plato,
1631 328 1734 362 aliique

940 374 1033 408 plures
1047 382 1101 401 non
1119 375 1258 403 inferioris
1273 375 1395 403 subsellii
1420 381 1557 406 auctores,
1585 383 1643 402 eatn
1671 383 1734 409 quae

940 419 1000 445 viro
1022 420 1154 447 societate
1180 421 1293 448 thalami
1312 420 1459 454 conjuncta
1471 423 1512 447 est
1532 420 1583 447 hoc
1600 419 1733 446 vocabulo

941 465 1094 500 indigitant.
1117 465 1183 493 ltetn
1208 467 1337 502 σοφιστὴν
1364 467 1482 494 dicimus
1509 471 1565 493 tum
1593 474 1654 492 eum
1685 465 1732 500 qui

940 510 1042 544 logicas
1071 511 1228 547 disriplinas
1254 512 1346 544 tradit,
1364 516 1422 540 tum
1448 512 1531 539 etiam
1556 512 1603 546 qui
1624 512 1732 539 dicendi

940 561 1026 584 artetn
1039 557 1191 591 proﬁtetur,
1205 559 1286 586 tertio
1296 559 1415 593 denique
1428 559 1504 585 illurn
1523 558 1569 594 qui
1588 558 1733 585 scholasti-

939 610 1002 630 cum
1027 603 1183 631 auditorum
1208 612 1323 632 suorum
1346 605 1508 633 exercitium
1537 605 1571 632 ad
1608 604 1730 631 fallacem

939 650 1140 676 contentionem
1151 650 1246 678 vitiose
1260 651 1405 678 traducere
1417 643 1497 678 solet.
1517 649 1651 677 Pratarea
1668 658 1733 676 στει-

939 697 1027 733 θερὸν,
1044 705 1098 725 non
1116 698 1205 725 solum
1218 699 1325 731 stabile,
1347 706 1441 726 verum
1455 698 1538 726 etiam
1560 698 1679 724 validum
1704 701 1732 723 et

938 741 1083 773 fervidum,
1099 746 1126 769 et
1136 750 1199 769 acre
1206 742 1362 777 signiﬁcare
1369 743 1566 778 comperimus.
1576 741 1645 769 Tum
1661 741 1731 776 φαῦ-

937 787 982 814 λον
997 795 1051 814 non
1067 789 1380 822 pravumtantummodo
1393 795 1420 816 et
1446 789 1601 823 improbum
1631 792 1658 814 et
1687 787 1730 814 in—

937 833 1078 865 decorum,
1109 834 1157 861 sed
1173 834 1254 861 etiam
1290 842 1431 869 magnum,
1455 834 1510 861 into
1535 837 1561 860 et
1593 840 1728 867 parvum;

937 879 1058 914 itemque
1070 879 1149 907 facile
1163 885 1190 907 et
1206 880 1320 915 simplex
1343 885 1369 907 et
1385 880 1528 907 innoxium
1542 885 1568 907 et
1589 879 1729 906 fortuitum

85 926 164 961 ῥίζα·
180 927 363 962 προὸάλλεται
374 928 429 963 γὰρ
445 929 506 954 τότε
524 927 683 962 μανθάνειν,
705 928 751 954 καὶ
764 927 794 954 τὸ
808 928 828 954 l:

986 925 1078 952 idlibet
1095 930 1123 952 et
1137 925 1315 959 incogitatum
1339 925 1460 952 denotat.
1479 924 1511 952 Et
1535 924 1646 959 quidem
1667 931 1729 951 ver-

85 974 160 1007 ρεῖν,
180 973 227 1000 καὶ
243 974 359 1009 ἐρωτᾷν,
378 974 425 1000 καὶ
442 975 546 1001 τοιαῦθ’
559 975 651 1009 ἕτερα.
677 973 707 1000 ’0
724 974 753 1000 δὲ
767 974 883 1006 πελανὸς

83 1020 101 1053 ἡ
116 1018 192 1051 λέξις
204 1019 302 1054 πέμμα
316 1028 346 1046 τε
359 1019 389 1052 ἐξ
400 1020 517 1055 ἀλεύρου
536 1020 642 1051 θυσίαις
659 1019 818 1055 ἐπιτήδειον
832 1019 882 1055 δη-

83 1064 138 1090 λοῖ·
146 1065 259 1100 δηλοῖδέ
269 1065 315 1092 καὶ
325 1066 371 1092 τὸν
383 1074 415 1092 πε
419 1067 446 1101 pi.
456 1066 495 1101 τῷ
506 1066 620 1101 στόματι
629 1056 772 1100 πεπηγότα
783 1065 880 1101 ἀφρόν⁹

83 1110 156 1137 ἀλλὰ
170 1112 220 1137 καὶ
234 1112 264 1137 τὸ
279 1111 383 1143 ὀπῶδες
398 1112 515 1147 δάκρυον
529 1112 653 1147 πεπηγός
670 1121 699 1138 τε
719 1112 767 1138 καὶ
779 1112 880 1148 ἐξηρα-

87 1157 183 1191 μένον,
198 1156 255 1184 οἷον
276 1157 376 1193 κόμμι,
398 1159 446 1185 καὶ
460 1158 494 1185 τὰ
509 1159 589 1193 ὃμοια
602 1167 609 1174 ·
632 1159 680 1185 καὶ
691 1159 822 1194 τέταρτον
835 1159 881 1185 τὸν

82 1202 181 1229 ὁὸολὸν
196 1205 258 1230 ὅσον
271 1204 326 1234 τοῖς
341 1204 468 1238 μάντεσιν
482 1204 561 1231 είωθε
572 1204 692 1231 δίδοσθαι
706 1204 810 1239 μισθός.
825 1205 880 1231 Καὶ

83 1248 115 1274 τὸ
130 1248 217 1283 ὁμόσε
239 1249 268 1275 δὲ
293 1249 323 1275 τὸ
347 1250 489 1285 ἐπίρρημα
503 1250 578 1285 δηλοῖ
595 1250 644 1285 μὲν
661 1250 693 1276 τὺ
710 1250 877 1282 ἐξεναντίας·

83 1296 100 1328 ἠ
117 1294 146 1321 δὲ
160 1295 216 1321 τῶν
231 1296 353 1330 ἀρχαίων
369 1296 467 1330 χρῆσις
480 1295 664 1321 ἐπιδείκνυσιν
679 1295 746 1321 αὐτὸ
760 1295 806 1321 καὶ
818 1295 880 1321 ἀντὶ

82 1340 132 1366 τοῦ
151 1341 255 1375 σχεδον,
276 1342 325 1367 καὶ
339 1342 399 1367 ἀντὶ
413 1341 461 1368 τοῦ
482 1341 566 1375 ἐγγὺς
584 1341 879 1376 παραλαμὸανόμενον.

81 1387 122 1412 Οὐ
143 1387 198 1421 μὴν
212 1386 281 1413 ἀλλά
297 1387 386 1413 καὶτὸ
401 1387 449 1414 νῦν
466 1387 508 1422 δὴ,
525 1388 555 1414 οὐ
576 1387 606 1414 τὸ
618 1388 705 1423 παρὸν
720 1387 769 1423 ἤδη
788 1387 878 1422 μόνον,

82 1429 152 1456 ἀλλὰ
168 1432 216 1456 καὶ
229 1431 261 1457 τὸ
277 1431 375 1467 μικρὸν
390 1432 544 1467 ἔμπροσθεν
559 1433 670 1467 γεγονὸς
685 1423 878 1460 ὑποϐάλλεται.

88 1475 159 1510 Ἤδη
181 1476 211 1502 δὲ
239 1477 287 1503 καὶ
311 1477 341 1503 τὸ
363 1477 469 1512 κομψὸν
487 1478 544 1512 (5'5)
567 1479 607 1509 εἰς
630 1478 716 1505 πολλὰ
736 1479 879 1514 μερίζεται

83 1521 286 1556 σημαινόμενα·
303 1522 335 1549 τό
352 1531 381 1549 τε
394 1524 447 1559 γὰρ
459 1524 623 1559 περίτρανον
637 1524 685 1550 καὶ
700 1524 730 1551 τὺ
743 1525 876 1560 τεχνικόν.

82 1568 120 1594 Τὸ
136 1569 165 1594 δὲ
182 1569 402 1605 πολυθρύλλητον
415 1567 434 1605 ἦ
448 1570 471 1596 δ’
485 1570 523 1602 ὃς,
541 1570 588 1598 καὶ
603 1568 638 1606 ἦν
651 1571 680 1597 δ’
700 1570 767 1605 ἐγὼ,
791 1573 807 1607 ἡ
830 1572 877 1599 τοῦ

82 1615 228 1646 Πλάτωνος
248 1616 401 1650 φιλοτιμία·
417 1616 485 1644 ἀλλὰ
502 1617 557 1653 γὰρ
572 1617 603 1644 τὺ
614 1615 632 1652 ἦ
647 1617 670 1643 δ’
686 1617 726 1650 ὃς,
749 1618 877 1653 σημαίνει

83 1661 132 1696 μὲν
158 1661 197 1692 ὠς
212 1662 316 1689 ἐπίπαν
333 1662 363 1688 τὸ
379 1662 432 1698 ἔφη
448 1663 476 1689 δὲ
490 1661 567 1695 οὗτος
579 1673 586 1679 ·
611 1663 681 1690 ἀλλὰ
706 1664 754 1690 καὶ
773 1665 804 1690 τὸ
825 1664 878 1699 ἔφη

84 1706 165 1740 μόνον
175 1726 183 1737 ,
198 1707 248 1733 τοῦ
266 1708 416 1742 συνδέσμου
431 1709 480 1735 καὶ
496 1709 543 1735 τοῦ
560 1709 663 1745 ἄρθρου
691 1710 878 1745 παρέλκοντος

82 1753 201 1780 ἐνταῦθα
214 1753 308 1788 χώραν
325 1754 452 1789 ἐχόντων’
480 1755 497 1790 ἢ
525 1756 593 1790 μηδὲ
620 1755 786 1791 συνδεσμὸν,
809 1758 877 1793 μηδέ

82 1798 182 1834 ἄρθρον
198 1799 438 1834 ὑπεμφαινόντων,
456 1801 524 1827 ἀλλά
537 1801 587 1836 τῆς
601 1801 665 1835 ὕλης
679 1802 772 1836 φωνῆς
785 1803 877 1838 μερῶν

83 1844 276 1878 ὑπαρχόντων,
305 1845 385 1880 ἡνίκα
407 1846 474 1881 μηδὲ
497 1846 574 1879 γένος
609 1847 672 1882 μηδ’
699 1847 815 1883 ἀριθμὸν
831 1848 878 1874 δύ-

87 1890 154 1915 ναιτ’
174 1890 207 1916 ἂν
224 1892 426 1926 παρεμφαίνειν
441 1893 458 1927 ἡ
472 1892 555 1925 λέξις·
571 1893 600 1926 ἐξ
616 1889 647 1919 οὗ
661 1894 708 1920 καλ¹
725 1893 877 1929 καθορᾶται

81 1937 112 1962 τὸ
129 1934 147 1971 ἦ
162 1936 185 1962 δ’
200 1936 230 1968 ὃς
248 1937 279 1963 ού
302 1937 383 1972 μόνον
404 1939 451 1965 ἐπὶ
473 1939 520 1965 τοῦ
546 1939 643 1975 θήλεος
663 1939 875 1975 μεθελκόμενον,

81 1978 136 2007 οἷον
149 1982 203 2017 ἔφη
219 1982 302 2018 αὕτη,
324 1983 392 2010 ἀλλὰ
411 1985 458 2010 καὶ
478 1985 547 2020 πρὸς
565 1985 668 2020 πλῆθος
686 1986 740 2012 ἀπὸ
754 1987 803 2021 τῆς
820 1987 876 2013 ἐνι-

82 2027 132 2061 κῆς
145 2028 238 2063 φωνῆς
249 2029 493 2064 περιτρεπόμενον·
509 2031 636 2066 σημαίνει
646 2031 700 2067 γὰρ
710 2031 758 2058 καὶ
771 2033 800 2058 τὸ
811 2032 878 2067 ἔφα-

82 2082 141 2100 σαν⁸
167 2075 191 2100 εἰ
215 2075 244 2101 δὲ
264 2076 312 2101 καὶ
334 2076 364 2102 τὸ
386 2072 409 2102 ὦ
432 2076 508 2111 φίλος
531 2077 616 2112 δηλοῖ,
640 2076 717 2104 οὔπω
739 2078 872 2113 παρέχειν

81 2118 152 2144 ἐστὶν
163 2118 335 2150 ἁξτοπιστίαν
343 2120 522 2155 Κριτόὸουλος
530 2122 608 2157 (55“)·
619 2122 688 2148 ἀλλά
698 2122 816 2150 τοσαῦτα
827 2123 876 2158 μὲν

81 2164 149 2196 τέως
166 2166 319 2200 παραδηλοῖ
335 2166 365 2193 τὸ
378 2164 396 2202 ἦ
411 2167 432 2193 δ’
446 2168 485 2199 ὃς.
510 2168 546 2194 Τὸ
569 2168 597 2194 δέ
613 2166 648 2203 ἦν
664 2168 686 2195 δ’
702 2168 770 2203 ἐγὼ,
785 2170 875 2196 καίτοι

80 2218 110 2242 γε
131 2211 178 2237 τὸν
199 2212 292 2246 ὅμοιον
311 2213 503 2248 σχηματισμὸν
517 2213 589 2249 ἔχον,
607 2215 647 2245 εἰς
670 2214 732 2250 τρία
747 2215 874 2250 τέμνεται

934 971 999 998 bum
1013 979 1122 1006 quoque
1139 971 1337 1004 πυνθάνεσθαι,
1358 971 1431 1006 quod
1446 978 1529 998 unum
1545 978 1656 998 sensum
1665 977 1730 1004 spe-

933 1021 1007 1045 ctare
1033 1017 1150 1050 videtur,
1173 1018 1358 1052 complurium
1382 1017 1536 1052 germinum
1571 1016 1648 1043 radix
1673 1020 1726 1044 est.

932 1062 1105 1098 Quandoque
1117 1064 1189 1091 enim
1202 1064 1332 1098 exprimit
1349 1063 1466 1095 discere,
1481 1067 1508 1091 et
1530 1063 1685 1097 explorare.
1699 1067 1728 1090 et

932 1109 1078 1142 sciscitari,
1104 1115 1132 1136 et
1150 1110 1201 1136 alia
1229 1109 1376 1144 ejusmodi.
1411 1108 1473 1136 Jam
1502 1109 1585 1137 dictio
1609 1108 1727 1140 πελανὺς

931 1155 1002 1181 valet
1015 1156 1166 1189 placentam
1178 1163 1210 1183 ex
1235 1154 1323 1182 farina
1349 1154 1493 1183 sacriﬁciis
1513 1155 1659 1182 idoneam:
1676 1155 1726 1182 sed

932 1204 1021 1227 tamen
1040 1200 1110 1227 valet
1127 1201 1210 1228 etiam
1231 1208 1358 1235 spumam
1374 1200 1446 1229 circa
1467 1209 1498 1229 os
1514 1202 1698 1229 adlncrentem
1714 1211 1721 1228 ι

930 1254 981 1273 nec
1001 1253 1055 1273 IIOll
1070 1254 1191 1274 crassatn
1209 1247 1358 1282 lacrymam
1376 1251 1535 1274 concretam
1557 1252 1637 1282 atque
1661 1256 1725 1275 are~

930 1291 1029 1319 factam
1055 1299 1105 1318 ceu
1137 1292 1251 1326 gummi,
1276 1296 1304 1320 et
1337 1292 1462 1320 similia:
1484 1298 1582 1327 quarto
1609 1293 1726 1327 denique

931 1339 1053 1372 obolnm,
1080 1339 1126 1374 qui
1142 1339 1256 1367 hariolis
1286 1340 1421 1367 mercedis
1436 1347 1501 1375 ergo
1515 1340 1618 1375 porrigi
1644 1341 1724 1368 solet.

929 1384 1016 1411 Porro
1050 1385 1133 1420 ὁμόσε
1170 1385 1330 1413 adverbium
1362 1386 1499 1421 signiﬁcat
1531 1395 1564 1414 ex
1599 1389 1723 1418 adverso,

930 1438 1087 1465 quamquam
1116 1431 1141 1458 in
1167 1439 1217 1459 usu
1245 1437 1365 1459 veterum
1392 1438 1541 1467 usurpatur
1566 1434 1647 1460 etiam
1676 1441 1725 1468 pro

930 1476 1007 1511 quasi
1028 1481 1054 1503 et
1065 1484 1159 1511 prope.
1182 1476 1253 1509 Quin
1278 1477 1360 1504 etiam
1377 1477 1424 1504 νῦν
1446 1486 1500 1505 non
1526 1486 1575 1512 pro
1593 1486 1666 1506 nunc
1678 1487 1724 1506 so-

930 1523 985 1550 lutn
1004 1523 1051 1550 sed
1073 1524 1155 1550 etiam
1174 1530 1222 1557 pro
1236 1531 1323 1558 nuper
1347 1523 1419 1551 facto
1433 1524 1552 1558 ponitur.
1579 1523 1638 1551 .lam
1658 1532 1723 1550 vero

930 1571 957 1595 et
971 1568 1075 1602 κομψὸν
1091 1569 1118 1595 in
1134 1568 1235 1595 multas
1251 1568 1379 1596 tribuitur
1392 1569 1608 1604 signiﬁcationes
1625 1579 1632 1602 ;
1660 1577 1723 1596 nam

931 1619 957 1641 et
969 1614 1142 1650 perspicuutn
1154 1615 1266 1642 denotat
1289 1619 1316 1643 et
1333 1616 1474 1651 garrulum
1491 1621 1519 1643 et
1541 1621 1682 1643 versutum
1697 1621 1725 1643 ct

930 1666 1022 1696 aptutn
1041 1661 1074 1688 ad
1091 1661 1323 1696 persuadendum,
1337 1666 1364 1690 et
1386 1662 1505 1698 denique
1532 1663 1722 1690 artiﬁciosum.

929 1708 998 1741 Quid
1013 1715 1078 1735 vero
1098 1708 1164 1735 illud
1180 1708 1301 1736 solemne
1315 1706 1333 1743 ἦ
1343 1708 1366 1734 δ’
1381 1709 1422 1740 ὃς,
1445 1713 1473 1736 et
1487 1705 1522 1744 ἦν
1534 1708 1556 1734 δ’
1584 1707 1651 1742 ἐγώ,
1676 1709 1724 1743 qui

929 1751 1052 1779 Platonis
1063 1757 1177 1779 ornatus
1191 1757 1232 1779 est
1245 1750 1289 1788 ἳῆ
1311 1752 1336 1779 δ’
1351 1753 1392 1785 ὃς,
1410 1753 1521 1787 quidem
1546 1761 1593 1788 per
1611 1761 1641 1780 se
1663 1761 1725 1780 om-

929 1799 994 1825 nino
1005 1798 1150 1833 signiﬁcat,
1161 1799 1230 1826 dixit
1241 1799 1284 1826 hic
1294 1808 1301 1826 ι
1312 1799 1359 1827 sed
1370 1800 1451 1827 etiam
1464 1799 1533 1826 dixit
1545 1800 1722 1834 simpliciter;

929 1845 966 1872 ita
978 1849 1008 1871 ut
1022 1845 1177 1879 copulativa
1192 1845 1326 1879 particula
1343 1851 1370 1873 et
1384 1847 1519 1874 articulus
1528 1846 1657 1873 relativus
1672 1847 1724 1874 hoc

928 1890 989 1917 loco
1006 1890 1109 1917 frustra
1135 1891 1210 1918 sint:
1238 1891 1295 1919 imo
1315 1899 1381 1920 vero
1407 1900 1497 1927 neque
1518 1892 1722 1927 coniunctionis

928 1945 1015 1972 neque
1027 1937 1134 1964 articuli
1152 1938 1210 1965 vice
1232 1937 1390 1974 fungantur,
1409 1940 1456 1966 sed
1474 1939 1572 1974 integri
1595 1939 1720 1966 vocabuli

928 1987 1019 2018 partes
1033 1983 1107 2011 sint:
1129 1984 1349 2019 quotiescunque
1374 1985 1434 2012 haec
1455 1985 1541 2012 dictio
1564 1992 1653 2019 neque
1675 1993 1722 2020 ge-

928 2030 1002 2056 neris
1017 2026 1106 2064 neque
1121 2030 1227 2057 numeri
1241 2031 1377 2058 rationem
1405 2031 1497 2059 habet.
1523 2031 1614 2065 Quare
1628 2032 1721 2059 videre

928 2076 990 2104 licet
1007 2074 1025 2112 ἦ
1039 2077 1062 2103 δ’
1078 2077 1107 2108 ὃς
1123 2085 1177 2104 non
1193 2077 1282 2105 solttm
1299 2077 1418 2106 femineo
1433 2085 1532 2113 genere
1552 2078 1716 2110 adhibitum.

927 2122 962 2149 ita
981 2126 1009 2149 ut
1026 2127 1104 2150 sonet
1121 2123 1190 2150 dixit
1214 2123 1283 2158 ipsa,
1309 2132 1402 2151 verum
1423 2124 1507 2152 etiam
1533 2125 1567 2152 ad
1595 2126 1721 2152 multitu-

927 2168 1020 2196 dinetn
1044 2169 1219 2196 indicandam
1237 2169 1288 2197 hoe
1314 2170 1461 2205 singularis
1477 2171 1584 2197 numeri
1600 2171 1721 2198 vocabu-

927 2215 983 2242 lutn
999 2215 1147 2250 aliquando
1175 2223 1359 2243 conversum:
1378 2224 1439 2243 natn
1458 2217 1588 2244 dixerunt
1610 2224 1721 2251 quoque

79 2254 175 2285 ταῦτα,
204 2255 245 2287 εἷς
267 2264 297 2282 τε
317 2256 347 2282 τὸ
370 2257 438 2292 ἔφην
463 2258 486 2284 δ’
512 2258 578 2292 ἐγὼ,
604 2259 652 2285 καὶ
667 2260 707 2291 είς
725 2259 755 2286 τὸ
780 2260 822 2286 ἀπ

975 2262 1071 2289 nilicat.
1090 2261 1177 2289 Porro
1189 2267 1280 2289 utrum
1295 2262 1404 2290 dicatur
1422 2263 1504 2290 etiam
1524 2270 1574 2297 pro
1589 2270 1605 2289 ο
1628 2263 1718 2294 sodes,

80 2300 160 2334 ἑψην,
177 2301 246 2336 ὅπερ
262 2301 361 2336 ὁμοίως
375 2303 422 2329 ἐπί
435 2312 465 2330 τε
482 2304 606 2340 ἀρρένων
624 2305 872 2341 παραλαμϐάνουσι

79 2347 126 2373 καὶ
141 2347 269 2382 θηλειῶν.
296 2348 352 2375 Καὶ
370 2349 400 2375 τὸ
422 2349 549 2385 θράττειν
568 2350 607 2382 δὲ,
632 2351 761 2386 σημαίνει
777 2353 826 2387 μὲν
842 2353 873 2379 τὸ

77 2393 227 2426 ταράσσειν
241 2393 289 2420 καὶ
303 2394 334 2420 τὸ
350 2394 479 2430 ἐνοχλεῖν·
501 2396 630 2431 σημαίνει
646 2397 675 2423 δέ
698 2398 745 2425 καὶ
759 2397 789 2424 τὸ
804 2397 870 2425 νύσ-

78 2446 136 2464 σειν
148 2439 196 2464 καὶ
209 2440 304 2465 κινεῖν·
316 2439 384 2467 ἀλλὰ
398 2441 447 2467 καὶ
460 2440 491 2467 τὸ
510 2441 704 2476 δυσωπεῖσθαι,
719 2443 808 2470 καὶτὸ
820 2444 872 2479 ὑφ-

78 2485 203 2518 ορᾶσθαι.
216 2485 269 2511 Καί
284 2494 315 2520 γε
332 2487 380 2512 καὶ
394 2487 426 2513 τὸ
437 2487 580 2519 τευτάζειν
595 2489 723 2524 εὑρήσεις
735 2490 806 2517 κατὰ
816 2491 874 2516 δια-

77 2530 170 2565 φόρων
189 2530 379 2566 ὑποκειμένων
406 2534 567 2568 φερόμενον·
590 2535 638 2560 καὶ
661 2535 715 2570 γὰρ
741 2536 800 2562 ἀντὶ
826 2535 873 2563 τοῦ

76 2577 322 2611 πραγματεύεσθαι
333 2578 586 2614 παραλαμϐάνεται,
594 2580 641 2606 καὶ
649 2581 709 2607 ἀντὶ
720 2581 767 2607 τοῦ
775 2590 875 2609 σκευω-

76 2623 194 2656 ρεῖσθαι,
205 2625 402 2659 στρατεύεσθαί
418 2634 447 2652 τε
469 2627 516 2653 καὶ
532 2627 691 2662 διατρίϐειν,
703 2629 751 2655 καὶ
764 2629 874 2664 φροντί-

75 2667 133 2699 ζειν
144 2669 231 2696 ἐνίατε
243 2677 251 2684 ·
267 2671 440 2707 ἐπιστρεφῶς
455 2673 484 2699 δέ
498 2674 627 2709 πράττειν
638 2683 664 2700 τι
676 2675 723 2701 καὶ
738 2675 869 2710 ἐνεργεῖν·

75 2715 123 2741 καὶ
150 2715 205 2750 μὴν
225 2716 273 2742 uel.
299 2717 471 2751 σπουδάζειν,
490 2720 538 2746 καὶ
559 2719 667 2746 δεῖπνον
691 2721 867 2755 παραθεῖναι·

923 2308 1046 2335 nondum
1063 2307 1130 2335 satis
1156 2308 1286 2335 credibile
1301 2307 1367 2335 fecit
1390 2308 1561 2335 Critobulus.
1577 2307 1715 2336 llactenus

923 2354 956 2380 de
976 2353 1227 2387 signiﬁcationibus
1253 2354 1386 2382 dictionis
1413 2351 1519 2389 ἦδ“ὅς.
1547 2353 1607 2381 Jant
1632 2354 1718 2382 dictio

921 2396 955 2434 ἦν
971 2399 1070 2433 δ’ὲγὼ,
1084 2407 1146 2434 quae
1162 2399 1220 2434 pari
1233 2399 1329 2428 formte
1345 2400 1454 2428 ratione
1480 2400 1581 2432 utitur,
1608 2399 1636 2426 in
1662 2405 1719 2428 tres

923 2445 1049 2479 notiones
1067 2446 1211 2480 tribuitur;
1230 2454 1328 2481 nempe
1348 2447 1405 2474 dixi
1420 2454 1486 2482 ego;
1511 2451 1538 2474 et
1560 2446 1719 2481 simpliciter

923 2492 996 2525 dixi;
1022 2493 1093 2528 quod
1116 2501 1213 2520 rursus
1226 2497 1279 2520 tam
1306 2493 1467 2520 masculinis
1488 2500 1571 2528 quam
1590 2492 1719 2520 [emineis

923 2539 1051 2574 personis
1067 2540 1229 2567 assumitur.
1263 2539 1319 2575 Age
1340 2547 1406 2567 vero
1423 2543 1450 2567 et
1472 2539 1600 2575 θράττειν
1612 2544 1719 2574 pertur-

924 2585 989 2611 bare
1017 2584 1164 2620 signiﬁcat,
1181 2589 1208 2612 et
1224 2585 1347 2612 molestia
1363 2584 1486 2619 alﬁcere;
1503 2585 1631 2612 vellicare
1651 2584 1716 2611 item

924 2636 1006 2666 atque
1022 2636 1188 2663 concutere;
1207 2639 1256 2658 nec
1272 2639 1324 2658 non
1338 2632 1468 2666 pudorem
1485 2632 1616 2667 ingerere,
1630 2636 1656 2657 et
1673 2638 1717 2658 re-

925 2677 1023 2703 vereri.
1041 2676 1142 2703 Deinde
1161 2681 1188 2703 et
1204 2676 1345 2707 τευτάζειν
1363 2684 1417 2704 non
1439 2678 1499 2704 sine
1521 2684 1652 2704 sensuutn
1666 2684 1717 2703 va-

926 2723 1021 2750 rietate
1039 2723 1177 2757 prolatum
1195 2723 1300 2750 videbis
1316 2732 1323 2750 :
1343 2731 1406 2749 nam
1422 2728 1450 2750 et
1467 2731 1516 2757 pro
1534 2727 1658 2758 satagere
1670 2729 1715 2749 ca-

851 2780 969 2809 ΝΟΤᾸΞ.

75 2868 80 2873 .
108 2833 503 2874 νοσσιριιιίὲκομψον
521 2839 592 2873 apud
621 2839 708 2874 ipsum
738 2840 864 2868 Pltotium

73 2868 100 2895 in
119 2868 285 2910 Bibliotheca
298 2868 547 2910 signiﬁcationibus
561 2868 644 2902 variis
663 2875 779 2902 disserui
800 2884 865 2910 ego-

72 2909 128 2934 met
152 2906 180 2933 in
198 2906 360 2940 praefatione
381 2908 414 2936 ad
433 2916 517 2937 novas
531 2909 653 2945 Dionysii
670 2910 756 2939 llalic.
772 2906 864 2946 paties

920 2842 965 2869 ed.
982 2841 1090 2868 Mediol.
1107 2841 1182 2876 prasl'.
1206 2849 1265 2875 cap.
1282 2840 1325 2868 Η.

956 2887 1029 2923 (55⁸)
1047 2887 1074 2915 ltt
1091 2886 1190 2915 chico
1203 2887 1294 2915 Pltotii
1307 2887 1468 2923 Κριτόλαος.
