1882 3075
170 161 220 194 151

741 160 874 192 ΡΠΟΤΙΙ
887 158 1140 191 PATRIARCH/E
1153 162 1206 193 (ΖΡ.

1751 161 1810 191 152

170 228 188 254 p
201 225 255 251 tur,
267 224 293 246 ct
308 226 357 253 pro
370 218 458 245 moliri
476 218 589 254 aliquid,
609 223 636 246 et
657 226 708 254 pro
723 219 852 250 militare,
864 222 891 245 et
908 225 913 252 ι

1072 218 1101 244 δὲ
1118 219 1166 245 καὶ
1181 219 1216 246 τὰ
1231 219 1333 255 συνήθη
1348 219 1434 246 ταῦτα
1448 219 1509 253 οὐχὶ
1525 219 1589 254 μίαν
1611 217 1741 245 ἐθέλοντα
1756 226 1809 252 ση-

171 264 312 295 diversari,
332 269 360 291 et
373 265 536 299 quandoque
554 272 602 299 pro
619 271 713 291 curam
735 272 839 299 gerere,
867 268 895 290 et
909 271 958 298 pro

171 310 265 338 sedulo
285 310 386 345 aliquid
402 318 482 344 agere
499 315 578 344 atque
594 309 721 338 ellcctum
736 310 801 337 dare
816 318 823 336 :
845 317 896 337 nec
905 317 958 336 non

171 363 221 390 pro
234 354 351 382 ofﬁcium
362 355 490 382 exhibere
503 360 529 382 et
541 362 646 382 ctenam
657 362 804 389 apponere.
825 353 959 381 Praeterea

171 400 317 428 familiaria
333 401 391 427 haec
407 400 508 428 videsis
538 408 619 435 quam
640 409 692 428 nou
725 408 810 427 unum
833 400 960 427 evolvam

172 446 372 482 signiﬁcatum:
393 446 510 481 exempli
520 446 605 482 gratia
623 446 755 478 ἐπιεικῶς
768 450 795 473 et
825 445 873 472 ἐπὶ
889 447 955 481 κόρ-

173 493 246 527 ρης;
267 492 333 519 illud
356 492 465 527 quidem
489 498 516 519 et
536 492 646 519 abunde
673 492 745 519 valet
768 495 795 518 et
820 490 960 519 tuoderate

173 542 200 564 ct
212 537 327 570 fe5tive;
345 538 397 566 hoc
410 543 501 566 autem
515 543 542 565 et
559 538 701 565 verberati
715 538 741 564 in
759 537 849 572 capite
869 537 956 571 signi-

174 584 247 614 ﬁcat.
267 587 294 610 et
306 584 388 611 etiam
409 584 436 611 in
459 584 546 619 genis.
569 583 622 611 Sed
645 591 732 617 neque
754 583 961 617 ἐπισκηπτόμε-

174 637 219 655 νον
235 637 320 656 unum
340 629 483 664 signiﬁcat,
501 629 547 656 sed
563 634 590 656 et
603 629 718 656 ﬁrmiter
732 630 815 656 tuenti
835 628 961 660 inﬁxum,

175 679 202 701 et
215 674 442 706 demonstratum,
457 679 484 701 et
507 674 578 708 quod
606 681 621 700 a
646 674 779 700 moriente
803 673 961 700 mandatum

175 723 227 750 est.
240 725 267 746 et
283 719 394 754 insuper
413 720 483 754 quod
498 720 668 746 adversatur.
697 718 817 746 Pertinet
834 719 868 746 ad
893 719 962 746 varii

176 765 347 800 signiﬁcatus
362 766 491 793 vocabula
511 766 592 792 etiam
614 765 799 792 δυσωπεῖσθαι
819 774 826 792 :
853 773 916 792 nam
935 769 963 792 et

177 811 294 838 revereri
323 811 445 843 denotat.
470 817 497 838 et
517 817 637 838 metuere
652 819 714 838 cum
743 811 912 846 suspicione.
937 815 964 838 et

177 858 274 884 tetrico
299 857 374 884 vultu
401 865 471 884 es'se.
493 856 611 890 Quidam
648 864 712 883 vero
739 857 837 891 lingum
863 855 964 884 ϐτιεοιε

177 902 299 937 apprime
323 903 414 937 periti,
431 910 588 938 quanquam
619 902 727 929 Atticus
754 902 865 929 tttinituc
888 902 964 936 lepos

177 955 228 978 est.
245 956 337 975 vocem
369 949 439 975 hanc
463 948 544 974 etiam
567 955 616 980 pro
634 948 736 981 pttdere
763 947 910 982 accipiunt.
929 947 964 973 Et

178 994 285 1028 quidem
304 993 375 1029 vulgi
385 993 555 1021 consuetudo
566 994 648 1019 utitur
660 993 712 1020 hac
724 1001 790 1020 voce
805 993 839 1020 ad
857 993 964 1027 suppli-

179 1041 298 1067 candum
317 1045 398 1074 atque
413 1039 446 1066 ad
461 1041 640 1066 exorandum.
655 1037 716 1066 Vox
732 1038 823 1074 δεῦρο,
837 1046 899 1065 cum
917 1046 966 1073 age

179 1085 315 1120 signiﬁcat
331 1090 357 1111 et
373 1085 436 1116 huc,
452 1089 508 1111 tum
533 1092 567 1110 ne
583 1084 617 1111 ab
629 1083 760 1111 adesdttm
782 1084 891 1118 quidem
917 1084 966 1110 al)-

180 1132 281 1158 ltorret.
294 1130 369 1158 Adde
387 1130 430 1157 his
451 1131 584 1164 γενναῖον,
609 1129 682 1164 quod
702 1135 849 1164 cognatum
876 1134 966 1160 sonat.

179 1182 204 1204 et
216 1178 329 1210 bonum,
345 1181 372 1204 et
387 1177 517 1210 nobilem,
533 1182 559 1203 et
576 1181 717 1204 strenttunt
732 1184 819 1210 aeque.
833 1175 967 1203 Similiter

180 1225 271 1252 cernis
299 1224 401 1251 ἄτοπον
432 1231 486 1250 non
516 1224 604 1251 solum
622 1230 772 1258 coarguere
799 1230 914 1258 pravum
943 1228 969 1250 et

181 1268 345 1302 improbum,
364 1267 411 1295 sed
422 1267 589 1303 etiamquod
602 1267 721 1295 alienum
737 1268 799 1295 loco
816 1273 859 1295 est
879 1277 886 1301 ;
906 1275 968 1294 nam

180 1316 270 1342 ethoc
285 1315 385 1341 ἄτοπον
401 1315 503 1342 dicitur
519 1323 525 1348 ;
541 1314 622 1341 sicuti
640 1315 722 1341 etiam
745 1322 799 1341 non
816 1315 968 1350 provisum,

181 1369 231 1388 ceu
255 1360 289 1388 de
301 1367 356 1394 quo
370 1359 506 1394 suspicari
535 1367 587 1386 non
603 1359 681 1387 licuit
696 1367 703 1386 :
727 1363 784 1387 tum
802 1368 867 1387 vero
898 1360 970 1387 valet

181 1407 263 1434 etiam
284 1407 468 1442 peregrinum,
480 1406 633 1440 inopinum,
648 1407 747 1433 mirum
763 1413 790 1434 et
806 1407 903 1435 rationi
916 1414 970 1434 non

182 1458 408 1480 consentaneum.
437 1452 551 1488 Insuper
578 1452 730 1488 ἀρνύμενον
754 1453 788 1479 de
816 1457 972 1486 permutato

183 1500 284 1526 dicitur
309 1505 335 1525 et
354 1499 387 1527 de
415 1499 570 1534 acquisita:
600 1499 652 1527 sub
692 1499 786 1526 cadent
812 1506 877 1526 vero
906 1506 973 1526 voce

1012 263 1112 298 μασίαν
1138 265 1350 300 περιπτύσσειν·
1373 265 1473 291 αὐτίκα
1489 264 1520 299 δὴ
1541 265 1572 290 τὺ
1596 264 1728 295 ἐπιεικῶς
1753 263 1809 289 καὶ

1010 309 1055 335 ἐπὶ
1079 310 1193 345 κόρρης·
1211 311 1241 337 τὸ
1258 311 1307 346 μὲν
1322 310 1362 342 εἴς
1382 319 1412 336 τε
1432 311 1462 336 τὸ
1482 311 1581 341 ἱκανῶς
1607 310 1653 336 καί
1670 309 1809 344 μετρίως,

1010 355 1058 382 καὶ
1079 356 1119 387 είς
1133 356 1164 382 τὸ
1181 356 1296 388 ἀστείως
1317 356 1509 391 ὲπιμερίζεται
1519 376 1527 388 ,
1549 355 1579 382 τὸ
1594 355 1623 382 at
1636 355 1683 381 ἐπὶ
1696 355 1811 390 κόῤῥης

1010 401 1041 427 τὸ
1062 401 1133 428 κατὰ
1157 402 1277 437 κεφαλῆς
1291 402 1440 429 τύπτεσθαι
1467 402 1604 437 σημαίνει,
1621 402 1668 427 καὶ
1684 401 1741 436 μὴν
1758 401 1812 427 καὶ

1010 447 1041 473 τὸ
1055 447 1101 473 ἐπὶ
1121 447 1176 474 τῶν
1199 448 1344 481 σιαγόνων·
1368 448 1430 474 οὐδὲ
1455 448 1485 474 τὺ
1509 447 1751 482 ὲπισκηπτόμενον
1779 446 1811 473 δὲ

1011 495 1050 524 εἰς
1063 493 1093 519 ἓν
1107 493 1320 529 περιγράφεται,
1345 494 1413 521 ἀλλὰ
1437 494 1484 521 καί¹
1498 493 1543 521 τὸν
1557 493 1812 528 ὲναπερειδόμενον

1011 538 1097 572 δηλοῖ,
1117 540 1165 565 καὶ
1182 539 1228 566 τὸν
1249 539 1464 574 ἐνδεικνύμενον,
1489 539 1536 566 καὶ
1551 539 1597 565 τὸν
1611 539 1658 565 ἐπὶ
1672 538 1812 572 τελευτῆς

1012 584 1201 620 ἐντελλόμενον
1214 605 1222 617 ,
1242 586 1290 612 καὶ
1310 585 1377 621 πρὸς
1400 585 1506 616 τούτοις
1527 584 1558 610 τὸ
1580 583 1811 617 ἐναντιούμενον.

1017 629 1156 662 Ὡσαύτως
1175 630 1204 657 δὲ
1225 631 1280 657 τῶν
1302 631 1466 665 πολυσήμων
1485 629 1545 656 ἐστὶ
1565 629 1613 656 καὶ
1625 629 1655 656 τὸ
1668 629 1812 655 δυσωπεῖη

1014 673 1085 699 σθαι·
1093 673 1244 709 ὑφορᾶσθαι
1252 673 1306 709 γὰρ
1317 673 1491 709 ἀπαγγέλλει,
1501 675 1548 700 καὶ
1554 674 1584 700 τὸ
1592 673 1732 708 φοϐεῖσθαι
1745 673 1812 707 μεθ’

1015 718 1153 751 ὑπονοίας,
1170 719 1217 746 καὶ
1233 720 1263 746 τὸ
1282 719 1504 756 σκυθρωπάζειν·
1521 719 1587 746 ἔνιοι
1603 719 1631 745 δὲ
1647 719 1700 745 τῶν
1722 719 1812 752 ἑλλη-

1013 763 1091 798 νικὴν
1104 763 1232 798 γλῶσσαν
1257 764 1484 800 ὲξακριὸούντων,
1505 765 1530 791 εί
1547 765 1594 791 καὶ
1609 764 1647 800 μὴ
1662 765 1715 791 τῶν
1728 765 1813 791 ἁττι-

1013 810 1069 836 κῶν
1082 811 1099 845 ὴ
1112 810 1215 846 κομψία
1230 810 1296 846 (54),
1313 811 1360 838 καὶ
1373 811 1435 838 ἀντὶ
1445 811 1491 838 τοῦ
1500 811 1633 838 αἰδεῖσθαι
1648 811 1697 846 τὴν
1711 810 1813 846 φωνὴν

1015 856 1284 891 παραλαμϐάνουσιν·
1303 857 1319 892 ή
1339 857 1389 892 μέν
1407 866 1448 883 τοι
1467 857 1596 892 συνήθεια
1614 857 1662 883 ἐπὶ
1679 856 1726 883 τοῦ
1747 858 1812 883 ἱκε-

1014 902 1103 928 τεύειν
1111 903 1158 929 καὶ
1171 903 1338 938 παρακαλεῖν
1347 902 1490 938 κέχρηται.
1500 903 1556 929 Kal.
1568 903 1598 929 τὺ
1606 902 1688 938 δεῦρο
1696 903 1723 930 δὲ
1736 903 1814 937 μετὰ

1014 947 1062 974 τοῦ
1077 947 1221 983 σημαίνειν
1234 948 1264 974 τὺ
1279 948 1340 982 ἄγε,
1360 948 1406 974 καὶ
1418 947 1450 974 τὺ
1463 948 1592 980 ἐνταῦθα,
1611 948 1672 974 οὐδὲ
1694 948 1725 973 τὸ
1740 947 1809 973 ἐλθὲ

1015 993 1226 1029 ἀποστρέφεται.
1249 993 1349 1020 Σκόπει
1366 993 1395 1020 δὲ
1410 994 1459 1020 καὶ
1472 993 1501 1019 τὸ
1519 994 1652 1027 γενναῖον,
1667 993 1743 1024 ὅπως
1763 993 1814 1019 τόν

1015 1047 1044 1066 τε
1067 1039 1184 1074 συγγενῆ
1201 1039 1277 1074 δηλοῖ
1299 1039 1347 1066 καὶ
1367 1039 1413 1066 τὸν
1428 1039 1540 1073 ἀγαθὸν,
1556 1039 1624 1066 ἀλλὰ
1635 1040 1683 1065 καὶ
1698 1039 1746 1065 τὸν
1763 1039 1814 1065 εὖ·

1016 1085 1093 1120 γενῆ,
1117 1085 1163 1112 καὶ
1188 1085 1233 1112 τὸν
1255 1085 1390 1120 ἀνδρεῖον,
1412 1085 1462 1112 οὐκ
1483 1085 1603 1112 ἔλαττον.
1630 1084 1708 1116 Ἰδοις
1735 1085 1760 1111 δ’
1779 1084 1816 1111 ἂν

1017 1132 1065 1158 καὶ
1087 1132 1117 1158 τὸ
1132 1131 1241 1163 ἄτοπον,
1256 1131 1287 1157 οὑ
1305 1131 1384 1166 μόνον
1406 1131 1454 1158 τοῦ
1469 1131 1554 1158 κακοῦ
1577 1132 1624 1158 καὶ
1639 1132 1684 1158 τοῦ
1703 1132 1817 1166 μοχθη-

1019 1178 1066 1214 ροῦ
1081 1178 1326 1213 κατηγορούμενον,
1349 1178 1417 1204 ἀλλὰ
1440 1178 1487 1204 καὶ
1504 1178 1576 1204 κατὰ
1595 1177 1641 1204 τοῦ
1659 1177 1697 1213 μὴ
1724 1177 1816 1204 τόπον

1018 1225 1135 1260 ἔχοντος·
1153 1224 1253 1251 ἄτοπον
1272 1224 1326 1260 γὰρ
1348 1225 1457 1250 κάκεῖνο
1471 1224 1596 1257 λέγουσιν
1611 1232 1618 1239 ·
1643 1223 1740 1258 ὥσπερ
1766 1223 1818 1250 καὶ

1019 1271 1049 1297 τὸ
1067 1270 1260 1305 ἀνυπονόητον,
1287 1267 1343 1296 οἷον
1364 1270 1377 1296 5
1403 1269 1440 1305 μὴ
1457 1269 1515 1296 ἐστι
1535 1269 1670 1296 τοπάσαι⁸
1693 1269 1754 1296 ἀλλ’
1773 1269 1817 1295 ἑτι

1020 1316 1142 1352 περιέχει
1165 1317 1212 1342 καὶ
1227 1316 1257 1342 τὸ
1272 1315 1357 1349 ξένον.
1378 1316 1425 1342 καὶ
1448 1315 1611 1350 παράδοξον,
1635 1315 1681 1342 καὶ
1701 1315 1818 1350 θαυμά-

1022 1372 1089 1395 σιον,
1103 1362 1149 1389 καί
1165 1371 1197 1396 γε
1212 1362 1259 1389 καὶ
1276 1362 1306 1389 τὸ
1320 1362 1485 1397 παράλογον.
1508 1362 1569 1388 Ἐπὶ
1583 1361 1692 1394 τούτοις
1713 1362 1766 1388 καὶ
1786 1361 1819 1388 τὸ

1021 1408 1172 1444 ἀρνύμενον
1186 1408 1255 1444 πρός
1275 1416 1305 1434 τε
1322 1407 1353 1434 τὸ
1369 1407 1620 1443 καταλλαττόμενον
1642 1407 1817 1437 ἀποδίδοται,

1023 1455 1070 1482 καὶ
1094 1455 1124 1482 τὸ
1148 1453 1384 1490 περιποιούμενον·
1407 1453 1637 1490 περιλαμϐάνοιτο
1662 1453 1684 1480 δ’
1702 1452 1736 1479 ἂν
1763 1453 1820 1479 ὑπὸ

1023 1502 1072 1536 τῆς
1087 1501 1172 1535 αὐτῆς
1187 1500 1279 1535 φωνῆς
1294 1500 1342 1526 καὶ
1356 1501 1370 1526 ό
1384 1499 1526 1534 φυλάττων
1548 1499 1617 1535 (55).
1643 1498 1710 1525 Οὐδὲ
1724 1499 1758 1525 τὸ
1775 1498 1820 1524 ἀεὶ

184 1545 346 1573 concludere
385 1545 448 1572 licet
478 1546 561 1573 etiam
605 1544 761 1579 φυλάττων.
794 1543 846 1571 Sed
882 1551 927 1571 net

1076 1546 1287 1581 περιπτύσσεται
1304 1545 1335 1571 τὸ
1349 1545 1509 1580 ἀμέριστον,
1532 1545 1602 1572 ἀλλὰ
1617 1545 1664 1572 καὶ
1681 1545 1721 1576 εἰς
1735 1545 1819 1571 ἐναν-

184 1592 228 1619 del.
238 1599 293 1619 non
308 1591 365 1619 vult
380 1591 466 1618 dividi
480 1600 489 1625 ;
507 1591 572 1626 quin
601 1591 657 1618 imo
672 1591 698 1617 in
726 1590 880 1617 contrarias
895 1590 971 1617 scin-

185 1638 259 1664 ditur
274 1643 377 1672 partes,
388 1637 459 1665 valet
475 1637 560 1667 enim.
574 1637 647 1672 quod
662 1643 758 1663 omnes
780 1635 883 1668 sciunt,
900 1642 973 1662 sem-

186 1691 234 1718 per
249 1693 256 1711 :
270 1688 297 1711 et
313 1688 403 1711 tamen
416 1682 583 1711 contrarium
604 1689 714 1717 qu0que
739 1681 862 1714 denotat,
879 1680 907 1708 id
931 1684 974 1707 est

187 1736 274 1764 usque
291 1729 323 1756 ad
338 1733 442 1757 certum
461 1733 569 1763 tempus
587 1733 615 1755 et
636 1727 835 1762 quadautcuus.
859 1726 929 1753 Tttm
948 1731 975 1753 et

187 1777 241 1808 Et»;
252 1776 416 1812 quandoque
440 1774 581 1802 deﬁnitum
607 1778 715 1808 tempus
746 1771 973 1805 circumscribit;

189 1823 355 1858 quandoque
380 1814 511 1849 terminos
534 1819 703 1856 indignatus,
728 1819 791 1846 sinit
815 1822 924 1853 tempus
948 1817 976 1844 in

190 1869 327 1896 inliuitum
350 1867 470 1896 extendi.
496 1867 607 1894 Manant
623 1874 655 1893 ex
673 1866 804 1901 ἄντικρυς
834 1865 976 1895 continuo.

189 1915 327 1946 directim.
343 1918 417 1941 recta
430 1913 485 1944 via.
506 1913 607 1944 valide,
622 1913 771 1947 sapienter.
792 1916 906 1946 aperte:
929 1917 979 1937 nec

191 1968 245 1988 non
264 1959 424 1994 simpliciter
443 1963 469 1985 et
480 1962 615 1986 accurate.
632 1957 710 1990 Quod
725 1957 747 1984 si
770 1961 920 1984 extremam
936 1963 979 1982 ne-

189 2007 265 2041 jiciat
282 2012 441 2035 consonam.
455 2009 536 2039 atque
547 2010 678 2031 accentus
692 2004 726 2031 ab
742 2003 821 2030 initio
847 2004 879 2030 ad
898 2003 979 2029 ﬁnem

192 2052 347 2087 trajiciatur
363 2050 510 2085 (ἀντικρὺ),
526 2054 582 2076 tum
595 2057 627 2077 ex
639 2057 669 2077 se
684 2049 769 2084 gignit
796 2056 811 2074 e
827 2048 936 2082 regione
954 2051 981 2073 et

193 2106 228 2125 ex
241 2098 365 2124 adverso.
383 2095 469 2123 Viden
484 2096 565 2123 etiam
580 2094 741 2122 vocabulum
755 2093 832 2129 ἄρατ
851 2100 905 2119 non
915 2091 982 2119 illud

194 2143 239 2170 aio
252 2143 324 2177 quod
337 2147 480 2169 accentum
494 2141 623 2168 distrahit
655 2145 738 2175 atque
759 2139 786 2166 in
800 2139 869 2166 duas
886 2142 982 2165 exten-

195 2189 235 2216 dit
249 2193 352 2224 partes,
367 2195 462 2215 verum
494 2187 520 2215 id
546 2186 619 2222 quod
635 2186 729 2213 eadem
745 2184 873 2220 prosodia
900 2183 981 2210 meti-

196 2243 269 2267 mur,
283 2240 309 2261 et
322 2234 395 2269 quod
413 2242 427 2260 a
448 2233 600 2261 dubitativa
611 2231 798 2267 distinguitur.
818 2230 875 2258 Ποα
891 2230 983 2264 itaque

196 2281 331 2317 signiﬁcat
360 2279 583 2315 coniunctionem
610 2277 828 2314 syllogisticatn:
856 2277 984 2312 exprimit

196 2328 279 2355 etiam
299 2326 481 2353 intensionem
502 2324 648 2359 quamdam
662 2322 824 2357 expletivam
842 2329 849 2348 :
866 2322 984 2348 sumitur

197 2372 312 2406 denique
328 2373 387 2398 loco
404 2369 531 2397 dictionis
543 2374 574 2395 ut
591 2368 709 2400 videtur,
726 2373 754 2395 ut
771 2373 893 2403 apparet.
913 2368 986 2396 Con-

198 2419 287 2445 sidera
304 2417 386 2444 etiam
403 2415 523 2450 ἁτεχνῶς
538 2413 746 2442 circumflexum
762 2419 829 2449 quot
846 2414 872 2440 in
889 2421 986 2441 sensus

199 2462 398 2491 subdividatur.
412 2461 553 2497 Signiﬁcat
564 2461 637 2488 euitn
654 2468 726 2493 vere,
742 2459 912 2494 simpliciter,
925 2467 988 2494 per-

199 2510 280 2544 fecte,
287 2510 408 2543 sincere;
419 2510 474 2536 imo
482 2513 509 2536 et
516 2508 602 2536 valide
609 2513 635 2535 et
648 2507 769 2535 omnino.
781 2507 867 2533 Ἂττα
879 2514 988 2542 quoque

200 2559 274 2585 varie
287 2557 450 2592 explicatum
463 2556 584 2584 invenies
599 2564 607 2583 :
620 2555 701 2582 modo
713 2556 786 2582 enim
799 2555 928 2582 scribitur
937 2562 987 2590 pro

200 2611 271 2638 quae,
288 2603 370 2631 modo
392 2611 442 2639 pro
463 2610 523 2637 qua:
535 2602 664 2637 quidem:
679 2602 758 2628 modo
778 2603 860 2629 etiam
876 2610 926 2637 pro
939 2602 988 2629 ali-

200 2649 322 2684 quando,
330 2654 411 2684 atque
420 2650 446 2676 in
456 2649 558 2677 similes
568 2648 623 2675 abit
631 2647 808 2682 signiﬁcatus.
816 2647 917 2685 Prmter
925 2648 990 2676 liac-

201 2700 282 2724 teuus
294 2695 375 2728 dicta,
389 2696 441 2722 hoc
452 2701 562 2730 quoque
579 2693 748 2721 notissimum
766 2693 927 2721 vocabulum
946 2702 990 2720 σο-

1025 1594 1086 1625 τίας
1103 1591 1281 1627 ἀποσχίζεται
1297 1591 1418 1626 μερίδας·
1435 1590 1561 1624 σημαίνει
1575 1591 1624 1625 μὲν
1639 1590 1694 1625 γὰρ
1712 1590 1745 1616 τὸ
1760 1590 1822 1616 δια-

1024 1638 1134 1670 παντὸς,
1144 1639 1213 1664 ὃκαὶ
1227 1638 1327 1669 πάντες
1344 1637 1418 1664 ῐσασι
1431 1644 1438 1651 ·
1453 1636 1581 1670 σημαίνει
1589 1636 1617 1662 δὲ
1632 1637 1680 1663 καὶ
1696 1636 1726 1662 τὸ
1741 1637 1822 1662 ἀντι-

1024 1685 1161 1719 κείμενον,
1177 1682 1232 1710 οἷον
1251 1682 1282 1710 τὸ
1305 1683 1358 1714 ἕως
1373 1682 1462 1714 τινὸς,
1482 1682 1626 1717 καὶμέχρι
1654 1683 1739 1713 τινός.
1767 1681 1823 1708 Καὶ

1025 1729 1091 1757 αὐτὸ
1107 1729 1135 1755 δέ
1150 1737 1182 1763 γε
1196 1728 1227 1754 τὸ
1241 1727 1305 1760 ἓως,
1323 1726 1388 1753 ποτὲ
1403 1727 1453 1762 μὲν
1467 1725 1620 1761 ὡρισμένον
1630 1727 1727 1761 χρόνον
1743 1735 1824 1760 περι-

1027 1775 1138 1810 γράφει,
1161 1773 1227 1800 ποτὲ
1245 1773 1274 1800 δὲ
1288 1772 1337 1809 τὴν
1351 1772 1527 1807 περιγραφὴν
1543 1771 1769 1806 ἀπαρνούμενον,
1791 1771 1824 1805 ἑᾷ

1026 1821 1071 1847 τὸν
1088 1820 1181 1856 χρόνον
1197 1819 1265 1855 πρὸς
1278 1819 1308 1845 τὸ
1316 1818 1440 1854 ἀόριστον
1459 1817 1680 1853 παρατείνεσθαι.
1692 1817 1749 1843 Καὶ
1768 1817 1823 1852 μὴν

1029 1867 1076 1893 καὶ
1094 1866 1125 1892 τὸ
1136 1865 1265 1901 ἄντικρυς
1278 1863 1432 1898 ἁποφὺεται
1446 1863 1508 1890 τότε
1521 1862 1683 1898 διαμπερὲς,
1702 1863 1752 1888 καὶ
1778 1863 1824 1888 εὐ-

1030 1913 1073 1945 θὺ,
1091 1912 1138 1939 καὶ
1152 1911 1196 1938 ἐπ’
1209 1910 1329 1944 εὐθείας,
1345 1910 1392 1936 καὶ
1405 1910 1436 1936 τὸ
1448 1909 1576 1944 ίσχυρῶς,
1593 1909 1641 1934 καὶ
1655 1908 1756 1942 σοφῶς,
1773 1908 1825 1934 καὶ

1029 1959 1060 1986 τὸ
1079 1958 1146 1989 ἱϐόςθ
1164 1957 1231 1984 ἀλλὰ
1248 1956 1296 1983 καὶ
1317 1955 1348 1982 τὸ
1363 1954 1456 1986 ἁπλῶς
1474 1954 1522 1981 καὶ
1537 1951 1670 1990 ἀκριϐῶς.
1689 1954 1718 1980 Εἰ
1740 1955 1773 1982 δὲ
1794 1953 1825 1979 τὸ

1029 2005 1184 2031 τελευταῖον
1199 2002 1347 2029 amem“
1365 2001 1521 2036 σύμφωνον,
1543 1999 1594 2033 τῆς
1609 1999 1695 2034 ἀρχῆς
1710 1999 1758 2025 τὸν
1779 1998 1826 2024 τό-

1032 2059 1076 2077 νον
1098 2049 1144 2076 τοῦ
1160 2049 1255 2079 τέλους
1273 2047 1520 2082 ἀναλαμὸάνοντος,
1543 2045 1592 2071 καὶ
1615 2045 1644 2071 τὺ
1666 2045 1824 2073 κατέναντι.

1033 2098 1079 2124 καὶ
1093 2095 1247 2129 ἐξεναντίας
1262 2092 1470 2120 ἀναϐλαστάνει.
1496 2091 1554 2126 υὺχ
1581 2092 1648 2126 ὁρᾷς
1671 2090 1700 2117 δὲ
1723 2091 1774 2117 καὶ
1795 2090 1825 2115 τὸ

1033 2142 1103 2178 ἄρας
1129 2141 1159 2167 οὐ
1177 2140 1249 2173 λέγω
1263 2137 1291 2165 δὲ
1303 2138 1318 2165 ὃ
1331 2138 1406 2164 τόνον
1419 2145 1448 2163 τε
1464 2136 1614 2171 διατέμνει,
1640 2136 1687 2162 καὶ
1711 2136 1752 2167 εἰς
1778 2134 1824 2161 δὺσ

1037 2188 1108 2222 μέρη
1122 2185 1305 2221 περιίστησιν,
1319 2183 1382 2210 ἀλλ’
1394 2182 1409 2209 ὃ
1421 2182 1491 2208 κατὰ
1505 2181 1554 2217 τὴν
1570 2181 1654 2216 αὐτὴν
1669 2179 1823 2215 προσῳδίαν

998 2218 1022 2247 D
1036 2218 1208 2270 ρυόμίζεται,
1230 2218 1276 2257 καὶ
1296 2229 1365 2264 πρὸς
1385 2228 1415 2255 τὸ
1436 2226 1651 2262 διαπορούμενον
1669 2225 1824 2252 διαστέλλε-

1035 2287 1090 2307 ται·
1109 2277 1236 2312 σημαίνει
1253 2275 1302 2311 μὲν
1319 2274 1468 2308 σύνδεσμον
1480 2273 1526 2299 τὸν
1544 2271 1759 2306 συλλογιστικόν·
1778 2279 1825 2305 ση-

1038 2325 1127 2361 μαίνει
1141 2323 1170 2350 δὲ
1179 2323 1226 2349 καὶ
1237 2323 1282 2348 τὸν
1291 2321 1324 2356 δὴ
1334 2321 1409 2348 τόνον
1423 2318 1724 2355 παραπληρωματικόν·
1735 2326 1826 2352 παρα-

1036 2370 1205 2406 λαμϐάνεται
1220 2368 1249 2394 δὲ
1263 2368 1310 2394 καὶ
1329 2367 1389 2393 ἀντὶ
1403 2365 1450 2392 τοῦ
1467 2365 1505 2397 ὡς
1520 2364 1592 2391 ἔοικε
1608 2365 1656 2390 καὶ
1677 2363 1714 2395 ὡς
1730 2364 1826 2398 φαίνε-

1036 2426 1091 2444 ται.
1106 2414 1268 2442 Ἐπισκόπει
1292 2413 1320 2439 δὲ
1343 2412 1390 2438 καὶ
1410 2411 1440 2437 τὸ
1465 2409 1587 2446 ἀτεχνῶς
1604 2409 1825 2444 περισπώμενον,

1037 2463 1113 2494 ὅσαις
1137 2461 1266 2492 διανοίαις
1291 2459 1490 2494 ὑποτέμνεται·
1518 2459 1551 2493 τῇ
1574 2465 1604 2484 τε
1629 2456 1684 2491 γὰρ
1705 2454 1826 2491 σημασίᾳ

1038 2508 1086 2536 τοῦ
1101 2507 1210 2542 ἀληθῶς
1231 2506 1278 2533 καὶ
1291 2506 1324 2540 τῇ
1339 2504 1385 2531 τοῦ
1400 2503 1496 2535 ἁπλῶς
1519 2504 1567 2529 καὶ
1581 2502 1693 2533 τελείως
1707 2501 1754 2527 καὶ
1769 2499 1827 2527 d65-

1039 2555 1104 2586 λως,
1115 2554 1162 2580 καὶ
1178 2553 1230 2588 μὴν
1243 2554 1290 2579 καὶ
1304 2553 1337 2586 τῇ
1352 2550 1398 2577 τοῦ
1417 2550 1527 2585 ἰσχυροῦ
1542 2549 1589 2575 καὶ
1605 2546 1745 2579 καθάπαξ,
1761 2554 1827 2580 προ-

1042 2601 1150 2636 έρχεται
1167 2597 1378 2634 πληθυνομένου.
1395 2596 1492 2631 Εὖροις
1508 2596 1530 2622 δ’
1541 2595 1575 2622 ἂν
1590 2594 1637 2621 καὶ
1647 2595 1677 2620 τὸ
1692 2594 1760 2620 am
1771 2592 1827 2618 δια-

1045 2635 1134 2681 ιέὸρως
1155 2644 1353 2679 προαγόμενοψ
1371 2642 1418 2668 νῦν
1438 2642 1488 2676 μὲν
1503 2640 1556 2674 γὰρ
1579 2640 1610 2666 τὸ
1623 2639 1714 2669 ἆτινα,
1735 2638 1782 2664 νῦν
1801 2635 1829 2662 δὲ

1043 2693 1074 2719 τὸ
1088 2692 1157 2718 τινα·
1174 2689 1268 2717 ἄλλοτε
1283 2688 1311 2714 δὲ
1326 2687 1356 2714 τδ
1371 2686 1389 2713 ἃ
1403 2687 1444 2713 ἄν·
1462 2686 1509 2712 καὶ
1533 2684 1626 2711 ἄλλοτε
1640 2684 1671 2710 τὸ
1692 2682 1758 2710 ποτὲ
1779 2687 1828 2715 ση-

960 2759 1079 2788 NOTAE.

240 2832 296 2868 (54)
315 2833 343 2860 Si
360 2832 521 2860 vocabulum
540 2831 643 2866 κομψία
655 2831 746 2868 exiges
759 2831 790 2857 ad
808 2831 927 2865 regulam
942 2839 991 2868 7co-

205 2868 280 2902 gnati
295 2868 410 2904 κομψὸν,
423 2869 489 2895 satis
504 2867 609 2894 varium
630 2867 670 2894 vel
688 2868 777 2902 potius
791 2867 924 2894 incertum
941 2867 993 2894 ltoc

1046 2830 1073 2858 iu
1089 2830 1149 2856 loco
1168 2826 1349 2860 signiﬁcatum
1364 2823 1487 2852 habebis.

1084 2864 1139 2900 (55)
1156 2862 1251 2897 Odyss.
1269 2861 1291 2893 l,
1306 2860 1330 2887 5.
