1882 3075
76 135 119 168 153

540 135 591 165 ΔΙ)
610 133 914 168 .AMPHILOCIIIUM
932 132 1105 170 QU/ESTIO
1121 133 1191 163 XXI

1649 131 1699 164 154

74 194 171 227 μαξνειν
184 190 333 224 ὲθέλοι,ιια“ι
341 191 382 222 είς
396 190 517 218 τοσαῦτα
526 190 771 227 καταμερίζεσθαι.
785 191 850 218 Ἐπὶ

947 199 969 222 ς,
984 190 1108 225 designat
1121 190 1229 224 quidem
1243 196 1307 216 eum
1323 189 1369 224 qui
1384 188 1476 223 aliqua
1491 188 1623 223 sapientia
1632 197 1697 223 piae-

70 239 97 265 δὲ
106 238 155 268 τοῖς
168 238 325 272 εξρημένοις
340 237 388 264 καὶ
400 238 414 263 ὁ
424 237 505 271 σοφὸς
513 236 593 263 τοῦτο
604 237 636 271 δὴ
651 237 683 263 τὸ
695 238 853 272 πρόχειρον,

70 283 189 319 σημαίνει
212 283 263 317 μὲν
281 283 328 309 τὸν
351 283 537 317 μετεσχηκότα
552 283 648 317 σοφίας
661 284 733 314 τινός
745 292 752 298 ·
782 283 857 315 ίδίως

68 330 96 356 δι
106 329 149 356 καὶ
164 329 211 355 τὸν
227 329 352 363 λογικαίς
364 329 471 363 τέχναις
485 329 746 364 προσανακείμενον·
759 328 856 356 ἔπειτα

68 376 94 402 δὲ
109 375 153 402 καὶ
167 375 214 401 τὸν
228 375 338 401 συνέσει
351 375 405 401 τῶν
421 375 508 402 ἄλλων
523 375 683 410 προέχοντα·
696 376 739 410 ἐφ’
749 373 790 407 οἷς
804 376 853 403 καὶ

68 423 95 448 ὃν
111 422 208 457 ἀρεταὶ
229 422 346 456 κοσμεῖν
363 420 462 447 ἴσασιν
479 421 549 448 ἁλλά
570 429 603 455 γε
624 421 657 457 δὴ
670 421 717 448 καὶ
730 421 776 448 τὸν
793 422 854 448 ἑπι-

68 468 177 502 τήδειον·
189 467 316 502 καὶπρὸς
331 467 347 493 ὃ
357 475 384 493 τι
396 467 429 493 ἂν
441 466 563 503 ὁρμήσῃ,
581 467 769 502 θεωρούμενον
781 467 854 494 ἕτοι-

70 520 124 546 μσν’
139 511 170 544 ἐξ
184 520 215 538 ου
232 512 279 538 καί
292 520 360 546 φασι
373 511 458 546 Σοφὺς
478 509 514 547 ἦν
527 511 575 539 τοῦ
588 511 785 547 κακοποιῆσαι,
807 512 855 538 καὶ

72 558 147 591 σοφὸς
168 557 271 592 ἀρετὴν
283 556 434 592 μετελθεῖν.
448 557 600 592 Συνταγείη
613 557 637 583 δ’
653 557 686 584 ἂν
702 557 754 583 οὐκ
775 558 854 584 ἀπει-

68 604 147 634 χὸτως
159 603 265 634 τούτοις
281 603 329 630 καὶ
345 603 377 629 τὸ
401 602 545 630 θεσπέσιον
556 610 564 618 ·
579 603 693 638 καὶγὰρ
713 603 761 630 καὶ
775 602 855 629 τοῦτο

70 649 193 684 σημαίνει
217 649 267 682 μὲν
289 649 321 675 τὺ
345 648 417 675 θεῖον
429 657 437 664 ·
457 649 585 684 σημαίνει
603 649 633 676 δὲ
647 649 694 675 καὶ
711 649 742 675 τὸ
754 649 854 684 πρᾶον,

68 695 131 722 ἀλλὰ
144 695 193 722 καὶ
207 695 238 721 τὸ
253 695 406 730 θαυμάσιον
425 696 473 722 καὶ
494 695 526 722 τὸ
541 695 620 723 πολὺ.
638 696 694 722 Καὶ
708 695 738 722 τὸ
753 695 853 730 κομιδῇ

69 742 95 769 δὲ
108 742 147 773 εἰς
158 750 189 767 τε
205 741 238 767 τὸ
251 741 311 767 λίαν
326 741 469 776 διαιρεῖται
486 740 535 767 καὶ
549 742 590 773 είς
603 741 635 768 τὸ
655 740 795 772 παντελῶς
807 740 855 767 καὶ

69 787 220 823 εξλικρινῶς
232 795 262 813 τε
276 787 310 823 δὴ
325 788 373 814 καὶ
386 787 508 818 τελείως.
524 787 607 814 Ἀλλὰ
619 787 667 814 καὶ
679 787 710 814 τὸ
720 787 790 818 τέως
799 787 854 814 δια-

71 835 169 869 φόρους
182 833 302 865 διανοίας
318 834 438 869 περιέχει
447 841 455 850 ο
470 833 584 869 καὶγὰρ
596 833 723 860 τάττεται
738 833 790 868 μὲν
806 834 854 859 καὶ

906 235 982 264 ditus
992 239 1035 263 est
1045 244 1052 261 τ
1070 234 1242 270 peculiariter
1253 239 1343 262 tamen
1353 235 1397 269 qui
1407 234 1501 269 logieis
1509 234 1642 262 doctrinis
1652 235 1698 262 dat

905 288 1034 316 operam:
1065 281 1130 308 item
1157 280 1204 315 qui
1231 281 1373 315 prudentia
1399 280 1506 309 caeteris
1538 281 1696 309 antecellit:

905 328 971 356 item
996 328 1143 354 virtutibus
1167 331 1327 354 exornatum
1347 336 1354 354 :
1380 328 1445 356 item
1461 328 1545 356 rebus
1567 329 1696 363 gerendis

909 374 1050 407 idoneum,
1060 379 1086 401 et
1101 373 1190 409 quiad
1204 374 1429 408 consequendum
1445 374 1614 409 propositqu
1628 374 1697 401 bene

905 419 1058 448 instructus
1075 419 1182 447 videtur
1196 428 1204 446 :
1220 420 1292 446 unde
1309 424 1337 446 et
1363 419 1430 447 illud
1456 420 1581 452 ell‘atum,
1601 420 1697 447 Sciens

905 469 964 491 erat
980 469 1007 492 et
1022 465 1093 493 male
1108 465 1236 498 faciendi,
1248 470 1276 492 et
1296 472 1373 500 atque
1387 465 1514 492 virtutem
1537 465 1692 492 exercendi.

905 509 974 538 Cum
990 510 1034 538 his
1047 518 1103 538 non
1122 510 1241 538 absurde
1250 510 1461 538 coacervabitur
1486 510 1567 537 etiam
1596 509 1695 536 θεσπέ-

905 564 975 590 σιον,
991 557 1064 592 quod
1075 557 1230 592 explicatur
1240 556 1376 590 divinum,
1390 557 1510 591 itemque
1520 557 1583 584 mite
1603 561 1631 583 et
1642 557 1696 583 mi-

905 602 1014 630 riﬁcum
1030 609 1057 631 et
1071 604 1224 638 copiosum.
1249 602 1310 630 Jam
1339 608 1366 631 et
1382 604 1481 639 κομιδῇ
1511 602 1644 630 dividitur
1669 603 1697 630 in

904 649 993 680 valde,
1008 654 1036 676 et
1058 643 1182 684 prorsus,
1205 654 1232 677 et
1247 649 1403 682 manifeste,
1429 654 1456 677 et
1480 649 1642 682 nniversim,
1670 653 1698 676 et

904 695 1035 729 perfecte.
1055 695 1131 726 Τέως
1145 702 1255 730 quoque
1269 695 1426 730 complures
1435 695 1606 730 signiﬁcatus
1621 703 1698 723 com-
1721 697 1727 701 ’

906 740 1051 775 plectitur:
1076 748 1139 767 nam
1160 741 1269 775 ponitur
1288 749 1337 776 pro
1353 741 1474 774 interim,
1490 746 1517 768 et
1534 749 1583 776 pro
1606 741 1694 776 prius.

903 792 930 814 et
943 795 992 822 pro
1013 795 1100 822 usque
1109 787 1186 819 dum,
1196 790 1224 814 et
1235 794 1284 821 pro
1297 787 1322 813 in
1334 791 1450 814 tantum.
1469 787 1557 821 Atque
1569 786 1698 822 ἀλάστωρ

907 832 1043 868 signiﬁcat
1061 833 1174 868 quidem
1188 832 1351 867 simpliciter
1363 832 1535 866 maleﬁcum;
1553 832 1599 860 sed
1606 838 1698 859 tamen

67 881 111 906 ἐπὶ
130 879 178 906 τοῦ
203 879 272 911 τέως
283 887 291 894 ·
306 879 435 905 τάττεται
449 878 478 906 δὲ
495 879 542 906 καὶ
556 879 603 905 ἐπὶ
616 878 663 905 τοῦ
678 878 742 913 πρίν
757 886 765 894 ·
782 877 852 905 ἀλλὰ

947 878 1044 907 :nilicat
1072 878 1154 906 etiam
1185 879 1232 913 qui
1249 886 1333 906 manu
1357 879 1467 914 propria
1487 880 1588 906 caedem
1610 878 1697 906 facit:

66 926 112 952 καὶ
125 924 172 951 ἐπὶ
185 924 232 951 τοῦ
243 924 296 956 ἓως
308 924 390 955 τινος·
403 923 480 959 δηλοῖ
494 923 523 950 δὲ
535 924 583 950 καὶ
600 923 631 950 τὸ
645 922 693 949 ἐπὶ
713 921 851 950 τοσοῦτον.

66 971 120 998 Καὶ
133 971 148 997 ό
163 969 291 1006 ἀλάστωρ
304 969 334 996 δὲ
354 969 481 1005 σημαίνει
498 970 547 1004 μὲν
563 968 656 1000 ἁπλῶς
673 969 719 995 τὸν
735 968 855 1004 κακοῦρ-

65 1026 110 1051 γον
122 1024 130 1031 ’
151 1015 280 1051 σημαίνει
300 1015 330 1042 δὲ
343 1014 453 1042 καὶτὸν
473 1014 632 1050 αὐτοχειρίᾳ
652 1014 733 1048 φόνον
759 1015 855 1049 εἰργα-

66 1063 173 1097 σμένον
184 1061 254 1088 ἀλλά
265 1070 298 1096 γε
315 1061 348 1097 δὴ
365 1061 412 1088 καὶ
424 1061 469 1088 τὸν
485 1061 628 1093 ἐπεξιόντα
636 1060 749 1092 τούτους
768 1061 806 1092 ὡς
821 1060 856 1087 τὰ

67 1110 172 1136 ἄλαστα
185 1107 410 1140 ἑπισκοποῦντος,
433 1108 558 1139 καὶτοὺς
579 1107 776 1142 εἰργασμένους
797 1107 854 1133 εισ-

66 1155 224 1189 πραττοντα
236 1153 324 1185 δίκας·
336 1153 411 1180 ἐνθεν
424 1152 488 1188 παρ’
503 1153 595 1184 αὐτοῖς
608 1153 655 1179 καὶ
670 1153 685 1179 ὁ
700 1152 768 1183 Ζεὺς
788 1152 857 1180 ἁλά-

66 1208 148 1235 στωρ.
170 1199 271 1235 Εὗροις
283 1198 312 1225 δ’
327 1198 361 1226 ἂν
380 1199 428 1225 καὶ
443 1198 474 1225 τὸ
490 1198 558 1225 πῦον
576 1199 615 1230 είς
635 1199 715 1225 πέντε
727 1198 850 1234 διαιρού-

66 1254 146 1280 μενον
169 1245 370 1280 σημαινόμενα·
396 1245 436 1277 είς
457 1253 488 1271 τε
511 1245 561 1276 τὰς
577 1244 630 1280 πρὸ
651 1244 698 1271 τοῦ
717 1244 855 1278 γάλακτος

65 1291 175 1326 ῥανίδας
190 1290 246 1316 τῶν
263 1289 353 1326 θηλῶν
367 1289 585 1325 ἀποθλισομένας
596 1297 603 1305 ·
628 1291 675 1316 καὶ
691 1291 731 1322 εἰς
746 1289 813 1316 αὐτὸ
826 1289 856 1316 τὺ

63 1336 134 1370 γάλα
144 1344 152 1351 ·
167 1337 217 1362 καὶ
235 1336 290 1371 μὴν
307 1336 357 1362 καὶ
370 1336 410 1367 είς
427 1336 458 1362 τὸ
473 1335 678 1371 μταὸεὸληκὺς
702 1332 773 1370 αἷμα
809 1335 858 1361 καὶ

64 1382 95 1417 δὴ
113 1382 161 1409 καὶ
185 1382 226 1414 είς
247 1382 280 1408 τὸ
300 1381 474 1416 γαλακτῶδες
499 1381 592 1417 ὑγρὸν,
611 1381 679 1416 ὅπερ
701 1381 749 1408 καὶ
777 1380 856 1417 ὀρρδν

66 1428 193 1455 καλοῦσι’
212 1428 286 1459 τινὲς
301 1428 330 1454 δὲ
343 1427 411 1454 πῦον
430 1427 542 1455 καλοῦσι
561 1427 609 1454 καὶ
622 1427 653 1454 τὸ
668 1427 727 1454 νέον
743 1427 782 1461 τῷ
794 1427 857 1462 χθε-

65 1475 131 1510 σινῷ
155 1474 309 1509 συνεψηθὲν
333 1474 416 1508 γάλα.
436 1471 497 1500 Οῐδε
517 1473 546 1500 δὲ
562 1473 610 1500 καὶ
625 1473 655 1500 τὸ
671 1471 728 1500 εἷεν
741 1472 858 1508 διάφορα

65 1521 208 1556 σημαίνειν
220 1527 228 1534 ·
251 1519 298 1546 καὶ
321 1519 376 1559 γὰρ
397 1518 642 1568 παραλαμϐάνεται
665 1518 715 1553 μὲν
730 1518 768 1568 di;
784 1517 858 1568 αρχὴ
872 1539 894 1568 c

64 1566 145 1600 λόγου
158 1575 166 1581 ·
184 1565 431 1602 παμλαμῦάνεται
447 1564 475 1590 δὲ
489 1563 536 1590 χαὶ
558 1564 604 1591 ἐπὶ
625 1562 813 1595 κατανεύσεώς
829 1571 859 1589 τε

65 1603 114 1639 χᾶι
129 1610 359 1645 συγκαταθέσεως
371 1617 378 1625 ·
399 1610 424 1636 ot
436 1609 465 1636 δὲ
479 1608 714 1643 συλλαμϐάνοντες
727 1607 811 1643 ἄμφω
824 1606 862 1633 τὰ

64 1659 201 1694 εἰρημένα
231 1655 432 1692 συγκατάθεσιν
456 1663 487 1682 τε
510 1653 610 1690 δηλοῦν
632 1653 698 1681 αὐτὸ
716 1653 859 1689 βούλονται

64 1705 118 1730 τῶν
132 1705 163 1730 ὲν
177 1703 218 1738 τῷ
233 1702 307 1738 λόγῳ
319 1701 539 1738 προειρημένων,
555 1701 603 1728 καὶ
616 1700 704 1736 ἀρχὴν
718 1699 774 1727 τῶν
793 1699 858 1735 μελ-

65 1749 166 1776 λᾶντων
181 1748 322 1784 είρῆσθαι’
336 1748 406 1775 ἀλλὰ
420 1747 467 1774 καὶ
481 1748 542 1774 ἀντὶ
555 1747 606 1773 τοῦ
619 1746 672 1781 ἄγε
685 1746 717 1782 δὴ
734 1747 771 1782 τῇ
782 1747 859 1782 φωνῇ

66 1796 226 1832 κέχρηνται·
251 1797 308 1826 τοῖς
330 1794 360 1822 δὲ
383 1793 628 1830 παραλαμϐάνεται.
651 1794 700 1820 καὶ
724 1794 793 1820 κατὰ
810 1792 857 1819 τοῦ

67 1841 152 1866 ἐπαῖω
165 1841 214 1867 καὶ
230 1839 355 1875 συνίημι.
370 1839 426 1866 Καὶ
440 1839 600 1874 πολύστιχον
614 1838 650 1865 ἄν
664 1847 705 1870 τις
719 1838 857 1874 ὰπαρτίσῃ

66 1886 170 1922 βίϐλον,
180 1887 233 1912 οὐκ
244 1886 294 1912 ἐὰν
307 1884 390 1912 ποθὲν
402 1885 450 1917 τὰς
461 1884 634 1919 πολυσήμους
645 1883 736 1919 φωνὰς
750 1884 858 1915 ἁπάσας

64 1931 226 1967 περιλαϐεῖν
236 1930 374 1966 ὲθελήσοι,
381 1929 501 1966 ἐργῶδές
509 1938 539 1956 τε
547 1930 601 1966 γὰρ
606 1929 686 1956 τοῦτο
693 1931 739 1956 καὶ
746 1929 858 1964 πλησίον

65 1979 119 2003 τῶν
131 1977 300 2011 ἀνεφίκτων,
314 1975 371 2003 ἀλλ’
383 1976 431 2003 ἐὰν
444 1977 483 2008 εἰς
497 1975 525 2002 ἓν
539 1976 705 2010 συναγαγεῖν
715 1974 858 2010 βουληθείη

65 2025 114 2054 τὰς
131 2023 180 2049 ἐπὶ
200 2022 284 2048 πλέον
295 2022 351 2048 τῶν
368 2021 456 2048 ἀλλων
472 2021 610 2055 συνήθεις,
629 2021 677 2047 καὶ
691 2021 749 2051 τοῖς
769 2020 858 2053 λόγοις

66 2069 170 2103 μᾶλλον
187 2067 408 2099 ἐπιπολαζούσας
421 2075 428 2083 ·
453 2064 499 2094 οἷα
518 2067 551 2103 δὴ
572 2067 619 2094 καὶ
640 2067 707 2102 ἡμῖν
732 2065 857 2101 ἐπράχθη

63 2115 114 2149 τὴν
124 2113 182 2140 τῶν
199 2114 351 2149 μειρακίων
364 2112 529 2148 ήλικίαν,ὠς
542 2112 588 2138 καὶ
601 2111 680 2143 αὐτὸς
689 2108 777 2143 οἶσθα,
788 2119 858 2146 παρ-

66 2161 230 2188 αλλάττουσι
240 2160 309 2195 (ως)-
321 2159 381 2186 νυνὶ
389 2159 417 2186 δὲ
430 2160 478 2185 καὶ
489 2159 549 2185 ὅσαι
560 2159 694 2193 εἴρηνται,
702 2157 752 2193 τὴν
762 2157 857 2193 χρείαν

65 2206 196 2241 αὐτάρκη
211 2204 399 2240 παρέχονται·
425 2203 472 2230 καὶ
493 2203 555 2230 οὐδὲ
575 2203 621 2230 ἐπὶ
636 2202 763 2229 τοσοῦτον
789 2203 822 2229 ἂν
843 2203 857 2228 ό
870 2205 897 2235 D

66 2254 133 2288 περὶ
149 2252 242 2278 αὐτῶν
257 2250 378 2287 προῆλθε
393 2251 482 2284 λόγος’
501 2249 579 2284 φίλον
596 2249 650 2284 γὰρ
663 2249 706 2276 ἀεί
722 2258 767 2284 μοι
784 2248 856 2276 διευ-

64 2298 212 2324 λαϐεῖσθαι
223 2297 254 2323 τὸ
267 2295 460 2331 ἀπειρόκαλον·
477 2295 501 2321 εἰ
516 2295 555 2330 μὴ
568 2294 697 2326 πολλάκις
709 2294 774 2329 περὶ
788 2293 861 2326 ἐνίας

68 2343 119 2369 τῶν
132 2341 378 2378 διευκρινηθέντων
399 2341 498 2373 λέξεων
511 2339 625 2371 πολλοὺς
639 2336 698 2366 οἶδα
713 2339 860 2374 συζητοῦν-

67 2398 115 2421 τας
128 2389 178 2416 καὶ
192 2387 311 2423 σπουδὴν
326 2389 364 2418 είς
381 2386 500 2423 μάθησιν
515 2385 735 2419 συνεισάγοντας.

102 2434 137 2470 β’.
165 2433 247 2460 Ἀλλὰ
260 2433 315 2468 γάρ
347 2431 481 2466 τοσαύτης
499 2429 630 2465 ἀφθονίας
660 2426 860 2464 εὑρισκομένης

62 2482 121 2507 τῶν
131 2480 300 2515 πολυσήμων
317 2479 346 2505 ἐν
360 2479 417 2510 τοῖς
429 2477 484 2504 τῶν
510 2476 631 2512 ἀρχαίων
660 2475 858 2510 συντάγμασιν,

50 2524 104 2553 ’ὧν
120 2527 135 2554 ὁ
151 2525 211 2561 βίος
227 2524 306 2561 εἴπερ
319 2523 420 2551 τιᾶλλο
433 2522 553 2557 λογάδων
575 2521 673 2554 λέξεων
687 2521 704 2556 ἡ
715 2521 807 2555 σοφία,
834 2521 860 2546 τί

62 2574 169 2601 κωλύει
181 2574 230 2601 καὶ
245 2575 305 2604 ταῖς
320 2573 470 2607 ἡμετέραις
495 2569 666 2605 ίερολογίαις,
679 2565 723 2600 αἶς
736 2567 791 2594 τῶν
806 2575 858 2594 σω-

60 2622 172 2657 τηρίων
183 2621 272 2656 ἔργων
286 2619 388 2651 σκοπὸς
402 2618 419 2653 ἢ
430 2617 588 2645 διδασκαλία
597 2616 643 2643 καὶ
657 2616 673 2651 ὴ
688 2615 859 2650 παραίνεσις,

60 2669 205 2704 διαφόρων
230 2667 420 2702 ὑποκειμένων
461 2666 605 2701 σήμαντρα
637 2662 862 2698 παραλαμϐάνειν

906 924 1020 958 insuper
1045 929 1073 952 et
1090 932 1153 952 eum
1178 924 1224 959 qui
1255 924 1415 960 hujusmodi
1443 924 1577 952 scelestos
1602 932 1694 959 perse-

906 970 1010 1005 quitur,
1029 978 1127 1002 nempe
1152 971 1199 1006 qui
1222 971 1250 998 in
1267 971 1399 998 maleﬁcia
1417 971 1621 1002 animadvertit.
1639 979 1698 1006 pa:-

906 1024 1011 1051 nasque
1031 1024 1046 1043 ιι
1063 1017 1116 1044 reis
1145 1017 1286 1052 reposcit:
1314 1017 1387 1044 unde
1415 1017 1497 1044 etiam
1524 1017 1630 1052 Jupiter
1662 1017 1698 1044 ab

906 1062 1023 1090 ethnicis
1039 1063 1128 1089 dictus
1151 1062 1289 1098 ἀλάστωρ.
1315 1062 1386 1089 Πῦον
1413 1070 1522 1098 quoque
1551 1063 1652 1090 senties
1669 1063 1697 1090 in

906 1110 1027 1144 quinque
1042 1108 1211 1143 signiﬁcatus
1227 1108 1323 1136 abire:
1341 1116 1439 1143 nempe
1464 1108 1698 1143 signiﬁcatstillas

906 1153 1069 1188 papillarum
1091 1158 1155 1180 ante
1175 1154 1216 1180 lac
1233 1160 1388 1188 expressas,
1413 1154 1454 1181 lac
1469 1154 1572 1188 ipsum,
1601 1159 1698 1181 tumet

907 1199 1067 1234 sanguinem
1092 1204 1264 1234 corruptunt,
1291 1203 1349 1226 tum
1378 1199 1497 1234 denique
1529 1199 1697 1227 subvirident

907 1245 1050 1272 humorem
1077 1245 1192 1273 lacteum
1222 1245 1295 1280 quod
1318 1253 1409 1273 serum
1420 1251 1528 1274 vocant.
1555 1246 1697 1274 lmonon-

908 1291 974 1318 nulli
991 1290 1062 1317 πῦον
1078 1291 1216 1326 appellant
1234 1299 1334 1318 novum
1350 1292 1394 1319 lac
1412 1299 1474 1319 cum
1490 1293 1617 1320 lie5teruo
1632 1300 1698 1320 con-

907 1341 1029 1364 coctum.
1044 1337 1163 1365 Verbum
1190 1345 1299 1372 quoque
1323 1336 1378 1364 εἷεν
1401 1338 1509 1366 diversa
1537 1339 1695 1373 signiﬁcare

908 1383 978 1410 solet
995 1392 1002 1410 :
1017 1390 1080 1410 nam
1096 1388 1123 1410 et
1140 1383 1250 1411 initium
1264 1384 1399 1411 orationis
1408 1388 1469 1418 est;
1485 1388 1513 1412 et
1531 1385 1565 1412 ad
1582 1392 1699 1412 conces-

909 1428 1014 1456 sionem
1043 1436 1267 1464 consensumque
1291 1429 1450 1457 adhibetur.
1479 1429 1608 1458 Nonnulli
1633 1438 1700 1457 vero

909 1478 1057 1510 utrumque
1080 1475 1275 1510 amplectentes
1300 1475 1465 1511 praedictum
1501 1476 1698 1512 signiﬁcatum,

911 1529 976 1548 voce
989 1522 1039 1549 hac
1053 1527 1079 1549 et
1099 1521 1323 1556 approbationem
1339 1527 1403 1550 ante
1427 1523 1563 1551 dictorum
1589 1524 1615 1551 iu
1640 1532 1699 1551 ser-

911 1574 993 1594 mone
1013 1567 1196 1595 demonstrari
1219 1568 1314 1601 aiunt.
1330 1573 1358 1596 et
1385 1569 1492 1596 initium
1514 1577 1577 1597 mox
1606 1570 1701 1598 dicen-

911 1614 1018 1639 dorum.
1043 1613 1162 1640 Utuntur
1187 1613 1240 1641 hac
1266 1621 1333 1642 voce
1357 1615 1439 1642 etiam
1467 1623 1517 1650 pro
1536 1623 1591 1651 vage
1620 1624 1698 1645 vero.

909 1659 1025 1693 Quidam
1044 1659 1163 1694 denique
1179 1660 1318 1695 accipiunt
1333 1662 1416 1688 etiam
1435 1669 1484 1696 pro
1511 1663 1595 1690 audio
1609 1668 1636 1690 et
1649 1671 1699 1698 pro

909 1705 1041 1740 intelligo.
1061 1705 1187 1739 Ampium
1203 1706 1339 1733 coniicere
1365 1706 1459 1734 liceret
1474 1707 1614 1736 volumen.
1643 1715 1698 1734 non

909 1751 970 1779 dico
994 1752 1030 1779 ob
1056 1751 1257 1779 coaeervandas
1287 1752 1408 1787 undique
1434 1753 1502 1780 varii
1523 1754 1699 1788 signiﬁcatus

909 1806 992 1827 voces
1008 1799 1082 1835 (nam
1104 1799 1131 1826 id
1141 1807 1286 1834 operosum
1305 1805 1331 1826 et
1347 1807 1430 1834 prope
1443 1800 1635 1835 intp03sibile).
1650 1803 1698 1829 sed

909 1845 934 1872 si
948 1845 1011 1880 quis
1021 1845 1062 1872 vel
1074 1845 1232 1872 usitatiores
1244 1847 1433 1874 tantummodo
1449 1854 1599 1881 congerere
1607 1847 1698 1881 Vellet,

909 1896 934 1919 et
947 1899 1008 1926 quae
1020 1892 1047 1918 in
1064 1899 1217 1919 sermonem
1241 1891 1410 1926 frequentius
1427 1893 1591 1926 incurrunt;
1607 1893 1699 1927 cujus-

910 1937 982 1964 modi
1002 1945 1071 1972 opus
1084 1946 1097 1965 :i
1115 1945 1158 1964 me
1182 1938 1242 1971 ipso
1261 1937 1414 1965 confectum
1430 1938 1491 1970 fuit.
1509 1943 1539 1966 ut
1563 1939 1629 1972 scis,
1644 1946 1700 1974 quo

910 1988 1031 2018 tempore
1057 1984 1180 2018 epueris
1206 1984 1384 2012 excedebam.
1418 1984 1497 2012 Nunc
1522 1989 1611 2013 tamen
1637 1994 1700 2021 quae

910 2029 1043 2057 hactenus
1069 2030 1137 2060 dixi.
1169 2030 1207 2058 rei
1237 2031 1365 2063 praesenti
1400 2031 1510 2058 aliunde
1549 2030 1698 2060 suilicinnt.

910 2074 967 2102 lmo
992 2083 1026 2102 ne
1053 2076 1146 2104 tandiu
1178 2077 1289 2111 quidem
1325 2085 1479 2105 sermonem
1506 2079 1698 2113 produxissem

909 2123 985 2155 (nam
1001 2123 1065 2149 mihi
1094 2122 1129 2149 ab
1159 2122 1306 2150 insolentia
1325 2124 1438 2152 cavendi
1466 2132 1528 2152 mos
1549 2130 1699 2160 perpetuus

911 2167 986 2202 fuit),
1003 2168 1054 2194 nisi
1068 2175 1258 2203 saepenumero
1269 2169 1524 2197 animadvertissem
1540 2171 1611 2198 circa
1629 2179 1700 2198 non~

910 2213 1001 2240 nullas
1022 2215 1168 2249 caiteroqui
1186 2214 1269 2249 probe
1294 2215 1450 2250 exploratas
1472 2223 1564 2248 voces,
1598 2217 1699 2243 multos

910 2258 1001 2285 adhuc
1020 2258 1173 2293 disputare,
1186 2259 1362 2295 studiumque
1381 2260 1416 2289 ad
1431 2268 1478 2289 eas
1494 2262 1700 2296 cognoscendus

909 2304 1044 2332 conferre.

947 2435 975 2463 9..
999 2436 1055 2471 Age
1073 2443 1135 2463 vero
1150 2443 1212 2463 cum
1229 2441 1304 2464 tanta
1319 2437 1354 2464 sit
1367 2437 1595 2473 signiﬁcationum
1611 2438 1700 2465 varia-

911 2491 973 2510 rum
987 2482 1063 2516 copia
1082 2481 1108 2508 iu
1128 2482 1238 2516 scriptis
1255 2488 1373 2509 vetet'uut
1385 2504 1392 2516 ,
1407 2491 1522 2518 quorum
1536 2484 1596 2510 vitio
1611 2485 1698 2511 curri-

911 2528 1002 2556 Culum
1016 2529 1042 2555 in
1057 2528 1170 2556 scicntia
1188 2529 1321 2563 prmeipue
1334 2529 1537 2564 deligendorum
1556 2531 1699 2557 verborum

912 2579 1107 2609 consumptum
1135 2574 1202 2606 fuit;
1226 2574 1289 2608 quid
1317 2574 1344 2601 ni
1369 2580 1469 2602 nostra:
1492 2583 1602 2609 quoque
1628 2576 1700 2603 Scri-

914 2625 999 2655 ptum:
1014 2628 1117 2652 sat-rat,
1144 2628 1258 2654 quarum
1278 2625 1366 2647 tamen
1393 2620 1455 2648 ﬁnis
1477 2625 1520 2648 est
1539 2621 1699 2648 salutat-inut

917 2673 1030 2700 0pcrum
1051 2665 1238 2700 magisterium
1252 2670 1280 2693 et
1296 2665 1408 2699 suasio,
1427 2667 1492 2701 quid
1514 2666 1559 2699 ni,
1577 2666 1700 2700 inquam,

832 2733 949 2761 NOTAE.

101 2807 160 2843 (56)
178 2807 246 2835 Hinc
257 2807 449 2841 cognoscimus
476 2813 529 2843 qua
547 2804 762 2843 tetateLexieon
778 2812 858 2843 suum

59 2840 217 2870 confecerit
245 2840 374 2875 Photins;
395 2840 719 2876 qnam’lucuhrationem
746 2840 861 2867 antehac

59 2878 210 2910 ineditani.
231 2883 326 2907 nostra
342 2875 453 2905 domum
469 2881 548 2905 relate
562 2876 682 2911 vulgavit
702 2875 799 2910 Lipsiae
815 2882 860 2902 an.

907 2804 976 2845 i808
1045 2803 1226 2865 lleémannus,
1243 2811 1296 2830 non
1321 2808 1409 2831 tamen
1426 2803 1484 2830 sine
1500 2801 1577 2837 gravi
1601 2802 1700 2832 lacuna

908 2845 979 2865 Inter
996 2860 1004 2865 .
1033 2844 1060 2865 el.
1099 2859 1105 2865 .

908 2844 979 2867 inter
996 2844 1018 2865 Δ
1033 2844 1060 2867 et
1076 2844 1105 2866 IS.
