1882 3075
179 151 232 182 155

755 146 887 178 ΡΗΟΤΠ
907 146 925 176 Ρ

1045 145 1161 176 .BCII/E
1178 146 1232 176 (ΞΡ.
1757 147 1801 180 156

172 207 253 235 verba
268 204 427 234 notionibus
449 203 511 232 aliis
529 207 611 239 atque
631 203 692 230 aliis
709 204 819 238 prmdita
844 209 924 236 comp

1047 202 1136 237 όματα
1149 211 1156 235 ;
1169 202 1210 229 διὸ
1227 201 1273 229 καὶ
1290 202 1320 228 τὸ
1331 201 1479 238 ἀπεκρίθη,
1498 201 1567 238 ὓπερ
1582 210 1612 228 σε
1628 201 1756 235 πολλάκις
1767 206 1804 235 εἰς

169 251 390 284 ctantur?Quare
398 249 578 285 θιάπεκρίθη,
586 249 658 283 quod
674 249 720 275 tibi
730 248 891 276 vocabulum
900 255 970 282 saepe

171 298 369 326 dubitationem
380 295 505 330 iniecisse
521 295 574 325 ais.
594 294 636 330 (ut
651 302 724 320 nunc
740 296 862 320 omittam
882 292 969 328 signi-

171 345 327 376 tieantiam,
348 347 502 377 separatum
528 346 586 373 est;
613 344 641 367 et
663 348 730 375 quas
754 340 852 367 medici
878 339 969 374 appri-

170 398 213 418 me
229 390 346 419 callent.
368 387 517 415 sudoribus
535 387 670 422 digestum
684 407 692 419 ,
713 391 740 413 et
752 391 892 414 excretum
906 404 913 418 ,
938 388 967 412 et

169 436 243 464 vasis
258 435 384 466 eﬁusum,
401 438 428 460 et
443 434 469 460 in
484 434 538 461 hoc
549 433 657 467 desivit)
680 441 729 468 pro
744 433 910 466 divinarum,
926 431 968 458 in-

170 489 251 516 quam
263 502 270 515 ,
288 481 438 508 litterarum
455 487 504 506 usu
517 478 656 514 ἀπεκρίθη
669 478 805 514 signiﬁcat
827 479 853 505 id
864 498 871 511 ,
894 476 967 512 quod

171 535 253 554 nemo
269 526 372 558 nescit,
385 532 546 560 responsum
562 524 596 551 ad
614 524 869 560 interrogationem.
890 523 967 558 Saepe

168 573 251 600 etiam
264 571 428 606 erpletivum
438 570 599 597 vocabulum
611 574 668 602 est;
683 570 819 597 interdum
832 569 966 596 sermonis

168 618 310 645 exordium
324 621 366 645 est
380 626 386 649 ;
403 621 461 644 tum
473 618 556 644 etiam
573 618 683 643 denotat
698 624 793 644 eorum
813 624 875 651 quae
893 616 965 643 dicta

169 663 278 690 fuerunt
292 662 485 690 admissionem
499 671 506 694 ;
522 663 586 689 item
605 662 693 688 oravit
704 682 711 694 ,
727 662 889 696 deprecatus
903 666 944 688 est
956 669 963 694 ;

168 713 224 735 tum
239 709 356 742 denique
371 707 549 742 interrogavit
563 715 672 742 quoque
686 707 842 742 signiﬁcare
854 713 964 740 compe-

167 755 232 782 ries.
252 754 311 781 lam
331 754 390 789 ejus
410 753 594 788 signiﬁcatus,
617 761 698 788 quem
729 761 825 780 omnes
848 758 964 791 norunt,

167 801 251 828 multa
265 805 346 835 atque
357 800 435 827 obvia
445 799 600 827 testimonia
614 804 687 827 sunt.
701 798 800 831 Veluti,
816 809 825 824 ι
840 798 964 834 Respon-

167 849 233 874 deus
249 847 342 873 Simon
356 847 453 873 Petrus
467 846 505 873 ait
531 854 538 871 :
565 845 604 872 Tu
618 853 648 873 es
663 846 788 873 Christus
811 845 897 872 Filius
917 845 963 872 Dei

166 894 221 921 vivi
235 894 268 920 ".
287 903 296 919 ι
327 892 394 920 Nam
419 893 564 920 Dominicte
582 893 788 928 interrogationi
815 900 875 927 qtue
896 900 964 927 prae-

167 944 294 972 cesserat,
307 948 316 965 (
332 939 387 966 Vos
401 943 500 973 autem,
519 947 598 974 quem
615 947 657 966 me
672 947 733 966 esse
749 939 841 966 dicitis
862 949 871 965 ›
884 947 962 966 suam

169 993 197 1014 ct
226 987 477 1022 condiscipulorum
506 986 668 1014 sententiam
691 986 816 1021 princeps
834 985 962 1013 subdidit.

169 1033 233 1060 ltetn
251 1033 277 1059 in
296 1040 327 1060 ea
347 1032 500 1059 locutione:
522 1041 531 1056 ι
549 1031 801 1066 Responditdiccns
819 1041 825 1058 :
840 1030 891 1063 Qui
918 1031 964 1057 ha-

171 1079 217 1106 bet
245 1078 313 1105 duas
336 1079 442 1105 tunicas
458 1097 466 1110 ,
495 1077 630 1111 impertiat
655 1077 692 1103 illi
729 1077 774 1111 qui
799 1082 874 1104 caret
890 1076 912 1092 ⁵⁸
931 1083 961 1108 ;ι

169 1124 240 1151 idem
257 1132 353 1151 sensus
369 1125 563 1158 cognoscitur;
580 1123 671 1150 erudit
686 1123 758 1150 enim
775 1124 869 1150 turbas
880 1143 887 1155 ,
901 1130 964 1157 quae

168 1179 230 1198 eum
253 1175 416 1204 rogaverunt
436 1177 554 1204 quonam
579 1175 657 1204 pacto
677 1170 792 1197 salutem
813 1177 964 1205 conseque-

167 1221 271 1244 renttl‘.
293 1215 379 1243 Sicuti
397 1216 501 1243 etiam;
534 1225 544 1241 ‹
559 1215 709 1251 Respondit
732 1217 771 1244 eis
790 1215 910 1243 Joannes
923 1216 962 1243 di-

166 1270 251 1290 cens:
267 1262 322 1298 Ego
333 1270 404 1297 aqua
416 1263 540 1297 baptizo;
558 1263 663 1289 medius
674 1268 763 1289 autem
778 1268 896 1290 ve-trum
910 1266 962 1294 est,

167 1317 247 1344 quem
266 1316 314 1336 vos
329 1309 479 1336 nescitis".
501 1317 510 1334 ι
526 1308 649 1340 Namque
667 1310 790 1341 \erbum,
809 1309 960 1344 respondit,

169 1355 296 1381 eumdem
312 1362 392 1381 usum
409 1359 436 1381 et
452 1354 504 1381 hoc
520 1354 579 1380 loco
594 1358 747 1380 conservat.
766 1353 896 1381 Sexcenta
910 1353 963 1380 alia

167 1401 301 1435 ejusmodi
319 1404 393 1428 sunt.
410 1400 462 1427 Sed
476 1399 549 1426 enim
572 1399 749 1426 locutionem:
765 1410 774 1424 ι
790 1400 964 1434 lllntempore

168 1446 335 1481 respondens
349 1445 428 1473 Jesus
440 1445 528 1473 dixit:
545 1444 683 1473 Conﬁteor
696 1445 754 1477 tibi,
767 1445 846 1472 Pater
860 1445 922 1472 caeli
937 1449 964 1473 et

170 1498 250 1520 terra:
261 1493 301 1525 ";
314 1502 323 1518 ι
340 1492 419 1524 hanc,
434 1492 556 1526 inquam,
570 1496 678 1518 constat
689 1498 703 1517 a
719 1492 888 1526 praecedente
901 1499 962 1519 sen-

1021 247 1188 282 ἀμφιϐολίαν
1202 248 1271 281 ἔφης
1283 247 1412 283 ὲμὸαλεῖν
1426 256 1432 262 ·
1452 248 1496 274 ἵνα
1512 247 1559 274 νῦν
1588 247 1660 275 ἐάσω
1672 249 1701 274 τὺ
1717 249 1803 284 διεχω-

1021 293 1101 329 ρίσθη
1118 301 1125 308 ·
1142 294 1188 320 καὶ
1203 293 1217 320 ὂ
1233 293 1349 328 μάλιστα
1363 293 1458 324 παῖδες
1471 294 1572 329 ἰατρῶν
1589 294 1662 320 ῐσασι
1678 294 1708 320 τὸ
1718 294 1806 328 διεφο-

1022 339 1091 374 ρήθη
1107 347 1147 371 τε,
1165 340 1212 366 καὶ
1223 339 1361 375 ἐξεκρίθη,
1378 340 1426 366 καὶ
1436 339 1561 374 ἐξεχύθη,
1589 339 1637 366 καὶ
1671 340 1710 371 είς
1730 340 1806 367 τοῦτο

1020 385 1169 420 κατέληξεν
1185 393 1192 400 '
1207 385 1264 412 ἀλλ’
1279 385 1321 419 ἐφ’
1334 382 1371 413 ὧν
1388 394 1419 420 γε
1431 386 1548 421 συνήθης
1575 386 1633 412 ἐστὶ
1647 386 1701 412 τῶν
1715 386 1805 412 θεοσό-

1019 440 1077 466 φων
1092 432 1108 467 ἠ
1120 432 1218 467 χρῆσις
1234 431 1343 466 λογίων,
1353 432 1481 468 σημαίνει
1500 432 1549 467 μὲν
1559 424 1588 458 τὸ
1603 432 1748 467 ἀπεκρίθη,
1760 433 1805 458 καὶ

1018 479 1051 513 ἢν
1065 477 1152 509 οὐδεὶς
1165 478 1258 511 ἀγνοεῖ
1269 478 1398 511 διάνοιαν,
1415 478 1476 513 ἥτις
1494 478 1542 505 καὶ
1555 478 1622 513 πρὸς
1638 477 1688 512 τὴν
1703 478 1804 512 ἐρώτη-

1018 531 1061 549 σιν
1078 522 1233 549 ἀποδίδοται
1248 531 1255 538 ·
1270 523 1400 555 πολλάκις
1416 523 1444 550 δὲ
1473 524 1521 550 καὶ
1546 523 1804 558 παραπληρώματος

1017 571 1110 605 ἐπέχει
1120 571 1212 603 τάξιν·
1230 571 1323 598 ἄλλοτε
1340 571 1369 598 δὲ
1381 571 1428 597 καὶ
1447 571 1535 606 ἀρχὴν
1545 570 1698 606 ἀναπληροῖ
1713 570 1802 603 λόγου·

1017 618 1062 644 ναὶ
1094 618 1122 644 δὲ
1140 618 1188 644 καὶ
1198 618 1228 645 τὸ
1256 617 1430 650 διαδέξασθαι
1446 618 1491 644 τὸν
1502 617 1694 653 προρρηθέντα
1727 616 1802 650 λόγον

1017 664 1198 691 ὑποϐάλλεται
1211 672 1218 679 '
1233 665 1281 691 καὶ
1298 665 1351 700 μὴν
1366 665 1454 691 καὶτὸ
1471 664 1592 691 ἱκέτευσε
1622 664 1670 690 καὶ
1698 663 1801 698 ἐδέησε,

1016 709 1108 746 εὕροις
1124 709 1146 736 δ’
1164 709 1197 737 ἂν
1213 711 1354 745 σημαῖνον,
1367 710 1415 737 καὶ
1427 710 1456 736 τδ
1470 710 1591 745 ὲρώτησε
1606 719 1613 726 ·
1629 709 1767 745 μαρτύρια
1775 709 1802 735 δὲ

1015 755 1063 782 τοῦ
1087 756 1136 790 μὲν
1156 755 1232 791 παρὰ
1246 756 1329 782 πᾶσιν
1342 755 1526 790 ἐγνωσμένου,
1542 755 1627 782 πολλά
1638 755 1668 782 τὲ
1682 756 1742 781 ἐστι
1757 754 1802 781 καὶ

1016 801 1109 828 λαϐεῖν
1123 802 1276 837 πρόχειρον,
1292 800 1360 835 οἷον,
1377 812 1388 828 ι
1400 802 1572 837 Ἀποκριθεὶς
1592 802 1683 836 Σίμων
1702 802 1802 836 Πέτρος

1016 846 1076 875 εἷπε
1093 856 1100 863 ·
1136 848 1172 874 Σὺ
1191 845 1215 874 εἳ
1234 848 1248 874 6
1268 848 1385 884 Χριστὸς
1397 848 1415 874 ἡ
1431 848 1493 879 Υῑὸς
1515 848 1562 875 τοῦ
1578 847 1645 874 Θεοῦ
1660 846 1706 874 τοῦ
1734 846 1802 878 ζῶν-

1014 902 1071 924 τος.
1091 903 1100 919 ι
1116 894 1172 921 Καὶ
1186 894 1239 930 γὰρ
1256 894 1323 930 πρὸς
1337 894 1386 929 τὴν
1398 894 1568 930 Δεσποτικὴν
1586 893 1720 927 ἐρώτησιν
1753 893 1802 928 τὴν

1015 939 1216 974 προλαϐοῦσαν,
1242 939 1336 974 Ὑμεῖς
1360 939 1388 966 δὲ
1403 939 1463 966 τίνα
1484 948 1516 974 με
1537 939 1630 974 λέγετε
1645 937 1734 971 srvat;
1755 939 1802 973 τὴν

1014 984 1100 1012 αὑτοῦ
1123 984 1237 1020 γνώμην
1259 986 1274 1012 6
1297 986 1444 1021 κορυφαῖος
1466 985 1514 1012 καὶ
1532 985 1585 1011 τῶν
1617 984 1803 1020 συμμαθητῶν

1013 1031 1167 1058 ἀποδίδωσι.
1185 1031 1240 1057 Καὶ
1253 1032 1282 1058 ὲν
1298 1031 1348 1066 τῷ,
1366 1041 1375 1057 ι
1393 1031 1542 1067 Ἀπεκρίθη
1558 1031 1586 1057 δὲ
1601 1030 1686 1064 λέγων
1699 1031 1800 1061 αὐτοῖς.

1014 1077 1028 1103 6
1041 1076 1112 1111 ἔχων
1123 1076 1169 1102 δύο
1184 1076 1300 1112 χιτῶνας
1311 1077 1450 1112 μεταδότω
1464 1077 1503 1112 τῷ
1512 1077 1549 1112 μὴ
1564 1077 1661 1112 ἔχοντι,
1680 1086 1689 1102 ›
1705 1078 1721 1111 ἡ
1734 1077 1803 1111 αὐτη

1014 1121 1166 1157 καθορᾶται
1181 1122 1277 1158 γνώμῃ
1294 1131 1300 1137 ·
1318 1124 1374 1154 τοῖς
1387 1122 1441 1159 γὰρ
1453 1124 1625 1158 ὲρωτήσασιν
1644 1122 1733 1158 Exiet;
1742 1123 1803 1149 ὅο.ν

1014 1168 1207 1204 καρπώσονται
1231 1168 1279 1204 τὴν
1302 1170 1449 1204 σωτηρίαν,
1475 1169 1673 1196 ὑποδείκνυσιν.
1697 1169 1804 1204 Ὥσπερ

1013 1215 1061 1241 καὶ
1076 1215 1118 1248 τὸ,
1133 1224 1143 1241 ί
1159 1215 1310 1252 Ἀπεκρίθη
1322 1216 1413 1247 αὐτοῖς
1427 1217 1441 1242 6
1462 1215 1587 1251 Ἰωάννης
1602 1215 1688 1249 λέγων
1705 1223 1711 1230 ·
1733 1215 1804 1250 Ἐγὼ

1015 1260 1139 1295 βαπτίζω
1149 1262 1178 1288 ὲν
1194 1261 1272 1288 ὕδατι
1289 1268 1297 1276 ·
1320 1261 1401 1296 μέσος
1416 1261 1443 1287 δὲ
1457 1261 1534 1296 ὑμῶν
1551 1262 1667 1296 ἕστηκεν
1681 1261 1710 1288 ὃν
1725 1261 1804 1296 ὑμεῖς

1014 1307 1063 1334 οὐκ
1075 1308 1163 1334 οῐδατε
1176 1326 1184 1334 .
1210 1317 1220 1334 ι
1240 1307 1286 1339 Εἰς
1311 1309 1364 1343 γὰρ
1387 1307 1436 1343 τὴν
1464 1308 1549 1343 αὐτὴν
1564 1309 1610 1335 καὶ
1623 1308 1700 1334 τοῦτο
1710 1310 1804 1343 χρείαν

1014 1353 1188 1387 ἀναφέρεται·
1212 1353 1259 1379 καὶ
1271 1353 1355 1388 μυρία
1369 1353 1445 1379 ἄλλα.
1462 1353 1498 1379 Τὸ
1507 1354 1546 1386 δὲ,
1565 1363 1573 1378 ι
1591 1353 1636 1380 Ἐν
1652 1353 1748 1388 ἐκείνῳ
1766 1353 1804 1387 τῷ

1014 1397 1104 1433 καιρῷ
1123 1398 1307 1433 ἁποκριθεὶςό
1328 1399 1430 1433 Ἰησοῦς
1456 1397 1533 1425 εἶπεν
1546 1407 1553 1414 ⁸
1573 1398 1805 1433 Ἐξομολογοῦμαί

1015 1451 1068 1476 σοι,
1086 1444 1178 1479 Πάτερ
1196 1443 1283 1480 Κύριε
1306 1445 1352 1471 τοῦ
1371 1445 1486 1480 οὖρα.νοῦ
1515 1445 1620 1480 καὶτῆς
1631 1446 1708 1481 ﬁte,»
1724 1445 1805 1480 δῆλον

1014 1489 1054 1515 ὃτι
1064 1489 1115 1523 τῆς
1132 1489 1182 1524 μὲν
1201 1490 1408 1526 προειρημένης
1423 1492 1527 1524 ἐννοίας
1554 1492 1706 1527 διέστηκεν,
1718 1492 1806 1526 ἀρχῆς

168 1539 253 1566 tentia
273 1538 420 1566 discretam
445 1545 521 1570 esse,
550 1542 632 1571 atque
657 1537 726 1564 initii
751 1537 838 1565 locmn
859 1543 925 1565 tenet

1059 1535 1151 1572 χώραν
1165 1537 1259 1572 ἐπέχει
1271 1546 1278 1553 ·
1293 1537 1354 1564 οὕτε
1370 1538 1424 1572 γὰρ
1451 1537 1586 1573 ἐρώτησις
1614 1538 1805 1574 προηγήσατο,

167 1584 235 1612 Nam
262 1592 351 1619 neque
371 1584 549 1619 interrogatio
574 1588 768 1618 praecesserat,
794 1592 881 1618 neque
901 1585 961 1612 cui-

167 1639 249 1666 quam
275 1631 396 1665 loquenti
423 1630 659 1664 snbjungebatnr;
682 1637 773 1656 verum
806 1631 862 1664 ipse
882 1629 961 1658 Jesus

167 1685 320 1704 sermonem
344 1676 491 1703 exordiens
507 1675 608 1710 gratias
626 1675 699 1701 Patri
722 1675 787 1709 egit.
805 1675 899 1703 Simile
920 1681 962 1704 est

166 1724 247 1749 etiam
269 1731 276 1749 ε
299 1731 309 1747 ι
323 1721 499 1757 Responderi:
513 1723 759 1757 archisynagogns,
785 1723 960 1751 stomachans

166 1768 239 1804 quod
255 1767 376 1795 Sahbato
392 1768 554 1795 medicinam
578 1767 687 1795 fecisset
701 1767 781 1796 Jesus
793 1769 826 1796 '9.
844 1778 854 1795 ›
876 1769 959 1797 Item:

171 1825 180 1840 ι
196 1814 376 1849 llespondens
387 1813 510 1848 pontifex
522 1813 589 1840 dixit
600 1814 624 1840 ei
640 1822 646 1840 :
663 1814 767 1849 Adjuro
783 1819 808 1842 te
820 1823 868 1850 per
877 1814 960 1843 Deum

166 1861 268 1893 vivum,
281 1860 326 1887 dic
337 1859 416 1887 nobis
431 1867 496 1886 num
509 1863 537 1886 tu
553 1859 592 1886 sis
603 1858 731 1886 Christus
741 1859 786 1887 Dei
801 1859 887 1888 Filius
897 1861 931 1888 '°.
947 1870 957 1887 ι

167 1906 273 1934 Rursus
297 1905 435 1933 sermonis
465 1903 575 1931 initium
599 1904 742 1932 continent
771 1907 854 1933 verba
880 1906 959 1934 haec:

171 1961 180 1977 ι
200 1951 378 1986 llespondens
402 1948 483 1977 Jesus
508 1949 600 1976 dixit:
627 1948 678 1982 Qui
705 1950 837 1985 receperit
863 1958 911 1979 vos
932 1951 959 1978 in

168 1997 278 2025 nomine
291 2004 362 2029 meo,
380 2002 424 2022 me
442 1995 558 2030 recipit;
585 2000 612 2023 et
633 1996 681 2030 qui
703 2004 746 2023 tne
771 1997 884 2032 recipit,
905 2005 959 2025 non

167 2053 211 2072 me
227 2043 333 2078 recipit,
350 2043 397 2070 sed
411 2050 471 2070 eum
486 2043 532 2077 qui
552 2043 625 2071 misit
643 2051 686 2071 me
701 2045 734 2070 οι.
754 2053 763 2070 ι

201 2090 228 2117 5.
249 2088 333 2116 Porro
353 2092 444 2115 autem
467 2089 547 2126 verba
563 2088 608 2116 illa
626 2097 633 2116 :
654 2097 664 2114 ‹
682 2088 860 2124 Respondens
879 2089 959 2118 Jcsus

166 2137 257 2163 dixit:
289 2134 311 2161 Ο
344 2135 451 2166 mulier,
480 2143 578 2169 magna
610 2139 653 2162 est
679 2136 746 2163 ﬁdes
773 2141 839 2169 tua;
871 2137 917 2164 liat
930 2142 960 2164 ut

167 2182 207 2208 vis
218 2181 258 2207 “z
281 2189 289 2205 ι
307 2181 340 2207 ad
357 2181 458 2208 nullum
473 2181 664 2215 praedictorum
677 2190 777 2209 usuum
793 2183 957 2216 referuntur,

166 2227 212 2254 sed
245 2227 419 2262 prmcedcntis
455 2228 592 2254 sermonis
624 2228 818 2256 admissionem
848 2229 957 2256 sistunt.

166 2273 232 2300 Nam
249 2281 311 2300 cum
327 2273 487 2301 Chauanitis
503 2274 698 2302 miserabiliter
709 2275 882 2309 exposuisset
898 2275 958 2303 ﬁlia:

166 2327 222 2346 suae
242 2321 379 2351 morbum,
390 2319 578 2355 medelamque
593 2321 722 2356 petisset;
735 2328 853 2356 cumque
863 2322 957 2348 eadem

165 2365 331 2398 asperiorem
363 2373 474 2399 precum
509 2373 623 2393 suarum
660 2365 796 2401 repulsam
825 2366 959 2400 patienter

165 2411 326 2445 excepisset,
357 2411 548 2446 diLiSsetque:
579 2420 589 2437 ‹
608 2410 718 2446 Utique,
737 2411 863 2446 Domine,
874 2413 956 2440 etiam

164 2457 251 2483 catelli
268 2457 360 2484 herilis
387 2464 487 2484 mensae
498 2457 621 2492 reliquiis
643 2462 807 2491 vescuntur;
823 2467 831 2484 ι
847 2459 896 2486 hac
911 2460 959 2486 ad~

165 2505 248 2532 missa
263 2505 388 2531 oratione
407 2504 534 2531 subditur
551 2512 558 2530 :
577 2513 587 2529 ‹
606 2503 684 2531 Tunc
697 2505 866 2538 respondens
881 2505 959 2533 Jesus

164 2550 201 2576 ait
216 2551 252 2576 illi
270 2558 276 2576 :
294 2549 386 2584 Magna
403 2550 468 2576 ﬁdes
486 2555 552 2582 tua;
567 2549 614 2576 ﬁat
629 2549 678 2576 tibi
697 2554 727 2577 ut
746 2550 797 2577 vis.
820 2559 829 2576 ι
846 2550 959 2579 Constat

163 2596 234 2622 enim
248 2595 338 2622 Jesum
356 2595 435 2622 bona:
451 2594 637 2630 supplicisque
652 2593 761 2622 femina:
773 2596 896 2623 oratione
911 2597 958 2623 ad-

164 2641 259 2673 missa,
290 2639 369 2666 ﬁdem
392 2640 452 2674 ejus
478 2639 556 2666 laude
572 2639 745 2673 mactavisse,
770 2640 957 2675 medelamque

166 2686 292 2721 Iargitum
306 2693 377 2713 esse.
394 2684 521 2718 Ejusdem
537 2684 682 2712 sententiae
697 2689 762 2712 sunt
777 2685 858 2712 etiam
877 2685 934 2712 haec
948 2694 955 2712 :

167 2730 358 2765 «Rcspondens
380 2729 460 2758 Jesus
484 2731 553 2758 dixit
578 2731 627 2762 illi,
643 2730 742 2759 Beatus
765 2738 795 2758 es
814 2731 907 2758 Simon
921 2731 957 2758 ﬁli

162 2775 247 2810 Jonae,
261 2777 326 2813 quia
351 2784 416 2804 caro
432 2782 458 2804 et
474 2778 586 2812 sanguis
606 2785 660 2804 non
685 2777 814 2805 revelarit
830 2777 877 2803 tibi
891 2777 924 2803 ν’.
943 2787 952 2802 ι

197 2833 222 2849 ⁸⁵
237 2833 330 2861 Matth.
343 2840 398 2863 ινι,
415 2832 456 2860 16.
494 2834 516 2849 ⁸⁸
532 2833 598 2861 Luc.
619 2842 659 2866 ιιι,
682 2835 725 2861 ll.
764 2834 786 2849 ⁸⁷
802 2833 896 2860 Matth.
911 2843 925 2862 ll

197 2877 237 2897 NI.
254 2869 298 2896 65.
334 2869 355 2885 ⁰¹
372 2867 454 2895 Marc.
487 2877 523 2897 xt.
538 2871 581 2896 ὅθ.
634 2870 656 2885 ν’
677 2870 769 2896 Matth.
790 2878 831 2897 ιν.
847 2870 891 2896 28.

1068 2834 1091 2850 ⁸⁸
1107 2835 1203 2863 Matth.
1218 2844 1255 2871 xt,
1281 2835 1326 2864 25.

1047 2869 1084 2897 lit.
1103 2878 1156 2897 xt‘t.
1178 2871 1218 2897 17.

1067 2879 1084 2897 Ι.
1103 2879 1156 2904 ΧΠ,
1178 2879 1218 2897 ll.

163 2876 237 2902 XXVI,
254 2869 298 2896 65.
334 2869 355 2885 ⁰¹
372 2867 454 2895 Marc.
487 2877 523 2900 xt,
538 2871 581 2896 δύ.
634 2870 656 2885 ’³
677 2870 769 2896 Matth.
790 2878 831 2901 (ν,
847 2870 891 2896 28.

1013 1582 1071 1610 ἀλλ’
1086 1582 1147 1609 οὐδέ
1158 1591 1218 1610 τινα
1228 1583 1344 1617 λέγοντα
1358 1583 1505 1616 διεδέξατο,
1534 1583 1592 1610 ἀλλ’
1614 1583 1696 1615 αὐτὸς
1711 1585 1724 1610 6
1753 1585 1806 1619 ’1η-

1014 1628 1076 1660 σοῦς
1087 1629 1176 1665 ἀρχὴν
1189 1629 1316 1664 ὲμὸαλὼν
1327 1630 1366 1666 τῷ
1381 1630 1462 1665 λόγῳ,
1488 1630 1537 1665 τὴν
1565 1630 1740 1666 εὐχαριστίαν
1767 1631 1808 1665 τῷ

1011 1675 1100 1710 Πατρὶ
1117 1675 1334 1711 προσηνέγκατο.
1348 1676 1483 1706 Ὡσαύτως
1493 1676 1540 1702 καὶ
1553 1676 1594 1708 τὸ,
1608 1686 1617 1702 ί
1629 1676 1809 1712 Ἀποκριθεὶς

1012 1721 1027 1747 ὁ
1043 1722 1268 1757 ἀρχισυνάγωγος
1286 1721 1448 1756 ἀγανακτῶν
1463 1722 1504 1748 ὅτι
1524 1721 1563 1756 τῷ
1590 1722 1722 1757 Σαϐϐάτῳ
1744 1723 1808 1749 ὲθε-

1011 1768 1149 1803 ράπευσεν
1167 1768 1181 1795 ὁ
1198 1767 1318 1802 Ἰησοῦς’
1333 1777 1342 1793 ι
1362 1767 1408 1794 ναὶ
1424 1768 1455 1803 δὴ
1469 1768 1515 1794 καὶ
1525 1768 1565 1800 τὸ,
1581 1777 1590 1794 ι
1601 1768 1780 1802 Ἀποκριθεὶς
1795 1770 1809 1796 6

1010 1814 1157 1849 ἀρχιερεὺς
1181 1811 1257 1840 εἶπεν
1281 1813 1366 1849 αὐτῷ,
1381 1813 1529 1849 Ἐξορκίζω
1547 1822 1576 1840 σε
1593 1813 1664 1840 κατὰ
1677 1813 1724 1840 τοῦ
1736 1814 1808 1841 Θεοῦ

1011 1858 1122 1891 ζῶντος,
1148 1859 1208 1885 εἰπὲ
1227 1859 1293 1893 ἡμῖν
1317 1859 1342 1885 εἰ
1375 1859 1407 1886 σὺ
1422 1857 1446 1885 εἷ
1462 1860 1476 1885 6
1499 1859 1616 1894 Χριστὸς
1641 1859 1732 1891 ὁΥίδς
1759 1859 1808 1886 τοῦ

1010 1904 1090 1932 Θεοῦ.
1107 1903 1207 1940 Ἀρχὴν
1219 1904 1242 1931 δ’
1259 1904 1292 1932 ἃν
1305 1904 1399 1940 ἐπέχοι
1414 1905 1493 1939 λόγου
1512 1905 1559 1932 καὶ
1574 1906 1604 1931 τό
1618 1913 1624 1920 ·
1642 1914 1651 1931 ι
1673 1906 1808 1940 Ἀποκρι-

1011 1950 1070 1982 θεὶς
1081 1951 1095 1977 ὁ
1114 1951 1219 1986 Ἰησοῦς
1234 1949 1312 1978 εἶπεν
1324 1960 1331 1967 ·
1361 1953 1409 1983 'U;
1427 1953 1474 1979 ἐὰν
1494 1951 1605 1987 δέξηται
1617 1952 1689 1987 ὑμᾶς
1706 1952 1754 1979 ἐπὶ
1767 1952 1808 1988 τῷ

1011 1996 1072 2032 ὲμῷ
1087 1997 1211 2033 ὀνόματι,
1233 1997 1284 2033 ἐμὲ
1297 1997 1405 2033 δέχεται
1417 2006 1425 2014 ο
1443 1999 1491 2025 καὶ
1505 1998 1534 2030 ὃς
1550 1998 1583 2024 ἂν
1604 1998 1654 2033 ἐμὲ
1680 1998 1805 2034 δέξηται,

1009 2046 1060 2073 οὐκ
1073 2045 1124 2081 ἐμὲ
1139 2046 1257 2082 δέχεται,
1270 2046 1340 2073 ἀλλὰ
1350 2046 1395 2073 τὸν
1407 2046 1605 2074 ἀποστείλαντά
1621 2055 1666 2082 με.
1685 2055 1694 2071 ι

1045 2094 1080 2125 γ’.
1102 2091 1147 2118 Ἐν
1174 2091 1269 2126 μέντοι
1284 2099 1326 2126 γε,
1348 2101 1357 2118 ι
1382 2091 1556 2126 Ἀποκριθεὶς
1572 2092 1586 2118 6
1605 2091 1709 2126 Ἰησοῦς
1726 2090 1806 2118 εἶπεν

1010 2137 1089 2173 αὐτῇ,
1108 2135 1143 2163 Ὦ
1163 2138 1252 2172 γύναι,
1267 2137 1371 2173 μεγάλη
1388 2147 1433 2164 σου
1453 2139 1468 2172 ἡ
1486 2138 1586 2170 πίστις,
1602 2138 1744 2174 γενηθήτω
1762 2147 1805 2165 σοι

1010 2183 1048 2214 ὡς
1068 2183 1167 2215 Θέλεις,
1187 2193 1196 2210 ι
1207 2184 1247 2214 εἱς
1259 2184 1398 2219 οὐδέτερον
1411 2184 1460 2218 μὲν
1480 2184 1646 2219 ἀναφέρεται
1659 2184 1713 2211 τῶν
1725 2184 1805 2220 εἰρη-

1012 2228 1110 2264 μένων,
1123 2228 1248 2265 διαδοχὴν
1259 2229 1287 2256 δὲ
1300 2229 1381 2264 λόγου
1395 2230 1549 2264 συνεισάγει
1560 2238 1567 2244 ·
1580 2231 1630 2265 τῆς
1643 2231 1697 2266 γὰρ
1710 2230 1805 2257 Χανα-

1013 2275 1113 2306 νίτιδος
1142 2274 1410 2310 ὲλεεινολογουμένης
1426 2275 1476 2310 μὲν
1487 2276 1518 2302 τὸ
1531 2275 1580 2311 τῆς
1597 2275 1731 2311 θυγατρὸς
1747 2277 1803 2303 πά-

1010 2321 1066 2353 θος,
1094 2320 1144 2355 τὴν
1171 2320 1322 2356 θεραπείαν
1341 2321 1370 2347 δὲ
1386 2321 1561 2356 αἰτουμένης,
1591 2321 1725 2357 καὶπρὸς
1751 2322 1804 2355 τὴν

1010 2367 1218 2402 ἀποτρέπουσαν
1232 2367 1282 2402 τὴν
1298 2367 1417 2402 σπουδὴν
1431 2367 1516 2403 αὐτῆς
1527 2367 1605 2403 ὕϐριν
1614 2368 1802 2402 εὐγνωμονοὺ-

1011 2421 1060 2449 σης
1075 2413 1121 2439 καὶ
1132 2412 1276 2448 λεγούσης,
1289 2422 1298 2438 ι
1313 2412 1376 2445 Ναὶ,
1390 2412 1487 2447 Κύριε,
1508 2413 1555 2438 καὶ
1569 2412 1623 2447 γὰρ
1633 2413 1667 2439 τὰ
1684 2412 1802 2447 κυνάρια

1012 2458 1095 2485 ἐσθίει
1107 2459 1160 2485 ἀπὸ
1168 2460 1217 2494 τῆς
1227 2459 1366 2494 τραπέζης
1374 2459 1429 2484 τῶν
1443 2458 1544 2493 κυρίων
1560 2458 1659 2490 αὐτῶν,
1675 2469 1684 2484 ι
1699 2458 1802 2492 ἐπάγε-

1009 2513 1054 2531 ται
1070 2504 1140 2531 κατὰ
1148 2504 1274 2540 διαδοχὴν
1291 2505 1394 2530 ἐκεῖνον
1407 2504 1453 2530 τὸν
1473 2503 1562 2537 λόγον,
1582 2513 1591 2529 ‹
1603 2504 1671 2530 Τότε
1685 2504 1802 2538 ἀποκρι-

1009 2549 1092 2582 θεὶςό
1111 2551 1214 2586 Ἰησοῦς
1242 2547 1319 2576 εἶπεν
1349 2550 1428 2586 αὐτῇ,
1455 2550 1567 2584 Μεγάλη
1583 2558 1629 2576 σου
1654 2551 1670 2584 ὴ
1695 2550 1799 2582 πίστις,

1009 2595 1152 2631 γενηθήτω
1179 2603 1220 2621 σοι
1239 2595 1277 2626 ὼς
1304 2594 1391 2625 θέλεις
1404 2603 1410 2609 -
1433 2603 1442 2619 ι
1463 2594 1542 2628 δῆλον
1551 2594 1605 2630 γὰρ
1618 2594 1659 2620 ὅτι
1673 2594 1735 2625 τοὺς
1748 2593 1801 2628 τῆς

1011 2641 1222 2676 εὐγνωμοσύνης
1233 2641 1280 2667 καὶ
1296 2641 1414 2675 δεήσεως
1437 2640 1533 2675 λόγους
1562 2639 1708 2676 δεξάμενος
1721 2641 1736 2666 ὁ
1752 2641 1801 2675 Ὶη-

1012 2687 1074 2719 om);
1084 2688 1133 2723 τὴν
1148 2687 1240 2714 πίστιν
1254 2687 1340 2722 αὐτῆς
1351 2687 1515 2721 ὲμεγάλυνε,
1527 2687 1575 2713 καὶ
1587 2687 1635 2723 τὴν
1650 2687 1800 2722 θεραπείαν

1009 2734 1170 2767 παρέσχετο,
1183 2733 1229 2763 Εἰς
1240 2733 1290 2767 τὴν
1309 2732 1395 2767 αὐτὴν
1411 2732 1439 2759 δὲ
1450 2732 1570 2759 διάνοιαν
1594 2733 1686 2769 ἀφορᾷ
1698 2733 1745 2759 καὶ
1753 2732 1798 2763 τὸ,

1010 2787 1018 2803 α
1025 2778 1197 2812 Ἀποκριθεὶς
1205 2779 1218 2804 6
1226 2778 1329 2813 Ἰησοῦς
1338 2776 1414 2805 εἶπεν
1423 2779 1507 2814 αὐτῷ,
1516 2779 1657 2815 Μακάριος
1667 2777 1702 2812 εἶ,
1709 2779 1799 2814 Σίμων

1379 2836 1402 2854 ⁸⁸
1418 2836 1485 2866 Luc.
1506 2845 1570 2871 xm.
1584 2826 1642 2866 14..
1666 2839 1689 2855 ⁸⁸
1704 2838 1798 2866 Matth.
