1882 3075
56 122 103 154 157

540 119 590 148 ΑΙ)
606 116 902 149 AMPIIILOCHIUM
933 116 1108 151 OU.’ESTlO
1127 105 1207 148 XXI.

1631 118 1681 151 158

49 182 100 214 βαρ
123 177 211 209 Ἰωνᾶ,
230 177 273 204 ὅτι
288 176 357 212 σὰρξ
368 175 415 202 καὶ
433 173 503 210 αἷμα
523 175 572 201 οὐκ
585 175 745 209 ἀπεκάλυψε
766 183 806 201 σοι
822 182 830 189 ⁸
849 186 854 202 Α

939 182 1006 208 nque
1030 174 1070 200 his
1091 174 1183 202 verbis
1208 173 1280 201 Petri
1294 175 1495 203 confessionem
1517 176 1676 207 admittens,

48 223 234 258 διαδεξάμενος
251 223 306 258 γὰρ
320 223 359 258 τῷ
380 223 452 257 λόγῳ
463 222 512 257 τὴν
523 221 736 256 ἀνακηρύξασαν
754 222 836 247 αὑτὸν

48 270 191 305 ὁμολογίαν
200 268 323 304 Χριστόν
334 277 362 294 τε
377 269 423 294 καὶ
439 267 500 294 Υἱδν
516 267 564 293 τοῦ
579 266 647 293 Θεοῦ
675 267 723 293 τοῦ
737 267 836 299 ζῶντος

49 315 189 342 ὑπολαϐὼν
207 314 265 350 (57)
280 314 407 350 ἐπιφέρει
421 313 467 339 τὸν
484 313 669 348 μακαρισμόν,
688 313 742 348 Τῆς
752 312 837 347 αὐτῆς

49 362 69 387 δ’
97 361 129 388 ἂν
145 361 189 395 εἴη
204 360 363 394 συστοιχίας
386 359 435 385 καὶ
444 358 486 390 τὸ,
507 367 516 384 1
530 358 680 393 Ἀπεκρίθη
694 359 722 385 δὲ
738 358 811 393 αὑτῷ
824 359 839 385 6

56 406 180 440 Ἰωάννης
193 405 292 438 λέγων,
304 404 463 436 Διδάσκαλε,
481 403 587 438 εῐδομέν
602 412 663 431 τινα
673 404 720 430 ἐπὶ
729 403 768 438 τῷ
779 403 839 430 ὀνό-

51 451 115 486 ματί
143 460 190 477 σου
219 450 386 478 ἐκϐάλλοντα
406 450 544 485 δαιμόνια,
571 449 601 481 ὃς
631 450 681 476 οὐκ
696 449 841 476 ἀκολουθεῖ

50 499 124 532 ἡμῖν·
140 508 149 524 1
167 497 214 524 καὶ
230 496 317 524 πολλά
329 497 452 524 τοιαῦτα.
468 496 501 523 Ἦ
515 496 545 523 δὲ
557 497 629 523 κατά
640 497 690 531 τὴν
701 497 842 532 μεταμορ-

51 552 134 577 φωσιν
146 543 198 578 τῆς
215 542 376 577 θεοφανείας
396 542 503 577 ἱστορία
515 543 562 569 τὸν
584 542 706 577 Μωῦσῆν
726 544 772 570 καὶ
795 542 841 569 τὸν

56 589 149 615 Ἠλίαν
164 588 327 623 παράγουσα
339 587 535 620 συλλαλοῦντας
557 588 597 624 τῷ
622 590 756 625 Δεσπότῃ,
780 587 841 615 καθ’

51 636 82 669 ἣν
99 635 147 661 καὶ
160 636 175 661 6
190 634 295 670 Πέτρος
308 634 393 660 ἐδεῖτο
401 633 530 668 γενέσθαι
540 634 631 666 αὐτοῖς
646 635 748 670 σκηνὰς
756 634 842 669 τρεῖς,

54 680 82 705 ὲν
94 678 134 714 τῷ
147 687 157 704 1
174 677 349 714 Ἀποκριθεὶς
359 678 374 704 ὸ
388 678 503 714 Πέτρος,
518 687 528 704 ι
546 679 597 714 τὴν
611 678 718 705 ἱκεσίαν
733 677 782 706 καὶ
795 678 844 713 τὴν

54 724 143 759 δέησιν
164 723 312 757 σημαίνει-
324 723 417 759 ὥσπερ
426 723 507 752 πάλιν
515 724 562 751 καὶ
569 724 611 756 τὺ,
625 733 634 750 1
648 724 820 760 ’Λποκριθεὶς
831 724 845 750 6

53 769 156 804 Πέτρος
179 766 252 800 εἰπε,
271 767 360 804 Κύριε
394 769 418 795 εί
435 768 468 797 σὺ
489 766 525 802 εἴ,
545 769 673 796 κέλευσόν
699 778 733 805 με
757 769 845 796 ἐλθεῖν

54 814 123 849 πρὸς
137 814 166 840 σὲ
184 814 232 841 ἐπὶ
242 814 277 841 τὰ
289 814 384 841 ὕδατα·
399 823 409 841 ι
428 815 476 841 καὶ
489 815 543 851 γὰρ
557 817 606 851 τῆς
619 815 761 850 δειλιώσης
776 814 844 851 γνώ-

54 868 108 895 μης
120 860 185 891 τοὺς
201 859 328 895 μαθητὰς
339 860 491 894 ἀπάγοντος
518 860 566 887 τοῦ
587 860 674 896 Ἰησοῦ
693 862 740 888 καὶ
756 861 848 896 λέγον.

52 914 109 937 τος,
133 914 143 930 1
162 905 304 940 Θαρσεῖτε,
325 904 381 939 ἐγώ
403 906 471 940 είμι⁷
492 905 529 941 μὴ
559 906 697 940 φοϐεῖσθε,
717 915 727 932 ι
750 906 848 942 δραξᾴ-

55 959 138 986 μενος
153 952 167 977 ὁ
179 951 281 986 Πέτρος
294 951 421 987 ἀφορμῆς
437 952 477 984 είς
492 952 598 980 ἱκεσίαν
614 953 696 980 αὑτὸν
711 952 848 979 καθιστώ-

54 1005 116 1033 σης,
129 1007 140 1024 1
151 997 247 1033 Κύριε,
257 997 281 1024 εῑ
290 997 323 1024 σὺ
331 995 367 1030 ei,
376 997 453 1032 φησὶ,
461 997 588 1025 κέλευσόν
598 1007 631 1034 με
642 999 711 1034 πρὸς
724 999 753 1025 σὲ
761 999 848 1026 ἐλθεῖν

54 1043 101 1069 ἐπὶ
117 1043 153 1070 τὰ
168 1043 267 1071 ὕδατα·
282 1054 292 1071 ι
309 1045 387 1080 δῆλον
397 1045 452 1081 γὰρ
463 1046 503 1072 ὅτι
521 1045 551 1073 τὸ
561 1046 721 1082 ἀποκριθεὶς
731 1046 849 1073 ἐνταῦθα

57 1089 164 1115 ἱκεσίαν
174 1090 220 1116 καὶ
237 1090 329 1125 δέησιν
348 1091 477 1126 σημαίνει
493 1099 501 1107 ·
523 1091 618 1126 ὥσπερ
639 1092 687 1119 κα)⁸
702 1092 731 1118 ἐν
746 1089 788 1123 οἷς
813 1091 849 1119 τὰ

55 1133 136 1166 λόγιά
156 1142 233 1168 φησι,
254 1143 263 1159 1
287 1134 461 1170 Ἀποκριθεὶς
479 1135 493 1161 ὁ
521 1136 624 1171 Πέτρος
646 1134 718 1168 εἶπε,
743 1137 848 1172 Φράσον

56 1179 121 1212 ἡμῖν
136 1180 186 1212 τὴν
199 1179 358 1214 παραϐολὴν
383 1180 486 1215 ταύτην
502 1188 511 1196 ο
530 1189 539 1206 ›
557 1181 604 1207 καὶ
622 1181 677 1216 γὰρ
704 1181 751 1208 κοιλ⁵
770 1181 849 1209 τοῦτο

57 1224 152 1259 χρείαν
166 1224 269 1256 ἱκεσίας
285 1226 331 1252 καὶ
345 1226 464 1261 δεήσεως
477 1227 615 1262 ἐμφαίνει.
632 1227 694 1253 Τίσι
710 1227 732 1253 δ’
754 1227 786 1254 ἂν
800 1229 849 1255 οὐκ

57 1272 89 1298 ἂν
104 1272 212 1306 γένοιτο
227 1273 306 1307 δῆλον
322 1273 359 1305 ὠς
371 1273 401 1300 τὸ
412 1275 549 1310 ἀπεκρίθη
563 1275 619 1302 ἐσθ’
641 1276 686 1302 ὅτε
716 1275 764 1302 καὶ
788 1275 848 1302 ἀντὶ

57 1317 104 1344 τοῦ
129 1318 280 1350 ἀπεδέξατο
296 1319 344 1345 καὶ
363 1320 545 1354 συγκατέθετο
571 1321 692 1353 τίθεται;
717 1320 764 1347 τοῦ
795 1321 850 1356 γὰρ

58 1363 185 1399 Σωτῆρος
201 1363 278 1398 ἡμῶν
295 1364 345 1396 τὰς
363 1365 392 1391 ὲν
407 1364 445 1400 τῷ
461 1365 536 1400 νόμῳ
555 1365 601 1392 δύο
617 1365 729 1401 πρώτας
741 1366 851 1398 ἐντολὰς

59 1409 277 1444 ἀπηγγελκότος,
306 1410 354 1436 καὶ
369 1410 416 1436 τοῦ
436 1411 622 1446 γραμματέως
652 1411 852 1446 συμφωνήσαν-

58 1455 105 1486 τός
119 1464 151 1481 τε
167 1456 216 1481 καὶ
228 1457 261 1491 τῇ
278 1455 326 1481 τοῦ
342 1456 478 1483 Δεσπότου
495 1456 736 1492 συγκαταθεμένου
750 1457 850 1492 κρίσει,

59 1502 159 1536 ἐπάγει
173 1502 188 1528 ὁ
199 1501 406 1537 εὑαγγελιστὴς,
422 1510 431 1527 1
443 1502 498 1529 Καὶ
506 1503 520 1529 6
535 1502 637 1537 Ἰησοῦς
649 1502 709 1529 ἰδὼν
720 1502 801 1528 αὐτον
811 1503 851 1529 ὅτι

59 1547 198 1582 νουνεχῶς
223 1547 374 1583 ἀπεκρίθη,
405 1545 482 1574 εἶπεν
512 1548 607 1583 αὐτῷ·
629 1549 666 1575 Οὐ
696 1549 805 1584 μακρὰν
827 1546 852 1575 εί

59 1593 114 1620 ἀπὸ
126 1593 178 1628 τῆς
194 1592 336 1628 βασιλείας
345 1592 392 1620 τοῦ
411 1593 490 1620 Θεοῦ.
518 1603 528 1620 ο
555 1594 610 1621 Καὶ
625 1594 680 1630 γὰρ
692 1594 803 1630 εῠδηλον
814 1594 852 1626 ὡς

60 1639 110 1675 τὴν
127 1639 275 1674 ὁμολογίαν
290 1640 338 1666 καὶ
368 1639 568 1674 συγκατάθεσιν
593 1641 640 1667 τοῦ
664 1640 853 1676 γραμματέως

60 1685 106 1711 ὂιά
129 1685 178 1711 τοῦ
194 1685 333 1721 ἀπεκρίθη
343 1685 379 1711 τὰ
392 1685 469 1719 λόγια
487 1685 674 1721 παρεδήλωσε.

95 1731 126 1758 δ’.
142 1731 333 1766 Παρέλκοντος
346 1730 368 1758 δ’
389 1731 421 1757 ἂν
435 1730 478 1766 εἴη
510 1730 670 1766 δηλωτικὸν,
699 1731 818 1767 ὁπηνίκα
839 1731 854 1758 ὁ

62 1777 291 1813 ἀρχισυνάγωγος
297 1776 463 1804 ἀσθενοῦσαν
475 1777 648 1804 ὲπιθανάτιον
654 1777 703 1814 τὴν
716 1777 854 1812 θυγατέρα

62 1823 233 1854 καταλιπὼν,
247 1823 294 1849 τὸν
312 1822 416 1859 Ἰησοῦν
431 1823 480 1859 μὲν
499 1823 584 1850 ὲδεῐτο
599 1824 710 1859 σωτῆρα
727 1823 854 1858 γενέσθαι

63 1869 276 1905 παραγεγονότα
290 1869 341 1905 τῆς
355 1869 452 1901 παιδός
467 1877 474 1884 ·
489 1870 518 1896 ὲν
534 1869 562 1896 δὲ
577 1869 664 1904 τούτῳ
692 1869 746 1904 τῆς
760 1870 855 1905 φήμης

62 1917 136 1952 αὐτῷ
149 1917 197 1943 τὸν
213 1916 330 1944 θάνατον
353 1915 571 1952 ὲπαγγελοῦσης,
595 1917 693 1951 ἐπάγει
706 1917 720 1942 6
739 1916 856 1950 εὐαγγε-

62 1963 164 1998 λιστὴς,
185 1972 195 1988 1
215 1963 243 1989 '0
259 1962 288 1989 δὲ
309 1962 412 1998 Ἰησοῦς
427 1962 545 1995 ἀκούσας
560 1963 696 1998 ἀπεκρίθη
712 1962 796 1997 αὐτῷ,
810 1962 856 1998 Μὴ

62 2008 159 2042 φοὸοὗ,
174 2008 258 2043 μόνον
274 2007 386 2034 πίστευε
399 2016 407 2024 '
423 2017 433 2034 ι
454 2008 573 2043 ἐμφανὲς
590 2008 644 2044 γὰρ
654 2008 691 2040 ὼς
703 2009 727 2034 εἰ
738 2008 786 2034 καὶ
802 2017 856 2043 μη-

62 2054 157 2088 δαμῶς
170 2053 355 2090 παρεντεθείη
373 2053 405 2080 τὸ
419 2053 569 2089 ἀπεκρίθη,
600 2054 676 2081 οὐδὲν
695 2054 807 2080 ἔλαττον
825 2054 857 2080 τὸ

64 2100 213 2127 ὑπόλοιπον
224 2099 273 2126 τοῦ
296 2099 377 2134 λόγου
389 2100 439 2135 τὴν
456 2100 543 2135 αὐτὴν
553 2100 703 2135 παρίστησι
714 2099 835 2127 διάνοιαν
847 2107 855 2115 ⁸

64 2146 184 2173 τοιοῦτον
192 2146 222 2173 δὲ
231 2147 278 2173 καὶ
290 2146 331 2180 τὸ,
347 2155 356 2172 1
367 2146 538 2182 Ἀποκριθεὶς
549 2147 564 2173 6
572 2146 673 2182 Πέτρος
684 2144 761 2174 εἶπεν
770 2146 856 2182 αὐτῷ,

886 226 941 254 qua
968 228 1031 246 eum
1049 225 1076 246 et
1090 220 1229 247 Christum
1255 226 1282 248 et
1303 220 1348 248 Dei
1364 222 1478 249 viventis
1496 221 1594 249 Filium
1613 231 1682 257 pra-—

887 265 1159 296 dicaverat,beatum
1186 265 1262 293 illum
1289 266 1410 293 vicissim
1442 267 1535 295 edicit.
1554 268 1681 302 Ejusdem

888 311 995 346 generis
1008 316 1050 338 est
1065 320 1072 338 :
1094 321 1103 337 1
1124 312 1274 346 Respondit
1293 313 1317 338 ei
1338 312 1456 340 Joannes
1473 313 1565 340 dicens
1581 322 1588 340 :
1603 313 1683 348 Magi-

889 362 956 389 ster,
969 357 1088 384 vidimus
1117 358 1265 392 quemdam
1286 358 1313 385 in
1343 359 1453 386 nomine
1481 363 1528 386 tuo
1548 359 1684 386 dmnlonia

889 405 1053 439 ejicientem,
1068 405 1113 439 qui
1128 405 1154 431 iu
1172 405 1302 431 comitatu
1328 408 1422 431 nostro
1440 412 1493 431 non
1517 405 1600 433 est".
1622 414 1631 430 ι
1652 405 1684 432 Et

890 451 976 478 multa
1001 450 1169 484 hujusmodi.
1188 449 1247 477 Jam
1264 450 1290 476 in
1314 450 1413 477 divinae
1433 450 1683 483 transﬁguraliouia

891 497 1014 529 historia,
1031 497 1057 523 in
1071 504 1124 532 qua
1141 496 1228 524 Moses
1247 501 1328 531 atque
1349 496 1420 523 Elias
1437 503 1498 523 cum
1521 495 1635 523 Domino
1647 497 1686 522 lo-

892 546 1006 576 quentes
1019 541 1163 572 sistuntur,
1183 549 1237 575 quo
1262 546 1383 575 tempore
1405 540 1503 568 Petrus
1529 542 1640 576 rogabat
1656 546 1687 568 ut

893 588 936 616 his
961 587 1013 615 tria
1042 587 1219 614 tabernacula
1239 587 1346 620 ﬁerent,
1361 586 1451 614 verbis
1470 587 1524 614 illis
1544 596 1553 612 1
1574 595 1687 621 respon-

893 634 961 661 dens
976 632 1074 662 Petrus
1087 644 1096 659 ι
1105 633 1208 668 rogatio
1221 638 1248 660 ct
1260 641 1354 668 preces
1366 633 1567 668 significantur.
1582 632 1688 660 Rursus

895 680 948 708 illis
962 679 1086 708 similiter
1101 689 1107 706 ι
1125 689 1133 704 1
1152 678 1334 714 Respondens
1348 678 1445 706 Petrus
1461 679 1529 706 dixit
1544 688 1551 707 :
1567 679 1594 706 Si
1606 683 1634 706 tu
1647 687 1688 711 es,

896 726 1022 758 Domine,
1043 725 1109 761 jube
1140 733 1184 753 me
1211 725 1245 752 ad
1276 730 1300 752 te
1319 725 1411 752 venire
1423 733 1506 760 super
1520 733 1605 760 aquas
1616 725 1650 752 ⁸⁵.
1677 735 1686 751 ι

895 771 1037 799 Ν.ιηιειιῐι]
1063 772 1142 799 .lesus
1157 779 1173 798 ιι
1193 771 1338 799 timiditate
1361 771 1466 799 consilii
1487 771 1634 805 discipulos
1645 779 1690 798 re-

897 824 1019 850 vocaret,
1045 818 1213 853 diecretque,
1241 827 1250 844 1
1272 817 1347 845 Bono
1374 819 1467 845 animo
1499 822 1586 845 estote
1610 826 1617 844 :
1639 825 1691 849 ego

899 872 971 896 sum,
985 864 1066 891 nolite
1078 864 1190 897 timere;
1209 873 1219 890 ›
1236 863 1332 891 Petrus
1344 863 1406 890 hinc
1415 867 1522 896 captata
1529 863 1691 891 obsecrandi

899 911 1045 938 occasione
1060 920 1067 938 :
1085 919 1094 936 1
1118 910 1231 937 Domine
1246 911 1269 937 si
1283 914 1322 942 tu,
1337 909 1436 944 inquit,
1449 918 1489 941 es,
1508 910 1574 944 jube
1595 917 1637 936 me
1656 909 1691 936 ad

899 962 925 985 te
940 957 1032 984 venire
1057 964 1138 991 super
1153 965 1239 992 aquas
1249 957 1283 984 ’⁸.
1305 966 1314 983 ›
1332 956 1405 984 Satis
1425 957 1497 984 enim
1513 961 1585 991 patet
1597 955 1692 988 verbo,

899 1003 1078 1037 respondens,
1094 1003 1217 1030 denotari
1240 1003 1293 1030 hoc
1315 1003 1376 1030 loco
1400 1011 1493 1037 preces
1514 1007 1594 1037 atque
1612 1002 1694 1029 obsc-

899 1048 1061 1075 cratinnctn.
1089 1047 1174 1074 Sicuti
1191 1047 1273 1074 ctiam
1296 1049 1340 1075 ubi
1370 1047 1510 1082 Scriptura
1532 1048 1590 1074 ait:
1613 1057 1622 1072 1
1639 1047 1692 1074 Re-

900 1093 1047 1128 spondens,
1068 1091 1165 1120 Petrus
1191 1092 1271 1125 dixit,
1290 1092 1414 1120 Edissere
1430 1092 1509 1119 nobis
1537 1091 1692 1126 parabolam

900 1139 970 1166 hanc
979 1138 1019 1172 ";
1039 1148 1047 1164 ν
1079 1146 1142 1165 nam
1171 1138 1197 1165 id
1213 1138 1294 1165 etiam
1320 1145 1432 1173 precum
1449 1146 1480 1164 ac
1500 1137 1694 1172 postulationis

900 1185 959 1212 vice
975 1185 1107 1219 fungitur.
1129 1184 1179 1212 Cui
1199 1191 1265 1212 vero
1280 1192 1333 1211 non
1351 1188 1393 1211 est
1414 1184 1596 1219 exploratum.
1611 1191 1694 1210 voca~

900 1231 992 1259 bulum
1008 1231 1149 1267 respondit
1166 1231 1293 1266 usurpari
1313 1232 1395 1258 etiam
1419 1238 1468 1265 pro
1494 1231 1628 1258 annuitet
1648 1238 1694 1257 as-

901 1285 998 1304 sensus
1013 1277 1070 1304 cst?
1082 1277 1150 1304 Nam
1168 1285 1230 1304 cum
1249 1277 1381 1304 Servator
1400 1277 1454 1303 duo
1469 1277 1604 1312 praecipua
1628 1275 1696 1310 legis

901 1326 1034 1358 praecepta
1047 1323 1252 1357 proposuisset,
1273 1322 1364 1350 scriba
1390 1326 1478 1349 autem
1501 1322 1528 1349 in
1551 1322 1620 1349 hanc
1632 1331 1696 1350 scn-

903 1368 1014 1396 lentiam
1031 1368 1147 1403 pedibus
1161 1368 1394 1404 iret,Dominique
1408 1369 1537 1404 iudicium
1552 1369 1698 1396 conﬁrma-

901 1419 958 1448 ret;
987 1415 1120 1450 prudente
1145 1414 1226 1442 Jesus
1255 1423 1386 1449 responso
1418 1415 1537 1450 cognito.
1568 1416 1606 1442 ait
1633 1415 1695 1442 illi:

906 1469 916 1487 1
934 1460 991 1488 Non
1019 1468 1184 1496 magnopere
1208 1461 1273 1488 abes
1304 1469 1320 1488 a
1347 1469 1431 1497 regno
1468 1461 1514 1488 Dei
1525 1462 1558 1488 οδ.
1583 1471 1592 1487 ι
1629 1460 1698 1489 llinc

865 1519 887 1549 ο
903 1514 1017 1542 prorsus
1031 1512 1114 1542 patet,
1135 1507 1216 1534 verbo
1243 1507 1288 1535 illo
1304 1509 1445 1542 respondit
1463 1508 1599 1543 designari
1616 1517 1630 1535 a
1653 1516 1698 1535 sa—

903 1553 957 1580 cris
972 1552 1082 1580 Litteris
1108 1553 1270 1581 deditionem
1289 1554 1372 1581 animi
1399 1554 1496 1582 scribze
1525 1559 1608 1589 atque
1633 1561 1698 1581 con-

903 1605 1025 1625 sensum.

939 1727 967 1754 ι.
987 1727 1101 1762 Insuper
1121 1726 1204 1753 etiam
1233 1725 1391 1753 redundans
1416 1733 1467 1753 vox
1491 1731 1532 1752 est
1554 1727 1699 1759 respondit,

904 1773 990 1801 veluti
1005 1781 1066 1800 cum
1098 1773 1341 1808 archisyuagogus,
1373 1772 1420 1807 qui
1448 1772 1597 1807 reliquerat
1615 1772 1698 1799 tiliam

905 1819 1013 1847 mortali
1035 1819 1129 1845 [ποι-1η)
1157 1818 1379 1850 conﬂictantem,
1408 1817 1501 1845 Jesum
1533 1818 1647 1853 rogabat
1669 1823 1700 1845 ut

905 1865 1022 1901 puellam
1032 1869 1120 1891 morte
1127 1868 1250 1898 ereptum
1266 1865 1324 1891 iret.
1340 1864 1408 1891 Cum
1421 1871 1485 1891 vero
1499 1864 1607 1890 interim
1624 1863 1698 1891 fama

907 1911 939 1938 ad
972 1914 1111 1945 parentem
1139 1913 1212 1935 esset
1235 1908 1316 1935 allata
1340 1909 1373 1935 de
1403 1908 1477 1935 illius
1502 1907 1590 1940 obitu,
1606 1907 1701 1934 subdit

906 1950 1073 1990 evangelista
1094 1961 1101 1979 :
1122 1963 1130 1979 1
1150 1954 1248 1981 Audita
1270 1962 1300 1981 re
1325 1953 1406 1982 Jesus
1429 1953 1569 1988 respondit
1589 1953 1645 1980 illi:
1662 1953 1702 1980 Nc

907 2002 1016 2033 timeas,
1024 1999 1212 2027 tantummodo
1221 1999 1300 2026 crede
1310 1999 1343 2026 ".
1356 2008 1365 2024 ι
1376 1999 1491 2026 Constat
1499 1999 1582 2032 enim,
1593 1998 1701 2026 etiamsi

907 2048 1020 2076 verbum
1051 2046 1190 2081 respondit
1218 2046 1331 2073 minime
1366 2045 1466 2073 fuisset
1497 2045 1701 2080 interpositum,

909 2094 1087 2122 nihilominus
1102 2092 1197 2128 reliqui
1214 2092 1351 2120 sermonis
1373 2092 1496 2120 eamdem
1520 2092 1578 2119 lore
1590 2096 1702 2119 senten-

910 2142 986 2170 tiam.
1000 2140 1064 2167 Tale
1083 2143 1126 2168 est
1144 2144 1172 2167 et
1189 2139 1255 2167 illud
1270 2147 1277 2166 :
1299 2148 1309 2164 1
1327 2137 1506 2173 Respondens
1520 2137 1618 2166 Petrus
1634 2138 1704 2166 dixit

65 2191 94 2218 Εί
109 2193 212 2223 πάντες
226 2191 502 2227 σκανδαλισθήσονται
519 2192 550 2218 ὲν
574 2192 626 2225 σοὶ,
653 2191 709 2226 ἐγὼ
728 2192 757 2219 δὲ
785 2192 854 2219 οὐδέ-

945 2189 1078 2218 :Etiamsi
1098 2195 1193 2216 omnes
1215 2188 1242 2215 in
1263 2193 1289 2215 te
1313 2186 1491 2215 scandalizati
1519 2185 1630 2217 fuerint.
1651 2194 1702 2221 ego

66 2245 131 2264 ποτε
144 2245 153 2252 ’
173 2246 183 2263 ›
202 2238 244 2264 ὅτι
257 2237 308 2272 μέν
322 2246 364 2264 τοι
380 2237 516 2274 παρέλκον
530 2237 605 2263 ἐστὶν
616 2236 732 2264 ἐνταῦθα
745 2236 776 2263 τὺ
789 2236 858 2264 ἀπο-

45 2293 49 2298 ~
66 2283 184 2319 κριθεὶς,
205 2283 253 2310 καὶ
267 2283 282 2309 6
293 2283 493 2319 εὐαγγελιστὴς
507 2283 620 2319 Μάρκος
631 2282 785 2310 ἐκδιδάσκει
803 2283 857 2318 μά-

66 2328 145 2356 λιστα
161 2338 170 2345 ·
192 2328 305 2364 καὶγὰρ
317 2328 384 2355 αὐτὸ
409 2328 489 2356 τοῦτο
513 2329 689 2365 διερχόμενος
704 2329 735 2355 τὸ
759 2329 859 2364 χωρίον

66 2375 136 2409 ὑπὲρ
151 2375 167 2401 ὃ
180 2374 320 2406 Ματθαῖος
334 2375 383 2402 σὺν
395 2375 435 2411 τῷ
449 2375 587 2410 ἀπεκρίθη
606 2375 765 2410 διηγήσατο,
779 2374 860 2406 αὐτὸς

65 2421 142 2447 οὐδὲν
154 2421 224 2453 ὅλως
232 2421 282 2456 τῆς
291 2420 384 2456 φωνῆς
389 2420 504 2456 δεηθεὶς,
511 2431 520 2446 1
531 2421 560 2447 '0
568 2421 596 2447 δὲ
602 2421 705 2456 Πέτρος
713 2420 764 2456 ἔφη
773 2419 858 2455 αὐτῷ,

67 2465 96 2492 Et
112 2467 216 2498 πάντες
230 2465 519 2501 σκανδαλισθήσονται,
534 2465 592 2493 ἀλλ’
604 2466 654 2492 οὐκ
669 2466 724 2500 ὲγώ
736 2473 744 2481 ’
759 2475 768 2491 ι
788 2465 859 2492 οὕτω

65 2512 93 2538 δὲ
110 2512 208 2547 σαφῶς
218 2513 403 2539 ἐπιδείκνυται
417 2512 556 2548 παρέλκον
571 2512 618 2539 καὶ
629 2513 659 2538 ὲν
679 2513 713 2548 τῇ
725 2512 797 2538 κατὰ
813 2511 859 2538 τὸν

67 2558 186 2585 Πιλάτον
203 2557 319 2593 ἱστορίᾳ,
336 2558 380 2584 ὅτε
395 2558 441 2585 τὸν
460 2558 564 2593 Ἰησοῦν
586 2558 726 2593 ἐπεχείρει
742 2559 793 2593 τῆς
803 2557 859 2584 τῶν

71 2599 210 2628 Ἰουδαίων
231 2601 361 2628 ἀπολύειν
380 2602 534 2637 μιαιφονίας
550 2610 558 2618 ο
578 2602 712 2638 ἐκατέρου
728 2603 782 2638 γὰρ
801 2602 856 2628 τῶν

910 2241 1000 2264 autem
1027 2235 1265 2270 haudquaquam‘.
1283 2242 1293 2259 ι
1325 2233 1397 2261 Sane
1422 2233 1494 2268 quod
1525 2232 1569 2260 hic
1591 2240 1641 2259 vox
1658 2240 1701 2258 rc—

912 2281 1022 2317 spondit
1034 2280 1176 2311 redundet,
1199 2278 1308 2306 Marcus
1324 2278 1449 2313 apprime
1464 2277 1632 2312 evangelista
1651 2277 1702 2304 do-

911 2333 955 2356 cet
974 2337 980 2354 :
995 2334 1112 2362 namque
1126 2326 1153 2353 in
1167 2325 1262 2353 eadem
1277 2325 1435 2352 narratione
1450 2331 1573 2355 versans,
1595 2323 1620 2350 in
1649 2331 1701 2357 qua

912 2374 1056 2402 Matthzeus
1071 2372 1154 2400 verbo
1185 2371 1326 2406 respondit
1345 2371 1442 2403 utitur,
1458 2371 1515 2406 ipse
1532 2370 1612 2404 hujus
1627 2369 1701 2396 vocis

914 2419 1037 2447 subsidio
1050 2425 1103 2445 non
1123 2417 1247 2444 invocato
1269 2417 1309 2444 sic
1323 2416 1419 2444 scribit
1438 2426 1444 2444 ε
1468 2425 1477 2442 1
1499 2415 1595 2444 Petrus
1610 2419 1700 2442 autem

912 2465 981 2492 dixit
994 2465 1035 2492 ei:
1049 2463 1107 2491 Etsi
1124 2470 1219 2490 omnes
1235 2462 1410 2490 scandalizati
1425 2462 1598 2493 fuerint,non
1612 2466 1700 2488 tamen

912 2518 963 2545 ego
974 2511 996 2538 '.
1020 2519 1029 2535 ι
1051 2509 1096 2537 Sic
1120 2513 1212 2544 aperte
1240 2509 1443 2536 demonstratur
1469 2507 1620 2534 redundare
1650 2508 1702 2535 hoc

913 2556 1026 2584 verbum
1053 2555 1079 2582 in
1107 2555 1220 2583 historia
1245 2562 1353 2590 quoque
1383 2561 1473 2581 rerum
1499 2561 1588 2580 coram
1614 2552 1702 2580 Pilato

910 2605 1059 2636 gestarum,
1073 2608 1127 2636 quo
1142 2604 1262 2635 tempore
1282 2600 1327 2627 hic
1345 2599 1437 2627 Jesum
1458 2598 1614 2626 Iudaeorum
1635 2600 1700 2626 car-di

99 2679 125 2714 ἥδ
138 2679 226 2708 Marc.
239 2689 277 2713 rx,
303 2681 349 2709 37.
388 2682 411 2698 "
427 2681 522 2709 Matth.
540 2689 607 2713 xvu,
624 2681 651 2709 4.
689 2681 712 2697 ’⁸
732 2680 828 2709 Matth.
845 2689 902 2714 xtv,
916 2681 962 2710 28.
1000 2682 1022 2698 ⁸⁷
1039 2680 1134 2709 Matth.
1145 2680 1260 2713 xnr,36.
1298 2680 1321 2696 "
1338 2679 1421 2707 Marc.
1440 2687 1488 2713 xu,
1500 2679 1544 2707 36.
1577 2679 1600 2696 "
1616 2677 1700 2705 Marc.

65 2721 92 2746 ν.
107 2715 154 2743 56.
197 2716 204 2731 '
228 2716 324 2744 Matth.
346 2725 422 2750 nvr,
440 2717 484 2745 33.
525 2717 535 2732 ²
553 2715 702 2749 Marcauv,
719 2716 763 2743 29.

835 2782 952 2810 NOTAE.

104 2838 164 2872 (37)
180 2837 349 2867 Vocabulum
383 2838 526 2867 ὑπολαϐὼν
552 2847 600 2875 pro
626 2839 782 2874 respondens
809 2839 861 2867 late
881 2839 998 2868 illustrat
1013 2839 1184 2868 Wetstenius
1199 2838 1231 2866 ad
1250 2837 1316 2867 Luc.
1337 2847 1363 2873 κ,
1381 2838 1425 2867 30.
