1882 3075
209 128 260 160 159

794 129 926 159 ΡΠΟΤῙΙ
940 129 1197 160 PATRIARCHJE
1212 132 1266 161 ΟΡ.
1785 133 1826 166 160

200 184 354 212 subducere
370 183 520 211 nitebatur.
539 181 609 210 Nam
620 182 729 211 duobus
747 172 924 219 evangelistis
940 193 944 211 l

1049 184 1093 227 δυο
1112 185 1317 220 εὐαγγελιστῶν
1331 184 1400 220 μετὰ
1429 184 1476 212 τοῦ
1491 185 1654 220 ἀποκριθεὶς
1667 186 1716 222 τὴν
1731 187 1775 214 τοῦ
1788 188 1827 215 λό-

200 230 260 257 siue
277 229 358 256 verbo
381 228 522 263 respondit
541 229 694 256 orationem
717 237 794 256 suam
815 231 999 257 construenti-

201 275 262 308 hus,
291 275 370 302 divus
401 279 492 301 tamen
522 274 749 302 Lucaseumdem
771 281 862 303 actum
877 277 1000 304 conscri-

200 322 278 352 beus,
313 328 403 355 neque
421 321 535 348 omnino
550 322 635 349 verbo
663 322 806 356 respondit
822 327 913 356 utens,
929 323 998 351 satis

199 368 397 394 demonstravit
422 373 536 396 caeteros
562 368 746 396 redundanter
773 369 858 396 fuisse
882 370 997 398 locutos.

199 414 244 440 Ait
259 414 359 448 quippe
373 413 462 441 Lucas
477 423 484 442 :
505 423 514 439 ‹
533 414 638 442 Rursus
652 415 734 449 igitur
751 415 852 443 Pilatus
867 416 998 451 populum

199 460 334 487 allocutus
356 465 408 491 est,
435 459 500 487 dum
529 459 622 487 Jesum
649 456 765 489 liberare
794 463 962 497 satageret'.
986 471 995 488 ι

198 506 336 534 Permulta
364 514 430 534 sane
456 507 594 541 ejusmodi
621 511 724 536 erunt:
752 507 800 535 sed
829 509 902 535 enim
918 508 997 536 nobis

199 560 253 579 non
286 557 328 579 est
348 553 520 588 propositum
548 553 752 582 multitudinem
773 554 996 582 testimoniorum

198 597 335 632 colligere,
355 605 450 624 verum
471 599 597 633 exemplo
621 600 822 633 tantummodo,
845 601 952 628 etiamsi
970 601 997 629 id

198 651 282 670 unum
294 648 376 676 esset,
393 643 566 678 significatus
580 644 662 679 hujus
684 646 825 673 veritatem
844 646 933 681 palam
955 647 995 674 fa-

198 697 270 716 cere.
293 689 365 717 Sane
382 694 409 716 et
423 690 458 717 ab
473 697 504 718 ea
523 690 673 724 locutione,
687 699 749 726 quae
765 693 935 720 curationem
953 693 996 720 in-

198 735 304 762 clinatae
328 735 451 763 mulieris
481 740 630 764 consecuta
644 741 696 770 est,
720 737 888 773 respondens
904 743 994 766 autem

197 780 432 816 arehisyuagogus
459 789 522 809 eum
553 783 726 816 stomacho‘,
747 784 770 811 si
798 784 861 819 quis
881 785 994 812 verbum

196 826 366 860 respondens
393 827 548 859 subtrahat,
573 828 674 863 reliqua
702 831 836 857 sermonis
847 838 910 865 pars
925 831 995 859 inte-

196 879 272 907 gram
288 872 379 899 adhuc
394 874 524 901 retinebit
550 875 715 901 sententiam
735 883 824 903 suam.
845 864 934 912 Atque
956 878 993 905 ita
1011 864 1032 892 Β

197 918 339 953 perspicue
352 919 572 947 demonstratum
592 921 731 955 existimo,
747 922 860 949 verbum
876 931 992 958 respon-

195 962 264 990 dens
282 967 308 990 et
324 964 394 992 initii
411 965 470 993 vice
486 973 556 1001 sazpe
578 965 667 1001 fungi,
685 975 712 994 et
732 968 902 996 admittentis
925 977 994 1004 prte-

195 1009 334 1037 cedentem
354 1018 521 1044 sermonem,
552 1015 579 1039 et
610 1012 754 1047 expletiva:
770 1021 879 1048 quoque
893 1014 994 1042 dictio—

195 1055 239 1082 nis
251 1064 258 1088 ;
271 1060 298 1083 et
314 1057 431 1092 denique
447 1057 633 1092 deprccationi
650 1060 793 1087 inservire.

230 1099 256 1128 5.
272 1100 350 1134 Quod
373 1110 439 1130 vero
462 1103 546 1130 etiam
583 1103 768 1139 interrogandi
802 1104 855 1132 vim
882 1105 990 1138 habeat,

193 1146 334 1174 evidenter
371 1149 546 1183 cognoscitur
572 1156 586 1176 e
606 1149 678 1176 Petri
696 1150 828 1185 principis
844 1150 991 1180 locutione.

192 1191 261 1219 Nam
280 1200 343 1220 cum
367 1201 445 1222 sacra
465 1194 580 1222 historia
599 1195 713 1223 Ananiae
739 1195 793 1223 fata
806 1200 833 1223 et.
849 1197 992 1232 Sapphira:

192 1239 312 1272 exponit,
328 1247 494 1276 pmuamque
506 1241 643 1268 mendacii
651 1247 788 1275 mortem;
804 1250 868 1270 mox
883 1244 992 1272 attexit:

195 1294 204 1310 ι
222 1285 254 1311 Et
274 1294 342 1312 uxor
371 1286 431 1321 ejus
454 1291 569 1313 eventus
596 1287 689 1314 nescia
704 1289 872 1322 supervenit.
889 1298 897 1313 ι
917 1288 986 1316 Tum

193 1333 280 1367 pergit
296 1333 386 1360 dicere
404 1341 412 1360 :
433 1342 442 1358 ‹
466 1333 670 1368 Responditque
687 1333 713 1360 ei
728 1329 844 1362 Petrus:
862 1335 909 1362 Die
925 1336 990 1363 mihi

192 1385 283 1406 utrum
301 1378 369 1406 tanti
384 1387 478 1414 agrum
493 1379 711 1407 vendideritts'?
729 1389 738 1406 ι
757 1379 826 1407 Nam
839 1389 900 1415 qua:
917 1390 991 1410 nunc

192 1426 279 1462 magis
307 1426 418 1461 propria
442 1425 591 1460 excogitari
612 1431 702 1462 potest
721 1426 888 1462 signiﬁcatio
915 1429 989 1456 verbi

190 1472 343 1507 respondit,
363 1480 445 1507 quam
461 1471 664 1507 interrogavit?
682 1471 770 1500 Veluti
796 1474 877 1501 etiam
903 1474 988 1503 illud:

193 1528 202 1545 ι
221 1518 428 1554 Responderunt
444 1518 541 1550 Judaei,
558 1518 741 1554 dixeruntque
760 1519 797 1546 illi
818 1528 825 1547 :
846 1520 989 1554 Quodnam

189 1565 299 1600 signum
326 1564 458 1596 ostendis,
480 1565 544 1600 quia
559 1565 617 1592 haec
637 1565 746 1593 facis“?
765 1575 774 1592 ι
806 1566 871 1594 Item
899 1567 985 1596 illud:

192 1620 202 1636 ι
220 1610 371 1645 Respondit
391 1611 432 1638 eis
455 1609 557 1638 Jesus:
586 1610 682 1638 Nonne
701 1619 752 1646 ego
777 1620 827 1640 vos
843 1613 985 1641 duodecim

189 1658 299 1693 elegi"?
315 1668 324 1684 ι
343 1658 500 1686 Lectionem
515 1663 631 1692 utroque
650 1659 710 1687 loco
723 1660 776 1686 vim
801 1661 984 1696 interrogandi

189 1704 289 1731 habere
304 1704 477 1739 exploratum
492 1708 544 1732 est.
558 1703 651 1740 Neque
666 1709 781 1733 eatenus
802 1706 986 1741 signiﬁcatio—

190 1758 238 1777 nes
252 1750 327 1777 verbi
343 1750 485 1784 respondit
498 1750 673 1785 perlingunt;
687 1758 781 1778 verum
798 1751 824 1778 id
837 1752 986 1787 aliquando

189 1797 223 1824 ad
238 1797 342 1824 nullum
358 1797 494 1831 prolatum
507 1804 555 1823 ore
567 1797 681 1824 verbum
695 1796 821 1830 refertur,
835 1799 882 1826 sed
892 1799 986 1826 occul-

189 1844 224 1872 tis
240 1843 382 1872 hominum
402 1842 614 1878 cogitationihus
633 1844 763 1871 occurrit.
780 1843 881 1876 Veluti.
899 1854 909 1871 ι
924 1845 986 1873 Cer-

189 1898 258 1918 nt-ns
286 1889 443 1917 Phariswus
470 1889 518 1924 qui
546 1889 640 1917 Jesum
668 1890 796 1918 convivio
826 1896 983 1927 exceperat,

189 1936 255 1964 dixit
271 1935 342 1963 intra
358 1942 386 1962 se
399 1944 408 1962 :
423 1934 473 1962 Hic
487 1934 511 1962 si
524 1940 598 1962 esset
614 1936 758 1970 propheta,
775 1942 870 1965 nosset
890 1939 986 1974 utique

187 1991 249 2019 quae
260 1987 418 2018 quantaque
446 1982 544 2009 mulier
560 1988 621 2008 etim
651 1982 768 2017 attingat
781 2003 789 2015 ,
809 1990 907 2018 nempe
921 1992 986 2019 pec-

187 2028 309 2056 catrix“.
332 2036 342 2053 ι
356 2026 437 2054 Nunc
448 2033 534 2059 certe,
553 2034 712 2062 quanquam
739 2029 812 2055 nulla
829 2029 986 2065 interroga-

187 2074 225 2100 tio
242 2072 423 2108 prtecesserit,
440 2079 528 2106 neque
542 2073 685 2100 exordium
703 2080 862 2102 consecutae
874 2078 980 2103 oratio-

186 2120 229 2147 nis
245 2120 302 2152 tiat,
317 2126 404 2154 neque
417 2118 589 2154 aliicuipiam
601 2127 616 2147 e
627 2119 764 2154 pradictis
773 2121 861 2149 modis
875 2122 982 2150 locutio

185 2164 419 2197 accommodetur,
433 2164 508 2192 addit
521 2165 687 2200 evangelista
706 2175 712 2193 :
733 2176 742 2192 ι
761 2165 797 2193 Et
811 2169 982 2203 respondens

1050 239 1098 265 γου
1109 231 1233 265 σύνταξιν
1249 231 1501 267 προενεγκαμὲνου,
1512 232 1526 258 6
1538 231 1666 267 θεόσοςρος
1678 233 1779 264 Λουκᾶς
1785 233 1826 269 τὴν

1050 277 1136 312 αὐτὴν
1153 277 1321 312 ἀναγράφων
1337 276 1447 312 πρᾶξιν,
1463 277 1520 304 οὐδ’
1537 277 1605 309 ὅλως
1619 278 1824 314 χρησάμενοςτῷ

1050 322 1220 358 ἀποκριθεὶς,
1235 322 1320 355 ἔδειξε
1329 324 1392 354 τοὺς
1406 321 1504 355 ἄλλους
1536 324 1608 350 κατὰ
1638 323 1669 350 τὸ
1697 323 1824 359 παρέλκον

1049 370 1241 405 χρησαμένους
1255 370 1288 404 τῇ
1302 369 1393 403 φωνῇ·
1407 368 1459 405 ἔφη
1469 370 1533 404 γὰρ,
1551 379 1560 395 ι
1577 369 1661 397 Πάλιν
1674 368 1721 396 οὖν
1731 370 1824 397 ὸΠιλά‹

1048 425 1095 448 τος
1111 415 1309 452 προσεφώνησε
1322 417 1406 442 θέλων
1417 416 1552 443 ἀπολύσαι
1568 416 1614 443 τὸν
1632 415 1745 451 Ἰησοῦν·
1764 425 1772 442 ι
1785 416 1825 442 καὶ

1049 463 1135 489 πολλὰ
1160 463 1193 489 ἂν
1219 464 1262 498 εἴη
1276 462 1405 489 τοιαῦτα·
1421 463 1486 498 ἡμῖν
1515 463 1543 489 δὲ
1560 462 1591 489 οὗ
1607 461 1748 497 συλλέγειν
1772 462 1825 488 ἐστὶ

1049 509 1150 545 πλῆθος
1167 509 1324 545 μαρτυριῶν
1339 510 1448 542 σκοπὸς,
1465 509 1533 536 ἀλλὰ
1544 508 1746 544 παραδείγματι
1755 508 1824 544 μόνον

1047 555 1228 589 ἐνδείξασθαι,
1242 554 1294 582 κᾶν
1310 555 1349 590 τῷ
1361 555 1402 582 ἑνὶ
1426 554 1631 590 περιγράφοιτο,
1658 553 1706 580 τοῦ
1737 562 1825 588 σημαι-

1047 602 1161 637 νομένου
1178 600 1330 636 κατάδηλον
1346 602 1395 637 τὴν
1415 600 1534 628 διάνοιαν
1551 607 1558 615 ³
1582 599 1645 626 ἐπεὶ
1657 599 1705 626 καὶ
1716 599 1745 625 τὺ
1754 599 1825 634 ῥηθὲν

1048 647 1118 682 μετὰ
1130 646 1180 682 τὴν
1206 646 1356 682 θεραπείαν
1384 646 1435 681 τῆς
1461 644 1670 681 συγκυπτούσης
1698 645 1824 679 γυναικὸς,

1047 693 1208 728 ἀποκριθεὶς
1219 693 1247 720 δὲ
1263 693 1277 719 6
1299 692 1525 729 ἀρχισυνάγωγος
1551 690 1727 725 ἀγανακτῶν,
1745 690 1769 716 εῐ
1789 699 1824 722 τις

1047 740 1168 775 περιέλοι
1179 741 1209 767 τὸ
1222 740 1395 775 ἀποκριθεὶς,
1410 740 1441 767 τὸ
1453 739 1517 767 ἄλλο
1535 739 1619 774 μέρος
1644 739 1695 774 τῆς
1709 738 1824 774 φράσεως

1045 788 1185 823 ἀκήρατον
1198 788 1248 823 τὴν
1263 788 1348 823 αὐτὴν
1361 786 1528 814 ἀναπτύσσει
1541 787 1672 814 διάνοιαν·
1685 784 1756 812 οὕτω
1771 785 1823 819 μὲν,

1045 832 1133 869 οἶμαι,
1154 833 1245 868 σαφῶς
1264 833 1446 860 ἐπιδέδεικται
1463 832 1551 868 ἀρχῆς
1565 840 1594 858 τε
1611 830 1690 865 λόγον
1706 830 1825 860 πολλάκις

1045 880 1154 915 ἐπέχειν
1169 880 1200 906 τὺ
1223 878 1399 914 ἀποκριθεὶς,
1425 878 1473 906 καὶ
1500 877 1625 912 διαδοχὴν
1649 875 1822 912 ἡγησαμένων

1045 926 1188 962 ῥημάτων,
1204 925 1252 952 καὶ
1265 925 1449 960 παρέλκοντος
1467 923 1551 951 τόπον
1570 923 1654 958 ἔχειν,
1669 922 1717 949 καὶ
1729 919 1825 951 ἱκεσίας

1045 970 1217 1007 ἀναπληροῦν
1227 970 1333 1007 χρείαν.

1078 1107 1110 1131 ε’.
1132 1103 1236 1130 Ὀτιδε
1267 1103 1315 1131 καὶ
1324 1103 1374 1138 τὴν
1400 1101 1535 1138 ἐρώτησιν
1559 1101 1721 1137 ὑπέρχεται,
1745 1101 1762 1136 ἠ
1782 1098 1825 1126 τοῦ

1043 1150 1193 1186 κορυφαίου
1208 1150 1313 1185 Πέτρου
1325 1149 1490 1185 παρίστησιν
1501 1147 1626 1183 ἐναργῶς
1639 1147 1716 1182 φωνή
1728 1146 1770 1172 ·τὺ
1778 1145 1825 1180 γὰρ

1042 1197 1113 1224 κατὰ
1127 1197 1172 1223 τὸν
1190 1196 1315 1223 Ἀνανίαν
1331 1196 1378 1222 καὶ
1401 1195 1560 1229 Σάπφειραν
1587 1193 1671 1224 πάθος
1694 1191 1826 1226 ἀπαγγέλ-

1043 1244 1096 1270 λων
1107 1244 1122 1270 6
1138 1243 1227 1278 λόγος,
1245 1243 1294 1270 καὶ
1307 1241 1358 1276 τῆς
1373 1240 1551 1276 ψευδολογίας
1563 1239 1608 1266 τὸν
1628 1238 1825 1273 εἰσπραχθέντα

1043 1290 1170 1322 θάνατον,
1182 1289 1284 1324 συνῆψε
1300 1288 1360 1324 μὲν,
1376 1298 1385 1314 ι
1399 1288 1454 1314 Καὶ
1472 1288 1489 1323 ή
1504 1286 1572 1321 γυνὴ
1587 1285 1670 1312 αὑτοῦ
1690 1285 1729 1321 μὴ
1748 1284 1827 1310 εἰδυῖα

1042 1336 1072 1362 τὸ
1083 1335 1205 1370 γεγονὸς,
1221 1334 1347 1369 εἰσῆλθεν
1366 1342 1374 1348 ·
1394 1343 1404 1360 ι
1419 1334 1518 1367 ἐπάγει
1535 1333 1574 1365 δὲ,
1589 1342 1598 1358 ι
1613 1332 1668 1358 Καὶ
1694 1330 1826 1366 ἀπεκρίθη

1041 1383 1110 1417 αὐτῇ
1124 1383 1139 1408 6
1158 1381 1272 1417 Πέτρος,
1285 1380 1353 1407 Εἰπέ
1372 1388 1417 1416 μοι
1434 1381 1459 1406 ei
1472 1378 1598 1405 τοσούτου
1615 1378 1645 1404 τὸ
1662 1378 1763 1414 χωρίον
1781 1377 1828 1404 ὰπ-

1042 1428 1151 1461 έδοσθε;
1170 1437 1180 1454 ι
1197 1427 1223 1453 τί
1236 1427 1291 1463 γὰρ
1308 1427 1341 1454 ἂν
1355 1426 1450 1461 ἓτερον
1461 1426 1627 1460 οἰκειότερον
1638 1423 1765 1459 εὑρεθείη
1780 1422 1827 1448 ὑπὸ

1040 1471 1088 1497 τοῦ
1105 1470 1242 1507 ἀπεκρίθη
1261 1470 1320 1498 νυνὶ
1336 1470 1512 1506 δηλούμενον,
1527 1470 1543 1505 ἢ
1560 1470 1590 1496 τὸ
1602 1468 1760 1504 ἡρώτησενς
1777 1466 1827 1493 ῶσ-

1042 1527 1094 1554 περ
1110 1518 1166 1551 καὶ,
1180 1528 1190 1544 ι
1205 1517 1408 1553 Ἀπεκρίθησαν
1416 1518 1440 1544 οἱ
1461 1516 1582 1543 Ἰουδαῖοι
1596 1516 1643 1542 καὶ
1654 1513 1730 1542 εἷπον
1747 1514 1826 1548 αὐτῷ,

1041 1566 1073 1592 Τί
1086 1565 1196 1600 σημεῖον
1206 1563 1338 1595 δεικνύεις
1349 1564 1390 1590 ὅτι
1401 1563 1487 1590 ταῦτα
1500 1564 1604 1595 ποιεῖς;
1617 1573 1627 1588 ι
1643 1562 1687 1589 ναὶ
1695 1562 1727 1597 δὴ
1736 1562 1783 1589 καὶ
1790 1561 1826 1593 τὺ,

1043 1621 1053 1637 ί
1079 1611 1227 1646 Ἀπεκρίθη
1251 1611 1344 1641 αὐτοῖς
1359 1610 1374 1636 ὁ
1394 1609 1508 1645 Ἰησοῦς,
1529 1609 1586 1636 Οὐκ
1603 1608 1658 1643 ἐγὼ
1671 1608 1744 1644 ὑμᾶς
1769 1606 1828 1637 τοὺς

1039 1656 1143 1683 δώδεκα
1155 1655 1338 1691 ὲξελεξάμην;
1354 1664 1364 1681 ›
1386 1654 1504 1690 φανερὸν
1519 1654 1573 1689 γὰρ
1589 1654 1636 1680 ἐπὶ
1653 1654 1768 1686 τούτων,
1793 1651 1828 1682 ὡς

1040 1700 1158 1736 ἑκατέρα
1174 1700 1246 1732 λέξις
1269 1700 1320 1734 τὴν
1342 1699 1388 1726 τοῦ
1406 1699 1532 1735 ἠρώτησε
1557 1699 1672 1734 δύναμιν
1698 1698 1767 1733 ιἔχει.
1793 1697 1827 1723 Οὺ

1038 1746 1125 1773 ταῦτα
1138 1746 1167 1773 δὲ
1178 1746 1258 1782 μόνον
1273 1746 1304 1772 τὸ
1320 1746 1457 1781 ἀπεκρίθη
1486 1745 1625 1780 σημαίνει,
1646 1744 1705 1771 ἀλλ’
1720 1744 1827 1770 ἕσο“ὖτε

1040 1792 1093 1828 μὴν
1112 1792 1160 1819 καὶ
1177 1792 1244 1826 πρὸς
1261 1791 1337 1819 οὐδὲν
1352 1792 1406 1818 τῶν
1424 1791 1599 1826 προφορικῶν
1621 1790 1755 1826 ῥημάτων
1771 1792 1827 1816 ἐπι-

1038 1838 1161 1874 φέρεται,
1175 1838 1244 1874 πρὸς
1259 1838 1287 1864 δὲ
1303 1837 1353 1873 τὴν
1364 1836 1564 1872 ὲνδομυχοῡσαν
1592 1835 1647 1862 τῶν
1675 1835 1826 1870 ἀνθρώπων

1037 1885 1155 1913 διάνοιαν
1170 1883 1362 1916 ἀπευθύνεται,
1379 1884 1417 1915 ὡς
1431 1884 1478 1910 ἐπὶ
1488 1882 1548 1915 τοῦ,
1570 1892 1580 1908 ι
1593 1881 1666 1909 Ἰδὼν
1679 1881 1706 1907 δὲ
1719 1883 1734 1908 6
1751 1883 1828 1916 Φαρι-

1038 1932 1113 1962 σαῖος
1129 1931 1143 1957 ὁ
1157 1931 1275 1963 καλέσας
1287 1931 1379 1962 αὑτὸν,
1394 1929 1470 1956 εἶπεν
1486 1929 1516 1956 ὲν
1540 1928 1640 1964 ἐαυτῷ,
1664 1926 1747 1960 Οὗτος
1759 1929 1784 1954 εἰ
1795 1926 1827 1963 ἦν

1037 1980 1191 2014 προφήτης,
1208 1978 1357 2012 ἐγίνωσκεν
1373 1977 1406 2004 ἂν
1421 1976 1462 2008 τίς
1476 1976 1523 2002 καὶ
1534 1974 1643 2010 ποταπὴ
1659 1974 1756 2010 ἡγυνὴ
1769 1974 1828 2009 ἥτις

1036 2025 1151 2051 ἅπτεται
1161 2024 1305 2056 αὑτοῦ,ὂτι
1319 2022 1482 2059 ἁμαρτωλός
1495 2023 1580 2049 ἐστιν·
1594 2031 1603 2047 ι
1620 2021 1671 2057 ὃρα
1688 2021 1744 2056 γὰρ
1760 2020 1826 2055 μηόὲ

1038 2070 1102 2105 μιᾶς
1130 2070 1291 2105 ἐρωτήσεως
1315 2067 1564 2105 προηγησαμένης,
1587 2067 1650 2102 μηδ’
1673 2067 1713 2098 είς
1739 2065 1826 2101 ἀρχὴν

1035 2115 1082 2142 τοῦ
1108 2115 1172 2151 ἑξῆς
1193 2115 1398 2150 ἀναφερομένου
1421 2114 1521 2148 λόγου,
1541 2114 1602 2149 μηδ’
1629 2113 1695 2141 ἄλλο
1717 2122 1744 2140 τι
1772 2113 1825 2140 τῶν

1035 2161 1244 2198 προειρημένων
1258 2161 1309 2195 τῆς
1320 2161 1446 2195 φράσεως
1458 2160 1681 2196 συνεισαγούσης,
1697 2160 1797 2194 ἐπάγει
1812 2160 1826 2186 6

183 2210 263 2238 Jesus
273 2211 343 2238 dixit
356 2210 394 2238 illi
412 2219 419 2238 :
434 2211 542 2244 Simon,
557 2212 644 2238 habeo
663 2212 766 2247 aliquid
786 2213 835 2241 tibi
851 2214 942 2243 dicere

1050 2207 1242 2243 ὑαγγελιστὴς,
1259 2216 1268 2233 ι
1284 2208 1340 2234 Καὶ
1353 2205 1514 2242 ἀποκριθεὶς
1527 2208 1542 2233 6
1561 2206 1665 2242 Ἰησοῦς
1682 2204 1746 2233 εἶπε
1758 2206 1825 2242 πρὸς

184 2257 285 2285 Deinde
308 2257 501 2292 interrogative
527 2265 708 2293 prosequens,
739 2259 839 2294 impias
859 2260 944 2289 homin

1049 2254 1126 2286 Lt'a-tov,
1139 2254 1242 2290 Σίμων,
1257 2253 1311 2288 ἔχω
1327 2254 1370 2280 σοί
1380 2262 1407 2280 τι
1417 2254 1505 2280 εἰπεῖν
1515 2261 1521 2268 ·
1539 2262 1547 2280 ι
1561 2254 1608 2280 καὶ
1618 2252 1652 2279 δι’
1663 2253 1825 2289 ἐρωτήσεως

181 2304 362 2340 cogitationes
374 2304 527 2339 castigavit,
538 2313 659 2340 eumque
668 2305 703 2332 ad
715 2306 843 2340 pietatem
850 2315 882 2335 ac
898 2308 979 2336 iidem

181 2359 231 2386 pro
250 2358 299 2378 sua
330 2351 474 2379 clementia
503 2351 615 2378 direxit.
645 2351 739 2386 Neque
755 2352 828 2379 enim
846 2353 974 2382 dubitare

180 2397 252 2430 licet,
270 2396 337 2432 quin
367 2398 450 2425 verba
476 2398 636 2432 respondens
651 2397 730 2425 Jews
747 2398 818 2425 dixit
835 2399 886 2432 illi,
900 2401 976 2435 ejus-

179 2443 240 2469 dem
266 2442 332 2470 Jesu
358 2451 440 2478 quam
467 2442 588 2471 diximus
619 2444 782 2478 expositioni
813 2446 973 2480 pneposita,

178 2487 310 2515 adversus
330 2489 415 2516 animi
429 2496 547 2517 arcanos
557 2493 647 2517 motus
661 2490 880 2525 intorquentur.
898 2492 977 2520 Palis

179 2534 290 2568 insuper
311 2533 407 2561 formae
427 2534 494 2562 illud
514 2539 579 2562 est:
607 2544 616 2561 ι
636 2535 816 2570 Respondens
836 2536 916 2565 Jesus
935 2538 975 2566 le-

179 2579 318 2614 gisperitis
330 2581 360 2607 ἰ
380 2589 389 2605 ι
408 2580 482 2615 quod
497 2580 562 2608 item
588 2581 757 2616 perturbatis
776 2582 976 2619 seditiosisque

178 2623 289 2651 illorum
304 2625 441 2652 mentibus
461 2627 618 2661 oppositum
641 2626 703 2658 fuit.
722 2635 777 2663 quo
794 2633 917 2664 tempore
929 2631 979 2666 hy-

178 2670 321 2705 dropicum
347 2677 439 2698 coram
458 2676 576 2700 stantem
602 2673 757 2701 viderunt:
790 2674 837 2708 qui
863 2682 927 2702 cum
944 2675 979 2702 ad

175 2716 392 2744 misericordiam
414 2716 486 2744 ﬂecti
512 2717 653 2752 deberent,
685 2727 741 2747 non
770 2724 860 2747 tamen
875 2720 908 2748 de
923 2728 974 2748 sua

212 2801 302 2843 fLuc.
320 2811 398 2843 nili,
413 2804 469 2843 2i);
502 2805 597 2833 Matth.
609 2813 715 2843 _:<\vu.
729 2807 759 2834 2i
777 2815 785 2842 ς
804 2807 886 2835 Mare.
906 2816 944 2842 xv

1068 2809 1161 2838 ‘Luc.
1193 2818 1251 2842 sui.
1284 2810 1326 2838 14.
1363 2810 1374 2826 ⁵
1389 2815 1449 2838 net.
1465 2818 1491 2843 v,
1514 2812 1541 2840 5.

177 2837 188 2854 '
205 2837 283 2865 Joan.
303 2846 339 2871 vt,
355 2839 396 2866 7i.
436 2840 446 2856 ⁸
460 2839 526 2868 Luc.
543 2849 592 2873 vn,
608 2841 652 2869 59.
692 2843 702 2857 '
719 2837 786 2869 Luc;
801 2851 856 2876 xuv,
872 2843 899 2872 5.

1034 2300 1184 2337 προελθὼν,
1199 2301 1229 2328 τό
1242 2309 1272 2327 τε
1290 2300 1452 2336 βλάσφημον
1470 2300 1526 2326 τῶν
1542 2299 1727 2334 διαλογισμῶν
1738 2300 1823 2334 ἐπερ-

1033 2349 1143 2384 ράπισε,
1162 2348 1209 2375 καὶ
1224 2348 1292 2384 πρὸς
1305 2348 1335 2375 τὸ
1354 2347 1480 2379 θεοσεϐὲς
1501 2347 1548 2375 καὶ
1575 2346 1746 2380 ἀδίστακτον,
1773 2347 1823 2373 ὅσα

1029 2404 1058 2421 τε
1074 2395 1107 2430 τῇ
1121 2393 1203 2422 αὺτοῦ
1218 2394 1425 2431 φιλανθρωπίᾳ,
1434 2394 1646 2430 μετερὺθμισεν-
1660 2395 1711 2420 οὐκ
1725 2393 1822 2429 ἄδηλον

1025 2441 1079 2476 γὰρ
1093 2442 1130 2472 ὡς
1144 2441 1184 2473 τὺ,
1205 2450 1214 2467 ι
1226 2440 1397 2476 Ἀποκριθεὶς
1406 2442 1419 2467 6
1436 2440 1537 2476 Ἰησοῦς
1550 2438 1612 2467 εἷπε
1626 2440 1695 2476 πρὸς
1703 2441 1796 2472 αὑτὸν,
1809 2449 1819 2466 ι

1029 2486 1249 2523 προταττόμενον
1263 2487 1313 2523 τῆς
1327 2487 1532 2523 προρῤηθείσης
1558 2487 1719 2523 ἑρμηνείας,
1751 2487 1820 2522 πρὸς

1025 2534 1074 2570 τὴν
1089 2536 1118 2562 ἐν
1133 2534 1172 2570 τῷ
1189 2534 1267 2570 βάθει.
1280 2535 1331 2569 τῆς
1346 2535 1461 2570 καρδίας
1489 2535 1597 2570 κίνησιν
1625 2534 1679 2561 τῶν
1700 2534 1822 2568 διαλογιο

1028 2580 1107 2615 σμῶν
1123 2580 1165 2616 ειη
1179 2580 1214 2607 ἂν
1229 2580 1438 2615 ἀποδεδομένον.
1464 2581 1638 2616 ὐμοστοιχεῖ
1650 2580 1679 2606 δὲ
1698 2580 1737 2614 τῷ
1769 2581 1818 2615 ρη-

1027 2627 1101 2654 θέντι
1114 2629 1162 2654 καὶ
1173 2628 1214 2660 τὸ,
1230 2637 1239 2654 ι
1252 2627 1426 2662 Ἀποκριθεὶς
1437 2628 1451 2654 6
1472 2627 1576 2662 Ἰησοῦς
1587 2628 1656 2661 πρὸς
1667 2627 1730 2659 τοὺς
1743 2635 1820 2661 νομι-

1028 2675 1103 2708 κοὺς,
1118 2683 1128 2700 ι
1146 2674 1320 2709 ἐπαγόμενον
1334 2676 1369 2710 τῇ
1385 2674 1456 2700 κατὰ
1469 2675 1519 2708 τὴν
1534 2675 1652 2701 διάνοιαν
1667 2673 1757 2700 αὐτῶν
1769 2681 1816 2698 τα-

1028 2721 1099 2756 ραχῇ
1126 2721 1174 2747 καὶ
1185 2721 1291 2753 στάσει,
1307 2720 1390 2756 ἡνίκα
1412 2720 1458 2746 τὸν
1483 2719 1637 2755 ὑδρωπικὺν
1662 2718 1816 2754 ἔμπροσθεν

1593 2812 1603 2828 ⁸
1618 2810 1697 2838 Joau.
1718 2817 1747 2841 ιι,
1768 2808 1810 2836 18.
