1882 3075
53 89 102 123 101

544 90 594 122 AD
612 91 909 122 AMPHILOCHIUM
930 88 1102 127 QUIESTIO
1119 92 1198 122 XXI.

1629 92 1683 126 1‘62

51 150 144 178 αὐτῶν
161 149 306 183 ἱστάμενον
319 145 452 183 ἐθεώρουν
464 155 471 161 ·
487 148 535 175 καὶ
550 148 610 175 δέον
619 148 659 184 τῷ
676 149 757 176 πάθει
770 149 840 185 πρὸς

933 148 1001 176 sauia
1024 147 1174 183 quidquam
1201 149 1386 177 remittebam.
1412 149 1511 178 Eadem
1545 151 1681 179 videmur

50 197 130 222 ἑλεον
141 193 356 230 μεταϐαλέσθαι,
371 194 395 220 οί
406 193 434 220 δὲ
445 193 496 228 τῆς
508 194 638 225 ἀπονοίας
653 193 684 220 οὺ
703 193 839 228 μεθίεντο.

50 242 110 277 Τὴν
123 242 210 277 αὐτὴν
222 241 246 267 δ’
261 240 295 267 ἂν
306 240 453 275 παρέχοιτο
467 240 604 275 σημασίαν
615 240 663 267 καὶ
673 240 714 273 τὸ,
734 249 745 266 t
755 241 838 266 Ἀπο-

50 289 161 324 κριθεὶς
168 288 198 314 δὲ
209 288 225 313 ὁ
238 286 343 322 Ἰησοῦς
355 285 431 313 εἶπεν
439 287 532 318 αὐτοῖς
540 307 547 318 ,
569 288 596 314 ’Δ
601 287 665 322 μὴν,
674 287 759 323 Ἀμὴν
769 287 841 321 λέγω

50 336 131 369 ὑμῖν,
145 335 194 361 ἐὰν
209 335 290 370 ἔχητε
306 333 399 360 πίστιν
411 333 458 360 καὶ
471 333 508 368 μὴ
523 326 743 369 διακριθῆτε,ὀῦ
760 333 840 369 μόνον

47 380 79 406 τὸ
89 379 144 415 τῆς
169 379 258 413 συκῆς
280 379 420 413 ποιήσετε.
439 378 509 405 ἀλλὰ
532 379 584 405 κᾶν
603 378 643 414 τῷ
670 379 729 414 ὄρει
751 378 841 412 τούτῳ

48 426 159 461 εῑπητε,
169 424 315 458 Mettiqu
330 425 369 456 είς
386 425 436 460 τὴν
451 424 597 457 θάλασσαν,
613 423 807 459 μεταϐήσεται·
829 434 837 448 ι

50 472 97 498 καὶ
111 471 168 505 γὰρ
182 471 233 497 ὅσα
248 479 282 504 γε
297 469 369 497 κατὰ
383 471 409 496 τί
439 470 588 505 πρόχειρον
608 470 658 504 τῆς
681 469 838 502 συνεπείας,

49 517 120 554 πρὸς
133 518 188 552 τὴν
203 518 233 543 ὲν
246 516 286 551 τῷ
298 516 374 551 βάθει
390 516 441 550 τῆς
467 516 581 550 καρδίας
605 516 719 551 μελέτην
744 516 840 543 ἀπεδίσ

49 565 109 591 ἆλτο
135 564 169 590 ἂν
199 563 230 589 τὸ
255 562 426 596 ἁποὶιριθεὶς,
453 563 529 597 εἰμὴ
541 562 654 597 Μάρκος
666 564 681 588 ὁ
695 563 840 594 θεσπέσιος

48 610 234 644 ἀπαγγέλλων
247 609 279 636 τὺ
291 609 391 644 χωρίον
406 609 585 645 σαφέστερον,
601 611 642 641 είς
659 610 708 644 τὴν
722 610 769 636 τοῦ
796 610 841 636 λό-

49 665 99 691 γου
109 655 240 690 διαδοχὴν
256 656 307 690 τὴν
318 664 351 690 οη
356 655 456 691 μασίαν
466 655 628 691 μεθίστησιν
639 664 646 671 ·
669 655 755 682 εἰπὼν
773 656 840 691 γὰρ,

54 713 64 730 ι
77 703 130 730 Καὶ
137 702 323 737 ἀναμνησθεὶς
334 703 348 728 ὁ
359 702 462 736 Πέτρος
476 701 549 736 λέγει
562 701 645 736 αὐτῷ,
653 701 757 730 Ῥαὸὄὶ.
773 702 811 728 ἴδε
823 703 840 736 ἡ

51 750 123 783 συκῆ
139 750 173 784 ἢν
190 748 340 784 κατηράσω
357 748 499 783 ἐξήραται,
515 757 523 773 ι
543 747 651 781 εἰσάγει
674 747 719 773 τὸν
739 747 841 782 Ἰησοῦν

50 796 242 830 διαδεχόμενον
256 795 304 821 τὸν
317 794 396 828 λόγον
411 795 458 820 καὶ
470 793 595 828 λέγοντα,
612 803 622 819 t
635 794 732 828 Ἔχετε
750 794 842 820 πίστιν

50 842 118 869 Θεοῦ
129 850 136 857 ·
149 842 224 877 ἀμὴν
241 841 297 876 γὰρ
312 840 386 874 λέγω
396 841 470 874 ὑμῖν,
488 841 528 867 ὅτι
543 840 572 872 ὃς
585 840 618 867 ἂν
639 841 702 875 εἴπῃ
726 840 765 875 τῷ
782 840 841 876 ὄρει

50 888 150 923 τούτῳ,
162 887 278 923 Ἄρθητι
287 887 334 913 καὶ
344 886 457 922 βλήθητι
470 887 509 918 είς
519 886 569 921 τὴν
583 886 732 918 θάλασσαν,
743 887 792 913 καὶ
805 887 842 922 μὴ

50 935 180 970 διακριθῇ
197 935 226 960 ὲν
241 935 275 969 τῇ
291 933 391 968 καρδίᾳ
406 932 499 965 αὑτοῦ,
523 932 592 959 ἀλλὰ
619 932 744 959 πιστεύει
774 933 815 959 ὃτι
829 933 843 959 ὃ

51 979 130 1007 λαλεῖ
143 980 260 1014 γίνεται,
275 979 352 1005 ἔσται
367 976 442 1012 αὺτῷ
452 977 467 1004 ὃ
482 977 567 1011 λέγει.
584 986 594 1002 ι

87 1029 126 1059 ς’.
147 1026 180 1052 Εἰ
199 1025 249 1060 μὲν
269 1033 310 1050 τοι
333 1032 367 1057 γε
382 1023 436 1050 τῶν
453 1023 559 1057 Λογίων
580 1024 596 1058 ἡ
614 1024 684 1059 αὐτὴ
703 1024 842 1060 περικοπή

54 1073 93 1108 μὴ
116 1073 161 1106 ἐφ’
187 1072 248 1103 ἑνὸς
274 1071 357 1106 μόνου
383 1070 436 1096 τῶν
461 1070 616 1105 εἰρημένων
643 1070 842 1106 ἐπιθεωρηθείη

54 1119 246 1155 παράδειγμα,
261 1117 329 1144 ἀλλὰ
344 1116 561 1152 μεθελκυσθῆναι
575 1116 684 1143 δύναιτο
696 1117 736 1148 εἴς
749 1125 778 1143 τε
794 1116 844 1152 τὴν

53 1165 182 1200 ἀπαρχὴν
208 1164 255 1190 καὶ
272 1163 322 1198 τὴν
336 1162 462 1198 διαδοχὴν
478 1162 526 1189 τοῦ
549 1162 640 1196 λόγου,
668 1161 740 1197 τάχα
751 1162 781 1188 δὲ
798 1162 844 1188 καὶ

54 1213 95 1243 εἰς
114 1211 147 1237 τδ
170 1210 321 1245 παρέλκον,
348 1208 402 1235 οὐδ’
427 1207 516 1240 οὕτως
530 1209 586 1235 τῶν
602 1209 810 1244 σημαινομένων
830 1209 844 1234 ὁ

54 1257 172 1293 ἀριθμὸς
185 1256 255 1291 πρὸς
266 1255 298 1281 τὸ
313 1254 480 1290 βραχύτερον
491 1254 698 1289 ουσταλήσεται,
714 1254 782 1280 ἀλλὰ
795 1255 844 1288 τὴν

54 1303 118 1335 ἴσως
137 1301 319 1335 συνβιασὼσει
341 1301 496 1335 ποσότητα·
514 1301 595 1334 ἀρκεῖ
620 1300 674 1335 γὰρ
690 1299 720 1326 τὸ
741 1299 843 1334 πλῆθος

56 1347 93 1381 μὴ
107 1345 318 1377 καταϐιϐάζειν,
335 1344 386 1371 κᾶν
400 1345 460 1371 ἔνια
474 1344 531 1370 τῶν
547 1344 781 1380 παραδειγμάτων
798 1345 844 1370 εὑ-

55 1391 147 1426 paean;
163 1391 201 1425 μὴ
219 1389 288 1425 πρὸς
302 1390 331 1415 ἓν
345 1398 372 1415 τι
396 1389 486 1424 μόνον,
501 1389 569 1415 ἀλλὰ
580 1390 628 1416 καὶ
645 1391 712 1424 πρὸς
727 1389 844 1424 διάφορα

53 1437 107 1463 τῶν
131 1435 343 1471 σημαινομένων
359 1434 542 1470 ἀναφέρεσθαι
557 1434 695 1469 δυνάμενα
705 1454 714 1466 ,
734 1434 845 1462 ἐπειδάν

55 1487 81 1508 τι
102 1481 208 1508 τούτων
225 1480 295 1512 ὅλως
316 1480 470 1515 εὑρίσκοιτο
486 1479 535 1515 τὴν
558 1480 605 1507 τοῦ
620 1480 679 1511 ἐνὸς
705 1480 843 1515 σημασίαν

57 1527 286 1562 ἐξοικειούμενον.
304 1525 342 1552 Τὸ
356 1525 410 1561 γὰρ
430 1525 628 1561 συνεμπίπτειν
643 1525 702 1556 πῶς
722 1525 846 1559 ἀλλήλοις

56 1573 101 1600 ἐπ’
115 1574 196 1600 ἐνίων
211 1572 302 1608 ῥητῶν
315 1572 350 1598 τὰ
364 1571 480 1607 διάφορα
494 1571 693 1606 σημαινόμενα,
710 1571 761 1597 οὐκ
772 1572 846 1598 ἐστιν

56 1620 146 1647 αἰτῶν
162 1619 211 1646 τοῦ
231 1618 354 1653 πλήθους
368 1617 523 1652 ἀναίρεσις·
542 1618 660 1653 ἐπείπερ
683 1618 743 1645 οὐδὲ
761 1618 790 1650 ἐξ
810 1614 846 1644 ὧν

58 1664 268 1700 συμϐαίνουσιν,
285 1663 345 1690 ἀλλ’
361 1662 392 1695 ἐξ
406 1660 444 1691 ὧν
459 1663 689 1699 παραλλάττουσι,
706 1672 846 1700 χαρακτη-

58 1712 190 1747 ρίζονται.
217 1710 324 1738 οὐκοῦν
342 1710 395 1736 ἀπὸ
407 1710 458 1745 τῆς
476 1710 608 1745 διαφορᾶς
629 1710 746 1737 ’ἑκαστον
760 1719 846 1746 προσ-

58 1759 106 1793 ﬁxi
118 1759 246 1790 σκοπεῖν,
256 1757 305 1784 καὶ
318 1756 349 1784 τὸ
363 1754 434 1789 εἶδος
449 1757 593 1791 φυλάττειν
607 1757 771 1792 ἁσύγχυτον,
788 1757 846 1783 ἀλλ’

59 1806 106 1832 ut;
123 1805 155 1838 ea
168 1801 207 1831 ὧν
221 1803 264 1835 είς
279 1803 423 1830 κοινωνίαν
441 1803 616 1838 συνάγονται,
634 1803 683 1837 τὴν
705 1803 734 1829 ὲν
756 1803 847 1834 αὐτοῖς

59 1851 226 1888 διαφθείρειν
239 1851 398 1886 ἑτερότητα.

92 1899 126 1931 ξ’.
147 1897 186 1924 Οὐ
206 1897 289 1932 μόνον
301 1896 332 1923 δὲ
346 1895 392 1922 τοῦ
402 1895 546 1929 ἀπεκρίθη
561 1895 685 1930 διάφοροι
701 1894 844 1930 σημασίαι,

59 1946 92 1977 ὡς
104 1946 119 1972 ὸ
132 1944 213 1977 λόγος
224 1942 337 1975 ἔδειξεν,
346 1940 524 1974 ἁποφύονται,
532 1939 599 1967 ἀλλὰ
609 1941 657 1967 καὶ
668 1940 698 1967 τὸ
710 1939 846 1974 ἠρώτησε

59 1991 104 2018 δύο
117 1989 200 2016 τινῶν
214 1987 247 2014 τὺ
257 1987 397 2022 ἐλάχιστον
411 1985 600 2022 ὑποκειμένων
609 1986 685 2021 παρὰ
694 1988 750 2017 τοῖς
765 1987 847 2022 ίεροίς

59 2037 135 2072 ἡμῶν
158 2034 262 2069 λογίοις
291 2032 461 2066 ἀπαγγέλλει
484 2032 603 2059 διάνοιαν
615 2040 621 2046 ·
646 2028 682 2058 ὧν
699 2033 716 2067 ἡ
733 2033 783 2067 μὲν
800 2033 847 2059 καὶ

59 2085 111 2114 τοῖς
135 2081 237 2115 ἔξωθεν
252 2079 434 2111 ἐπιπολάζει,
458 2079 476 2114 ὴ
491 2079 540 2106 καὶ
560 2079 610 2113 τὴν
633 2078 780 2114 ἀπόκρισιν
794 2079 847 2105 ἀπ-

60 2129 142 2154 αιτεῖν
158 2126 256 2153 εἴωθεν
267 2133 273 2139 ·
292 2125 310 2160 ἡ
324 2123 353 2151 δὲ
369 2123 512 2159 πόρρωθεν
535 2123 585 2158 μὲν
601 2123 704 2159 ταύτης
719 2124 770 2158 τῆς
788 2124 848 2150 δια-

60 2175 129 2206 νοίας
142 2173 294 2205 διίσταται,
305 2172 431 2206 σημαίνει
442 2170 510 2205 δὲιτὸ
518 2170 708 2205 παρεκάλεσε
718 2172 764 2197 καὶ
772 2171 846 2205 ’ᾐτή-
863 2185 885 2212 D

60 2229 144 2252 cato,
160 2220 224 2255 ἥτις
239 2218 291 2245 οὐκ
304 2217 415 2243 ἔλαττον
429 2216 479 2251 τῆς
504 2217 710 2253 προειρημένης
737 2216 767 2242 ἐν
791 2218 847 2248 τοῖς

60 2266 198 2300 Βεοσόφοις
209 2264 346 2299 χρησμοῖς
356 2261 528 2297 ἐπιφαίνεται
536 2262 731 2294 πλεονάζουσα·
741 2262 771 2288 τὸ
781 2263 846 2298 γὰρ⁷

62 2320 71 2336 ι
83 2311 180 2347 ἠρώτα
191 2310 254 2344 ὲλεη
259 2308 387 2344 μοσύνην·
400 2318 410 2335 ι
417 2309 474 2341 καὶ,
480 2317 489 2334 ι
501 2307 648 2343 ἠρώτησαν
655 2309 748 2341 αὑτὸν,
765 2309 846 2335 Ῥασ-

60 2357 86 2383 6t
97 2377 106 2389 ,
121 2356 195 2391 φάγε
203 2363 228 2381 ’1
242 2355 302 2386 καὶ,
314 2363 323 2380 ι
334 2354 444 2389 Ἐρωτῶ
456 2361 497 2386 σε,
511 2353 557 2389 ἔχε
575 2362 609 2388 με
620 2353 827 2389 παρῃτημένον·
835 2363 844 2380 ι

61 2403 105 2429 καὶ
117 2402 162 2433 τὸ,
179 2411 188 2427 ι
201 2400 311 2435 ’Πρώτα
321 2407 363 2430 τις
381 2399 462 2425 αὐτὸν
476 2398 531 2425 τῶν
546 2399 700 2434 Φαρισαίων
714 2399 757 2425 ἵνα
771 2400 849 2436 φάγῃ

62 2448 118 2483 μετ’
135 2445 221 2475 αὑτοῦ
231 2454 239 2461 ’
258 2455 267 2472 ι
281 2445 328 2472 καὶ
343 2445 426 2480 μυρία
437 2444 506 2472 ἄλλα
527 2445 576 2479 τὴν
590 2445 637 2472 τοῦ
656 2445 788 2472 ἱκετεύειν
804 2447 851 2472 καὶ

62 2494 165 2520 δεῖσθαι
177 2491 275 2518 οὐδένα
292 2490 420 2518 λανθάνει
447 2490 496 2525 τὴν
509 2490 601 2526 χώραν
616 2491 742 2526 ἐπέχειν·
759 2499 851 2526 παρα-

65 2540 234 2575 λαμϐάνεται
258 2537 286 2563 δὲ
307 2539 355 2563 καλ¹
369 2539 399 2563 τὸ
412 2537 539 2572 ὴρὼτηεε
555 2537 602 2564 καὶ
624 2538 684 2567 ἀντὶ
701 2537 749 2564 τοῦ
767 2545 852 2573 προσ-

66 2585 171 2619 έταξεν,
180 2583 345 2615 ἐνετείλατο,
355 2583 403 2609 καὶ
412 2581 500 2609 εἶπεν.
512 2591 522 2608 t
534 2582 637 2618 Ὲμϐὰς
647 2583 714 2619 γὰρ,
729 2583 823 2618 φησὶν,
837 2585 852 2610 ὁ

69 2631 171 2668 Ἰησοῦς
184 2631 225 2662 είς
244 2630 274 2656 ἓν
289 2628 344 2655 τῶν
361 2629 462 2656 πλοίων
477 2629 491 2655 ὃ
506 2627 541 2664 ἦν
556 2628 604 2656 τοῦ
624 2629 756 2664 Σίμωνος,
773 2630 848 2665 ἡρώ-

63 2687 143 2713 τησεν
156 2677 239 2704 αὐτὸν
253 2675 309 2701 ἀπὸ
321 2675 371 2709 τῆς
382 2676 434 2709 γῆς
450 2675 634 2709 ἐπαναγαγεῖν
648 2675 749 2710 ὀλίγον·
763 2684 772 2700 ι
787 2675 847 2702 οὐδὲ

62 2726 116 2760 τὰρ
139 2722 317 2759 ἀποκρίσεως
337 2722 411 2748 ἐστιν
426 2722 574 2758 ἀπαίτησις
590 2723 607 2758 ή
621 2722 697 2757 φωνὴ
709 2743 716 2754 ,
735 2722 795 2749 οὐδὲ
817 2722 849 2749 τὸ

97 2783 119 2799 ⁸ο
131 2782 229 2809 Matth.
246 2788 304 2812 κει,
316 2780 362 2807 ιιι.
404 2781 425 2795 “
442 2779 522 2808 Marc.
537 2779 630 2812 xt,2l.
670 2779 692 2795 ’-’
704 2780 763 2807 Act.
780 2787 821 2813 ιιι,
838 2780 862 2807 5.

66 2818 88 2835 ¹⁶
108 2818 175 2845 Luc.
192 2825 239 2847 xv,
257 2817 284 2843 4.

210 2866 229 2894 Ρ
237 2872 351 2894 "nos.
373 2863 430 2893 Gn.
447 2862 494 2893 Cl.

891 194 1057 230 signiﬁcatio
1084 194 1237 223 dictionis:
1266 205 1275 220 ι
1293 196 1474 231 Respondeas
1501 196 1581 226 Iesus
1613 198 1683 226 dixit

891 239 946 266 illis
962 249 969 267 :
984 239 1087 274 lAmen,
1105 247 1184 267 amen
1213 240 1275 268 dico
1295 241 1382 273 vobis,
1398 243 1422 270 si
1434 242 1515 270 ﬁdem
1533 243 1684 271 habueritis

892 292 982 320 neque
1009 285 1213 318 haesitaveritis,
1242 293 1298 314 non
1321 287 1408 314 solum
1430 288 1497 316 ﬂetis
1529 290 1682 325 prodigium

891 329 1033 363 patrabitis
1046 338 1053 362 ;
1066 336 1163 356 verum
1180 330 1263 358 etiam
1279 331 1302 358 si
1315 331 1378 358 huic
1391 331 1462 360 forte
1481 334 1567 361 monti
1581 335 1682 362 dixeri-

892 375 938 407 tis,
960 374 1114 410 Commigra
1151 376 1178 403 in
1202 384 1294 410 mare,
1319 379 1550 413 commigrabit”.
1580 389 1590 406 ›
1615 381 1682 409 Nam

890 420 964 455 quod
995 422 1093 450 attinet
1116 423 1152 450 ad
1175 423 1326 451 naturalem
1357 426 1492 453 sermonis
1512 432 1681 460 contextum,

892 466 1013 494 verbum
1027 475 1094 496 sane
1115 469 1285 503 respondens
1302 469 1453 498 referretur
1472 471 1506 498 ad
1525 473 1624 500 mentis
1640 482 1684 500 are

891 519 990 540 cauam
1009 514 1215 549 cogitationem,
1229 515 1280 543 nisi
1295 516 1375 543 divus
1392 517 1513 550 Marcus,
1527 519 1575 553 qui
1592 520 1682 546 locum

891 559 966 586 hunc
986 560 1148 595 explicatius
1166 561 1304 594 edisserit,
1337 563 1414 590 verbi
1446 564 1631 599 signiﬁcatum
1649 566 1683 593 ad

891 606 1028 633 sermonis
1044 606 1138 640 ιιι-ωνῘί
1154 606 1350 635 admissionem
1372 609 1578 643 exprimendam
1590 611 1685 638 tradu-

893 656 978 679 ceret.
993 650 1100 679 Etenim
1115 659 1177 679 cum
1204 653 1319 682 dixisset
1337 663 1343 681 :
1364 663 1374 680 ι
1395 655 1620 692 Recordatusque
1634 658 1685 686 Pe-

893 697 1006 729 trus,ait
1031 697 1090 724 illi:
1116 697 1257 733 Magister,
1274 707 1307 726 en
1323 699 1390 728 ﬁcus
1409 701 1454 728 cui
1469 702 1540 728 male
1557 707 1684 736 precatus

892 750 922 770 es
932 743 1062 776 exaruit;
1083 753 1093 769 ι
1115 743 1181 771 facit
1197 744 1291 772 Jesum
1307 747 1426 773 sermoni
1451 746 1514 773 huic
1537 754 1685 774 occurren-

893 792 947 815 tem
967 789 1029 816 sic:
1048 798 1058 814 ι
1076 788 1212 818 Habetote
1232 789 1279 818 Dei
1294 791 1385 818 tidem.
1408 792 1495 819 Amen
1508 793 1609 827 quippe
1623 793 1685 820 dico

857 826 879 854 Β
894 834 982 867 vobis,
1018 835 1065 869 qui
1088 835 1153 863 huic
1178 837 1266 864 monti
1286 837 1397 870 dixerit,
1419 826 1526 866 Tollere
1540 839 1605 866 hinc
1616 844 1643 866 ct
1658 840 1684 866 in

897 888 973 908 mare
991 881 1145 916 projiciwr,
1157 882 1179 910 si
1195 883 1277 910 modo
1292 883 1321 910 in
1340 883 1421 911 corde
1440 892 1488 911 suo
1503 892 1558 912 non
1569 885 1684 917 dubitet,

896 927 945 953 sed
961 927 986 954 id
1003 927 1072 960 fore,
1087 928 1161 963 quod
1174 929 1223 961 ait,
1236 929 1341 963 credat,
1354 930 1399 957 fiet
1408 929 1432 957 ei
1444 931 1594 958 secundum
1607 938 1684 958 suam

896 973 1061 1001 locutionem
1073 975 1105 1002 “.
1128 984 1138 1000 ι

932 1020 959 1046 6.
984 1020 1062 1053 Quod
1086 1021 1111 1048 si
1136 1021 1285 1056 aliquando
1312 1021 1462 1057 Scriptum
1486 1030 1571 1051 sacrae
1590 1023 1684 1051 eadem

897 1067 1025 1101 pericope
1037 1074 1091 1094 non
1103 1067 1137 1094 ad
1151 1068 1233 1095 unius
1247 1075 1263 1095 e
1279 1068 1417 1102 praedictis
1428 1069 1516 1096 modis
1530 1069 1684 1104 exemplum

898 1113 1027 1145 sumitur,
1045 1121 1140 1140 verum
1163 1119 1191 1141 et
1205 1114 1239 1141 ad
1259 1114 1366 1141 initium
1390 1120 1416 1142 et
1432 1115 1465 1142 ad
1489 1114 1686 1144 admissionent

897 1159 1033 1186 sermonis
1045 1160 1116 1187 trahi
1131 1165 1230 1195 potest,
1251 1159 1369 1188 fortasse
1383 1161 1464 1189 etiam
1481 1161 1514 1189 ad
1530 1162 1683 1190 redundan-

897 1204 983 1237 tiam;
1001 1212 1055 1231 non
1072 1205 1175 1232 idcirco
1195 1210 1286 1233 tamen
1301 1206 1534 1241 significationum
1553 1215 1685 1235 numerus

898 1252 1000 1279 arctior
1011 1252 1067 1283 lict,
1080 1251 1126 1279 sed
1138 1252 1318 1287 quantitatem
1331 1259 1409 1279 suam
1422 1254 1604 1281 conservabit.
1616 1253 1684 1281 Nam

899 1304 932 1324 ne
954 1305 1068 1324 numero
1084 1297 1232 1332 quidquam
1256 1298 1426 1331 detrahatur,
1443 1299 1542 1327 suﬂlcit
1566 1300 1684 1335 (etiamsi

898 1342 1003 1377 aliquot
1024 1344 1147 1378 exempla
1165 1344 1219 1371 sint
1242 1352 1302 1379 quae
1327 1352 1382 1372 non
1402 1345 1435 1372 ad
1460 1353 1558 1380 unum,
1583 1347 1630 1375 sed
1652 1348 1686 1374 ad

898 1389 991 1417 varios
1007 1387 1177 1424 significatus
1198 1390 1294 1417 referri
1305 1393 1428 1426 queant),
1440 1391 1549 1425 sullicit,
1562 1392 1684 1428 inquam,

899 1435 922 1462 si
944 1436 1018 1469 quod
1043 1436 1070 1462 in
1088 1435 1132 1463 his
1155 1436 1268 1463 omnino
1286 1437 1439 1471 exemplum
1464 1437 1588 1470 exsistat,
1612 1440 1702 1483 quod‘

899 1482 981 1510 unius
1014 1483 1052 1509 rei
1082 1482 1266 1517 signiﬁcatum
1294 1483 1344 1510 sibi
1372 1483 1503 1512 vindicet.
1527 1483 1588 1512 Non
1612 1484 1684 1512 enim

898 1529 962 1563 quia
978 1528 1173 1555 nonnullarum
1197 1535 1294 1556 vocum
1310 1529 1393 1556 variae
1415 1529 1630 1564 signiﬁcationes
1643 1531 1684 1558 in-

897 1574 985 1601 vicem
995 1573 1150 1605 incurrunt,
1160 1573 1261 1600 idcirco
1271 1573 1414 1608 perimitur
1425 1574 1522 1602 harum
1533 1581 1684 1603 numerus:

898 1627 960 1646 nam
975 1626 1062 1653 neque
1076 1619 1138 1647 ideo
1147 1619 1211 1654 quia
1224 1624 1390 1653 congruunt,
1405 1620 1453 1647 sed
1468 1620 1531 1655 quia
1544 1619 1684 1653 differunt.

898 1667 1085 1694 characterem
1109 1666 1257 1701 accipiunt.
1283 1666 1354 1702 Ergo
1375 1667 1510 1701 cujusque
1532 1667 1684 1696 differentia

897 1713 1045 1747 spectanda
1061 1717 1114 1746 est,
1127 1717 1154 1740 et
1166 1720 1214 1740 sua
1228 1713 1327 1748 cuique
1341 1713 1444 1748 species
1457 1714 1590 1742 servanda
1606 1723 1614 1742 :
1630 1722 1684 1742 non

898 1762 988 1786 autem
1011 1758 1114 1786 idcirco
1138 1758 1203 1793 quia
1228 1758 1327 1786 alicubi
1352 1763 1518 1794 congruunt.
1540 1760 1686 1789 diversitas

898 1804 1040 1832 abolenda.

934 1893 959 1920 7.
981 1893 1034 1920 Sed
1047 1893 1120 1920 enim
1133 1893 1214 1920 variae
1227 1893 1450 1928 signiﬁcationes,
1463 1898 1493 1921 ut
1503 1901 1597 1923 sermo
1607 1899 1685 1923 meus

898 1940 1031 1968 hactenus
1059 1939 1187 1972 ostendit,
1214 1947 1268 1966 non
1298 1947 1329 1966 ex
1357 1947 1412 1967 uno
1442 1940 1576 1974 respondit
1602 1941 1685 1969 verbo

897 1985 1065 2021 gignuntur;
1083 1992 1175 2011 verum
1188 1984 1270 2012 etiam
1287 1984 1402 2011 verbum
1416 1986 1519 2020 rogauit
1530 1985 1552 2001 “
1566 1986 1684 2015 duorum

898 2032 995 2060 saltem
1018 2030 1221 2066 signiﬁeatuum
1239 2030 1342 2058 nostris
1357 2030 1384 2057 in
1401 2030 1551 2066 Scripturis
1571 2036 1685 2061 sentem-1

898 2078 964 2106 tiam
981 2081 1090 2110 tuetur;
1107 2083 1223 2112 quorum
1245 2075 1314 2103 alter
1326 2075 1449 2110 profanis
1461 2083 1571 2112 quoque
1591 2081 1686 2105 aucto—

898 2124 975 2152 ribus
987 2123 1131 2150 familiaris
1141 2126 1193 2155 est,
1207 2122 1470 2157 responsionemque
1483 2122 1583 2150 elicere
1596 2123 1665 2151 solet
1677 2127 1683 2155 ς

899 2169 967 2196 alter
988 2175 1053 2195 vero
1078 2176 1093 2195 a
1108 2168 1238 2203 pradieto
1261 2168 1437 2195 vehementer
1450 2167 1551 2200 diﬂ‘ert,
1575 2169 1686 2196 denotat

898 2214 972 2241 enim
996 2218 1117 2248 precatus
1130 2217 1169 2240 est
1191 2218 1218 2240 et
1240 2213 1394 2247 postulavit.
1412 2212 1501 2248 Atque
1521 2213 1566 2241 hic
1581 2214 1686 2248 signiﬁ-

899 2266 978 2289 catus
990 2261 1062 2288 haud
1076 2260 1167 2287 miuus
1177 2259 1264 2287 altero
1279 2259 1306 2286 in
1315 2259 1415 2287 divinis
1427 2259 1547 2287 oraculis
1557 2260 1686 2294 frequens

898 2308 1030 2335 occurrit.
1039 2306 1107 2334 Nam
1119 2306 1253 2342 «rogabat
1267 2305 1467 2341 eleemosynam
1480 2313 1489 2338 ;
1505 2314 1515 2331 ›
1530 2310 1559 2333 et
1577 2316 1587 2332 ι
1597 2305 1687 2342 Βοεοι

901 2359 999 2381 verunt
1013 2360 1087 2386 eum,
1100 2351 1239 2387 Magister,
1251 2351 1386 2378 manduca
1399 2351 1437 2384 ¹³;
1453 2361 1462 2377 ι
1476 2356 1504 2379 et
1516 2360 1523 2378 :
1539 2360 1548 2379 ι
1562 2350 1637 2385 Rogo
1648 2354 1685 2382 te,

900 2400 971 2427 habe
993 2407 1036 2426 me
1051 2404 1212 2426 excusatum
1224 2398 1262 2429 "";
1281 2406 1290 2423 ι
1310 2402 1338 2425 et
1355 2406 1361 2425 :
1379 2407 1388 2423 ι
1404 2396 1527 2431 [torrebat
1541 2403 1605 2425 eum
1625 2404 1686 2431 qui-

899 2447 961 2474 dam
986 2445 1151 2477 Pharis-ams,
1169 2448 1200 2472 ut
1223 2452 1316 2472 secum
1332 2443 1423 2471 cibum
1448 2447 1559 2477 caperet
1572 2439 1614 2475 ";
1631 2450 1640 2468 ι
1660 2447 1686 2468 ct

900 2493 927 2519 in
954 2491 1080 2526 plurimis
1097 2491 1159 2519 aliis
1175 2491 1243 2518 locis
1265 2489 1349 2517 verbo
1375 2488 1440 2517 huic
1458 2488 1599 2516 notionem
1622 2495 1686 2522 prc-

900 2539 980 2566 csndi
1004 2538 1118 2565 subesse
1144 2537 1281 2565 neminem
1312 2535 1387 2564 latet.
1413 2534 1469 2563 lmo
1492 2540 1558 2561 vero
1581 2535 1686 2568 rogavit

901 2583 1021 2610 sumitur
1044 2582 1127 2610 etiam
1148 2589 1198 2617 pro
1220 2580 1374 2616 imperavit,
1396 2579 1424 2607 in
1448 2578 1585 2607 mandatis
1602 2579 1686 2609 dedit.

899 2629 994 2656 edixit.
1014 2638 1023 2654 ‹
1040 2628 1198 2656 Conscensa
1209 2648 1217 2661 ,
1243 2627 1281 2654 ait
1298 2626 1448 2660 Scriptura,
1464 2625 1545 2653 Jesus
1567 2624 1688 2653 Simonis

900 2676 1038 2708 navicula,
1056 2676 1162 2710 rogavit
1175 2682 1237 2702 cum
1252 2679 1282 2700 ut
1301 2682 1316 2700 a
1334 2676 1408 2700 terra
1423 2668 1534 2708 paulum
1551 2663 1689 2700 subduco;

902 2723 983 2750 ret”.
1003 2732 1012 2748 ι
1031 2721 1137 2750 Etenim
1154 2721 1179 2748 id
1194 2720 1307 2748 verbum
1327 2718 1401 2747 haud
1418 2719 1464 2749 hic
1480 2717 1688 2754 responsionem

904 2779 925 2795 ¹³
941 2779 1020 2807 .loan.
1040 2786 1077 2810 ιν,
1093 2778 1137 2805 51.
1177 2777 1199 2793 ιδ
1215 2776 1282 2804 Luc.
1302 2783 1358 2809 xw,
1377 2776 1421 2803 10.
1460 2776 1482 2791 ¹⁵
1496 2775 1562 2803 Luc.
1578 2782 1627 2807 ut,
1641 2773 1690 2801 3".

1484 2860 1503 2888 0
1543 2886 1549 2893 .
