1882 3075
43 93 97 126 165

536 94 585 124 AD
603 92 904 124 AMPIIILOCHIUM
922 93 1096 129 QUIESTIO
1112 94 1209 124 XXII.

1619 96 1669 129 166

38 151 142 177 τούτων
152 149 185 176 τὸ
195 149 229 175 ὲκ
243 147 372 183 λαμπροῦ
394 147 490 181 γένους
515 146 658 181 προελθεῖν
674 146 831 182 (βασιλικῆς

904 147 994 182 ἱριίηω
1029 147 1186 182 puritatem,
1201 152 1229 175 et
1241 153 1304 175 ante
1316 149 1406 176 omnia
1430 148 1503 176 illius
1522 157 1556 177 ex
1571 149 1668 178 illustri

37 197 91 230 γὰρ
107 195 156 221 καὶ
174 193 320 228 ἱερατικῆς
328 195 462 228 κατήγετο
473 193 583 228 φυλῆς),
595 192 643 228 τὴν
658 194 687 219 ἐν
699 192 764 228 ἱερῷ
779 192 829 227 τῆς

36 242 151 276 πρώτης
163 240 274 275 ἡλικίας
283 240 439 275 ἀνιέρωσιν·
451 239 538 266 ταῦτα
550 238 712 266 καὶτούτων
722 239 833 265 πλείονα

36 287 154 322 μακρὰν
171 286 301 317 ὑπονοίας
315 286 375 321 οὐχὶ
385 286 435 319 τῆς
451 285 559 320 ὁρώσης
572 285 612 316 είς
637 285 762 317 εὐθύνας,
776 284 833 311 ἀλλ’

33 333 96 358 οὐδὲ
109 332 161 366 τῆς
173 333 204 358 τδ
216 331 342 366 ἀπρεπὲς
375 331 579 366 εὐλαϐουμένης
591 330 637 357 τὸν
671 330 833 366 πρεσϐύτην

34 377 142 403 ἐποίει·
157 376 219 403 οὐδὲ
245 377 334 403 ἐκεῖνο
349 376 377 403 δὲ
391 376 472 403 πάλιν
503 376 562 411 ᾔδει
586 376 635 410 τὴν
657 375 757 411 κύησιν
783 376 834 410 τῆς

35 422 113 454 Θείας
129 422 270 456 ἐνεργείας
281 420 352 448 εἶναι
363 430 368 436 ·
379 422 449 458 ὑπὲρ
465 421 570 448 ἔννοιαν
587 420 640 456 γὰρ
657 420 832 456 ἀνθρωπίνην

35 470 83 495 καὶ
99 469 181 502 λόγον
198 469 308 495 ἅπαντα
323 469 372 503 τῆς
397 468 462 503 περὶ
481 468 557 502 ἡμᾶς
576 466 645 493 Θεοῦ
665 467 832 502 κηδεμονίας

34 516 65 540 τὸ
78 515 161 549 ἔργον
177 514 297 550 ὑπῆρχε.
317 514 417 548 Διόπερ
431 514 495 545 τοὺς
509 512 656 548 λογισμοὺς
671 512 833 548 ἐνοχλούμε-

35 569 91 592 νος,
111 561 164 586 οὐκ
177 558 236 596 εἶχε
249 561 364 595 συνορᾷν
378 561 426 586 δπε
430 569 448 596 ρ
462 559 722 595 ἇνιδιαπραξάμενος
738 560 788 595 τήν
803 568 833 586 τε

35 609 82 634 τοῦ
97 609 207 635 δικαίου
230 609 267 643 μη
286 608 440 644 καθυϐρίσῃ
452 608 560 643 κλῆσιν,
577 608 626 635 καὶ
649 608 708 642 Θεῷ
726 607 833 634 συνδια-

37 655 133 686 σὼζων
144 655 175 680 τὺ
186 654 335 690 εὐάρεστον
348 654 456 689 ὀφθείη.

72 700 138 725 Ὅτε
164 698 256 725 τοίνυν
271 700 300 724 ἐν
312 699 368 729 τοῖς
395 698 527 730 τοιούτοις
553 698 726 731 διεκλονεῖτο,
755 698 831 733 καὶὴ

36 745 102 779 προς
119 745 237 778 θάτερον
248 744 319 779 ῥοπὴ
340 744 390 778 τῆς
404 743 577 778 ἀνθρωπίνης
606 744 726 779 κρίσεως
744 743 830 770 αὑτὸν

35 790 218 820 ἐπελελοίπει,
235 789 296 816 τότε
314 789 374 815 λίαν
390 789 530 823 ἁρμοδίως
546 789 594 815 καὶ
612 790 682 815 κατὰ
707 788 803 823 καιρὸν
815 789 829 815 ό

36 836 152 869 ἄγγελος
164 832 217 871 ﬁxe
236 835 372 870 στηρίζων
388 834 470 861 αὑτοῦ
495 835 546 870 τὴν
570 835 757 870 κεκινημένην
770 834 830 861 διά·
843 821 867 851 Β

36 889 121 912 νοιαν,
139 880 184 914 ἐφ’
199 877 284 914 οὗπερ
301 879 355 905 ἔδει
376 879 466 913 μένειν
495 879 655 914 ἀκλόνητον,
671 879 718 906 καί
734 887 826 914 φησιν·

38 935 47 950 ι
59 926 161 959 Ἰωσὴφ
174 925 231 956 υίὸς
241 925 334 956 Δαϐὶδ,
347 925 384 960 μὴ
399 924 522 960 φοϐηθῇς
532 925 702 960 παραλαϐεῖν
713 926 830 961 Μαριὰμ

35 973 85 1006 τῆν
109 972 230 1006 γυναῖκα
255 980 318 998 σου·
341 971 370 998 τὸ
395 971 448 1006 γὰρ
478 973 507 998 ἐν
533 971 602 1007 αὐτῇ
629 972 774 1007 γεννηθὲν,
798 973 830 998 ὲκ

37 1018 199 1052 [Ικτεύματός
214 1019 290 1043 ἐστιν
304 1018 383 1052 ἁγίου
393 1026 400 1033 ·
423 1017 529 1050 τέξεται
554 1018 582 1044 δὲ
604 1018 672 1046 υἱὸν.
685 1018 733 1044 καὶ
748 1017 829 1044 καλέ-

36 1072 93 1094 σεις
101 1064 132 1089 τὸ
144 1063 232 1098 ονομα
241 1063 324 1089 αὑτοῦ
333 1062 447 1097 Ἰησοῦν⁵
459 1073 468 1089 ι
479 1063 587 1098 μηκέτι,
597 1063 690 1097 φησὶν,
702 1063 750 1098 τῆς
761 1063 829 1098 ἀμη-

36 1109 130 1142 χανίας
159 1108 223 1139 ἔσο,
244 1108 312 1144 μηδέ
341 1117 370 1134 σε
398 1107 473 1140 δόξαι
500 1109 656 1143 μαχόμεναι
689 1108 828 1143 διαπορεῖν

35 1153 262 1179 ἁναπειθὲτωσαν
277 1153 306 1178 τὸ
329 1153 484 1187 πρακτέον·
515 1154 548 1179 ὲκ
573 1152 732 1187 Πνεύματός
755 1154 829 1180 ἐστιν

36 1200 114 1231 ἁγίου
130 1199 161 1224 τὸ
188 1199 218 1224 ἐν
251 1199 320 1234 αὐτῇ
353 1199 499 1234 γεννηθέν·
522 1199 600 1233 ἁγίου
620 1199 648 1225 δὲ
669 1199 830 1234 Πνεῦματος

37 1244 188 1280 παρουσία,
214 1244 263 1271 καὶ
291 1244 397 1279 θέλημα
417 1245 529 1280 σαρκὸς,
551 1245 600 1271 οὑκ
628 1242 683 1272 οἶόν
695 1246 725 1272 τέ
743 1246 827 1278 ἐστιν,

35 1291 95 1317 οὖδέ
109 1300 141 1317 σε
160 1291 284 1325 λέληθεν,
313 1292 353 1322 είς
369 1291 398 1317 ἓν
420 1291 568 1323 συνελθεῖν,
596 1291 656 1318 οὐδὲ
678 1293 727 1327 τὴν
743 1291 829 1327 αὐτὴν

36 1336 236 1369 ἐξοικειοῦσθαι
243 1335 352 1371 πρᾶξιν·
368 1336 518 1371 παράδοξος
528 1338 541 1363 ό
550 1337 640 1370 λόγος,
657 1337 725 1364 ἀλλὰ
736 1345 828 1372 παρα-

35 1383 176 1418 δοξοτέρου
189 1383 269 1409 τόκου
286 1383 359 1409 ἐστὶν
379 1382 538 1416 εὐαγγέλιον
550 1390 557 1396 ·
575 1391 585 1408 ‹
605 1383 654 1409 Ἐκ
669 1383 828 1418 Πνεύματός

35 1429 110 1454 ἐστιν
118 1427 211 1461 ἁγίου,
218 1436 229 1453 ι
239 1428 287 1453 καὶ
300 1427 426 1459 ιΤέξεται
435 1427 502 1453 υἱόν·
511 1437 520 1452 ι
532 1427 583 1462 ὅρα
591 1428 638 1453 καὶ
648 1427 757 1462 πρὸτῆς
765 1435 828 1461 γεν-

35 1475 141 1510 νήσεως
154 1474 201 1500 τὸν
214 1474 282 1500 υἱόν·
295 1474 343 1500 καὶ
355 1473 530 1508 γεννηθέντος
543 1473 612 1500 ἔστω
628 1482 669 1500 σοι
678 1474 828 1509 τεκμήριον

36 1521 82 1546 τοῦ
105 1519 318 1554 ὲκϐεϐηκότοςή
337 1519 487 1554 πρόρρησις
513 1519 560 1545 καὶ
588 1519 639 1554 τῆς
667 1519 750 1555 ἄλλης
774 1519 828 1546 τῶν

36 1565 214 1598 Εὑαγγελὶων
242 1564 374 1599 ἀληθείας
386 1573 393 1580 ·
410 1565 424 1591 ὀ
437 1564 491 1599 γὰρ
522 1565 564 1590 ἔτι
590 1564 620 1591 τὸ
639 1566 828 1600 κρυπτόμενον

35 1614 64 1639 ἐν
75 1615 132 1643 τοῖς
151 1612 285 1646 θαλάμοις
300 1611 350 1646 τῆς
363 1611 469 1645 φύσεως
491 1611 539 1638 καὶ
551 1611 629 1643 εἰδὼς
645 1611 694 1638 καὶ
708 1620 828 1646 προανα-
846 1604 855 1614 ’

36 1660 181 1695 κηρύττων
196 1661 265 1692 υἱον,
280 1657 358 1690 οὗτος
373 1660 419 1686 καὶ¹
442 1660 566 1694 τεχνίτης
580 1659 677 1694 γέγονε
695 1660 745 1694 τῆς
763 1659 827 1686 ἄνευ

38 1707 143 1740 σπορᾶς
171 1706 243 1741 ὑπὲρ
266 1706 346 1740 λόγον
363 1705 614 1741 δημιουργηθείσης
644 1706 754 1740 σαρκὸς,
781 1705 829 1732 καὶ

38 1753 87 1787 τῆς
103 1752 255 1788 παρθενίας
281 1752 380 1786 φύλαξ,
395 1751 490 1786 ὥσπερ
503 1751 571 1787 μετὰ
587 1751 633 1777 τὸν
650 1751 740 1782 τόκον,
756 1750 828 1777 οὕτω

39 1799 83 1824 καὶ
111 1798 165 1834 πρὸ
180 1798 228 1824 τοῦ
244 1799 326 1824 τόκου
342 1798 379 1833 μὴ
395 1798 510 1824 διαλύων
528 1797 561 1824 τὰ
581 1797 734 1832 σήμαντρα.
749 1806 758 1822 ι
773 1795 828 1822 Καὶ

38 1842 164 1873 καλέσεις
177 1842 207 1869 τὸ
221 1842 310 1877 ὃνομα
325 1842 407 1869 αὑτοῦ
427 1841 530 1878 Ἰησοῦν
541 1851 547 1857 ·
561 1851 570 1867 ›
586 1842 652 1868 ἀλλὰ
669 1842 716 1868 καὶ
728 1842 745 1877 ὴ
763 1841 828 1876 κλῆ-

38 1896 78 1918 σις
93 1887 197 1914 ἄνωθεν
216 1887 275 1923 ἔχει
290 1887 339 1922 τὴν
359 1888 459 1924 κρίσιν·
484 1887 589 1922 Ἰησοῦς
599 1887 653 1921 γὰρ
667 1897 676 1912 ι
687 1887 727 1913 ὅτι
745 1885 827 1913 σώσει

36 1934 81 1958 τὴν
93 1933 157 1960 λαὸν
183 1933 280 1960 αὑτοῦ.
297 1943 306 1959 ι
318 1948 355 1954 —
370 1943 379 1959 α
394 1933 439 1968 Μὴ
452 1933 576 1968 φοϐηθῇς
586 1932 756 1968 παραλαϐεῖν
768 1933 827 1959 Μα-

38 1980 106 2014 ριὰμ
117 1980 168 2014 τὴν
183 1981 303 2014 γυναῖκα
316 1989 374 2006 σου.
387 1989 397 2005 θ
417 1980 510 2006 Ταῦτα
525 1979 580 2014 γὰρ
593 1979 624 2005 οὐ
642 1979 730 2005 πάντα
745 1978 827 2014 μόνον

36 2027 196 2060 ἀφαιρεῖται
216 2027 310 2060 φόϐον,
340 2025 408 2053 ἀλλὰ
421 2026 469 2052 καὶ
485 2025 608 2060 μεγάλης
631 2024 767 2060 θυμηδίας
780 2025 826 2051 καὶ

38 2072 152 2098 ἐλπίδων
164 2071 335 2098 ἀνελπίστων
345 2070 487 2106 χαρίζεται
496 2070 620 2097 πλοῦτον·
632 2071 691 2105 (Μὴ
704 2069 826 2105 φοϐηθῇς

37 2117 206 2152 παραλαϐεῖν
222 2116 341 2152 Μαριὰμ
355 2117 403 2151 τὴν
419 2116 537 2150 γυναῖκα
550 2124 625 2142 σου.»
643 2115 762 2141 Γυναῖκα
776 2115 824 2150 σὴν

891 201 990 228 genere
1003 198 1092 220 ortum
1108 194 1151 228 (ex
1167 194 1238 221 tribu
1256 202 1351 228 nempe
1366 194 1440 229 regia
1455 200 1482 222 et
1507 196 1668 224 sacerdotali

885 244 949 267 nata
960 240 1041 274 erat).
1056 241 1116 274 ejus
1128 240 1154 266 in
1167 240 1291 274 temploa
1302 242 1403 268 teneris
1418 242 1669 276 consecrationem;

885 286 944 314 hac
968 292 996 313 et
1020 286 1061 314 his
1078 286 1156 321 plura
1183 286 1271 313 adhuc
1294 287 1373 322 longe
1397 295 1414 314 a
1438 288 1593 323 suspicione
1614 296 1669 316 nou

885 335 992 358 tantum
1008 331 1042 358 ad
1060 331 1261 359 accusationem
1276 331 1414 366 tendente,
1427 333 1475 360 sed
1497 334 1578 361 etiam
1593 333 1670 361 indc-

884 378 1001 404 eentiam
1015 377 1193 410 formidante,
1211 384 1302 404 senem
1320 378 1505 406 removebant.
1519 373 1571 406 Sed
1582 387 1670 414 neque

885 430 982 450 rursus
995 423 1099 450 sciebat
1112 423 1181 450 hanc
1194 422 1398 457 conceptionem
1407 422 1499 450 divina
1512 425 1670 458 operatione

883 467 1019 499 eﬂ'ectam,
1031 475 1113 502 supra
1128 468 1261 495 rationem
1274 468 1346 495 enim
1357 473 1384 495 et
1398 476 1509 496 sensum
1519 470 1668 498 humanum

884 517 927 541 est
944 513 992 540 Dei
1017 514 1042 539 in
1067 521 1117 540 nos
1139 514 1333 541 misericordiae
1355 522 1435 550 opus.
1463 514 1557 550 Itaque
1581 521 1670 544 mente

883 560 1045 587 conturbata
1065 567 1120 586 non
1135 559 1241 587 valebat
1257 559 1407 595 intelligere
1426 562 1491 596 quid
1511 561 1623 594 faceret,
1640 567 1670 590 ut

881 606 949 640 justi
972 605 1182 640 appellationem
1208 613 1262 634 non
1289 606 1412 641 foedaret,
1434 613 1461 635 et
1483 607 1540 636 Deo
1563 609 1670 644 placere

882 656 1080 687 perseveraret.

918 697 986 724 Cum
1002 697 1085 732 igitur
1107 697 1206 724 talibus
1226 698 1449 732 perturbaretur,
1468 705 1517 724 nec
1528 698 1562 725 ad
1585 698 1667 725 ullam

882 747 987 778 partem
1002 743 1116 770 humani
1129 743 1224 777 judicii
1243 749 1333 771 motus
1348 743 1423 770 illum
1435 744 1589 775 inclinaret,
1604 748 1668 774 tunc

883 794 945 824 apte
959 794 985 816 et
1001 793 1156 824 opportune
1169 789 1244 816 venit
1257 790 1367 825 angelus
1388 791 1433 824 qui
1453 790 1582 824 agitatam
1609 790 1668 824 ejus

881 839 1000 862 mentem
1015 835 1136 862 lirmaret
1148 839 1174 862 et
1190 835 1300 862 doceret
1314 835 1358 862 ubi
1367 835 1471 869 absque
1487 835 1669 862 sollicitudine

881 880 991 908 deberet
1004 880 1110 907 sedere.
1127 880 1161 907 Et
1174 881 1212 907 ait
1225 889 1234 907 :
1254 890 1263 906 ‹
1280 881 1390 915 Joseph,
1402 881 1439 908 lili
1457 881 1551 912 David,
1564 881 1618 908 noli
1634 881 1668 907 ti-

881 935 957 954 mere
972 928 1097 962 accipere
1118 926 1230 954 Mariam
1248 928 1389 962 conjugem
1407 932 1478 954 tualn
1490 936 1497 960 ;
1509 926 1582 962 quod
1594 927 1666 954 enim

881 972 909 999 in
922 979 954 999 ea
971 977 1064 999 natum
1077 976 1128 1005 est,
1145 979 1160 999 e
1189 971 1292 1006 Spiritu
1307 977 1402 1000 sancto
1409 977 1465 1006 est;
1479 973 1565 1006 pariet
1576 976 1666 999 autent

880 1017 965 1045 ﬁlium
977 1022 1004 1045 et
1020 1017 1132 1045 vocabis
1147 1025 1246 1045 nomen
1261 1018 1320 1052 ejus
1333 1017 1443 1050 .lesum;
1457 1027 1466 1043 ι
1485 1017 1600 1053 necjam
1616 1017 1666 1049 sis,

881 1063 978 1098 inquit.
994 1063 1117 1091 incertus
1132 1070 1220 1098 neque
1234 1067 1388 1098 pugnantes
1405 1062 1547 1090 sententia;
1569 1066 1597 1088 ut
1616 1063 1668 1088 du-

879 1109 950 1137 bites
976 1109 1160 1144 persuadeant
1176 1117 1183 1135 :
1202 1109 1276 1143 quod
1300 1108 1456 1135 faciendum
1478 1113 1520 1135 est
1534 1116 1548 1134 a
1563 1107 1665 1142 Spiritu

880 1159 975 1183 sancto
987 1160 1029 1182 est
1044 1155 1070 1181 in
1087 1163 1119 1183 ea
1135 1160 1240 1182 natum.
1267 1154 1387 1190 Spiritus
1409 1157 1495 1183 sancti
1514 1163 1579 1183 vero
1596 1163 1666 1190 pra:-

879 1201 966 1228 sentia
990 1205 1017 1228 et
1041 1200 1167 1228 voluntas
1192 1201 1284 1228 carnis
1309 1206 1466 1235 nequeunt,
1493 1205 1523 1228 ut
1545 1201 1609 1232 seis,
1637 1201 1664 1228 in

880 1254 965 1274 unum
982 1246 1129 1274 convenire
1146 1254 1234 1281 neque
1249 1246 1376 1274 eumdem
1400 1251 1490 1273 actum
1509 1246 1560 1273 sibi
1577 1245 1664 1272 vindi-

879 1300 958 1325 care;
973 1292 1141 1320 incredibilis
1158 1299 1261 1324 sermo,
1276 1293 1324 1320 sed
1344 1291 1556 1319 incredibilioris
1571 1297 1666 1326 partus

879 1338 1048 1372 evangelium
1062 1344 1103 1365 est
1115 1347 1121 1365 :
1135 1347 1145 1364 ι
1161 1337 1197 1365 De
1209 1338 1312 1373 Spiritu
1321 1342 1417 1365 sancto
1430 1343 1497 1368 est.»
1511 1343 1538 1364 et
1553 1347 1562 1362 Ι
1577 1337 1665 1364 Pariet

880 1384 976 1411 lilium.
991 1393 1000 1410 ι
1021 1383 1090 1412 Vide
1103 1390 1131 1412 et
1147 1389 1212 1412 ante
1247 1385 1415 1412 nativitatem
1436 1383 1521 1410 lilium
1535 1392 1542 1417 ;
1558 1389 1584 1410 et
1603 1390 1665 1410 cum

879 1436 960 1458 natus
977 1430 1067 1463 fuerit,
1082 1431 1118 1458 sit
1133 1431 1181 1458 tibi
1202 1431 1230 1458 in
1246 1431 1434 1458 testimonium
1452 1437 1480 1456 ut
1504 1434 1531 1457 et
1544 1429 1576 1457 de
1589 1429 1666 1456 omni

879 1477 1081 1511 evangeliorum
1091 1477 1206 1504 veritate
1217 1498 1224 1510 ,
1235 1477 1316 1510 hujus
1327 1482 1439 1504 eventus
1454 1475 1602 1511 praedictio.
1613 1474 1666 1507 Qui

880 1524 952 1551 enim
970 1523 1043 1558 quod
1061 1523 1153 1551 adhuc
1166 1523 1193 1550 in
1213 1524 1274 1551 sinu
1301 1528 1404 1550 natura:
1420 1522 1609 1550 absconditum
1624 1525 1667 1548 est

879 1574 906 1596 et
923 1570 974 1597 scit
985 1574 1012 1596 et
1034 1570 1198 1604 praenuntiat
1218 1570 1315 1603 lilium,
1332 1569 1378 1597 ille
1398 1567 1494 1596 artifex
1519 1573 1562 1596 est
1585 1568 1665 1602 huius

879 1615 940 1642 sine
954 1615 1057 1642 semine
1074 1622 1158 1650 supra
1183 1615 1315 1642 rationem
1336 1619 1433 1642 creatae
1456 1614 1558 1647 carnis,
1573 1619 1600 1641 et
1611 1613 1661 1640 vir-

879 1660 1001 1696 ginitatis
1015 1665 1119 1693 custos,
1137 1665 1166 1688 ut
1179 1663 1242 1696 post
1255 1666 1374 1696 partum,
1388 1661 1428 1688 sic
1441 1665 1468 1688 et
1480 1664 1542 1688 ante
1557 1664 1663 1696 partum

879 1705 967 1739 sigilla
979 1713 1033 1733 non
1049 1705 1140 1733 solvit.
1156 1714 1165 1730 ι
1183 1705 1215 1731 Et
1229 1705 1339 1732 vocabis
1351 1713 1449 1732 nomen
1462 1704 1522 1739 ejus
1532 1704 1637 1732 Jcsum.
1652 1714 1661 1730 ι

879 1751 931 1778 Sed
944 1756 971 1778 et
996 1752 1140 1786 appellatio
1161 1759 1238 1779 suam
1263 1751 1407 1779 desursum
1432 1751 1512 1778 habet
1525 1750 1662 1785 signiﬁca-

878 1797 995 1829 tionem;
1007 1796 1087 1824 Jesus
1098 1797 1183 1828 enim,
1193 1797 1272 1832 «quia
1283 1797 1400 1824 salvabit
1411 1797 1539 1831 populum
1553 1804 1643 1824 suum.
1652 1806 1660 1820 ι

878 1858 913 1865 -—
926 1852 936 1869 ι
954 1844 995 1870 Ne
1010 1844 1107 1872 timeas
1126 1844 1250 1878 accipere
1265 1843 1377 1871 Mariam
1389 1845 1532 1878 conjugem
1551 1848 1637 1870 tuam.
1651 1852 1660 1868 ι

878 1890 941 1918 Haec
956 1889 1029 1917 enim
1045 1897 1100 1916 non
1120 1889 1200 1917 modo
1220 1897 1329 1916 omnem
1347 1889 1445 1916 tollunt
1465 1889 1600 1922 timorem,
1615 1889 1661 1916 sed

877 1941 904 1965 et
919 1943 1023 1971 magna:
1041 1934 1140 1962 laetitia:
1159 1940 1187 1962 et
1208 1935 1353 1970 insperatae
1370 1935 1428 1970 spei
1448 1934 1602 1970 largiuntur
1618 1934 1660 1961 di-

877 1981 979 2009 vitias:
998 1989 1007 2005 l
1034 1979 1074 2007 Ne
1100 1980 1198 2007 timeas
1225 1980 1349 2014 accipere
1380 1979 1490 2006 Mariam
1517 1979 1660 2014 coniugem

877 2032 962 2054 tuam.
982 2036 991 2052 ι
1009 2025 1158 2061 Conjugem
1185 2030 1258 2053 tuam
1276 2026 1407 2061 virginem
1425 2025 1551 2058 audiens,
1578 2025 1661 2052 habes

876 2079 910 2099 ex
926 2071 977 2098 hac
993 2078 1059 2098 voce
1075 2070 1109 2097 ab
1125 2070 1200 2098 omni
1225 2069 1344 2097 hominis
1365 2069 1530 2097 commercio
1554 2069 1661 2096 mundi-

876 2116 953 2144 tiam.
971 2116 1000 2143 Si
1014 2116 1087 2143 enim
1100 2116 1152 2143 sub
1168 2123 1200 2143 ea
1220 2116 1278 2150 lege
1299 2122 1360 2149 quae
1383 2115 1481 2142 innexa
1497 2119 1537 2142 est
1549 2114 1661 2150 virgini-

36 2163 82 2197 την
95 2162 235 2197 Παρθένον
248 2162 357 2189 ἀκούων
377 2162 449 2197 ἔχεις
468 2163 500 2189 ἐκ
512 2162 561 2198 τῆς
583 2162 675 2197 φωνῆς
691 2163 740 2196 τὴν
754 2162 822 2199 πρὸς

904 2167 957 2190 tem
971 2162 1104 2190 intactam
1117 2166 1145 2190 et
1156 2162 1359 2189 immaculalam
1374 2162 1501 2194 servavit,
1514 2169 1569 2196 quo
1581 2162 1661 2188 modo

37 2209 126 2235 πᾶσαν
146 2209 243 2243 ἀνδρὸς
259 2208 369 2243 ὁμιλίαν
397 2208 582 2243 καθαρότητα.
601 2208 631 2234 Et
646 2208 701 2243 γὰρ
721 2204 744 2242 ᾧ
759 2216 823 2234 συν-

37 2255 106 2289 ἥφθη
121 2254 199 2289 νόμῳ
215 2254 245 2280 τὸ
255 2255 305 2289 τῆς
321 2253 479 2288 παρθενίας,
494 2253 633 2288 ἀνέπαφόν
645 2262 674 2279 τε
689 2255 736 2280 καὶ
752 2253 822 2288 ἀκή-

37 2308 114 2334 ρατον
128 2299 304 2332 συνδιέσωσε,
321 2299 380 2329 πῶς
390 2299 423 2326 ἂν
436 2299 530 2334 ἑτέρου
544 2299 616 2331 τινος
630 2299 718 2334 ἔρωτα
732 2307 823 2334 παρα-

36 2346 166 2379 δέξασθαι
177 2354 185 2378 ;
196 2346 248 2372 κᾶν
257 2345 322 2379 γοῦν
331 2346 412 2372 σκιάν
420 2354 481 2372 τινα
496 2345 636 2382 καταλίπῃ
647 2345 821 2380 ὑπολήψεως,

37 2391 80 2417 τοῦ
100 2392 173 2426 γυνὴ
190 2392 265 2426 νόμῳ
281 2392 453 2426 γεγενημένη
476 2390 622 2426 μνηστείας
645 2391 762 2426 κρείττω
775 2391 823 2417 καὶ

36 2437 206 2472 ὑψηλοτέραν
233 2437 332 2473 ἑαυτὴν
356 2438 403 2463 καὶ
425 2438 480 2463 τῶν
509 2437 632 2472 νομίμων
651 2437 821 2472 διετήρησεν,

36 2484 117 2518 ἑτέρῳ
131 2485 304 2519 παρανομεῖν
315 2483 372 2514 πῶς
384 2483 415 2509 ἂν
430 2483 533 2518 ὑπέστη
545 2482 637 2517 χώραν
651 2484 800 2518 παρασχεῖν
813 2491 820 2514 ;

36 2529 79 2554 καὶ
92 2529 145 2563 τῆς
173 2528 278 2555 ἐκείνου
294 2528 415 2564 νχάριτος
431 2528 510 2565 ὓϐριν
532 2528 710 2560 ἀλλάξασθαι,
723 2530 739 2564 ὴ
754 2529 821 2564 μηδὲ

36 2575 115 2609 χωρὶς
128 2575 236 2609 ὕϐρεως
246 2575 418 2609 ἀνασχομένη
425 2576 475 2608 τῆς
483 2575 634 2610 παρθενίας
647 2574 820 2607 ὲξίστασθαι;

37 2620 123 2654 Ἔχεις
138 2618 187 2646 οὖν
212 2621 286 2655 παρὰ
302 2620 409 2655 σεαυτῷ
423 2621 473 2654 τῆς
485 2620 673 2655 καθαρότητος
686 2621 736 2655 τὴν
750 2630 821 2656 μαρ-

28 2666 126 2701 τυρίαν
141 2667 371 2701 ἀπαράγραπτον·
381 2666 422 2692 διὸ
438 2676 447 2693 t
460 2667 506 2701 Μὴ
519 2666 640 2701 φοϐηθῇς
651 2666 822 2702 παραλαϐεῖν

35 2712 147 2748 Μαριὰμ
174 2711 226 2747 τὴν
239 2712 357 2746 γυναῖκα
373 2720 418 2738 σου
431 2719 438 2726 '
457 2721 466 2737 ι
482 2710 522 2743 οἷς
536 2711 590 2747 γὰρ
611 2713 679 2748 πρὸς
692 2712 721 2738 σὲ
733 2712 763 2738 τὸ
773 2712 822 2747 τῆς

37 2758 180 2793 παρθενίας
212 2758 364 2793 ἁμόλυντον
395 2757 553 2790 διεσώσατο,
569 2758 674 2789 τούτοις
697 2757 822 2789 καὶτοὺς

35 2806 244 2842 ἀναντιρῤήτονς
256 2806 426 2841 πορίζςσθαν
437 2807 505 2841 γυνή
515 2814 571 2840 σου,
583 2805 677 2841 gnavi,
688 2805 764 2840 ὁρᾷς,
775 2805 822 2832 καὶ

875 2207 1112 2234 alteriusamorem
1121 2205 1333 2234 admisisset?Et
1341 2205 1362 2232 si
1377 2205 1499 2232 umbram
1514 2205 1660 2240 quamdam

874 2253 1040 2288 suspicionis
1053 2253 1142 2281 adhuc
1165 2253 1315 2287 reliquerit,
1343 2259 1405 2279 reor
1428 2256 1472 2278 tua
1494 2250 1659 2278 matrimonii

872 2299 934 2333 jure
949 2298 1019 2326 facta
1036 2298 1154 2333 seipsam
1177 2299 1307 2332 majorem
1324 2302 1350 2324 et
1365 2296 1542 2324 excelsiorem
1554 2299 1580 2322 et
1594 2295 1658 2329 legi-

875 2344 949 2372 timis
965 2343 1237 2379 servavit,quomodo
1250 2343 1326 2370 alteri
1344 2343 1428 2379 legem
1443 2340 1658 2377 transgrediendi

874 2390 1052 2418 Sustinuisset
1068 2389 1160 2417 locum
1175 2389 1317 2424 pra-bere?
1335 2388 1368 2415 Et
1382 2396 1414 2415 ex
1423 2387 1483 2423 ejus
1500 2393 1592 2414 amore
1611 2393 1659 2420 op-

874 2436 1014 2471 probrium
1028 2436 1180 2468 incurrere,
1197 2443 1257 2469 qua:
1275 2442 1324 2461 nec
1337 2434 1396 2461 sine
1412 2432 1559 2467 opprobrio
1572 2431 1660 2458 noluit

874 2482 1030 2517 virginitate
1041 2482 1190 2510 excedere?
1203 2481 1291 2508 llabcs
1303 2480 1385 2515 igitur
1401 2484 1427 2506 et
1442 2485 1526 2513 prope
1543 2477 1658 2512 teipsum

875 2529 1141 2563 incircumscriptum
1175 2528 1316 2555 munditia:
1355 2525 1554 2553 testimonium.
1584 2523 1658 2554 Ideo,

877 2585 886 2601 ι
904 2574 964 2602 Noli
985 2575 1082 2602 timere
1096 2576 1218 2609 accipere
1239 2574 1351 2600 Mariam
1371 2572 1515 2607 conjugcm
1537 2575 1622 2597 tuam.
1648 2578 1669 2594 ιλ

874 2621 979 2654 Quibus
1002 2621 1075 2648 enim
1103 2620 1193 2655 quoad
1223 2625 1249 2647 te
1279 2618 1441 2654 virginitatis
1477 2617 1658 2652 integritatem

874 2667 1002 2699 servavit,
1017 2667 1050 2695 iis
1070 2672 1098 2695 et
1112 2667 1273 2694 inconcussa
1286 2671 1447 2701 argumenta
1459 2664 1577 2699 praebet;
1593 2670 1661 2689 uxor

875 2717 931 2744 tua.
948 2713 1046 2748 inquit,
1063 2716 1093 2739 ut
1104 2713 1192 2745 audis,
1207 2721 1222 2740 a
1238 2720 1280 2739 me
1296 2713 1354 2747 ipso
1371 2712 1481 2743 dicitur,
1491 2715 1519 2737 et
1532 2716 1592 2737 eam
1605 2716 1659 2734 non

874 2758 1037 2793 cognovisti.
1053 2758 1080 2785 Si
1098 2763 1187 2786 autem
1205 2766 1238 2785 ex
1251 2766 1305 2792 quo
1321 2759 1372 2784 hoc
1386 2756 1480 2784 uxoris
1495 2762 1593 2782 nomen
1608 2753 1659 2779 sibi

874 2804 1035 2839 assumpsit,
1050 2807 1135 2832 totum
1150 2804 1200 2831 hoc
1217 2808 1324 2838 tempus
1339 2803 1372 2831 ab
1387 2803 1462 2830 omni
1479 2807 1567 2829 tecum
1582 2805 1658 2826 com-
