1882 3075
206 98 257 134 167

781 98 915 128 ΡΗΟΤΙιΙ
932 96 1186 127 PATRIARCIl/E
1204 97 1259 126 CP.

1796 97 1852 125 168

204 161 307 190 mercio
321 160 451 188 mundum
462 159 591 189 ostendit.
604 149 741 193 quomodo
753 166 807 185 non
821 157 995 185 manifestum

1093 156 1116 192 ρ’
1127 156 1195 191 ἐμοῦ
1221 156 1341 189 λέγεται,
1367 154 1414 181 καὶ
1429 154 1528 190 πεῖραν
1543 153 1626 189 αὐτῆς
1642 153 1691 179 οὐκ
1709 153 1784 188 ἔχεις
1799 162 1806 168 ·
1827 156 1853 180 εἰ

204 213 246 236 est
259 207 331 234 illam
346 214 427 234 omne
446 206 559 233 alterius
572 205 766 232 commercium
789 203 928 235 vitavisse,
944 211 993 229 cu-

201 253 247 289 jus
264 260 353 288 neque
369 253 486 279 humana
510 258 598 285 neque
623 250 716 276 divina
742 257 791 277 vos
805 256 919 276 uxorem
935 256 994 276 eam

204 300 376 328 nominavit?

240 390 279 417 Ita
299 390 382 424 igitur
406 388 519 423 angelus
546 388 598 414 hac
616 388 710 415 uxoris
734 387 914 422 appellatione
935 394 994 413 eam

204 435 335 462 mundam
349 441 410 460 esse
431 433 465 460 ab
487 432 561 459 omni
585 432 725 460 immunda
745 431 903 466 suspicione
918 429 996 458 Jose-

204 479 288 515 phum
309 480 397 506 docet.
422 478 581 506 Nominat-et
603 483 694 506 autem
721 478 790 505 forte
805 485 865 505 eam
881 485 994 504 uxorem

204 531 230 554 et
245 526 308 561 quia
322 525 397 552 nulla
410 532 541 552 curarum
558 531 618 559 qua:
632 524 666 551 de
683 531 770 551 uxore
788 523 878 550 virum
895 522 996 550 sollici-

203 576 262 599 tant
276 579 336 599 eam
347 572 439 606 justus
449 571 582 606 privahat.
595 570 627 597 Et
641 570 693 597 alia
707 569 856 604 providens
870 576 930 596 eam
942 576 996 596 non

204 618 375 654 negligebat.
400 622 427 644 et
446 617 519 645 domi
541 617 741 644 cohabitantem
758 615 996 650 circumloqueha-

205 671 259 698 tur,
278 669 305 692 et
322 665 395 692 omni
419 664 520 699 probro
543 668 570 691 et
592 664 741 696 calumnia,
764 663 995 698 quemadmodum

205 711 335 746 sapientis
350 711 444 737 uxoris
456 710 583 742 maritus,
601 717 662 736 eam
681 710 852 744 superiorem
871 709 998 736 studebat

203 757 306 785 videre.
323 756 352 784 Si
368 761 458 784 autem
472 761 499 783 et
513 763 628 783 uxorem
648 755 728 787 dixit,
753 755 817 789 quia
841 754 934 790 sponsi
951 762 996 781 or-

157 801 172 843 "
203 804 294 831 dinem
320 803 421 838 Joseph
449 803 574 835 habebat,
598 806 673 830 etut
694 809 812 837 spensos
841 810 900 829 mos
930 808 994 836 ipse.

203 848 310 876 etiamsi
328 850 449 875 nomium
468 848 616 875 thalamum
639 847 755 882 ingressi
780 847 847 879 sint,
864 855 918 874 non
935 855 996 882 pro-
1014 834 1033 860 Β

203 895 278 922 hibet
289 895 361 922 viros
374 894 514 929 appellari.
531 894 572 921 sic
591 898 617 921 et
631 901 692 928 quae
708 893 894 928 virginitatem
907 894 996 920 adhuc

203 945 324 974 servant,
346 940 475 968 mulieres
492 948 588 967 eorum
606 940 740 974 permittit
760 939 924 974 nuncupari,
941 947 994 966 non

203 987 312 1014 deceret
326 994 369 1014 me
389 987 441 1015 hoc
455 988 579 1022 rejicere.
604 988 709 1015 Etenim
730 993 756 1015 et
775 987 859 1016 Jacob
879 987 996 1022 patriar-

202 1034 264 1066 cha,
282 1034 361 1068 cujus
383 1034 503 1061 nomium
525 1034 692 1061 commercio
709 1042 777 1061 usus
803 1037 863 1061 erat
883 1033 995 1065 Rachel,

203 1079 347 1106 mulierem
361 1087 438 1106 suam
456 1079 599 1107 manifeste
622 1085 711 1106 vocat.
735 1079 805 1106 Dicit
832 1078 865 1106 ad
890 1077 995 1109 Laban,

203 1131 350 1161 postquam
365 1125 422 1160 jam
443 1125 484 1153 sui
504 1126 607 1152 servitii
629 1125 907 1160 tempuscomplevit.
928 1132 937 1149 ι
957 1122 995 1150 Da

203 1181 317 1200 uxorem
334 1180 434 1203 meam,
454 1172 582 1206 completi
610 1177 674 1200 sunt
696 1172 769 1199 enim
793 1171 853 1198 dies
878 1170 943 1201 mei.
966 1175 997 1197 ut

204 1219 343 1254 ingrediar
353 1219 386 1246 ad
403 1227 463 1246 eam
484 1219 517 1245 ’⁸.
537 1229 546 1244 ι
562 1219 607 1246 Sic
617 1219 725 1254 priscus
739 1226 799 1246 mos
815 1223 855 1246 est
869 1218 996 1245 mulieres

203 1274 251 1294 cas
264 1274 326 1300 qua:
339 1269 405 1293 sunt
419 1273 528 1300 sponsre
546 1273 656 1292 vocare.
671 1264 710 1292 Ita
729 1269 758 1292 ut
775 1264 840 1291 inde
857 1263 947 1291 videre
963 1263 998 1290 sit

202 1313 328 1340 mulieris
361 1313 571 1347 appellationem
600 1311 713 1338 minime
737 1311 870 1345 virginem
892 1309 997 1337 contri-

205 1364 280 1386 stare
304 1357 436 1385 voluisse.
452 1357 571 1393 Virginis
586 1361 676 1384 autem
691 1356 796 1384 nomini
818 1363 872 1382 non
887 1359 998 1382 eontra-

205 1405 297 1432 dicere
319 1404 443 1431 mulieris
474 1411 573 1430 nomen
606 1407 680 1438 patet
708 1410 740 1429 ex
766 1402 874 1437 generis
901 1400 999 1428 distin-

205 1451 307 1483 ctione,
323 1451 350 1477 in
368 1451 505 1478 hominem
518 1455 545 1477 et
560 1450 703 1478 mulierem
720 1453 846 1476 naturam
860 1447 996 1475 dividens.

204 1493 326 1524 Mulieris
350 1496 423 1523 enim
456 1496 538 1522 verbo
566 1503 619 1522 non
653 1495 741 1522 solum
772 1502 833 1529 quae
859 1493 1033 1532 hominemc

205 1551 259 1571 non
274 1547 469 1578 cognoverunt,
487 1549 576 1576 neque
594 1549 633 1569 ea:
648 1541 736 1569 solum
751 1541 852 1575 quibus
866 1539 999 1575 contingit

205 1595 247 1623 ut,
269 1590 426 1625 virginitate
447 1594 633 1625 permanente,
675 1587 865 1615 adolescentia:
899 1586 1000 1614 tinibus

209 1636 401 1672 egrediantur;
421 1635 468 1663 sed
485 1639 513 1662 et
536 1633 637 1662 femina
671 1638 734 1660 ante
763 1632 932 1668 juvenlutem
957 1631 1000 1658 vel

206 1683 288 1709 etiam
304 1689 399 1709 recens
430 1685 494 1708 nata
523 1678 774 1715 comprehenditur.
816 1677 1000 1710 Quemadmo-

206 1730 282 1761 dum,
302 1733 332 1755 ut
345 1731 428 1762 patet,
443 1734 542 1754 nomen
559 1725 610 1752 viri
624 1725 788 1760 participant
800 1730 827 1752 et
840 1724 886 1760 qui
900 1731 1000 1758 pueros

204 1780 358 1810 genuerunt
372 1778 399 1801 et
422 1773 470 1808 qui
501 1773 573 1800 inter
593 1772 709 1807 juvenes
729 1776 922 1804 numerantur,
953 1771 1000 1799 sed

206 1828 233 1849 et
259 1822 306 1858 qui
322 1822 403 1856 hujus
418 1820 507 1849 aetatis
527 1827 615 1855 usque
639 1819 672 1846 ad
691 1824 800 1847 teneros
819 1819 999 1847 descendunt.

207 1867 253 1895 Sic
276 1867 359 1902 igitur
378 1873 410 1893 ea
435 1865 516 1893 solito
539 1872 591 1891 usu
616 1863 695 1891 facile
720 1868 849 1899 perceptu
869 1869 911 1891 est
937 1871 998 1890 mu-

207 1914 283 1941 lieris
304 1920 398 1940 vocem
411 1920 466 1939 non
492 1910 600 1938 auferre
612 1910 685 1945 quod
705 1910 890 1945 virginitatem
913 1910 1000 1938 decet.

208 1960 351 1988 Mulierem
376 1959 448 1985 enim
468 1965 522 1985 non
548 1957 642 1989 semel,
670 1957 717 1984 sed
734 1961 762 1983 et
787 1957 887 1992 sazpius
916 1955 1000 1983 Evam

208 2011 289 2033 vocat
299 2004 396 2031 Adami
423 2011 536 2031 uxorem
563 2002 686 2038 virgineo
699 2002 789 2030 adhuc
811 2008 936 2030 ornatam
955 2002 1002 2029 de-

208 2060 271 2079 core
285 2055 313 2078 et
325 2050 401 2084 puris
420 2049 540 2084 paradisi
553 2048 667 2076 ﬂoribus
683 2053 855 2080 vernantem,
876 2052 904 2075 et
923 2048 1002 2082 longe

209 2106 224 2125 a
250 2097 479 2132 transgressione,
507 2096 699 2130 et‘Dominico
727 2095 856 2122 mandato
884 2098 1001 2121 stantem

209 2148 236 2170 et
249 2143 384 2174 nuditate.
400 2147 428 2170 et
441 2142 535 2170 bestiae
548 2142 663 2169 consilio
685 2141 820 2169 excelsius
844 2141 1001 2168 institutum

209 2197 289 2216 suum
304 2189 454 2222 ferentem;
470 2188 581 2222 quando
597 2190 641 2223 (et
661 2195 709 2215 eos
726 2194 780 2213 non
798 2187 861 2214 licet
879 2194 929 2222 pro
942 2187 1001 2222 ipsa
1018 2177 1040 2205 ι)

209 2242 302 2261 rerum
321 2235 458 2262 evidentia
481 2235 634 2269 imputare)
657 2233 871 2268 imperturbalos
899 2233 1004 2261 ferebat

209 2286 350 2313 corporeae
378 2278 528 2314 voluptatis
558 2286 667 2311 sensus,
700 2285 762 2312 qua:
783 2277 882 2312 saepius
905 2283 1003 2305 vocata

209 2329 252 2352 est
266 2325 364 2352 Adami
377 2325 486 2357 mulier,
505 2325 616 2352 meliore
626 2325 770 2352 vocatione
787 2324 868 2359 digna
881 2324 1003 2359 judicata

210 2378 293 2409 quam
323 2375 353 2397 ut
380 2371 531 2398 carnalium
553 2370 751 2397 desideriorum
779 2370 879 2405 pugnis
904 2371 1004 2399 misera

210 2417 374 2444 eiiiceretur.

1044 201 1065 227 δ’
1078 201 1120 236 ἐφ’
1137 199 1167 228 οὗ
1179 201 1210 228 τὸ
1223 201 1273 236 τῆς
1294 200 1424 235 γυναικὸς
1439 200 1561 235 ἥρμοσεν
1581 200 1678 234 ὄνομα,
1711 200 1815 226 τοῦτον
1831 201 1848 233 ή

1046 247 1183 284 Παρθένος
1196 247 1278 279 ἔδειξε
1288 246 1475 282 καθαρεύοντα
1485 245 1536 281 τῆς
1555 246 1624 281 προς
1632 246 1712 272 αὑτὸν
1722 246 1851 280 ὁμιλίας,

1045 294 1104 324 πῶς
1114 293 1162 320 οὐκ
1174 293 1284 328 εὔδηλον
1294 293 1334 319 ὅτι
1346 293 1393 318 καὶ
1406 292 1504 323 παντὸς
1517 291 1608 323 ἄλλου,
1616 289 1645 318 οὗ
1660 292 1728 328 μήτε
1740 292 1854 327 ἀνθρὼ-

1046 349 1122 371 πινος
1151 340 1219 375 μήτε
1246 339 1317 371 θεῖος
1341 339 1420 373 λόγος
1435 337 1575 374 ὀνομάζων
1599 338 1678 374 ὤφθη
1704 340 1851 372 γυναῖκα;

1085 387 1162 413 Οὕτω
1189 387 1237 422 μὲν
1248 386 1294 413 οὖν
1307 387 1320 412 ὁ
1335 385 1452 420 ἄγγελος
1465 385 1508 411 διὰ
1518 385 1569 419 τῆς
1585 385 1778 420 προσηγορίας
1792 385 1848 418 τῆς

1046 434 1175 468 γυναικὸς
1188 432 1355 468 καθαρεύειν
1371 433 1461 467 πάσης
1476 432 1526 457 οὐκ
1542 431 1657 465 εὖαγοῦς
1677 430 1851 467 ὑπολήψεως

1046 480 1090 506 τὸν
1112 479 1212 515 Ἰωσὴφ
1224 478 1390 505 ἐκδιδάσκει.
1414 476 1593 512 “Ονομάζειδ’
1611 477 1643 503 ἂν
1657 477 1721 508 ἴσως
1750 478 1848 511 αὐτὴν

1047 527 1174 560 γυναῖκα,
1199 526 1245 552 καὶ
1265 525 1332 551 διότι
1357 525 1423 560 περὶ
1445 524 1576 558 γυναικὸς
1604 524 1665 550 ὅσαι
1697 523 1852 558 φροντίδες

1048 572 1155 607 ἔχουσιν
1165 572 1260 606 ἄνδρα,
1275 570 1406 606 οὒδεμιᾶς
1417 570 1520 605 ταύτην
1533 571 1547 597 ὁ
1561 570 1668 600 δίκαιος
1683 570 1852 604 ἀπεστέρει.

1048 619 1089 645 Τά
1103 627 1133 644 τε
1146 619 1200 653 γὰρ
1228 618 1297 644 ἄλλα
1328 617 1527 652 προνοούμενος
1555 617 1642 651 αὐτῆς
1657 617 1708 642 οὐκ
1733 616 1852 651 ἡμέλει,

1048 665 1095 690 καὶ
1109 664 1177 691 οἴκοι
1193 663 1326 690 συνοῦσαν
1352 664 1489 698 περιεῖπε,
1506 663 1554 689 καὶ
1568 663 1664 698 μώμου
1681 662 1786 694 παντὸς
1802 663 1856 689 καὶ

1048 710 1176 745 διαϐολῆς
1203 710 1323 746 ἀπάσης,
1342 707 1386 736 οἷα
1411 710 1443 745 δὴ
1465 710 1580 744 κόσμιος
1613 710 1682 745 ἀνὴρ
1713 710 1856 743 γυναικὸς

1049 756 1244 792 σωφρονούσης
1268 756 1409 791 ἀνωτέραν
1427 755 1583 788 ἐσπούδαζε
1614 755 1800 791 καθορᾶσθαι.
1820 756 1855 782 ΕΞ

1049 803 1137 830 δὲκαὶ
1161 804 1279 837 γυναῖκα
1312 804 1456 838 προσεῖπε,
1475 803 1542 829 διότι
1559 803 1716 838 μνηστῆρος
1734 802 1820 835 τάξιν
1840 805 1855 828 ὁ

1054 849 1152 884 Ἰωσὴφ
1167 848 1249 884 εἶχεν,
1262 849 1356 883 ὥσπερ
1369 849 1397 875 δὲ
1411 849 1459 875 καὶ
1478 850 1541 880 τοὶς
1558 850 1717 884 μνηστῆρας
1726 849 1756 875 τὸ
1772 849 1854 880 ἔθος,

1048 895 1100 921 κᾶν
1113 894 1189 921 οΰπω
1217 894 1350 929 συνῆλθον
1375 895 1416 926 εἰς
1432 895 1522 930 εὐνὴν,
1539 895 1568 920 οὺ
1590 894 1691 920 κωλύει
1702 903 1852 930 προσαγο-

1049 941 1139 976 ρεύειν
1162 941 1273 975 ἄνδρας,
1303 941 1374 967 οὕτω
1387 941 1419 975 δὴ
1436 942 1554 967 mam
1570 942 1620 975 τὴν
1635 941 1789 976 παρθενίαν
1805 941 1852 967 ἔτι

1048 986 1221 1020 διασώζουσι,
1237 989 1370 1021 γυναῖκας
1386 987 1475 1014 αὐτῶν
1489 987 1585 1013 δίδωσι
1599 987 1754 1018 καλεῖσθαι,
1770 987 1856 1013 οὐδὲν

1048 1034 1109 1069 ἐμοὶ
1140 1034 1317 1069 διαφέρεσθαι
1348 1034 1499 1069 προσήκει·
1517 1034 1562 1059 καὶ
1577 1033 1632 1067 γὰρ
1650 1034 1697 1060 καὶ
1715 1033 1822 1060 Ἰακὼῦ
1835 1034 1851 1059 ὁ

1047 1080 1233 1115 πατριάρχης,
1245 1078 1279 1115 ἧς
1294 1079 1370 1106 οὔπω
1402 1079 1539 1111 καταστὰς
1556 1077 1590 1115 ἦν
1606 1081 1646 1110 εἰς
1663 1080 1764 1115 πεῖραν
1780 1080 1855 1115 ὁμι-

1048 1126 1119 1159 λίας,
1132 1126 1181 1163 τὴν
1198 1127 1301 1162 Ῥαχὴλ
1328 1127 1412 1160 λέγω,
1442 1128 1560 1161 γυναῖκα
1582 1126 1665 1153 αὑτοῦ
1684 1126 1856 1161 περιφανῶς

1048 1173 1186 1209 ὀνομάζει.
1218 1173 1288 1208 Φησὶ
1303 1173 1371 1209 πρὸς
1392 1173 1496 1202 Λάὸαν.
1515 1172 1565 1208 ἤδη
1582 1172 1627 1199 τὸν
1655 1172 1706 1206 τῆς
1721 1172 1856 1203 δουλείας

1048 1220 1111 1255 ὅρον
1135 1218 1370 1255 ἐκπεπληρωκώς,
1396 1228 1404 1244 ι
1424 1219 1533 1250 Ἀπόδος
1562 1219 1612 1255 τὴν
1638 1219 1758 1253 γυναῖκά
1785 1228 1855 1254 μου,

1049 1265 1246 1301 πεπλήρωνται
1265 1266 1318 1301 γὰρ
1330 1266 1358 1292 αἰ
1370 1266 1472 1300 ἡμέραι
1488 1274 1549 1300 μου,
1565 1266 1640 1297 ὅπως
1651 1265 1766 1291 εἰσέλθω
1778 1266 1856 1300 πρὶς

1049 1312 1170 1346 αὐτὴν.»
1187 1312 1283 1344 Οὕτως
1310 1313 1370 1338 ἐστὶ
1400 1311 1516 1338 παλαιὸν
1544 1311 1604 1343 ἔθος
1636 1312 1771 1345 γυναῖκας
1800 1314 1856 1337 καὶ

1049 1358 1098 1388 τὰς
1127 1360 1373 1394 μεμνηστευμένας
1402 1359 1558 1393 ὀνομάζειν.
1588 1359 1671 1385 Ὥστε
1695 1358 1857 1385 κάντεῦθεν

1049 1403 1107 1430 ἔστι
1137 1404 1229 1431 λαϐεῖν
1251 1405 1288 1437 ὡς
1305 1405 1389 1441 μηδὲν
1406 1406 1423 1441 ἡ
1438 1406 1489 1441 τῆς
1514 1406 1645 1440 γυναικὸς
1671 1406 1858 1442 προσηγορία

1051 1451 1223 1485 παραλυπεῖν
1239 1452 1328 1478 ἐθέλει
1353 1453 1402 1487 τὴν
1415 1452 1577 1487 παρθενίαν.
1593 1452 1655 1478 ’Ὁτι
1671 1452 1699 1478 δὲ
1715 1452 1787 1487 πρὸς
1802 1452 1858 1486 τὴν

1051 1495 1186 1530 παρθένον
1200 1497 1231 1523 τὸ
1260 1497 1310 1531 τῆς
1339 1497 1468 1532 γυναικὸς
1479 1497 1509 1523 οὐ
1525 1498 1642 1532 μάχεται
1672 1497 1770 1531 ὄνομα,
1803 1498 1858 1532 ἣτε

1052 1542 1170 1577 συνήθης
1185 1542 1232 1569 τοῦ
1255 1543 1352 1576 γένους
1367 1543 1503 1578 διαίρεσις
1513 1544 1553 1575 εἰς
1566 1544 1650 1579 ἄνδρα
1669 1545 1716 1570 κα).
1729 1545 1859 1578 γυναῖκα

1050 1587 1189 1623 τέμνουσα
1216 1588 1267 1623 τὴν
1291 1588 1384 1623 φύσιν,
1417 1590 1489 1615 ποιεῖ
1516 1587 1643 1625 φανερόν.
1661 1589 1706 1624 Τῷ
1722 1589 1780 1625 γὰρ
1799 1591 1858 1625 τῆς

1050 1631 1180 1668 ῖγυναικὸς
1213 1636 1317 1670 ῥήματι
1345 1635 1395 1670 οὐχ
1422 1635 1483 1662 ὅσαι
1515 1636 1594 1669 μόνον
1616 1636 1713 1663 ἔλαϐον
1745 1636 1860 1670 γνῶσιν

1051 1681 1159 1716 ἀνδρὸς,
1184 1681 1239 1708 οὐδ’
1268 1682 1346 1713 ὄσαις
1375 1682 1488 1716 γέγονεν
1507 1683 1535 1709 ὲν
1548 1683 1587 1718 τῷ
1616 1683 1665 1718 τῆς
1695 1683 1861 1718 παρθενίας

1051 1727 1257 1763 ἀπαραλλάκτῳ
1269 1727 1319 1762 τὴν
1327 1728 1381 1754 τῶν
1395 1728 1523 1754 νεανίδων
1531 1728 1640 1764 ἡλικίαν
1654 1729 1860 1762 ὑπαλλάττειν,

1051 1773 1120 1800 ἀλλὰ
1141 1773 1232 1800 καὶτὸ
1252 1774 1306 1808 πρὸ
1328 1773 1379 1808 τῆς
1406 1774 1499 1808 ἀκμῆς
1514 1774 1581 1808 θῆλυ
1595 1775 1675 1810 μέχρι
1690 1775 1739 1801 τοῦ
1755 1783 1861 1810 νεογε-

1051 1819 1113 1851 νοῦς
1141 1819 1397 1855 περιλαμϐάνεται·
1421 1819 1517 1856 ὥσπερ
1540 1820 1664 1856 δηλονότι
1691 1821 1740 1855 τῆς
1763 1829 1862 1856 προσ·

1051 1865 1165 1901 ηγορίας
1182 1867 1328 1901 μετέχουσι
1337 1865 1384 1892 τοῦ
1403 1865 1500 1902 ἀνδρὸς
1511 1867 1568 1893 ὅσοι
1580 1875 1609 1893 τε
1623 1866 1722 1898 παῖδας
1737 1866 1857 1901 ἔφυσαν

1052 1913 1100 1938 καὶ
1114 1912 1171 1938 ὅσοι
1186 1913 1241 1938 τῶν
1256 1912 1356 1947 ἠϊθέων
1382 1913 1432 1948 τὴν
1449 1913 1526 1945 τάξιν
1545 1913 1702 1948 ἐπέχουσιν,
1717 1912 1790 1940 ἀλλὰ
1805 1915 1861 1941 καὶ

1053 1959 1110 1985 ὅσοι
1126 1959 1175 1994 τῆς
1201 1959 1312 1994 ἡλικίας
1327 1959 1429 1995 ταύτης
1442 1960 1524 1994 μέχρι
1539 1959 1656 1995 βρέφους
1674 1959 1860 1994 ὗποὸεὸήκα-

1054 2013 1105 2031 σιν.
1124 2004 1203 2031 Οὕτω
1230 2005 1279 2039 μὲν
1293 2003 1340 2031 οὖν
1359 2005 1407 2031 καὶ
1422 2005 1477 2031 ἀπὺ
1492 2005 1542 2039 τῆς
1553 2005 1712 2040 εἰθισμένης
1724 2005 1861 2040 χρήσεως

1053 2050 1127 2077 ἔστιν
1145 2051 1239 2077 λαϐεῖν
1252 2051 1290 2082 ὡς
1305 2052 1321 2086 ἡ
1334 2052 1383 2084 τῆς
1390 2051 1521 2085 γυναικὸς
1537 2051 1588 2078 οὐκ
1601 2052 1759 2087 ἀφαιρεῖται
1772 2053 1860 2086 φωνὴ

1053 2096 1102 2132 τῆς
1132 2097 1283 2131 παρθενίας
1299 2098 1330 2124 τὸ
1344 2098 1449 2124 δίκαιον
1461 2105 1468 2112 ·
1486 2099 1604 2132 γυναῖκα
1621 2098 1676 2134 γὰρ
1690 2098 1738 2133 οὐχ
1763 2097 1858 2131 ἅπαξ,

1053 2142 1121 2169 ἀλλὰ
1135 2143 1180 2168 καί
1196 2143 1327 2174 πολλάκις
1343 2143 1392 2179 τὴν
1407 2142 1478 2170 Εὕαν
1493 2143 1623 2179 ὀνομάζει
1639 2143 1687 2170 τοῦ
1707 2143 1796 2180 ’Λδὰμ
1814 2145 1860 2171 ἑτι

1055 2189 1110 2219 τοῖς
1144 2188 1320 2224 παρθενικοῖς
1353 2190 1552 2226 ἐμπρέπουσαν
1578 2190 1771 2226 ὠρατςμασιν,
1804 2193 1860 2218 καὶ

1055 2234 1111 2264 τοῖς
1123 2233 1273 2268 ἀκηράτοις
1288 2234 1380 2262 ἄνθεσι
1394 2235 1441 2261 τοῦ
1457 2235 1626 2271 παραδείσου
1641 2237 1858 2270 ὲνεαρίζουσαν,

1055 2279 1104 2306 καὶ
1131 2280 1226 2316 πόρρω
1249 2277 1302 2316 ’τῆς
1331 2282 1516 2318 παραϐάσεως
1540 2284 1588 2309 καὶ
1617 2283 1666 2318 τῆς
1680 2284 1860 2320 Δεσποτικῆς

1056 2327 1261 2363 καθισταμένην
1288 2329 1398 2364 ἐντολῆς
1427 2329 1474 2355 καὶ
1489 2330 1539 2364 τῆς
1555 2331 1724 2365 γυμνώσεως
1739 2332 1789 2357 καὶ
1804 2332 1860 2367 τῆς

1055 2372 1104 2400 τοῦ
1132 2373 1228 2408 θηρίου
1258 2374 1414 2409 συμϐουλῆς
1449 2374 1615 2412 ὑψηλότερον
1642 2376 1672 2403 τὸ
1699 2376 1859 2413 πολίτευμα

1061 2419 1207 2455 φέρουσαν·
1221 2420 1266 2446 ὅτε
1281 2421 1326 2447 καὶ
1340 2421 1440 2453 αὐτοὺς
1457 2422 1508 2448 οὐκ
1519 2422 1576 2448 ἐστι
1588 2432 1630 2449 σοι
1641 2424 1689 2449 ἀπ’
1702 2424 1789 2459 αὐτῆς
1804 2427 1859 2460 τῆς

210 2463 265 2490 τῶν
275 2463 449 2499 πραγμάτων
461 2462 601 2499 ἐνεργείας
609 2462 782 2497 λογίσασθαι,
800 2463 998 2500 ἀνενοχλήτους
1016 2466 1100 2502 ἔφερε
1113 2467 1177 2499 τοὺς
1195 2467 1344 2503 λογισμοὺς
1362 2471 1523 2505 σωματικῆς
1550 2470 1659 2505 ἡδονῆς.
1672 2471 1689 2506 ἠ
1719 2471 1859 2503 πολλάκις

212 2512 426 2547 ἐξονομασθεῖσα
438 2512 508 2547 γυνὴ
516 2511 836 2547 τοῠ”Λδὰμ,κρείττονος
853 2512 1004 2550 ἀξιουμένη
1024 2514 1148 2551 κλήσεως
1167 2516 1184 2551 ἡ
1199 2516 1338 2552 σαρκικῶν
1369 2517 1558 2552 ἐοεθισμάτων
1587 2518 1857 2552 ὲνταλαιπωρεῖσθαι

214 2559 325 2594 μάχαις.

391 2616 557 2650 QU/ESTIO
570 2617 652 2644 xxm
667 2617 716 2653 [aL
730 2617 826 2653 xxn].

215 2663 285 2696 Quid
318 2664 453 2699 significat
484 2664 552 2691 illud
575 2673 584 2691 :
613 2674 622 2689 ι
642 2664 706 2692 Ecce
738 2665 825 2692 Adam
847 2665 934 2699 factus
966 2669 1006 2692 est

227 2704 355 2734 tanquam
373 2708 442 2726 unus
459 2708 491 2726 ea:
505 2700 589 2732 nobis,
606 2701 689 2727 sciens
705 2700 801 2727 bonum
811 2705 836 2727 et
853 2700 963 2727 malum.
978 2710 987 2726 ι

1325 2619 1493 2647 ΕΡΩΤΠΣΙΣ
1518 2621 1582 2649 Kl".

1061 2666 1092 2694 Τί
1107 2666 1248 2703 σημαίνει
1264 2667 1308 2698 τὸ,
1329 2678 1337 2692 ι
1356 2667 1430 2694 Ἰδοὺ
1452 2667 1543 2701 Ἀδὰμ
1562 2669 1687 2703 γέγονεν
1700 2668 1740 2701 ὡς
1755 2666 1799 2701 εῙς
1818 2670 1856 2701 ἐξ·

1113 2701 1209 2737 ἡμῶν,
1229 2703 1281 2729 τοῦ
1296 2703 1454 2736 γινώσκειν
1465 2701 1762 2739 καλὸν-’καὶμοντψείγ
1788 2716 1795 2730 ι

725 2768 797 2793 Edita
809 2776 822 2793 a
834 2768 907 2798 Maio,
922 2769 941 2793 Ι.
953 2775 985 2796 c..
995 2768 1023 2800 ιδ.
1035 2769 1119 2798 Ξι-ΞἹ,
1136 2769 1161 2794 in
1174 2769 1228 2794 Gen
1252 2776 1287 2797 nr.
1300 2770 1339 2795 22.

252 2807 316 2835 Scio
333 2808 417 2842 igitur
432 2809 565 2843 quosdam
586 2810 678 2838 dicere
697 2811 833 2838 ironicum
851 2818 1006 2839 sermonem

251 2874 274 2891 “
291 2874 358 2902 Gen.
376 2883 452 2903 xxix.
467 2876 511 2902 2|.

1098 2810 1164 2839 Οἶδα
1184 2812 1232 2846 μὲν
1251 2809 1297 2838 οὖν
1314 2811 1352 2844 ὡς
1367 2820 1439 2844 τινες
1465 2821 1510 2840 τον
1524 2814 1623 2848 εἴρωνα
1647 2812 1726 2839 λόνον
1742 2812 1787 2840 διὰ
1798 2813 1854 2839 τῶν
