1882 3075
30 173 77 205 ιω

521 173 570 202 AD
589 173 888 204 AMPIIILOCHIUM
905 174 1080 210 QU/ESTIO
1092 175 1207 207 XXIII.

1612 177 1661 210 170

25 231 216 266 προκειμένων
234 231 367 266 ῥημάτων
384 231 453 265 φασὶ
466 231 676 266 προενηνέχθαι.
691 231 739 258 καὶ
751 232 821 258 ὀνει-

925 232 1012 260 :dictis
1035 234 1126 261 verbis
1149 235 1284 269 prolatum
1297 243 1357 263 esse
1372 240 1399 263 ct
1415 235 1549 264 Adamum
1563 244 1663 272 oppro-

25 278 107 309 δίζειν
135 277 184 304 τὸν
212 277 301 312 ’Λδὰμ
319 277 361 312 ἐφ’
382 273 421 308 οἷς
437 277 580 312 ὑπέρογκα
591 277 758 312 φαντασθεὶς
774 278 821 304 καὶ

24 326 41 351 ῖι
55 324 246 358 φιλανθρωπία
268 323 316 350 τοῦ
347 324 506 355 Πλάσαντος
527 323 607 359 χερσὶ
631 325 770 359 κατεῖχεν,
790 323 821 357 ἐξ

28 371 95 402 ἱδεας
109 370 239 403 ἀϐουλίας
255 370 412 398 ἀπώλεσεν·
425 371 450 397 οί
465 370 494 397 δὲ
507 371 618 404 γείτονα
635 371 820 406 προκομὶζον-

25 426 69 448 τες
83 416 176 451 λόγον,
197 416 295 452 ἕτερόν
313 425 339 443 τι
350 416 491 452 νομίζουσι
518 416 620 450 λέγειν.
635 417 820 453 Διασύρεσθαι

25 463 86 497 γὰρ,
113 463 193 496 φασὶ,
211 463 259 489 καὶ
273 461 498 498 διαχλευάζεσθαι
519 464 575 493 τοῖς
592 462 713 498 παροῦσι
729 463 821 498 λόγοις

26 508 72 543 τὴν
87 507 136 534 τοῦ
156 509 244 542 Ἀδὰμ
259 508 447 542 περιπέτειαν.
461 508 516 534 Καὶ
529 508 620 540 ἄλλοις
635 508 724 542 ἔδοξεν
734 510 821 544 ἐπεγ-

26 554 156 588 γελὶσθαι
180 555 231 590 τὴν
251 554 360 590 πρᾶξιν,
385 554 419 580 δι’
436 555 469 589 ἦν
484 555 651 591 ὑψηλότερον
670 556 722 591 τῆς
738 557 820 584 αὐτοῦ

28 601 133 633 φύσεως
148 602 205 632 τοῖς
232 601 371 636 λογισμοῖς
384 602 397 627 ό
412 601 558 636 ἄνθρωπος
581 602 759 638 ἀναδραμὼν,
773 605 821 630 καὶ

27 644 59 682 ἧς
75 646 181 682 ἠξιώθη
205 646 308 679 τάξεως
323 647 399 682 παρᾶ
423 647 470 673 τοῦ
484 647 641 680 Πλάσαντος
661 650 818 684 ἐφεστάναι,

28 692 195 728 κατηνέχθη.
222 693 410 728 Παραπλήσια
429 693 516 720 ταῦτα
535 694 582 720 καὶ⁴
599 694 653 721 ἀπὸ
671 696 721 728 τῆς
735 695 822 728 αὐτῆς

28 738 155 773 ἐπιὼλῆς
166 737 217 770 τὴν
230 738 343 773 πρόοδον
354 738 482 771 λαϐόντα,
496 740 520 765 εί
536 739 583 766 καὶ
595 739 664 774 πρὸς
674 739 821 775 διαφόρους

27 784 135 811 ίοκοῦσι
162 785 346 819 παραφυάδας
370 785 579 820 ἀποσχίζεσθαι,
607 785 663 819 ἐγὼ
684 785 712 812 δὲ
733 786 822 812 ταῦτα

29 831 77 865 μὲν
88 831 140 857 οὐκ
155 831 190 858 ἃν
204 831 325 866 οίηθείην
342 831 423 865 σοφὸν
436 831 661 866 ἀποδοκιμάζειν,
676 831 821 859 ὰκολουθό-

28 887 105 913 τερον
118 879 142 905 δ’
159 878 193 904 ἂν
210 877 295 913 φαίην
326 879 468 904 κατανοεῖν
497 879 594 914 ἐτέρας
605 877 676 905 εἶναι
701 879 822 910 διανοίας

27 924 234 958 παραστατικὸν
247 924 279 950 τὸ
291 924 362 959 ἱερὸν
374 924 463 950 ἐκεῖνο
475 925 587 959 χωρίον·
608 924 688 956 ποίας
703 925 821 959 ταύτης;

33 969 202 1005 Ἐπειδήπερ
212 970 226 996 ὁ
242 969 329 1004 Ἀδὰμ
341 970 401 996 ἀντὶ
415 969 463 997 τοῦ
475 970 692 1006 νομοθετεῖσθαι,
707 971 822 1006 νομοθέ-

28 1023 73 1041 του
99 1015 210 1050 ἀξίωμα
223 1016 348 1051 ἥρπασεν
358 1025 366 1032 ·
381 1016 442 1043 ἀντὶ
457 1016 506 1043 τοῦ
518 1016 683 1052 κηδεμονίας
695 1017 743 1043 καὶ
759 1026 822 1044 παι-

28 1061 169 1095 δαγωγίας
182 1062 231 1096 τῆς
245 1061 349 1089 ἄνωθεν
367 1061 526 1094 ἀπολαύειν,
544 1063 578 1098 τῇ
591 1062 646 1098 ἰδίᾳ
664 1062 762 1098 γνώμῃ
775 1063 823 1089 καὶ

29 1107 143 1142 προνοίᾳ
157 1107 207 1138 τὰς
219 1107 268 1133 τοῦ
285 1107 345 1141 βίου
361 1108 474 1142 πράξεις
486 1108 697 1141 κατεπίστευσε,
710 1108 758 1135 καὶ
773 1109 823 1143 τὴν

31 1153 126 1187 ῥώμην
146 1153 220 1188 ἔχειν
248 1153 375 1188 ἐνόμισεν
389 1153 454 1180 ἄνευ
470 1153 545 1186 θείας
556 1155 692 1189 ἐπιροπῆς
709 1155 757 1181 καὶ
773 1155 823 1189 τῆς

29 1199 74 1226 τοῦ
90 1199 248 1234 κρείττονος
268 1199 446 1232 ὲπινεύσεως,
473 1200 602 1236 ἐξαρκεῖν
621 1200 696 1234 αὐτῷ
713 1200 822 1236 διακρί-

30 1255 84 1272 νειν
100 1245 134 1272 τὸ
148 1245 231 1272 καλὸν
242 1245 297 1272 ἀπὸ
311 1245 356 1272 τοῦ
374 1246 495 1281 χείρονος
511 1246 552 1281 (οὗ
569 1246 624 1281 γὰρ
637 1246 669 1272 ἂν
683 1247 720 1282 μὴ
737 1246 823 1273 ταῦτα

30 1291 192 1326 διαθέμενος
204 1293 253 1319 καὶ
265 1292 394 1327 κυρώσας
417 1293 482 1328 παρ’
505 1292 606 1327 ἐαυτῷ,
624 1292 755 1327 οὓμενουν
774 1293 825 1320 οὐκ

30 1338 61 1364 ἂν
75 1337 188 1372 ὑψῶσαι
213 1337 295 1370 δόξαν
315 1338 411 1364 ἑαυτὸν
436 1337 595 1372 ὑπέδραμεν
607 1338 648 1369 είς
662 1338 691 1364 τὸ
707 1338 824 1373 μέγεθος

32 1384 75 1418 τῆς
85 1383 203 1419 πρώτης
219 1384 317 1418 ἀρχῆς.
361 1384 465 1419 κρίνειν
477 1392 506 1410 τε
523 1384 571 1410 καὶ
600 1383 752 1419 διακρίνειν
775 1384 823 1411 τοῦ

30 1428 152 1465 πονηροῦ
166 1429 197 1455 τὺ
206 1429 300 1461 καλὸν,
313 1429 394 1462 σοφία
403 1428 523 1464 ἔμφυτος
536 1429 583 1456 καὶ
600 1429 782 1464 ἀπερινόητος
795 1429 824 1462 ἐξ

30 1475 114 1502 ἀϊδίου
132 1475 283 1510 περίεστιν,
299 1474 458 1501 ἀλλὀὑδ“ἂν
467 1465 631 1510 προτάττειν
644 1476 732 1511 ὁρμὴν
746 1475 822 1502 ἐτόλ-

32 1530 119 1557 μησεν
136 1524 188 1557 τὴν
205 1522 288 1548 αὑτοῦ
311 1521 360 1555 τῆ.
376 1522 503 1549 ἁπάντων
528 1521 716 1556 δεσποζοιὴςης
735 1530 764 1548 τε
779 1522 826 1548 καὶ

31 1569 121 1599 πάσας
135 1568 252 1602 χάριτας
267 1566 440 1600 διαγνώσεως
455 1566 634 1603 πηγαζούσης
658 1568 705 1594 καὶ
719 1567 825 1603 διακρί-
839 1580 861 1608 C

32 1623 98 1646 σεως
110 1623 117 1630 ·
129 1614 186 1640 οὐδ’
205 1613 238 1640 ἂν
254 1614 304 1649 τὴν
317 1613 394 1640 θείαν
405 1614 515 1649 ἐντολὴν
532 1615 598 1650 παρ’
610 1614 686 1641 οὐδὲν
702 1614 826 1649 θέμενος,

31 1662 95 1695 ἄλην
112 1660 199 1687 αὑτοῦ
210 1662 246 1696 τῇ
259 1659 357 1695 γνώμῃ
366 1659 419 1686 τῶν
427 1662 573 1695 πρακτέων
584 1661 718 1696 διοίκησιν
726 1661 828 1695 ἐνεχεί-

35 1707 119 1741 ρισεν)
132 1715 141 1722 ·
159 1706 221 1732 ἐπεὶ
234 1705 282 1732 οὖν
292 1725 299 1736 ,
318 1705 402 1739 (metu
413 1705 428 1731 ὁ
444 1705 520 1737 θεὸς,
537 1706 592 1737 τοῖς
604 1705 695 1740 ἔργοις
708 1705 829 1741 παρέσχε

34 1751 76 1776 τον
104 1750 230 1784 ἔλεγχον,
263 1749 354 1784 ἑαυτῷ
377 1749 601 1781 καταπιστεύσας
627 1749 674 1776 τοῦ
701 1750 759 1785 βίου
776 1750 827 1786 τὴν

35 1797 166 1831 πρόνοιαν
197 1796 248 1822 καὶ
269 1796 361 1822 οὐκέτι
397 1797 455 1827 τοῖς
487 1797 632 1831 ἡμετέροις
659 1796 829 1824 ὑποκύπτειν

34 1843 120 1869 ἐθέλει
150 1842 373 1877 προστάγμασιν,
400 1842 468 1868 ἀλλὰ
481 1842 511 1868 τό
525 1851 556 1876 γε
571 1842 647 1869 δοθὲν
670 1842 747 1879 αὑτῷ
760 1843 828 1870 αὑτ-

34 1888 159 1921 εξοὺσιον
172 1888 243 1923 πρὸς
253 1887 306 1923 τὴν
321 1887 369 1914 τοῦ
388 1887 537 1919 δεδωκότος
553 1887 632 1922 ὗόριν
642 1889 829 1924 ἀπεχρήσατο,

36 1934 82 1961 καὶ
98 1934 227 1969 ἐνόμισεν
242 1933 341 1960 ἑαυτὸν
352 1931 422 1960 εἶναι
432 1933 470 1966 ὡς
479 1934 526 1960 ἕνα
539 1933 568 1967 ἐξ
583 1934 672 1969 ἡμῶν,
681 1933 830 1969 νομοθέτην

37 1982 282 2016 νομοθετούμενον,
317 1979 474 2016 προνοητὴν
486 1980 516 2007 οὐ
535 1980 664 2015 προνοίας
691 1980 829 2015 δεόμενον,

38 2028 174 2063 δεσπὰτην
204 2027 235 2053 οὐ
267 2026 485 2061 δεσποζόμενον,
510 2026 622 2061 ἄμεινόν
647 2027 720 2053 ἔστιν
748 2026 830 2052 αὐτὸν

35 2074 206 2109 ἐκϐληθῆναι
222 2073 270 2101 τοῦ
285 2073 463 2109 παραδείσου,
477 2072 522 2099 διὰ
535 2072 582 2099 δύο
603 2073 720 2108 μάλιστα
733 2072 829 2100 ταῦτα’

37 2119 64 2146 ἓν
79 2120 130 2154 μὲν
148 2119 193 2146 ἵνα
209 2120 246 2155 μὴ
257 2119 364 2156 τρυφῆς
378 2119 418 2150 είς
440 2118 554 2154 ἄκαιρόν
565 2127 595 2144 τε
612 2119 659 2144 καὶ
674 2118 831 2152 ἁπαιδαγὼ‹

38 2174 118 2200 γητον
145 2165 299 2192 ἀπόλαυσιν
328 2165 482 2196 καταστὰς,
512 2163 617 2199 χείροσι
641 2163 832 2199 καταλισοήσῃ

40 2211 260 2246 παραπτώματι,
274 2211 322 2238 καὶ
339 2211 476 2247 δεύτερον,
497 2211 540 2237 ἴνα
556 2210 667 2244 τοῖςτῆς
683 2210 832 2246 ὑπερορίας

875 278 934 306 brio
947 278 1054 307 allicere
1064 280 1139 314 quod
1165 280 1280 315 superba
1297 281 1461 316 imaginatus
1485 286 1558 310 esset
1583 287 1612 310 et
1629 290 1663 310 ea

873 331 935 358 quae
964 323 1122 352 Conditoris
1154 325 1341 353 benevolentia
1366 326 1493 354 manibus
1511 327 1658 360 retinebat,

873 370 990 405 propriae
1013 370 1201 406 imprudentia:
1218 379 1300 399 causa
1317 372 1494 407 perdidisset;
1522 374 1567 400 alii
1585 382 1660 405 vero.

873 416 980 444 aﬂinem
1005 418 1138 445 rationem
1167 417 1322 452 aﬂarentes,
1349 418 1466 446 alterum
1492 419 1558 454 quid
1573 420 1663 447 dicere

873 463 996 491 student.
1026 463 1136 491 Irrideri
1166 464 1251 496 enim,
1286 464 1426 500 inquiunt.
1449 469 1476 492 et
1511 466 1662 500 praesertim

873 510 963 538 verbis
988 510 1086 538 Adami
1112 510 1294 538 infortunium
1310 511 1453 538 confundi.
1487 511 1521 547 Et
1538 512 1585 539 alii
1599 519 1664 539 cen-

873 561 990 584 suerunt
1018 556 1125 584 irrideri
1146 557 1281 584 actionem
1307 564 1360 591 qua
1380 557 1463 584 altius
1491 558 1602 592 propria
1616 565 1665 584 na-

873 608 934 630 tura
960 602 1018 630 suis
1046 602 1259 638 cogitationibus
1277 603 1360 630 homo
1383 604 1545 636 ascendens,
1575 612 1608 632 ex
1630 611 1664 632 eo

873 649 954 675 etiam
967 648 1062 675 ordine
1078 649 1103 675 in
1126 656 1181 683 quo
1191 656 1253 676 eum
1270 650 1374 684 erigere
1385 650 1513 684 dignatus
1522 654 1582 677 erat
1593 650 1666 678 Con-

873 695 955 726 ditor,
980 694 1102 729 dejcctus
1123 701 1175 722 est.
1209 696 1335 723 Proxima
1362 703 1393 722 ea
1408 701 1434 723 et
1458 697 1493 724 ab
1507 697 1603 724 eodem
1618 696 1663 723 in—

873 744 953 774 cepto
979 740 1032 767 iter
1045 741 1231 774 suscipientia,
1261 741 1311 768 etsi
1338 740 1527 769 diderentihus
1552 741 1665 769 videan-

874 791 918 813 tur
932 786 1030 814 deinde
1054 787 1262 822 propaginibus.
1296 786 1353 822 Ego
1380 795 1445 815 vero
1461 794 1516 815 non
1531 788 1666 822 sapientis

873 841 934 860 esse
951 832 1089 860 crederem
1116 840 1147 859 ea
1161 833 1286 868 rejicere,
1302 833 1405 860 rectius
1426 838 1516 860 autem
1545 833 1663 860 dicerem

874 879 948 907 aliud
967 879 1088 907 indicare
1110 886 1219 906 sacrum
1238 879 1314 909 illum
1335 879 1436 906 locum.
1467 878 1539 911 Quid
1559 878 1665 913 igitur?

877 924 1026 958 Postquam
1039 924 1136 955 Adam.
1149 924 1239 959 potius
1259 932 1342 958 quam
1359 924 1409 959 legi
1430 924 1563 956 obediret,
1583 924 1665 959 legis-

874 970 968 999 latoris
992 970 1151 1006 dignitatern
1174 970 1309 1005 abripuit;
1338 971 1428 1005 potius
1442 977 1525 1004 quam
1547 977 1613 997 cura
1637 975 1666 997 et

874 1017 1044 1044 institutione
1055 1016 1148 1044 divina
1165 1016 1312 1048 frueretur,
1345 1016 1461 1051 propriae
1481 1016 1615 1043 voluntati
1637 1019 1666 1043 et

874 1063 936 1090 vine
951 1062 1103 1097 prudentiae
1124 1067 1201 1089 actus
1224 1062 1355 1094 credidit;
1379 1066 1406 1089 et
1429 1063 1484 1089 vim
1499 1061 1667 1089 existimavit

873 1109 1012 1136 sehabere
1032 1108 1137 1143 absque
1164 1115 1215 1142 ope
1240 1108 1334 1136 divino
1359 1111 1387 1135 et
1412 1107 1517 1142 majore
1543 1108 1664 1142 impulsu

874 1154 976 1181 bonum
991 1161 1008 1181 a
1029 1154 1101 1182 malo
1134 1154 1305 1182 discernendi
1331 1153 1403 1189 (nisi
1423 1153 1495 1180 enim
1510 1153 1569 1180 haec
1592 1154 1665 1188 apud

874 1208 904 1228 se
922 1199 1067 1227 statuisset
1092 1205 1118 1227 et
1140 1200 1298 1231 stabilisset,
1331 1207 1386 1227 non
1413 1206 1480 1227 sane
1507 1199 1665 1234 opinionem

875 1245 1047 1280 concepisset
1081 1253 1111 1273 se
1130 1246 1164 1272 ad
1193 1245 1365 1280 majestatem
1399 1245 1494 1280 prima:
1523 1245 1666 1280 dignitatis

874 1291 1012 1326 erigcndi,
1052 1291 1095 1317 cui
1119 1290 1262 1326 judicandi
1299 1295 1327 1318 et
1358 1291 1535 1319 discernendi
1561 1291 1664 1318 bonum

874 1344 890 1363 a
918 1336 990 1364 malo
1016 1336 1087 1364 inest
1121 1337 1256 1364 naturalis
1278 1342 1305 1364 et
1327 1337 1618 1372 incomprehensibilis
1630 1336 1665 1364 ab

874 1387 976 1410 aeterno
993 1383 1141 1418 sapientia;
1165 1390 1254 1417 neque
1273 1390 1357 1410 ausus
1373 1387 1445 1412 esset
1461 1382 1600 1417 propriam
1617 1390 1664 1410 sa-

874 1428 1003 1463 pientiam
1026 1428 1168 1463 sapientia:
1184 1427 1248 1455 huic
1259 1432 1436 1462 anteponere,
1462 1434 1524 1462 qua:
1537 1427 1667 1454 erunibus

875 1475 1037 1501 dominatur
1048 1479 1075 1501 et
1089 1481 1185 1501 omnes
1200 1473 1321 1501 scientia:
1340 1478 1367 1501 et
1377 1473 1551 1501 discretionis
1566 1473 1668 1508 gratias

875 1520 1001 1553 etl'undit,
1026 1525 1115 1555 neque
1135 1520 1256 1547 divinum
1272 1519 1429 1547 mandatum
1449 1519 1528 1546 nihili
1543 1518 1647 1546 faciens
1659 1539 1667 1552 ,

877 1572 1003 1594 cunctam
1017 1566 1114 1601 agendi
1130 1566 1263 1593 rationem
1278 1566 1395 1600 propria:
1406 1565 1537 1595 voluntati
1550 1563 1668 1592 commi-

878 1613 985 1648 sisset);
997 1618 1141 1647 postquam
1156 1612 1250 1646 igitur,
1266 1611 1355 1646 inquit
1370 1611 1453 1643 Deus,
1481 1611 1615 1646 operibus
1639 1618 1670 1638 se

878 1667 956 1686 reum
977 1659 1130 1691 constituit,
1158 1659 1211 1686 sibi
1236 1658 1288 1693 ipsi
1311 1658 1408 1689 lidens,
1426 1659 1455 1685 in
1478 1658 1551 1689 vitae,
1578 1657 1670 1692 provi-

879 1706 979 1738 dentia,
1004 1710 1032 1732 et
1048 1705 1135 1732 noluit
1156 1706 1226 1733 meis
1242 1705 1353 1732 obedire
1373 1704 1520 1736 mandatis,
1546 1708 1574 1731 et
1603 1703 1669 1730 dato

880 1752 932 1778 sibi
960 1751 1046 1779 libero
1058 1751 1185 1783 arbitrio,
1204 1751 1238 1778 ad
1255 1751 1385 1786 injuri-am
1405 1751 1480 1778 illius
1493 1751 1542 1785 qui
1562 1750 1629 1777 illud
1643 1749 1671 1777 ei

880 1797 963 1827 dedit.
981 1798 1084 1824 abusus
1096 1801 1148 1829 est,
1157 1801 1185 1824 et
1197 1797 1347 1825 crediditse
1361 1796 1449 1831 ipsum
1463 1803 1524 1824 esse
1538 1800 1570 1823 ut
1584 1800 1669 1822 unum

880 1851 913 1870 ex
924 1843 1014 1875 nobis,
1023 1843 1204 1878 legislatorcm
1215 1848 1242 1870 et
1255 1851 1309 1870 non
1321 1843 1386 1878 legis
1398 1842 1562 1876 subjectum,
1579 1841 1671 1876 provi-

881 1889 989 1916 dentem
1025 1893 1053 1915 et
1078 1896 1132 1916 non
1169 1889 1339 1924 providentia
1361 1894 1497 1923 egentem,
1526 1888 1671 1915 dominum

880 1939 908 1961 et
935 1943 990 1961 non
1005 1934 1056 1961 sub
1072 1935 1194 1962 dominio
1205 1935 1396 1966 constitutum,
1426 1934 1524 1962 melius
1546 1938 1589 1961 est
1605 1941 1670 1961 eum

882 1981 1038 2016 aparadiso
1064 1982 1181 2016 expelli,
1206 1986 1315 2016 propter
1336 1981 1392 2008 duo
1417 1980 1475 2008 hate
1501 1980 1670 2015 praesertim:

882 2028 969 2062 primo
985 2028 1095 2063 quidem
1111 2036 1155 2060 ne,
1174 2028 1201 2055 in
1213 2027 1322 2055 funesta
1339 2032 1367 2055 et
1381 2027 1495 2054 indocili
1510 2026 1672 2063 deliciarum

882 2074 1010 2103 t‘ruitione
1040 2080 1127 2107 stans,
1151 2074 1320 2109 gravioribus
1343 2073 1462 2101 offendat
1493 2072 1629 2105 casibus;
1646 2076 1674 2099 et

882 2122 1013 2154 secundo,
1043 2126 1072 2148 ut
1099 2121 1195 2148 exsilio
1221 2120 1344 2151 amictus,
1368 2128 1402 2146 ex
1419 2119 1488 2154 ipsis
1503 2119 1632 2154 operibus
1644 2121 1673 2144 et

882 2167 1009 2194 dolorum
1038 2167 1225 2202 experimento
1253 2167 1342 2194 discat
1370 2170 1397 2192 et
1418 2165 1535 2200 proprim
1562 2163 1676 2191 virtutis

884 2220 1061 2244 mensuram,
1095 2217 1121 2240 et
1146 2217 1278 2247 quantum
1307 2211 1358 2246 ipsi
1385 2210 1523 2238 commodi
1550 2209 1674 2238 conferat

40 2257 459 2292 γῶποιςένταλαιπωρούμενος,
475 2256 521 2283 ἀπ’
532 2255 621 2282 αὐτῶν
633 2255 732 2290 πείρας
749 2255 831 2290 μάθοι

925 2262 991 2285 straa
1012 2259 1190 2293 providentiae
1212 2257 1315 2292 proprii
1339 2256 1455 2285 instituti
1483 2260 1511 2283 et
1524 2254 1674 2282 voluntatis

40 2303 86 2337 τῆς
99 2313 131 2330 τε
156 2304 264 2334 οἰκείας
279 2302 311 2329 τὸ
326 2303 425 2338 μέτρον
449 2302 603 2337 δυνάμεως,
628 2301 676 2328 καὶ
701 2301 738 2332 ὡς
765 2301 831 2328 πολῦ

41 2350 111 2385 αὺτῷ
129 2349 358 2385 λυσιτελέστερον
378 2347 422 2384 ἦν,
452 2349 502 2383 τῆς
528 2348 608 2383 ἡμῶν
635 2348 765 2384 προνοίας
785 2348 829 2380 ἐξ·

883 2308 973 2331 motus
990 2303 1130 2339 adaptarc,
1142 2308 1169 2330 et
1182 2310 1263 2338 quam
1279 2309 1294 2329 a
1304 2309 1334 2330 se
1345 2302 1404 2337 ipso
1419 2302 1519 2329 bonum
1531 2305 1559 2327 et
1571 2299 1674 2326 malum

882 2349 1040 2377 discernere
1050 2350 1138 2384 impar
1155 2349 1200 2376 sit.

42 2398 136 2423 ἅπτειν
150 2396 186 2422 τὰ
197 2396 247 2430 τῆς
264 2395 382 2427 διανοίας
401 2396 448 2421 καὶ
462 2395 513 2430 τῆς
527 2395 664 2427 πολιτείας
680 2396 829 2429 κινήματα,
850 2396 913 2423 ὅσον
924 2405 954 2422 τε
969 2396 1138 2432 καθέστηκεν
1168 2396 1259 2431 ἐνδεὴς
1278 2396 1326 2422 τοῦ
1341 2395 1485 2430 γινώσκειν
1516 2393 1563 2427 ἀφ’
1576 2390 1674 2419 ἑαυτοῦ

42 2450 68 2469 τε
78 2445 108 2470 τὸ
120 2443 207 2471 καλὸν
222 2444 268 2470 καὶ
278 2443 308 2469 τὺ
323 2445 450 2478 πονηρόν.

76 2491 189 2526 Ταύτης
203 2490 233 2517 δὲ
245 2489 295 2525 τῆς
308 2489 428 2521 διανοίας
441 2489 519 2524 οἶμαι
532 2489 579 2516 καὶ
588 2489 735 2524 Σύμμαχον
752 2490 835 2523 ἐγγὺς

46 2539 175 2572 γεγονότα
203 2537 253 2573 τὴν
286 2537 418 2572 περιοχὴν
453 2537 499 2563 τοῦ
530 2536 612 2572 ῥητοῦ
640 2535 834 2562 ἑκδεδωκέναι·

49 2585 129 2611 «Ἰδοὺ
150 2583 241 2619 Ἀδὰμ
253 2583 410 2618 γέγονενὼς
425 2580 466 2614 εἷς
481 2583 510 2616 ἐξ
525 2582 671 2618 ἡμῶν,τοῦ
690 2581 836 2616 γινώσκειν

46 2630 201 2663 dissoni
225 2629 308 2656 καλὸν
329 2629 378 2656 καὶ
398 2630 525 2665 πονηρόν.
545 2638 553 2654 ι
578 2629 611 2655 Δί
628 2628 656 2654 δὲ
682 2627 837 2663 ἔμπροσθεν

47 2677 189 2712 εἰρημέναι
202 2675 250 2702 τοῦ
263 2675 347 2711 ῥητοῦ
358 2666 648 2711 διηγήσειςὲδίδασκον
663 2673 696 2700 ἂν
707 2674 781 2709 ἡμᾶς
800 2673 837 2709 μὴ

48 2723 113 2758 πρὶς
124 2722 223 2757 ἕτερον
234 2730 262 2748 τι
278 2722 390 2758 βλέπειν
406 2722 431 2748 εί
440 2729 472 2755 γε
492 2720 607 2756 σύνηθες
621 2720 688 2755 ἡμῖν
700 2719 763 2753 ἐνῆν
775 2720 841 2756 ὁρᾷν

48 2770 101 2801 τοῖς
117 2770 203 2804 ἱεροῖς
215 2768 295 2804 ἡμῶν
323 2767 424 2802 λογίοις
439 2768 469 2795 ἐν
498 2766 537 2802 τῷ
560 2764 716 2801 διασύροντί
734 2773 763 2792 τε
792 2765 841 2791 καὶ

48 2815 181 2850 ιὶρωνικῴ
191 2814 241 2842 καὶ
255 2814 416 2848 διαγελῶντι
435 2814 528 2849 τρόπῳ
540 2813 572 2840 τὰ
593 2811 769 2846 ἀντικείμενα
785 2813 838 2841 τοῖς

86 2907 109 2922 ’³
123 2906 190 2934 Gcn.
209 2914 251 2939 ιιι,
268 2904 313 2932 2‘2.

925 2489 994 2517 Huic
1006 2490 1099 2517 sensui
1108 2490 1221 2524 propius
1231 2487 1381 2516 accessisse
1389 2486 1583 2523 Symmachum
1595 2489 1675 2520 puto.

889 2539 916 2562 et
931 2535 1012 2569 hujus
1026 2534 1090 2561 dicti
1103 2539 1292 2569 argumentum
1303 2533 1454 2568 prodidisse
1468 2541 1474 2558 :
1492 2530 1578 2559 «Ecce
1588 2530 1676 2558 Adam

891 2580 980 2607 factus
997 2585 1038 2607 est
1060 2580 1140 2615 quasi
1165 2588 1236 2608 unus
1258 2586 1290 2606 cx
1307 2579 1397 2609 nobis.
1416 2579 1505 2606 sciens
1525 2577 1628 2605 bonum
1649 2580 1678 2604 et

891 2626 992 2653 malum
1004 2627 1036 2653 ".
1053 2636 1061 2651 I
1086 2626 1152 2659 Quae
1173 2631 1264 2654 autem
1282 2625 1358 2661 prius
1373 2625 1443 2652 datu:
1465 2628 1529 2651 sunt
1545 2623 1677 2658 explana-

890 2671 987 2705 tiones,
1004 2680 1054 2699 nos
1065 2680 1117 2700 nun
1133 2672 1205 2700 aliud
1216 2679 1277 2700 esse
1291 2670 1511 2706 prospiciendum
1534 2669 1676 2700 docerent.

889 2718 1005 2745 simodo
1021 2718 1170 2746 soleremus
1194 2718 1222 2745 in
1251 2717 1352 2745 nostris
1377 2717 1463 2744 sacris
1483 2714 1602 2742 oraculis
1625 2713 1678 2741 sub

889 2764 1025 2792 irrisionis
1047 2769 1074 2792 et
1091 2764 1186 2792 ironia:
1208 2769 1236 2791 et
1250 2763 1378 2800 diasyrmi
1402 2762 1490 2790 forma
1503 2761 1626 2796 opposita
1643 2760 1678 2787 iis

890 2818 949 2844 qua:
978 2810 1179 2845 prmteuduntur
1211 2809 1362 2845 signiﬁcata
1393 2813 1420 2835 (ιι
1443 2807 1556 2842 ﬁgurata
1574 2805 1676 2835 videre.
