1882 3075
224 190 279 222 171

798 194 911 224 ΡΙΙΟΤΙ
915 195 928 224 Ι
946 194 1197 226 ΡΛΤΒΙΑΒΕΗίΕ
1214 196 1268 227 CP.

1795 195 1846 228 1'12

226 245 284 270 et..
295 262 302 269 .
315 262 322 268 .
338 249 386 277 per
399 243 502 272 litteras
519 245 598 273 valet.
626 245 697 274 Nihil
717 247 789 274 enim
819 249 931 284 impedit
948 257 1007 277 om-

1099 253 1278 288 οτεινομὲνοις
1293 251 1522 287 παραδηλούμενά
1544 259 1572 277 τε
1595 250 1642 277 καὶ
1655 250 1844 284 αἰνιγματιζό-

227 288 290 314 nino
306 288 373 323 quin
400 297 449 324 pro
476 292 611 325 paucitate
641 298 667 320 et
692 293 836 321 insolentia
864 295 1007 323 verborum

225 334 310 360 errari
328 335 421 368 possit.
453 335 506 363 Sed
519 337 654 372 quomodo
672 346 725 366 non
741 339 857 367 solveret
874 341 1008 369 irrisiorﬁs

225 383 252 406 ct
263 380 355 408 ironia;
365 386 391 408 ct
400 382 582 410 cavillationis
595 384 649 410 vim
665 385 698 412 ad
718 386 851 419 parabolae
865 391 891 414 et
910 387 1008 414 simili-

226 427 327 454 tudinis
344 428 453 455 modum
468 428 538 456 facta
553 430 658 457 dictio?
685 431 784 459 Contra
811 433 883 460 enim
904 433 928 460 si
944 441 1009 461 con-

226 472 394 506 sequentiam
412 472 529 500 habeant
540 482 600 508 qua
612 475 684 503 dicta
701 481 776 509 sunt,
805 485 885 505 omne
898 485 1009 506 necesse

226 521 284 544 erat
297 518 408 545 verbum
424 519 574 553 observari,
597 521 669 556 quod
695 522 854 557 injuriarum
878 525 1008 551 severita-

227 568 279 590 tem
293 568 319 590 ct
331 565 503 592 acerbitatem
520 567 638 594 mulcere
650 571 751 602 posset.
778 569 816 596 Ea
830 574 920 596 autem
934 578 986 597 vox
999 579 1007 597 :

225 613 253 633 ut
270 616 338 635 unus
355 617 388 636 ea:
400 610 473 637 nobis
489 612 540 638 vim
556 612 650 640 ironia:
660 614 819 648 proscindit,
834 621 859 642 et
872 616 1008 650 opprobrii

227 653 327 680 mulcet
339 655 526 682 acerbitatem.
542 655 601 684 Non
617 657 687 686 idem
707 661 749 686 est
762 659 851 687 dicere
871 660 897 686 in
914 660 1009 695 objur-

198 706 200 709 ‘
225 699 372 734 gationem,
387 702 501 729 multum
519 710 585 730 sane
599 703 697 731 abest:
716 714 725 731 ‹
739 704 808 733 Ecce
820 706 906 733 Adam
922 706 1010 734 lactus

191 747 201 770 τ
226 749 268 772 νει
279 753 350 774 unus
366 754 399 774 ex
415 748 511 781 nobis;
525 758 534 774 ι
552 754 588 781 et,
604 759 613 775 ι
625 754 752 785 tanquam
771 759 841 779 unus
857 759 890 779 ex
903 753 1007 780 nobis.»

229 789 316 817 Unum
346 791 456 826 quidem
478 793 627 827 simplicem
653 798 679 821 et
704 794 820 822 vividam
843 799 870 822 et
885 795 1010 823 lethalem

229 835 331 863 inducit
349 836 524 870 irrisione");
551 838 665 866 alterum
688 848 752 867 vero
783 849 830 875 per
851 841 1010 876 parabolam

226 887 252 908 et
268 882 472 910 similitudinem
487 888 618 919 temperat
630 889 657 912 et
671 885 808 914 imminuit
821 887 1011 922 exprobratio-

227 936 287 956 nem
301 933 327 956 et
338 930 471 958 rationem
488 932 634 964 quamdam
649 932 775 967 subjiciet
793 920 905 961 irridere
928 934 1010 962 simul
1025 920 1047 948 Β

225 978 251 1000 et
264 974 417 1002 irrisionern
431 976 582 1010 auferendi,
612 985 675 1005 cum
689 978 811 1006 abinitio
826 979 919 1007 liceret
935 980 1010 1007 nullo

226 1021 307 1047 modo
322 1021 458 1049 irrisionis
473 1022 588 1050 formam
604 1023 708 1051 subire.

259 1108 298 1135 Ad
314 1108 374 1136 haec
395 1113 423 1136 et
436 1109 503 1136 illud
529 1110 727 1138 animadverte.
754 1110 782 1138 Si
809 1110 958 1143 irridentis.
986 1111 1010 1139 si

227 1153 378 1181 irrisionem
396 1155 573 1189 exprimentis
589 1161 662 1183 esset
679 1164 768 1184 sermo
782 1156 875 1184 dicens
889 1165 896 1184 :
921 1166 930 1182 ι
942 1156 1011 1184 Ecce

224 1201 309 1227 Adam
321 1199 409 1228 factus
426 1206 468 1228 est
484 1202 564 1236 quasi
588 1209 660 1229 unus
675 1209 708 1229 ex
721 1201 817 1235 nobis;
829 1211 839 1228 ι
865 1210 946 1236 quam
962 1202 1011 1229 ha-

224 1247 288 1273 beat
302 1253 365 1273 cum
382 1253 415 1273 eo
429 1247 628 1275 connexionem
644 1253 673 1275 et
693 1248 916 1283 consequentiam
937 1248 1010 1282 quod

225 1289 360 1325 sequitur,
374 1298 428 1317 non
442 1295 531 1325 potest
547 1291 722 1326 deprehendi.
748 1291 865 1319 Perinde
885 1295 927 1318 est
943 1298 975 1318 ac
988 1291 1010 1318 si

224 1336 326 1364 diceret
345 1344 353 1362 :
369 1336 515 1372 Postquam
530 1337 651 1364 Adamus
666 1345 681 1364 a
697 1345 747 1372 spe
757 1337 867 1369 decidit,
884 1345 936 1372 qua
951 1345 1011 1365 ere-

223 1386 288 1410 ctus
304 1382 448 1417 supercilia
464 1383 611 1416 attollebat,
635 1383 669 1410 ab
698 1383 803 1418 incepto
833 1383 1011 1410 irrationabili

225 1427 267 1454 vel
281 1427 383 1455 invitus
397 1429 536 1461 subsedit;
550 1433 693 1464 postquam
706 1429 840 1463 superbia:
859 1428 1012 1456 humiliatio

225 1472 374 1505 successit;
392 1477 535 1507 postquam
552 1473 681 1500 nuditatis
700 1473 786 1507 pudor
806 1480 869 1500 eum
893 1473 1012 1500 circum-

225 1519 319 1552 venit;
335 1519 431 1546 deinde
442 1519 513 1553 quod
535 1519 657 1554 sequitur
677 1527 685 1546 :
709 1518 1012 1553 quapropter-decebat

225 1572 288 1592 eum
303 1564 365 1600 ejici
384 1572 399 1591 a
417 1565 555 1600 paradiso,
586 1572 620 1592 ne
641 1565 713 1600 quod
726 1565 848 1592 audaciae
862 1565 900 1592 illi
916 1572 1011 1600 super-

225 1615 285 1639 erat
313 1616 340 1639 et
360 1611 507 1640 voluntatis
537 1611 664 1645 superbia
693 1611 866 1638 audaciorem
900 1618 1010 1638 manum

227 1657 364 1685 reddentia
377 1657 411 1684 ad
422 1657 545 1692 rapinam
563 1657 732 1691 impellerent
741 1664 847 1689 eorum,
859 1664 920 1692 qua:
933 1657 1010 1692 prius

226 1710 261 1730 ne
275 1703 408 1737 attingere
421 1702 532 1738 quidem
551 1706 667 1730 conatus
687 1706 753 1730 erat.
783 1701 854 1730 Num
878 1703 934 1731 htec
958 1703 1010 1731 ali-

226 1755 307 1782 quem
321 1748 522 1782 consequentiae
545 1747 677 1774 rationem
705 1747 816 1779 habent,
838 1753 886 1775 aut
900 1756 1010 1776 sensum

226 1793 261 1820 ab
283 1793 357 1820 omni
386 1792 598 1820 contradictione
633 1799 732 1826 purum
761 1793 891 1819 servant?
933 1792 1011 1825 Quod

1024 1591 1047 1622 C

227 1845 317 1867 autem
332 1843 424 1874 postea
437 1839 525 1866 adhuc
537 1838 673 1873 sequitur,
688 1838 753 1865 nihil
764 1839 881 1873 amplius
893 1839 1012 1867 ostendit

227 1891 309 1918 quam
323 1884 396 1919 quod
411 1883 514 1911 dictum
528 1887 579 1910 est.
598 1882 669 1910 Dicit
679 1883 751 1910 enim
776 1891 782 1910 :
812 1892 821 1908 ‹
835 1883 868 1910 Et
890 1891 963 1910 nunc
978 1891 1012 1911 ne

227 1930 299 1958 forte
311 1929 440 1957 extendat
456 1937 567 1956 manum
585 1933 612 1956 et
627 1929 812 1964 apprehendat
838 1929 957 1956 fructum
978 1930 1012 1957 de

227 1977 301 2011 ligno
323 1975 384 2003 vita
403 1978 430 2001 ct
460 1975 585 2002 comedat
611 1979 637 2002 et
659 1975 730 2002 vivat
756 1976 784 2002 in
803 1979 935 2003 aeternum
949 1975 985 2004 ὀ,
999 1985 1008 2002 ι

184 2049 190 2052 _
226 2021 368 2055 Quomodo
376 2028 429 2047 non
439 2024 520 2054 patet,
532 2021 594 2048 sieo
600 2022 671 2055 quod
684 2021 717 2048 de
725 2029 774 2049 sua
781 2029 829 2056 spe
837 2025 863 2049 et
870 2026 1011 2056 exspecta-

227 2069 301 2095 tione
313 2067 453 2100 dccidcril,
481 2067 620 2100 irridetur,
648 2072 676 2094 ut
699 2067 742 2095 his
756 2073 895 2095 ostensum
917 2072 968 2100 est,
985 2071 1012 2095 et

226 2120 335 2140 omnem
350 2120 427 2140 suam
454 2113 508 2140 vim
535 2113 690 2140 inﬁrmitate
715 2113 868 2145 mutaverit.
904 2119 931 2141 et
956 2121 1012 2141 sua:

227 2159 331 2186 ﬁduciae
345 2163 455 2193 propter
475 2158 635 2193 jactantiam
663 2159 777 2187 subierit
790 2160 938 2194 jacturam,
961 2167 1011 2187 nec

227 2205 344 2240 propriis
359 2205 462 2233 viribus
479 2206 597 2240 potuerit
610 2206 723 2240 protegi,
737 2209 764 2232 et
777 2213 839 2232 cum
852 2205 896 2233 his
910 2206 1011 2240 quibus

225 2255 305 2278 antea
320 2251 423 2286 protegi
440 2251 572 2283 decuerit,
597 2254 725 2285 tanquam
749 2251 897 2278 voluntatis
911 2259 1009 2286 pecca-
1025 2263 1048 2290 ι)

226 2302 283 2324 Iunt
303 2301 332 2324 et
344 2297 443 2324 vulnus
466 2297 564 2324 mentis
590 2297 764 2332 generositati
788 2297 916 2325 alllictum
935 2298 1011 2325 suill-

226 2346 329 2374 errent,
342 2342 419 2369 illum
435 2343 582 2371 asecunda
604 2343 718 2371 audacia
745 2343 893 2370 recedere?
923 2343 1010 2370 Mani-

227 2390 326 2416 teslum
340 2393 383 2417 est
397 2389 480 2416 etiam
496 2393 617 2417 nostram
634 2389 662 2416 in
681 2388 742 2424 ejus
770 2389 876 2424 lapsum
903 2389 1010 2416 irrisio-

225 2442 287 2461 nem
327 2440 354 2462 et
391 2434 554 2466 iuvenilium
590 2434 786 2469 cogitationum
823 2433 1007 2461 inllrmitatcm

224 2480 365 2507 evidenter
380 2479 569 2514 proscribere?
583 2479 730 2507 Prohibere
744 2479 815 2506 enim
832 2487 867 2506 ne
887 2479 953 2514 quid
975 2480 1009 2507 de

229 2524 305 2559 ligno
317 2525 378 2552 vitae
389 2524 574 2559 apprehendat
583 2543 590 2551 .
601 2544 608 2551 .
620 2543 628 2550 .
640 2544 647 2551 .
663 2531 725 2551 eum
740 2528 768 2551 et
779 2529 840 2559 post
855 2529 1006 2560 transgres-

225 2570 331 2598 sionem
349 2570 416 2597 satis
433 2570 529 2597 virium
544 2570 669 2597 habuisse
689 2574 719 2597 ut
732 2570 832 2597 laceret
845 2570 914 2604 quod
927 2574 1007 2598 antea

225 2615 362 2650 nequibat,
387 2621 511 2643 testatur.
537 2614 622 2643 Nemo
636 2615 708 2642 cnim
733 2615 824 2650 aliqua
838 2623 867 2643 re
887 2616 1006 2651 aliquem

224 2662 360 2689 interdicit
370 2670 423 2697 qua
437 2663 494 2697 jam
510 2667 607 2690 natura
621 2662 810 2690 exclususest.

261 2781 366 2808 Dictum
400 2786 443 2808 cst
473 2784 562 2809 tamen
590 2789 605 2808 a
641 2781 803 2816 quibusdam
842 2780 1008 2807 doctissimis

226 2827 291 2854 illud
317 2836 325 2853 ;
356 2836 366 2851 ι
380 2826 449 2854 Ecce
466 2827 551 2854 Adam
568 2827 655 2855 factus
672 2832 713 2856 est
739 2830 866 2866 tanquam
882 2833 953 2854 unus
973 2833 1006 2854 ex

264 2894 363 2924 "Gen.
381 2903 453 2928 xm,
473 2895 514 2922 2i.

1060 307 1129 333 μενα
1144 298 1191 324 καὶ
1204 317 1211 325 .
1225 317 1232 324 .
1244 318 1250 324 .
1264 319 1271 325 .
1284 307 1313 324 ον
1333 298 1375 324 διὰ
1388 298 1549 332 γράμματος
1575 296 1671 330 ἰσχύει.
1692 295 1775 322 οὐδὲν
1791 296 1846 329 γὰρ

1059 348 1089 373 ὲν
1106 346 1202 372 πλάτει
1213 346 1311 373 κωλύει
1323 346 1408 380 λόγων
1419 346 1626 380 παρεμπίπτειν
1643 344 1716 371 κατὰ
1728 344 1759 369 τὸ
1774 343 1846 369 σπά-

1059 401 1115 420 νιον
1131 393 1217 419 καὶτὸ
1230 392 1323 428 ἄηθες.
1340 393 1419 419 Ἀλλὰ
1444 392 1504 424 πῶς
1519 392 1568 418 οὐκ
1589 391 1713 417 ἑκλύσειε
1727 389 1774 416 τοῦ
1787 390 1846 416 δια-

1060 437 1152 473 σύρειν
1167 437 1214 464 ita!
1228 436 1420 472 είρωνεύεσῦαι
1437 437 1485 463 καὶ
1499 436 1629 471 ὲπιγελᾷν
1661 435 1707 461 τὸν
1728 435 1806 461 τόνον
1830 435 1846 468 ὴ

1059 484 1129 511 κατὰ
1155 483 1311 519 παραϐολὴν
1331 483 1499 517 γεγενημένη
1528 482 1575 508 καὶ
1601 481 1730 516 ὁμοίωσιν
1753 480 1846 513 λέξις;

1058 531 1219 557 Τοὺναντίον
1231 529 1371 565 γὰρεῖπερ
1381 526 1453 563 εἶχεν
1468 527 1630 555 ἀκολουθίαν
1645 526 1678 553 τὰ.
1700 526 1847 561 εἰρημένα,

1059 577 1132 604 ἅπαν
1148 577 1200 603 ἔδει
1218 575 1476 612 παραφυλάττεσθαι
1500 575 1577 610 ῥῆμα
1597 574 1628 601 τὺ
1642 573 1781 607 ἀπότομον
1802 571 1849 598 καὶ

1059 623 1156 658 πικρὸν
1171 623 1336 657 διαπραῦνον
1350 623 1405 648 τῶν
1420 621 1580 656 ὀνειδισμῶν
1593 628 1600 635 ·
1615 621 1632 655 ἡ
1644 620 1684 651 δὲ,
1701 620 1741 652 ὡς
1751 617 1798 651 εἷς
1814 618 1848 650 ἐξ

1059 669 1153 704 ἡμῶν,
1164 669 1195 695 τὸ
1208 669 1289 704 δριμὺ
1303 669 1351 703 τῆς
1363 669 1504 704 εἰρωνείας
1527 666 1707 700 ὑποτέμνεται
1724 665 1772 692 καὶ
1798 664 1849 699 τὴν

1059 714 1215 749 τραχύτητα
1226 713 1398 741 καταλεαίνει
1412 712 1459 739 τοῦ
1475 710 1713 747 προπηλακισμοῦ.
1740 711 1778 737 Οὐ
1793 710 1849 744 γὰρ

1059 759 1118 788 ἶσον
1138 761 1226 787 είπεῖν
1246 760 1287 791 εἰς
1301 759 1455 794 ἐπίπληξιν.
1471 758 1532 784 οὐδὲ
1562 757 1659 783 πολλοῦ
1678 757 1728 786 δεῖ,
1752 766 1762 782 ι
1782 757 1850 782 Ὶδοϋ

1060 806 1172 841 γέγονεν
1199 805 1283 839 Ἀδὰμ
1310 802 1350 836 εἷς
1373 805 1402 836 ἐξ
1429 804 1517 839 ἡμῶν.
1534 813 1543 829 i
1574 804 1639 836 καὶ,
1662 811 1671 828 ι
1689 802 1726 832 ὠς
1749 800 1790 833 εἷς
1820 802 1850 835 ἐξ

1060 852 1138 888 ἡμῶν
1148 860 1155 867 ·
1169 861 1178 877 ι
1192 851 1222 878 τὸ
1237 851 1285 886 μὲν
1297 850 1416 886 ἄκρατον
1430 851 1477 876 καὶ
1485 849 1599 885 σφοδρὸν
1612 848 1709 882 ἐπάγει
1724 848 1770 874 καὶ
1785 847 1850 873 καί-

1062 905 1119 931 ριον
1130 896 1176 923 τὸν
1189 896 1342 931 χλευασμόν
1356 899 1363 910 ί
1392 894 1422 921 τὸ
1447 893 1476 920 δὲ
1499 892 1543 920 διὰ
1556 893 1607 927 τῆς
1622 891 1784 926 παραϐολῆς
1802 890 1852 916 καὶ

1060 942 1216 978 ὁμοιώσεως
1237 940 1414 976 κεκραμένην
1442 948 1501 970 πως
1513 938 1561 965 καὶ
1575 937 1774 973 μετριάζουσιν
1799 936 1851 970 τὴν

1059 988 1220 1023 ἐπιτίμησιν
1244 988 1325 1018 ποιεῖ,
1354 985 1402 1012 καί
1413 994 1473 1012 τινα
1500 984 1578 1019 λόγον
1596 983 1689 1018 ὑφέξει
1704 982 1851 1017 χλευάζειν

1058 1044 1088 1062 τε
1107 1035 1165 1070 ἅμα
1179 1033 1228 1061 καὶ
1247 1033 1295 1068 τὴν
1307 1032 1407 1067 χλεύην
1416 1031 1600 1067 ὑφαιρεῖσθαι,
1621 1029 1680 1061 ὲξὺν
1691 1029 1738 1055 ἀπ’
1758 1028 1851 1063 ἀρχῖζς

1058 1082 1105 1109 τὸν
1119 1081 1220 1116 τρόπον
1237 1079 1358 1115 μηδόλως
1374 1077 1500 1104 ὑπελθεῖν
1513 1077 1562 1112 τῆς
1575 1075 1685 1111 χλεύης.

1102 1128 1162 1154 Ἐπί
1171 1127 1199 1153 δὲ
1213 1126 1318 1156 τούτοις
1327 1125 1437 1151 κάκεῖνο
1446 1122 1615 1156 συλλογίζου·
1627 1122 1651 1147 εἰ
1663 1120 1851 1155 διασύροντος,

1059 1176 1084 1202 εἰ
1095 1173 1283 1209 διαγελῶντος.
1297 1173 1322 1198 ei.
1337 1169 1477 1207 εἰρωνείας
1488 1168 1683 1205 προϐάλλοντος
1696 1168 1709 1193 ὁ
1720 1167 1803 1200 λόγος
1817 1163 1852 1201 ἧν

1059 1222 1074 1248 ὁ
1089 1221 1185 1255 λέγων,
1204 1219 1293 1247 (Ἰδοὺ
1318 1217 1405 1252 Ἀδὰμ
1428 1216 1538 1250 γέγονεν
1557 1214 1593 1245 ὡς
1608 1211 1647 1245 εἷς
1677 1212 1706 1244 ἐξ
1729 1211 1823 1246 ἡμῶν.
1839 1220 1849 1237 ι

1059 1268 1121 1295 τίνα
1132 1267 1199 1303 πρὸς
1208 1266 1293 1301 αὑτὴν
1306 1264 1451 1298 συνάφειαν
1462 1262 1479 1298 ἢ
1494 1259 1651 1288 ἀκολουθίαν
1664 1259 1718 1291 ἕξει
1731 1259 1763 1284 τὺ
1775 1258 1852 1284 ἐπα-

1060 1314 1185 1348 γόμενον,
1198 1313 1249 1339 οὑκ
1268 1311 1301 1338 ἂν
1312 1310 1428 1345 ἐθελήσῃ
1444 1308 1544 1343 γνῶσιν
1567 1306 1720 1340 παρασχεῖν
1730 1312 1737 1319 ·
1753 1304 1854 1338 ὅμοιον

1059 1359 1113 1394 γὰρ
1129 1358 1194 1385 ὡσεὶ
1209 1358 1312 1390 ἔλεγεν·
1337 1355 1446 1389 Ἐπειδὴ
1459 1353 1513 1381 τῶν
1536 1353 1650 1379 ἐλπίδων
1677 1349 1853 1377 καταπεσὼν

1059 1407 1074 1432 ὁ
1092 1404 1189 1439 Ἀδὰμ,
1207 1401 1252 1434 αἷς
1279 1401 1425 1437 ὀχούμενος
1449 1399 1498 1431 τὰς
1507 1399 1593 1434 ὀφρῦς
1618 1398 1734 1428 ἀνέσπα,
1757 1396 1855 1432 ὁρμῆς

1063 1452 1112 1487 μὲν
1123 1451 1169 1478 καὶ
1189 1449 1262 1476 ἄκων
1277 1449 1326 1483 τῆς
1338 1448 1435 1482 ἀλόγου
1450 1445 1591 1480 καθυφῆκε
1602 1452 1608 1459 ·
1624 1444 1654 1470 τὺ
1668 1441 1855 1478 γαυρίαμαδὲ

1061 1498 1198 1531 κατήφεια
1221 1494 1357 1527 διεδέξατο
1369 1502 1377 1509 ·
1405 1493 1452 1519 καλ⁴
1481 1493 1595 1527 αἰσχύνη
1614 1490 1666 1525 τῆς
1679 1487 1856 1524 γυμνώσεως

1061 1543 1143 1571 αὐτον
1159 1541 1372 1578 περιετείχισενυ
1387 1538 1447 1566 εἶτα
1457 1539 1487 1565 τὸ
1509 1537 1677 1572 ἐπαγόμενον
1692 1544 1699 1550 ·
1713 1534 1758 1561 διὰ
1769 1533 1857 1560 τοῦτο

1063 1589 1201 1625 προσῆκεν
1217 1587 1298 1615 αὑτὸν
1313 1585 1478 1621 ἐκϐληθῆναι
1491 1583 1538 1611 τοῦ
1556 1581 1731 1618 παραδείσου,
1747 1580 1794 1606 ἴνα
1816 1579 1857 1613 μὴ

1061 1636 1091 1663 τὸ
1108 1633 1286 1670 περιγεγονὸς
1310 1632 1384 1667 αὐτῷ
1410 1631 1509 1666 θράσος
1529 1630 1576 1656 καὶ
1592 1629 1622 1655 τὸ
1633 1628 1787 1663 ὑπέρογκον
1803 1626 1858 1652 τοῦ

1061 1681 1232 1717 φρονήματος
1247 1678 1416 1715 θρασυτέραν
1429 1677 1478 1712 τὴν
1489 1677 1567 1711 χεῖρα
1578 1674 1797 1710 ἁπεργασάμενα
1816 1673 1860 1703 εἰς

1060 1727 1110 1762 τὴν
1125 1725 1253 1761 ἁρπαγὴν
1271 1723 1383 1750 ἐκείνων
1407 1721 1552 1757 συνελάσῃ,
1577 1718 1614 1747 ὧν
1633 1719 1688 1746 οὐδ’
1711 1718 1859 1746 ἅπτεσθαι

1062 1774 1195 1810 πρότερον
1207 1771 1337 1806 οὐδεμίαν
1365 1770 1466 1805 τόλμαν
1480 1767 1666 1795 ἐπεδείκνυτο.
1690 1763 1767 1799 *Λρα
1795 1764 1861 1800 γὰρ

1061 1820 1117 1856 ἔχει
1132 1819 1193 1847 τινὰ
1217 1818 1304 1846 ταῦτα
1330 1817 1408 1851 λόγον
1434 1814 1604 1845 ἀκολουθίας,
1630 1812 1647 1847 ἥ
1671 1810 1860 1842 συνδιασώζει

1061 1865 1267 1902 καθαρεύουσαν
1288 1865 1377 1899 μάχης
1387 1863 1524 1895 διάνοιαν;
1552 1860 1607 1886 Καὶ
1625 1859 1676 1895 μὴν
1689 1858 1765 1884 οὐδὲν
1783 1859 1862 1893 μᾶλ-

1061 1911 1106 1937 λον
1122 1910 1215 1945 ἕτερον
1236 1908 1265 1934 τὸ
1288 1907 1458 1942 ἐπαγόμενον
1481 1905 1499 1939 ἦ
1521 1905 1550 1931 τὺ
1578 1903 1724 1939 εἰρημένον
1753 1902 1858 1936 δηλοῖ·

1061 1956 1136 1990 λέγει
1150 1956 1216 1989 γὰρ,
1242 1963 1251 1980 ι
1262 1954 1318 1980 Καὶ
1332 1952 1390 1984 νῦν,
1407 1952 1513 1987 μήποτε
1523 1950 1632 1986 ὲκτείνῃ
1643 1949 1692 1984 τὴν
1704 1949 1784 1983 χεῖρα
1805 1949 1861 1974 καὶ

1061 2001 1131 2037 λάϐῃ
1144 2000 1199 2027 ἀπὸ
1210 1999 1258 2026 τοῦ
1271 1999 1348 2031 ξύλου
1359 1999 1408 2032 τῆς
1420 1997 1493 2031 ζωῆς
1506 1997 1553 2022 καὶ
1562 1991 1564 1994 ’
1573 1995 1647 2030 φάγῃ
1662 1994 1710 2021 καὶ
1729 1994 1855 2029 ζήσεται

1062 2049 1101 2079 εις
1115 2047 1161 2073 τὸν
1176 2045 1271 2073 αἰῶνα,
1288 2054 1297 2070 ι
1336 2045 1398 2075 Πῶς
1418 2043 1472 2078 γὰρ
1488 2043 1538 2069 οὐκ
1558 2041 1692 2075 ἐπίδηλον,
1707 2041 1730 2066 εἰ
1752 2039 1795 2074 ἐφ’
1812 2037 1860 2072 οἷς

1061 2094 1110 2128 τῆς
1134 2091 1297 2126 προσδοκίας
1320 2090 1445 2116 διέπεσεν
1472 2088 1643 2123 ἐχλευάζετο,
1677 2087 1714 2117 ὡς
1741 2087 1859 2117 τούτοις

1061 2139 1208 2171 ἐδείκνυτο,
1239 2138 1329 2164 πᾶσαν
1349 2145 1381 2162 τε
1398 2135 1514 2170 δύναμιν
1532 2136 1571 2166 εἰς
1585 2134 1617 2160 τὸ
1633 2133 1746 2164 ἀσθενὲς
1764 2141 1859 2167 μετα.-

1061 2185 1238 2220 6ε6λημένος,
1257 2183 1304 2209 καὶ
1319 2184 1369 2218 τῆς
1384 2181 1428 2216 ἐφ’
1441 2179 1482 2212 οἷς
1498 2179 1676 2215 ὲσοὸαρεύετο
1691 2179 1860 2214 παρρησίας

1063 2230 1182 2261 ὑποστὰς
1198 2229 1354 2263 ἀφαίρεσιν,
1371 2228 1418 2253 καὶ
1432 2227 1462 2253 ού
1485 2224 1713 2261 περιτειχίξεσοαι
1741 2227 1861 2259 συνεχόο

1065 2286 1145 2313 μενον
1159 2276 1276 2307 οἴκοθεν,
1297 2274 1436 2309 προσῆκον
1450 2271 1484 2308 ἦν
1502 2270 1539 2299 ὧν
1549 2272 1736 2306 ἀπετειχίζετο
1749 2271 1860 2306 πρότε-

1064 2333 1120 2359 ρον,
1134 2324 1171 2354 ὠς
1184 2323 1267 2358 αὑτῆς
1277 2322 1326 2358 τῆς
1339 2320 1385 2347 τοῦ
1403 2321 1573 2356 βουλήματος
1584 2318 1749 2354 διαμαρτίας
1763 2318 1810 2344 καὶ
1823 2320 1860 2345 τὸ

1062 2369 1296 2407 περιθραυσθῆναι
1309 2369 1340 2395 τὺ
1353 2369 1477 2403 γενναῖον
1496 2367 1542 2394 τοῦ
1561 2366 1734 2402 φρονήματος
1748 2365 1859 2391 ἱκανῶν

1061 2417 1155 2449 όντων,
1169 2416 1197 2442 δε
1203 2416 1245 2442 υτὲ
1249 2424 1299 2451 ρας
1308 2415 1388 2441 αὑτὸν
1401 2414 1492 2448 ἀπὰγε
1497 2423 1519 2440 ιν
1529 2412 1709 2448 Θρασύτητος;
1727 2412 1858 2445 ἐμφανὲς

1060 2463 1089 2489 δὲ
1106 2463 1153 2489 καὶ
1164 2462 1201 2493 ὡς
1214 2461 1293 2496 ἡμῶν
1306 2460 1389 2496 χλεύη
1409 2460 1479 2486 κατὰ
1506 2459 1681 2486 κατάπτωσιν
1695 2457 1779 2484 αὑτοῦ
1795 2458 1858 2483 τῶν

1061 2508 1193 2536 νεανικῶν
1208 2508 1344 2542 λογισμῶν
1356 2507 1402 2534 καὶ
1417 2506 1559 2533 ἀσθένειαν
1572 2505 1858 2539 στηλιτεύειπεριφα-

1061 2555 1124 2587 νῶς.
1156 2555 1177 2580 Τ
1178 2554 1192 2581 ὸ
1205 2555 1234 2581 δὲ
1251 2554 1366 2581 κωλύειν
1375 2553 1454 2580 αὑτὸν
1467 2552 1514 2579 τοῦ
1526 2551 1606 2584 ξύλου
1619 2552 1669 2585 τῆς
1681 2551 1754 2584 ζωῆς
1767 2559 1859 2585 μετα-

1063 2603 1136 2636 σχεῖν
1165 2601 1196 2627 τὸ
1213 2602 1230 2627 ἀ
1242 2619 1249 2627 .
1271 2620 1278 2627 .
1294 2620 1301 2627 .
1319 2619 1326 2626 .
1342 2619 1350 2626 .
1362 2599 1431 2633 μετὰ
1444 2599 1494 2634 τὴν
1514 2597 1670 2632 παράϐασιν
1698 2597 1745 2623 καὶ
1754 2597 1854 2631 ανδρε-

1062 2647 1156 2679 ζεσθαι
1184 2648 1271 2673 ποιεῖν
1295 2646 1314 2672 ἃ
1343 2646 1381 2680 μὴ
1398 2645 1531 2680 πρότερον
1550 2643 1676 2678 ἠδύνατο,
1701 2645 1853 2677 μαρτυρεῖ.

1061 2693 1156 2723 οὐδεὶς
1174 2692 1228 2727 γὰρ
1237 2692 1366 2727 ἀπείργει
1378 2691 1423 2718 τὸν
1433 2690 1537 2717 οἴκοθεν
1549 2690 1760 2725 ἀπειργόμενον.
1778 2688 1854 2715 Ἀλλ’

1065 2738 1097 2763 ὲκ
1113 2736 1218 2763 πολλῶν
1231 2737 1281 2772 μὲν
1291 2737 1367 2769 ὀλίγα
1379 2736 1476 2763 ταῦτα.

1096 2783 1209 2818 Εἴρηται
1224 2782 1315 2817 μέντοι
1339 2791 1371 2815 γε
1383 2782 1438 2808 τισὶ
1451 2782 1505 2808 τῶν
1515 2782 1696 2817 χαριεστέρων
1707 2781 1745 2811 τδ,
1763 2790 1772 2806 ι
1784 2780 1853 2807 Ἰδοὺ

1066 2828 1151 2865 ’Δδὰμ
1167 2830 1279 2864 γέγονεν
1300 2829 1338 2861 ὡς
1357 2826 1397 2861 εἷς
1418 2829 1447 2862 ἐξ
1468 2828 1557 2864 ἡμῶν,
1578 2837 1587 2854 ι
1604 2827 1635 2854 οὺ
1652 2827 1721 2862 πρὸς
1731 2826 1784 2862 τὴν
1798 2827 1853 2861 τῆς
