1882 3075
55 178 104 212 173

513 183 562 213 AD
585 183 881 217 AMPHILOCHIUM
899 186 1074 223 QUIESTIO
1091 187 1197 219 XXIV.

1622 187 1673 221 174

51 234 167 268 Τριάδος
192 233 332 269 {mapath
350 234 399 270 τὴν
420 234 561 272 ἀναφορὰν
583 236 667 271 ἔχειν,
686 237 744 264 ἀλλ’
759 239 799 270 είς
811 238 841 266 τὸ

932 240 988 274 bis;
1004 250 1014 268 ι
1043 248 1098 268 non
1116 241 1149 268 ad
1166 240 1274 268 Triadis
1293 241 1480 269 excellentiam
1498 241 1604 276 referri,
1625 241 1673 270 sed

50 280 155 314 πλῆθος
167 280 272 315 ἀφορᾷν
289 280 344 307 τῶν
355 280 549 316 λειτουργικῶν
569 282 617 309 καὶ
627 283 782 319 ἀσωμάτων
797 284 843 311 δυο

52 325 174 359 νάμεων.
199 324 270 359 Ἐγὼ
287 325 316 351 δὲ
331 325 423 353 τοῦτον
440 326 486 353 τδν
507 327 586 361 λόγον
610 329 678 363 μετὰ
689 329 736 356 τοῦ
749 330 842 365 ὲνέχε-

49 370 113 397 σθαι
125 372 186 402 ταῖς
199 371 412 406 προειρημέναις
425 372 537 406 αίτίαις,
551 373 606 400 οὐδ’
615 374 671 410 ὁρῶ
682 374 741 402 ἰίνα
751 375 841 411 χῶραν

49 415 119 447 ὅλως
135 416 194 451 ἔχει
225 417 425 452 παρατεθῆναι
458 418 585 446 ἐνταῦθα.
610 419 680 446 Οὔτε
709 421 764 456 γὰρ
792 421 841 456 τὴν

50 461 206 497 ωμὸουλὴν
222 462 269 489 τοῦ
281 462 372 497 δφεως
393 463 527 499 διασύρει1
546 464 607 491 οὐδὲ
624 465 747 499 ἀγγέλων
760 465 842 501 φύσιν

48 507 178 533 ὑπελθεῖν
188 506 281 543 ἔρωτά.
288 508 370 534 ποθεν
381 508 472 536 λαϐεῖν
486 510 500 536 ὀ
518 510 602 545 Ἀδὰμ
612 511 753 546 ἐφωράθη.
769 512 838 539 οὐδὲ

48 550 82 586 ἦν
99 553 170 579 πολὺ
189 553 284 589 ἰτόρρω
305 553 384 588 δόξης
399 555 449 590 τῆς
465 555 616 591 ἀγγελικῆς
630 556 754 589 διεστὼς,
770 558 842 585 κατὰ

49 597 94 624 τὸν
109 598 275 634 παράδεισον
287 599 336 630 τὰς
354 599 495 635 διατριὸὰς
517 600 595 635 ἔχων,
614 602 660 628 καὶΙ
675 602 726 637 τῆς
739 602 841 629 ἀθανα-

51 644 111 675 σίας
125 643 172 670 ἐπί
194 652 227 678 γε
247 646 282 680 τῇ
303 645 417 681 προνοίᾳ
431 645 478 672 τοῦ
495 646 652 679 Πλάσαντος
674 648 819 675 ἀπολαύων
832 657 839 664 ·

49 689 94 716 διὰ
107 689 196 716 ταῦτα
213 690 306 716 τοίνυν
323 691 354 717 οὐ
374 691 446 726 ῥᾴων
461 691 520 726 είμὶ
531 693 563 727 τῇ
578 692 691 729 τοιαύτῃ
699 693 745 720 τοῦ
758 694 841 730 ῥητοῦ

50 735 238 762 συνεπινεύειν
266 736 416 772 ἑρμηνείᾳ-
452 737 571 772 μάλιστα
592 739 682 766 δὲκαὶ
694 739 761 767 διότι
787 749 841 776 περ

49 781 152 808 τὸάντὶ
179 782 313 817 ὀνόματος
328 783 508 818 παραληφθὲν
531 785 579 811 τοῦ
607 785 688 819 λόγου
706 786 789 821 μέρος
800 787 841 818 είς

49 826 174 853 τοιοῦτον
188 828 388 863 σχηματίζεται
401 828 496 856 τύπον.
532 830 609 865 Τάχα
625 831 648 857 δ’
664 830 700 858 ἂν
715 832 762 858 καὶ
783 831 842 859 ἐτέ-

51 879 110 905 ροις
129 872 299 908 τεθεώρηται
314 873 369 899 τῶν
382 873 538 909 εἰρημένων
552 874 676 910 θειότερα
690 884 720 902 τε
735 876 782 903 καὶ
795 885 840 902 τε-

49 916 186 952 λειότερα.
211 918 276 952 Ἐμὲ
294 918 323 945 δὲ
335 919 403 954 μήτε
419 920 530 955 μνήμην
551 920 624 955 ἔχειν
642 920 744 948 τούτων
759 922 776 957 ἡ
789 922 844 949 τῶν
860 910 881 938 Β

50 962 165 990 πολλῶν
189 965 236 990 καὶ
257 963 466 1000 ἁλλεπα).λήλων
481 965 643 1001 πειρασμῶν
650 967 741 1002 πληγὴ
753 976 842 1002 παρα-

48 1008 192 1043 χωροῦσα,
207 1009 268 1044 μηδ’
295 1011 336 1042 είς
360 1009 473 1045 ἔρευναν
504 1011 683 1039 καθίστασθαι
710 1013 844 1048 μηδεμίαν

49 1053 144 1080 ἄδειαν
158 1054 346 1090 παρεχομένη,
358 1055 397 1086 είς
407 1055 486 1082 τοῦτο
498 1057 552 1091 γὰρ
566 1057 640 1092 ἡμᾶς
650 1059 663 1084 ὁ
673 1057 728 1084 τῶν
738 1058 787 1084 ὰνο
792 1059 844 1094 ρώ-

50 1108 111 1126 πων
125 1100 224 1134 φθόνος
236 1101 418 1134 συνέκλεισεν,
434 1101 453 1128 ἃ.
473 1102 565 1138 παρῆν
577 1103 666 1130 εἰπεῖν
680 1103 710 1136 ὲξ
725 1100 762 1130 ὧν
780 1112 843 1130 συν-

50 1146 121 1172 εῖδον
139 1147 209 1174 κατὰ
235 1147 285 1182 τὴν
308 1148 358 1183 σὴν
387 1149 626 1185 φιλομαθεστὰτην
661 1151 774 1184 ἀξίωσιν
795 1151 845 1178 οὐκ

51 1193 168 1228 επέαχεν
184 1193 313 1229 οὐδεμία·
326 1194 426 1230 καίπερ
444 1215 452 1221 .
471 1216 478 1222 .
496 1216 503 1223 .
522 1217 530 1224 .
549 1215 557 1223 .
576 1217 584 1224 .
595 1197 676 1232 σιγῆς
688 1199 824 1233 πρόφασις
836 1207 843 1215 ο

51 1238 120 1265 ἀλλὰ
145 1239 218 1265 κατὰ
233 1239 283 1273 μὲν
298 1239 426 1276 επιϐολὴν
445 1241 620 1277 κεφαλαιώδη
641 1243 690 1269 καὶ
714 1244 846 1278 σύντομον

51 1284 100 1311 καὶ
124 1284 221 1319 καιρὸν
234 1285 356 1312 τοιοῦτον
365 1286 478 1321 ἀρκέσοι
489 1288 522 1314 τὰ
538 1288 685 1323 εἰρημένα.
716 1289 747 1316 Et
775 1289 805 1316 δέ
818 1299 845 1317 τι

50 1331 100 1358 καὶ
118 1331 154 1358 σὺ
170 1331 277 1363 τούτοις
294 1333 441 1368 προσθείης
455 1334 505 1360 οὐκ
517 1334 629 1362 ἔλαττον
648 1335 738 1370 σαυτῷ
759 1336 776 1371 ἢ
799 1336 846 1362 καὶ

49 1378 119 1413 ἡμῖν
135 1385 168 1411 γε
196 1378 253 1409 τοίς
269 1378 442 1411 διδασκάλοις
468 1379 518 1414 τὴν
540 1379 622 1415 χάριν
648 1381 844 1417 ἀνταποδοίης·

51 1423 119 1454 tam;
136 1422 160 1449 δ’
177 1423 210 1450 ἄν
224 1432 297 1455 τινος
313 1424 441 1459 ἀφορμῆς
450 1425 526 1460 παρὰ
540 1425 587 1452 σοῦ
598 1426 783 1462 πορισθείσης,
798 1427 846 1454 καὶ

51 1470 120 1503 ἡμῖν
132 1468 167 1495 ἂν
184 1469 290 1503 γένοιτο
314 1470 363 1504 τῆς
375 1471 527 1505 Μωσαῖκῆς
553 1471 680 1503 θεοπτίας
694 1472 725 1498 οὑ
751 1472 846 1508 πόρρω

51 1516 103 1547 τὴν
124 1514 246 1550 σπουδὴν
270 1515 351 1550 ἡμῶν
379 1515 578 1552 διωθουμένης,
605 1517 724 1552 μάλιστά
748 1526 780 1552 γε
799 1519 846 1545 καὶ

891 287 1027 322 respicere
1042 287 1076 314 ad
1093 286 1293 314 multitudinem
1307 291 1462 314 sanctarum
1492 293 1520 315 et
1546 288 1674 323 incorpo-

891 339 1000 360 rearum
1020 336 1194 368 potestatum.
1238 332 1294 367 Ego
1316 340 1391 364 vero,
1407 337 1585 368 praeterquam
1601 335 1674 368 quod

890 378 1026 413 pmdictis
1042 377 1131 406 causis
1144 377 1266 412 subjacet
1277 378 1321 404 hic
1330 385 1431 410 sermo,
1445 386 1498 405 non
1506 379 1584 405 video
1592 386 1673 413 quem

892 424 982 451 locum
994 423 1093 450 habeat
1114 423 1160 450 hic
1174 423 1310 451 interseri.
1337 423 1431 457 Neque
1452 423 1525 456 enim
1541 425 1674 457 serpentis

892 467 1036 495 consilium
1071 467 1214 500 obtrectat,
1244 474 1333 501 neque
1357 467 1514 501 angelorum
1548 472 1673 494 naturam

891 510 1059 546 suscipiendi
1084 518 1206 538 amorem
1229 511 1388 546 concepisse
1410 511 1497 538 Adam
1523 512 1598 539 visus
1621 517 1673 540 est.

891 556 951 585 Non
970 557 1051 592 longe
1065 564 1080 584 a
1106 557 1191 591 gloria
1217 557 1338 592 angelica
1351 557 1449 590 stabat,
1469 557 1534 584 dum
1550 558 1577 584 in
1596 565 1675 592 para-

891 603 953 631 diso
968 604 1189 631 commorabatur
1203 608 1231 630 et
1249 603 1424 638 providentiae
1436 603 1575 630 Creatoris
1591 603 1674 634 liene-

892 648 955 675 ﬁcio
969 648 1173 676 immortalitate
1189 647 1341 675 fruebatur.
1355 649 1501 682 Propterea
1518 655 1572 675 non
1587 648 1675 675 liben-

891 695 933 719 ter
951 691 998 719 tali
1026 691 1107 725 hujus
1129 691 1204 720 verbi
1233 692 1417 727 explanationi
1452 692 1674 727 acquiescercm;

892 737 1042 772 praesertim
1059 737 1123 772 quia
1139 744 1188 772 pro
1204 737 1315 765 nomine
1326 741 1452 772 suscepta
1468 738 1604 765 sermonis
1613 745 1677 772 pars

891 781 919 808 in
938 781 1022 809 talem
1035 781 1200 808 transfertur
1219 781 1346 816 ﬁguram.
1370 781 1453 809 Forte
1469 786 1495 809 et
1515 782 1550 809 ab
1563 782 1624 810 aliis
1638 783 1677 810 in-

893 831 970 855 venta
988 832 1054 855 sunt
1067 827 1100 855 iis
1125 835 1185 862 quae
1209 828 1279 855 dicta
1292 832 1356 855 sunt
1377 828 1511 855 diviniora
1534 833 1562 856 et
1587 828 1677 863 perfe—

891 873 988 900 ctiora.
1004 872 1046 900 Me
1054 880 1118 900 vero
1127 880 1215 908 neque
1226 873 1307 901 etiam
1317 874 1578 907 eorumjmemoriam
1585 878 1678 902 tenere

895 921 1031 953 persuasit
1043 920 1191 947 mttltorum
1203 925 1231 947 et
1242 920 1293 948 sibi
1309 921 1513 949 succedentium
1527 926 1677 948 conatuum

896 964 966 992 ictus
986 965 1089 992 nullam
1104 967 1137 992 ad
1152 966 1376 1001 investigationes
1399 967 1559 994 statuendas
1574 967 1679 994 securi-

895 1014 979 1037 tatem
1004 1010 1136 1045 praebens.
1167 1010 1209 1039 Ad
1226 1010 1254 1038 id
1267 1011 1340 1039 enim
1356 1018 1408 1039 nos
1420 1011 1560 1038 hominum
1578 1011 1679 1038 invidia

894 1057 1021 1091 perduxit
1039 1061 1069 1084 ut
1092 1064 1153 1091 quae
1173 1062 1284 1091 paratus
1301 1064 1376 1085 eram
1392 1057 1483 1085 dicere
1497 1065 1531 1085 ex
1543 1057 1587 1085 his
1618 1065 1687 1092 quze.

895 1103 1026 1135 intellexi,
1048 1103 1126 1138 juxta
1145 1108 1222 1130 tuam
1246 1103 1416 1139 dignitatem,
1449 1103 1539 1131 dicere
1566 1103 1680 1132 minime

894 1155 1022 1176 securum
1036 1149 1081 1176 sit.
1107 1148 1237 1182 Quamvis
1251 1169 1274 1176 ..
1285 1168 1293 1176 .
1304 1169 1312 1176 .
1328 1149 1429 1176 silentii
1441 1153 1599 1184 praatextus.
1628 1148 1680 1176 Sed

895 1202 945 1230 pro
957 1195 1030 1222 brevi
1045 1198 1073 1222 et
1088 1194 1235 1222 summaria
1246 1188 1422 1229 responsione
1434 1198 1462 1221 et
1479 1201 1528 1228 pro
1543 1194 1591 1220 tali
1612 1198 1679 1221 tem-

895 1247 966 1275 pore
979 1240 1037 1268 haec
1054 1239 1189 1267 suﬂiciant
1203 1239 1284 1266 dicta.
1309 1239 1337 1266 Si
1359 1244 1448 1266 autem
1462 1244 1489 1266 et
1511 1244 1540 1265 tu
1552 1239 1595 1266 his
1610 1239 1680 1274 adji-

895 1293 984 1319 ceres,
1014 1293 1069 1314 non
1083 1285 1175 1313 minus
1188 1285 1237 1313 tibi
1255 1293 1338 1320 quam
1362 1285 1442 1312 nobis
1467 1284 1605 1319 magistris
1626 1284 1680 1312 tuis

895 1332 1010 1368 gratiam
1026 1331 1199 1366 rependeres.
1234 1331 1335 1358 Forsan
1359 1337 1423 1358 vero
1450 1330 1473 1357 si
1490 1330 1619 1365 quiddam
1636 1338 1682 1365 ag.

896 1376 1046 1413 gredereris
1064 1377 1131 1412 ipse,
1144 1376 1263 1404 Mosaica
1284 1376 1388 1403 visione
1407 1382 1463 1402 non
1480 1374 1574 1409 procul
1595 1375 1678 1401 ardo-

896 1431 954 1451 rem
974 1428 1098 1450 nostrum
1121 1427 1286 1454 removente,
1309 1422 1459 1457 praesertim
1478 1428 1542 1449 vero
1563 1421 1645 1448 malis
1655 1425 1682 1448 et

895 1469 1033 1497 continuis
1045 1468 1189 1496 aﬂ‘ectibus
1208 1468 1368 1504 potentioris
1382 1467 1570 1495 benevolentia
1589 1467 1682 1494 immi-

896 1515 981 1548 nutis,
1005 1515 1113 1543 adesset
1126 1514 1227 1550 aliquid
1248 1514 1396 1549 sapientius
1415 1513 1448 1541 de
1468 1512 1684 1548 praecedentibus

50 1560 108 1586 τῶν
120 1560 290 1595 συνεχόντων
302 1560 395 1588 παθῶν
409 1562 537 1597 εὐμενείᾳ
550 1561 596 1588 τοῦ
606 1562 759 1597 κρείττονος
768 1563 843 1590 ἐλατ-

932 1560 957 1596 gi
961 1561 1010 1588 tari
1015 1580 1022 1587 .

51 1606 210 1640 τουμὲνων,
230 1605 386 1642 σοφώτερόν
402 1616 427 1633 τι
438 1607 503 1643 περὶ
517 1607 572 1634 τῶν
587 1607 776 1642 προκειμένων
786 1607 844 1634 διαο

53 1651 198 1686 νοηθῆναι.

322 1709 489 1735 ΕΡΩἸἮΣΙΣ
507 1710 570 1736 ΚΔ’.

55 1753 122 1786 Πῶς
137 1754 266 1790 θελητός
279 1762 313 1790 ξε
325 1753 375 1790 καί
385 1754 531 1788 ἀθέλητος
548 1754 589 1788 τῷ
610 1756 702 1790 [lat-pl.
724 1757 740 1784 ὁ
753 1756 844 1784 θάνα-

90 1797 141 1822 τος
153 1788 264 1822 λέγοιτ·
282 1788 321 1816 ἂν
336 1787 412 1816 εἶναι
422 1789 477 1816 τοῦ
489 1787 617 1824 Χριστοῦ
629 1799 636 1807 °
653 1787 703 1818 καί
715 1792 778 1824 πῶς
790 1791 841 1819 πάι-

89 1826 143 1860 ,ξίν
159 1825 175 1850 ό
185 1824 284 1860 μύτὸς
299 1824 443 1860 συνέλθοι
467 1824 507 1857 τῷ
527 1826 649 1860 πονηρῷ
671 1826 796 1860 θελητός
812 1835 844 1853 τε

95 1858 158 1894 ἅμα
169 1857 248 1886 εἶναι
260 1859 309 1886 καὶ
327 1858 483 1893 ἀθέλητος.

1049 1711 1213 1746 ρυλεδτιο
1229 1710 1310 1738 XX”
1327 1709 1493 1748 [al.XXlll].

897 1759 1033 1793 Quomodo
1049 1763 1074 1786 et
1093 1758 1243 1785 uoluntaria
1267 1763 1291 1784 et
1306 1757 1487 1793 iuvoluntaria
1507 1755 1585 1783 Patri
1610 1763 1685 1793 mors

931 1795 1031 1822 Christi
1047 1793 1101 1820 dici
1117 1797 1194 1827 queat
1207 1793 1297 1827 fuisse.
1314 1792 1349 1818 Et
1359 1791 1488 1827 quomoda
1503 1798 1595 1827 rursus
1615 1790 1686 1827 acci-

931 1829 978 1856 dat
1005 1834 1033 1856 ut
1055 1824 1147 1855 eadem
1165 1824 1234 1854 mors
1250 1824 1534 1854 diabolo-voluntaria
1552 1824 1688 1859 simulque

932 1863 1116 1891 involuntaria
1137 1863 1227 1897 fuerit.

624 1917 695 1943 Edita
710 1925 724 1943 a
736 1917 807 1949 Maio,
817 1919 882 1945 Nov.
897 1919 967 1950 ουκ,
978 1922 997 1945 t.
1009 1919 1029 1950 Ι,
1044 1926 1068 1951 p.
1080 1918 1120 1943 τι.

91 1957 128 1985 α’.
153 1958 187 1984 Ἦ
209 1957 260 1992 μὲν
273 1957 320 1985 οὖν
337 1958 440 1994 ἀπορία
454 1959 671 1995 γλαφυρωτέρας
686 1960 758 1992 τινὸς
777 1963 845 1988 θεω-

58 2005 122 2040 ρίας
149 2005 261 2031 ἀπαιτεῖ
285 2004 333 2031 καὶ
358 2005 521 2041 διακρίσεως
543 2006 639 2040 λόγον·
665 2006 715 2033 οὐκ
741 2007 799 2034 ἐστι
824 2007 847 2034 δ’

57 2051 245 2087 ἁπρὸσδεκτον
259 2052 419 2087 ἐπικουρίας
430 2053 560 2087 ἑκάτερον
569 2051 624 2079 τῶν
635 2052 844 2088 ἀπορουμένων,

57 2097 201 2131 ἀξιόλογον
218 2097 422 2133 ἐπιδειχθῆναι·
446 2098 486 2124 δεῖ
505 2098 527 2125 δ’
541 2098 587 2124 οὖν
606 2099 698 2125 ἐκεῖνα
714 2098 848 2134 πρότερον

59 2144 100 2175 είς
112 2143 166 2178 τὴν
180 2143 359 2178 ὲνισχύουσαν
376 2144 462 2179 ῥοπὴν
482 2143 680 2178 ἀναγαγόντας,
694 2143 766 2170 οὕτω
778 2144 849 2170 κατὰ

58 2190 109 2224 τὴν
123 2190 319 2225 προσήκουσαν
336 2189 412 2221 τάξιν
426 2190 474 2216 καὶ
499 2191 546 2225 τὴν
561 2190 638 2216 λύσιν
653 2189 768 2223 ἐπάγειν
786 2198 847 2216 πει-

936 1964 962 1990 1.
977 1962 1095 1995 Quaestio
1108 1961 1166 1988 haec
1184 1960 1265 1995 paulo
1275 1959 1380 1988 altioris
1405 1958 1588 1986 meditationis
1606 1962 1688 1993 atque

900 2005 1106 2041 disceptationis
1117 2005 1269 2033 orationem
1283 2004 1413 2040 postulat.
1422 2003 1516 2039 Neque
1528 2007 1688 2038 argumenta

901 2053 1010 2084 desunt,
1023 2051 1124 2086 quibus
1150 2054 1268 2085 utraque
1288 2050 1422 2077 dubitatio
1446 2049 1513 2077 satis
1529 2049 1618 2084 gravis
1641 2049 1688 2075 de-

902 2097 1048 2125 monstrari
1065 2100 1164 2132 potest.
1179 2095 1250 2131 Ergo
1263 2103 1332 2130 opus
1353 2099 1404 2127 est,
1421 2098 1451 2122 ut
1475 2094 1592 2129 primum
1607 2093 1689 2120 dubia

902 2143 960 2171 haec
983 2143 1041 2170 suis
1063 2142 1169 2178 singula
1185 2141 1332 2169 momentis
1357 2141 1544 2172 corroborata,
1568 2147 1690 2174 expona-

903 2196 982 2221 mus;
996 2188 1094 2216 deinde
1114 2192 1144 2214 ut
1163 2187 1336 2215 convenienti
1360 2186 1456 2213 ordine
1478 2185 1512 2212 ad
1531 2184 1688 2212 eorumdem

61 2235 180 2270 ρᾶσθαι·
196 2235 264 2262 ἀλλὰ
278 2235 334 2271 γὰρ
348 2236 389 2262 ὅτι
407 2235 455 2271 μὲν
474 2235 581 2271 θέλημα
602 2235 648 2262 τοῦ
663 2235 771 2271 Harpe;
783 2233 818 2271 ἦν
836 2236 843 2261 ί

932 2235 1062 2262 lutionem
1070 2233 1268 2269 aggrediamur.
1283 2231 1354 2259 Sane
1366 2232 1438 2267 quod
1451 2230 1540 2258 Patris
1551 2230 1691 2257 voluntate

60 2282 180 2318 σταυρὸς
196 2281 245 2308 τοῦ
257 2281 388 2317 Χριστοῦ,
402 2281 484 2313 αὐτὸς
497 2281 571 2316 ἡμᾶς
585 2281 599 2307 ὸ
617 2281 713 2316 Σωτὴρ
727 2280 848 2308 διδάσκει

60 2329 89 2354 ὲν
103 2330 138 2364 τῇ
154 2327 203 2354 τοῦ
216 2327 332 2354 θανάτου
348 2326 512 2362 παραιτήσει
521 2326 619 2360 λέγων’
635 2334 644 2352 ι
659 2325 732 2356 Πλὴν
746 2325 806 2361 οὐχὶ
818 2325 850 2352 τὸ

62 2375 127 2409 ὲμὺν
143 2373 339 2409 θέλημα,ἁλλὰ
350 2373 381 2400 τδ
391 2373 436 2400 σὸν
450 2373 596 2408 γενέσθω,›
611 2373 693 2408 ἡνίκα
705 2373 736 2400 τὺ
750 2373 849 2406 πάθος,

61 2423 110 2456 τῆς
126 2420 305 2456 ἀνθρωπίνης
318 2420 426 2455 φύσεως
447 2420 497 2455 τὴν
524 2419 653 2453 ἀληθειαν
679 2419 851 2451 ἐπιδεικνὺς,

63 2467 207 2502 ἀπηύχετό
233 2475 264 2493 τε
280 2466 330 2493 καὶ
351 2466 482 2502 ἀϐἐλητον
504 2465 659 2501 ὠνόμαζεν·
675 2466 706 2492 οὐ
724 2466 805 2501 μόνον
824 2465 853 2492 δὲ

62 2513 134 2546 τότε,
152 2512 224 2539 ἀλλὰ
238 2513 286 2538 καὶ
302 2512 382 2548 ἡνίκα
397 2512 547 2546 ἐπετίμησε
560 2510 600 2547 τῷ
610 2511 853 2547 Πέτρῳ,φρόνημα

67 2558 114 2592 μὲν
133 2558 183 2584 τοῦ
201 2556 271 2583 Θεοῦ
296 2556 380 2583 εἰπὼν
397 2557 442 2583 τὸν
466 2556 591 2583 ἑκούσιον
616 2556 731 2584 θάνατον
751 2556 852 2583 αὐτοῦ’

65 2606 195 2639 φρόνημα
214 2604 243 2630 δὲ
261 2604 396 2636 διαὸόλου,
446 2604 478 2638 δὴ
494 2605 539 2630 καὶ
554 2605 567 2631 ὁ
583 2604 702 2638 Πέτρος,
718 2603 749 2636 ἐξ
760 2600 792 2630 οὗ
806 2603 855 2630 καὶ

65 2651 113 2684 τὴν
137 2649 246 2677 ἐκείνου
271 2649 367 2684 κλῆσιν
388 2649 582 2681 κατεδικάζετο
595 2670 603 2682 ,
623 2649 774 2684 τηνικαῦτα
791 2657 855 2676 συν-

69 2697 205 2732 νπήγετο,
224 2696 251 2722 εί
268 2695 316 2722 καὶ
330 2695 367 2730 μὴ
383 2696 415 2722 ὲκ
429 2696 479 2731 τῆς
494 2695 580 2730 αὐτῆς
593 2695 738 2727 διαθέσεως
750 2703 757 2710 ·
773 2695 788 2720 ὁ
805 2695 855 2730 μὲν

69 2742 121 2778 γὰρ
136 2743 169 2768 ἑκ
183 2741 379 2777 φιλοστοργίας
395 2740 492 2776 καιρὸν
506 2740 557 2767 οὐκ
573 2739 689 2776 ἐχούσης
705 2759 713 2772 ,
731 2741 745 2767 ὁ
761 2740 791 2767 δὲ
806 2739 857 2774 τὴν

70 2788 147 2823 ⁴ἡμῶν
162 2787 194 2820 ἐξ
221 2785 260 2814 ὧν
285 2787 450 2822 ἐκακούργει
470 2787 518 2814 καὶ
546 2787 674 2822 ἐνήδρευε
701 2786 854 2821 σωτηρίαν·

71 2835 131 2861 ἁλλ“
140 2833 188 2862 οὖν
212 2835 252 2866 είς
268 2834 298 2860 ἐν
327 2834 481 2869 συνέρρεον,
498 2833 585 2860 καίτοι
602 2834 714 2868 γνώμης
736 2834 855 2868 ἐκμαχο-

75 2904 78 2906 ·
103 2892 123 2907 ¹¹
140 2891 238 2919 Matth.
259 2899 331 2924 nrt,
360 2890 404 2918 59.
442 2890 464 2906 "
480 2889 573 2917 Matth.
591 2896 656 2923 vax,
678 2887 722 2916 25.

901 2288 1010 2309 crucem
1019 2279 1145 2307 Christus
1154 2278 1303 2313 pertulerit,
1317 2278 1375 2312 ipse
1389 2285 1438 2304 nos
1453 2276 1580 2303 Servatur
1592 2274 1691 2302 certiu-

900 2334 945 2354 res
960 2326 1033 2359 tacit,
1044 2325 1107 2352 dum
1119 2332 1212 2352 necem
1224 2324 1259 2351 ab
1275 2331 1305 2352 se
1315 2323 1462 2358 deprecans
1474 2323 1511 2349 ait
1525 2331 1532 2349 :
1552 2331 1562 2346 ι
1577 2320 1691 2347 Verum—

903 2377 993 2399 tamen
1013 2379 1066 2399 non
1078 2378 1136 2398 mea
1147 2371 1285 2402 voluntas,
1298 2369 1346 2397 sed
1359 2373 1405 2396 tua
1420 2368 1466 2395 flat
1477 2367 1514 2400 ἰς
1534 2375 1544 2392 ι
1561 2373 1614 2403 quo
1623 2370 1692 2392 tem-

902 2425 967 2454 pore
975 2417 1077 2445 scilicet
1083 2416 1244 2443 uthumana:
1251 2419 1355 2442 naturae
1361 2413 1498 2441 veritatem
1507 2412 1692 2442 conﬁrmaret,

903 2468 1017 2491 mortem
1036 2463 1212 2490 aversabatur
1234 2461 1339 2495 sibique
1370 2458 1579 2487 involuntariam
1592 2457 1692 2484 aiebat.

906 2510 999 2545 Neque
1018 2513 1084 2536 tunc
1103 2508 1202 2540 solum,
1219 2507 1266 2535 sed
1287 2506 1369 2534 etiam
1394 2511 1455 2533 cum
1472 2503 1580 2531 Petrum
1603 2503 1693 2530 incre-

904 2557 973 2593 puit,
984 2556 1028 2582 Dei
1037 2554 1153 2583 consilio
1163 2558 1375 2587 mortem,quam
1385 2555 1480 2586 sponte
1491 2549 1614 2577 obiturus
1623 2552 1693 2580 erat.

906 2602 1042 2630 decretam
1055 2601 1141 2634 ait“;
1156 2599 1254 2627 diaboli
1276 2603 1366 2626 autem
1391 2595 1531 2623 molimine
1545 2599 1610 2622 tunc
1630 2601 1694 2630 pro-

907 2648 1032 2680 hibitam,
1046 2648 1164 2682 itemque
1178 2654 1193 2673 a
1207 2645 1297 2676 Petro,
1312 2644 1359 2679 qui
1376 2643 1411 2671 ob
1426 2643 1452 2670 id
1467 2641 1567 2670 diaboli
1583 2641 1693 2671 nomine

908 2695 941 2723 ad
957 2693 1134 2730 ignominiam
1159 2696 1269 2719 notatus
1292 2690 1354 2718 fuit.
1378 2690 1472 2725 Neque
1492 2694 1582 2716 tamen
1597 2687 1692 2715 eodem

908 2741 991 2769 animi
1004 2740 1135 2768 instinctu
1154 2742 1267 2773 uterque
1279 2737 1419 2769 ciebatur;
1434 2735 1482 2763 sed
1504 2734 1694 2768 intempestiva

909 2786 1095 2815 benevolentia
1115 2784 1225 2817 Petrus;
1240 2783 1337 2811 salutis
1350 2786 1452 2810 nostra:
1472 2781 1536 2809 odio
1551 2788 1584 2808 ac
1602 2786 1694 2815 perse-

910 2834 1019 2862 cutione
1036 2831 1169 2861 diabolus.
1191 2829 1342 2863 Caeteroqui
1356 2835 1450 2863 reapse
1465 2827 1558 2856 eodem
1575 2825 1694 2853 conﬂue-
