1882 3075
203 172 256 209 ﬂii

781 178 912 208 ΡΗΟἸἯ
929 177 1183 209 PATRIARGHIE
1200 179 1256 209 GP.

1780 175 1831 209 176

202 228 268 258 bant
287 235 442 264 quanquam
456 229 564 258 diversa
580 236 670 258 mente
683 232 789 266 perciti,
802 241 902 268 neiitpe
919 238 949 261 ut
961 242 986 261 ιιι

1076 234 1131 270 ἔνης
1145 235 1317 271 ὡρμημένοι,
1332 234 1363 261 τὸ
1382 234 1420 270 μὴ
1440 233 1583 269 βούλεσθαι
1600 232 1696 259 παθεῖν
1707 231 1742 265 τᾲ
1756 233 1830 268 πάθη

201 273 328 302 Christus
350 278 490 309 pateretur
504 285 511 303 :
527 276 607 311 cujus
633 278 724 312 passio
742 279 869 306 humanae
886 284 993 307 natura:

200 320 376 355 passionibus
399 321 563 351 medicinam
589 322 664 351 fecit.
688 323 757 352 Nam
783 332 846 352 cum
869 331 993 354 cerneret

202 365 330 401 princeps
346 366 455 394 malitiae
469 371 563 394 auctor
576 367 708 396 illibatum
724 369 789 397 illud
819 371 928 406 Dcoq‘ue
944 371 987 398 di-

201 417 285 444 gnum
298 418 396 445 corpus
413 411 544 446 physicis,
559 420 620 447 qua:
644 417 734 442 tamen
758 414 892 444 dedecore
915 417 991 444 omni

201 456 342 489 carebant,
358 457 533 491 passionibus
557 459 717 494 obnoxium,
731 461 844 489 insidias
857 462 883 489 ei
896 462 992 490 molie—

202 501 292 534 batur,
307 509 408 537 easque
428 503 538 532 elIectas
552 504 619 532 dare
635 506 771 537 studebat,
792 506 900 535 Rursus
916 507 944 535 in
958 515 991 536 eo

201 546 351 574 observans
364 547 463 576 divina:
486 549 626 583 dignitatis
642 551 815 585 splendorem
833 560 881 588 per
900 553 992 588 prodi-

201 593 245 627 gia
263 599 466 627 coruscantem,
482 595 663 624 cohibebatur
677 604 710 625 ac
722 597 818 633 pedem
835 597 970 626 referebat
983 608 989 625 :

198 646 230 666 ac
241 639 322 667 modo
337 639 506 669 Dominicam
521 642 615 671 volens
627 648 753 676 mortem,
772 644 853 672 modo
865 645 990 672 eamdem

176 710 181 725 ἱ
199 686 304 719 nolens,
326 695 342 714 a
357 689 476 716 versutia
491 696 540 717 sua
555 690 590 717 ad
614 691 723 718 consilii
744 691 864 726 inopiam
891 696 990 719 trans-

177 728 180 733 ί
197 732 264 760 ibat.
278 733 330 760 Sed
345 734 468 770 [denique
485 735 611 764 timorem
628 737 738 767 vesania
758 737 908 772 superavit.
921 737 989 765 Nam

179 808 186 818 ,ν
197 778 311 806 caedium
324 785 465 808 auctorem
479 789 548 809 suos
564 783 651 818 magis
663 791 723 810 mos
737 784 891 817 delectavit,
906 792 989 819 quam

199 825 281 852 timor
306 826 369 853 inde
385 827 478 855 oriens
502 829 659 857 absterruit.
687 830 733 858 Sic
753 831 836 865 igitur
848 831 990 859 evidenter

197 878 283 898 sacrae
296 876 396 899 nostrae
407 871 556 908 Scriptura:
566 875 716 909 praedicant
725 877 906 908 voluntariam
917 877 989 904 Patri

197 921 311 944 mortem
326 917 386 949 Filii
399 918 494 952 fuisse,
518 919 730 948 involuntariam
756 927 846 948 autem
861 922 983 949 diabolo.
1006 913 1026 940 Β

197 963 230 993 Et
238 968 328 991 tamen
339 965 410 999 quod
424 965 496 993 idem
515 966 641 995 diabolus
657 967 749 995 crucis
764 968 928 1003 supplicium
946 969 988 996 iti-

197 1007 344 1044 iilgeudum
358 1011 401 1038 vel
417 1011 540 1046 apprime
554 1012 701 1046 curaverit,
715 1017 774 1040 tum
790 1021 824 1041 ex
841 1014 903 1041 aliis
921 1021 989 1041 con-

197 1055 319 1089 tectoria,
333 1060 390 1083 tum
403 1064 435 1085 ex
448 1058 498 1086 hac
510 1058 622 1086 indubia
637 1059 765 1094 colligam
784 1059 928 1096 licet,quia
949 1062 989 1088 vi-

197 1102 294 1133 delicet
310 1102 451 1131 Iudaicam
466 1105 524 1140 ipse
537 1109 646 1140 gentem
658 1106 690 1133 ad
704 1105 812 1134 facinus
830 1108 988 1141 concitavit,

196 1156 252 1183 quo
268 1149 423 1178 Senatoris
437 1151 525 1179 caedes
546 1157 655 1188 peracta
677 1152 739 1180 fuit.
756 1153 841 1188 Atqui
863 1154 990 1189 explora-

196 1199 254 1221 tum
268 1201 347 1231 aeque
360 1200 412 1229 est,
427 1196 487 1223 Filii
506 1198 660 1232 passionem
677 1203 776 1234 praeter
787 1199 882 1228 Patris
891 1200 990 1228 volun-

196 1245 278 1268 tatem
306 1242 474 1278 contigisse;
491 1243 517 1271 id
537 1244 611 1279 quod
639 1246 830 1281 progrediente
865 1248 990 1275 oratione

196 1288 302 1316 tuculen
307 1289 360 1316 tius
367 1288 443 1317 deela
447 1290 534 1317 rabitu
539 1299 560 1318 r.

229 1333 256 1361 2.
268 1334 324 1370 Age
336 1342 412 1368 vero,
420 1336 579 1370 quastionis
587 1337 642 1372 jam
654 1342 727 1366 statu
739 1339 888 1373 proposito,
898 1340 988 1374 sequi-

195 1385 240 1410 tur
251 1383 386 1410 uttnentis
403 1383 545 1411 ratiocinio
558 1389 585 1412 et
599 1385 820 1415 consideratione
831 1394 988 1418 noscamus,

196 1427 301 1456 etiamsi
315 1427 383 1456 forte
398 1429 471 1457 circa
487 1431 610 1458 eamdem
628 1439 696 1464 rem,
707 1431 876 1460 Dominicam
893 1440 990 1468 nempe

196 1478 323 1508 mortem,
334 1476 471 1504 contraria
482 1477 618 1510 dicantur,
632 1477 705 1505 haud
719 1479 775 1506 haec
788 1483 877 1506 tamen
890 1486 990 1506 secun-

195 1523 261 1549 dum
277 1523 389 1551 modum
407 1524 533 1551 eumdem
549 1524 614 1551 dici.
635 1524 758 1559 Namque
778 1533 862 1552 unum
879 1526 987 1560 dicitur,

195 1572 328 1602 quatenus
334 1575 456 1596 mrumna
462 1573 502 1596 est
510 1577 592 1603 quain
600 1569 725 1609 tjhristus
735 1570 849 1604 patitur;
859 1571 986 1603 alterunt.
1002 1589 1024 1619 ρ

193 1619 331 1649 quatenus
348 1614 455 1642 fructus
469 1615 583 1649 paritur.
599 1614 717 1642 Fructus
729 1621 817 1643 autem
835 1615 896 1650 ejus
911 1616 986 1643 necis

195 1661 257 1694 fuit,
272 1661 346 1689 salus
371 1661 483 1688 humani
498 1661 606 1696 generis
628 1662 816 1692 reconciliata,
830 1662 986 1696 diabolique

194 1705 318 1740 tyrannis
331 1705 429 1733 deleta.
458 1701 526 1734 Hine
543 1710 616 1740 patet
636 1706 705 1733 hanc
723 1713 779 1732 rem
808 1706 893 1734 fuisse
910 1708 983 1734 Patri

192 1751 320 1787 placitam
336 1758 369 1779 ac
383 1752 578 1784 voluntariam,
594 1755 676 1786 atque
688 1752 748 1786 ejus
764 1752 849 1780 totius
863 1760 927 1788 erga
938 1754 986 1780 lu-

193 1797 282 1827 ntines
304 1797 481 1832 providentia:
506 1797 697 1824 manuarium.
730 1796 831 1831 Quidni
861 1806 926 1826 vero
958 1804 986 1826 et

193 1841 261 1871 illud
271 1841 445 1877 perspicuum
457 1841 607 1875 sit,Christi
624 1842 756 1870 nimirum
767 1842 873 1871 obitum
887 1843 922 1871 ab
934 1843 987 1871 itii-

195 1889 256 1916 mici
273 1889 362 1916 nostri
377 1888 517 1916 voluntate
531 1887 651 1916 alienum
674 1888 770 1923 fuisse,
784 1889 863 1924 eique
882 1890 986 1918 cladem

195 1934 341 1961 maximam
358 1933 496 1961 intulisse?
507 1932 574 1960 Nam
586 1933 647 1960 Filii
663 1934 816 1970 caades,qui
832 1940 890 1963 crat
905 1940 987 1963 natu-

193 1980 260 2009 ralis
274 1979 412 2014 passionis
426 1978 550 2011 elIectus,
569 1987 616 2014 per
631 1987 661 2007 se
677 1980 788 2014 quidem
808 1979 882 2008 Patri
896 1989 986 2016 neque

193 2024 314 2062 jucunda
321 2028 380 2051 erat
390 2031 479 2061 neque
493 2028 581 2059 grata.
592 2025 646 2052 into
659 2025 853 2061 indignationis
864 2028 987 2062 apprime

193 2078 305 2102 merens
324 2075 407 2106 atque
420 2069 538 2104 furoris;
554 2071 633 2099 sicuti
652 2079 667 2100 c
685 2073 825 2100 contrario
840 2073 908 2100 nihil
927 2077 987 2101 erat

192 2125 226 2145 ex
236 2117 336 2145 diaboli
354 2118 488 2146 sententia
503 2118 601 2154 magis,
617 2119 685 2146 nihil
702 2119 789 2146 eidem
804 2119 916 2148 charius
938 2124 986 2149 aut

192 2164 350 2196 amabilius.
367 2163 551 2198 Quamobrem
570 2166 689 2193 clemens
710 2165 841 2194 Servator
860 2166 906 2195 illa
921 2175 984 2202 prc-

191 2218 257 2238 cutn
269 2218 383 2239 suarum
397 2210 514 2241 formula
529 2212 637 2240 veniam
654 2212 687 2239 iis
701 2212 749 2247 qui
762 2220 791 2240 se
805 2213 931 2241 laeserant
942 2222 988 2242 cu-

1041 282 1093 318 τῆς
1112 283 1288 319 ἀνθρωπίνης
1315 282 1410 309 ἰάσατο
1427 281 1550 317 φύσεως·
1572 280 1644 316 ὀρῶν
1667 279 1718 314 μὲν
1740 279 1794 315 γὰρ
1816 280 1832 306 6

1042 330 1093 365 τῆς
1110 330 1210 362 κακίας
1224 329 1417 365 γενεσιουργὸς
1430 329 1460 356 τὸ
1474 328 1663 364 πανάχραντον
1678 327 1767 353 έκεῖνο
1783 327 1832 353 καὶ

1043 375 1195 412 θεοπρεπὲς
1208 376 1288 411 σῶμα
1302 376 1359 408 τοῖς
1372 375 1498 410 φυσικοῖς
1511 374 1560 401 καὶ
1575 373 1750 409 ἀδιαϐλήτοις
1760 372 1829 399 ὐπο-

1042 422 1169 456 κείμενον
1182 421 1294 455 πάθεσι,
1309 422 1359 457 τὴν
1373 420 1519 457 ἐπιϐουλὴν
1533 419 1661 455 ἐϐούλευέ
1678 428 1708 446 τε
1729 419 1776 446 καὶ
1791 419 1833 450 είς

1042 468 1123 504 ἔργον
1146 469 1226 503 ἄγειν
1250 468 1433 500 ἐσπούδαζεν·
1457 467 1529 503 ὁρῶν
1555 466 1585 494 δὲ
1602 466 1685 493 πάλιν
1708 465 1753 492 διὰ
1775 465 1832 492 τῶν

1042 514 1213 550 θεοσημείων
1223 515 1272 549 τῆς
1286 514 1383 550 θεῖκῆς
1396 513 1475 546 ἀξίας
1488 513 1538 549 τὴν
1551 512 1650 548 αἴγλην
1661 512 1832 548 ὑπεραστρά-

1042 568 1174 593 πτουσαν,
1193 560 1387 588 συνεστέλλετό
1399 569 1430 586 τε
1449 559 1496 587 καὶ
1507 558 1644 592 ἀνεδύετο,
1660 558 1788 594 καὶπρὸς
1800 557 1832 584 τὸ

1042 606 1130 633 θέλειν
1140 615 1170 633 τε
1181 606 1240 642 ἅμα
1253 608 1300 633 καὶ
1315 607 1352 642 μὴ
1370 606 1459 633 θέλειν
1470 606 1516 632 τὸν
1530 605 1697 632 Δεσποτικδν
1714 604 1832 631 θάνατον

1042 652 1266 688 ὑποφερόμενος,
1290 652 1339 688 τὴν
1366 651 1490 688 μηχανὴν
1513 649 1586 686 εἶχεν
1607 650 1649 680 είς
1674 649 1832 685 ἀμηχανίαν

1041 698 1284 734 καταστρέφουσαν
1294 705 1302 713 ·
1322 699 1397 733 ὅμως
1416 697 1494 725 ἐνίκα
1520 697 1551 724 τὸ
1563 696 1649 723 δειλὸν
1662 696 1679 731 ἠ
1695 695 1831 723 ἀπόνοια·

1041 743 1080 778 τῷ
1096 744 1151 779 γὰρ
1171 744 1222 779 τῆς
1240 744 1397 780 μιαιφονίας
1419 743 1531 779 τεχνίτῃ
1560 742 1660 778 μᾶλλον
1676 741 1783 777 αἱρετὸν
1800 741 1833 769 τὸ

1041 789 1166 825 σύνηθες.
1179 790 1195 825 ἢ
1211 791 1327 826 φοϐερὸν
1340 791 1355 817 ὁ
1369 790 1553 825 ἐπιφυόμενος
1569 789 1651 824 φόϐος
1661 797 1667 804 ·
1679 788 1753 816 οὕτω
1764 787 1832 824 γοῦν

1042 834 1171 868 ἐμφανῶς
1184 834 1239 862 τῶν
1254 835 1337 871 ίερῶν
1351 835 1430 870 ἡμῶν
1446 834 1552 870 Λογίων
1576 834 1688 870 θελητὺν
1702 831 1772 861 εἶναι
1792 833 1833 869 τῷ

1042 879 1132 914 Πατρὶ
1147 880 1193 907 τὸν
1209 881 1325 908 θάνατον
1343 881 1586 917 ἀνακηρυττόντων
1601 879 1650 907 τοῦ
1676 879 1753 911 Υίοῦ,
1767 879 1834 906 aet-

1041 926 1121 961 λητον
1133 928 1161 953 δὲ
1175 927 1213 963 τῷ
1230 927 1340 963 πονηρῷ
1351 935 1358 943 ·
1377 927 1408 954 τὺ
1424 927 1478 963 γάρ
1498 928 1539 954 ὅτι
1556 926 1656 958 παντὸς
1670 925 1746 960 αὺτῷ
1764 925 1834 960 pax.

1041 973 1086 1000 λον
1102 975 1116 1000 ὁ
1139 973 1184 1004 διὰ
1201 972 1318 1008 σταυροῦ
1335 973 1452 1005 Θάνατος
1472 972 1632 1008 ἠγωνίζετο,
1657 972 1750 999 λαϐεῖν
1773 971 1834 998 ἔστι

1040 1019 1089 1046 καὶ
1104 1020 1138 1045 ὲκ
1153 1018 1259 1046 πολλῶν
1275 1018 1363 1046 ἄλλων
1378 1019 1426 1046 καὶ
1443 1018 1506 1046 ὅθεν
1516 1019 1567 1046 οὐκ
1582 1018 1680 1054 ἄδηλον
1691 1026 1699 1035 ·
1713 1017 1763 1044 καὶ
1777 1017 1834 1053 γὰρ

1039 1065 1070 1091 τὸ
1091 1065 1229 1093 Ἰουδαίων
1242 1065 1319 1098 ἔθνος
1329 1064 1435 1092 ἐκείνου
1448 1066 1614 1100 κακουργεῖν
1627 1063 1833 1097 ἁνακινοῦντος,

1040 1110 1085 1137 τὸν
1096 1111 1168 1138 κατὰ
1178 1111 1306 1147 Σωτῆρος
1318 1110 1500 1148 ὲπαλαμῶντο
1511 1111 1627 1138 θάνατον
1637 1119 1644 1126 ·
1659 1110 1718 1138 ἀλλ’
1729 1109 1834 1145 ὁμοίως

1042 1157 1092 1192 μὲν
1103 1157 1229 1193 ἐπίδηλον
1239 1158 1286 1184 καὶ
1298 1158 1335 1190 ὡς
1346 1158 1406 1192 οὺχλ¹
1419 1157 1459 1193 τῷ
1470 1157 1557 1193 Πατρὶ
1565 1156 1596 1183 τὸ
1605 1156 1691 1188 πάθος
1704 1156 1752 1182 τοῦ
1763 1155 1833 1182 Υἱοῦ

1041 1203 1169 1239 θελητόν·
1186 1203 1227 1230 ἑτι
1240 1203 1268 1231 δὲ
1281 1204 1328 1230 τοῦ
1346 1204 1427 1237 λόγου
1443 1203 1586 1238 προίόντος
1597 1221 1605 1234 ,
1623 1202 1670 1228 ἐπὶ
1689 1201 1772 1228 πλέον
1785 1200 1835 1236 δηη

1040 1250 1204 1286 λωθήσεται.

1077 1341 1110 1376 β’.
1133 1339 1211 1367 Ἐπεὶ
1227 1336 1275 1366 οὖν
1292 1338 1333 1370 είς
1347 1338 1425 1371 τάξιν
1443 1337 1513 1373 ἤχθη
1524 1337 1611 1365 ταῦτα
1626 1336 1833 1371 διατυπώσεως,

1040 1385 1240 1421 διαλογίζεσθαι
1265 1384 1387 1419 προσῆκε
1404 1384 1452 1410 καὶ
1462 1384 1585 1415 σκοπεῖν,
1604 1383 1642 1414 ὡς
1659 1383 1684 1411 εί
1702 1382 1751 1409 καὶ
1769 1381 1838 1417 περὶ

1040 1432 1088 1460 τοῦ
1104 1431 1187 1459 αὑτοῦ
1199 1431 1362 1466 πράγματος
1377 1429 1508 1456 τάναντία
1528 1428 1649 1462 λέγεται,
1665 1427 1713 1454 τοῦ
1726 1428 1836 1454 Ascua-

1040 1478 1129 1510 τικοῦ,
1145 1477 1228 1513 φημὶ,
1243 1477 1370 1505 θανάτου.
1387 1475 1446 1502 ἀλλ’
1461 1475 1492 1502 οὺ
1516 1474 1587 1501 κατὰ
1612 1474 1659 1501 τὸν
1671 1473 1754 1500 αὑτὸν
1769 1474 1838 1508 τρό-

1041 1533 1109 1552 πον·
1135 1524 1204 1551 ἀλλὰ
1227 1524 1258 1549 τὸ
1288 1523 1338 1558 μὲν
1352 1522 1381 1555 ἐξ
1398 1522 1479 1549 αὐτοῦ
1502 1522 1549 1549 τοῦ
1567 1521 1669 1553 πάθους
1683 1521 1697 1547 ὃ
1711 1520 1839 1547 πέπονθε

1042 1570 1160 1604 λέγεται,
1173 1568 1203 1595 τὸ
1216 1567 1245 1594 δὲ
1260 1568 1292 1594 ἐκ
1305 1566 1352 1593 τοῦ
1368 1566 1548 1601 ἐκϐεϐηκότος
1559 1574 1566 1580 ·
1581 1565 1612 1592 τὸ
1622 1564 1734 1600 μὲνγὰρ
1754 1563 1842 1590 ἐκϐε-

1039 1616 1123 1651 ϐηκὸς
1135 1615 1180 1642 διὰ
1187 1614 1234 1641 τοῦ
1245 1613 1370 1644 Θανάτου,
1381 1613 1397 1648 ἡ
1408 1612 1531 1648 σωτηρία
1543 1611 1590 1638 τοῦ
1599 1611 1694 1646 γένους
1704 1608 1840 1645 ἐπράχθη

1043 1661 1097 1688 τῶν
1111 1661 1158 1688 ἀνθ
1164 1660 1274 1696 ρώπων,
1301 1659 1349 1686 καὶ
1371 1659 1420 1694 τῆς
1432 1658 1479 1685 τοῦ
1492 1657 1616 1684 διαϐόλου
1642 1655 1806 1692 τυραννίδος
1820 1655 1840 1690 ἡ

1039 1708 1197 1743 καθαίρεσις
1206 1714 1214 1722 ”
1231 1706 1246 1733 ὃ
1257 1705 1336 1741 δῆλον
1347 1706 1388 1732 ὅτι
1405 1705 1516 1738 θελητόν
1530 1712 1560 1730 τε
1573 1703 1612 1739 τῷ
1624 1703 1712 1739 [Ia-ep!
1723 1702 1772 1729 καὶ
1788 1703 1840 1728 εὐ-

1037 1754 1127 1784 δοκία,
1145 1753 1193 1780 καὶ
1208 1753 1259 1788 τῆς
1284 1752 1367 1778 αὐτοῦ
1399 1751 1528 1786 προνοίας
1556 1750 1703 1784 συμπάσης
1720 1749 1790 1785 περὶ
1807 1749 1843 1776 τὸ

1037 1800 1211 1836 ἀνθρώπινον
1225 1799 1304 1834 γένος
1317 1799 1349 1825 τὺ
1373 1798 1540 1832 κεφάλαιον*
1560 1797 1640 1823 τοῦτο
1656 1796 1684 1822 δὲ
1701 1795 1762 1827 πῶς
1781 1796 1841 1822 οὐκ

1038 1845 1149 1882 εὔδηλον
1170 1847 1212 1873 ὅτι
1237 1846 1286 1873 καὶ
1304 1845 1344 1880 τῷ
1360 1844 1451 1880 ἐχθρῷ
1470 1843 1601 1880 ἁοέλητόν
1614 1852 1644 1869 τε
1661 1842 1708 1869 καλ⁴
1728 1841 1841 1877 ἐσχάτη

1038 1893 1129 1929 πληγή
1142 1902 1150 1927 ;
1163 1893 1194 1919 τὸ
1207 1892 1332 1928 μέντοιγε
1346 1890 1549 1926 σφαγιασοῆναι
1562 1889 1608 1915 τὸν
1623 1889 1698 1921 Υίον,
1713 1888 1782 1923 ὅπερ
1801 1885 1843 1923 ἦν

1038 1940 1055 1975 ἡ
1067 1939 1111 1965 διὰ
1122 1937 1169 1965 τοῦ
1180 1938 1284 1969 πάθους
1308 1937 1442 1974 προϊοῦσα
1466 1935 1575 1971 πρᾶξις,
1602 1934 1663 1961 καθ’
1680 1933 1762 1960 ἑαυτὸ
1783 1934 1842 1968 μὲν

1038 1986 1100 2015 οὔτε
1123 1985 1173 2020 ἡδὺ
1201 1984 1240 2020 τῷ
1265 1984 1354 2020 Πατρὶ
1378 1983 1441 2010 οὔτε
1476 1982 1686 2018 εὐπρόσδεκτον,
1701 1980 1842 2007 ἀλλὰκαὶ

1037 2030 1099 2058 λίαν
1113 2030 1199 2066 ὀργῆς
1216 2029 1293 2062 ἄξιον
1316 2028 1365 2056 καὶ
1392 2027 1478 2064 θυμοῦ
1489 2036 1496 2043 ·
1513 2027 1608 2063 ὥσπερ
1621 2026 1653 2062 δὴ
1666 2025 1705 2061 τῷ
1719 2025 1841 2061 πονηρῷ

1037 2076 1207 2111 καταθύμιόν
1222 2084 1252 2102 τε
1267 2075 1315 2102 καὶ
1340 2075 1450 2102 πάντων
1476 2073 1682 2109 ἐρασμιώτατον
1699 2072 1754 2098 τῶν
1768 2081 1839 2107 τερ-

1038 2122 1113 2158 πνῶν
1123 2131 1129 2138 ·
1146 2121 1187 2148 διὸ
1202 2122 1250 2148 καὶ
1264 2123 1278 2147 ὁ
1288 2120 1479 2155 φιλάνθρωπος
1496 2119 1575 2155 ἡμῶν
1596 2118 1691 2154 Σωτὴρ
1704 2119 1733 2144 ὲν
1752 2117 1840 2153 τύπῳ

1040 2168 1192 2204 μεθοδεύων
1204 2167 1359 2203 προσευχῆς
1383 2167 1433 2202 τὴν
1446 2167 1544 2201 ἄφεσιν
1561 2165 1615 2192 τῶν
1629 2164 1841 2200 ἐξυϐρισάντων

1039 2216 1078 2246 είς
1093 2214 1185 2247 αὑτὸν,
1205 2223 1214 2240 t
1234 2214 1337 2249 Πάτερ,
1352 2215 1445 2248 φησιν,
1477 2212 1544 2247 ἄφες
1567 2211 1658 2243 αὐτοῖς
1670 2210 1720 2246 τὴν
1738 2211 1839 2246 ἁμαρ-

195 2264 276 2288 rans;
294 2265 304 2282 ι
321 2255 412 2290 Pater,
422 2257 469 2289 ait,
482 2257 607 2285 condona
621 2257 675 2285 illis
686 2258 738 2285 hoc
753 2262 912 2293 peccatum;
929 2266 985 2286 non

1076 2270 1098 2288 ιν
1113 2260 1216 2296 ταύτην
1227 2269 1233 2276 ·
1249 2261 1280 2287 οὺ
1295 2260 1350 2295 γὰρ
1365 2259 1468 2287 οἴδασιν
1476 2259 1502 2285 τί
1514 2258 1650 2284 ποιοῦσιν·
1669 2267 1678 2283 ι
1696 2256 1770 2283 οὕτω
1783 2257 1839 2291 μὲν

191 2302 268 2330 enim
285 2302 507 2330 animadvertunt
517 2303 583 2338 quid
598 2308 679 2339 agant
692 2303 724 2330 ".
737 2313 746 2330 I
763 2304 838 2332 Adeo
854 2304 915 2332 Filii
930 2312 985 2332 cae-

192 2347 241 2376 des
254 2352 352 2375 contra
363 2347 452 2375 Patris
467 2348 635 2376 voluntatem
648 2349 739 2382 ﬁebat,
749 2354 779 2377 ut
795 2351 909 2378 multam
921 2351 986 2380 huic

194 2391 364 2420 iracundiam
386 2398 588 2428 commoveret;
604 2402 637 2422 ac
654 2402 765 2423 necesse
781 2395 864 2423 fuerit
890 2397 984 2425 hcsum

194 2438 293 2472 ipsum,
310 2437 514 2473 deprecatorem
536 2439 606 2471 ﬁeri.
620 2448 676 2474 quo
705 2441 742 2468 rei
762 2442 922 2476 poenitentia
936 2451 985 2471 ex-

193 2485 259 2519 piati
284 2492 380 2519 ptenas
403 2486 561 2514 evaderent.
591 2485 685 2522 Neque
709 2492 854 2523 repugnat,
875 2489 984 2517 Patrem

191 2530 254 2561 Filii
270 2539 365 2560 necem
377 2532 495 2561 voluisse
508 2533 609 2569 pariter
623 2541 656 2561 ac
671 2534 791 2562 noluisse
809 2545 816 2562 :
834 2542 898 2563 nam
912 2537 985 2571 quod

193 2585 253 2604 eam
267 2578 357 2610 vellet,
371 2578 478 2607 fructus
494 2580 649 2614 prtestautia
665 2580 692 2607 in
711 2588 795 2608 causa
814 2587 892 2615 erat;
911 2582 984 2617 quod

192 2631 258 2650 vero
281 2624 376 2657 nollet,
393 2625 419 2652 id
442 2625 550 2654 iacinus
568 2635 615 2661 per
633 2635 663 2655 se
678 2632 832 2662 spectatum
858 2629 984 2656 faciebat.

226 2671 253 2697 5.
270 2669 339 2698 Nam
356 2671 437 2699 veluti
450 2672 596 2707 imperator
611 2674 634 2701 si
650 2673 749 2702 [ortcm
762 2675 876 2702 militem
888 2681 984 2703 cernat

191 2719 305 2746 vulnera
319 2719 510 2754 excipientem,
522 2721 734 2757 vulneribusque
745 2723 863 2750 hostium
875 2723 985 2751 ordines

188 2770 412 2797 consumentcm,
427 2767 540 2801 ipsomct
553 2767 614 2795 belli
627 2769 696 2796 dttcc
707 2774 860 2803 prostrato;
877 2769 984 2797 lzctalur

188 2811 319 2847 equidem
332 2812 406 2847 quod
421 2812 560 2841 victoriam
573 2819 702 2842 strenuus
720 2815 762 2843 hic
777 2815 809 2843 de
822 2815 985 2844 adversariis

230 2903 253 2921 ³³
274 2901 339 2931 Luc.
359 2911 436 2938 xxnt,
457 2904 499 2932 54.

1037 2306 1167 2342 ἀθέλητον
1178 2305 1226 2335 τοῦ
1240 2305 1338 2337 Παιδὸς
1352 2306 1368 2340 ἡ
1389 2304 1482 2340 σφαγὴ
1495 2302 1535 2337 τῷ
1552 2302 1649 2337 “arpi,
1667 2301 1714 2328 καὶ
1729 2301 1838 2336 πολλὴν

1037 2352 1086 2387 τὴν
1100 2351 1288 2387 ἀγανάκτησιν
1299 2350 1465 2377 ἁνακινοῦσα
1476 2357 1482 2364 ’
1506 2351 1544 2380 ὠς
1560 2349 1607 2375 καὶ
1628 2347 1714 2382 αὐτῆς
1726 2347 1838 2374 δεῖσθαι

1038 2399 1087 2433 τῆς
1107 2397 1225 2432 δεήσεως
1256 2396 1304 2424 τοῦ
1331 2394 1508 2431 ἠδικημένου,
1524 2394 1567 2429 ἐφ’
1582 2390 1603 2428 ᾧ
1620 2393 1664 2420 διὰ
1684 2393 1837 2428 μετανοίας

1037 2443 1256 2480 καθῃραμένους,
1290 2442 1327 2477 μὴ
1352 2441 1444 2468 δοῦναι
1468 2440 1546 2475 δίκην
1558 2441 1620 2472 τοὺς
1643 2439 1813 2474 ἠδικηκότας
1828 2448 1835 2454 ·

1037 2489 1087 2516 καὶ
1102 2489 1152 2515 οὐκ
1167 2488 1286 2515 ἐναντίον
1302 2489 1332 2514 τὸ
1346 2487 1433 2513 θέλειν
1441 2486 1489 2516 καὶ
1503 2486 1541 2521 μὴ
1555 2485 1644 2512 θέλειν
1654 2485 1700 2512 τὸν
1714 2484 1837 2511 Θάνατον

1038 2535 1086 2563 τοῦ
1098 2535 1162 2562 Υίοῦ
1174 2535 1219 2562 τὸν
1230 2535 1340 2571 Πατέρα
1350 2543 1357 2549 ·
1374 2534 1406 2561 τὸ
1424 2534 1472 2569 μὲν
1483 2534 1548 2568 γὰρ,
1565 2533 1597 2559 ὲκ
1612 2531 1661 2558 τοῦ
1679 2530 1836 2565 ἐκϐεϐηκό-

1038 2591 1084 2614 τος
1098 2581 1310 2618 κατορθώματος
1321 2589 1328 2596 ·
1346 2581 1376 2607 τὸ
1398 2580 1438 2613 δὲ,
1466 2581 1496 2613 ἐξ
1509 2579 1596 2614 αὐτῆς
1608 2579 1657 2614 τῆς
1670 2585 1835 2613 προκαταρ-

1039 2629 1140 2665 χούσης
1155 2628 1264 2662 λέγεται
1279 2627 1418 2663 πράξεως.
1681 2637 1686 2640 ~

1075 2678 1110 2709 γ’.
1123 2674 1257 2710 Καθάπερ
1290 2674 1344 2709 γὰρ
1372 2674 1398 2700 εἴ
1425 2682 1465 2704 τις
1479 2670 1632 2707 στρατηγὸς
1654 2671 1700 2696 τὸν
1717 2669 1836 2705 ἀριστέα

1040 2721 1146 2756 βλέπων
1159 2720 1305 2756 δεχόμενον
1317 2718 1473 2755 τραύματα,
1492 2719 1538 2745 καὶ
1555 2719 1611 2749 τοῖς
1624 2715 1768 2752 {mutilum
1777 2714 1835 2742 τῶν

1040 2767 1169 2794 ἐναντίων
1194 2768 1242 2799 τὰς
1270 2766 1439 2801 παρατάξεις
1461 2765 1602 2797 κενοῦντα,
1625 2764 1671 2791 καὶ
1689 2763 1771 2790 αὑτὸν
1785 2761 1834 2788 τὸν

1043 2815 1162 2851 ἑρχηγὶν
1177 2815 1227 2842 τοῦ
1242 2814 1359 2851 πολέμου
1387 2813 1601 2846 καταϐάλλοντα,
1620 2812 1710 2848 χαίρει
1730 2812 1779 2847 μὲν
1790 2809 1834 2843 οἷς
