1882 3075
95 190 147 222 1'77

566 194 616 223 AD
648 190 945 222 AMPIIILOCHIUM
964 188 1136 224 QUIESTIO
1155 188 1262 219 XXIV.

1677 183 1729 215 1'78

93 247 126 273 τὸ
135 245 266 281 τρόπαιον
280 246 351 273 κατὰ
363 246 417 273 τῶν
437 247 591 274 ἀντιπάλων
610 249 624 274 ό
640 247 768 283 ἀριστευς
782 247 884 281 ἵστησι,

984 248 1045 277 παι,
1063 251 1152 279 neque
1168 243 1228 276 ejus
1242 241 1400 271 vulneribus
1410 263 1418 275 ,
1433 241 1497 268 dum
1512 240 1671 275 prmdarum
1686 240 1729 267 (a-

95 291 213 322 καὶτοῖς
227 292 366 326 τραύμασι
391 292 461 327 πρὸς
485 292 516 318 τὸ
544 293 694 328 παράδοξον
716 292 825 324 βλέπων
837 291 885 318 τοῦ

94 337 312 372 κατορθώματος
341 338 391 364 οὐκ
425 338 587 372 ἀλγύνεται·
605 339 665 366 καθ’
683 339 782 370 ἑαυτὰς
795 338 887 369 δὲτὰς

96 381 206 416 ’πληγὰς
220 382 380 416 λογοθετῶν,
397 383 444 408 καὶ
455 382 557 414 ταύτας
573 382 816 418 ἐπιστρεφόμενος,
829 380 886 416 οὐχ’

96 427 184 461 ἡδέως
197 428 250 462 ὁρᾷ
267 427 438 462 τραυματίαν
450 428 495 453 τὸν
507 427 556 462 τὴν
570 428 649 462 νίκην
665 427 869 462 ἀναδησάμενον
878 433 886 441 ·

97 474 170 500 οὕτω
184 473 213 506 δὲ
223 475 269 501 καὶ
279 475 294 501 ό
311 474 416 509 Πατὴρ,
432 471 472 504 οἷς
483 476 532 509 μὲν
549 473 623 509 ἑώρα
644 473 689 500 τὸν
703 473 769 500 Υἱδν
780 471 827 499 τοῦ
840 473 888 499 ἀν-

96 519 239 555 θρωπίνου
252 519 347 552 γένους
359 520 404 546 τὸν
417 520 545 554 πολέμιον
561 522 621 551 ταῖς
640 520 687 546 ἐπὶ
700 519 748 546 τοῦ
762 518 888 553 σώματος

98 564 219 599 πληγαῖς
237 563 449 597 καταὸἇιλλοντα,
469 565 519 598 τῆς
544 564 603 600 Θεῷ
616 564 773 600 πρεπούσης
788 565 888 599 εὐφρο-

100 609 186 645 αόνης
201 608 245 644 ἦν,
264 611 311 639 καὶ
322 611 381 641 ταῖς
394 610 442 637 τοῦ
457 611 553 642 Παιδὸς
566 610 760 647 ἀνδραγαθίαις
773 609 888 645 ἐσεμνύ-

96 663 178 683 νετο²
192 653 233 687 οἷς
247 655 271 682 δ’
291 656 306 684 ὁ
335 655 462 690 φίλτατος
489 657 757 692 τετραυματισμένος
779 654 815 690 ἦν
828 657 889 687 ταῖς

99 701 220 736 πληγαῖς
233 701 344 732 καὶτοῖς
360 700 482 736 μώλωψι,
505 701 565 728 καθ’
579 701 660 728 ἑαυτό
676 710 708 736 γε
721 703 761 733 εἰς
784 701 889 737 αἰρεσιν

99 746 151 776 οὐκ
169 747 302 781 ἀνέφερε·
316 746 416 781 μᾶλλον
430 747 454 773 δ’
473 746 589 773 ἐνταῦθα
605 746 684 774 πλέον
698 747 728 773 τὸ
747 746 796 781 τῆς
813 745 889 781 θελή-

101 802 183 826 σεως,
197 795 270 829 ἥπερ
281 795 310 820 ὲν
320 794 359 830 τῷ
378 793 595 830 παραδείγματι·
610 795 668 820 ἐκεῖ
678 794 729 829 μὲν
740 794 774 827 γὰ
779 802 794 829 ρ
808 794 890 828 ἀρχο-

101 840 193 874 μένων
206 839 260 865 τῶν
274 840 450 874 τραυμάτων,
475 839 591 874 ἐπείπερ
615 839 712 874 ἄδηλος
728 837 762 875 ἦν
778 840 796 874 ὴ
815 839 890 874 νίκη,

100 885 202 919 πικρὸν
232 885 261 911 τὸ
282 885 372 920 θέαμα
387 885 426 920 τῷ
448 885 604 921 στρατηγῷ,
628 885 677 920 τῆς
703 884 809 920 τροπῆς
834 884 889 910 τῶν

100 930 209 965 ἐχθρῶν
231 929 307 958 οὔπω
331 931 480 966 παρούσης,
505 931 697 965 κατεφαίνετο·
723 930 839 957 ἐνταῦθα
863 930 891 956 δὲ
906 921 929 950 Β

99 977 150 1003 ἀπ’
173 976 262 1003 αὐτῶν
291 977 346 1004 τῶν
364 977 542 1012 τραυμάτων,
563 977 664 1012 μᾶλλον
677 977 707 1003 δὲ
722 977 771 1004 καὶ
786 977 851 1011 πρὶν
873 976 889 1005 ἣ

99 1022 166 1054 τοὺς
181 1023 339 1057 μιαιφόνους
355 1023 400 1050 τὸν
419 1024 534 1058 Σωτῆρα
559 1024 616 1054 τοῖς
629 1022 769 1058 τραύμασι
781 1022 891 1056 ἐνυϐρί-

99 1077 158 1100 σαι,
171 1069 295 1104 λαμπρόν
307 1077 337 1095 τε
363 1069 522 1104 καθεωρᾶτο
545 1069 575 1095 τὸ
597 1070 738 1102 τρόπαιον,
752 1068 800 1095 καὶ
815 1068 891 1094 οὐδὲν

98 1115 210 1142 ἕλαττον
223 1116 240 1151 ἦ
253 1117 299 1142 ὅτε
322 1116 379 1147 τοίς
403 1115 593 1150 ὲναγεστάτοις
608 1115 742 1150 ἐτολμᾶτο
763 1114 797 1141 τὰ
813 1113 891 1141 ἀτόλ-

100 1171 176 1198 μητα
186 1171 193 1178 ·
211 1162 271 1197 Θεῷ
285 1171 317 1189 τε
337 1163 392 1198 γὰρ
407 1163 454 1190 καὶ
469 1162 503 1190 τὰ
516 1162 649 1197 μέλλοντα
666 1162 794 1197 πάρεστι,
810 1161 859 1188 καὶ
872 1161 890 1196 ὴ

99 1208 203 1241 γνῶσις
229 1209 330 1243 ἀμφοῖν
344 1209 453 1244 πρόεισι
470 1208 503 1235 δι’
521 1209 579 1235 icon
590 1216 597 1223 ·
612 1207 687 1235 οὐδὲν
703 1207 764 1234 κατ’
778 1207 843 1234 αὑτό
857 1215 890 1241 γε

98 1251 180 1280 τοῦτο
193 1253 247 1279 τῶν
258 1254 470 1288 ἐπιγενομένων,
482 1253 544 1280 οὔτε
559 1253 612 1280 τῶν
631 1253 716 1280 πάλαι
727 1252 890 1286 γεγονότων,

98 1296 163 1323 οὔτε
176 1298 231 1332 μὴν
247 1298 301 1324 τῶν
327 1298 379 1333 ἥδη
407 1297 559 1333 παρόντων,
581 1298 611 1324 τὸ
624 1297 736 1324 ἔλαττον
753 1298 891 1332 ἀποφερο-

101 1343 206 1377 μένων·
224 1343 301 1370 οὐδὲν
315 1341 362 1370 οὖν
376 1343 478 1379 ἄπορον
499 1343 539 1370 ἔτι
556 1343 751 1378 παραδέχεται,
764 1343 795 1369 τδ
809 1341 890 1378 θελη-

98 1389 146 1416 τὸν
154 1387 225 1416 εἶναι
239 1389 278 1424 τῷ
292 1390 379 1425 Πατρ).
390 1390 436 1416 τὸν
453 1389 567 1416 θάνατον
581 1389 628 1416 τοῦ
648 1389 712 1415 Υῑοῠ
730 1388 777 1415 καὶ
792 1388 890 1423 ἁθέλη-

98 1443 146 1462 τον
158 1443 164 1449 ·
179 1435 241 1462 οὐδὲ
250 1435 281 1462 τὸ
294 1435 411 1471 σπουδὴν
424 1436 475 1470 μὲν
490 1435 569 1462 αὑτὸν
583 1433 654 1461 εἶναι
663 1434 890 1470 καταπραχθῆναι

98 1481 305 1517 τῷάρχηκάκῳ
328 1482 376 1515 τῆς
402 1482 509 1516 φύσεως
537 1481 616 1516 ἡμῶν
631 1481 732 1516 ἐχθρῷ,
748 1480 839 1516 πάσης
860 1479 890 1506 δὲ

100 1527 204 1561 μᾶλλον
233 1526 426 1561 χαλεπωτέραν
453 1526 560 1561 πληγὴν
585 1525 679 1561 φέρειν
705 1525 736 1552 τὸ
758 1525 889 1560 προελθὸν

98 1573 189 1607 πέρας
196 1572 250 1598 ἀπὺ
256 1573 305 1607 τῆς
313 1572 430 1607 σπουδῆς
440 1581 447 1588 ·
458 1573 472 1598 ὁ
482 1572 531 1607 μὲν
542 1572 596 1607 γὰρ
608 1572 725 1608 πονηρὸς
737 1571 776 1606 τῷ
791 1572 888 1606 αἵματι

100 1606 204 1654 χαίρων
214 1619 262 1645 καὶ
285 1606 444 1654 περιχανὼν
461 1606 508 1645 τοῦ
534 1606 670 1653 Σωτῆρος,
681 1606 762 1644 οὔπω
779 1618 829 1652 τῆς
840 1626 889 1652 χα-
902 1606 924 1636 c

101 1666 152 1699 pi;
168 1665 225 1695 τοῖς
239 1664 403 1699 σπλάγχνοις
422 1664 663 1699 ὲμῦαθυναμένης.
678 1663 729 1699 τήν
740 1672 771 1690 τε
781 1663 890 1690 ἀνίατον

99 1710 163 1745 ἔσχε
196 1709 458 1744 καταλαμϐάνουσαν
484 1709 603 1745 πληγὴν,
633 1710 680 1736 καὶ
706 1710 752 1737 τὸν
781 1710 892 1745 δλεθρον

100 1756 292 1791 ἀπαραίτητον
305 1764 312 1770 ·
331 1758 344 1783 ὁ
357 1756 387 1782 δὲ
406 1756 502 1792 Πατὴρ
517 1757 567 1783 οὐκ
582 1757 765 1792 ἀρεσκόμενος
780 1756 892 1783 αὐτόθεν

101 1803 135 1836 τῇ
151 1801 199 1828 τοῦ
211 1802 328 1836 αἵματος
339 1802 428 1836 χύσει,
437 1802 542 1837 ἠρέσθη
558 1810 587 1828 τε
611 1802 728 1837 μάλιστα
742 1802 893 1839 συμπροῖὸν

101 1850 132 1874 τὸ
150 1848 226 1880 τέλος
256 1849 338 1884 ὁρῶν,
362 1849 408 1875 καὶ
439 1848 595 1884 περιχαριῖκ
622 1848 821 1884 προσεδέξατο·
843 1849 893 1874 οὐκ

101 1894 169 1920 αὐτὸ
199 1893 279 1920 τοῦτο
305 1894 390 1929 φιλῶν
408 1894 457 1930 τὴν
471 1894 579 1929 σφαγὴν
603 1894 650 1921 τοῦ
663 1888 772 1927 Παιδὸς,
789 1894 846 1920 ἀλλ’
861 1896 894 1921 ὲκ

100 1939 150 1966 ⁴τοῦ
165 1939 270 1971 τέλους,
287 1939 326 1971 ὼς
343 1940 460 1975 εἴρηται,
477 1941 526 1967 καὶ
549 1939 649 1974 ταύτην
666 1939 893 1976 ἐξοικειούμενος,

102 1985 150 2010 καὶ
162 1985 203 2016 εἰς
218 1985 341 2018 εὐδοκίας
355 1985 432 2019 λόγον
450 1985 617 2020 μεταποιῶν.

137 2031 170 2057 δ’.
184 2031 239 2057 Καὶ
249 2031 324 2066 ἔχεις
350 2032 498 2058 κάντεῦθεν
509 2032 534 2059 εἰ
547 2031 635 2067 βούλει
650 2032 698 2060 καὶ
715 2033 893 2068 ἀπορήματος

100 2076 220 2103 παλαιοῦ
236 2077 304 2112 πρὸς
315 2076 391 2103 λύσιν
415 2078 522 2112 ὁρῶσαν
546 2078 735 2112 ἀναφυομένην
748 2078 876 2113 ἀφορμήν
885 2086 892 2093 ·

101 2122 133 2148 τὸ
145 2122 175 2148 δὲ
189 2122 322 2157 ἁπόρημα
332 2123 356 2149 εἰ
368 2123 416 2150 καὶ
434 2124 491 2154 τοῖς
511 2123 545 2150 τὰ
559 2123 618 2150 θεῖα
639 2123 831 2158 φιλοσοφοῦσιν
845 2124 895 2150 οὐκ

101 2168 211 2202 ἄδηλον,
230 2166 345 2195 ἀλλὀὗν
370 2169 410 2200 εἰς
438 2169 530 2204 κοινὴν
542 2170 670 2196 ἁπάντων
684 2169 786 2203 γνῶσιν
807 2170 895 2196 εἰπεῖν

100 2213 339 2248 λυσιτελέστερον·
357 2215 381 2240 εί
397 2213 494 2249 λύτρον
520 2213 598 2249 ἐδόθη
616 2214 646 2240 τὸ
669 2216 801 2249 σωτήριον
825 2212 895 2249 αἷμα

99 2262 152 2295 τὴν
167 2261 223 2287 ἀπὸ
238 2260 288 2295 τῆς
299 2260 487 2296 αἰχμαλωσίας
499 2261 648 2297 ἀνάρρυσιν
655 2262 702 2288 τοῦ
710 2262 804 2296 γένους
815 2262 894 2298 ἡμῶν

102 2305 313 2340 μεθοδεῦον,τίς
341 2308 357 2333 ό
384 2306 474 2333 λαϐών
501 2307 581 2341 (58);
603 2308 691 2342 Πατρὶ
712 2308 828 2343 μὲνγὰρ
842 2309 892 2344 οὐχ

101 2352 151 2386 ἡδὺ
165 2352 213 2377 τοῦ
234 2351 333 2383 Παιδὸς
348 2352 365 2387 ἡ
385 2353 491 2387 σφαγή·
510 2352 549 2387 τῷ
564 2353 594 2380 δὲ
610 2353 696 2390 λῃστῇ
709 2354 767 2386 πῶς
782 2356 812 2381 οὐ
828 2355 890 2381 τολ-

103 2397 193 2431 μηρὸν
218 2397 267 2424 καὶ
293 2399 378 2432 φονεῖ.
397 2398 487 2426 δοῦναι
503 2399 604 2434 Κύριον
627 2399 742 2434 αἵματος
763 2401 890 2435 γενέσθαι

99 2443 147 2469 τοῦ
159 2444 340 2477 δεσποτικοῦ;
356 2445 439 2472 πολλὰ
456 2446 504 2480 μὲν
514 2446 569 2481 γὰρ
582 2447 630 2473 καὶ
649 2446 716 2474 ἄλλα
731 2446 780 2482 τὴν
796 2447 888 2474 διάλυ-

102 2498 144 2515 σιν
161 2490 334 2524 παραστήσει
343 2490 390 2516 τοῦ
399 2490 567 2526 ζητήματος,
581 2488 618 2517 ὧν
630 2492 681 2518 οὐκ
697 2492 813 2527 ἄκαιρον
827 2492 892 2524 ἴσως

103 2534 161 2568 μετ’
177 2533 268 2568 ὀλίγον
283 2535 500 2570 ἐπιμνησθῆναι·
524 2536 555 2563 τὸ
571 2536 599 2563 δὲ
616 2536 660 2563 διὰ
680 2537 733 2563 τῶν
754 2537 892 2572 ῥηθέντων

101 2580 208 2614 προῑὺν,
230 2580 245 2606 ὁ
281 2581 374 2616 Πατὴρ
402 2581 452 2616 μὲν
473 2581 578 2617 δέχεται
596 2582 626 2608 τὸ
648 2580 718 2617 αἷμα
733 2583 780 2610 τοῦ
794 2583 893 2615 Παιδὸς

102 2626 178 2661 πόθῳ
201 2626 249 2653 τοῦ
272 2626 454 2662 ἐκϐεϐηκότας
468 2635 476 2644 ο
503 2628 518 2654 ό
539 2628 567 2654 δὲ
595 2629 713 2663 πονηρὸς
730 2629 830 2665 ἐτόλμα
843 2629 893 2664 μὲν

102 2672 149 2698 καὶ
162 2672 330 2708 ἐθρασύνετο
354 2673 457 2708 λαϐεῖν,
484 2674 615 2701 ἀντέλαϐε
628 2674 657 2701 δὲ
670 2675 720 2710 τῆς
734 2676 892 2711 τυραννίδος

937 292 1016 318 cinus
1028 294 1142 325 spectat,
1157 290 1245 323 dolet;
1260 289 1308 316 sed
1325 294 1414 315 tamen
1435 292 1528 323 postea
1548 287 1641 322 plagas
1655 287 1729 322 ipsas

938 344 988 371 per
1003 343 1033 364 se
1048 336 1236 367 considerans,
1249 339 1330 369 atque
1345 334 1389 360 his
1402 338 1566 364 commotus,
1582 338 1726 360 cruentam

937 382 1079 410 victoriam
1098 381 1170 408 haud
1191 381 1252 408 laeto
1268 381 1361 408 animo
1373 379 1470 414 aspicit
1483 388 1490 405 :
1503 379 1544 406 sic
1563 379 1644 406 Pater
1660 386 1728 412 qua-

938 433 1018 455 tenus
1030 427 1118 462 gentis
1139 427 1264 454 humanae
1278 426 1381 453 hostem
1393 433 1408 452 a
1421 425 1489 452 Filio
1502 432 1553 452 suo
1566 425 1684 459 acceptis
1699 424 1728 450 in

938 481 1052 508 corpore
1064 473 1222 500 vulneribus
1234 471 1407 507 proﬂigatum
1417 471 1537 503 videbat.
1549 470 1657 505 dignam
1673 470 1730 497 Deo

940 520 1058 547 laetitiam
1079 519 1216 554 capiebat,
1228 518 1345 552 Filiiquc
1362 516 1519 545 fortitudine
1541 516 1727 551 gloriabatur:

939 571 1073 601 quatenus
1086 573 1148 592 vero
1161 565 1338 592 cbarissimus
1351 564 1396 591 ille
1409 563 1494 598 p!agis
1508 566 1590 597 atque
1598 561 1730 589 vibicibus

940 611 1118 643 onerabatur,
1143 610 1172 637 id
1195 618 1243 646 per
1258 617 1298 642 se,
1326 610 1454 644 inquam,
1469 615 1548 644 aquo
1570 608 1662 635 animo
1674 615 1729 634 non

942 657 1055 685 ferebat.
1069 656 1221 691 (Σειδοηυὶ
1234 656 1295 691 plus
1306 656 1456 683 voluntatis
1467 655 1495 682 in
1509 655 1637 690 passione
1650 654 1732 682 Chri-

941 703 988 735 sti,
999 711 1080 738 quam
1104 711 1132 730 tu
1149 703 1290 737 proposito
1302 702 1428 736 exemplo
1441 705 1578 729 versatum
1593 705 1645 728 est.
1662 699 1731 726 Nam

941 749 1013 783 quod
1023 748 1121 775 attinet
1132 747 1165 774 ad
1178 747 1345 781 exemplum,
1357 747 1421 774 dum
1438 746 1550 774 vulnera
1563 745 1671 781 quidem
1679 745 1731 772 im-

942 799 1092 829 ponuntur,
1104 793 1205 821 incerta
1216 794 1306 820 adhuc
1319 793 1445 825 victoria,
1461 797 1560 820 tetrum
1573 792 1731 827 imperatori

943 839 1124 874 spectaculum
1139 844 1191 871 est,
1205 840 1324 866 nondum
1337 839 1460 867 hostibus
1472 838 1623 872 inclinatis;
1637 846 1733 866 verum

943 886 970 913 in
997 885 1100 912 Christi
1123 885 1249 920 passione
1280 886 1347 920 ipso.
1367 885 1510 913 vulnerum
1539 884 1639 916 initio.
1677 884 1734 911 imo

945 932 1104 967 priusquam
1120 932 1225 960 cruenti
1240 932 1278 959 illi
1294 932 1465 959 Servatoreln
1485 931 1572 966 plagis
1583 931 1733 962 adicerent,

943 979 1114 1013 splendidum
1154 978 1316 1006 coruscabat
1342 982 1600 1013 tropaeumzneque
1625 977 1733 1004 minore

943 1026 1135 1060 perspicuitate
1145 1032 1226 1059 quam
1238 1030 1331 1060 postea
1343 1024 1431 1052 visum
1443 1029 1496 1057 est,
1512 1032 1572 1052 cum
1588 1024 1606 1050 ii
1621 1024 1732 1052 scelesti

942 1070 1062 1098 immane
1086 1071 1191 1098 facinus
1203 1071 1259 1105 jam
1291 1074 1523 1106 perpetraverant.
1546 1070 1652 1105 Quippe
1676 1070 1732 1096 Deo

942 1114 1033 1142 futura
1057 1123 1166 1150 quoque
1182 1116 1354 1149 praesentium
1369 1116 1456 1143 instar
1472 1119 1552 1147 sunt,
1578 1115 1657 1149 isque
1672 1115 1733 1149 pali

942 1161 1086 1195 utriusque
1115 1161 1248 1195 temporis
1277 1161 1392 1189 scientia
1419 1161 1567 1188 utitur:et
1594 1168 1642 1188 seu
1671 1168 1733 1196 quae

941 1207 1031 1234 adhuc
1041 1211 1173 1234 eventura
1189 1211 1263 1239 sunt,
1277 1213 1325 1234 seu
1341 1214 1402 1241 qua:
1411 1206 1516 1241 jamdiu
1529 1206 1732 1241 praeterierunt,

941 1259 990 1279 seu
1004 1252 1124 1287 denique
1143 1259 1205 1287 quae
1225 1253 1251 1279 in
1266 1252 1392 1287 praesenti
1410 1252 1522 1285 adsunt,
1542 1252 1640 1287 aequali
1656 1252 1731 1287 apud

941 1297 1027 1325 Deum
1043 1297 1200 1325 conditione
1212 1297 1351 1325 fruuntur.
1375 1297 1435 1325 Jam
1453 1298 1556 1325 nullam
1571 1298 1662 1332 itaque
1676 1299 1731 1326 du-

941 1342 1099 1369 bitationem
1115 1342 1226 1377 patitur,
1239 1342 1314 1377 quod
1334 1341 1396 1369 Filii
1411 1341 1502 1370 obitus
1516 1346 1544 1370 et
1558 1342 1732 1370 voluntarius

940 1388 1015 1416 Patri
1030 1388 1114 1416 l'ucrit
1128 1393 1159 1416 et
1174 1388 1388 1416 involuntarius.
1403 1389 1510 1417 Rursus
1532 1396 1609 1424 atque
1623 1389 1733 1417 indubi-

941 1439 1025 1463 tatum
1041 1439 1092 1467 est,
1118 1435 1241 1462 studiose
1257 1435 1283 1462 in
1301 1434 1407 1462 {acinus
1430 1435 1465 1463 ab
1488 1435 1602 1470 antiquo
1627 1441 1733 1462 natum

941 1485 1043 1508 nostra
1054 1480 1133 1508 hoste
1146 1480 1229 1508 fuisse
1242 1485 1383 1514 curatum;
1396 1481 1514 1515 itemque
1524 1481 1732 1508 acerbissimam

941 1525 1065 1553 ournium
1077 1525 1193 1559 cladem,
1207 1534 1237 1554 re
1248 1526 1353 1560 eil'ecta,
1367 1527 1505 1554 diabolum
1516 1534 1567 1555 suo
1579 1527 1629 1554 sibi
1642 1527 1733 1554 studio

941 1570 1076 1598 intulisse.
1085 1570 1192 1598 Etenim
1207 1571 1250 1599 his
1260 1572 1306 1607 qui
1321 1571 1475 1600 Scrvatoris
1487 1580 1585 1600 cruore
1597 1573 1734 1607 gaudebat

942 1618 1023 1653 eique
1036 1618 1179 1651 inhiabat,
1195 1619 1296 1654 gaudio
1310 1628 1361 1647 suo
1374 1620 1525 1648 visceribus
1550 1620 1670 1647 nondum
1690 1628 1733 1647 re-

942 1669 1030 1700 cepto.
1044 1664 1216 1692 mortiferum
1229 1665 1329 1692 vulnus
1338 1670 1419 1701 atque
1432 1665 1604 1693 ineluctabile
1619 1665 1732 1692 exitium

941 1717 1086 1746 perpessus
1099 1714 1151 1738 est.
1162 1710 1263 1738 Contra
1275 1710 1366 1743 Pater.
1380 1712 1433 1739 etsi
1444 1711 1586 1746 sanguinis
1599 1710 1733 1738 eﬂ‘usione

943 1755 1014 1783 illico
1024 1763 1079 1783 non
1097 1759 1139 1783 est
1151 1756 1270 1792 gavisus.
1291 1756 1481 1790 nihilominus,
1498 1758 1537 1785 rei
1554 1758 1656 1785 exitqu
1672 1765 1734 1792 spe-

934 1798 1031 1833 ‘ctans,
1041 1808 1215 1836 summopere
1228 1801 1425 1833 delectabatur,
1439 1806 1520 1836 atque
1531 1801 1604 1829 hunc
1615 1809 1677 1828 eum
1692 1801 1735 1828 in-

942 1846 1016 1882 genti
1045 1847 1140 1874 laetitia
1169 1847 1365 1881 exspectabat:
1383 1848 1455 1875 haud
1481 1855 1547 1875 sane
1571 1848 1643 1883 quod
1670 1846 1734 1874 Filii

943 1892 1043 1920 caedem
1057 1900 1105 1927 per
1116 1899 1145 1920 se
1158 1892 1243 1927 ipsam
1257 1897 1408 1927 expeteret;
1423 1893 1471 1920 sed
1486 1893 1521 1920 ob
1532 1893 1591 1928 ejus
1603 1893 1734 1926 fructum,

944 1943 973 1966 ut
985 1938 1115 1969 diximus.
1134 1938 1204 1966 hanc
1228 1939 1394 1974 amplectens
1418 1943 1501 1973 atque
1519 1939 1546 1966 in
1570 1939 1608 1966 rei
1630 1939 1736 1973 placilm

945 1985 1008 2013 loro
1027 1993 1143 2020 ponens.

984 2031 1011 2058 ι.
1028 2031 1114 2059 Porro
1125 2036 1219 2058 autem
1235 2031 1300 2059 hinc
1319 2035 1397 2066 potes
1420 2031 1523 2059 veteris
1534 2038 1645 2066 quoque
1658 2038 1735 2066 qua:-

944 2077 1041 2104 stionis
1056 2077 1236 2105 dissolvendae
1253 2077 1425 2106 occasionem
1439 2078 1604 2110 ultroneam,
1623 2077 1645 2105 si
1658 2077 1734 2111 libet,

944 2131 1042 2158 capere
1053 2132 1059 2150 :
1072 2131 1131 2158 qua:
1144 2131 1210 2151 sane
1225 2124 1340 2159 quaestio
1351 2131 1506 2159 quanquam
1518 2131 1602 2151 sacrm
1614 2123 1736 2151 scientiae

944 2169 1076 2196 studiosis
1103 2177 1158 2196 non
1174 2175 1215 2195 est
1231 2169 1382 2203 incognita,
1399 2177 1473 2196 nunc
1495 2173 1586 2196 tamen
1607 2175 1662 2195 non
1676 2169 1736 2195 sine

945 2214 1037 2242 fructu
1052 2215 1086 2242 ad
1098 2223 1276 2242 counuunem
1291 2215 1415 2242 omnium
1429 2215 1553 2243 notitiam
1569 2214 1732 2250 proferetur.

947 2260 976 2288 Si
987 2261 1065 2296 pretii
1077 2261 1137 2289 loco
1150 2260 1305 2289 Servatoris
1314 2262 1425 2297 sanguis
1434 2262 1513 2289 datus
1524 2261 1584 2294 fuit,
1594 2261 1640 2296 qui
1649 2261 1735 2289 nostri

946 2305 1054 2340 generis
1079 2313 1093 2332 a
1110 2305 1267 2340 captivitate
1290 2305 1504 2340 redemptionem
1531 2309 1658 2337 curaret,
1672 2305 1734 2340 quis

944 2351 1003 2386 ejus
1019 2355 1143 2385 receptor
1160 2350 1220 2378 est?
1235 2351 1309 2379 Patri
1323 2355 1397 2378 certe
1410 2351 1483 2378 baud
1506 2355 1565 2378 erat
1580 2356 1657 2386 grata
1673 2350 1734 2378 Filii

944 2397 1049 2424 caules:
1064 2397 1164 2424 latroni
1180 2402 1270 2425 autem
1295 2403 1322 2425 et
1339 2397 1483 2425 homicida:
1508 2397 1617 2425 diabolo
1639 2397 1733 2430 quidni

942 2444 978 2471 sit
988 2444 1123 2471 nefarium
1130 2443 1268 2470 Dotninici
1278 2444 1419 2478 sanguinis
1429 2448 1588 2478 potestatem
1596 2443 1715 2470 tribuere
1721 2442 1734 2468 ‘i

942 2489 1009 2517 Aliae
1019 2489 1130 2524 quidem
1141 2490 1233 2517 multa:
1241 2490 1401 2525 quaestionis
1413 2490 1565 2517 solutiones
1575 2493 1650 2522 sunt,
1666 2497 1735 2524 quas

943 2535 1024 2570 paulo
1039 2541 1102 2571 post
1121 2544 1275 2564 memorate
1290 2544 1345 2564 non
1360 2537 1414 2564 erit
1424 2536 1541 2564 fortasse
1561 2536 1733 2571 intempesti-

944 2583 1092 2610 vumzsed
1121 2584 1178 2611 haec
1204 2588 1300 2618 sponte
1324 2590 1358 2611 ex
1382 2588 1446 2611 ante
1472 2583 1552 2610 dictis
1575 2583 1646 2616 ﬂuit,
1660 2582 1734 2618 quod

945 2636 1042 2663 nempe
1055 2629 1137 2656 Pater
1155 2628 1219 2656 Filii
1246 2629 1410 2664 sanguinem
1438 2629 1501 2656 boni
1519 2629 1624 2657 fructus
1641 2629 1734 2657 studio

944 2676 1082 2710 suscepit;
1096 2675 1223 2703 diabolus
1239 2681 1330 2703 autent
1347 2684 1409 2704 cum
1427 2675 1518 2704 furore
1531 2680 1558 2704 et
1572 2676 1687 2704 audacia
1698 2676 1732 2703 ad

859 2764 978 2796 NOTAE.

132 2826 299 2867 .(Bsisuper
329 2827 381 2855 hac
413 2829 565 2867 quaestione
604 2830 767 2859 celebratum
795 2837 890 2867 postea

100 2860 152 2900 iuit
166 2863 240 2900 apud
261 2862 370 2900 graecos
405 2860 552 2892 multorum
583 2866 770 2900 episcoporum
795 2860 889 2895 conci-

102 2897 176 2930 liutn,
194 2898 246 2926 sub
263 2897 387 2927 Manuelc
412 2899 475 2934 imp.
494 2897 642 2934 Canutcim,
668 2897 739 2936 quod
765 2907 889 2931 accurate

945 2833 1231 2860 mmmcmoratetiani
1248 2832 1419 2868 Ephraemius
1432 2842 1446 2861 a
1468 2842 1510 2861 mc
1525 2834 1612 2862 editus
1628 2833 1654 2860 in
1670 2832 1730 2860 Cm-

945 2869 1052 2895 ~aribus
1067 2877 1092 2894 v.
1111 2869 1181 2896 4⁵142
1195 2875 1272 2903 seqq.
1294 2869 1368 2903 Ipsos
1391 2869 1513 2903 praulicti
1531 2869 1639 2897 concilii
1653 2873 1731 2903 actus

944 2913 993 2937 ego
1011 2904 1082 2931 ἱινυνι
1100 2905 1220 2931 editurus
1231 2912 1302 2932 sum.
