  <div class='ocr_page' id='page_1' title='image "/cluster/home/n/w/nwhite01/storage/ocr_20150623/101/njp.32101077772877/154.png"; bbox 0 0 1882 3075; ppageno 0'>
   <div class='ocr_carea' id='block_1_1' title="bbox 119 176 168 210">
    <p class='ocr_par' dir='ltr' id='par_1_1' title="bbox 119 176 168 210">
     <span class='ocr_line' id='line_1_1' title="bbox 119 176 168 210; baseline 0.02 -1"><span class='ocrx_word' id='word_1_1' title='bbox 119 176 168 210; x_wconf 84' lang='grc'><strong>181</strong></span> 
     </span>
    </p>
   </div>
   <div class='ocr_carea' id='block_1_2' title="bbox 153 237 947 275">
    <p class='ocr_par' dir='ltr' id='par_1_2' title="bbox 153 237 947 275">
     <span class='ocr_line' id='line_1_2' title="bbox 153 237 947 275; baseline 0.003 -11"><span class='ocrx_word' id='word_1_2' title='bbox 153 240 186 265; x_wconf 80' lang='grc' dir='ltr'><strong>ε’.</strong></span> <span class='ocrx_word' id='word_1_3' title='bbox 200 237 255 264; x_wconf 82' lang='grc' dir='ltr'><strong>Καὶ</strong></span> <span class='ocrx_word' id='word_1_4' title='bbox 266 237 346 273; x_wconf 80' lang='grc' dir='ltr'>δῆλον</span> <span class='ocrx_word' id='word_1_5' title='bbox 359 238 397 270; x_wconf 82' lang='grc' dir='ltr'>ὡς</span> <span class='ocrx_word' id='word_1_6' title='bbox 410 238 441 265; x_wconf 87' lang='grc' dir='ltr'>οὺ</span> <span class='ocrx_word' id='word_1_7' title='bbox 452 238 506 274; x_wconf 78' lang='grc' dir='ltr'><strong>χρὴ</strong></span> <span class='ocrx_word' id='word_1_8' title='bbox 522 238 663 274; x_wconf 76' lang='grc' dir='ltr'>βιάζεσθαι</span> <span class='ocrx_word' id='word_1_9' title='bbox 678 240 910 275; x_wconf 66' lang='grc' dir='ltr'>συνεψαῃωττειν</span> <span class='ocrx_word' id='word_1_10' title='bbox 925 246 947 272; x_wconf 71' lang='grc' dir='ltr'>Α</span> 
     </span>
    </p>
   </div>
   <div class='ocr_carea' id='block_1_3' title="bbox 117 285 912 320">
    <p class='ocr_par' dir='ltr' id='par_1_3' title="bbox 117 285 912 320">
     <span class='ocr_line' id='line_1_3' title="bbox 117 285 912 320; baseline 0.005 -11"><span class='ocrx_word' id='word_1_11' title='bbox 117 285 176 316; x_wconf 73' lang='grc' dir='ltr'>τοῖς</span> <span class='ocrx_word' id='word_1_12' title='bbox 193 285 265 311; x_wconf 69' lang='grc' dir='ltr'>κατὰ</span> <span class='ocrx_word' id='word_1_13' title='bbox 283 285 439 320; x_wconf 78' lang='grc' dir='ltr'><strong>μεταφορὰν</strong></span> <span class='ocrx_word' id='word_1_14' title='bbox 462 285 629 320; x_wconf 79' lang='grc' dir='ltr'><strong>λεγομένοις,</strong></span> <span class='ocrx_word' id='word_1_15' title='bbox 645 286 695 313; x_wconf 83' lang='grc' dir='ltr'>ὅσα</span> <span class='ocrx_word' id='word_1_16' title='bbox 713 286 822 318; x_wconf 80' lang='grc' dir='ltr'>πάντως</span> <span class='ocrx_word' id='word_1_17' title='bbox 841 295 912 320; x_wconf 82' lang='grc' dir='ltr'>παρ-</span> 
     </span>
    </p>
   </div>
   <div class='ocr_carea' id='block_1_4' title="bbox 119 330 910 367">
    <p class='ocr_par' dir='ltr' id='par_1_4' title="bbox 119 330 910 367">
     <span class='ocr_line' id='line_1_4' title="bbox 119 330 910 367; baseline 0.004 -12"><span class='ocrx_word' id='word_1_18' title='bbox 119 330 237 356; x_wconf 75' lang='grc' dir='ltr'>έπεσθαι</span> <span class='ocrx_word' id='word_1_19' title='bbox 255 331 334 357; x_wconf 84' lang='grc' dir='ltr'>εῐωοε</span> <span class='ocrx_word' id='word_1_20' title='bbox 348 331 387 366; x_wconf 86' lang='grc' dir='ltr'>τῷ</span> <span class='ocrx_word' id='word_1_21' title='bbox 401 331 472 358; x_wconf 79' lang='grc' dir='ltr'><strong>κατά</strong></span> <span class='ocrx_word' id='word_1_22' title='bbox 483 331 532 366; x_wconf 75' lang='grc' dir='ltr'>τὴν</span> <span class='ocrx_word' id='word_1_23' title='bbox 547 331 593 358; x_wconf 84' lang='grc' dir='ltr'>ἀπ’</span> <span class='ocrx_word' id='word_1_24' title='bbox 607 331 694 367; x_wconf 85' lang='grc' dir='ltr'>ἀρχῆς</span> <span class='ocrx_word' id='word_1_25' title='bbox 706 331 780 358; x_wconf 84' lang='grc' dir='ltr'><strong>θέσιν</strong></span> <span class='ocrx_word' id='word_1_26' title='bbox 793 332 841 366; x_wconf 80' lang='grc' dir='ltr'>τῆς</span> <span class='ocrx_word' id='word_1_27' title='bbox 852 340 910 366; x_wconf 85' lang='grc' dir='ltr'>φω-</span> 
     </span>
    </p>
   </div>
   <div class='ocr_carea' id='block_1_5' title="bbox 119 375 912 412">
    <p class='ocr_par' dir='ltr' id='par_1_5' title="bbox 119 375 912 412">
     <span class='ocr_line' id='line_1_5' title="bbox 119 375 912 412; baseline 0.001 -10"><span class='ocrx_word' id='word_1_28' title='bbox 119 375 169 410; x_wconf 81' lang='grc' dir='ltr'>νῆς</span> <span class='ocrx_word' id='word_1_29' title='bbox 184 376 373 411; x_wconf 81' lang='grc' dir='ltr'>ὡνομασμένῳ</span> <span class='ocrx_word' id='word_1_30' title='bbox 388 384 395 391; x_wconf 89' lang='grc'>·</span> <span class='ocrx_word' id='word_1_31' title='bbox 419 376 460 403; x_wconf 80' lang='grc' dir='ltr'>δεῖ</span> <span class='ocrx_word' id='word_1_32' title='bbox 473 377 526 412; x_wconf 77' lang='grc' dir='ltr'>γὰρ</span> <span class='ocrx_word' id='word_1_33' title='bbox 540 377 581 409; x_wconf 82' lang='grc' dir='ltr'><strong>εἰς</strong></span> <span class='ocrx_word' id='word_1_34' title='bbox 595 377 685 404; x_wconf 79' lang='grc' dir='ltr'>κοινὸν</span> <span class='ocrx_word' id='word_1_35' title='bbox 702 378 852 410; x_wconf 71' lang='grc' dir='ltr'>ἀναγαγεῖν</span> <span class='ocrx_word' id='word_1_36' title='bbox 864 377 912 404; x_wconf 81' lang='grc' dir='ltr'><strong>τύ-</strong></span> 
     </span>
    </p>
   </div>
   <div class='ocr_carea' id='block_1_6' title="bbox 120 421 912 458">
    <p class='ocr_par' dir='ltr' id='par_1_6' title="bbox 120 421 912 458">
     <span class='ocr_line' id='line_1_6' title="bbox 120 421 912 458; baseline 0.003 -11"><span class='ocrx_word' id='word_1_37' title='bbox 120 430 180 453; x_wconf 76' lang='grc' dir='ltr'>πον,</span> <span class='ocrx_word' id='word_1_38' title='bbox 197 421 215 448; x_wconf 79' lang='grc' dir='ltr'><strong>ἃ.</strong></span> <span class='ocrx_word' id='word_1_39' title='bbox 229 422 278 448; x_wconf 82' lang='grc' dir='ltr'>νῦν</span> <span class='ocrx_word' id='word_1_40' title='bbox 294 422 342 448; x_wconf 79' lang='grc' dir='ltr'><strong>ἐπὶ</strong></span> <span class='ocrx_word' id='word_1_41' title='bbox 356 422 403 449; x_wconf 83' lang='grc' dir='ltr'>τοῦ</span> <span class='ocrx_word' id='word_1_42' title='bbox 418 423 600 458; x_wconf 73' lang='grc' dir='ltr'>προταθὲντος</span> <span class='ocrx_word' id='word_1_43' title='bbox 614 423 772 458; x_wconf 73' lang='grc' dir='ltr'>ἐγυμνάσθη</span> <span class='ocrx_word' id='word_1_44' title='bbox 790 422 912 458; x_wconf 75' lang='grc' dir='ltr'>προσλή-</span> 
     </span>
    </p>
   </div>
   <div class='ocr_carea' id='block_1_7' title="bbox 121 467 912 503">
    <p class='ocr_par' dir='ltr' id='par_1_7' title="bbox 121 467 912 503">
     <span class='ocr_line' id='line_1_7' title="bbox 121 467 912 503; baseline 0.001 -10"><span class='ocrx_word' id='word_1_45' title='bbox 121 476 206 502; x_wconf 82' lang='grc' dir='ltr'>ματος</span> <span class='ocrx_word' id='word_1_46' title='bbox 219 475 227 482; x_wconf 90' lang='grc'><strong>·</strong></span> <span class='ocrx_word' id='word_1_47' title='bbox 257 468 295 498; x_wconf 85' lang='grc' dir='ltr'><strong>ὡς</strong></span> <span class='ocrx_word' id='word_1_48' title='bbox 316 467 350 494; x_wconf 82' lang='grc' dir='ltr'>ἂν</span> <span class='ocrx_word' id='word_1_49' title='bbox 370 469 439 503; x_wconf 79' lang='grc' dir='ltr'>πρὸς</span> <span class='ocrx_word' id='word_1_50' title='bbox 457 468 542 495; x_wconf 74' lang='grc' dir='ltr'>πολλὰ</span> <span class='ocrx_word' id='word_1_51' title='bbox 559 468 601 503; x_wconf 73' lang='grc' dir='ltr'>εἴη</span> <span class='ocrx_word' id='word_1_52' title='bbox 619 467 672 494; x_wconf 85' lang='grc' dir='ltr'><strong>τῶν</strong></span> <span class='ocrx_word' id='word_1_53' title='bbox 689 468 774 503; x_wconf 80' lang='grc' dir='ltr'>αὐτὴν</span> <span class='ocrx_word' id='word_1_54' title='bbox 796 467 912 502; x_wconf 81' lang='grc' dir='ltr'>ἀπορίαν</span> 
     </span>
    </p>
   </div>
   <div class='ocr_carea' id='block_1_8' title="bbox 120 513 913 551">
    <p class='ocr_par' dir='ltr' id='par_1_8' title="bbox 120 513 913 551">
     <span class='ocr_line' id='line_1_8' title="bbox 120 513 913 551; baseline 0.003 -13"><span class='ocrx_word' id='word_1_55' title='bbox 120 513 287 546; x_wconf 77' lang='grc' dir='ltr'>συνάγεσθαι</span> <span class='ocrx_word' id='word_1_56' title='bbox 297 513 463 549; x_wconf 82' lang='grc' dir='ltr'><strong>δυναμένων,</strong></span> <span class='ocrx_word' id='word_1_57' title='bbox 476 514 506 547; x_wconf 81' lang='grc' dir='ltr'><strong>ἐξ</strong></span> <span class='ocrx_word' id='word_1_58' title='bbox 517 514 625 549; x_wconf 78' lang='grc' dir='ltr'><strong>ἑτοίμου</strong></span> <span class='ocrx_word' id='word_1_59' title='bbox 636 515 683 541; x_wconf 75' lang='grc' dir='ltr'>καὶ</span> <span class='ocrx_word' id='word_1_60' title='bbox 694 514 913 551; x_wconf 83' lang='grc' dir='ltr'>καθολικωτέρας</span> 
     </span>
    </p>
   </div>
   <div class='ocr_carea' id='block_1_9' title="bbox 119 559 913 596">
    <p class='ocr_par' dir='ltr' id='par_1_9' title="bbox 119 559 913 596">
     <span class='ocr_line' id='line_1_9' title="bbox 119 559 913 596; baseline 0.001 -11"><span class='ocrx_word' id='word_1_61' title='bbox 119 559 215 594; x_wconf 74' lang='grc' dir='ltr'>ἐφόδου</span> <span class='ocrx_word' id='word_1_62' title='bbox 229 560 279 595; x_wconf 87' lang='grc' dir='ltr'>τὴν</span> <span class='ocrx_word' id='word_1_63' title='bbox 295 559 371 587; x_wconf 80' lang='grc' dir='ltr'>λύσιν</span> <span class='ocrx_word' id='word_1_64' title='bbox 391 560 515 594; x_wconf 78' lang='grc' dir='ltr'>ἐπάγειν,</span> <span class='ocrx_word' id='word_1_65' title='bbox 529 560 577 587; x_wconf 83' lang='grc' dir='ltr'>καὶ</span> <span class='ocrx_word' id='word_1_66' title='bbox 595 560 626 586; x_wconf 80' lang='grc' dir='ltr'><strong>τδ</strong></span> <span class='ocrx_word' id='word_1_67' title='bbox 642 560 826 596; x_wconf 81' lang='grc' dir='ltr'><strong>συνταράττον</strong></span> <span class='ocrx_word' id='word_1_68' title='bbox 842 560 913 586; x_wconf 52' lang='lat' dir='ltr'><strong>duo-</strong></span> 
     </span>
    </p>
   </div>
   <div class='ocr_carea' id='block_1_10' title="bbox 120 605 913 642">
    <p class='ocr_par' dir='ltr' id='par_1_10' title="bbox 120 605 913 642">
     <span class='ocr_line' id='line_1_10' title="bbox 120 605 913 642; baseline 0.001 -11"><span class='ocrx_word' id='word_1_69' title='bbox 120 605 306 638; x_wconf 77' lang='grc' dir='ltr'><strong>σκευάζεσθαι</strong></span> <span class='ocrx_word' id='word_1_70' title='bbox 317 627 325 639; x_wconf 87' lang='lat'><strong>,</strong></span> <span class='ocrx_word' id='word_1_71' title='bbox 341 607 372 632; x_wconf 82' lang='grc' dir='ltr'>οὐ</span> <span class='ocrx_word' id='word_1_72' title='bbox 385 606 463 633; x_wconf 79' lang='grc' dir='ltr'>τοῦτο</span> <span class='ocrx_word' id='word_1_73' title='bbox 476 606 505 633; x_wconf 81' lang='grc' dir='ltr'><strong>δέ</strong></span> <span class='ocrx_word' id='word_1_74' title='bbox 519 615 600 642; x_wconf 88' lang='grc' dir='ltr'>φημι,</span> <span class='ocrx_word' id='word_1_75' title='bbox 615 606 717 640; x_wconf 79' lang='grc' dir='ltr'>ἄπαγε,</span> <span class='ocrx_word' id='word_1_76' title='bbox 731 606 769 638; x_wconf 85' lang='grc' dir='ltr'>ὡς</span> <span class='ocrx_word' id='word_1_77' title='bbox 782 607 839 637; x_wconf 78' lang='grc' dir='ltr'>τοῖς</span> <span class='ocrx_word' id='word_1_78' title='bbox 851 614 913 642; x_wconf 89' lang='grc' dir='ltr'>τρο-</span> 
     </span>
    </p>
   </div>
   <div class='ocr_carea' id='block_1_11' title="bbox 120 651 912 688">
    <p class='ocr_par' dir='ltr' id='par_1_11' title="bbox 120 651 912 688">
     <span class='ocr_line' id='line_1_11' title="bbox 120 651 912 688; baseline 0 -10"><span class='ocrx_word' id='word_1_79' title='bbox 120 652 212 683; x_wconf 83' lang='grc' dir='ltr'>πικοῖς</span> <span class='ocrx_word' id='word_1_80' title='bbox 230 651 285 678; x_wconf 88' lang='grc' dir='ltr'><strong>τῶν</strong></span> <span class='ocrx_word' id='word_1_81' title='bbox 301 652 442 686; x_wconf 80' lang='grc' dir='ltr'><strong>ὀνομάτων</strong></span> <span class='ocrx_word' id='word_1_82' title='bbox 463 652 494 679; x_wconf 86' lang='grc' dir='ltr'>οὗ</span> <span class='ocrx_word' id='word_1_83' title='bbox 512 652 553 678; x_wconf 83' lang='grc' dir='ltr'>δεῖ</span> <span class='ocrx_word' id='word_1_84' title='bbox 566 652 717 688; x_wconf 82' lang='grc' dir='ltr'>κεχρῆσθαι</span> <span class='ocrx_word' id='word_1_85' title='bbox 729 661 736 668; x_wconf 94' lang='grc'><strong>·</strong></span> <span class='ocrx_word' id='word_1_86' title='bbox 762 652 912 688; x_wconf 83' lang='grc' dir='ltr'>σύντροφος</span> 
     </span>
    </p>
   </div>
   <div class='ocr_carea' id='block_1_12' title="bbox 120 698 912 734">
    <p class='ocr_par' dir='ltr' id='par_1_12' title="bbox 120 698 912 734">
     <span class='ocr_line' id='line_1_12' title="bbox 120 698 912 734; baseline 0 -10"><span class='ocrx_word' id='word_1_87' title='bbox 120 698 176 733; x_wconf 69' lang='grc' dir='ltr'><strong>γὰρ</strong></span> <span class='ocrx_word' id='word_1_88' title='bbox 190 699 258 733; x_wconf 81' lang='grc' dir='ltr'>ἡμῖν</span> <span class='ocrx_word' id='word_1_89' title='bbox 280 698 311 724; x_wconf 86' lang='grc' dir='ltr'>οὐ</span> <span class='ocrx_word' id='word_1_90' title='bbox 325 698 393 726; x_wconf 85' lang='grc' dir='ltr'>πολὺ</span> <span class='ocrx_word' id='word_1_91' title='bbox 409 698 464 725; x_wconf 85' lang='grc' dir='ltr'><strong>τῶν</strong></span> <span class='ocrx_word' id='word_1_92' title='bbox 476 698 579 733; x_wconf 78' lang='grc' dir='ltr'><strong>κυρίων</strong></span> <span class='ocrx_word' id='word_1_93' title='bbox 591 698 729 733; x_wconf 78' lang='grc' dir='ltr'>ἐλαττονή</span> <span class='ocrx_word' id='word_1_94' title='bbox 745 699 845 734; x_wconf 76' lang='grc' dir='ltr'>χρῆσις</span> <span class='ocrx_word' id='word_1_95' title='bbox 861 698 912 725; x_wconf 79' lang='grc' dir='ltr'><strong>αὺ-</strong></span> 
     </span>
    </p>
   </div>
   <div class='ocr_carea' id='block_1_13' title="bbox 119 745 913 782">
    <p class='ocr_par' dir='ltr' id='par_1_13' title="bbox 119 745 913 782">
     <span class='ocr_line' id='line_1_13' title="bbox 119 745 913 782; baseline 0.001 -11"><span class='ocrx_word' id='word_1_96' title='bbox 119 745 176 772; x_wconf 86' lang='grc' dir='ltr'><strong>τῶν</strong></span> <span class='ocrx_word' id='word_1_97' title='bbox 188 753 196 760; x_wconf 92' lang='grc'>·</span> <span class='ocrx_word' id='word_1_98' title='bbox 212 745 261 772; x_wconf 83' lang='grc' dir='ltr'>καὶ</span> <span class='ocrx_word' id='word_1_99' title='bbox 274 746 302 772; x_wconf 80' lang='grc' dir='ltr'>εἴ</span> <span class='ocrx_word' id='word_1_100' title='bbox 317 754 359 777; x_wconf 86' lang='grc' dir='ltr'><strong>τις</strong></span> <span class='ocrx_word' id='word_1_101' title='bbox 374 746 469 780; x_wconf 80' lang='grc' dir='ltr'>ἀφέλοι</span> <span class='ocrx_word' id='word_1_102' title='bbox 491 745 594 778; x_wconf 85' lang='grc' dir='ltr'>ταύτας</span> <span class='ocrx_word' id='word_1_103' title='bbox 611 746 644 773; x_wconf 83' lang='grc' dir='ltr'><strong>εκ</strong></span> <span class='ocrx_word' id='word_1_104' title='bbox 657 754 688 772; x_wconf 87' lang='grc' dir='ltr'><strong>τε</strong></span> <span class='ocrx_word' id='word_1_105' title='bbox 706 747 755 781; x_wconf 87' lang='grc' dir='ltr'>τῆς</span> <span class='ocrx_word' id='word_1_106' title='bbox 769 745 821 773; x_wconf 83' lang='grc' dir='ltr'><strong>ἀνὰ</strong></span> <span class='ocrx_word' id='word_1_107' title='bbox 835 747 913 782; x_wconf 77' lang='grc' dir='ltr'>χεῖρα</span> 
     </span>
    </p>
   </div>
   <div class='ocr_carea' id='block_1_14' title="bbox 119 791 914 827">
    <p class='ocr_par' dir='ltr' id='par_1_14' title="bbox 119 791 914 827">
     <span class='ocr_line' id='line_1_14' title="bbox 119 791 914 827; baseline 0.003 -11"><span class='ocrx_word' id='word_1_108' title='bbox 119 791 240 825; x_wconf 81' lang='grc' dir='ltr'>ὁμιλίας,</span> <span class='ocrx_word' id='word_1_109' title='bbox 268 792 316 818; x_wconf 76' lang='grc' dir='ltr'>καὶ</span> <span class='ocrx_word' id='word_1_110' title='bbox 337 791 367 824; x_wconf 73' lang='grc' dir='ltr'>ἐξ</span> <span class='ocrx_word' id='word_1_111' title='bbox 389 791 476 826; x_wconf 84' lang='grc' dir='ltr'>αὐτῆς</span> <span class='ocrx_word' id='word_1_112' title='bbox 494 800 527 826; x_wconf 86' lang='grc' dir='ltr'><strong>γε</strong></span> <span class='ocrx_word' id='word_1_113' title='bbox 546 791 600 818; x_wconf 88' lang='grc' dir='ltr'><strong>τῶν</strong></span> <span class='ocrx_word' id='word_1_114' title='bbox 615 791 839 827; x_wconf 79' lang='grc' dir='ltr'>συγγραμμάτων</span> <span class='ocrx_word' id='word_1_115' title='bbox 863 793 914 826; x_wconf 82' lang='grc' dir='ltr'>τῆς</span> 
     </span>
    </p>
   </div>
   <div class='ocr_carea' id='block_1_15' title="bbox 121 836 913 872">
    <p class='ocr_par' dir='ltr' id='par_1_15' title="bbox 121 836 913 872">
     <span class='ocr_line' id='line_1_15' title="bbox 121 836 913 872; baseline 0.001 -10"><span class='ocrx_word' id='word_1_116' title='bbox 121 836 281 872; x_wconf 77' lang='grc' dir='ltr'>ἑρμηνείας,</span> <span class='ocrx_word' id='word_1_117' title='bbox 299 837 346 863; x_wconf 77' lang='grc' dir='ltr'>καὶ</span> <span class='ocrx_word' id='word_1_118' title='bbox 363 836 482 872; x_wconf 81' lang='grc' dir='ltr'>μάλιστά</span> <span class='ocrx_word' id='word_1_119' title='bbox 497 846 529 871; x_wconf 83' lang='grc' dir='ltr'><strong>γε</strong></span> <span class='ocrx_word' id='word_1_120' title='bbox 549 837 600 869; x_wconf 80' lang='grc' dir='ltr'><strong>τὰς</strong></span> <span class='ocrx_word' id='word_1_121' title='bbox 612 837 712 872; x_wconf 85' lang='grc' dir='ltr'>πολλὴν</span> <span class='ocrx_word' id='word_1_122' title='bbox 734 837 849 872; x_wconf 80' lang='grc' dir='ltr'>ἐχούσας</span> <span class='ocrx_word' id='word_1_123' title='bbox 863 837 913 872; x_wconf 81' lang='grc' dir='ltr'>τὴν</span> 
     </span>
    </p>
   </div>
   <div class='ocr_carea' id='block_1_16' title="bbox 119 882 912 918">
    <p class='ocr_par' dir='ltr' id='par_1_16' title="bbox 119 882 912 918">
     <span class='ocr_line' id='line_1_16' title="bbox 119 882 912 918; baseline 0.001 -10"><span class='ocrx_word' id='word_1_124' title='bbox 119 883 267 916; x_wconf 78' lang='grc' dir='ltr'>ὁμοιότητα</span> <span class='ocrx_word' id='word_1_125' title='bbox 280 883 327 909; x_wconf 78' lang='grc' dir='ltr'>καὶ</span> <span class='ocrx_word' id='word_1_126' title='bbox 343 883 481 918; x_wconf 74' lang='grc' dir='ltr'><strong>ἐγγύτητα</strong></span> <span class='ocrx_word' id='word_1_127' title='bbox 495 883 563 918; x_wconf 82' lang='grc' dir='ltr'>πρὸς</span> <span class='ocrx_word' id='word_1_128' title='bbox 576 883 625 914; x_wconf 82' lang='grc' dir='ltr'><strong>τὰς</strong></span> <span class='ocrx_word' id='word_1_129' title='bbox 637 883 713 910; x_wconf 74' lang='grc' dir='ltr'>οὐδὲν</span> <span class='ocrx_word' id='word_1_130' title='bbox 724 882 912 918; x_wconf 80' lang='grc' dir='ltr'>τετραμμένον</span> 
     </span>
    </p>
   </div>
   <div class='ocr_carea' id='block_1_17' title="bbox 81 918 949 964">
    <p class='ocr_par' dir='ltr' id='par_1_17' title="bbox 81 918 949 964">
     <span class='ocr_line' id='line_1_17' title="bbox 81 918 949 964; baseline 0.002 -10"><span class='ocrx_word' id='word_1_131' title='bbox 81 918 88 928; x_wconf 72' lang='grc'><em>’</em></span> <span class='ocrx_word' id='word_1_132' title='bbox 119 930 323 964; x_wconf 80' lang='grc' dir='ltr'>παρεχομένας,</span> <span class='ocrx_word' id='word_1_133' title='bbox 347 930 397 956; x_wconf 81' lang='grc' dir='ltr'>οὐκ</span> <span class='ocrx_word' id='word_1_134' title='bbox 413 930 459 956; x_wconf 75' lang='grc' dir='ltr'><strong>ἐπὶ</strong></span> <span class='ocrx_word' id='word_1_135' title='bbox 483 930 550 956; x_wconf 83' lang='grc' dir='ltr'>πολὺ</span> <span class='ocrx_word' id='word_1_136' title='bbox 567 929 678 956; x_wconf 75' lang='grc' dir='ltr'>ἔλαττον</span> <span class='ocrx_word' id='word_1_137' title='bbox 698 930 738 961; x_wconf 86' lang='grc' dir='ltr'><strong>είς</strong></span> <span class='ocrx_word' id='word_1_138' title='bbox 758 930 850 956; x_wconf 85' lang='grc' dir='ltr'>στενὸν</span> <span class='ocrx_word' id='word_1_139' title='bbox 863 937 911 956; x_wconf 84' lang='grc' dir='ltr'>κο-</span> <span class='ocrx_word' id='word_1_140' title='bbox 928 918 949 945; x_wconf 74' lang='grc' dir='ltr'><strong>Β</strong></span> 
     </span>
    </p>
   </div>
   <div class='ocr_carea' id='block_1_18' title="bbox 122 973 911 1010">
    <p class='ocr_par' dir='ltr' id='par_1_18' title="bbox 122 973 911 1010">
     <span class='ocr_line' id='line_1_18' title="bbox 122 973 911 1010; baseline -0.001 -9"><span class='ocrx_word' id='word_1_141' title='bbox 122 974 187 1009; x_wconf 78' lang='grc' dir='ltr'>μιδῇ</span> <span class='ocrx_word' id='word_1_142' title='bbox 208 974 258 1009; x_wconf 85' lang='grc' dir='ltr'><strong>τὴν</strong></span> <span class='ocrx_word' id='word_1_143' title='bbox 278 974 332 1001; x_wconf 83' lang='grc' dir='ltr'><strong>τῶν</strong></span> <span class='ocrx_word' id='word_1_144' title='bbox 357 975 444 1008; x_wconf 84' lang='grc' dir='ltr'>λόγων</span> <span class='ocrx_word' id='word_1_145' title='bbox 458 974 612 1009; x_wconf 75' lang='grc' dir='ltr'>συγκλείσει</span> <span class='ocrx_word' id='word_1_146' title='bbox 635 974 731 1010; x_wconf 82' lang='grc' dir='ltr'>χρείαν</span> <span class='ocrx_word' id='word_1_147' title='bbox 746 982 753 989; x_wconf 88' lang='grc'><strong>·</strong></span> <span class='ocrx_word' id='word_1_148' title='bbox 773 974 812 1006; x_wconf 83' lang='grc' dir='ltr'>ὡς</span> <span class='ocrx_word' id='word_1_149' title='bbox 826 973 911 1000; x_wconf 81' lang='grc' dir='ltr'>πολλὰ</span> 
     </span>
    </p>
   </div>
   <div class='ocr_carea' id='block_1_19' title="bbox 119 1018 915 1056">
    <p class='ocr_par' dir='ltr' id='par_1_19' title="bbox 119 1018 915 1056">
     <span class='ocr_line' id='line_1_19' title="bbox 119 1018 915 1056; baseline -0.001 -10"><span class='ocrx_word' id='word_1_150' title='bbox 119 1019 177 1046; x_wconf 83' lang='grc' dir='ltr'>τῶν</span> <span class='ocrx_word' id='word_1_151' title='bbox 195 1020 366 1055; x_wconf 72' lang='grc' dir='ltr'>πραγμάτων</span> <span class='ocrx_word' id='word_1_152' title='bbox 388 1020 450 1056; x_wconf 82' lang='grc' dir='ltr'>μηδ’</span> <span class='ocrx_word' id='word_1_153' title='bbox 471 1019 544 1055; x_wconf 73' lang='grc' dir='ltr'>ἔχειν</span> <span class='ocrx_word' id='word_1_154' title='bbox 563 1019 675 1055; x_wconf 85' lang='grc' dir='ltr'>ὀνόματι</span> <span class='ocrx_word' id='word_1_155' title='bbox 693 1018 823 1055; x_wconf 86' lang='grc' dir='ltr'>δηλῶσαι,</span> <span class='ocrx_word' id='word_1_156' title='bbox 844 1018 861 1054; x_wconf 83' lang='grc' dir='ltr'>ἢ</span> <span class='ocrx_word' id='word_1_157' title='bbox 887 1018 915 1045; x_wconf 76' lang='grc' dir='ltr'>ετ</span> 
     </span>
    </p>
   </div>
   <div class='ocr_carea' id='block_1_20' title="bbox 118 1065 912 1102">
    <p class='ocr_par' dir='ltr' id='par_1_20' title="bbox 118 1065 912 1102">
     <span class='ocr_line' id='line_1_20' title="bbox 118 1065 912 1102; baseline 0.001 -11"><span class='ocrx_word' id='word_1_158' title='bbox 118 1074 163 1097; x_wconf 82' lang='grc' dir='ltr'><strong>τις</strong></span> <span class='ocrx_word' id='word_1_159' title='bbox 179 1065 227 1101; x_wconf 81' lang='grc' dir='ltr'>τὴν</span> <span class='ocrx_word' id='word_1_160' title='bbox 240 1066 390 1101; x_wconf 79' lang='grc' dir='ltr'>κυριότητα</span> <span class='ocrx_word' id='word_1_161' title='bbox 402 1066 457 1092; x_wconf 83' lang='grc' dir='ltr'>τῶν</span> <span class='ocrx_word' id='word_1_162' title='bbox 471 1066 612 1100; x_wconf 82' lang='grc' dir='ltr'>ὀνομάτων</span> <span class='ocrx_word' id='word_1_163' title='bbox 631 1068 680 1101; x_wconf 83' lang='grc' dir='ltr'>τῆς</span> <span class='ocrx_word' id='word_1_164' title='bbox 692 1066 829 1102; x_wconf 80' lang='grc' dir='ltr'>ἡμετέρας</span> <span class='ocrx_word' id='word_1_165' title='bbox 843 1066 912 1101; x_wconf 86' lang='grc' dir='ltr'><strong>χρή-</strong></span> 
     </span>
    </p>
   </div>
   <div class='ocr_carea' id='block_1_21' title="bbox 120 1111 913 1148">
    <p class='ocr_par' dir='ltr' id='par_1_21' title="bbox 120 1111 913 1148">
     <span class='ocr_line' id='line_1_21' title="bbox 120 1111 913 1148; baseline 0 -11"><span class='ocrx_word' id='word_1_166' title='bbox 120 1119 192 1143; x_wconf 85' lang='grc' dir='ltr'>σεως</span> <span class='ocrx_word' id='word_1_167' title='bbox 205 1112 350 1147; x_wconf 80' lang='grc' dir='ltr'>ὑπερόριον</span> <span class='ocrx_word' id='word_1_168' title='bbox 365 1113 471 1148; x_wconf 82' lang='grc' dir='ltr'>ποιήσει</span> <span class='ocrx_word' id='word_1_169' title='bbox 483 1112 595 1139; x_wconf 77' lang='grc' dir='ltr'>ὀὔκουν</span> <span class='ocrx_word' id='word_1_170' title='bbox 605 1112 755 1148; x_wconf 81' lang='grc' dir='ltr'>ἀχρηστίαν</span> <span class='ocrx_word' id='word_1_171' title='bbox 771 1111 811 1138; x_wconf 77' lang='grc' dir='ltr'>ἐτι</span> <span class='ocrx_word' id='word_1_172' title='bbox 825 1119 913 1138; x_wconf 85' lang='grc' dir='ltr'>κατα-</span> 
     </span>
    </p>
   </div>
   <div class='ocr_carea' id='block_1_22' title="bbox 119 1156 911 1194">
    <p class='ocr_par' dir='ltr' id='par_1_22' title="bbox 119 1156 911 1194">
     <span class='ocr_line' id='line_1_22' title="bbox 119 1156 911 1194; baseline 0.001 -12"><span class='ocrx_word' id='word_1_173' title='bbox 119 1156 267 1190; x_wconf 81' lang='grc' dir='ltr'>γινώσκειν</span> <span class='ocrx_word' id='word_1_174' title='bbox 298 1157 353 1184; x_wconf 84' lang='grc' dir='ltr'>τῶν</span> <span class='ocrx_word' id='word_1_175' title='bbox 363 1158 419 1185; x_wconf 67' lang='grc' dir='ltr'><strong>ἀπο</strong></span> <span class='ocrx_word' id='word_1_176' title='bbox 429 1159 477 1193; x_wconf 84' lang='grc' dir='ltr'>τῆς</span> <span class='ocrx_word' id='word_1_177' title='bbox 494 1160 598 1194; x_wconf 82' lang='grc' dir='ltr'>τροπῆς</span> <span class='ocrx_word' id='word_1_178' title='bbox 611 1159 662 1192; x_wconf 86' lang='grc' dir='ltr'>τὴν</span> <span class='ocrx_word' id='word_1_179' title='bbox 673 1159 779 1192; x_wconf 81' lang='grc' dir='ltr'>γένεσιν</span> <span class='ocrx_word' id='word_1_180' title='bbox 794 1157 911 1192; x_wconf 80' lang='grc' dir='ltr'>ἑχόντων</span> 
     </span>
    </p>
   </div>
   <div class='ocr_carea' id='block_1_23' title="bbox 119 1202 911 1239">
    <p class='ocr_par' dir='ltr' id='par_1_23' title="bbox 119 1202 911 1239">
     <span class='ocr_line' id='line_1_23' title="bbox 119 1202 911 1239; baseline 0 -11"><span class='ocrx_word' id='word_1_181' title='bbox 119 1202 261 1238; x_wconf 83' lang='grc' dir='ltr'>ὀνομάτων</span> <span class='ocrx_word' id='word_1_182' title='bbox 277 1211 285 1218; x_wconf 90' lang='grc'><strong>·</strong></span> <span class='ocrx_word' id='word_1_183' title='bbox 300 1203 358 1229; x_wconf 87' lang='grc' dir='ltr'>ἀλλ’</span> <span class='ocrx_word' id='word_1_184' title='bbox 377 1205 466 1230; x_wconf 82' lang='grc' dir='ltr'>ἐκεῖνο</span> <span class='ocrx_word' id='word_1_185' title='bbox 481 1204 564 1239; x_wconf 87' lang='grc' dir='ltr'>φαίην</span> <span class='ocrx_word' id='word_1_186' title='bbox 578 1204 612 1231; x_wconf 82' lang='grc' dir='ltr'>ἂν</span> <span class='ocrx_word' id='word_1_187' title='bbox 627 1203 666 1235; x_wconf 81' lang='grc' dir='ltr'><strong>ὡς</strong></span> <span class='ocrx_word' id='word_1_188' title='bbox 681 1203 780 1230; x_wconf 81' lang='grc' dir='ltr'>εἰδέναι</span> <span class='ocrx_word' id='word_1_189' title='bbox 798 1203 850 1238; x_wconf 82' lang='grc' dir='ltr'><strong>χρὴ</strong></span> <span class='ocrx_word' id='word_1_190' title='bbox 865 1202 911 1228; x_wconf 77' lang='grc' dir='ltr'>λέ-</span> 
     </span>
    </p>
   </div>
   <div class='ocr_carea' id='block_1_24' title="bbox 120 1248 913 1286">
    <p class='ocr_par' dir='ltr' id='par_1_24' title="bbox 120 1248 913 1286">
     <span class='ocr_line' id='line_1_24' title="bbox 120 1248 913 1286; baseline -0.001 -10"><span class='ocrx_word' id='word_1_191' title='bbox 120 1249 191 1282; x_wconf 77' lang='grc' dir='ltr'>ξεως</span> <span class='ocrx_word' id='word_1_192' title='bbox 207 1249 306 1285; x_wconf 81' lang='grc' dir='ltr'>ἰδίωμα</span> <span class='ocrx_word' id='word_1_193' title='bbox 322 1250 426 1286; x_wconf 81' lang='grc' dir='ltr'>κυρίως</span> <span class='ocrx_word' id='word_1_194' title='bbox 441 1259 471 1277; x_wconf 86' lang='grc' dir='ltr'><strong>τε</strong></span> <span class='ocrx_word' id='word_1_195' title='bbox 482 1251 633 1286; x_wconf 80' lang='grc' dir='ltr'>λεγομένης</span> <span class='ocrx_word' id='word_1_196' title='bbox 649 1251 696 1277; x_wconf 74' lang='grc' dir='ltr'><strong>καὶ</strong></span> <span class='ocrx_word' id='word_1_197' title='bbox 715 1250 786 1277; x_wconf 82' lang='grc' dir='ltr'>κατὰ</span> <span class='ocrx_word' id='word_1_198' title='bbox 799 1248 913 1284; x_wconf 67' lang='grc' dir='ltr'>μετάθες</span> 
     </span>
    </p>
   </div>
   <div class='ocr_carea' id='block_1_25' title="bbox 119 1295 913 1332">
    <p class='ocr_par' dir='ltr' id='par_1_25' title="bbox 119 1295 913 1332">
     <span class='ocr_line' id='line_1_25' title="bbox 119 1295 913 1332; baseline -0.001 -10"><span class='ocrx_word' id='word_1_199' title='bbox 119 1296 165 1323; x_wconf 80' lang='grc' dir='ltr'><strong>σίν</strong></span> <span class='ocrx_word' id='word_1_200' title='bbox 178 1304 239 1323; x_wconf 88' lang='grc' dir='ltr'>τινα</span> <span class='ocrx_word' id='word_1_201' title='bbox 253 1297 311 1327; x_wconf 80' lang='grc' dir='ltr'>τοῖς</span> <span class='ocrx_word' id='word_1_202' title='bbox 325 1297 486 1331; x_wconf 81' lang='grc' dir='ltr'>πράγμασιν</span> <span class='ocrx_word' id='word_1_203' title='bbox 504 1297 695 1332; x_wconf 75' lang='grc' dir='ltr'>ἐπιτιθεμένης</span> <span class='ocrx_word' id='word_1_204' title='bbox 711 1304 718 1311; x_wconf 94' lang='grc'><strong>·</strong></span> <span class='ocrx_word' id='word_1_205' title='bbox 734 1297 782 1323; x_wconf 72' lang='grc' dir='ltr'>καὶ</span> <span class='ocrx_word' id='word_1_206' title='bbox 795 1295 913 1331; x_wconf 84' lang='grc' dir='ltr'>χρῆσθαι</span> 
     </span>
    </p>
   </div>
   <div class='ocr_carea' id='block_1_26' title="bbox 122 1341 912 1378">
    <p class='ocr_par' dir='ltr' id='par_1_26' title="bbox 122 1341 912 1378">
     <span class='ocr_line' id='line_1_26' title="bbox 122 1341 912 1378; baseline 0.001 -10"><span class='ocrx_word' id='word_1_207' title='bbox 122 1342 174 1377; x_wconf 73' lang='grc' dir='ltr'>μὲν</span> <span class='ocrx_word' id='word_1_208' title='bbox 187 1343 246 1373; x_wconf 80' lang='grc' dir='ltr'>ταῖς</span> <span class='ocrx_word' id='word_1_209' title='bbox 262 1343 365 1376; x_wconf 76' lang='grc' dir='ltr'>φωναῖς</span> <span class='ocrx_word' id='word_1_210' title='bbox 382 1342 420 1374; x_wconf 85' lang='grc' dir='ltr'><strong>ὡς</strong></span> <span class='ocrx_word' id='word_1_211' title='bbox 435 1343 577 1378; x_wconf 68' lang='grc' dir='ltr'>ἐπιτρέπει</span> <span class='ocrx_word' id='word_1_212' title='bbox 592 1342 624 1369; x_wconf 79' lang='grc' dir='ltr'>τὸ</span> <span class='ocrx_word' id='word_1_213' title='bbox 639 1342 714 1374; x_wconf 75' lang='grc' dir='ltr'>ἔθος,</span> <span class='ocrx_word' id='word_1_214' title='bbox 731 1342 768 1377; x_wconf 81' lang='grc' dir='ltr'><strong>μὴ</strong></span> <span class='ocrx_word' id='word_1_215' title='bbox 787 1341 912 1377; x_wconf 81' lang='grc' dir='ltr'>μέντοιγε</span> 
     </span>
    </p>
   </div>
   <div class='ocr_carea' id='block_1_27' title="bbox 119 1387 914 1424">
    <p class='ocr_par' dir='ltr' id='par_1_27' title="bbox 119 1387 914 1424">
     <span class='ocr_line' id='line_1_27' title="bbox 119 1387 914 1424; baseline 0 -10"><span class='ocrx_word' id='word_1_216' title='bbox 119 1387 156 1414; x_wconf 82' lang='grc' dir='ltr'>τὰ</span> <span class='ocrx_word' id='word_1_217' title='bbox 169 1387 217 1414; x_wconf 78' lang='grc' dir='ltr'>ὑπ’</span> <span class='ocrx_word' id='word_1_218' title='bbox 231 1387 322 1414; x_wconf 84' lang='grc' dir='ltr'>αὐτῶν</span> <span class='ocrx_word' id='word_1_219' title='bbox 337 1388 524 1424; x_wconf 86' lang='grc' dir='ltr'>σημαινόμενα</span> <span class='ocrx_word' id='word_1_220' title='bbox 534 1389 575 1420; x_wconf 89' lang='grc' dir='ltr'><strong>είς</strong></span> <span class='ocrx_word' id='word_1_221' title='bbox 586 1390 635 1423; x_wconf 83' lang='grc' dir='ltr'>τὴν</span> <span class='ocrx_word' id='word_1_222' title='bbox 647 1388 733 1424; x_wconf 84' lang='grc' dir='ltr'>αὐτὴν</span> <span class='ocrx_word' id='word_1_223' title='bbox 747 1387 777 1420; x_wconf 68' lang='grc' dir='ltr'>ἑξ</span> <span class='ocrx_word' id='word_1_224' title='bbox 790 1387 914 1423; x_wconf 83' lang='grc' dir='ltr'>ἀνάγκης</span> 
     </span>
    </p>
   </div>
   <div class='ocr_carea' id='block_1_28' title="bbox 122 1434 913 1469">
    <p class='ocr_par' dir='ltr' id='par_1_28' title="bbox 122 1434 913 1469">
     <span class='ocr_line' id='line_1_28' title="bbox 122 1434 913 1469; baseline 0 -9"><span class='ocrx_word' id='word_1_225' title='bbox 122 1434 252 1468; x_wconf 81' lang='grc' dir='ltr'>συνάγειν</span> <span class='ocrx_word' id='word_1_226' title='bbox 266 1442 296 1461; x_wconf 85' lang='grc' dir='ltr'><strong>τε</strong></span> <span class='ocrx_word' id='word_1_227' title='bbox 318 1434 365 1461; x_wconf 77' lang='grc' dir='ltr'>καὶ</span> <span class='ocrx_word' id='word_1_228' title='bbox 381 1434 584 1461; x_wconf 85' lang='grc' dir='ltr'>συνδιαπλέκειν</span> <span class='ocrx_word' id='word_1_229' title='bbox 600 1434 682 1469; x_wconf 87' lang='grc' dir='ltr'>φύσιν</span> <span class='ocrx_word' id='word_1_230' title='bbox 695 1442 703 1450; x_wconf 69' lang='grc' dir='ltr'><strong>ι</strong></span> <span class='ocrx_word' id='word_1_231' title='bbox 720 1434 845 1469; x_wconf 87' lang='grc' dir='ltr'>μεγάλων</span> <span class='ocrx_word' id='word_1_232' title='bbox 859 1434 913 1469; x_wconf 86' lang='grc' dir='ltr'><strong>γὰρ</strong></span> 
     </span>
    </p>
   </div>
   <div class='ocr_carea' id='block_1_29' title="bbox 121 1479 913 1516">
    <p class='ocr_par' dir='ltr' id='par_1_29' title="bbox 121 1479 913 1516">
     <span class='ocr_line' id='line_1_29' title="bbox 121 1479 913 1516; baseline 0.001 -10"><span class='ocrx_word' id='word_1_233' title='bbox 121 1480 224 1513; x_wconf 81' lang='grc' dir='ltr'>γένοιτ’</span> <span class='ocrx_word' id='word_1_234' title='bbox 243 1480 278 1507; x_wconf 79' lang='grc' dir='ltr'>ἂν</span> <span class='ocrx_word' id='word_1_235' title='bbox 294 1480 374 1507; x_wconf 79' lang='grc' dir='ltr'>τοῦτο</span> <span class='ocrx_word' id='word_1_236' title='bbox 389 1481 556 1516; x_wconf 86' lang='grc' dir='ltr'>σφαλμάτων</span> <span class='ocrx_word' id='word_1_237' title='bbox 572 1480 656 1513; x_wconf 82' lang='grc' dir='ltr'>αίτία,</span> <span class='ocrx_word' id='word_1_238' title='bbox 672 1481 718 1507; x_wconf 74' lang='grc' dir='ltr'><strong>καὶ</strong></span> <span class='ocrx_word' id='word_1_239' title='bbox 741 1481 854 1516; x_wconf 79' lang='grc' dir='ltr'>ἀπορίαι</span> <span class='ocrx_word' id='word_1_240' title='bbox 869 1479 913 1507; x_wconf 84' lang='grc' dir='ltr'>δό-</span> 
     </span>
    </p>
   </div>
   <div class='ocr_carea' id='block_1_30' title="bbox 124 1526 915 1562">
    <p class='ocr_par' dir='ltr' id='par_1_30' title="bbox 124 1526 915 1562">
     <span class='ocr_line' id='line_1_30' title="bbox 124 1526 915 1562; baseline 0.001 -9"><span class='ocrx_word' id='word_1_241' title='bbox 124 1527 199 1559; x_wconf 80' lang='grc' dir='ltr'>ξουσι</span> <span class='ocrx_word' id='word_1_242' title='bbox 217 1526 404 1562; x_wconf 80' lang='grc' dir='ltr'>προκύπτειν,</span> <span class='ocrx_word' id='word_1_243' title='bbox 432 1528 550 1562; x_wconf 82' lang='grc' dir='ltr'>ἀπορίας</span> <span class='ocrx_word' id='word_1_244' title='bbox 574 1527 623 1562; x_wconf 78' lang='grc' dir='ltr'>μὲν</span> <span class='ocrx_word' id='word_1_245' title='bbox 643 1528 677 1562; x_wconf 84' lang='grc' dir='ltr'>τῇ</span> <span class='ocrx_word' id='word_1_246' title='bbox 696 1526 811 1562; x_wconf 72' lang='grc' dir='ltr'>ἀληθείᾳ.</span> <span class='ocrx_word' id='word_1_247' title='bbox 836 1526 915 1560; x_wconf 90' lang='grc' dir='ltr'>λόγον</span> 
     </span>
    </p>
   </div>
   <div class='ocr_carea' id='block_1_31' title="bbox 123 1572 915 1608">
    <p class='ocr_par' dir='ltr' id='par_1_31' title="bbox 123 1572 915 1608">
     <span class='ocr_line' id='line_1_31' title="bbox 123 1572 915 1608; baseline 0 -9"><span class='ocrx_word' id='word_1_248' title='bbox 123 1572 219 1599; x_wconf 74' lang='grc' dir='ltr'>οὐδένα</span> <span class='ocrx_word' id='word_1_249' title='bbox 240 1572 472 1608; x_wconf 81' lang='grc' dir='ltr'>προὸεὸλημέναι,</span> <span class='ocrx_word' id='word_1_250' title='bbox 490 1574 523 1608; x_wconf 87' lang='grc' dir='ltr'><strong>τῇ</strong></span> <span class='ocrx_word' id='word_1_251' title='bbox 539 1573 568 1599; x_wconf 76' lang='grc' dir='ltr'>δὲ</span> <span class='ocrx_word' id='word_1_252' title='bbox 581 1572 620 1607; x_wconf 86' lang='grc' dir='ltr'>μὴ</span> <span class='ocrx_word' id='word_1_253' title='bbox 635 1573 707 1599; x_wconf 86' lang='grc' dir='ltr'><strong>κατά</strong></span> <span class='ocrx_word' id='word_1_254' title='bbox 725 1572 804 1606; x_wconf 81' lang='grc' dir='ltr'>λόγον</span> <span class='ocrx_word' id='word_1_255' title='bbox 818 1573 915 1607; x_wconf 85' lang='grc' dir='ltr'>χρήσει</span> 
     </span>
    </p>
   </div>
   <div class='ocr_carea' id='block_1_32' title="bbox 123 1618 917 1655">
    <p class='ocr_par' dir='ltr' id='par_1_32' title="bbox 123 1618 917 1655">
     <span class='ocr_line' id='line_1_32' title="bbox 123 1618 917 1655; baseline -0.003 -9"><span class='ocrx_word' id='word_1_256' title='bbox 123 1620 180 1646; x_wconf 84' lang='grc' dir='ltr'><strong>τῶν</strong></span> <span class='ocrx_word' id='word_1_257' title='bbox 207 1621 426 1655; x_wconf 76' lang='grc' dir='ltr'>σημαινομένων,</span> <span class='ocrx_word' id='word_1_258' title='bbox 441 1621 472 1646; x_wconf 84' lang='grc' dir='ltr'>οὑ</span> <span class='ocrx_word' id='word_1_259' title='bbox 493 1620 560 1655; x_wconf 80' lang='grc' dir='ltr'>πρὸς</span> <span class='ocrx_word' id='word_1_260' title='bbox 577 1620 687 1655; x_wconf 78' lang='grc' dir='ltr'>ἐτέρους</span> <span class='ocrx_word' id='word_1_261' title='bbox 703 1619 803 1654; x_wconf 78' lang='grc' dir='ltr'>μᾶλλον</span> <span class='ocrx_word' id='word_1_262' title='bbox 824 1619 841 1654; x_wconf 89' lang='grc' dir='ltr'>ἦ</span> <span class='ocrx_word' id='word_1_263' title='bbox 855 1618 917 1645; x_wconf 83' lang='grc' dir='ltr'>καθ’</span> 
     </span>
    </p>
   </div>
   <div class='ocr_carea' id='block_1_33' title="bbox 124 1663 920 1701">
    <p class='ocr_par' dir='ltr' id='par_1_33' title="bbox 124 1663 920 1701">
     <span class='ocr_line' id='line_1_33' title="bbox 124 1663 920 1701; baseline -0.003 -9"><span class='ocrx_word' id='word_1_264' title='bbox 124 1666 231 1693; x_wconf 77' lang='grc' dir='ltr'>ἑαυτῶν</span> <span class='ocrx_word' id='word_1_265' title='bbox 245 1665 300 1693; x_wconf 85' lang='grc' dir='ltr'><strong>τῶν</strong></span> <span class='ocrx_word' id='word_1_266' title='bbox 310 1665 382 1692; x_wconf 80' lang='grc' dir='ltr'>οὕτω</span> <span class='ocrx_word' id='word_1_267' title='bbox 392 1665 540 1701; x_wconf 83' lang='grc' dir='ltr'>χρωμένων</span> <span class='ocrx_word' id='word_1_268' title='bbox 554 1667 614 1697; x_wconf 84' lang='grc' dir='ltr'>ταῖς</span> <span class='ocrx_word' id='word_1_269' title='bbox 625 1666 728 1700; x_wconf 70' lang='grc' dir='ltr'>φωναῖς</span> <span class='ocrx_word' id='word_1_270' title='bbox 739 1665 789 1700; x_wconf 84' lang='grc' dir='ltr'>τὴν</span> <span class='ocrx_word' id='word_1_271' title='bbox 801 1663 920 1700; x_wconf 79' lang='grc' dir='ltr'>ἀπορίαν</span> 
     </span>
    </p>
   </div>
   <div class='ocr_carea' id='block_1_34' title="bbox 124 1712 320 1739">
    <p class='ocr_par' dir='ltr' id='par_1_34' title="bbox 124 1712 320 1739">
     <span class='ocr_line' id='line_1_34' title="bbox 124 1712 320 1739; baseline 0.005 -1"><span class='ocrx_word' id='word_1_272' title='bbox 124 1712 308 1739; x_wconf 77' lang='grc' dir='ltr'>ἐπινοούντων</span> <span class='ocrx_word' id='word_1_273' title='bbox 313 1732 320 1739; x_wconf 90' lang='grc'><strong>.</strong></span> 
     </span>
    </p>
   </div>
   <div class='ocr_carea' id='block_1_35' title="bbox 162 1756 919 1793">
    <p class='ocr_par' dir='ltr' id='par_1_35' title="bbox 162 1756 919 1793">
     <span class='ocr_line' id='line_1_35' title="bbox 162 1756 919 1793; baseline -0.004 -8"><span class='ocrx_word' id='word_1_274' title='bbox 162 1762 200 1792; x_wconf 84' lang='grc' dir='ltr'><strong>ς’.</strong></span> <span class='ocrx_word' id='word_1_275' title='bbox 215 1758 318 1785; x_wconf 80' lang='grc' dir='ltr'>Αὐτίκα</span> <span class='ocrx_word' id='word_1_276' title='bbox 331 1758 472 1793; x_wconf 86' lang='grc' dir='ltr'>μάρτυρας</span> <span class='ocrx_word' id='word_1_277' title='bbox 484 1757 621 1791; x_wconf 84' lang='grc' dir='ltr'>καλοῦμεν</span> <span class='ocrx_word' id='word_1_278' title='bbox 633 1757 696 1788; x_wconf 84' lang='grc' dir='ltr'>τοὺς</span> <span class='ocrx_word' id='word_1_279' title='bbox 711 1756 919 1792; x_wconf 82' lang='grc' dir='ltr'>ὑπεραθλήσαν-</span> 
     </span>
    </p>
   </div>
   <div class='ocr_carea' id='block_1_36' title="bbox 126 1803 920 1840">
    <p class='ocr_par' dir='ltr' id='par_1_36' title="bbox 126 1803 920 1840">
     <span class='ocr_line' id='line_1_36' title="bbox 126 1803 920 1840; baseline -0.004 -9"><span class='ocrx_word' id='word_1_280' title='bbox 126 1813 178 1836; x_wconf 78' lang='grc' dir='ltr'><strong>τας</strong></span> <span class='ocrx_word' id='word_1_281' title='bbox 193 1805 324 1840; x_wconf 79' lang='grc' dir='ltr'>Χριστοῦ,</span> <span class='ocrx_word' id='word_1_282' title='bbox 340 1805 388 1831; x_wconf 73' lang='grc' dir='ltr'>καὶ</span> <span class='ocrx_word' id='word_1_283' title='bbox 401 1805 434 1831; x_wconf 72' lang='grc' dir='ltr'><strong>τὰ</strong></span> <span class='ocrx_word' id='word_1_284' title='bbox 449 1805 552 1839; x_wconf 83' lang='grc' dir='ltr'>αἵματα</span> <span class='ocrx_word' id='word_1_285' title='bbox 566 1804 656 1830; x_wconf 84' lang='grc' dir='ltr'>αὐτῶν</span> <span class='ocrx_word' id='word_1_286' title='bbox 668 1803 851 1838; x_wconf 87' lang='grc' dir='ltr'>προσαγαγεῖν</span> <span class='ocrx_word' id='word_1_287' title='bbox 867 1811 920 1837; x_wconf 84' lang='grc' dir='ltr'>φα-</span> 
     </span>
    </p>
   </div>
   <div class='ocr_carea' id='block_1_37' title="bbox 130 1848 922 1885">
    <p class='ocr_par' dir='ltr' id='par_1_37' title="bbox 130 1848 922 1885">
     <span class='ocr_line' id='line_1_37' title="bbox 130 1848 922 1885; baseline -0.001 -11"><span class='ocrx_word' id='word_1_288' title='bbox 130 1849 180 1884; x_wconf 81' lang='grc' dir='ltr'>μὲν</span> <span class='ocrx_word' id='word_1_289' title='bbox 193 1849 232 1884; x_wconf 87' lang='grc' dir='ltr'>τῷ</span> <span class='ocrx_word' id='word_1_290' title='bbox 245 1849 306 1885; x_wconf 83' lang='grc' dir='ltr'><strong>Θεῷ</strong></span> <span class='ocrx_word' id='word_1_291' title='bbox 320 1850 410 1881; x_wconf 80' lang='grc' dir='ltr'>καλῶς</span> <span class='ocrx_word' id='word_1_292' title='bbox 424 1858 455 1880; x_wconf 88' lang='grc' dir='ltr'><strong>γε</strong></span> <span class='ocrx_word' id='word_1_293' title='bbox 476 1849 523 1876; x_wconf 72' lang='grc' dir='ltr'>καὶ</span> <span class='ocrx_word' id='word_1_294' title='bbox 534 1849 646 1880; x_wconf 82' lang='grc' dir='ltr'>δικαίως</span> <span class='ocrx_word' id='word_1_295' title='bbox 660 1857 667 1864; x_wconf 89' lang='grc'><strong>·</strong></span> <span class='ocrx_word' id='word_1_296' title='bbox 681 1848 740 1875; x_wconf 85' lang='grc' dir='ltr'>ἀλλ’</span> <span class='ocrx_word' id='word_1_297' title='bbox 754 1849 786 1874; x_wconf 80' lang='grc' dir='ltr'>ὲκ</span> <span class='ocrx_word' id='word_1_298' title='bbox 804 1856 922 1883; x_wconf 81' lang='grc' dir='ltr'>μεταφο-</span> 
     </span>
    </p>
   </div>
   <div class='ocr_carea' id='block_1_38' title="bbox 130 1892 920 1930">
    <p class='ocr_par' dir='ltr' id='par_1_38' title="bbox 130 1892 920 1930">
     <span class='ocr_line' id='line_1_38' title="bbox 130 1892 920 1930; baseline -0.004 -8"><span class='ocrx_word' id='word_1_299' title='bbox 130 1895 180 1930; x_wconf 69' lang='grc' dir='ltr'>ρλς</span> <span class='ocrx_word' id='word_1_300' title='bbox 191 1896 244 1921; x_wconf 84' lang='grc' dir='ltr'><strong>τῶν</strong></span> <span class='ocrx_word' id='word_1_301' title='bbox 258 1895 400 1930; x_wconf 74' lang='grc' dir='ltr'>ὀνομάτων</span> <span class='ocrx_word' id='word_1_302' title='bbox 413 1895 542 1929; x_wconf 73' lang='grc' dir='ltr'>ἑκάτερον</span> <span class='ocrx_word' id='word_1_303' title='bbox 554 1895 681 1928; x_wconf 81' lang='grc' dir='ltr'>λέγεται·</span> <span class='ocrx_word' id='word_1_304' title='bbox 697 1893 751 1920; x_wconf 80' lang='grc' dir='ltr'>ἀπὸ</span> <span class='ocrx_word' id='word_1_305' title='bbox 765 1894 830 1928; x_wconf 76' lang='grc' dir='ltr'>γὰρ,</span> <span class='ocrx_word' id='word_1_306' title='bbox 846 1892 894 1923; x_wconf 85' lang='grc' dir='ltr'>οὓς</span> <span class='ocrx_word' id='word_1_307' title='bbox 903 1892 920 1927; x_wconf 82' lang='grc' dir='ltr'><strong>ἡ</strong></span> 
     </span>
    </p>
   </div>
   <div class='ocr_carea' id='block_1_39' title="bbox 131 1939 922 1976">
    <p class='ocr_par' dir='ltr' id='par_1_39' title="bbox 131 1939 922 1976">
     <span class='ocr_line' id='line_1_39' title="bbox 131 1939 922 1976; baseline -0.003 -9"><span class='ocrx_word' id='word_1_308' title='bbox 131 1941 256 1967; x_wconf 83' lang='grc' dir='ltr'>πολιτεία</span> <span class='ocrx_word' id='word_1_309' title='bbox 274 1941 415 1976; x_wconf 76' lang='grc' dir='ltr'>μάρτυρας</span> <span class='ocrx_word' id='word_1_310' title='bbox 439 1941 531 1967; x_wconf 79' lang='grc' dir='ltr'>καλεῖν</span> <span class='ocrx_word' id='word_1_311' title='bbox 550 1939 619 1966; x_wconf 79' lang='grc' dir='ltr'>οἶδεν</span> <span class='ocrx_word' id='word_1_312' title='bbox 633 1939 658 1966; x_wconf 82' lang='grc' dir='ltr'>οἶ</span> <span class='ocrx_word' id='word_1_313' title='bbox 677 1939 805 1974; x_wconf 82' lang='grc' dir='ltr'>πάρεισιν</span> <span class='ocrx_word' id='word_1_314' title='bbox 817 1940 863 1965; x_wconf 71' lang='grc' dir='ltr'><strong>ἐπὶ</strong></span> <span class='ocrx_word' id='word_1_315' title='bbox 878 1939 922 1974; x_wconf 85' lang='grc' dir='ltr'><strong>βε-</strong></span> 
     </span>
    </p>
   </div>
   <div class='ocr_carea' id='block_1_40' title="bbox 130 1985 922 2022">
    <p class='ocr_par' dir='ltr' id='par_1_40' title="bbox 130 1985 922 2022">
     <span class='ocr_line' id='line_1_40' title="bbox 130 1985 922 2022; baseline -0.003 -9"><span class='ocrx_word' id='word_1_316' title='bbox 130 1987 245 2014; x_wconf 75' lang='grc' dir='ltr'>ϐαιώσει</span> <span class='ocrx_word' id='word_1_317' title='bbox 258 1987 309 2022; x_wconf 81' lang='grc' dir='ltr'>τῆς</span> <span class='ocrx_word' id='word_1_318' title='bbox 327 1987 399 2014; x_wconf 70' lang='grc' dir='ltr'>κατὰ</span> <span class='ocrx_word' id='word_1_319' title='bbox 414 1987 459 2013; x_wconf 60' lang='grc' dir='ltr'>τὸν</span> <span class='ocrx_word' id='word_1_320' title='bbox 486 1986 543 2021; x_wconf 84' lang='grc' dir='ltr'>βίον</span> <span class='ocrx_word' id='word_1_321' title='bbox 560 1986 700 2021; x_wconf 79' lang='grc' dir='ltr'>ἀληθείας,</span> <span class='ocrx_word' id='word_1_322' title='bbox 721 1986 768 2013; x_wconf 79' lang='grc' dir='ltr'>καὶ</span> <span class='ocrx_word' id='word_1_323' title='bbox 781 1985 872 2012; x_wconf 78' lang='grc' dir='ltr'>πίστιν</span> <span class='ocrx_word' id='word_1_324' title='bbox 887 1985 922 2012; x_wconf 83' lang='grc' dir='ltr'><strong>δι’</strong></span> 
     </span>
    </p>
   </div>
   <div class='ocr_carea' id='block_1_41' title="bbox 130 2031 920 2068">
    <p class='ocr_par' dir='ltr' id='par_1_41' title="bbox 130 2031 920 2068">
     <span class='ocr_line' id='line_1_41' title="bbox 130 2031 920 2068; baseline -0.003 -8"><span class='ocrx_word' id='word_1_325' title='bbox 130 2031 168 2060; x_wconf 78' lang='grc' dir='ltr'>ὧν</span> <span class='ocrx_word' id='word_1_326' title='bbox 186 2035 276 2060; x_wconf 83' lang='grc' dir='ltr'>ίσασιν</span> <span class='ocrx_word' id='word_1_327' title='bbox 293 2033 426 2066; x_wconf 78' lang='grc' dir='ltr'>ἐπάγουσι</span> <span class='ocrx_word' id='word_1_328' title='bbox 438 2034 495 2064; x_wconf 88' lang='grc' dir='ltr'>τοῖς</span> <span class='ocrx_word' id='word_1_329' title='bbox 509 2032 739 2068; x_wconf 80' lang='grc' dir='ltr'>προτεινομένοις,</span> <span class='ocrx_word' id='word_1_330' title='bbox 752 2032 806 2058; x_wconf 80' lang='grc' dir='ltr'>ἀπὸ</span> <span class='ocrx_word' id='word_1_331' title='bbox 817 2031 920 2058; x_wconf 79' lang='grc' dir='ltr'>τούτων</span> 
     </span>
    </p>
   </div>
   <div class='ocr_carea' id='block_1_42' title="bbox 130 2076 924 2114">
    <p class='ocr_par' dir='ltr' id='par_1_42' title="bbox 130 2076 924 2114">
     <span class='ocr_line' id='line_1_42' title="bbox 130 2076 924 2114; baseline -0.005 -8"><span class='ocrx_word' id='word_1_332' title='bbox 130 2080 178 2106; x_wconf 80' lang='grc' dir='ltr'>καὶ</span> <span class='ocrx_word' id='word_1_333' title='bbox 191 2080 256 2110; x_wconf 80' lang='grc' dir='ltr'>τοὺς</span> <span class='ocrx_word' id='word_1_334' title='bbox 277 2079 327 2114; x_wconf 74' lang='grc' dir='ltr'>τῆς</span> <span class='ocrx_word' id='word_1_335' title='bbox 345 2078 484 2109; x_wconf 75' lang='grc' dir='ltr'>εὐσεϐείας</span> <span class='ocrx_word' id='word_1_336' title='bbox 496 2077 650 2112; x_wconf 79' lang='grc' dir='ltr'>ἀγωνιστὰς</span> <span class='ocrx_word' id='word_1_337' title='bbox 665 2076 835 2112; x_wconf 73' lang='grc' dir='ltr'>ὀνομάζομεν</span> <span class='ocrx_word' id='word_1_338' title='bbox 853 2076 924 2111; x_wconf 87' lang='grc' dir='ltr'>μάρ-</span> 
     </span>
    </p>
   </div>
   <div class='ocr_carea' id='block_1_43' title="bbox 129 2120 924 2161">
    <p class='ocr_par' dir='ltr' id='par_1_43' title="bbox 129 2120 924 2161">
     <span class='ocr_line' id='line_1_43' title="bbox 129 2120 924 2161; baseline -0.005 -9"><span class='ocrx_word' id='word_1_339' title='bbox 129 2134 216 2161; x_wconf 80' lang='grc' dir='ltr'>τυρας</span> <span class='ocrx_word' id='word_1_340' title='bbox 232 2134 240 2141; x_wconf 66' lang='grc' dir='ltr'>υ</span> <span class='ocrx_word' id='word_1_341' title='bbox 258 2126 307 2152; x_wconf 79' lang='grc' dir='ltr'>καὶ</span> <span class='ocrx_word' id='word_1_342' title='bbox 333 2125 388 2160; x_wconf 77' lang='grc' dir='ltr'><strong>γὰρ</strong></span> <span class='ocrx_word' id='word_1_343' title='bbox 407 2125 444 2156; x_wconf 85' lang='grc' dir='ltr'>ὠς</span> <span class='ocrx_word' id='word_1_344' title='bbox 459 2124 566 2159; x_wconf 85' lang='grc' dir='ltr'>ἀληθῶς</span> <span class='ocrx_word' id='word_1_345' title='bbox 587 2120 661 2151; x_wconf 78' lang='grc' dir='ltr'>οὗτοι</span> <span class='ocrx_word' id='word_1_346' title='bbox 677 2123 727 2157; x_wconf 77' lang='grc' dir='ltr'>τὴν</span> <span class='ocrx_word' id='word_1_347' title='bbox 743 2122 924 2149; x_wconf 79' lang='grc' dir='ltr'>ὲνυπόστατον</span> 
     </span>
    </p>
   </div>
   <div class='ocr_carea' id='block_1_44' title="bbox 130 2168 923 2207">
    <p class='ocr_par' dir='ltr' id='par_1_44' title="bbox 130 2168 923 2207">
     <span class='ocr_line' id='line_1_44' title="bbox 130 2168 923 2207; baseline -0.005 -9"><span class='ocrx_word' id='word_1_348' title='bbox 130 2171 322 2206; x_wconf 63' lang='grc' dir='ltr'>θεολογῶντες</span> <span class='ocrx_word' id='word_1_349' title='bbox 339 2171 476 2207; x_wconf 81' lang='grc' dir='ltr'>ἀλήθειαν,</span> <span class='ocrx_word' id='word_1_350' title='bbox 496 2170 611 2197; x_wconf 76' lang='grc' dir='ltr'>ἐνώπιον</span> <span class='ocrx_word' id='word_1_351' title='bbox 631 2170 770 2205; x_wconf 81' lang='grc' dir='ltr'>τυράννων</span> <span class='ocrx_word' id='word_1_352' title='bbox 781 2169 828 2195; x_wconf 74' lang='grc' dir='ltr'><strong>καὶ</strong></span> <span class='ocrx_word' id='word_1_353' title='bbox 842 2168 923 2203; x_wconf 76' lang='grc' dir='ltr'>βασι-</span> 
     </span>
    </p>
   </div>
   <div class='ocr_carea' id='block_1_45' title="bbox 130 2213 925 2253">
    <p class='ocr_par' dir='ltr' id='par_1_45' title="bbox 130 2213 925 2253">
     <span class='ocr_line' id='line_1_45' title="bbox 130 2213 925 2253; baseline -0.006 -9"><span class='ocrx_word' id='word_1_354' title='bbox 130 2219 200 2246; x_wconf 86' lang='grc' dir='ltr'>λέων</span> <span class='ocrx_word' id='word_1_355' title='bbox 213 2217 411 2253; x_wconf 78' lang='grc' dir='ltr'>ἐμαρτύρησαν</span> <span class='ocrx_word' id='word_1_356' title='bbox 420 2225 426 2232; x_wconf 89' lang='grc'><strong>·</strong></span> <span class='ocrx_word' id='word_1_357' title='bbox 450 2217 496 2244; x_wconf 81' lang='grc' dir='ltr'>καὶ</span> <span class='ocrx_word' id='word_1_358' title='bbox 511 2215 705 2252; x_wconf 81' lang='grc' dir='ltr'>προσενεγκεῖν</span> <span class='ocrx_word' id='word_1_359' title='bbox 728 2215 819 2241; x_wconf 86' lang='grc' dir='ltr'>αὐτῶν</span> <span class='ocrx_word' id='word_1_360' title='bbox 833 2214 868 2240; x_wconf 81' lang='grc' dir='ltr'>τὰ</span> <span class='ocrx_word' id='word_1_361' title='bbox 882 2213 925 2240; x_wconf 80' lang='grc' dir='ltr'><strong>αἴ-</strong></span> 
     </span>
    </p>
   </div>
   <div class='ocr_carea' id='block_1_46' title="bbox 582 181 1266 217">
    <p class='ocr_par' dir='ltr' id='par_1_46' title="bbox 582 181 1266 217">
     <span class='ocr_line' id='line_1_46' title="bbox 582 181 1266 217; baseline 0.004 -5"><span class='ocrx_word' id='word_1_362' title='bbox 582 183 632 212; x_wconf 78' lang='grc' dir='ltr'><strong>Ᾱῐ)</strong></span> <span class='ocrx_word' id='word_1_363' title='bbox 650 181 947 214; x_wconf 74' lang='lat' dir='ltr'><strong>AMPHILOCHlUM</strong></span> <span class='ocrx_word' id='word_1_364' title='bbox 969 184 1142 216; x_wconf 64' lang='lat' dir='ltr'><strong>OUIESTIO</strong></span> <span class='ocrx_word' id='word_1_365' title='bbox 1159 185 1266 217; x_wconf 75' lang='lat' dir='ltr'><strong>XXIV.</strong></span> 
     </span>
    </p>
   </div>
   <div class='ocr_carea' id='block_1_47' title="bbox 1697 182 1748 215">
    <p class='ocr_par' dir='ltr' id='par_1_47' title="bbox 1697 182 1748 215">
     <span class='ocr_line' id='line_1_47' title="bbox 1697 182 1748 215; baseline 0.02 -1"><span class='ocrx_word' id='word_1_366' title='bbox 1697 182 1748 215; x_wconf 74' lang='lat'><strong>182</strong></span> 
     </span>
    </p>
   </div>
   <div class='ocr_carea' id='block_1_48' title="bbox 996 242 1751 272">
    <p class='ocr_par' dir='ltr' id='par_1_48' title="bbox 996 242 1751 272">
     <span class='ocr_line' id='line_1_48' title="bbox 996 242 1751 272; baseline 0 -2"><span class='ocrx_word' id='word_1_367' title='bbox 996 243 1023 270; x_wconf 83' lang='lat'><strong>5.</strong></span> <span class='ocrx_word' id='word_1_368' title='bbox 1040 243 1167 272; x_wconf 74' lang='lat' dir='ltr'><strong>Profecto</strong></span> <span class='ocrx_word' id='word_1_369' title='bbox 1180 247 1288 272; x_wconf 89' lang='lat' dir='ltr'><strong>constat</strong></span> <span class='ocrx_word' id='word_1_370' title='bbox 1309 250 1363 270; x_wconf 93' lang='lat' dir='ltr'><strong>non</strong></span> <span class='ocrx_word' id='word_1_371' title='bbox 1383 250 1444 271; x_wconf 83' lang='lat' dir='ltr'><strong>esse</strong></span> <span class='ocrx_word' id='word_1_372' title='bbox 1461 242 1642 270; x_wconf 79' lang='lat' dir='ltr'><strong>adnitendum</strong></span> <span class='ocrx_word' id='word_1_373' title='bbox 1671 247 1701 269; x_wconf 90' lang='lat' dir='ltr'><strong>ut</strong></span> <span class='ocrx_word' id='word_1_374' title='bbox 1717 243 1751 270; x_wconf 88' lang='lat' dir='ltr'><strong>ad</strong></span> 
     </span>
    </p>
   </div>
   <div class='ocr_carea' id='block_1_49' title="bbox 963 286 1753 325">
    <p class='ocr_par' dir='ltr' id='par_1_49' title="bbox 963 286 1753 325">
     <span class='ocr_line' id='line_1_49' title="bbox 963 286 1753 325; baseline -0.003 -8"><span class='ocrx_word' id='word_1_375' title='bbox 963 286 1087 318; x_wconf 85' lang='lat' dir='ltr'><strong>ordiuein</strong></span> <span class='ocrx_word' id='word_1_376' title='bbox 1109 290 1358 325; x_wconf 86' lang='lat' dir='ltr'><strong>metaphoricorum</strong></span> <span class='ocrx_word' id='word_1_377' title='bbox 1381 290 1523 317; x_wconf 86' lang='lat' dir='ltr'><strong>trahamus</strong></span> <span class='ocrx_word' id='word_1_378' title='bbox 1537 297 1580 321; x_wconf 81' lang='lat' dir='ltr'><strong>ea,</strong></span> <span class='ocrx_word' id='word_1_379' title='bbox 1596 297 1658 323; x_wconf 69' lang='lat' dir='ltr'><strong>quae</strong></span> <span class='ocrx_word' id='word_1_380' title='bbox 1675 296 1753 323; x_wconf 87' lang='lat' dir='ltr'><strong>pror—</strong></span> 
     </span>
    </p>
   </div>
   <div class='ocr_carea' id='block_1_50' title="bbox 963 335 1751 371">
    <p class='ocr_par' dir='ltr' id='par_1_50' title="bbox 963 335 1751 371">
     <span class='ocr_line' id='line_1_50' title="bbox 963 335 1751 371; baseline -0.003 -8"><span class='ocrx_word' id='word_1_381' title='bbox 963 343 1010 364; x_wconf 88' lang='lat' dir='ltr'><strong>sus</strong></span> <span class='ocrx_word' id='word_1_382' title='bbox 1025 336 1124 363; x_wconf 86' lang='lat' dir='ltr'><strong>sectari</strong></span> <span class='ocrx_word' id='word_1_383' title='bbox 1137 336 1225 363; x_wconf 87' lang='lat' dir='ltr'><strong>solent</strong></span> <span class='ocrx_word' id='word_1_384' title='bbox 1235 336 1260 362; x_wconf 89' lang='lat' dir='ltr'><strong>id</strong></span> <span class='ocrx_word' id='word_1_385' title='bbox 1270 335 1343 371; x_wconf 92' lang='lat' dir='ltr'><strong>quod</strong></span> <span class='ocrx_word' id='word_1_386' title='bbox 1354 335 1517 370; x_wconf 87' lang='lat' dir='ltr'><strong>appellatum</strong></span> <span class='ocrx_word' id='word_1_387' title='bbox 1535 335 1587 362; x_wconf 80' lang='lat' dir='ltr'><strong>fuit</strong></span> <span class='ocrx_word' id='word_1_388' title='bbox 1599 335 1751 362; x_wconf 83' lang='lat' dir='ltr'><strong>secundum</strong></span> 
     </span>
    </p>
   </div>
   <div class='ocr_carea' id='block_1_51' title="bbox 963 371 1752 415">
    <p class='ocr_par' dir='ltr' id='par_1_51' title="bbox 963 371 1752 415">
     <span class='ocr_line' id='line_1_51' title="bbox 963 371 1752 415; baseline -0.001 -8"><span class='ocrx_word' id='word_1_389' title='bbox 963 381 1077 415; x_wconf 84' lang='lat' dir='ltr'><strong>primam</strong></span> <span class='ocrx_word' id='word_1_390' title='bbox 1088 380 1164 408; x_wconf 87' lang='lat' dir='ltr'><strong>vocis</strong></span> <span class='ocrx_word' id='word_1_391' title='bbox 1178 380 1353 415; x_wconf 75' lang='lat' dir='ltr'><strong>positionem.</strong></span> <span class='ocrx_word' id='word_1_392' title='bbox 1367 379 1445 415; x_wconf 84' lang='lat' dir='ltr'><strong>(Nam</strong></span> <span class='ocrx_word' id='word_1_393' title='bbox 1459 387 1503 407; x_wconf 89' lang='lat' dir='ltr'><strong>me</strong></span> <span class='ocrx_word' id='word_1_394' title='bbox 1521 371 1701 415; x_wconf 30' lang='lat' dir='ltr'><strong>jam~oportet</strong></span> <span class='ocrx_word' id='word_1_395' title='bbox 1717 380 1752 407; x_wconf 93' lang='lat' dir='ltr'><strong>ad</strong></span> 
     </span>
    </p>
   </div>
   <div class='ocr_carea' id='block_1_52' title="bbox 962 425 1754 461">
    <p class='ocr_par' dir='ltr' id='par_1_52' title="bbox 962 425 1754 461">
     <span class='ocr_line' id='line_1_52' title="bbox 962 425 1754 461; baseline -0.001 -8"><span class='ocrx_word' id='word_1_396' title='bbox 962 426 1115 461; x_wconf 82' lang='lat' dir='ltr'><strong>generalem</strong></span> <span class='ocrx_word' id='word_1_397' title='bbox 1129 426 1246 454; x_wconf 77' lang='lat' dir='ltr'><strong>formam</strong></span> <span class='ocrx_word' id='word_1_398' title='bbox 1263 425 1384 461; x_wconf 73' lang='lat' dir='ltr'><strong>redigere</strong></span> <span class='ocrx_word' id='word_1_399' title='bbox 1400 425 1427 452; x_wconf 90' lang='lat' dir='ltr'><strong>id</strong></span> <span class='ocrx_word' id='word_1_400' title='bbox 1459 426 1532 460; x_wconf 89' lang='lat' dir='ltr'><strong>quod</strong></span> <span class='ocrx_word' id='word_1_401' title='bbox 1558 425 1690 453; x_wconf 78' lang='lat' dir='ltr'><strong>hactenus</strong></span> <span class='ocrx_word' id='word_1_402' title='bbox 1718 425 1754 452; x_wconf 88' lang='lat' dir='ltr'><strong>de</strong></span> 
     </span>
    </p>
   </div>
   <div class='ocr_carea' id='block_1_53' title="bbox 961 470 1753 507">
    <p class='ocr_par' dir='ltr' id='par_1_53' title="bbox 961 470 1753 507">
     <span class='ocr_line' id='line_1_53' title="bbox 961 470 1753 507; baseline 0 -9"><span class='ocrx_word' id='word_1_403' title='bbox 961 472 1102 507; x_wconf 89' lang='lat' dir='ltr'><strong>proposito</strong></span> <span class='ocrx_word' id='word_1_404' title='bbox 1117 472 1237 499; x_wconf 89' lang='lat' dir='ltr'><strong>themate</strong></span> <span class='ocrx_word' id='word_1_405' title='bbox 1267 471 1415 506; x_wconf 76' lang='lat' dir='ltr'><strong>disputavi.</strong></span> <span class='ocrx_word' id='word_1_406' title='bbox 1444 470 1490 499; x_wconf 88' lang='lat' dir='ltr'><strong>Sic</strong></span> <span class='ocrx_word' id='word_1_407' title='bbox 1513 471 1585 498; x_wconf 89' lang='lat' dir='ltr'><strong>enim</strong></span> <span class='ocrx_word' id='word_1_408' title='bbox 1609 471 1701 498; x_wconf 82' lang='lat' dir='ltr'><strong>licebit</strong></span> <span class='ocrx_word' id='word_1_409' title='bbox 1725 477 1753 498; x_wconf 88' lang='lat' dir='ltr'><strong>et</strong></span> 
     </span>
    </p>
   </div>
   <div class='ocr_carea' id='block_1_54' title="bbox 963 516 1754 552">
    <p class='ocr_par' dir='ltr' id='par_1_54' title="bbox 963 516 1754 552">
     <span class='ocr_line' id='line_1_54' title="bbox 963 516 1754 552; baseline 0 -8"><span class='ocrx_word' id='word_1_410' title='bbox 963 517 1024 545; x_wconf 88' lang='lat' dir='ltr'><strong>aliis</strong></span> <span class='ocrx_word' id='word_1_411' title='bbox 1034 517 1136 550; x_wconf 86' lang='lat' dir='ltr'><strong>multis,</strong></span> <span class='ocrx_word' id='word_1_412' title='bbox 1148 525 1209 552; x_wconf 66' lang='lat' dir='ltr'><strong>quae</strong></span> <span class='ocrx_word' id='word_1_413' title='bbox 1224 517 1347 544; x_wconf 82' lang='lat' dir='ltr'><strong>eamdem</strong></span> <span class='ocrx_word' id='word_1_414' title='bbox 1362 516 1566 552; x_wconf 79' lang='lat' dir='ltr'><strong>perplexitatem</strong></span> <span class='ocrx_word' id='word_1_415' title='bbox 1580 524 1675 544; x_wconf 86' lang='lat' dir='ltr'><strong>creare</strong></span> <span class='ocrx_word' id='word_1_416' title='bbox 1691 524 1754 551; x_wconf 88' lang='lat' dir='ltr'><strong>pos-</strong></span> 
     </span>
    </p>
   </div>
   <div class='ocr_carea' id='block_1_55' title="bbox 962 561 1752 597">
    <p class='ocr_par' dir='ltr' id='par_1_55' title="bbox 962 561 1752 597">
     <span class='ocr_line' id='line_1_55' title="bbox 962 561 1752 597; baseline -0.003 -8"><span class='ocrx_word' id='word_1_417' title='bbox 962 566 1041 594; x_wconf 84' lang='lat' dir='ltr'><strong>sent,</strong></span> <span class='ocrx_word' id='word_1_418' title='bbox 1064 561 1190 597; x_wconf 80' lang='lat' dir='ltr'><strong>expedite</strong></span> <span class='ocrx_word' id='word_1_419' title='bbox 1213 566 1241 589; x_wconf 92' lang='lat' dir='ltr'><strong>et</strong></span> <span class='ocrx_word' id='word_1_420' title='bbox 1261 561 1450 589; x_wconf 87' lang='lat' dir='ltr'><strong>communiore</strong></span> <span class='ocrx_word' id='word_1_421' title='bbox 1466 561 1572 588; x_wconf 77' lang='lat' dir='ltr'><strong>ratione</strong></span> <span class='ocrx_word' id='word_1_422' title='bbox 1587 561 1752 588; x_wconf 82' lang='lat' dir='ltr'><strong>solutionem</strong></span> 
     </span>
    </p>
   </div>
   <div class='ocr_carea' id='block_1_56' title="bbox 963 607 1752 643">
    <p class='ocr_par' dir='ltr' id='par_1_56' title="bbox 963 607 1752 643">
     <span class='ocr_line' id='line_1_56' title="bbox 963 607 1752 643; baseline -0.001 -9"><span class='ocrx_word' id='word_1_423' title='bbox 963 607 1102 639; x_wconf 85' lang='lat' dir='ltr'><strong>adhibere,</strong></span> <span class='ocrx_word' id='word_1_424' title='bbox 1114 612 1197 642; x_wconf 85' lang='lat' dir='ltr'><strong>atque</strong></span> <span class='ocrx_word' id='word_1_425' title='bbox 1212 607 1408 635; x_wconf 84' lang='lat' dir='ltr'><strong>obscuritatem</strong></span> <span class='ocrx_word' id='word_1_426' title='bbox 1422 608 1569 643; x_wconf 77' lang='lat' dir='ltr'><strong>avertere.)</strong></span> <span class='ocrx_word' id='word_1_427' title='bbox 1582 607 1653 634; x_wconf 86' lang='lat' dir='ltr'><strong>Cave</strong></span> <span class='ocrx_word' id='word_1_428' title='bbox 1662 611 1752 633; x_wconf 89' lang='lat' dir='ltr'><strong>autem</strong></span> 
     </span>
    </p>
   </div>
   <div class='ocr_carea' id='block_1_57' title="bbox 964 653 1753 689">
    <p class='ocr_par' dir='ltr' id='par_1_57' title="bbox 964 653 1753 689">
     <span class='ocr_line' id='line_1_57' title="bbox 964 653 1753 689; baseline -0.001 -9"><span class='ocrx_word' id='word_1_429' title='bbox 964 658 1054 689; x_wconf 79' lang='lat' dir='ltr'><strong>putes.</strong></span> <span class='ocrx_word' id='word_1_430' title='bbox 1069 661 1113 681; x_wconf 90' lang='lat' dir='ltr'><strong>me</strong></span> <span class='ocrx_word' id='word_1_431' title='bbox 1129 654 1273 681; x_wconf 87' lang='lat' dir='ltr'><strong>verborum</strong></span> <span class='ocrx_word' id='word_1_432' title='bbox 1286 653 1539 688; x_wconf 89' lang='lat' dir='ltr'><strong>metaphoricorum</strong></span> <span class='ocrx_word' id='word_1_433' title='bbox 1566 660 1645 680; x_wconf 82' lang='lat' dir='ltr'><strong>usum</strong></span> <span class='ocrx_word' id='word_1_434' title='bbox 1664 654 1753 680; x_wconf 88' lang='lat' dir='ltr'><strong>inter-</strong></span> 
     </span>
    </p>
   </div>
   <div class='ocr_carea' id='block_1_58' title="bbox 963 697 1752 730">
    <p class='ocr_par' dir='ltr' id='par_1_58' title="bbox 963 697 1752 730">
     <span class='ocr_line' id='line_1_58' title="bbox 963 697 1752 730; baseline -0.003 -3"><span class='ocrx_word' id='word_1_435' title='bbox 963 701 1054 728; x_wconf 83' lang='lat' dir='ltr'><strong>dicere</strong></span> <span class='ocrx_word' id='word_1_436' title='bbox 1069 709 1076 727; x_wconf 91' lang='lat'><strong>:</strong></span> <span class='ocrx_word' id='word_1_437' title='bbox 1097 704 1139 727; x_wconf 84' lang='lat' dir='ltr'><strong>est</strong></span> <span class='ocrx_word' id='word_1_438' title='bbox 1154 699 1227 726; x_wconf 89' lang='lat' dir='ltr'><strong>enim</strong></span> <span class='ocrx_word' id='word_1_439' title='bbox 1246 699 1326 726; x_wconf 87' lang='lat' dir='ltr'><strong>nobis</strong></span> <span class='ocrx_word' id='word_1_440' title='bbox 1337 699 1435 726; x_wconf 88' lang='lat' dir='ltr'><strong>horum</strong></span> <span class='ocrx_word' id='word_1_441' title='bbox 1452 698 1546 725; x_wconf 90' lang='lat' dir='ltr'><strong>innata</strong></span> <span class='ocrx_word' id='word_1_442' title='bbox 1566 697 1752 730; x_wconf 74' lang='lat' dir='ltr'><strong>familiaritas,</strong></span> 
     </span>
    </p>
   </div>
   <div class='ocr_carea' id='block_1_59' title="bbox 963 745 1754 781">
    <p class='ocr_par' dir='ltr' id='par_1_59' title="bbox 963 745 1754 781">
     <span class='ocr_line' id='line_1_59' title="bbox 963 745 1754 781; baseline -0.005 -6"><span class='ocrx_word' id='word_1_443' title='bbox 963 755 1018 775; x_wconf 88' lang='lat' dir='ltr'><strong>non</strong></span> <span class='ocrx_word' id='word_1_444' title='bbox 1031 747 1123 774; x_wconf 87' lang='lat' dir='ltr'><strong>minus</strong></span> <span class='ocrx_word' id='word_1_445' title='bbox 1142 745 1340 781; x_wconf 81' lang='lat' dir='ltr'><strong>propemodum</strong></span> <span class='ocrx_word' id='word_1_446' title='bbox 1355 753 1437 780; x_wconf 92' lang='lat' dir='ltr'><strong>quam</strong></span> <span class='ocrx_word' id='word_1_447' title='bbox 1451 752 1547 772; x_wconf 92' lang='lat' dir='ltr'><strong>eorum</strong></span> <span class='ocrx_word' id='word_1_448' title='bbox 1564 752 1625 779; x_wconf 69' lang='lat' dir='ltr'><strong>quae</strong></span> <span class='ocrx_word' id='word_1_449' title='bbox 1643 745 1754 779; x_wconf 87' lang='lat' dir='ltr'><strong>proprio</strong></span> 
     </span>
    </p>
   </div>
   <div class='ocr_carea' id='block_1_60' title="bbox 963 791 1755 827">
    <p class='ocr_par' dir='ltr' id='par_1_60' title="bbox 963 791 1755 827">
     <span class='ocr_line' id='line_1_60' title="bbox 963 791 1755 827; baseline -0.004 -5"><span class='ocrx_word' id='word_1_450' title='bbox 963 802 1045 822; x_wconf 84' lang='lat' dir='ltr'><strong>sensu</strong></span> <span class='ocrx_word' id='word_1_451' title='bbox 1061 793 1220 821; x_wconf 80' lang='lat' dir='ltr'><strong>ell‘eruntur.</strong></span> <span class='ocrx_word' id='word_1_452' title='bbox 1236 793 1274 820; x_wconf 80' lang='lat' dir='ltr'><strong>Ac</strong></span> <span class='ocrx_word' id='word_1_453' title='bbox 1295 793 1318 819; x_wconf 91' lang='lat' dir='ltr'><strong>si</strong></span> <span class='ocrx_word' id='word_1_454' title='bbox 1333 792 1397 827; x_wconf 88' lang='lat' dir='ltr'><strong>quis</strong></span> <span class='ocrx_word' id='word_1_455' title='bbox 1416 791 1476 826; x_wconf 88' lang='lat' dir='ltr'><strong>ejus</strong></span> <span class='ocrx_word' id='word_1_456' title='bbox 1501 791 1609 827; x_wconf 75' lang='lat' dir='ltr'><strong>generis</strong></span> <span class='ocrx_word' id='word_1_457' title='bbox 1628 791 1709 818; x_wconf 89' lang='lat' dir='ltr'><strong>verba</strong></span> <span class='ocrx_word' id='word_1_458' title='bbox 1721 799 1755 819; x_wconf 77' lang='lat' dir='ltr'><strong>ex</strong></span> 
     </span>
    </p>
   </div>
   <div class='ocr_carea' id='block_1_61' title="bbox 964 837 1756 874">
    <p class='ocr_par' dir='ltr' id='par_1_61' title="bbox 964 837 1756 874">
     <span class='ocr_line' id='line_1_61' title="bbox 964 837 1756 874; baseline -0.004 -7"><span class='ocrx_word' id='word_1_459' title='bbox 964 841 1016 867; x_wconf 91' lang='lat' dir='ltr'><strong>hoc</strong></span> <span class='ocrx_word' id='word_1_460' title='bbox 1032 840 1102 874; x_wconf 86' lang='lat' dir='ltr'><strong>ipso,</strong></span> <span class='ocrx_word' id='word_1_461' title='bbox 1119 839 1166 874; x_wconf 89' lang='lat' dir='ltr'><strong>qui</strong></span> <span class='ocrx_word' id='word_1_462' title='bbox 1180 839 1207 865; x_wconf 93' lang='lat' dir='ltr'><strong>in</strong></span> <span class='ocrx_word' id='word_1_463' title='bbox 1219 838 1347 865; x_wconf 90' lang='lat' dir='ltr'><strong>manibus</strong></span> <span class='ocrx_word' id='word_1_464' title='bbox 1358 843 1411 871; x_wconf 86' lang='lat' dir='ltr'><strong>est,</strong></span> <span class='ocrx_word' id='word_1_465' title='bbox 1437 842 1564 871; x_wconf 85' lang='lat' dir='ltr'><strong>tractatu,</strong></span> <span class='ocrx_word' id='word_1_466' title='bbox 1584 837 1626 864; x_wconf 90' lang='lat' dir='ltr'><strong>vel</strong></span> <span class='ocrx_word' id='word_1_467' title='bbox 1646 845 1661 864; x_wconf 88' lang='lat' dir='ltr'><strong>a</strong></span> <span class='ocrx_word' id='word_1_468' title='bbox 1681 837 1756 864; x_wconf 71' lang='lat' dir='ltr'><strong>Serio</strong></span> 
     </span>
    </p>
   </div>
   <div class='ocr_carea' id='block_1_62' title="bbox 963 883 1756 920">
    <p class='ocr_par' dir='ltr' id='par_1_62' title="bbox 963 883 1756 920">
     <span class='ocr_line' id='line_1_62' title="bbox 963 883 1756 920; baseline -0.003 -8"><span class='ocrx_word' id='word_1_469' title='bbox 963 890 1103 920; x_wconf 89' lang='lat' dir='ltr'><strong>pturarum</strong></span> <span class='ocrx_word' id='word_1_470' title='bbox 1119 885 1293 912; x_wconf 86' lang='lat' dir='ltr'><strong>enarratione</strong></span> <span class='ocrx_word' id='word_1_471' title='bbox 1313 885 1491 916; x_wconf 70' lang='lat' dir='ltr'><strong>submoveat,</strong></span> <span class='ocrx_word' id='word_1_472' title='bbox 1512 883 1661 918; x_wconf 73' lang='lat' dir='ltr'><strong>praesertim</strong></span> <span class='ocrx_word' id='word_1_473' title='bbox 1679 883 1756 910; x_wconf 87' lang='lat' dir='ltr'><strong>vahlc</strong></span> 
     </span>
    </p>
   </div>
   <div class='ocr_carea' id='block_1_63' title="bbox 963 928 1755 964">
    <p class='ocr_par' dir='ltr' id='par_1_63' title="bbox 963 928 1755 964">
     <span class='ocr_line' id='line_1_63' title="bbox 963 928 1755 964; baseline -0.001 -7"><span class='ocrx_word' id='word_1_474' title='bbox 963 930 1064 958; x_wconf 81' lang='lat' dir='ltr'><strong>similia</strong></span> <span class='ocrx_word' id='word_1_475' title='bbox 1078 937 1111 957; x_wconf 85' lang='lat' dir='ltr'><strong>ac</strong></span> <span class='ocrx_word' id='word_1_476' title='bbox 1125 930 1251 964; x_wconf 73' lang='lat' dir='ltr'><strong>proxima</strong></span> <span class='ocrx_word' id='word_1_477' title='bbox 1266 928 1331 961; x_wconf 89' lang='lat' dir='ltr'><strong>illis,</strong></span> <span class='ocrx_word' id='word_1_478' title='bbox 1348 935 1466 963; x_wconf 91' lang='lat' dir='ltr'><strong>quorum</strong></span> <span class='ocrx_word' id='word_1_479' title='bbox 1480 929 1572 956; x_wconf 90' lang='lat' dir='ltr'><strong>nullus</strong></span> <span class='ocrx_word' id='word_1_480' title='bbox 1585 933 1679 962; x_wconf 85' lang='lat' dir='ltr'><strong>tropus</strong></span> <span class='ocrx_word' id='word_1_481' title='bbox 1694 933 1755 960; x_wconf 77' lang='lat' dir='ltr'><strong>est;</strong></span> 
     </span>
    </p>
   </div>
   <div class='ocr_carea' id='block_1_64' title="bbox 963 974 1756 1004">
    <p class='ocr_par' dir='ltr' id='par_1_64' title="bbox 963 974 1756 1004">
     <span class='ocr_line' id='line_1_64' title="bbox 963 974 1756 1004; baseline -0.001 -1"><span class='ocrx_word' id='word_1_482' title='bbox 963 977 986 1004; x_wconf 93' lang='lat' dir='ltr'><strong>is</strong></span> <span class='ocrx_word' id='word_1_483' title='bbox 1005 976 1077 1003; x_wconf 86' lang='lat' dir='ltr'><strong>haud</strong></span> <span class='ocrx_word' id='word_1_484' title='bbox 1092 975 1180 1003; x_wconf 92' lang='lat' dir='ltr'><strong>multo</strong></span> <span class='ocrx_word' id='word_1_485' title='bbox 1205 974 1296 1003; x_wconf 79' lang='lat' dir='ltr'><strong>secius</strong></span> <span class='ocrx_word' id='word_1_486' title='bbox 1318 975 1402 1002; x_wconf 90' lang='lat' dir='ltr'><strong>arctis</strong></span> <span class='ocrx_word' id='word_1_487' title='bbox 1422 975 1569 1002; x_wconf 89' lang='lat' dir='ltr'><strong>admodum</strong></span> <span class='ocrx_word' id='word_1_488' title='bbox 1582 975 1682 1002; x_wconf 83' lang='lat' dir='ltr'><strong>ﬁnibus</strong></span> <span class='ocrx_word' id='word_1_489' title='bbox 1696 983 1756 1002; x_wconf 90' lang='lat' dir='ltr'><strong>ser-</strong></span> 
     </span>
    </p>
   </div>
   <div class='ocr_carea' id='block_1_65' title="bbox 963 1020 1756 1053">
    <p class='ocr_par' dir='ltr' id='par_1_65' title="bbox 963 1020 1756 1053">
     <span class='ocr_line' id='line_1_65' title="bbox 963 1020 1756 1053; baseline -0.004 -4"><span class='ocrx_word' id='word_1_490' title='bbox 963 1022 1052 1049; x_wconf 82' lang='lat' dir='ltr'><strong>monis</strong></span> <span class='ocrx_word' id='word_1_491' title='bbox 1067 1028 1148 1049; x_wconf 83' lang='lat' dir='ltr'><strong>usum</strong></span> <span class='ocrx_word' id='word_1_492' title='bbox 1163 1020 1319 1048; x_wconf 75' lang='lat' dir='ltr'><strong>concludat.</strong></span> <span class='ocrx_word' id='word_1_493' title='bbox 1334 1020 1404 1053; x_wconf 78' lang='lat' dir='ltr'><strong>Quin</strong></span> <span class='ocrx_word' id='word_1_494' title='bbox 1423 1020 1492 1047; x_wconf 86' lang='lat' dir='ltr'><strong>adeo</strong></span> <span class='ocrx_word' id='word_1_495' title='bbox 1506 1021 1600 1047; x_wconf 71' lang='lat' dir='ltr'><strong>multae</strong></span> <span class='ocrx_word' id='word_1_496' title='bbox 1619 1028 1664 1047; x_wconf 87' lang='lat' dir='ltr'><strong>res</strong></span> <span class='ocrx_word' id='word_1_497' title='bbox 1681 1025 1756 1052; x_wconf 82' lang='lat' dir='ltr'><strong>sunt,</strong></span> 
     </span>
    </p>
   </div>
   <div class='ocr_carea' id='block_1_66' title="bbox 963 1064 1757 1102">
    <p class='ocr_par' dir='ltr' id='par_1_66' title="bbox 963 1064 1757 1102">
     <span class='ocr_line' id='line_1_66' title="bbox 963 1064 1757 1102; baseline -0.004 -8"><span class='ocrx_word' id='word_1_498' title='bbox 963 1073 1032 1102; x_wconf 85' lang='lat' dir='ltr'><strong>quas</strong></span> <span class='ocrx_word' id='word_1_499' title='bbox 1047 1074 1081 1094; x_wconf 91' lang='lat' dir='ltr'><strong>ne</strong></span> <span class='ocrx_word' id='word_1_500' title='bbox 1105 1066 1219 1093; x_wconf 87' lang='lat' dir='ltr'><strong>nomine</strong></span> <span class='ocrx_word' id='word_1_501' title='bbox 1234 1065 1343 1100; x_wconf 87' lang='lat' dir='ltr'><strong>quidem</strong></span> <span class='ocrx_word' id='word_1_502' title='bbox 1360 1065 1497 1100; x_wconf 89' lang='lat' dir='ltr'><strong>appellare</strong></span> <span class='ocrx_word' id='word_1_503' title='bbox 1513 1072 1672 1098; x_wconf 86' lang='lat' dir='ltr'><strong>possumus,</strong></span> <span class='ocrx_word' id='word_1_504' title='bbox 1702 1064 1757 1091; x_wconf 84' lang='lat' dir='ltr'><strong>nisi</strong></span> 
     </span>
    </p>
   </div>
   <div class='ocr_carea' id='block_1_67' title="bbox 962 1110 1757 1148">
    <p class='ocr_par' dir='ltr' id='par_1_67' title="bbox 962 1110 1757 1148">
     <span class='ocr_line' id='line_1_67' title="bbox 962 1110 1757 1148; baseline -0.005 -8"><span class='ocrx_word' id='word_1_505' title='bbox 962 1113 1117 1148; x_wconf 84' lang='lat' dir='ltr'><strong>proprietas</strong></span> <span class='ocrx_word' id='word_1_506' title='bbox 1132 1112 1274 1140; x_wconf 89' lang='lat' dir='ltr'><strong>nominum</strong></span> <span class='ocrx_word' id='word_1_507' title='bbox 1289 1111 1385 1146; x_wconf 86' lang='lat' dir='ltr'><strong>procul</strong></span> <span class='ocrx_word' id='word_1_508' title='bbox 1399 1118 1448 1138; x_wconf 85' lang='lat' dir='ltr'><strong>usu</strong></span> <span class='ocrx_word' id='word_1_509' title='bbox 1466 1111 1628 1145; x_wconf 87' lang='lat' dir='ltr'><strong>quotidiano</strong></span> <span class='ocrx_word' id='word_1_510' title='bbox 1640 1110 1757 1137; x_wconf 44' lang='lat' dir='ltr'><strong>suhmo.</strong></span> 
     </span>
    </p>
   </div>
   <div class='ocr_carea' id='block_1_68' title="bbox 961 1155 1758 1193">
    <p class='ocr_par' dir='ltr' id='par_1_68' title="bbox 961 1155 1758 1193">
     <span class='ocr_line' id='line_1_68' title="bbox 961 1155 1758 1193; baseline -0.006 -7"><span class='ocrx_word' id='word_1_511' title='bbox 961 1164 1068 1186; x_wconf 90' lang='lat' dir='ltr'><strong>veatur.</strong></span> <span class='ocrx_word' id='word_1_512' title='bbox 1087 1157 1158 1193; x_wconf 77' lang='lat' dir='ltr'><strong>Ergo</strong></span> <span class='ocrx_word' id='word_1_513' title='bbox 1175 1165 1229 1185; x_wconf 92' lang='lat' dir='ltr'><strong>non</strong></span> <span class='ocrx_word' id='word_1_514' title='bbox 1243 1157 1307 1185; x_wconf 86' lang='lat' dir='ltr'><strong>licet</strong></span> <span class='ocrx_word' id='word_1_515' title='bbox 1324 1156 1481 1184; x_wconf 89' lang='lat' dir='ltr'><strong>inutilitatis</strong></span> <span class='ocrx_word' id='word_1_516' title='bbox 1496 1163 1627 1183; x_wconf 83' lang='lat' dir='ltr'><strong>accusare</strong></span> <span class='ocrx_word' id='word_1_517' title='bbox 1642 1155 1758 1182; x_wconf 81' lang='lat' dir='ltr'><strong>nomina</strong></span> 
     </span>
    </p>
   </div>
   <div class='ocr_carea' id='block_1_69' title="bbox 962 1201 1757 1238">
    <p class='ocr_par' dir='ltr' id='par_1_69' title="bbox 962 1201 1757 1238">
     <span class='ocr_line' id='line_1_69' title="bbox 962 1201 1757 1238; baseline -0.005 -8"><span class='ocrx_word' id='word_1_518' title='bbox 962 1204 1092 1238; x_wconf 74' lang='lat' dir='ltr'><strong>illa,qute</strong></span> <span class='ocrx_word' id='word_1_519' title='bbox 1114 1211 1132 1230; x_wconf 79' lang='lat' dir='ltr'><strong>ar</strong></span> <span class='ocrx_word' id='word_1_520' title='bbox 1156 1202 1319 1237; x_wconf 86' lang='lat' dir='ltr'><strong>metaphora</strong></span> <span class='ocrx_word' id='word_1_521' title='bbox 1345 1201 1480 1236; x_wconf 78' lang='lat' dir='ltr'><strong>originem</strong></span> <span class='ocrx_word' id='word_1_522' title='bbox 1500 1201 1606 1228; x_wconf 89' lang='lat' dir='ltr'><strong>ducunt</strong></span> <span class='ocrx_word' id='word_1_523' title='bbox 1621 1209 1628 1227; x_wconf 86' lang='lat'><strong><em>:</em></strong></span> <span class='ocrx_word' id='word_1_524' title='bbox 1645 1201 1693 1228; x_wconf 89' lang='lat' dir='ltr'><strong>sed</strong></span> <span class='ocrx_word' id='word_1_525' title='bbox 1714 1201 1757 1227; x_wconf 83' lang='lat' dir='ltr'><strong>vis</strong></span> 
     </span>
    </p>
   </div>
   <div class='ocr_carea' id='block_1_70' title="bbox 962 1246 1760 1285">
    <p class='ocr_par' dir='ltr' id='par_1_70' title="bbox 962 1246 1760 1285">
     <span class='ocr_line' id='line_1_70' title="bbox 962 1246 1760 1285; baseline -0.005 -8"><span class='ocrx_word' id='word_1_526' title='bbox 962 1250 1054 1285; x_wconf 87' lang='lat' dir='ltr'><strong>potius</strong></span> <span class='ocrx_word' id='word_1_527' title='bbox 1075 1248 1212 1284; x_wconf 86' lang='lat' dir='ltr'><strong>cujusque</strong></span> <span class='ocrx_word' id='word_1_528' title='bbox 1237 1247 1363 1275; x_wconf 83' lang='lat' dir='ltr'><strong>vocabuli</strong></span> <span class='ocrx_word' id='word_1_529' title='bbox 1394 1247 1586 1282; x_wconf 78' lang='lat' dir='ltr'><strong>cognoscenda</strong></span> <span class='ocrx_word' id='word_1_530' title='bbox 1619 1251 1672 1278; x_wconf 89' lang='lat' dir='ltr'><strong>est,</strong></span> <span class='ocrx_word' id='word_1_531' title='bbox 1702 1246 1760 1274; x_wconf 80' lang='lat' dir='ltr'><strong>sive</strong></span> 
     </span>
    </p>
   </div>
   <div class='ocr_carea' id='block_1_71' title="bbox 962 1293 1760 1332">
    <p class='ocr_par' dir='ltr' id='par_1_71' title="bbox 962 1293 1760 1332">
     <span class='ocr_line' id='line_1_71' title="bbox 962 1293 1760 1332; baseline -0.006 -8"><span class='ocrx_word' id='word_1_532' title='bbox 962 1297 1071 1332; x_wconf 88' lang='lat' dir='ltr'><strong>proprie</strong></span> <span class='ocrx_word' id='word_1_533' title='bbox 1084 1295 1220 1330; x_wconf 77' lang='lat' dir='ltr'><strong>usurpati,</strong></span> <span class='ocrx_word' id='word_1_534' title='bbox 1233 1295 1291 1322; x_wconf 80' lang='lat' dir='ltr'><strong>sive</strong></span> <span class='ocrx_word' id='word_1_535' title='bbox 1300 1302 1363 1322; x_wconf 83' lang='lat' dir='ltr'><strong>cuin</strong></span> <span class='ocrx_word' id='word_1_536' title='bbox 1379 1294 1470 1329; x_wconf 88' lang='lat' dir='ltr'><strong>aliqua</strong></span> <span class='ocrx_word' id='word_1_537' title='bbox 1487 1293 1666 1321; x_wconf 86' lang='lat' dir='ltr'><strong>translatione</strong></span> <span class='ocrx_word' id='word_1_538' title='bbox 1676 1293 1760 1325; x_wconf 69' lang='lat' dir='ltr'><strong>rebus</strong></span> 
     </span>
    </p>
   </div>
   <div class='ocr_carea' id='block_1_72' title="bbox 962 1339 1758 1378">
    <p class='ocr_par' dir='ltr' id='par_1_72' title="bbox 962 1339 1758 1378">
     <span class='ocr_line' id='line_1_72' title="bbox 962 1339 1758 1378; baseline -0.008 -7"><span class='ocrx_word' id='word_1_539' title='bbox 962 1342 1093 1378; x_wconf 84' lang='lat' dir='ltr'><strong>impositi.</strong></span> <span class='ocrx_word' id='word_1_540' title='bbox 1114 1342 1203 1376; x_wconf 80' lang='lat' dir='ltr'><strong>Atque</strong></span> <span class='ocrx_word' id='word_1_541' title='bbox 1219 1340 1309 1368; x_wconf 84' lang='lat' dir='ltr'><strong>verbis</strong></span> <span class='ocrx_word' id='word_1_542' title='bbox 1326 1339 1459 1367; x_wconf 90' lang='lat' dir='ltr'><strong>utendum</strong></span> <span class='ocrx_word' id='word_1_543' title='bbox 1476 1343 1519 1367; x_wconf 90' lang='lat' dir='ltr'><strong>est</strong></span> <span class='ocrx_word' id='word_1_544' title='bbox 1531 1343 1615 1374; x_wconf 87' lang='lat' dir='ltr'><strong>prout</strong></span> <span class='ocrx_word' id='word_1_545' title='bbox 1637 1346 1758 1366; x_wconf 87' lang='lat' dir='ltr'><strong>consue-</strong></span> 
     </span>
    </p>
   </div>
   <div class='ocr_carea' id='block_1_73' title="bbox 965 1385 1762 1419">
    <p class='ocr_par' dir='ltr' id='par_1_73' title="bbox 965 1385 1762 1419">
     <span class='ocr_line' id='line_1_73' title="bbox 965 1385 1762 1419; baseline -0.006 -3"><span class='ocrx_word' id='word_1_546' title='bbox 965 1389 1032 1416; x_wconf 85' lang='lat' dir='ltr'><strong>tudo</strong></span> <span class='ocrx_word' id='word_1_547' title='bbox 1051 1388 1114 1419; x_wconf 82' lang='lat' dir='ltr'><strong>fert,</strong></span> <span class='ocrx_word' id='word_1_548' title='bbox 1132 1395 1187 1415; x_wconf 91' lang='lat' dir='ltr'><strong>non</strong></span> <span class='ocrx_word' id='word_1_549' title='bbox 1204 1391 1296 1414; x_wconf 86' lang='lat' dir='ltr'><strong>autem</strong></span> <span class='ocrx_word' id='word_1_550' title='bbox 1312 1386 1420 1413; x_wconf 89' lang='lat' dir='ltr'><strong>illorum</strong></span> <span class='ocrx_word' id='word_1_551' title='bbox 1433 1385 1622 1419; x_wconf 65' lang='lat' dir='ltr'><strong>signiﬁcantia:</strong></span> <span class='ocrx_word' id='word_1_552' title='bbox 1639 1385 1671 1412; x_wconf 90' lang='lat' dir='ltr'><strong>ad</strong></span> <span class='ocrx_word' id='word_1_553' title='bbox 1686 1391 1762 1411; x_wconf 52' lang='lat' dir='ltr'><strong>eam.</strong></span> 
     </span>
    </p>
   </div>
   <div class='ocr_carea' id='block_1_74' title="bbox 964 1430 1760 1467">
    <p class='ocr_par' dir='ltr' id='par_1_74' title="bbox 964 1430 1760 1467">
     <span class='ocr_line' id='line_1_74' title="bbox 964 1430 1760 1467; baseline -0.008 -5"><span class='ocrx_word' id='word_1_554' title='bbox 964 1435 1025 1462; x_wconf 90' lang='lat' dir='ltr'><strong>dem</strong></span> <span class='ocrx_word' id='word_1_555' title='bbox 1042 1438 1170 1461; x_wconf 88' lang='lat' dir='ltr'><strong>naturam</strong></span> <span class='ocrx_word' id='word_1_556' title='bbox 1186 1432 1350 1460; x_wconf 84' lang='lat' dir='ltr'><strong>necessitate</strong></span> <span class='ocrx_word' id='word_1_557' title='bbox 1363 1431 1492 1467; x_wconf 66' lang='lat' dir='ltr'><strong>cogenda:</strong></span> <span class='ocrx_word' id='word_1_558' title='bbox 1515 1437 1543 1458; x_wconf 89' lang='lat' dir='ltr'><strong>et</strong></span> <span class='ocrx_word' id='word_1_559' title='bbox 1566 1430 1760 1458; x_wconf 74' lang='lat' dir='ltr'><strong>convolvendte</strong></span> 
     </span>
    </p>
   </div>
   <div class='ocr_carea' id='block_1_75' title="bbox 965 1475 1757 1513">
    <p class='ocr_par' dir='ltr' id='par_1_75' title="bbox 965 1475 1757 1513">
     <span class='ocr_line' id='line_1_75' title="bbox 965 1475 1757 1513; baseline -0.008 -5"><span class='ocrx_word' id='word_1_560' title='bbox 965 1485 1038 1508; x_wconf 89' lang='lat' dir='ltr'><strong>sunt.</strong></span> <span class='ocrx_word' id='word_1_561' title='bbox 1054 1479 1124 1507; x_wconf 80' lang='lat' dir='ltr'><strong>Hinc</strong></span> <span class='ocrx_word' id='word_1_562' title='bbox 1141 1479 1213 1507; x_wconf 90' lang='lat' dir='ltr'><strong>enim</strong></span> <span class='ocrx_word' id='word_1_563' title='bbox 1230 1479 1320 1513; x_wconf 73' lang='lat' dir='ltr'><strong>magni</strong></span> <span class='ocrx_word' id='word_1_564' title='bbox 1335 1478 1460 1505; x_wconf 89' lang='lat' dir='ltr'><strong>orientur</strong></span> <span class='ocrx_word' id='word_1_565' title='bbox 1484 1485 1604 1510; x_wconf 83' lang='lat' dir='ltr'><strong>errores,</strong></span> <span class='ocrx_word' id='word_1_566' title='bbox 1624 1485 1657 1504; x_wconf 88' lang='lat' dir='ltr'><strong>ac</strong></span> <span class='ocrx_word' id='word_1_567' title='bbox 1672 1475 1757 1503; x_wconf 87' lang='lat' dir='ltr'><strong>dubia</strong></span> 
     </span>
    </p>
   </div>
   <div class='ocr_carea' id='block_1_76' title="bbox 965 1519 1758 1562">
    <p class='ocr_par' dir='ltr' id='par_1_76' title="bbox 965 1519 1758 1562">
     <span class='ocr_line' id='line_1_76' title="bbox 965 1519 1758 1562; baseline -0.008 -8"><span class='ocrx_word' id='word_1_568' title='bbox 965 1519 1068 1562; x_wconf 81' lang='lat' dir='ltr'><strong>passim</strong></span> <span class='ocrx_word' id='word_1_569' title='bbox 1079 1530 1237 1560; x_wconf 74' lang='lat' dir='ltr'><strong>emergant;</strong></span> <span class='ocrx_word' id='word_1_570' title='bbox 1255 1532 1316 1559; x_wconf 62' lang='lat' dir='ltr'><strong>qum</strong></span> <span class='ocrx_word' id='word_1_571' title='bbox 1329 1524 1440 1559; x_wconf 89' lang='lat' dir='ltr'><strong>quidem</strong></span> <span class='ocrx_word' id='word_1_572' title='bbox 1460 1531 1552 1550; x_wconf 85' lang='lat' dir='ltr'><strong>veram</strong></span> <span class='ocrx_word' id='word_1_573' title='bbox 1566 1523 1669 1550; x_wconf 92' lang='lat' dir='ltr'><strong>nullam</strong></span> <span class='ocrx_word' id='word_1_574' title='bbox 1694 1529 1758 1557; x_wconf 88' lang='lat' dir='ltr'><strong>pcr-</strong></span> 
     </span>
    </p>
   </div>
   <div class='ocr_carea' id='block_1_77' title="bbox 930 1569 1758 1617">
    <p class='ocr_par' dir='ltr' id='par_1_77' title="bbox 930 1569 1758 1617">
     <span class='ocr_line' id='line_1_77' title="bbox 930 1569 1758 1617; baseline -0.006 -17"><span class='ocrx_word' id='word_1_575' title='bbox 930 1588 951 1617; x_wconf 79' lang='lat' dir='ltr'><strong>c</strong></span> <span class='ocrx_word' id='word_1_576' title='bbox 969 1573 1123 1608; x_wconf 81' lang='lat' dir='ltr'><strong>plexitatem</strong></span> <span class='ocrx_word' id='word_1_577' title='bbox 1141 1571 1325 1603; x_wconf 82' lang='lat' dir='ltr'><strong>exhibebunt,</strong></span> <span class='ocrx_word' id='word_1_578' title='bbox 1347 1574 1536 1598; x_wconf 82' lang='lat' dir='ltr'><strong>verumtamen</strong></span> <span class='ocrx_word' id='word_1_579' title='bbox 1552 1570 1587 1597; x_wconf 89' lang='lat' dir='ltr'><strong>ob</strong></span> <span class='ocrx_word' id='word_1_580' title='bbox 1606 1569 1758 1596; x_wconf 88' lang='lat' dir='ltr'><strong>absurdum</strong></span> 
     </span>
    </p>
   </div>
   <div class='ocr_carea' id='block_1_78' title="bbox 970 1615 1759 1654">
    <p class='ocr_par' dir='ltr' id='par_1_78' title="bbox 970 1615 1759 1654">
     <span class='ocr_line' id='line_1_78' title="bbox 970 1615 1759 1654; baseline -0.006 -8"><span class='ocrx_word' id='word_1_581' title='bbox 970 1618 1174 1654; x_wconf 75' lang='lat' dir='ltr'><strong>significatuum</strong></span> <span class='ocrx_word' id='word_1_582' title='bbox 1185 1625 1265 1645; x_wconf 88' lang='lat' dir='ltr'><strong>usum</strong></span> <span class='ocrx_word' id='word_1_583' title='bbox 1277 1637 1286 1651; x_wconf 93' lang='grc'><strong>,</strong></span> <span class='ocrx_word' id='word_1_584' title='bbox 1304 1617 1329 1643; x_wconf 93' lang='lat' dir='ltr'><strong>hi</strong></span> <span class='ocrx_word' id='word_1_585' title='bbox 1349 1617 1395 1651; x_wconf 90' lang='lat' dir='ltr'><strong>qui</strong></span> <span class='ocrx_word' id='word_1_586' title='bbox 1413 1617 1449 1643; x_wconf 85' lang='lat' dir='ltr'><strong>ita</strong></span> <span class='ocrx_word' id='word_1_587' title='bbox 1463 1615 1594 1643; x_wconf 89' lang='lat' dir='ltr'><strong>vocabula</strong></span> <span class='ocrx_word' id='word_1_588' title='bbox 1613 1618 1759 1649; x_wconf 80' lang='lat' dir='ltr'><strong>usurpant,</strong></span> 
     </span>
    </p>
   </div>
   <div class='ocr_carea' id='block_1_79' title="bbox 970 1660 1705 1697">
    <p class='ocr_par' dir='ltr' id='par_1_79' title="bbox 970 1660 1705 1697">
     <span class='ocr_line' id='line_1_79' title="bbox 970 1660 1705 1697; baseline -0.007 -6"><span class='ocrx_word' id='word_1_589' title='bbox 970 1671 1024 1691; x_wconf 91' lang='lat' dir='ltr'><strong>non</strong></span> <span class='ocrx_word' id='word_1_590' title='bbox 1043 1668 1097 1691; x_wconf 90' lang='lat' dir='ltr'><strong>tam</strong></span> <span class='ocrx_word' id='word_1_591' title='bbox 1119 1663 1180 1691; x_wconf 87' lang='lat' dir='ltr'><strong>aliis</strong></span> <span class='ocrx_word' id='word_1_592' title='bbox 1196 1669 1278 1697; x_wconf 88' lang='lat' dir='ltr'><strong>quam</strong></span> <span class='ocrx_word' id='word_1_593' title='bbox 1296 1661 1346 1688; x_wconf 86' lang='lat' dir='ltr'><strong>sibi</strong></span> <span class='ocrx_word' id='word_1_594' title='bbox 1362 1661 1548 1688; x_wconf 85' lang='lat' dir='ltr'><strong>dubitationes</strong></span> <span class='ocrx_word' id='word_1_595' title='bbox 1563 1660 1705 1688; x_wconf 86' lang='lat' dir='ltr'><strong>creahunt.</strong></span> 
     </span>
    </p>
   </div>
   <div class='ocr_carea' id='block_1_80' title="bbox 1005 1740 1762 1779">
    <p class='ocr_par' dir='ltr' id='par_1_80' title="bbox 1005 1740 1762 1779">
     <span class='ocr_line' id='line_1_80' title="bbox 1005 1740 1762 1779; baseline -0.009 -7"><span class='ocrx_word' id='word_1_596' title='bbox 1005 1745 1030 1772; x_wconf 87' lang='lat'><strong>6.</strong></span> <span class='ocrx_word' id='word_1_597' title='bbox 1048 1744 1267 1779; x_wconf 76' lang='lat' dir='ltr'><strong>Exempligratia</strong></span> <span class='ocrx_word' id='word_1_598' title='bbox 1277 1747 1360 1770; x_wconf 79' lang='lat' dir='ltr'><strong>testes</strong></span> <span class='ocrx_word' id='word_1_599' title='bbox 1374 1741 1532 1776; x_wconf 83' lang='lat' dir='ltr'><strong>(martyres)</strong></span> <span class='ocrx_word' id='word_1_600' title='bbox 1546 1740 1698 1767; x_wconf 87' lang='lat' dir='ltr'><strong>vocitamus</strong></span> <span class='ocrx_word' id='word_1_601' title='bbox 1713 1747 1762 1766; x_wconf 71' lang='lat' dir='ltr'><strong>eos</strong></span> 
     </span>
    </p>
   </div>
   <div class='ocr_carea' id='block_1_81' title="bbox 971 1786 1762 1827">
    <p class='ocr_par' dir='ltr' id='par_1_81' title="bbox 971 1786 1762 1827">
     <span class='ocr_line' id='line_1_81' title="bbox 971 1786 1762 1827; baseline -0.011 -8"><span class='ocrx_word' id='word_1_602' title='bbox 971 1792 1018 1827; x_wconf 91' lang='lat' dir='ltr'><strong>qui</strong></span> <span class='ocrx_word' id='word_1_603' title='bbox 1033 1799 1082 1826; x_wconf 92' lang='lat' dir='ltr'><strong>pro</strong></span> <span class='ocrx_word' id='word_1_604' title='bbox 1093 1790 1204 1818; x_wconf 84' lang='lat' dir='ltr'><strong>Christo</strong></span> <span class='ocrx_word' id='word_1_605' title='bbox 1215 1794 1354 1816; x_wconf 87' lang='lat' dir='ltr'><strong>certamen</strong></span> <span class='ocrx_word' id='word_1_606' title='bbox 1369 1788 1526 1819; x_wconf 85' lang='lat' dir='ltr'><strong>subierunt,</strong></span> <span class='ocrx_word' id='word_1_607' title='bbox 1537 1793 1640 1820; x_wconf 85' lang='lat' dir='ltr'><strong>eosque</strong></span> <span class='ocrx_word' id='word_1_608' title='bbox 1652 1786 1762 1820; x_wconf 75' lang='lat' dir='ltr'><strong>sangui-</strong></span> 
     </span>
    </p>
   </div>
   <div class='ocr_carea' id='block_1_82' title="bbox 973 1831 1764 1865">
    <p class='ocr_par' dir='ltr' id='par_1_82' title="bbox 973 1831 1764 1865">
     <span class='ocr_line' id='line_1_82' title="bbox 973 1831 1764 1865; baseline -0.009 -1"><span class='ocrx_word' id='word_1_609' title='bbox 973 1845 1033 1864; x_wconf 91' lang='lat' dir='ltr'><strong>nem</strong></span> <span class='ocrx_word' id='word_1_610' title='bbox 1051 1844 1131 1863; x_wconf 90' lang='lat' dir='ltr'><strong>suum</strong></span> <span class='ocrx_word' id='word_1_611' title='bbox 1151 1835 1285 1862; x_wconf 87' lang='lat' dir='ltr'><strong>obtulisse</strong></span> <span class='ocrx_word' id='word_1_612' title='bbox 1305 1833 1360 1860; x_wconf 89' lang='lat' dir='ltr'><strong>Deo</strong></span> <span class='ocrx_word' id='word_1_613' title='bbox 1371 1833 1499 1860; x_wconf 87' lang='lat' dir='ltr'><strong>dicimus.</strong></span> <span class='ocrx_word' id='word_1_614' title='bbox 1511 1831 1646 1859; x_wconf 70' lang='lat' dir='ltr'><strong>Praeclare</strong></span> <span class='ocrx_word' id='word_1_615' title='bbox 1660 1831 1685 1858; x_wconf 90' lang='lat' dir='ltr'><strong>id</strong></span> <span class='ocrx_word' id='word_1_616' title='bbox 1701 1831 1764 1865; x_wconf 91' lang='lat' dir='ltr'><strong>qui-</strong></span> 
     </span>
    </p>
   </div>
   <div class='ocr_carea' id='block_1_83' title="bbox 972 1877 1764 1912">
    <p class='ocr_par' dir='ltr' id='par_1_83' title="bbox 972 1877 1764 1912">
     <span class='ocr_line' id='line_1_83' title="bbox 972 1877 1764 1912; baseline -0.01 -2"><span class='ocrx_word' id='word_1_617' title='bbox 972 1883 1034 1910; x_wconf 89' lang='lat' dir='ltr'><strong>dem</strong></span> <span class='ocrx_word' id='word_1_618' title='bbox 1046 1886 1073 1910; x_wconf 92' lang='lat' dir='ltr'><strong>et</strong></span> <span class='ocrx_word' id='word_1_619' title='bbox 1088 1881 1185 1908; x_wconf 86' lang='lat' dir='ltr'><strong>merito</strong></span> <span class='ocrx_word' id='word_1_620' title='bbox 1201 1889 1208 1907; x_wconf 88' lang='lat'><strong>:</strong></span> <span class='ocrx_word' id='word_1_621' title='bbox 1225 1879 1271 1907; x_wconf 87' lang='lat' dir='ltr'><strong>sed</strong></span> <span class='ocrx_word' id='word_1_622' title='bbox 1293 1884 1384 1906; x_wconf 90' lang='lat' dir='ltr'><strong>tamen</strong></span> <span class='ocrx_word' id='word_1_623' title='bbox 1403 1877 1463 1905; x_wconf 82' lang='lat' dir='ltr'><strong>sine</strong></span> <span class='ocrx_word' id='word_1_624' title='bbox 1482 1877 1642 1912; x_wconf 86' lang='lat' dir='ltr'><strong>metaphora</strong></span> <span class='ocrx_word' id='word_1_625' title='bbox 1666 1880 1764 1902; x_wconf 87' lang='lat' dir='ltr'><strong>neutra</strong></span> 
     </span>
    </p>
   </div>
   <div class='ocr_carea' id='block_1_84' title="bbox 973 1922 1764 1960">
    <p class='ocr_par' dir='ltr' id='par_1_84' title="bbox 973 1922 1764 1960">
     <span class='ocr_line' id='line_1_84' title="bbox 973 1922 1764 1960; baseline -0.011 -4"><span class='ocrx_word' id='word_1_626' title='bbox 973 1928 1076 1956; x_wconf 92' lang='lat' dir='ltr'><strong>locutio</strong></span> <span class='ocrx_word' id='word_1_627' title='bbox 1098 1931 1149 1955; x_wconf 87' lang='lat' dir='ltr'><strong>est.</strong></span> <span class='ocrx_word' id='word_1_628' title='bbox 1168 1926 1235 1954; x_wconf 80' lang='lat' dir='ltr'><strong>Nam</strong></span> <span class='ocrx_word' id='word_1_629' title='bbox 1262 1925 1326 1960; x_wconf 88' lang='lat' dir='ltr'><strong>quia</strong></span> <span class='ocrx_word' id='word_1_630' title='bbox 1351 1923 1460 1959; x_wconf 88' lang='lat' dir='ltr'><strong>politica</strong></span> <span class='ocrx_word' id='word_1_631' title='bbox 1487 1922 1658 1950; x_wconf 83' lang='lat' dir='ltr'><strong>consuetudo</strong></span> <span class='ocrx_word' id='word_1_632' title='bbox 1682 1926 1764 1948; x_wconf 81' lang='lat' dir='ltr'><strong>testes</strong></span> 
     </span>
    </p>
   </div>
   <div class='ocr_carea' id='block_1_85' title="bbox 977 1968 1764 2010">
    <p class='ocr_par' dir='ltr' id='par_1_85' title="bbox 977 1968 1764 2010">
     <span class='ocr_line' id='line_1_85' title="bbox 977 1968 1764 2010; baseline -0.011 -8"><span class='ocrx_word' id='word_1_633' title='bbox 977 1974 1095 2010; x_wconf 84' lang='lat' dir='ltr'><strong>appellat</strong></span> <span class='ocrx_word' id='word_1_634' title='bbox 1117 1980 1165 2000; x_wconf 88' lang='lat' dir='ltr'><strong>eos</strong></span> <span class='ocrx_word' id='word_1_635' title='bbox 1186 1972 1233 2007; x_wconf 90' lang='lat' dir='ltr'><strong>qui</strong></span> <span class='ocrx_word' id='word_1_636' title='bbox 1255 1971 1288 1998; x_wconf 91' lang='lat' dir='ltr'><strong>ad</strong></span> <span class='ocrx_word' id='word_1_637' title='bbox 1306 1968 1524 1998; x_wconf 88' lang='lat' dir='ltr'><strong>coniirmandam</strong></span> <span class='ocrx_word' id='word_1_638' title='bbox 1543 1968 1764 2004; x_wconf 82' lang='lat' dir='ltr'><strong>quotidianarum</strong></span> 
     </span>
    </p>
   </div>
   <div class='ocr_carea' id='block_1_86' title="bbox 975 2013 1766 2050">
    <p class='ocr_par' dir='ltr' id='par_1_86' title="bbox 975 2013 1766 2050">
     <span class='ocr_line' id='line_1_86' title="bbox 975 2013 1766 2050; baseline -0.011 -1"><span class='ocrx_word' id='word_1_639' title='bbox 975 2029 1066 2049; x_wconf 88' lang='lat' dir='ltr'><strong>rerutn</strong></span> <span class='ocrx_word' id='word_1_640' title='bbox 1082 2019 1225 2047; x_wconf 86' lang='lat' dir='ltr'><strong>veritatem</strong></span> <span class='ocrx_word' id='word_1_641' title='bbox 1239 2018 1349 2049; x_wconf 86' lang='lat' dir='ltr'><strong>adsunt,</strong></span> <span class='ocrx_word' id='word_1_642' title='bbox 1370 2016 1506 2050; x_wconf 83' lang='lat' dir='ltr'><strong>ﬁdemque</strong></span> <span class='ocrx_word' id='word_1_643' title='bbox 1522 2019 1656 2050; x_wconf 82' lang='lat' dir='ltr'><strong>quatenus</strong></span> <span class='ocrx_word' id='word_1_644' title='bbox 1674 2013 1766 2041; x_wconf 88' lang='lat' dir='ltr'><strong>sciunt</strong></span> 
     </span>
    </p>
   </div>
   <div class='ocr_carea' id='block_1_87' title="bbox 975 2059 1764 2101">
    <p class='ocr_par' dir='ltr' id='par_1_87' title="bbox 975 2059 1764 2101">
     <span class='ocr_line' id='line_1_87' title="bbox 975 2059 1764 2101; baseline -0.013 -7"><span class='ocrx_word' id='word_1_645' title='bbox 975 2065 1149 2101; x_wconf 87' lang='lat' dir='ltr'><strong>suppeditant</strong></span> <span class='ocrx_word' id='word_1_646' title='bbox 1173 2063 1276 2099; x_wconf 83' lang='lat' dir='ltr'><strong>judicio</strong></span> <span class='ocrx_word' id='word_1_647' title='bbox 1304 2061 1485 2091; x_wconf 85' lang='lat' dir='ltr'><strong>certantibus.</strong></span> <span class='ocrx_word' id='word_1_648' title='bbox 1513 2060 1623 2090; x_wconf 84' lang='lat' dir='ltr'><strong>horum.</strong></span> <span class='ocrx_word' id='word_1_649' title='bbox 1642 2059 1764 2093; x_wconf 84' lang='lat' dir='ltr'><strong>inquam,</strong></span> 
     </span>
    </p>
   </div>
   <div class='ocr_carea' id='block_1_88' title="bbox 976 2105 1765 2146">
    <p class='ocr_par' dir='ltr' id='par_1_88' title="bbox 976 2105 1765 2146">
     <span class='ocr_line' id='line_1_88' title="bbox 976 2105 1765 2146; baseline -0.013 -6"><span class='ocrx_word' id='word_1_650' title='bbox 976 2111 1100 2146; x_wconf 77' lang='lat' dir='ltr'><strong>exemplo</strong></span> <span class='ocrx_word' id='word_1_651' title='bbox 1114 2109 1255 2145; x_wconf 78' lang='lat' dir='ltr'><strong>religionis</strong></span> <span class='ocrx_word' id='word_1_652' title='bbox 1272 2114 1383 2143; x_wconf 86' lang='lat' dir='ltr'><strong>quoque</strong></span> <span class='ocrx_word' id='word_1_653' title='bbox 1405 2105 1516 2134; x_wconf 83' lang='lat' dir='ltr'><strong>athletis</strong></span> <span class='ocrx_word' id='word_1_654' title='bbox 1540 2105 1648 2132; x_wconf 88' lang='lat' dir='ltr'><strong>testium</strong></span> <span class='ocrx_word' id='word_1_655' title='bbox 1665 2111 1765 2131; x_wconf 90' lang='lat' dir='ltr'><strong>nomen</strong></span> 
     </span>
    </p>
   </div>
   <div class='ocr_carea' id='block_1_89' title="bbox 977 2149 1764 2194">
    <p class='ocr_par' dir='ltr' id='par_1_89' title="bbox 977 2149 1764 2194">
     <span class='ocr_line' id='line_1_89' title="bbox 977 2149 1764 2194; baseline -0.013 -8"><span class='ocrx_word' id='word_1_656' title='bbox 977 2157 1168 2194; x_wconf 80' lang='lat' dir='ltr'><strong>imposuimus.</strong></span> <span class='ocrx_word' id='word_1_657' title='bbox 1185 2155 1292 2182; x_wconf 86' lang='lat' dir='ltr'><strong>Etenim</strong></span> <span class='ocrx_word' id='word_1_658' title='bbox 1312 2154 1339 2181; x_wconf 88' lang='lat' dir='ltr'><strong>hi</strong></span> <span class='ocrx_word' id='word_1_659' title='bbox 1356 2160 1451 2181; x_wconf 86' lang='lat' dir='ltr'><strong>revera</strong></span> <span class='ocrx_word' id='word_1_660' title='bbox 1469 2151 1678 2179; x_wconf 82' lang='lat' dir='ltr'><strong>substantialem</strong></span> <span class='ocrx_word' id='word_1_661' title='bbox 1693 2149 1764 2177; x_wconf 85' lang='lat' dir='ltr'><strong>veri-</strong></span> 
     </span>
    </p>
   </div>
   <div class='ocr_carea' id='block_1_90' title="bbox 977 2197 1765 2238">
    <p class='ocr_par' dir='ltr' id='par_1_90' title="bbox 977 2197 1765 2238">
     <span class='ocr_line' id='line_1_90' title="bbox 977 2197 1765 2238; baseline -0.011 -6"><span class='ocrx_word' id='word_1_662' title='bbox 977 2211 1058 2233; x_wconf 85' lang='lat' dir='ltr'><strong>tatem</strong></span> <span class='ocrx_word' id='word_1_663' title='bbox 1073 2203 1223 2238; x_wconf 77' lang='lat' dir='ltr'><strong>theologica</strong></span> <span class='ocrx_word' id='word_1_664' title='bbox 1233 2201 1358 2229; x_wconf 82' lang='lat' dir='ltr'><strong>oratione</strong></span> <span class='ocrx_word' id='word_1_665' title='bbox 1369 2207 1462 2227; x_wconf 85' lang='lat' dir='ltr'><strong>coram</strong></span> <span class='ocrx_word' id='word_1_666' title='bbox 1477 2199 1602 2234; x_wconf 81' lang='lat' dir='ltr'><strong>tyrannis</strong></span> <span class='ocrx_word' id='word_1_667' title='bbox 1612 2205 1643 2225; x_wconf 88' lang='lat' dir='ltr'><strong>ac</strong></span> <span class='ocrx_word' id='word_1_668' title='bbox 1655 2197 1765 2231; x_wconf 69' lang='lat' dir='ltr'><strong>regibus</strong></span> 
     </span>
    </p>
   </div>
   <div class='ocr_carea' id='block_1_91' title="bbox 133 2243 919 2300">
    <p class='ocr_par' dir='ltr' id='par_1_91' title="bbox 133 2243 919 2300">
     <span class='ocr_line' id='line_1_91' title="bbox 133 2243 919 2300; baseline -0.008 -9"><span class='ocrx_word' id='word_1_669' title='bbox 274 2243 385 2298; x_wconf 30' lang='lat' dir='ltr'><strong>aptabit</strong></span> <span class='ocrx_word' id='word_1_670' title='bbox 397 2271 498 2297; x_wconf 81' lang='grc' dir='ltr'>φαμεν,</span> <span class='ocrx_word' id='word_1_671' title='bbox 517 2243 726 2297; x_wconf 65' lang='grc' dir='ltr'>μετενεγκόντες</span> <span class='ocrx_word' id='word_1_672' title='bbox 738 2260 789 2295; x_wconf 80' lang='grc' dir='ltr'>τὴν</span> <span class='ocrx_word' id='word_1_673' title='bbox 803 2268 919 2296; x_wconf 85' lang='grc' dir='ltr'>προσφο-</span> 
     </span>
    </p>
   </div>
   <div class='ocr_carea' id='block_1_92' title="bbox 990 2243 1765 2300">
    <p class='ocr_par' dir='ltr' id='par_1_92' title="bbox 990 2243 1765 2282">
     <span class='ocr_line' id='line_1_92' title="bbox 990 2243 1765 2282; baseline -0.013 -4"><span class='ocrx_word' id='word_1_674' title='bbox 990 2250 1069 2278; x_wconf 82' lang='lat' dir='ltr'><strong>estati</strong></span> <span class='ocrx_word' id='word_1_675' title='bbox 1085 2253 1161 2277; x_wconf 88' lang='lat' dir='ltr'><strong>sunt.</strong></span> <span class='ocrx_word' id='word_1_676' title='bbox 1181 2247 1291 2282; x_wconf 80' lang='lat' dir='ltr'><strong>Ilusque</strong></span> <span class='ocrx_word' id='word_1_677' title='bbox 1315 2245 1449 2273; x_wconf 82' lang='lat' dir='ltr'><strong>obtulisse</strong></span> <span class='ocrx_word' id='word_1_678' title='bbox 1470 2244 1582 2271; x_wconf 82' lang='lat' dir='ltr'><strong>Christo</strong></span> <span class='ocrx_word' id='word_1_679' title='bbox 1606 2243 1765 2277; x_wconf 76' lang='lat' dir='ltr'><strong>sanguinein</strong></span> 
     </span>
    </p>
   </div>
   <div class='ocr_carea' id='block_1_93' title="bbox 133 2305 925 2345">
    <p class='ocr_par' dir='ltr' id='par_1_93' title="bbox 133 2305 925 2345">
     <span class='ocr_line' id='line_1_93' title="bbox 133 2305 925 2345; baseline -0.008 -9"><span class='ocrx_word' id='word_1_680' title='bbox 133 2310 184 2345; x_wconf 74' lang='grc' dir='ltr'>ρὰν</span> <span class='ocrx_word' id='word_1_681' title='bbox 198 2310 248 2344; x_wconf 77' lang='grc' dir='ltr'>ἀφ’</span> <span class='ocrx_word' id='word_1_682' title='bbox 262 2305 299 2336; x_wconf 85' lang='grc' dir='ltr'>ὦν</span> <span class='ocrx_word' id='word_1_683' title='bbox 315 2317 343 2334; x_wconf 76' lang='grc' dir='ltr'><strong>τε</strong></span> <span class='ocrx_word' id='word_1_684' title='bbox 358 2309 441 2334; x_wconf 75' lang='grc' dir='ltr'>’Λϐελ</span> <span class='ocrx_word' id='word_1_685' title='bbox 454 2308 580 2338; x_wconf 83' lang='grc' dir='ltr'>όδίκαιος</span> <span class='ocrx_word' id='word_1_686' title='bbox 598 2307 633 2333; x_wconf 79' lang='grc' dir='ltr'>τὰ</span> <span class='ocrx_word' id='word_1_687' title='bbox 651 2306 705 2333; x_wconf 82' lang='grc' dir='ltr'>τῶν</span> <span class='ocrx_word' id='word_1_688' title='bbox 720 2306 810 2341; x_wconf 85' lang='grc' dir='ltr'>ἀρνῶν</span> <span class='ocrx_word' id='word_1_689' title='bbox 828 2306 925 2331; x_wconf 85' lang='grc' dir='ltr'>ὲστεα-</span> 
     </span>
    </p>
   </div>
   <div class='ocr_carea' id='block_1_94' title="bbox 132 2351 926 2391">
    <p class='ocr_par' dir='ltr' id='par_1_94' title="bbox 132 2351 926 2391">
     <span class='ocr_line' id='line_1_94' title="bbox 132 2351 926 2391; baseline -0.008 -8"><span class='ocrx_word' id='word_1_690' title='bbox 132 2355 255 2391; x_wconf 67' lang='grc' dir='ltr'>τωμὲνιι,</span> <span class='ocrx_word' id='word_1_691' title='bbox 278 2356 325 2382; x_wconf 68' lang='grc' dir='ltr'>καὶ</span> <span class='ocrx_word' id='word_1_692' title='bbox 354 2355 481 2390; x_wconf 78' lang='grc' dir='ltr'>Ἀὃραάμ</span> <span class='ocrx_word' id='word_1_693' title='bbox 504 2354 539 2380; x_wconf 77' lang='grc' dir='ltr'><strong>τὰ</strong></span> <span class='ocrx_word' id='word_1_694' title='bbox 561 2354 777 2389; x_wconf 82' lang='grc' dir='ltr'>διχοτομήματα,</span> <span class='ocrx_word' id='word_1_695' title='bbox 795 2352 841 2379; x_wconf 70' lang='grc' dir='ltr'><strong>καὶ</strong></span> <span class='ocrx_word' id='word_1_696' title='bbox 863 2351 926 2383; x_wconf 81' lang='grc' dir='ltr'>τοὺς</span> 
     </span>
    </p>
   </div>
   <div class='ocr_carea' id='block_1_95' title="bbox 132 2398 926 2439">
    <p class='ocr_par' dir='ltr' id='par_1_95' title="bbox 132 2398 926 2439">
     <span class='ocr_line' id='line_1_95' title="bbox 132 2398 926 2439; baseline -0.008 -9"><span class='ocrx_word' id='word_1_697' title='bbox 132 2403 234 2439; x_wconf 84' lang='grc' dir='ltr'>ἄρτους</span> <span class='ocrx_word' id='word_1_698' title='bbox 254 2402 301 2429; x_wconf 68' lang='grc' dir='ltr'>καὶ</span> <span class='ocrx_word' id='word_1_699' title='bbox 314 2402 360 2428; x_wconf 85' lang='grc' dir='ltr'><strong>τδν</strong></span> <span class='ocrx_word' id='word_1_700' title='bbox 371 2400 442 2428; x_wconf 74' lang='grc' dir='ltr'>οἶνον</span> <span class='ocrx_word' id='word_1_701' title='bbox 454 2401 469 2427; x_wconf 86' lang='grc' dir='ltr'>ὁ</span> <span class='ocrx_word' id='word_1_702' title='bbox 488 2400 655 2435; x_wconf 82' lang='grc' dir='ltr'>Μελχισεδὲκ</span> <span class='ocrx_word' id='word_1_703' title='bbox 671 2399 710 2435; x_wconf 84' lang='grc' dir='ltr'>τῷ</span> <span class='ocrx_word' id='word_1_704' title='bbox 737 2399 863 2435; x_wconf 75' lang='grc' dir='ltr'>Ἀϐραάμ</span> <span class='ocrx_word' id='word_1_705' title='bbox 876 2406 885 2414; x_wconf 70' lang='grc' dir='ltr'><strong>ο</strong></span> <span class='ocrx_word' id='word_1_706' title='bbox 901 2398 926 2424; x_wconf 86' lang='grc' dir='ltr'><strong>εί</strong></span> 
     </span>
    </p>
   </div>
   <div class='ocr_carea' id='block_1_96' title="bbox 136 2445 927 2484">
    <p class='ocr_par' dir='ltr' id='par_1_96' title="bbox 136 2445 927 2484">
     <span class='ocr_line' id='line_1_96' title="bbox 136 2445 927 2484; baseline -0.005 -9"><span class='ocrx_word' id='word_1_707' title='bbox 136 2449 228 2484; x_wconf 83' lang='grc' dir='ltr'>βούλει</span> <span class='ocrx_word' id='word_1_708' title='bbox 246 2449 275 2476; x_wconf 78' lang='grc' dir='ltr'>δὲ</span> <span class='ocrx_word' id='word_1_709' title='bbox 289 2449 335 2475; x_wconf 79' lang='grc' dir='ltr'>καὶ</span> <span class='ocrx_word' id='word_1_710' title='bbox 350 2448 400 2483; x_wconf 80' lang='grc' dir='ltr'>τὴν</span> <span class='ocrx_word' id='word_1_711' title='bbox 416 2448 533 2481; x_wconf 81' lang='grc' dir='ltr'>δεκάτην</span> <span class='ocrx_word' id='word_1_712' title='bbox 544 2447 583 2481; x_wconf 84' lang='grc' dir='ltr'>τῷ</span> <span class='ocrx_word' id='word_1_713' title='bbox 596 2446 763 2481; x_wconf 76' lang='grc' dir='ltr'>Μελχισεδὲκ</span> <span class='ocrx_word' id='word_1_714' title='bbox 781 2446 794 2472; x_wconf 80' lang='grc' dir='ltr'><strong><em>ὁ</em></strong></span> <span class='ocrx_word' id='word_1_715' title='bbox 813 2445 927 2480; x_wconf 85' lang='grc' dir='ltr'>προσδε-</span> 
     </span>
    </p>
   </div>
   <div class='ocr_carea' id='block_1_97' title="bbox 133 2490 926 2528">
    <p class='ocr_par' dir='ltr' id='par_1_97' title="bbox 133 2490 926 2528">
     <span class='ocr_line' id='line_1_97' title="bbox 133 2490 926 2528; baseline -0.006 -8"><span class='ocrx_word' id='word_1_716' title='bbox 133 2493 244 2527; x_wconf 77' lang='grc' dir='ltr'>ξιωθεὶς</span> <span class='ocrx_word' id='word_1_717' title='bbox 267 2495 468 2528; x_wconf 85' lang='grc' dir='ltr'>προσενήνοχε·</span> <span class='ocrx_word' id='word_1_718' title='bbox 495 2492 544 2519; x_wconf 81' lang='grc' dir='ltr'>καὶ</span> <span class='ocrx_word' id='word_1_719' title='bbox 566 2492 646 2527; x_wconf 82' lang='grc' dir='ltr'>δῆλον</span> <span class='ocrx_word' id='word_1_720' title='bbox 669 2491 706 2523; x_wconf 83' lang='grc' dir='ltr'><strong>ὡς</strong></span> <span class='ocrx_word' id='word_1_721' title='bbox 733 2491 848 2521; x_wconf 70' lang='grc' dir='ltr'>ἕκαστος</span> <span class='ocrx_word' id='word_1_722' title='bbox 871 2490 926 2516; x_wconf 85' lang='grc' dir='ltr'><strong>τῶν</strong></span> 
     </span>
    </p>
   </div>
   <div class='ocr_carea' id='block_1_98' title="bbox 135 2535 924 2574">
    <p class='ocr_par' dir='ltr' id='par_1_98' title="bbox 135 2535 924 2574">
     <span class='ocr_line' id='line_1_98' title="bbox 135 2535 924 2574; baseline -0.004 -9"><span class='ocrx_word' id='word_1_723' title='bbox 135 2539 392 2574; x_wconf 73' lang='grc' dir='ltr'>προσενεγκάντων,</span> <span class='ocrx_word' id='word_1_724' title='bbox 420 2538 513 2574; x_wconf 72' lang='grc' dir='ltr'>ἕτερον</span> <span class='ocrx_word' id='word_1_725' title='bbox 534 2537 707 2573; x_wconf 87' lang='grc' dir='ltr'>προσήνεγκε</span> <span class='ocrx_word' id='word_1_726' title='bbox 728 2536 795 2571; x_wconf 84' lang='grc' dir='ltr'>παρ’</span> <span class='ocrx_word' id='word_1_727' title='bbox 817 2535 924 2566; x_wconf 76' lang='grc' dir='ltr'>ἑαυτὸν,</span> 
     </span>
    </p>
   </div>
   <div class='ocr_carea' id='block_1_99' title="bbox 134 2580 927 2620">
    <p class='ocr_par' dir='ltr' id='par_1_99' title="bbox 134 2580 927 2620">
     <span class='ocr_line' id='line_1_99' title="bbox 134 2580 927 2620; baseline -0.006 -9"><span class='ocrx_word' id='word_1_728' title='bbox 134 2586 182 2612; x_wconf 78' lang='grc' dir='ltr'>καὶ</span> <span class='ocrx_word' id='word_1_729' title='bbox 199 2584 284 2620; x_wconf 73' lang='grc' dir='ltr'>μηδὲν</span> <span class='ocrx_word' id='word_1_730' title='bbox 304 2584 416 2619; x_wconf 78' lang='grc' dir='ltr'>ἀνιαρὸν</span> <span class='ocrx_word' id='word_1_731' title='bbox 436 2583 630 2618; x_wconf 82' lang='grc' dir='ltr'>ὑφιστάμενος.</span> <span class='ocrx_word' id='word_1_732' title='bbox 644 2582 704 2609; x_wconf 78' lang='grc' dir='ltr'>οὐδέ</span> <span class='ocrx_word' id='word_1_733' title='bbox 719 2591 745 2608; x_wconf 90' lang='grc' dir='ltr'><strong>τι</strong></span> <span class='ocrx_word' id='word_1_734' title='bbox 766 2581 828 2617; x_wconf 42' lang='grc' dir='ltr'>τῶν,</span> <span class='ocrx_word' id='word_1_735' title='bbox 838 2580 927 2615; x_wconf 85' lang='grc' dir='ltr'>μελῶν</span> 
     </span>
    </p>
   </div>
   <div class='ocr_carea' id='block_1_100' title="bbox 135 2626 926 2666">
    <p class='ocr_par' dir='ltr' id='par_1_100' title="bbox 135 2626 926 2666">
     <span class='ocr_line' id='line_1_100' title="bbox 135 2626 926 2666; baseline -0.008 -8"><span class='ocrx_word' id='word_1_736' title='bbox 135 2630 370 2666; x_wconf 78' lang='grc' dir='ltr'>περικοπτόμενος</span> <span class='ocrx_word' id='word_1_737' title='bbox 384 2639 392 2646; x_wconf 91' lang='grc'>·</span> <span class='ocrx_word' id='word_1_738' title='bbox 414 2631 438 2657; x_wconf 84' lang='grc' dir='ltr'>οἰ</span> <span class='ocrx_word' id='word_1_739' title='bbox 458 2630 486 2657; x_wconf 84' lang='grc' dir='ltr'>δὲ</span> <span class='ocrx_word' id='word_1_740' title='bbox 503 2630 550 2657; x_wconf 77' lang='grc' dir='ltr'>τοῦ</span> <span class='ocrx_word' id='word_1_741' title='bbox 571 2629 691 2665; x_wconf 76' lang='grc' dir='ltr'>Χριστοῦ</span> <span class='ocrx_word' id='word_1_742' title='bbox 709 2628 847 2663; x_wconf 78' lang='grc' dir='ltr'>μάρτυρες</span> <span class='ocrx_word' id='word_1_743' title='bbox 865 2626 926 2653; x_wconf 82' lang='grc' dir='ltr'>οὗτε</span> 
     </span>
    </p>
   </div>
   <div class='ocr_carea' id='block_1_101' title="bbox 135 2673 928 2712">
    <p class='ocr_par' dir='ltr' id='par_1_101' title="bbox 135 2673 928 2712">
     <span class='ocr_line' id='line_1_101' title="bbox 135 2673 928 2712; baseline -0.004 -9"><span class='ocrx_word' id='word_1_744' title='bbox 135 2685 162 2703; x_wconf 86' lang='grc' dir='ltr'><strong>τι</strong></span> <span class='ocrx_word' id='word_1_745' title='bbox 183 2677 386 2712; x_wconf 77' lang='grc' dir='ltr'>κεχωρισμένον</span> <span class='ocrx_word' id='word_1_746' title='bbox 404 2677 612 2712; x_wconf 85' lang='grc' dir='ltr'>προσήνεγκαν,</span> <span class='ocrx_word' id='word_1_747' title='bbox 626 2675 680 2702; x_wconf 77' lang='grc' dir='ltr'>οὐδ’</span> <span class='ocrx_word' id='word_1_748' title='bbox 702 2675 818 2706; x_wconf 80' lang='grc' dir='ltr'>ἀπαθεῖς</span> <span class='ocrx_word' id='word_1_749' title='bbox 837 2674 867 2700; x_wconf 83' lang='grc' dir='ltr'><strong>τὸ</strong></span> <span class='ocrx_word' id='word_1_750' title='bbox 877 2673 928 2700; x_wconf 60' lang='lat' dir='ltr'><strong>at?»</strong></span> 
     </span>
    </p>
   </div>
   <div class='ocr_carea' id='block_1_102' title="bbox 138 2719 928 2758">
    <p class='ocr_par' dir='ltr' id='par_1_102' title="bbox 138 2719 928 2758">
     <span class='ocr_line' id='line_1_102' title="bbox 138 2719 928 2758; baseline -0.006 -8"><span class='ocrx_word' id='word_1_751' title='bbox 138 2732 176 2758; x_wconf 86' lang='grc' dir='ltr'><strong>μα</strong></span> <span class='ocrx_word' id='word_1_752' title='bbox 190 2723 394 2758; x_wconf 80' lang='grc' dir='ltr'>προσφέροντες</span> <span class='ocrx_word' id='word_1_753' title='bbox 411 2723 522 2757; x_wconf 80' lang='grc' dir='ltr'>ἔμειναν</span> <span class='ocrx_word' id='word_1_754' title='bbox 538 2730 544 2736; x_wconf 90' lang='grc'><strong>·</strong></span> <span class='ocrx_word' id='word_1_755' title='bbox 565 2721 622 2748; x_wconf 82' lang='grc' dir='ltr'>ἀλλ’</span> <span class='ocrx_word' id='word_1_756' title='bbox 641 2721 701 2748; x_wconf 68' lang='grc' dir='ltr'>οὐδὲ</span> <span class='ocrx_word' id='word_1_757' title='bbox 716 2720 861 2754; x_wconf 81' lang='grc' dir='ltr'>κληθέντες</span> <span class='ocrx_word' id='word_1_758' title='bbox 875 2719 928 2746; x_wconf 82' lang='grc' dir='ltr'>ὑπό</span> 
     </span>
    </p>
   </div>
   <div class='ocr_carea' id='block_1_103' title="bbox 136 2764 929 2803">
    <p class='ocr_par' dir='ltr' id='par_1_103' title="bbox 136 2764 929 2803">
     <span class='ocr_line' id='line_1_103' title="bbox 136 2764 929 2803; baseline -0.005 -8"><span class='ocrx_word' id='word_1_759' title='bbox 136 2777 219 2800; x_wconf 82' lang='grc' dir='ltr'>τινος,</span> <span class='ocrx_word' id='word_1_760' title='bbox 238 2769 387 2803; x_wconf 89' lang='grc' dir='ltr'>μαρτυρεῖν</span> <span class='ocrx_word' id='word_1_761' title='bbox 402 2768 597 2802; x_wconf 78' lang='grc' dir='ltr'>ἐφεστήκασιν,</span> <span class='ocrx_word' id='word_1_762' title='bbox 613 2767 670 2793; x_wconf 78' lang='grc' dir='ltr'>ἀλλ’</span> <span class='ocrx_word' id='word_1_763' title='bbox 684 2766 843 2800; x_wconf 80' lang='grc' dir='ltr'>σὺτοκλήτῳ</span> <span class='ocrx_word' id='word_1_764' title='bbox 857 2764 929 2799; x_wconf 84' lang='grc' dir='ltr'>γνώ-</span> 
     </span>
    </p>
   </div>
   <div class='ocr_carea' id='block_1_104' title="bbox 138 2810 930 2850">
    <p class='ocr_par' dir='ltr' id='par_1_104' title="bbox 138 2810 930 2850">
     <span class='ocr_line' id='line_1_104' title="bbox 138 2810 930 2850; baseline -0.006 -9"><span class='ocrx_word' id='word_1_765' title='bbox 138 2824 176 2850; x_wconf 86' lang='grc' dir='ltr'><strong>μη</strong></span> <span class='ocrx_word' id='word_1_766' title='bbox 198 2815 250 2849; x_wconf 82' lang='grc' dir='ltr'>τὴν</span> <span class='ocrx_word' id='word_1_767' title='bbox 275 2814 437 2849; x_wconf 83' lang='grc' dir='ltr'>θαυμαστὴν</span> <span class='ocrx_word' id='word_1_768' title='bbox 452 2814 561 2848; x_wconf 81' lang='grc' dir='ltr'>ἐκείνην</span> <span class='ocrx_word' id='word_1_769' title='bbox 576 2814 623 2840; x_wconf 65' lang='grc' dir='ltr'>καὶ.</span> <span class='ocrx_word' id='word_1_770' title='bbox 636 2812 760 2846; x_wconf 86' lang='grc' dir='ltr'>θεόλογον</span> <span class='ocrx_word' id='word_1_771' title='bbox 774 2810 930 2846; x_wconf 87' lang='grc' dir='ltr'>μαρτυρίαν</span> 
     </span>
    </p>
   </div>
   <div class='ocr_carea' id='block_1_105' title="bbox 136 2856 929 2895">
    <p class='ocr_par' dir='ltr' id='par_1_105' title="bbox 136 2856 929 2895">
     <span class='ocr_line' id='line_1_105' title="bbox 136 2856 929 2895; baseline -0.005 -9"><span class='ocrx_word' id='word_1_772' title='bbox 136 2860 334 2895; x_wconf 78' lang='grc' dir='ltr'>ἐμαρτύρησαν</span> <span class='ocrx_word' id='word_1_773' title='bbox 350 2867 357 2874; x_wconf 95' lang='grc'><strong>·</strong></span> <span class='ocrx_word' id='word_1_774' title='bbox 373 2860 452 2891; x_wconf 77' lang='grc' dir='ltr'>εἴτις</span> <span class='ocrx_word' id='word_1_775' title='bbox 465 2859 512 2886; x_wconf 75' lang='grc' dir='ltr'>οὖν</span> <span class='ocrx_word' id='word_1_776' title='bbox 527 2859 564 2894; x_wconf 81' lang='grc' dir='ltr'>μὴ</span> <span class='ocrx_word' id='word_1_777' title='bbox 579 2857 731 2889; x_wconf 79' lang='grc' dir='ltr'>διαστείλας</span> <span class='ocrx_word' id='word_1_778' title='bbox 751 2857 785 2883; x_wconf 80' lang='grc' dir='ltr'><strong>τὰ</strong></span> <span class='ocrx_word' id='word_1_779' title='bbox 801 2856 848 2883; x_wconf 84' lang='grc' dir='ltr'>τοῦ</span> <span class='ocrx_word' id='word_1_780' title='bbox 863 2856 929 2892; x_wconf 80' lang='grc' dir='ltr'>μάρ‹</span> 
     </span>
    </p>
   </div>
   <div class='ocr_carea' id='block_1_106' title="bbox 135 2904 929 2943">
    <p class='ocr_par' dir='ltr' id='par_1_106' title="bbox 135 2904 929 2943">
     <span class='ocr_line' id='line_1_106' title="bbox 135 2904 929 2943; baseline -0.006 -9"><span class='ocrx_word' id='word_1_781' title='bbox 135 2915 218 2943; x_wconf 57' lang='lat' dir='ltr'><strong>supra;</strong></span> <span class='ocrx_word' id='word_1_782' title='bbox 229 2906 416 2942; x_wconf 73' lang='grc' dir='ltr'>σημαινόμενα</span> <span class='ocrx_word' id='word_1_783' title='bbox 429 2928 437 2939; x_wconf 85' lang='grc'><strong>,</strong></span> <span class='ocrx_word' id='word_1_784' title='bbox 451 2906 497 2933; x_wconf 69' lang='grc' dir='ltr'><strong>ἐπὶ</strong></span> <span class='ocrx_word' id='word_1_785' title='bbox 514 2905 628 2941; x_wconf 78' lang='grc' dir='ltr'>θατέρου</span> <span class='ocrx_word' id='word_1_786' title='bbox 645 2904 678 2932; x_wconf 73' lang='grc' dir='ltr'><strong>τὰ</strong></span> <span class='ocrx_word' id='word_1_787' title='bbox 693 2904 738 2932; x_wconf 71' lang='grc' dir='ltr'>τοῦ</span> <span class='ocrx_word' id='word_1_788' title='bbox 751 2904 843 2937; x_wconf 74' lang='grc' dir='ltr'>ἐτέρου</span> <span class='ocrx_word' id='word_1_789' title='bbox 861 2911 929 2937; x_wconf 78' lang='grc' dir='ltr'>συμ-</span> 
     </span>
    </p>
   </div>
   <div class='ocr_carea' id='block_1_107' title="bbox 976 2289 1766 2329">
    <p class='ocr_par' dir='ltr' id='par_1_107' title="bbox 976 2289 1766 2329">
     <span class='ocr_line' id='line_1_107' title="bbox 976 2289 1766 2329; baseline -0.015 -3"><span class='ocrx_word' id='word_1_790' title='bbox 976 2298 1105 2329; x_wconf 88' lang='lat' dir='ltr'><strong>dicimus,</strong></span> <span class='ocrx_word' id='word_1_791' title='bbox 1121 2294 1280 2329; x_wconf 88' lang='lat' dir='ltr'><strong>metaphora</strong></span> <span class='ocrx_word' id='word_1_792' title='bbox 1295 2291 1444 2319; x_wconf 84' lang='lat' dir='ltr'><strong>oblationis</strong></span> <span class='ocrx_word' id='word_1_793' title='bbox 1460 2298 1493 2317; x_wconf 80' lang='lat' dir='ltr'><strong>ex</strong></span> <span class='ocrx_word' id='word_1_794' title='bbox 1507 2289 1672 2324; x_wconf 80' lang='lat' dir='ltr'><strong>Ahelejusto</strong></span> <span class='ocrx_word' id='word_1_795' title='bbox 1689 2296 1766 2316; x_wconf 83' lang='lat' dir='ltr'><strong>suin-</strong></span> 
     </span>
    </p>
   </div>
   <div class='ocr_carea' id='block_1_108' title="bbox 977 2334 1766 2379">
    <p class='ocr_par' dir='ltr' id='par_1_108' title="bbox 977 2334 1766 2379">
     <span class='ocr_line' id='line_1_108' title="bbox 977 2334 1766 2379; baseline -0.014 -8"><span class='ocrx_word' id='word_1_796' title='bbox 977 2350 1033 2379; x_wconf 87' lang='lat' dir='ltr'><strong>pta,</strong></span> <span class='ocrx_word' id='word_1_797' title='bbox 1052 2343 1098 2378; x_wconf 90' lang='lat' dir='ltr'><strong>qui</strong></span> <span class='ocrx_word' id='word_1_798' title='bbox 1118 2342 1235 2369; x_wconf 88' lang='lat' dir='ltr'><strong>arietum</strong></span> <span class='ocrx_word' id='word_1_799' title='bbox 1252 2339 1363 2374; x_wconf 88' lang='lat' dir='ltr'><strong>adipes;</strong></span> <span class='ocrx_word' id='word_1_800' title='bbox 1379 2344 1407 2365; x_wconf 89' lang='lat' dir='ltr'><strong>et</strong></span> <span class='ocrx_word' id='word_1_801' title='bbox 1422 2345 1456 2364; x_wconf 82' lang='lat' dir='ltr'><strong>ex</strong></span> <span class='ocrx_word' id='word_1_802' title='bbox 1478 2336 1645 2366; x_wconf 86' lang='lat' dir='ltr'><strong>Abrahamo,</strong></span> <span class='ocrx_word' id='word_1_803' title='bbox 1660 2335 1706 2368; x_wconf 86' lang='lat' dir='ltr'><strong>qui</strong></span> <span class='ocrx_word' id='word_1_804' title='bbox 1723 2334 1766 2361; x_wconf 83' lang='lat' dir='ltr'><strong>di-</strong></span> 
     </span>
    </p>
   </div>
   <div class='ocr_carea' id='block_1_109' title="bbox 976 2380 1766 2421">
    <p class='ocr_par' dir='ltr' id='par_1_109' title="bbox 976 2380 1766 2421">
     <span class='ocr_line' id='line_1_109' title="bbox 976 2380 1766 2421; baseline -0.016 -3"><span class='ocrx_word' id='word_1_805' title='bbox 976 2391 1050 2417; x_wconf 87' lang='lat' dir='ltr'><strong>visas</strong></span> <span class='ocrx_word' id='word_1_806' title='bbox 1061 2395 1172 2421; x_wconf 87' lang='lat' dir='ltr'><strong>carnes;</strong></span> <span class='ocrx_word' id='word_1_807' title='bbox 1186 2394 1235 2414; x_wconf 89' lang='lat' dir='ltr'><strong>nec</strong></span> <span class='ocrx_word' id='word_1_808' title='bbox 1247 2393 1301 2413; x_wconf 93' lang='lat' dir='ltr'><strong>non</strong></span> <span class='ocrx_word' id='word_1_809' title='bbox 1312 2393 1328 2412; x_wconf 89' lang='lat' dir='ltr'><strong>a</strong></span> <span class='ocrx_word' id='word_1_810' title='bbox 1340 2383 1545 2414; x_wconf 83' lang='lat' dir='ltr'><strong>Melchisedeco,</strong></span> <span class='ocrx_word' id='word_1_811' title='bbox 1556 2380 1766 2416; x_wconf 81' lang='lat' dir='ltr'><strong>quiAhrahanio</strong></span> 
     </span>
    </p>
   </div>
   <div class='ocr_carea' id='block_1_110' title="bbox 977 2427 1766 2472">
    <p class='ocr_par' dir='ltr' id='par_1_110' title="bbox 977 2427 1766 2472">
     <span class='ocr_line' id='line_1_110' title="bbox 977 2427 1766 2472; baseline -0.014 -8"><span class='ocrx_word' id='word_1_812' title='bbox 977 2444 1061 2472; x_wconf 89' lang='lat' dir='ltr'><strong>panes</strong></span> <span class='ocrx_word' id='word_1_813' title='bbox 1078 2440 1106 2462; x_wconf 92' lang='lat' dir='ltr'><strong>et</strong></span> <span class='ocrx_word' id='word_1_814' title='bbox 1122 2434 1215 2461; x_wconf 90' lang='lat' dir='ltr'><strong>viuum</strong></span> <span class='ocrx_word' id='word_1_815' title='bbox 1232 2432 1348 2464; x_wconf 87' lang='lat' dir='ltr'><strong>obtulit;</strong></span> <span class='ocrx_word' id='word_1_816' title='bbox 1364 2431 1419 2458; x_wconf 91' lang='lat' dir='ltr'><strong>imo</strong></span> <span class='ocrx_word' id='word_1_817' title='bbox 1439 2429 1511 2457; x_wconf 88' lang='lat' dir='ltr'><strong>etab</strong></span> <span class='ocrx_word' id='word_1_818' title='bbox 1529 2429 1581 2455; x_wconf 85' lang='lat' dir='ltr'><strong>hoc</strong></span> <span class='ocrx_word' id='word_1_819' title='bbox 1597 2427 1643 2462; x_wconf 87' lang='lat' dir='ltr'><strong>qui</strong></span> <span class='ocrx_word' id='word_1_820' title='bbox 1673 2434 1766 2454; x_wconf 85' lang='lat' dir='ltr'><strong>susce-</strong></span> 
     </span>
    </p>
   </div>
   <div class='ocr_carea' id='block_1_111' title="bbox 979 2473 1766 2519">
    <p class='ocr_par' dir='ltr' id='par_1_111' title="bbox 979 2473 1766 2519">
     <span class='ocr_line' id='line_1_111' title="bbox 979 2473 1766 2519; baseline -0.015 -8"><span class='ocrx_word' id='word_1_821' title='bbox 979 2488 1086 2519; x_wconf 89' lang='lat' dir='ltr'><strong>ptarum</strong></span> <span class='ocrx_word' id='word_1_822' title='bbox 1099 2489 1190 2509; x_wconf 90' lang='lat' dir='ltr'><strong>rerum</strong></span> <span class='ocrx_word' id='word_1_823' title='bbox 1208 2480 1329 2508; x_wconf 85' lang='lat' dir='ltr'><strong>decimas</strong></span> <span class='ocrx_word' id='word_1_824' title='bbox 1344 2476 1541 2505; x_wconf 81' lang='lat' dir='ltr'><strong>Melchisedeco</strong></span> <span class='ocrx_word' id='word_1_825' title='bbox 1556 2473 1688 2502; x_wconf 83' lang='lat' dir='ltr'><strong>attribuit.</strong></span> <span class='ocrx_word' id='word_1_826' title='bbox 1699 2475 1766 2500; x_wconf 80' lang='lat' dir='ltr'><strong>Cer-</strong></span> 
     </span>
    </p>
   </div>
   <div class='ocr_carea' id='block_1_112' title="bbox 978 2520 1766 2562">
    <p class='ocr_par' dir='ltr' id='par_1_112' title="bbox 978 2520 1766 2562">
     <span class='ocr_line' id='line_1_112' title="bbox 978 2520 1766 2562; baseline -0.013 -5"><span class='ocrx_word' id='word_1_827' title='bbox 978 2530 1070 2557; x_wconf 90' lang='lat' dir='ltr'><strong>nimus</strong></span> <span class='ocrx_word' id='word_1_828' title='bbox 1084 2532 1174 2555; x_wconf 87' lang='lat' dir='ltr'><strong>autetu</strong></span> <span class='ocrx_word' id='word_1_829' title='bbox 1190 2526 1313 2562; x_wconf 81' lang='lat' dir='ltr'><strong>singulos</strong></span> <span class='ocrx_word' id='word_1_830' title='bbox 1333 2525 1385 2551; x_wconf 85' lang='lat' dir='ltr'><strong>hos</strong></span> <span class='ocrx_word' id='word_1_831' title='bbox 1403 2531 1461 2551; x_wconf 91' lang='lat' dir='ltr'><strong>rem</strong></span> <span class='ocrx_word' id='word_1_832' title='bbox 1485 2530 1499 2549; x_wconf 91' lang='lat' dir='ltr'><strong>a</strong></span> <span class='ocrx_word' id='word_1_833' title='bbox 1515 2521 1612 2556; x_wconf 88' lang='lat' dir='ltr'><strong>scipsis</strong></span> <span class='ocrx_word' id='word_1_834' title='bbox 1629 2520 1766 2548; x_wconf 84' lang='lat' dir='ltr'><strong>diversam</strong></span> 
     </span>
    </p>
   </div>
   <div class='ocr_carea' id='block_1_113' title="bbox 977 2567 1766 2608">
    <p class='ocr_par' dir='ltr' id='par_1_113' title="bbox 977 2567 1766 2608">
     <span class='ocr_line' id='line_1_113' title="bbox 977 2567 1766 2608; baseline -0.014 -4"><span class='ocrx_word' id='word_1_835' title='bbox 977 2577 1126 2608; x_wconf 74' lang='lat' dir='ltr'><strong>obtulisse,</strong></span> <span class='ocrx_word' id='word_1_836' title='bbox 1150 2574 1218 2602; x_wconf 93' lang='lat' dir='ltr'><strong>nihil</strong></span> <span class='ocrx_word' id='word_1_837' title='bbox 1234 2573 1380 2600; x_wconf 86' lang='lat' dir='ltr'><strong>molestqu</strong></span> <span class='ocrx_word' id='word_1_838' title='bbox 1404 2577 1521 2605; x_wconf 88' lang='lat' dir='ltr'><strong>passos,</strong></span> <span class='ocrx_word' id='word_1_839' title='bbox 1552 2567 1688 2603; x_wconf 83' lang='lat' dir='ltr'><strong>nullisque</strong></span> <span class='ocrx_word' id='word_1_840' title='bbox 1708 2567 1766 2594; x_wconf 88' lang='lat' dir='ltr'><strong>suis</strong></span> 
     </span>
    </p>
   </div>
   <div class='ocr_carea' id='block_1_114' title="bbox 978 2614 1766 2654">
    <p class='ocr_par' dir='ltr' id='par_1_114' title="bbox 978 2614 1766 2654">
     <span class='ocr_line' id='line_1_114' title="bbox 978 2614 1766 2654; baseline -0.013 -4"><span class='ocrx_word' id='word_1_841' title='bbox 978 2622 1110 2650; x_wconf 87' lang='lat' dir='ltr'><strong>membris</strong></span> <span class='ocrx_word' id='word_1_842' title='bbox 1123 2621 1243 2648; x_wconf 89' lang='lat' dir='ltr'><strong>amissis.</strong></span> <span class='ocrx_word' id='word_1_843' title='bbox 1267 2619 1350 2654; x_wconf 86' lang='lat' dir='ltr'><strong>Atqui</strong></span> <span class='ocrx_word' id='word_1_844' title='bbox 1367 2616 1469 2645; x_wconf 83' lang='lat' dir='ltr'><strong>Christi</strong></span> <span class='ocrx_word' id='word_1_845' title='bbox 1489 2622 1623 2652; x_wconf 81' lang='lat' dir='ltr'><strong>martyres</strong></span> <span class='ocrx_word' id='word_1_846' title='bbox 1647 2615 1714 2642; x_wconf 90' lang='lat' dir='ltr'><strong>nihil</strong></span> <span class='ocrx_word' id='word_1_847' title='bbox 1732 2614 1766 2641; x_wconf 86' lang='lat' dir='ltr'><strong>ab</strong></span> 
     </span>
    </p>
   </div>
   <div class='ocr_carea' id='block_1_115' title="bbox 978 2661 1766 2699">
    <p class='ocr_par' dir='ltr' id='par_1_115' title="bbox 978 2661 1766 2699">
     <span class='ocr_line' id='line_1_115' title="bbox 978 2661 1766 2699; baseline -0.013 -2"><span class='ocrx_word' id='word_1_848' title='bbox 978 2677 1008 2697; x_wconf 85' lang='lat' dir='ltr'><strong>se</strong></span> <span class='ocrx_word' id='word_1_849' title='bbox 1021 2669 1138 2696; x_wconf 88' lang='lat' dir='ltr'><strong>alienum</strong></span> <span class='ocrx_word' id='word_1_850' title='bbox 1154 2666 1349 2698; x_wconf 76' lang='lat' dir='ltr'><strong>exhibuerunt,</strong></span> <span class='ocrx_word' id='word_1_851' title='bbox 1364 2672 1452 2699; x_wconf 86' lang='lat' dir='ltr'><strong>neque</strong></span> <span class='ocrx_word' id='word_1_852' title='bbox 1466 2663 1532 2691; x_wconf 88' lang='lat' dir='ltr'><strong>dum</strong></span> <span class='ocrx_word' id='word_1_853' title='bbox 1554 2663 1579 2689; x_wconf 91' lang='lat' dir='ltr'><strong>id</strong></span> <span class='ocrx_word' id='word_1_854' title='bbox 1601 2661 1766 2690; x_wconf 89' lang='lat' dir='ltr'><strong>sacrilicium</strong></span> 
     </span>
    </p>
   </div>
   <div class='ocr_carea' id='block_1_116' title="bbox 979 2706 1768 2746">
    <p class='ocr_par' dir='ltr' id='par_1_116' title="bbox 979 2706 1768 2746">
     <span class='ocr_line' id='line_1_116' title="bbox 979 2706 1768 2746; baseline -0.011 -3"><span class='ocrx_word' id='word_1_855' title='bbox 979 2716 1111 2746; x_wconf 79' lang='lat' dir='ltr'><strong>iacerent,</strong></span> <span class='ocrx_word' id='word_1_856' title='bbox 1125 2712 1273 2741; x_wconf 87' lang='lat' dir='ltr'><strong>incolumia</strong></span> <span class='ocrx_word' id='word_1_857' title='bbox 1288 2718 1404 2746; x_wconf 84' lang='lat' dir='ltr'><strong>corpora</strong></span> <span class='ocrx_word' id='word_1_858' title='bbox 1417 2710 1597 2737; x_wconf 89' lang='lat' dir='ltr'><strong>retinuerunt.</strong></span> <span class='ocrx_word' id='word_1_859' title='bbox 1611 2706 1663 2735; x_wconf 86' lang='lat' dir='ltr'><strong>Sed</strong></span> <span class='ocrx_word' id='word_1_860' title='bbox 1679 2715 1768 2742; x_wconf 86' lang='lat' dir='ltr'><strong>neque</strong></span> 
     </span>
    </p>
   </div>
   <div class='ocr_carea' id='block_1_117' title="bbox 979 2753 1766 2795">
    <p class='ocr_par' dir='ltr' id='par_1_117' title="bbox 979 2753 1766 2795">
     <span class='ocr_line' id='line_1_117' title="bbox 979 2753 1766 2795; baseline -0.014 -5"><span class='ocrx_word' id='word_1_861' title='bbox 979 2763 1014 2790; x_wconf 89' lang='lat' dir='ltr'><strong>ab</strong></span> <span class='ocrx_word' id='word_1_862' title='bbox 1038 2761 1131 2795; x_wconf 90' lang='lat' dir='ltr'><strong>aliquo</strong></span> <span class='ocrx_word' id='word_1_863' title='bbox 1148 2759 1276 2795; x_wconf 86' lang='lat' dir='ltr'><strong>postulati</strong></span> <span class='ocrx_word' id='word_1_864' title='bbox 1304 2756 1461 2785; x_wconf 85' lang='lat' dir='ltr'><strong>testimonio</strong></span> <span class='ocrx_word' id='word_1_865' title='bbox 1477 2755 1593 2783; x_wconf 91' lang='lat' dir='ltr'><strong>dicendo</strong></span> <span class='ocrx_word' id='word_1_866' title='bbox 1609 2753 1766 2785; x_wconf 79' lang='lat' dir='ltr'><strong>adfuerunt,</strong></span> 
     </span>
    </p>
   </div>
   <div class='ocr_carea' id='block_1_118' title="bbox 981 2799 1767 2840">
    <p class='ocr_par' dir='ltr' id='par_1_118' title="bbox 981 2799 1767 2840">
     <span class='ocr_line' id='line_1_118' title="bbox 981 2799 1767 2840; baseline -0.013 -4"><span class='ocrx_word' id='word_1_867' title='bbox 981 2815 1075 2835; x_wconf 88' lang='lat' dir='ltr'><strong>verum</strong></span> <span class='ocrx_word' id='word_1_868' title='bbox 1096 2805 1148 2840; x_wconf 87' lang='lat' dir='ltr'><strong>ipsi</strong></span> <span class='ocrx_word' id='word_1_869' title='bbox 1162 2809 1315 2840; x_wconf 82' lang='lat' dir='ltr'><strong>spontaneo</strong></span> <span class='ocrx_word' id='word_1_870' title='bbox 1326 2803 1441 2832; x_wconf 90' lang='lat' dir='ltr'><strong>consilio</strong></span> <span class='ocrx_word' id='word_1_871' title='bbox 1455 2803 1555 2830; x_wconf 89' lang='lat' dir='ltr'><strong>tnirum</strong></span> <span class='ocrx_word' id='word_1_872' title='bbox 1571 2801 1637 2828; x_wconf 91' lang='lat' dir='ltr'><strong>illud</strong></span> <span class='ocrx_word' id='word_1_873' title='bbox 1662 2799 1767 2827; x_wconf 91' lang='lat' dir='ltr'><strong>theolo-</strong></span> 
     </span>
    </p>
   </div>
   <div class='ocr_carea' id='block_1_119' title="bbox 981 2846 1768 2889">
    <p class='ocr_par' dir='ltr' id='par_1_119' title="bbox 981 2846 1768 2889">
     <span class='ocr_line' id='line_1_119' title="bbox 981 2846 1768 2889; baseline -0.013 -8"><span class='ocrx_word' id='word_1_874' title='bbox 981 2855 1128 2889; x_wconf 76' lang='lat' dir='ltr'><strong>gicumque</strong></span> <span class='ocrx_word' id='word_1_875' title='bbox 1141 2851 1326 2880; x_wconf 87' lang='lat' dir='ltr'><strong>testimonium</strong></span> <span class='ocrx_word' id='word_1_876' title='bbox 1346 2851 1530 2885; x_wconf 69' lang='lat' dir='ltr'><strong>praebuerunt.</strong></span> <span class='ocrx_word' id='word_1_877' title='bbox 1557 2847 1586 2875; x_wconf 87' lang='lat' dir='ltr'><strong>Si</strong></span> <span class='ocrx_word' id='word_1_878' title='bbox 1607 2847 1668 2881; x_wconf 90' lang='lat' dir='ltr'><strong>quis</strong></span> <span class='ocrx_word' id='word_1_879' title='bbox 1688 2846 1768 2881; x_wconf 76' lang='lat' dir='ltr'><strong>igitur</strong></span> 
     </span>
    </p>
   </div>
   <div class='ocr_carea' id='block_1_120' title="bbox 983 2889 1767 2932">
    <p class='ocr_par' dir='ltr' id='par_1_120' title="bbox 983 2889 1767 2932">
     <span class='ocr_line' id='line_1_120' title="bbox 983 2889 1767 2932; baseline -0.018 -2"><span class='ocrx_word' id='word_1_880' title='bbox 983 2901 1150 2930; x_wconf 84' lang='lat' dir='ltr'><strong>indistinctis</strong></span> <span class='ocrx_word' id='word_1_881' title='bbox 1168 2898 1293 2928; x_wconf 88' lang='lat' dir='ltr'><strong>vocabuli</strong></span> <span class='ocrx_word' id='word_1_882' title='bbox 1316 2898 1388 2925; x_wconf 66' lang='lat' dir='ltr'><strong>testis</strong></span> <span class='ocrx_word' id='word_1_883' title='bbox 1410 2895 1624 2932; x_wconf 74' lang='lat' dir='ltr'><strong>signiﬁcatibus.</strong></span> <span class='ocrx_word' id='word_1_884' title='bbox 1646 2889 1767 2920; x_wconf 77' lang='lat' dir='ltr'><strong>alterutri</strong></span> 
     </span>
    </p>
   </div>
  </div>
