1882 3075
121 183 174 214 183

698 179 830 210 ΡΗΟΤΙΙ
846 180 1100 211 PATRlARCHIE
1121 181 1177 211 ΟΡ.

1705 177 1757 213 184

119 239 146 266 id
161 237 380 266 accommodabit
405 236 479 271 quod
503 235 618 264 alterius
638 240 699 267 cst,
724 243 815 264 nonne
830 243 910 264 aures

997 237 1085 269 5dCstv
1096 237 1290 271 φιλονεικήσει,
1305 235 1349 271 ἆρ’
1365 236 1415 262 οὐκ
1427 235 1561 271 ὲκπλήσει
1577 235 1699 270 ἀποριῶν
1722 237 1756 263 τὰ

119 285 319 320 imperitiorum
334 283 533 319 quaestionibus
544 282 694 310 onerabit?
714 282 808 318 Neque
822 283 914 311 minus

119 332 179 366 ipse
193 338 222 358 se
234 330 320 362 fallet.
344 330 409 358 dum
422 337 454 357 se
467 330 647 364 quaestionem
670 330 696 356 in
711 329 830 356 medium
847 336 913 364 pro-

117 377 189 405 ferre
200 376 345 412 iudicabit,
360 383 444 410 quam
461 382 557 409 reapse
579 383 632 402 non
653 383 745 403 rerum
768 374 913 402 dillicultas

117 423 241 454 exhibet,
251 423 297 450 sed
309 421 397 457 ipsius
412 421 540 456 imperita
549 421 747 449 vocabulorum
757 421 912 456 usurpatio.

117 469 194 495 Dicet
206 469 280 496 enim
297 468 342 495 hic
358 467 453 498 etiam,
470 470 500 494 ut
510 466 590 494 facile
600 471 677 502 puto,
696 467 720 494 si
743 471 827 494 testes
844 474 913 494 san-

115 516 226 550 guinem
240 514 373 546 offerunt,
402 514 466 548 quis
483 513 559 541 hunc
578 513 695 549 recipit?
726 512 754 541 Si
775 513 912 545 Christus,

120 559 262 594 quomodo
273 559 327 586 dici
348 563 439 594 potest
453 559 574 587 clemens
596 559 643 587 hic
659 559 842 595 sanguinibus
862 560 913 587 ho-

120 606 225 633 minum
240 605 393 633 delectari?
414 605 444 632 Si
458 605 584 633 diabolus
607 606 721 640 recepit,
749 614 865 633 curnam
893 606 912 633 ii

117 651 272 678 voluissent
285 659 366 678 suum
389 652 461 679 hosti
480 652 643 687 sanguinem
662 652 765 679 libare?
793 652 910 679 Ubinam

117 705 183 724 vero
191 697 287 732 judex,
304 698 351 732 qui
369 706 448 733 aequo
460 698 523 733 jure
537 706 600 725 cum
609 698 826 733 disceptantibus
833 699 913 735 agat?

120 744 308 778 Disceptantes
320 749 423 778 autem,
441 752 559 779 quorum
577 745 702 772 alterutri
717 745 795 773 testis
813 745 849 773 ad
868 746 911 774 vi—

117 791 229 817 ctoriam
242 791 433 818 testimonium
447 791 505 824 dat,
523 791 636 826 quinam
651 792 735 819 sunt?

153 837 180 864 7.
197 836 344 864 lnnumcra
357 837 493 870 ejusmodi
509 845 523 864 a
539 837 691 865 forensibus
705 838 821 866 testibus
834 846 911 865 sum-

118 887 162 917 pta
177 883 212 910 ad
229 890 327 910 sacros
346 883 492 911 transferet
513 887 595 911 testes
607 904 615 915 ,
635 884 796 919 quicunque
818 884 910 919 inepto

119 929 212 956 studio
237 929 418 964 quaestionum
441 933 558 962 tenetur,
585 934 631 956 aut
649 937 729 964 quem
748 930 776 957 in
793 938 823 958 re
839 930 911 958 seria

119 974 226 1002 fabulas
242 974 383 1002 venditare
398 980 446 1003 aut
461 976 547 1010 iocari
563 983 617 1004 non
635 977 726 1011 pudet.
748 977 832 1012 Atqui
848 985 911 1012 per-

117 1019 206 1047 facilis
221 1020 325 1047 solutio
341 1024 393 1054 est,
406 1021 429 1048 si
443 1021 477 1048 ad
493 1022 610 1056 primam
623 1022 829 1050 dubitationum
844 1031 906 1058 spe-

117 1065 187 1093 ciem
206 1066 330 1095 dicamus
342 1087 350 1100 ,
374 1067 515 1096 Christum
532 1069 644 1104 quidem
660 1069 732 1096 haud
746 1069 910 1097 athletarum

118 1120 216 1141 cruore
231 1114 279 1141 sed
296 1119 387 1141 mente
406 1114 589 1147 delectatum,
615 1115 716 1150 czedem
732 1123 827 1143 eorum
844 1123 911 1144 san-
937 1134 939 1137 ~

117 1157 284 1193 guinemque
298 1159 463 1187 exhaustum
478 1161 625 1195 recepisse.
643 1160 738 1196 Neque
754 1162 834 1190 facile
855 1163 909 1190 mi-

117 1210 171 1230 nus
185 1203 281 1236 dicas,
299 1211 385 1232 caesos
406 1205 492 1233 fuisse
507 1212 558 1240 pro
574 1206 683 1234 Christo
697 1211 780 1235 testes
803 1212 830 1236 et
843 1215 910 1236 san-

118 1250 228 1284 guinem
245 1250 390 1285 effudisse;
421 1251 449 1279 id
477 1252 552 1280 enim
580 1254 690 1288 proprie
714 1254 826 1288 dicitur,
856 1262 910 1282 non

119 1295 246 1330 figurate.
265 1295 367 1324 Verum
386 1297 521 1325 dictiones
547 1297 697 1326 obtulerunt
719 1303 746 1326 et
766 1300 910 1334 offerebant

117 1345 145 1368 et
162 1340 223 1368 alia:
237 1341 392 1376 ejusmodi,
417 1343 445 1370 in
469 1343 560 1372 verbis
580 1345 719 1373 translatis
734 1346 912 1373 numeranda!

117 1391 194 1414 sunt.
213 1386 307 1422 Neque
323 1387 406 1423 igitur
423 1390 610 1417 necessarium
630 1395 673 1418 est
688 1391 833 1426 exquirere
852 1393 912 1420 cui.

118 1439 181 1459 nam
212 1432 359 1460 obtulerint
378 1443 385 1461 :
401 1434 482 1461 sicuti
509 1434 578 1461 nihil
603 1443 671 1470 opus
704 1441 747 1463 est
776 1444 909 1471 quarere,

117 1484 237 1512 quonam
252 1478 271 1505 ii
283 1484 363 1513 pacto
373 1480 427 1507 dici
441 1485 544 1515 queant
560 1481 704 1514 obtulisse,
718 1489 835 1516 quorum
849 1490 912 1510 cor-

118 1532 186 1560 pora
211 1526 348 1554 exhausto
365 1529 500 1563 sanguine
516 1529 672 1556 exanimata
699 1528 820 1556 fuerunt.
837 1529 911 1562 Quo-

119 1571 200 1598 modo
216 1573 289 1599 enitn
305 1573 434 1601 offerrent
447 1593 454 1606 ,
474 1581 536 1601 cum
553 1574 620 1600 nihil
646 1582 661 1601 a
688 1583 718 1602 se
749 1575 909 1603 distinctum
924 1590 945 1619 ο

118 1617 258 1650 aﬂ'errent,
277 1627 357 1646 secus
373 1627 406 1647 ac
430 1619 460 1646 fit
474 1620 570 1646 abillis
584 1620 630 1654 qui
651 1621 762 1655 proprie
777 1621 911 1648 offerunt?

119 1662 196 1696 llaec,
214 1664 339 1699 inquam,
353 1666 446 1692 omnia
464 1664 605 1700 t‘autoperc
619 1667 719 1693 absunt
734 1674 749 1693 ιι
762 1666 848 1693 forma
862 1667 914 1694 du-

120 1709 243 1742 bitativa,
259 1715 287 1737 ut
299 1710 435 1745 negligere
455 1710 543 1737 satius
563 1711 610 1744 sit,
623 1719 656 1738 ne
672 1710 742 1739 forte
755 1712 803 1739 tibi
820 1712 913 1740 videa-

118 1763 180 1782 mur
197 1764 248 1783 nou
266 1756 401 1783 iunnerito
415 1755 640 1790 reprehendendi,
659 1757 723 1791 quia
737 1764 801 1784 cum
819 1757 914 1784 luden-

120 1801 193 1829 tibus
208 1802 382 1829 dimicemus.
402 1800 470 1829 Nam
487 1801 568 1829 sicuti
599 1802 627 1828 in
660 1810 690 1830 re
716 1803 787 1830 seria
816 1803 914 1831 ludere

119 1847 244 1874 insanum
261 1852 312 1879 est,
333 1847 374 1874 sic
389 1847 416 1874 in
437 1847 561 1876 ridiculis
586 1849 660 1876 serio
684 1856 764 1884 agere
787 1849 915 1885 dignissi-

120 1903 193 1921 mum
206 1895 260 1921 risit
271 1899 322 1921 est.
339 1894 366 1921 Si
382 1902 442 1930 qua:
453 1903 517 1923 vero
527 1895 679 1923 locutiones
693 1896 793 1923 absunt
804 1897 912 1931 quidem

119 1949 135 1968 a
155 1940 296 1967 manifesta
315 1941 500 1974 absurditate,
529 1950 617 1977 neque
644 1947 730 1969 semet
755 1943 821 1977 ipsa:
841 1943 915 1971 refu-

121 1992 196 2020 tant,
226 1987 274 2014 sed
302 1992 392 2014 tamen
411 1988 646 2022 perturbationem
668 1989 914 2025 confusionemque

121 2033 270 2059 multorum
289 2032 404 2060 auribus
420 2038 530 2067 creant,
552 2034 710 2061 hominibus
727 2035 854 2063 videlicet
867 2035 915 2070 qui

119 2079 276 2106 diseernm'e
302 2079 428 2106 nesciunt
448 2080 531 2108 verba
556 2085 636 2115 tropo
661 2082 799 2113 carentia,
824 2081 858 2108 ab
880 2081 914 2108 iis

120 2133 181 2159 qua:
201 2130 340 2160 troporum
359 2124 463 2160 legibus
477 2125 645 2160 ﬁgurantur;
660 2125 778 2158 facilius,
789 2126 913 2161 inquam,

120 2176 161 2199 est
177 2171 200 2198 si
216 2171 376 2198 differentia:
397 2179 493 2198 earnm
510 2171 734 2203 considerentur,
752 2172 915 2206 propulsare

121 2225 153 2244 ac
167 2217 320 2244 dissolvere
331 2217 486 2244 umbratilis
500 2218 695 2246 controversia:
721 2218 911 2246 subtilitatem.

966 281 1023 310 ὦτα
1039 283 1093 309 τῶν
1113 283 1290 318 ἀπειρότερον
1315 283 1483 315 ἁκουόντων;
1499 282 1614 317 σφαλείη
1630 282 1659 309 δὲ
1680 283 1756 309 οὐδὲν

964 329 1076 357 ἔλαττον
1087 329 1166 361 αὐτὸς
1180 329 1299 364 ἀπορίαν
1314 328 1438 364 οἰόμενος
1451 327 1641 363 προκομίζειν,
1652 329 1686 364 ἢν
1707 329 1756 364 οὐχ

965 375 982 410 ὴ
996 375 1051 401 τῶν
1066 375 1236 410 πραγμάτων
1251 374 1377 403 δυσκολία
1388 374 1537 409 παρέσχεν,
1550 374 1606 401 ἀλλ’
1617 375 1634 409 ή
1649 374 1755 401 ἐκείνου

964 420 1019 447 τῶν
1030 421 1171 454 ὀνομάτων
1186 420 1236 447 οὐκ
1249 421 1279 446 ὲν
1295 419 1393 454 γνώσει
1407 420 1593 455 μεταχείρισις
1604 428 1610 434 ·
1625 421 1683 456 ἐρεῖ
1702 420 1757 456 γὰρ

966 465 1107 492 κάνταῦθα
1124 467 1200 501 ῥᾷον,
1221 465 1281 492 Τῶν
1297 465 1444 500 μαρτύρων
1467 465 1708 503 προσενεγκάντων
1725 466 1757 492 τὸ

963 509 1044 545 αἷμα,
1062 512 1103 543 τίς
1123 512 1138 537 ὁ
1151 510 1388 546 προσδεξάμενος;
1411 511 1442 539 Εἰ
1458 519 1507 546 μεν
1520 512 1575 546 γὰρ
1592 511 1607 537 ό
1627 512 1754 548 Χριστὸς,

963 558 1010 584 καὶ
1025 557 1085 588 πῶς
1101 559 1115 584 ὁ
1129 557 1319 593 φιλάνθρωπος
1332 557 1486 592 ἀνθρώπων
1503 557 1617 592 αἰμασιν
1631 558 1755 592 ὲπαγάλ-

962 603 1057 636 λεται;
1073 603 1098 629 εί
1113 603 1136 629 δ’
1151 604 1165 630 ὁ
1176 603 1303 638 πονηρὸς,
1319 603 1366 629 καὶ
1381 603 1440 634 πῶς
1453 603 1600 639 ἠνέσχοντο
1614 604 1653 640 τῷ
1663 605 1756 640 ἐχθρῷ

962 648 993 675 τὸ
1009 649 1110 676 οἰκεῖον
1120 646 1191 684 αἷμα
1204 649 1369 676 σπείσασθαι
1383 658 1390 682 ;
1404 649 1455 676 ποῦ
1467 650 1490 676 δ’
1505 652 1518 677 ὁ
1534 652 1641 686 κριτὴς,
1659 651 1689 683 ὃς
1705 652 1756 687 τὴν

963 693 1024 729 ἴσην
1040 693 1152 729 γνώμην
1171 696 1228 725 τοῖς
1244 695 1417 730 κρινομένοις
1435 695 1589 730 διένειμεν;
1605 697 1629 722 οἰ
1646 696 1674 723 δὲ
1693 705 1756 731 κρι-

962 740 1078 775 νόμενοι,
1097 737 1134 768 ὧν
1158 742 1171 768 ὸ
1185 741 1289 776 μάρτυς
1310 741 1417 777 θατέρῳ
1441 741 1491 777 τὴν
1512 743 1558 769 ἐπὶ
1585 742 1647 778 νίκῃ
1668 743 1756 779 ῥοπὴν

961 787 1114 821 παρασχεῖν
1124 787 1271 822 ἐφέστηκε,
1289 787 1379 818 τίνεςς

997 830 1032 863 ζ’.
1046 832 1102 858 Καὶ
1113 832 1184 858 πόσα
1198 832 1231 859 ἄν
1246 840 1288 864 τις
1311 833 1425 860 τοιαῦτα
1444 832 1536 860 λαὸὼν
1553 833 1607 860 ἀπὸ
1618 833 1672 861 τῶν
1684 833 1756 860 κατὰ

960 878 1010 913 τὴν
1025 878 1163 904 πολιτείαν
1179 878 1324 914 μαρτύρων
1338 879 1384 905 ἐπὶ
1399 880 1463 911 τοὺς
1478 879 1620 913 θεολόγους
1629 879 1754 907 διαϐιϐά-

927 921 948 949 Β
963 932 1018 949 σειε
1035 925 1188 959 μάρτυρας,
1204 921 1226 957 ᾧ
1246 925 1361 959 φορυτὸς
1377 924 1447 960 ἔρως
1464 924 1596 960 ἀποριῶν,
1609 925 1657 951 καὶ
1672 926 1756 960 μυθο-

962 969 1052 1002 λογεῖν
1069 969 1116 996 καὶ
1130 969 1240 1002 παίζειν
1263 971 1314 998 κάν
1327 971 1383 1002 τοῖς
1400 971 1556 1002 σπουδαίοις
1579 971 1753 1007 ἀνύϐριστον.

962 1014 1018 1041 Καὶ
1037 1013 1091 1049 γὰρ
1115 1014 1191 1041 οὐδὲν
1208 1014 1288 1050 ἔργον
1311 1015 1380 1050 πρὸς
1395 1015 1426 1042 τὸ
1454 1015 1563 1050 πρῶτον
1578 1015 1672 1052 σχῆμα
1699 1015 1756 1043 τῶν

962 1061 1149 1096 ἀπορημάτων
1178 1061 1277 1094 εἰπεῖν,
1296 1061 1335 1093 ὡς
1357 1061 1419 1097 οὐχὶ
1437 1062 1476 1097 τῷ
1491 1062 1586 1098 αἵματι
1598 1061 1652 1088 τῶν
1668 1061 1755 1097 ἀθλη-

961 1107 1026 1140 τῶν,
1041 1108 1074 1142 τῇ
1100 1107 1128 1134 δὲ
1150 1107 1249 1144 γνώμῃ
1269 1108 1503 1143 συναρεσκόμενος
1524 1109 1538 1136 ὁ
1558 1108 1685 1144 Χριστὸς,
1707 1108 1756 1135 καὶ

961 1152 1010 1188 τὴν
1039 1153 1146 1188 σφαγὴν
1175 1154 1223 1180 καὶ
1250 1153 1281 1179 τὸ
1306 1154 1425 1180 κενωθὲν
1455 1152 1523 1189 αἷμα
1548 1154 1729 1189 προσεδέξατο
1744 1161 1754 1171 α

961 1198 1057 1234 ὥσπερ
1071 1198 1133 1225 οὐδὲ
1143 1199 1173 1225 τὸ
1185 1199 1343 1233 ἐπενεγκεῖν
1359 1199 1396 1231 ὡς
1407 1200 1568 1235 ἐσφάγησαν
1584 1200 1634 1235 μὲν
1644 1201 1669 1226 οί
1682 1200 1755 1235 μάρ-

961 1256 1040 1283 τυρες
1053 1247 1122 1283 ὑπὲρ
1133 1247 1263 1283 Χριστοῦ,
1279 1248 1326 1274 καὶ
1342 1248 1372 1275 τὸ
1387 1245 1458 1282 αἷμα
1469 1248 1591 1284 ἐξέχεαν,
1604 1248 1683 1274 τοῦτο
1708 1257 1756 1275 κυ-

964 1293 1028 1327 ρίως
1041 1292 1087 1318 καὶ
1103 1293 1132 1318 οὺ
1149 1293 1280 1327 τροπικόν
1290 1300 1297 1306 ·
1312 1293 1343 1319 τὸ
1354 1293 1383 1319 δὲ
1399 1294 1593 1328 προσήνεγκαν
1605 1293 1653 1320 καὶ
1669 1302 1754 1329 προσ-

962 1340 1058 1374 έφερον
1068 1339 1113 1366 καὶ
1123 1340 1157 1365 τὰ
1166 1339 1290 1370 τοιαῦτα,
1305 1339 1436 1374 ῥημάτων
1447 1340 1522 1366 ἐστὶν
1531 1339 1662 1373 ἐξοικειου
1666 1339 1756 1374 μένων

961 1383 1010 1418 τὴν
1025 1384 1128 1418 τροπήν
1145 1392 1152 1398 ·
1175 1383 1273 1410 οὔκουν
1295 1384 1350 1410 οὐδ’
1369 1384 1518 1418 ἀναγκαῖον
1538 1384 1681 1419 ἐπιζητεῖν
1701 1384 1756 1411 τινι

962 1430 1154 1465 προσήνεγκαν
1164 1437 1170 1444 ·
1190 1429 1284 1464 ὥσπερ
1303 1429 1364 1456 οὐδὲ
1380 1430 1475 1466 ζητεῖν
1488 1430 1547 1461 πῶς
1565 1431 1589 1457 οί
1602 1430 1755 1465 νεκρωθέν-

962 1485 1007 1508 τες
1026 1476 1057 1503 τὸ
1076 1475 1156 1511 σῶμα
1172 1478 1206 1512 τῇ
1232 1476 1346 1502 κενώσει
1368 1476 1415 1503 τοῦ
1439 1477 1557 1511 αἵματος
1578 1476 1697 1504 δύναιντ’
1721 1476 1757 1503 ἂν

963 1523 1158 1557 προσενεγκεῖν
1173 1522 1300 1556 λέγεσθαι
1312 1530 1319 1536 ·
1333 1522 1390 1554 πῶς
1403 1522 1432 1549 δε
1444 1522 1624 1558 προσέφερον,
1636 1523 1684 1558 οὐχ
1697 1521 1757 1549 ἓτε-

964 1578 1010 1605 ρον
1027 1569 1219 1604 προσάγοντες,
1237 1569 1306 1603 ὅπερ
1321 1568 1379 1595 ἐστὶ
1392 1568 1446 1595 τῶν
1466 1569 1569 1604 κυρίως
1582 1569 1757 1604 προσφερόν-

963 1624 1035 1647 των;
1056 1616 1091 1642 τὰ
1104 1615 1157 1650 γὰρ
1177 1615 1287 1641 τοιαῦτα
1300 1615 1426 1641 τοσοῦτον
1446 1615 1544 1650 ἀπέχει
1562 1615 1609 1642 τοῦ
1628 1616 1758 1650 διαπορη-

961 1662 1038 1688 τικοῦ
1056 1662 1152 1693 τύπου,
1170 1661 1208 1693 ὼς
1221 1661 1331 1696 ἄμεινον
1347 1662 1494 1696 ὑπεριδεῖν,
1511 1662 1548 1697 μή
1563 1670 1630 1688 ποτε
1644 1661 1699 1696 ἄρα
1715 1669 1757 1687 σοι

963 1707 1084 1742 δόξωμεν
1102 1707 1322 1742 συμπλεκόμενοι
1339 1709 1396 1738 τοῖς
1418 1707 1573 1739 παίζουσιν,
1588 1707 1639 1733 οὐκ
1653 1706 1757 1738 ἔξωθεν

963 1754 1011 1782 τοῦ
1039 1755 1143 1785 εἰκότος
1173 1753 1411 1781 συνδιαϐάλλεσθαι
1429 1761 1436 1768 ·
1465 1753 1560 1788 ὥσπερ
1580 1753 1636 1787 γὰρ
1656 1753 1685 1779 ὲν
1698 1753 1758 1783 τοῖς

966 1800 1120 1832 σπουδαίοις
1137 1799 1245 1831 παίζειν
1264 1799 1405 1832 ἀσύνετον,
1430 1798 1501 1826 οὕτω
1517 1799 1587 1835 πρὸς
1606 1799 1640 1825 τά
1652 1798 1758 1832 γελοιό-

964 1856 1032 1883 τερα
1048 1847 1209 1879 σπουδάζειν
1223 1846 1426 1881 καταγέλαστον
1441 1855 1448 1861 ·
1466 1845 1500 1872 τὰ
1511 1845 1539 1872 δὲ
1551 1846 1600 1880 τῆς
1618 1845 1757 1881 ἐμφανοῦς

966 1894 1016 1928 μὲν
1029 1893 1146 1924 ἀτοπίας
1157 1893 1205 1919 καὶ
1215 1892 1324 1919 οἴκοθεν
1338 1893 1455 1927 ἐχόντων
1472 1893 1518 1918 τὸν
1531 1892 1642 1926 ἔλεγχον
1656 1892 1757 1918 ἀνακε-

965 1938 1121 1974 χωρηκότα,
1145 1937 1269 1973 ταραχὴν
1284 1937 1334 1972 μὲν
1353 1937 1400 1963 καὶ
1424 1937 1538 1972 θόρυόον
1561 1935 1757 1970 προτεινόμενα

964 1985 1025 2016 ταῖς
1039 1984 1092 2011 τῶν
1104 1983 1211 2010 πολλῶν
1225 1984 1330 2015 ἀκοαῖς,
1345 1983 1392 2009 καὶ
1407 1981 1447 2014 οἷς
1462 1983 1513 2010 οὐκ
1527 1982 1584 2009 ἐστι
1601 1981 1691 2017 κρίσις
1701 1981 1758 2008 δια-

966 2030 1086 2056 στέλλειν
1101 2029 1154 2055 τῶν
1167 2029 1231 2056 ἄνευ
1244 2029 1348 2065 τροπῆς
1360 2028 1556 2064 προαγομένων
1569 2028 1676 2062 φωνῶν,
1696 2027 1728 2058 ἂς
1740 2027 1756 2053 ὁ

965 2077 1013 2109 τῆς
1027 2075 1132 2110 τροπῆς
1148 2075 1229 2110 νόμος
1244 2075 1428 2110 ἐσχημάτισεν
1444 2082 1451 2089 ·
1471 2074 1532 2100 ἐπεὶ
1548 2074 1614 2109 ῥᾷόν
1628 2075 1688 2100 ἐστι
1698 2073 1757 2105 τοῖς

964 2121 995 2147 τὸ
1024 2121 1152 2157 διάφορον
1174 2121 1264 2148 αὐτῶν
1297 2120 1524 2155 ὲπεσκεμμένοις,
1552 2120 1756 2156 ἀποκρούεσθαι

965 2168 1012 2194 καὶ
1039 2167 1157 2194 διαλύειν
1183 2167 1232 2202 τῆς
1255 2166 1386 2202 δοκούσης
1403 2167 1520 2202 ἀπορίας
1537 2166 1567 2192 τὸ
1588 2166 1755 2202 περίεργον·

965 2213 1004 2240 δεῖ
1027 2213 1048 2240 δ’
1061 2213 1107 2240 οὖν
1121 2213 1210 2248 λέγειν
1224 2215 1272 2249 μὲν
1292 2213 1341 2245 τὰς
1356 2214 1448 2247 φωνάς
1471 2213 1519 2240 καὶ
1542 2212 1644 2240 τιθέναι
1660 2213 1703 2247 ἐφ’
1717 2209 1756 2240 ὧν

122 2263 274 2298 Deligendae
283 2264 365 2297 igitur
378 2271 459 2291 voces
471 2268 545 2297 sunt,
557 2264 778 2299 collocandaeque
788 2273 842 2300 quo
852 2265 911 2292 loco

997 2268 1058 2296 perv
1070 2259 1206 2295 εἰώθαμεν
1215 2268 1222 2275 '
1240 2258 1338 2287 εἰδέναι
1346 2260 1376 2285 δὲ
1388 2260 1422 2286 τὰ
1433 2259 1552 2293 ἑκάτερα
1565 2258 1755 2294 παρεπόμενα,

120 2308 243 2337 adhiberi
259 2309 356 2336 solent.
375 2309 452 2336 Scire
461 2309 544 2336 etiam
563 2313 670 2344 oportet
685 2314 830 2345 utramque
856 2310 911 2337 cir-

121 2356 326 2388 cumstantiam,
347 2356 384 2383 ita
399 2360 428 2382 ut
441 2355 562 2382 distincti
583 2359 728 2383 serventur
740 2356 912 2391 signiﬁcatus

121 2408 147 2428 et
162 2402 324 2436 proprietas.
349 2401 419 2429 Hinc
439 2402 578 2436 specimen
594 2406 665 2429 esto.
683 2401 813 2429 Forensis
836 2403 912 2430 testis

122 2447 186 2474 dum
202 2448 250 2475 uni
273 2456 289 2475 e
313 2441 529 2483 disceptantibus
551 2447 632 2480 favet,
653 2448 768 2475 alterum
788 2448 912 2483 iniquum

122 2494 246 2529 coarguit
259 2502 266 2521 :
281 2499 309 2521 at
323 2494 408 2528 judex
422 2493 532 2520 interim
547 2501 652 2528 mquam
673 2494 837 2521 sententiam
861 2494 912 2521 bo-

123 2541 243 2568 minibus
266 2540 366 2568 reddit.
384 2540 483 2568 Verum
508 2540 534 2567 in
559 2548 638 2567 sacro
660 2545 727 2567 teste
742 2540 853 2568 ubinam
869 2541 914 2568 hic

125 2593 215 2613 rerum
232 2587 341 2613 status?
362 2587 404 2613 vel
424 2586 560 2613 undenam
582 2586 667 2612 libera
683 2586 791 2613 dicendi
816 2586 914 2621 copia?

124 2632 231 2660 llursus
254 2632 356 2660 athleta
384 2634 573 2660 adversarium
601 2632 728 2659 manibus
761 2633 914 2668 pugnisque

125 2680 284 2712 verberans,
301 2687 333 2706 ac
351 2679 469 2714 denique
479 2687 624 2714 superans,
644 2679 766 2706 victoria
782 2686 914 2706 coronam

126 2727 271 2760 impetrat:
287 2725 332 2752 hic.
351 2730 442 2752 autem
464 2725 511 2760 qui
528 2725 681 2760 percutitur
696 2733 730 2752 ac
744 2724 913 2756 vulneratur,

125 2773 290 2807 tiaiinnaque
305 2777 354 2799 aut
369 2772 442 2799 ferro
456 2772 618 2799 interficitur
629 2794 636 2804 ,
663 2771 705 2798 vel
727 2772 790 2798 aliis
806 2771 914 2798 crucia-

125 2824 202 2845 tuum
219 2819 375 2853 generibus,
398 2825 459 2853 quae
473 2819 633 2845 carnilicum
648 2822 755 2845 contra
767 2818 913 2844 humanam

126 2871 250 2892 naturam
265 2865 412 2893 crudelitas
424 2864 459 2891 ob
469 2864 623 2891 cnceandos
638 2864 764 2891 homines
778 2864 915 2897 excogita-

126 2912 174 2945 vit,
192 2911 246 2944 hic,
266 2912 389 2946 inquam,
405 2910 525 2938 victorirc
536 2916 636 2937 τοῖοι-ε
648 2909 807 2943 iusignitur.
826 2907 914 2941 Atque

966 2307 1012 2332 καὶ
1028 2306 1174 2340 φυλάττειν
1191 2305 1281 2333 αὐτῶν
1298 2305 1452 2340 ἁσύγχυτον
1473 2305 1520 2331 καὶ
1540 2304 1570 2331 τὸ
1587 2304 1756 2340 σημαινόμε-

966 2359 1010 2381 νον
1025 2351 1071 2377 καὶ
1089 2351 1119 2377 τὸ
1134 2351 1232 2386 ίδίωμα
1251 2358 1258 2366 ·
1277 2351 1343 2386 ὸρᾷν
1353 2350 1381 2376 δὲ
1397 2350 1455 2376 ἐστι
1470 2348 1618 2377 κάντεῦθεν
1631 2358 1639 2365 ·
1651 2350 1665 2376 ὁ
1682 2350 1755 2385 μάρ-

965 2407 1012 2429 τυς
1025 2399 1039 2425 ό
1057 2398 1196 2429 πολιτικὸς
1211 2397 1258 2423 ἕνα
1277 2397 1331 2423 τῶν
1345 2396 1532 2431 δικαζομένων
1553 2395 1696 2427 συνιστῶν,
1710 2395 1756 2422 τὸν

966 2444 1058 2479 ἕτερον
1074 2444 1246 2478 συκοφάντην
1255 2443 1403 2478 ἁπελέγχει
1414 2442 1461 2469 τοῦ
1475 2441 1570 2477 κριτοῦ
1583 2441 1633 2477 τὴν
1643 2441 1757 2477 γνώμην

967 2490 1027 2525 ἴσην
1051 2489 1224 2524 διανέμοντος
1246 2490 1303 2520 τοῖς
1317 2488 1474 2523 προσώποις
1491 2496 1498 2503 ·
1517 2488 1545 2514 ὲν
1560 2488 1589 2514 δὲ
1608 2486 1648 2522 τῷ
1667 2486 1757 2514 θεολο-

966 2537 1060 2572 γοῦντι
1076 2537 1206 2572 μάρτυρι,
1225 2536 1276 2563 ποῦ
1292 2537 1403 2572 σχέσις;
1435 2537 1452 2572 ἢ
1475 2536 1557 2563 πόθεν
1571 2536 1628 2572 ἔχει
1650 2537 1758 2571 παρρη-

967 2585 1028 2610 σίαν
1051 2585 1068 2619 ὴ
1088 2583 1221 2618 cauum;
1249 2583 1331 2610 πάλιν
1357 2584 1371 2609 ὸ
1395 2583 1514 2618 ἀθλητὴς
1538 2583 1584 2610 τὸν
1610 2583 1758 2609 ἀντίπαλον

967 2631 1045 2665 χερσὶ
1061 2630 1108 2656 καὶ
1131 2630 1255 2664 πυγμαῖς
1268 2629 1367 2661 παίων,
1391 2629 1438 2656 καὶ
1456 2628 1638 2664 κατακρατῶν
1656 2630 1697 2659 εις
1712 2628 1757 2654 τέ-

967 2675 1021 2707 λος,
1040 2675 1086 2702 τοῦ
1108 2675 1248 2710 νικητικοῦ
1266 2675 1391 2709 τυγχάνει
1415 2675 1548 2708 στεφάνου
1565 2681 1573 2690 ³
1596 2673 1715 2701 ἐνταῦθα
1728 2673 1758 2700 δὲ

969 2721 1134 2756 βαλλόμενός
1161 2729 1191 2747 τε
1219 2721 1266 2747 καὶ
1286 2720 1515 2755 τιτρωσκόμενος,
1530 2721 1576 2746 καὶ
1596 2719 1664 2755 πυρὶ
1678 2719 1758 2746 θανα-

967 2768 1099 2802 τούμενος
1118 2767 1135 2802 ἢ
1160 2767 1273 2802 σιδήρῳ,
1287 2766 1302 2801 ἢ
1316 2767 1350 2793 δι’
1362 2763 1399 2792 ὦν
1422 2766 1510 2793 ἄλλων
1524 2767 1672 2801 ἐπενόησεν
1683 2766 1701 2801 ἡ
1712 2765 1759 2800 δή·

971 2822 1029 2847 μιος
1048 2813 1158 2847 ὠμότης
1173 2813 1243 2840 κατὰ
1256 2813 1305 2847 τῆς
1325 2813 1499 2848 ἀνθρωπίνης
1515 2812 1624 2848 φύσεως
1634 2812 1698 2843 τοὺ-ς
1711 2812 1758 2838 ἀν-

969 2859 1094 2894 θρώπους
1120 2859 1266 2892 ἐξαγαγεῖν
1288 2859 1336 2893 τῆς
1362 2859 1443 2893 ζωῆς,
1462 2858 1496 2885 τὰ
1515 2859 1564 2893 τῆς
1583 2858 1660 2892 νίκης
1684 2858 1758 2884 ἐστὶν

971 2905 1150 2939 ἀναδούμενος
1181 2904 1333 2940 διαδήματα
1351 2913 1355 2919 ·
1382 2904 1428 2930 καὶ
1445 2904 1492 2930 ἐπὶ
1511 2904 1614 2939 μυρίων
1637 2902 1725 2930 ἄλλων
1741 2910 1764 2937 η⁴
