1882 3075
99 106 152 140 185

95 163 216 198 διαφορά
233 169 240 176 ·
265 161 326 192 πῶς
341 159 387 187 οὖν
415 160 446 186 οὐ
461 159 616 195 παράλογον
632 161 661 186 ἐν
686 159 810 193 ἑκατέρῳ
833 158 889 184 τῶν
905 158 928 187 Λ

97 207 312 243 σημαινομένων
335 206 370 233 τὰ
394 206 464 233 αὐτὰ
489 207 580 242 ζητεῖν
602 205 780 240 ἐπιοιωρεῒν;
801 204 849 231 καὶ
874 204 892 230 ἃ

97 253 205 289 προσῆν
221 253 260 287 τῷ
277 251 373 287 ἑτέρῳ,
387 252 423 278 τὰ
443 251 514 278 αὐτὰ
535 251 643 286 θατέρῳ
666 250 828 286 περιάπτειν
845 250 892 277 ὲκ-

97 299 241 332 ὃιὰζεσθαι
253 307 261 331 ;

131 349 169 379 η’.
192 345 283 371 Πολλὰ
297 344 346 378 μὲν
361 343 407 370 οὖν
431 344 487 370 τῶν
506 344 552 370 ἐπὶ
569 343 706 378 διαφόρων
720 343 892 378 πραγμάτων

95 391 274 426 ταττομένων
290 391 430 424 ὀνομάτων
443 390 652 424 ὲμφανεστὰτην
667 389 724 423 ἔχει
741 389 788 423 τὴν
800 388 893 422 διαφο-

98 437 151 473 ράν
166 445 173 452 ·
197 437 236 468 ὡς
269 436 337 472 μηδέ
367 444 429 463 τινα
441 436 496 462 τῶν
510 436 550 466 εἰς
566 436 649 470 ἄκρον
669 435 860 469 ἀναισιυντίας
875 434 892 468 ἢ

96 483 243 514 ἀσθενείας
261 482 384 517 ἡκόντων
397 482 482 516 χωρὶς
492 481 624 516 αἰσχύνης
640 481 656 516 ἢ
672 480 815 512 εὐλαϐεεας
831 489 895 515 μετ-

96 531 221 562 ενεγκεῖν
247 529 294 555 ὲπὶ
321 529 436 564 θάτερον
462 528 480 555 ἂ
501 527 541 563 τῷ
560 529 646 563 ἑτέρῳ
669 527 892 562 διωμολόγηται-

95 577 183 604 πολλά
195 577 224 603 δὲ
237 576 353 612 κρύφιον
366 576 444 611 φέρει
459 575 508 611 τὴν
521 575 679 611 ἑτερότητα.
695 576 733 606 ὡς
747 576 760 601 ὁ
774 576 892 610 μάρτυς,

96 623 135 654 ὡς
149 623 164 649 ὁ
179 622 310 657 ἀθλητὴς,
326 623 365 654 ὡς
378 622 408 648 τὸ
425 622 532 657 λύτρον.
551 622 589 653 ὡς
604 621 635 648 τὺ
651 622 793 657 τρόπαιον,
810 621 848 652 ὼς
863 622 895 648 τὰ

95 667 145 694 τοῦ
160 667 225 702 ᾅδου
247 667 381 702 βασίλεια,
394 667 432 698 ὡς
457 667 541 702 μυρία
561 666 628 693 ἄλλα
645 666 688 700 ἐφ’
702 663 739 693 ὧν
757 667 816 693 ἐστὶ
831 667 896 702 ῥᾷον

95 713 146 739 καὶ
161 713 244 740 αὐτὸν
264 712 396 744 πολλάκις
415 713 525 747 ἀπάτης
544 711 636 738 λαϐεῖν
647 713 697 747 τὴν
713 713 829 748 ἀπορίαν
843 720 896 737 πει-

97 759 276 795 ραδυόμενον,
302 758 319 793 ἢ
337 759 442 794 ἑτέροις
460 757 509 793 τὴν
526 759 634 793 ἀπάτην
658 759 790 793 προάγειν
807 759 837 784 ἐν
858 757 896 792 τῷ

95 806 258 832 λανθάνοντι
273 813 281 819 ·
297 805 339 831 δεῖ
353 805 374 831 δ’
386 803 434 831 οὖν
443 805 475 831 ἐκ
487 803 540 830 τῶν
554 805 765 839 ἐμφανεστάτην
779 804 896 838 ἑχόντων

95 852 147 887 τὴν
167 851 349 887 παραλλαγὴν
364 851 412 878 καὶ
430 851 572 881 παντελῶς
585 851 745 877 ἐπιπόλαιον
760 851 816 876 τῶν
831 858 897 884 προ-

96 899 264 933 τεινομένων
288 898 340 933 τὴν
362 898 495 929 διάλυσιν,
517 897 563 923 τὸν
594 897 695 923 κανόνα
721 895 824 929 λαϐεῖν,
849 897 896 922 καὶ

97 945 265 972 ἀπευθύνειν
287 945 323 980 τῇ
349 945 427 979 κοινῇ
452 944 556 979 μεθόδῳ
569 943 620 970 καὶ
634 943 652 970 ἃ
669 943 771 978 πολλὴν
784 943 833 977 τὴν
849 944 895 976 ὲγ-

98 993 207 1028 γὺτητα
221 992 291 1027 πρὸς
305 991 407 1027 ἄλληλα
421 991 588 1026 κεκτημένα,
602 991 632 1016 τὸ
644 991 694 1024 τῆς
705 991 811 1026 ἀπάτης
830 992 896 1024 σχῆ-

99 1047 140 1073 μα
152 1036 342 1072 πιθανώτερον
353 1036 550 1072 προϐάλληται,
566 1037 614 1062 καὶ
625 1035 710 1067 οὕτως
724 1037 773 1062 ἀπ’
785 1036 897 1062 ἐκείνων

97 1084 149 1119 τὴν
166 1084 258 1119 κρίσιν
290 1083 398 1117 ἀπλανῆ
417 1084 465 1109 καὶ
478 1084 526 1109 ἐπὶ
551 1083 656 1110 τούτων
678 1082 871 1113 συνδιασώζειν
887 1091 895 1098 ’

98 1130 200 1156 αὐτίκα
214 1129 245 1155 τὸ
259 1128 406 1164 πτερύγιον
421 1129 467 1155 τοῦ
484 1128 558 1164 ἱεροῦ
578 1136 586 1144 ν
602 1128 633 1154 τὸ
649 1128 679 1154 δὲ
693 1128 840 1163 πτερύγιον
855 1125 897 1159 οἷς

101 1176 179 1210 μέλει
191 1176 241 1210 τῆς
250 1175 376 1209 ’Δττικῆς
392 1174 527 1209 γλώττης,
545 1175 570 1201 οἱ
590 1174 640 1208 μὲν
649 1173 727 1201 ἀετὸν
740 1193 748 1205 ,
770 1174 795 1199 σι
807 1173 835 1200 δὲ
851 1175 897 1199 καὶ

99 1221 215 1254 ἀέτωμα
240 1220 365 1252 καλοῦσι⁹
389 1221 437 1246 καὶ
459 1220 601 1254 στέγασμα
626 1220 710 1254 φασὶν
729 1217 799 1246 εἶναι
820 1218 898 1245 τοῦτο

99 1267 156 1293 τῶν
174 1266 255 1301 ἱερῶν
268 1266 366 1299 οἴκων,
386 1265 425 1301 τῷ
438 1267 559 1301 σχήματι
586 1265 634 1301 τήν
651 1265 752 1299 πτῆσιν
767 1265 812 1290 τοῦ
828 1264 897 1299 ζῴου

101 1312 283 1348 μιμούμενον,
299 1311 314 1338 ὃ
333 1311 366 1347 δὴ
382 1313 430 1339 καὶ
456 1312 556 1347 πτερὸν
579 1311 645 1338 ἔνιοι
666 1311 795 1337 καλοῦσιν
808 1311 850 1336 ὀἱ
871 1310 898 1336 δὲ

99 1359 287 1385 διαστέλλουσι
310 1359 341 1384 τὸ
361 1359 461 1393 πτερὸν
481 1357 572 1385 καὶτὸ
589 1358 736 1393 πτερύγιον
751 1357 797 1384 τοῦ
817 1356 898 1383 ἀετυῦ

99 1414 132 1431 τε
145 1405 194 1432 καὶ
209 1404 257 1431 τοῦ
270 1405 429 1440 ἀετώματος
442 1413 450 1420 ν
464 1405 532 1439 φασὶ
544 1404 599 1440 γὰρ
609 1402 679 1430 εἶναι
693 1403 722 1430 τὸ
734 1403 899 1438 δηλούμενον

101 1452 150 1478 ὑπ’
172 1451 273 1484 αὐτῶν,
297 1451 328 1477 τὺ
357 1450 410 1486 πρὸ
423 1451 478 1477 τῶν
502 1450 585 1486 ἱερῶν
599 1452 631 1476 ἐκ
656 1450 730 1476 λίθου
746 1449 815 1485 πρὸς
832 1449 899 1484 ὕψος

101 1498 314 1533 ἀνατεινόμενον
332 1498 431 1533 μᾶλλον
442 1497 694 1532 κατεσκευασμένον
709 1496 880 1532 οἰκοδόμημα
890 1503 897 1511 ·
912 1502 936 1533 c

102 1543 175 1579 πλὴν
190 1543 258 1570 ἀλλὰ
269 1543 324 1578 γὰρ
338 1543 365 1569 εἰ
381 1551 423 1574 τις
438 1543 583 1579 προτείνας
594 1543 624 1569 τὸ
639 1542 796 1578 πτερύγιον,
806 1543 901 1576 διερω-

101 1588 161 1624 τῴη
176 1588 291 1623 πότερον
307 1588 448 1622 ὲξήπλωτο
463 1587 501 1622 τῷ
521 1588 582 1623 ἀέρι
598 1588 645 1614 καὶ
661 1588 792 1623 ὑπηρέτει
809 1587 902 1615 κινούι

104 1643 190 1671 μενον
213 1635 254 1670 τῷ
280 1634 370 1670 ὄρνιθι
393 1635 442 1670 τὴν
459 1636 569 1670 πτῆσιν,
591 1635 607 1670 ἦ
627 1634 791 1661 συνέσταλτό
809 1643 839 1661 τε
854 1634 902 1662 καὶ

104 1681 320 1713 συνεπτύσσετο,
337 1680 383 1707 καὶ
401 1682 441 1712 εὶς
456 1681 484 1708 τὸ
504 1681 598 1716 σχῆμα
610 1680 665 1707 τῶν
678 1681 856 1717 ἠρεμούντων
871 1681 902 1707 τὸ

76 1748 81 1751 .
103 1727 209 1763 πτηνὸν
228 1727 364 1762 συνῆγεν,
379 1725 457 1762 οἶμαι
473 1727 505 1754 ἂν
522 1727 582 1753 ἀντὶ
596 1726 642 1753 τοῦ
659 1727 736 1754 λύσιν
754 1728 840 1754 αἰτεῖν
851 1726 902 1761 τῆς

104 1773 237 1807 ἀπορίας,
259 1773 367 1806 γέλωτα
381 1774 534 1808 παρασχεῖν
551 1779 558 1787 ·
575 1773 662 1799 καίτοι
677 1773 703 1807 γ’
717 1772 750 1799 ἂν
766 1773 831 1804 ἴσως
856 1773 902 1799 καὶ

105 1819 365 1854 ἰπινεωτερίσαιτο,
381 1818 418 1850 ὡς
439 1818 568 1853 ὁπότερον
585 1818 616 1844 ἄν
632 1827 673 1850 τις
697 1818 765 1853 δοίη,
783 1819 902 1844 ἀδύνατα

106 1867 196 1901 λέγων
216 1866 412 1901 φωραθήσεται
426 1873 438 1883 ο·
453 1865 514 1891 οὔτε
526 1865 580 1900 γὰρ
593 1865 772 1898 ἐκτεταμένον
790 1864 821 1891 τὸ
838 1873 902 1890 πτε-

108 1914 204 1949 ρύγιον
218 1913 301 1946 ὖγκον
320 1912 446 1947 σώματος
461 1912 508 1938 καὶ
526 1911 608 1946 βάρος
632 1911 772 1938 ἐπιϐαῖνον
795 1911 902 1946 ἀνέχειν

106 1960 230 1990 δύναται,
245 1957 308 1984 οὔτε
323 1958 372 1994 τὴν
392 1957 462 1984 κατὰ
481 1957 613 1993 συστολὴν
625 1957 700 1984 θέσιν
713 1957 773 1992 ἕχον
788 1965 794 1972 ·
812 1956 902 1991 πο).λῴ

108 2007 213 2043 μᾶλλον
225 2007 286 2033 οὐδὲ
298 2006 347 2041 τὴν
359 2006 487 2032 ἐπίϐασιν
499 2006 567 2037 ὅλως
585 2005 758 2041 παραδέχοιτ’
774 2005 807 2032 ἄν
824 2013 830 2020 ·
847 2003 903 2041 ἆρα

107 2055 163 2089 γὰρ
179 2054 203 2080 οἱ
218 2054 253 2080 τὰ
277 2053 390 2080 τοιαῦτα
408 2052 576 2088 προάγοντες
587 2052 647 2079 ἀντὶ
658 2051 705 2078 τοῦ
721 2052 849 2085 συνάγειν
862 2052 903 2083 εἰς

106 2099 227 2134 ἀπορίαν
256 2097 376 2133 ἑτέρους,
405 2098 435 2124 οὺ
462 2097 529 2123 πολὺ
558 2097 691 2132 πρότερον
719 2097 832 2128 ἑαυτοὺς
863 2098 902 2128 εἰς

108 2145 210 2181 χλεύην
218 2144 389 2178 ἀπάγουσινς
406 2143 481 2178 Ἐρεϊ
494 2144 558 2178 γὰρ,
571 2141 659 2178 οἶμαι,
673 2143 772 2179 ῥᾳδίως
784 2143 831 2170 καὶ
849 2143 902 2169 τῶν
920 2149 941 2176 ι)

108 2190 348 2225 ἐπιτυγχανόντων
359 2189 485 2221 ἕκαστος,
496 2189 544 2222 ὡς,
555 2187 590 2215 Ὦ
599 2190 745 2225 βέλτιστοι,
753 2189 839 2217 ταῦτά
850 2198 902 2216 που

108 2236 144 2261 τὰ
156 2235 256 2270 δριμέα
273 2235 466 2270 διαπορήματα
481 2234 526 2261 ἐπὶ
544 2235 595 2269 μὲν
604 2234 652 2261 τοῦ
664 2235 758 2270 ἑτέρου
772 2243 903 2270 σημαινο-

111 2282 195 2316 μένου
205 2281 324 2316 ἀπορίαν
338 2281 528 2317 ὲμποιήσειεν,
543 2280 662 2308 ἐνταῦθα
674 2281 701 2308 δὲ
715 2281 761 2308 καὶ
775 2282 829 2308 οὐδ’
843 2281 903 2307 ἓτε-

111 2336 159 2363 ρον
184 2327 291 2353 ἔνεστιν
316 2327 414 2358 εἰπεῖν,
432 2327 480 2353 καὶ
493 2326 606 2362 οὐδεμία
625 2327 752 2361 φαίνεται
768 2327 904 2362 πρόφασις

110 2373 231 2408 ἀπορίας
252 2373 448 2399 ἀνακύπτουσα
463 2381 470 2387 ·
485 2372 540 2399 ἀπὸ
554 2372 620 2407 γοῦν
634 2372 689 2399 τῶν
703 2371 774 2399 οὓτω
791 2381 906 2408 περιφα-

111 2419 246 2454 νεστάτην
269 2419 319 2454 τὴν
333 2419 466 2454 διαφορὰν
481 2419 609 2454 ἐχόντων,
635 2418 830 2454 εὐχερέστερον
846 2420 904 2445 ἐστι

112 2465 159 2492 καὶ
173 2464 249 2491 οὐδὲν
266 2465 394 2500 ἐργῶδες,
411 2466 459 2492 καὶ
474 2465 520 2491 ἐπὶ
531 2465 586 2492 τῶν
600 2465 828 2501 ὲγκεκρυμμένην
838 2465 905 2492 ταύσ

111 2517 163 2544 την
177 2510 326 2543 φερόντων,
341 2509 380 2545 τῷ
390 2510 472 2545 κοινῷ
487 2510 646 2545 χρωμένους
659 2510 761 2544 κανόνι,
774 2511 823 2542 τὰς
838 2511 906 2537 ἀπο-

116 2554 174 2590 ρίας
194 2555 235 2586 εἰς
248 2554 378 2590 εὐπορίαν
399 2555 588 2590 μεταὸάλλειν.

149 2600 183 2627 θ’.
201 2600 340 2635 Τρόπαιόν
352 2601 426 2628 ἐστιν
439 2602 454 2627 ὁ
470 2602 586 2637 σταυρὸς
593 2602 641 2629 τοῦ
652 2601 770 2637 Χριστοῦ
782 2600 906 2629 κατάτοῢ

115 2644 241 2671 διαϐόλου
253 2646 398 2680 ἱστάμενον
410 2654 416 2662 '
435 2647 482 2673 καὶ
495 2647 635 2683 τροπαίων
647 2647 678 2673 τὸ
699 2647 905 2683 λαμπρότατον,

116 2692 182 2718 ὅπου
199 2699 233 2726 γε
249 2691 298 2718 καὶ
311 2692 393 2724 αὐτὸς
406 2693 420 2720 ὁ
434 2693 519 2725 τύπος
540 2693 621 2720 αὑτοῦ
641 2693 681 2728 τῷ
696 2693 757 2729 ἀέρι
773 2694 908 2729 χαρασσό-

910 830 933 859 Β

118 2745 208 2771 μενος,
227 2739 320 2765 πᾶσαν
335 2739 411 2775 αὐτῷ
428 2739 635 2775 συμφυγαδεύει
648 2740 696 2775 τὴν
712 2740 827 2775 δύναμιν
837 2748 843 2755 ·
862 2740 908 2766 καὶ

115 2783 233 2819 οὐδήπου
246 2785 333 2811 δεῖται
347 2785 499 2822 βαθυτέρας
518 2786 668 2822 περινοίας,
681 2786 708 2813 ετ
724 2795 766 2818 τις
780 2787 819 2818 εἰς
839 2787 908 2813 ἀπο-

156 2843 167 2858 ²
185 2843 284 2871 Matth.
303 2851 339 2876 iv,
355 2843 382 2871 ὗ.

596 106 646 136 AD
662 101 959 136 AMPHILOCIIIUM
976 102 1147 141 QU/ESTIO
1166 106 1268 137 XXIV.

942 158 1002 186 alia:
1015 164 1145 194 prmterea
1166 161 1315 188 innumera:
1340 161 1501 189 differentizc
1524 168 1598 190 sunt.
1631 162 1733 197 Quidni

942 200 1036 240 itaque
1049 206 1084 233 sit
1101 207 1248 233 absurdum
1259 228 1267 240 ,
1286 207 1312 234 in
1329 211 1446 244 utraque.
1465 216 1494 236 re
1510 209 1660 245 significata
1676 219 1738 238 eas-

943 251 1003 278 dem
1024 251 1251 280 circumstantias
1268 254 1434 288 exquirere?
1460 259 1487 282 et
1510 263 1571 290 qum
1596 256 1644 283 uni
1669 263 1738 284 con-

943 303 1055 333 gruunt,
1072 299 1183 326 easdem
1200 299 1233 326 ad
1248 300 1360 327 alteram
1374 301 1399 328 vi
1414 302 1595 336 pertrahere?

978 343 1005 371 8.
1023 343 1104 371 Multa
1123 345 1206 379 igitur
1225 353 1258 372 ex
1289 345 1322 372 iis
1342 346 1510 379 nominibus,
1537 355 1599 382 qua:
1622 347 1738 374 diversis

943 390 1026 418 rebus
1046 391 1243 426 imponuntur,
1275 391 1529 420 manifestissimam
1556 393 1738 420 differentiam

943 437 1046 464 habent
1062 446 1068 464 :
1086 445 1172 472 quare
1196 446 1248 466 nec
1261 438 1308 466 ulli
1326 439 1449 466 homines
1472 446 1628 474 quanquam
1649 440 1741 475 appri-

944 491 987 511 me
1001 484 1173 518 impudentes
1186 485 1228 512 vel
1240 485 1349 520 ingenio
1365 485 1504 513 imbecillo
1532 486 1648 520 prmditi,
1680 486 1740 514 siun

944 531 1047 564 pudore
1060 534 1108 556 aut
1124 534 1198 557 metu
1214 529 1361 558 transferre
1379 531 1467 558 solent
1490 531 1523 558 ad
1549 539 1604 558 rem
1625 532 1739 559 alteram

944 575 1018 610 quod
1033 575 1146 603 alterius
1161 576 1302 611 proprium
1317 580 1370 604 est.
1386 576 1464 603 Multa
1482 581 1573 604 tamen
1586 577 1741 605 subobscu-

945 628 1004 648 ram
1018 621 1204 649 diversitatem
1221 622 1373 653 continent,
1390 627 1419 648 ut
1435 622 1524 652 testis.
1542 621 1572 649 ut
1586 623 1697 656 athleta,
1712 629 1741 650 ut

945 666 1075 700 redimite,
1092 671 1121 694 ut
1133 672 1277 702 troptcum.
1292 673 1322 694 ut
1339 667 1490 695 inferorum
1508 677 1634 704 regnum,
1648 670 1741 697 utalia

946 713 1065 748 plurima
1086 723 1093 741 :
1116 714 1142 741 in
1160 714 1261 749 quibus
1284 714 1391 742 facilius
1419 718 1462 742 est
1490 716 1578 750 ipsum
1610 716 1666 743 falli
1695 717 1742 751 qui

947 761 1124 794 quaestionem
1142 761 1321 795 ingredietur,
1345 768 1428 795 quam
1450 761 1512 788 aliis
1537 760 1629 788 fucum
1653 761 1744 789 facere

948 807 975 833 in
999 814 1029 834 re
1050 807 1162 834 latente.
1187 805 1300 841 Oportet
1326 807 1418 841 itaque
1443 814 1476 834 ex
1506 806 1539 834 iis
1568 815 1628 842 qua:
1656 807 1743 833 mani-

948 852 1124 880 festissimam
1139 852 1395 880 transmutationem
1411 852 1521 884 habent,
1533 857 1614 888 atque
1632 853 1744 880 omnino

947 899 1040 926 tritam
1060 899 1287 926 contradictionis
1319 907 1376 926 sua‘
1407 898 1584 931 solutionem,
1618 906 1743 925 normam

947 952 1056 972 sumere
1072 953 1080 972 :
1097 950 1179 980 atque
1189 946 1223 972 ad
1240 953 1415 972 communem
1433 945 1594 972 methodum
1613 945 1657 972 illa
1676 953 1744 980 quo-

947 999 1000 1026 que
1015 991 1136 1025 exigere,
1165 1000 1226 1026 qua:
1252 992 1315 1027 quia
1346 992 1425 1019 valde
1451 992 1567 1018 invicem
1590 992 1742 1026 propinqua

947 1040 1022 1069 sunt,
1042 1037 1146 1064 erroris
1168 1038 1288 1072 speciem
1318 1038 1501 1065 credibilioris
1534 1038 1709 1072 suppeditant
1735 1047 1741 1064 ι

947 1087 1030 1116 atque
1045 1082 1082 1109 ita
1094 1089 1127 1109 ex
1143 1082 1187 1109 his
1198 1088 1304 1110 eertum
1319 1082 1455 1118 judicium
1480 1083 1514 1109 de
1542 1082 1602 1110 aliis
1636 1090 1745 1118 quoque

948 1126 1048 1154 facere.
1078 1127 1210 1162 Exemplo
1234 1128 1270 1155 sit
1287 1132 1435 1164 πτερύγιον
1452 1127 1658 1163 (pinnaculum)
1676 1133 1745 1154 tem-

948 1174 1011 1208 plis.
1023 1174 1176 1208 Πτερὺγιον
1186 1173 1283 1201 Attica:
1295 1175 1395 1209 lingum
1411 1174 1538 1206 studiosi,
1552 1173 1597 1200 alii
1613 1173 1743 1208 aquilam,

949 1218 994 1244 alii
1009 1218 1150 1253 fastigium
1178 1218 1288 1254 (aquila:
1311 1220 1395 1254 figura
1419 1219 1573 1254 prmtlitum)
1598 1225 1679 1254 atque
1705 1224 1744 1246 te-

948 1269 1023 1292 ctum
1040 1273 1101 1292 esse
1115 1266 1193 1292 aiunt
1209 1273 1350 1292 sacrorum
1365 1265 1553 1297 :cdiliciorum,
1565 1266 1644 1299 cujus
1659 1266 1746 1302 figura

949 1311 1084 1338 volantem
1104 1319 1182 1338 avem
1203 1311 1326 1338 imitatur
1356 1318 1364 1338 :
1393 1319 1474 1346 quam
1505 1311 1611 1339 aedilicii
1639 1316 1746 1348 partem

950 1358 1072 1385 nonnulli
1090 1354 1174 1385 etiam
1190 1358 1302 1393 pinnam
1321 1358 1471 1393 appellant.
1497 1359 1549 1385 Alii
1573 1358 1747 1393 distinguunt

950 1403 1060 1438 pinnam
1073 1407 1101 1430 et
1112 1403 1291 1438 pinnaculum
1307 1403 1331 1419 ’⁸
1349 1404 1406 1431 sive
1432 1404 1530 1439 aquila:
1554 1404 1611 1431 sive
1633 1404 1745 1438 fastigii.

950 1449 1116 1476 Aiuntcnim
1133 1450 1176 1478 his
1189 1449 1337 1485 signiﬁcari
1352 1454 1458 1485 partem
1477 1450 1551 1477 illam
1577 1450 1683 1477 tndificii
1707 1451 1747 1477 la-

952 1497 1071 1532 pideam,
1094 1497 1229 1532 altiusque
1251 1497 1362 1531 elatam,
1391 1505 1453 1533 qua:
1473 1504 1614 1524 sacrarum
1647 1498 1747 1524 aedium

955 1541 1030 1568 frons
1044 1547 1096 1569 cst.
1116 1541 1144 1568 Si
1160 1542 1222 1576 quis
1237 1547 1328 1569 tamen
1347 1542 1457 1576 pinnam
1490 1549 1538 1569 seu
1566 1541 1745 1576 pinnaculum

954 1587 1106 1620 inculcans,
1123 1592 1231 1623 rogaret
1245 1592 1335 1615 utrum
1355 1588 1382 1616 id
1401 1588 1600 1623 expanderctur
1624 1588 1651 1616 in
1668 1595 1742 1617 aere.

954 1639 1177 1667 commotumque
1191 1634 1250 1662 uvis
1269 1634 1374 1661 volatni
1390 1634 1510 1661 faveret?
1529 1643 1562 1661 an
1578 1635 1670 1670 potius
1680 1642 1746 1662 con-

954 1681 1112 1708 traheretur
1126 1686 1208 1716 atque
1219 1681 1441 1715 complicaretur,
1465 1681 1578 1716 arisque
1601 1680 1748 1715 quiescen-

954 1726 989 1755 tis
1003 1727 1122 1762 speciem
1138 1726 1296 1755 exhiberet?
1311 1727 1393 1754 credo
1413 1727 1538 1762 equidem
1553 1727 1702 1754 excitatum
1715 1727 1746 1754 iri

955 1773 1044 1807 potius
1055 1773 1089 1800 ab
1105 1773 1158 1800 hoc
1183 1773 1283 1804 risum,
1311 1780 1394 1808 quam
1423 1777 1547 1800 curatum
1577 1776 1607 1800 ut
1631 1772 1748 1807 quaestio

955 1819 1087 1847 solvatur.
1103 1817 1231 1847 Fortasse
1244 1819 1326 1846 etiam
1346 1826 1417 1846 novo
1432 1819 1486 1846 alio
1506 1824 1667 1853 argumento
1688 1824 1747 1846 nte-

957 1869 1010 1896 tur,
1029 1873 1126 1900 nempe
1142 1865 1213 1900 quod
1229 1865 1391 1892 alterutrum
1408 1865 1469 1900 quis
1482 1864 1622 1898 concedat,
1643 1864 1746 1900 impos-

955 1910 1045 1938 sibilia
1059 1910 1149 1938 dicere
1164 1909 1396 1945 deprehendetur.
1422 1908 1491 1936 Nam
1515 1916 1608 1944 .nequc
1633 1915 1745 1937 extensa

954 1955 1038 1991 pinna
1064 1956 1224 1990 gravitatem
1252 1955 1376 1990 corporis
1402 1954 1563 1990 pondusque
1589 1955 1745 1989 impositum

954 2002 1092 2029 sustinere
1102 2007 1201 2037 potest,
1220 2002 1388 2037 nequeitem
1414 2009 1476 2028 cum
1505 2005 1547 2028 est
1573 2001 1745 2035 complicata.

954 2048 1021 2075 Illud
1035 2055 1099 2075 vero
1116 2048 1292 2083 prtecipuum,
1309 2047 1382 2082 quod
1396 2055 1541 2074 ascensum
1554 2047 1582 2074 in
1605 2054 1667 2075 aera
1684 2056 1739 2074 non

955 2095 1068 2130 patitur.
1085 2093 1182 2122 Nonne
1192 2094 1239 2129 qui
1256 2094 1319 2121 talia
1333 2094 1358 2120 in
1371 2093 1491 2120 medium
1515 2094 1617 2126 ferunt,
1643 2094 1743 2121 nedum

956 2141 1018 2168 aliis
1033 2140 1220 2168 dubitationes
1239 2140 1311 2167 haud
1326 2143 1430 2172 creant,
1445 2140 1491 2167 sed
1506 2139 1593 2174 ipsos,
1613 2148 1642 2167 se
1659 2141 1745 2166 multo

955 2187 1038 2215 citius
1053 2187 1171 2214 ludibrio
1187 2186 1341 2221 objiciunt?
1363 2186 1498 2214 Existimo
1520 2186 1593 2214 cnim
1620 2186 1745 2222 quemvis

956 2233 1035 2261 facile
1050 2233 1090 2260 sic
1106 2233 1244 2260 dicturum
1261 2241 1268 2259 :
1289 2232 1311 2259 0
1326 2232 1401 2264 honi,
1418 2232 1459 2259 hre
1476 2237 1612 2267 peracutze
1635 2232 1744 2259 duhita-

955 2279 1044 2307 tiones
1068 2287 1130 2307 cum
1163 2279 1223 2306 aliis
1242 2277 1360 2306 fortasse
1387 2278 1585 2313 significantibus
1617 2279 1746 2313 quzestio-

956 2334 1018 2354 nem
1034 2325 1207 2358 conﬂabunt;
1226 2325 1271 2353 hie
1293 2329 1384 2352 tamen
1406 2329 1532 2351 neutrum
1561 2323 1615 2350 dici
1645 2327 1744 2358 potest,

956 2373 1086 2408 nullaque
1099 2380 1165 2400 ansa
1181 2371 1322 2399 dubitandi
1345 2371 1409 2398 hinc
1423 2370 1541 2398 exsistit.
1563 2369 1603 2396 Ex
1627 2370 1668 2397 his
1693 2369 1744 2404 igi-

957 2424 1012 2452 tur,
1024 2427 1086 2454 qua:
1099 2423 1153 2445 tam
1169 2417 1338 2452 exploratam
1357 2415 1538 2443 dili'erentiam
1557 2415 1669 2446 habent,
1703 2415 1745 2441 la-

957 2466 1038 2493 cilius
1055 2469 1098 2492 est
1111 2464 1268 2499 nulliusque
1280 2463 1394 2495 laboris,
1412 2469 1507 2489 eorum
1522 2462 1616 2492 etiam,
1627 2468 1746 2495 quorum

957 2511 1110 2539 dilferentia
1118 2510 1271 2538 abstrusior
1282 2513 1334 2541 est,
1346 2507 1484 2536 communi
1502 2507 1595 2542 regula
1609 2507 1742 2537 adhibita.

958 2557 1163 2593 perplexitatem
1175 2555 1325 2591 perducere
1340 2554 1373 2581 ad
1388 2552 1533 2587 liquidum.

993 2604 1020 2633 9.
1035 2603 1180 2636 Tropzcum
1204 2606 1246 2629 est
1265 2605 1359 2628 contra
1385 2599 1525 2626 diabolum
1552 2598 1654 2626 Christi
1677 2607 1744 2626 crux

957 2650 1124 2682 excitatum;
1140 2653 1166 2676 ct
1177 2648 1286 2683 quidem
1297 2646 1560 2682 splendidissimum,
1574 2645 1746 2680 quandoqui-

958 2698 1020 2725 dem
1037 2695 1079 2724 vel
1090 2696 1150 2731 ejus
1167 2699 1247 2730 typus
1266 2693 1293 2720 in
1319 2700 1382 2720 aere
1405 2693 1568 2727 impressum
1598 2690 1747 2727 quamlibet

959 2752 1021 2771 cum
1053 2743 1099 2770 illo
1123 2744 1282 2777 potestatem
1313 2738 1398 2774 fugat.
1422 2737 1514 2774 Neque
1536 2743 1625 2766 tamen
1650 2737 1748 2765 altmre

959 2788 1118 2818 certandum
1134 2792 1175 2814 est.
1190 2786 1328 2820 acumine,
1344 2785 1366 2813 si
1381 2785 1441 2820 quis
1457 2784 1526 2812 forte
1551 2783 1584 2812 de
1604 2783 1656 2811 hoc
1667 2790 1748 2810 voca“
