1882 3075
700 59 713 67 κ

147 101 198 134 18⁵1

723 101 858 132 ΡΗΟΤΙῙ
873 101 1131 133 PATRIARCH/E
1144 103 1199 134 (ΣΡ.

1726 108 1778 143 188

144 149 210 188 'nulo
225 159 405 195 quzestionem
417 158 538 193 aliquam
553 158 726 186 coullandam
749 160 895 194 susceperit

987 158 1048 194 ρίαν
1081 159 1229 186 διαπλάσαι
1250 160 1281 187 τὸ
1306 161 1382 196 ῥῆμα
1406 162 1567 197 προέλοιτο·
1584 162 1617 195 ἐκ
1644 165 1699 200 γὰρ
1723 167 1778 192 τῶν

145 212 262 240 namque
274 212 289 232 e
302 204 427 239 superius
442 203 524 231 dictis
541 204 706 231 solutionem
729 203 934 238 deprehendere

145 251 274 286 perfacile
289 255 340 278 est.
369 250 398 277 Si
423 258 503 282 crux.
528 250 627 285 inquit,
657 249 773 284 aliquis,
801 254 932 285 tropzeum

144 302 196 329 est.
211 297 273 333 quis
287 297 315 324 id
332 296 437 323 erexit?
452 303 514 323 nam
544 295 567 323 si
599 295 658 330 ipse
679 295 778 329 victor,
795 304 848 324 cur
877 297 932 331 iam

144 348 245 369 temere
266 341 381 370 Judaico
398 341 497 376 populo
519 341 621 368 Christi
647 342 735 368 caedes
765 342 933 377 imputatur?

142 388 219 421 Quod
232 387 254 415 si
270 387 335 415 illud
353 387 440 415 Judaei
453 391 608 414 statuerunt
624 387 709 422 (quod
737 396 832 423 reapse
855 394 931 416 extra

141 435 226 462 aleam
241 434 425 462 contentionis
440 433 491 467 est)
504 441 623 468 quonam
641 438 719 468 pacto
731 433 858 461 Christus
865 442 932 462 cou-

141 486 182 508 tra
199 481 336 508 diabolum
352 480 529 507 constituisse
554 484 686 514 tropaeum
710 480 833 507 dicitur?
863 480 930 507 Item

140 527 163 554 si
178 527 239 561 quis
265 527 299 553 de
322 533 405 560 regno
431 525 581 553 inferorum
612 533 766 553 sermonem
792 526 930 560 injiciens,

140 576 235 606 pergat
249 579 330 606 porro
340 571 432 598 dicere
453 580 460 598 :
478 572 501 598 si
513 577 554 599 est
567 571 719 599 inferorum
733 580 860 607 regnum,
871 574 931 600 sitte

138 618 224 645 dubio
242 617 402 652 intelligitur
416 625 527 652 quoque
549 625 607 645 rex.
621 618 655 645 Et
667 618 778 653 quidem
803 619 841 646 ait
857 619 930 646 Pau—

139 664 182 691 lus
196 664 219 679 "
237 664 361 690 veritatis
376 671 476 698 praeco,
495 664 652 699 regnavisse
666 670 781 692 mortem
799 665 834 692 ab
855 666 929 693 Ada-

139 718 183 737 mo
199 710 232 738 ad
249 709 364 742 Mosem,
382 718 436 737 non
451 710 478 737 in
491 718 539 737 cos
553 711 642 737 solum
657 719 774 746 quorum
787 718 928 747 peccatum

138 755 289 783 secundum
317 754 414 782 Adami
445 755 653 783 similitudinem
683 761 752 789 erat,
778 765 875 785 verum
900 759 928 785 in

137 806 186 826 eos
201 807 310 834 quoque
323 800 370 834 qui
385 799 446 834 ejus
462 800 587 834 exemplo
605 807 797 835 peccaverunt.
814 801 891 835 Quod
904 803 927 830 si

138 853 185 872 rex
202 850 254 877 est,
272 846 327 881 regi
343 851 434 874 autem
458 846 516 881 lege
546 851 573 874 et
598 847 774 875 subditorum
799 849 929 883 suffragio

136 888 256 923 dignitas
277 890 452 922 attribuitur;
481 890 526 918 cui
558 891 618 919 hac
651 892 771 928 dignitas
796 895 927 929 suppetit,

136 935 273 969 quomodo
287 940 503 963 consentaneum
521 936 567 969 sit,
580 944 642 964 eum
659 938 772 966 honoris
788 939 849 967 loco
864 947 928 975 per-

136 980 189 1014 peti
207 979 272 1015 justi
291 981 415 1008 muneris
428 981 649 1009 abdicationem?
663 982 731 1010 Nam
750 988 867 1020 utraque
889 985 928 1012 lo-

135 1026 219 1057 cutio,
232 1030 259 1053 et
278 1026 387 1060 quidem
402 1034 434 1053 ex
448 1018 544 1054 eodem
563 1028 679 1056 fortasse
699 1027 783 1062 fonte,
797 1018 853 1058 rein
867 1035 927 1059 stu-

136 1071 212 1099 diose
233 1073 409 1107 pensantibus
431 1077 459 1100 et
480 1073 679 1101 dubitationem
713 1076 869 1111 suppeditat
901 1081 928 1105 et

135 1118 365 1153 explanationem.
383 1118 524 1154 Prweipue
540 1127 603 1147 vero
622 1128 656 1147 ex
674 1126 736 1148 ante
761 1121 843 1149 dictis
863 1130 927 1157 pro-

137 1174 169 1193 na
190 1166 333 1201 responsio
353 1171 454 1193 manat.
472 1165 522 1193 Est
546 1166 619 1194 enim
645 1167 712 1194 satis
743 1167 926 1202 exploratum,

134 1213 230 1247 tropaei
251 1213 361 1240 nomine
376 1213 430 1240 dici
445 1220 566 1245 crucem,
585 1221 599 1239 ει
615 1218 718 1248 trome
742 1214 840 1242 bellico
861 1222 928 1242 voce

135 1259 266 1286 translata
287 1267 293 1285 ε
312 1259 448 1294 siquidem
473 1259 602 1286 Christus
630 1259 761 1294 przeelare
777 1260 882 1287 hostem
900 1261 926 1287 vi

132 1305 242 1340 propria
263 1305 419 1340 superavit;
434 1312 488 1332 non
511 1310 601 1332 autem
629 1305 702 1340 quod
735 1305 792 1341 ipse
816 1313 925 1333 crucem

132 1351 330 1378 constituerit:
355 1351 426 1378 hanc
449 1351 522 1378 enim
552 1351 686 1385 sacrilega
715 1359 783 1386 gens
817 1351 925 1385 defixit;

134 1404 220 1431 neque
235 1396 272 1423 uti
289 1401 420 1430 tropmum
438 1396 471 1423 de
487 1396 575 1428 hoste,
591 1404 684 1423 verum
711 1401 742 1423 ut
770 1396 926 1424 cemmunis

133 1443 289 1471 Servatoris
303 1443 479 1478 supplicium.
489 1442 543 1470 Sed
557 1447 645 1469 tamen
658 1442 703 1470 ille
715 1442 819 1469 malitia
829 1450 925 1469 eorum

985 206 1206 241 προειρημένων,
1220 207 1410 243 εὐφωρότατον
1422 208 1478 244 ἔχει
1490 209 1539 244 τὴν
1552 209 1689 245 διάκρισιν
1703 220 1709 224 ·
1720 209 1778 239 οἷον

984 251 1009 277 ει
1032 251 1164 285 τρόπαιον
1190 253 1351 289 δισταυρδς,
1371 254 1414 286 τίς
1437 255 1451 281 ό
1464 256 1567 290 στήσας
1583 256 1614 283 τὸ
1628 256 1776 292 τρόπαιον;

984 298 1008 323 εἰ
1025 297 1075 331 μὲν
1087 299 1101 324 ό
1118 298 1242 333 νικήσας,
1260 299 1286 326 τί
1316 300 1403 334 μάτην
1429 301 1459 327 τὸ
1482 301 1616 329 Ἰουδαίων
1635 303 1711 335 ἔθνος
1736 305 1777 336 είς

984 344 1190 378 χριστοκτονίαν
1213 345 1406 379 διαϐάλλεταις
1425 348 1448 373 εί
1472 347 1494 373 δ’
1508 348 1586 375 αὐτοὶ
1608 349 1702 376 τοῦτον
1726 351 1776 376 tn:-

984 389 1083 423 ήξαντο
1096 397 1102 404 '
1118 390 1180 416 οὐδὲ
1192 390 1247 426 γάρ
1258 391 1501 428 ἀμφισϐητήσιμον
1512 393 1591 420 τοῦτο
1599 403 1605 408 ·
1620 395 1678 426 πῶς
1687 397 1701 422 ό
1711 396 1776 431 Χρι-

984 435 1046 466 στὺς
1072 437 1143 463 κατὰ
1160 437 1208 463 τοῦ
1227 437 1352 465 διαϐόλου
1373 439 1504 474 τρόπαιον
1527 440 1625 475 στῆσαι
1645 441 1772 476 λέγεταις

989 481 1126 513 Ὡσαύτως
1143 483 1170 509 δὲ
1188 483 1234 510 καὶ
1245 485 1271 510 εί
1284 493 1327 516 τις
1348 484 1437 512 λαϐὼν
1463 486 1501 521 τῷ
1515 486 1587 522 λόγῳ
1601 487 1634 514 τὰ
1649 487 1695 514 τοῦ
1709 489 1773 524 ᾅδου

982 527 1132 562 βασιλείας,
1145 529 1266 563 δηλονότι
1281 530 1327 556 τὸν
1344 530 1458 566 βασιλέα
1475 533 1668 566 συνεπάγεται.
1692 534 1773 568 Λέγει

981 573 1010 600 δέ
1024 583 1076 600 που
1094 575 1141 602 καὶ
1152 575 1257 607 Παῦλος
1272 577 1286 602 ό
1297 576 1347 612 τῆς
1361 577 1491 612 ἀληθείας
1511 578 1616 614 κῆρυξ,
1632 579 1670 611 ὡς
1681 580 1774 607 ἐϐασί-

982 619 1078 647 λευσεν
1093 621 1108 647 ὁ
1133 621 1247 654 θανάτος
1274 623 1327 649 ἀπὸ
1351 623 1438 658 Ἀδὰμ
1466 624 1546 659 μέχρι
1567 625 1717 658 Μωῡσέως,
1741 627 1772 653 οὐ

983 667 1064 701 μόνον
1079 664 1116 693 ὧν
1129 665 1163 704 ἦν
1178 668 1209 694 τὸ
1220 669 1372 704 ἁμάρτημα
1380 669 1441 696 καθ’
1451 670 1599 705 ὁμοιότητα
1610 671 1655 697 τοῦ
1674 671 1771 707 Ἀδὰμ,

981 712 1051 739 ἀλλὰ
1062 713 1110 739 καὶ
1127 713 1174 740 ἐπὶ
1187 715 1250 746 τοὺς
1273 714 1333 741 κατ’
1347 715 1458 750 ἐκείνην
1478 716 1528 750 τὴν
1547 717 1665 752 μίμησιν
1679 718 1771 753 ἀμαρ-

979 760 1134 794 τήσαντας”
1149 761 1173 786 εί
1195 761 1224 787 δὲ
1240 761 1377 796 βασιλεὺς,
1397 762 1437 797 τῷ
1464 762 1491 788 δὲ
1512 762 1617 797 βασιλεί
1643 764 1726 798 νόμος
1741 774 1771 790 τε

979 805 1011 831 τὺ
1028 805 1138 841 ἀξίωμα
1153 807 1228 842 καὶὴ
1249 807 1304 834 τῶν
1321 807 1451 843 ὑπηκόων
1472 809 1656 844 ἐγχειρίζεται
1669 810 1770 845 ψῆφος,

979 848 1001 885 ᾧ
1015 852 1045 878 δὲ
1056 852 1142 878 ταῦτα
1163 853 1296 888 περίεστι,
1316 854 1375 886 πῶς
1388 854 1421 881 ἂν
1437 855 1477 890 εἴη
1497 854 1575 889 λόγον
1586 856 1648 891 ἕχον
1664 856 1716 891 τῆς
1729 857 1771 883 ὅτι

979 898 1092 930 δικαίως
1105 898 1246 926 ἐϐασίλευε
1268 901 1362 935 τιμῆς,
1381 901 1444 927 ἀντὶ
1458 900 1506 928 τοῦ
1522 902 1609 936 γέρας
1624 902 1771 937 προσλαμ-

980 943 1081 975 ϐάνειν,
1097 944 1210 979 ὑπέχειν
1223 945 1272 981 τὴν
1284 946 1411 981 στέρησιν
1423 955 1431 980 ;
1445 947 1492 973 καὶ
1503 946 1558 982 γὰρ
1569 948 1700 983 ἑκάτερον
1714 949 1770 975 τῶν

979 991 1145 1026 εἰρημένων,
1164 992 1228 1024 ἴσως
1241 992 1292 1027 μὲν
1314 993 1362 1019 καὶ
1385 993 1508 1024 αὐτόθεν,
1521 994 1570 1029 τὴν
1582 994 1699 1029 ἀπορίαν
1712 996 1770 1026 τοῖς

979 1037 1174 1072 ἀκριϐέστερον
1190 1037 1291 1072 ὁρῶσιν
1306 1038 1383 1065 οὐδὲν
1396 1036 1506 1074 ἧττονῆ
1527 1039 1577 1074 τὴν
1602 1039 1678 1067 λύσιν
1703 1048 1773 1075 προ.

979 1082 1107 1109 ϐάλλεται
1117 1091 1124 1099 ·
1142 1083 1260 1117 μάλιστα
1272 1085 1301 1111 δὲ
1315 1086 1348 1111 ὲκ
1359 1085 1413 1111 τῶν
1436 1086 1655 1120 προειρημένων,
1673 1086 1770 1122 ῥᾳδίαν

978 1128 1087 1156 ἕλκουσι
1100 1129 1149 1165 τὴν
1164 1131 1317 1166 ἀπάντησιν
1327 1141 1334 1148 ·
1348 1132 1396 1158 καὶ
1418 1132 1472 1169 γὰρ
1493 1132 1620 1167 ἐπίδηλον
1637 1133 1769 1169 τρόπαιον

979 1174 1029 1209 μὲν
1043 1175 1171 1209 λέγεσθαι
1189 1177 1235 1203 τὸν
1253 1177 1380 1213 σταυρὸν,
1394 1178 1450 1205 ἀπὸ
1463 1179 1511 1205 τοῦ
1526 1179 1598 1206 κατὰ
1611 1179 1675 1210 τοὺς
1686 1179 1769 1205 πολέ-

979 1227 1048 1255 μους
1062 1221 1195 1256 τροπαίου
1219 1222 1269 1257 τῆς
1294 1224 1388 1257 φωνῆς
1407 1224 1633 1260 μετενεχθείσης·
1647 1224 1709 1250 ἐπεί
1735 1232 1768 1258 γε

977 1265 1113 1301 λαμπρῶς
1128 1267 1252 1294 καθεῖλεν
1267 1269 1281 1294 ό
1297 1269 1415 1304 Χριστὸς
1440 1269 1475 1296 δι’
1489 1270 1572 1296 αὐτοῦ
1590 1270 1635 1297 τὸν
1650 1271 1748 1306 ἐχθρόν
1759 1278 1767 1285 ο

977 1312 1007 1338 οὺ
1026 1312 1093 1339 διότι
1108 1312 1137 1339 δὲ
1153 1314 1198 1340 τὸν
1221 1315 1338 1350 σταυρὸν
1365 1315 1499 1351 ἔστησεν·
1514 1317 1574 1343 οὐδὲ
1605 1317 1660 1351 γὰρ
1686 1317 1770 1349 αὐτὸς

978 1358 1103 1394 ἔστησεν,
1116 1359 1237 1395 ἐπήξατο
1254 1360 1304 1394 μὲν
1318 1360 1374 1395 γὰρ
1387 1361 1469 1388 αὐτὸν
1488 1362 1519 1388 τὸ
1535 1361 1670 1397 θεομάχον
1681 1363 1768 1395 ἔθνος,

977 1404 1027 1440 οὐχ
1044 1405 1082 1436 ὡς
1101 1406 1234 1441 τρόπαιον
1247 1407 1274 1433 δὲ
1295 1407 1365 1434 κατὰ
1381 1407 1429 1434 τοῦ
1450 1408 1562 1444 ἐχθροῦ,
1579 1409 1636 1435 ἀλλ’
1653 1410 1692 1441 ὡς
1719 1409 1769 1436 τοῦ

977 1450 1067 1477 κοινοῦ
1081 1452 1208 1486 Σωτῆρος
1230 1453 1422 1489 κολαστήριον·
1440 1455 1454 1481 ὀ
1468 1454 1496 1480 δὲ
1515 1454 1566 1489 τὴν
1585 1455 1698 1483 ἐκείνων
1718 1465 1770 1483 κα-

133 1489 160 1515 in
178 1489 318 1516 victoriam
337 1489 369 1515 de
385 1488 464 1515 hoste
488 1495 578 1520 versa,
600 1495 690 1522 cruce.
705 1491 837 1522 tauquam
868 1492 894 1515 tr

987 1498 1111 1533 ιουργίαν
1122 1500 1162 1530 είς
1174 1499 1222 1534 τὴν
1231 1499 1300 1526 κατὰ
1308 1488 1356 1526 τοῧ
1369 1500 1467 1536 ἐχθροῦ
1478 1488 1557 1536 νίκην
1570 1502 1768 1538 ἀντιστρέψας,

132 1542 190 1569 paco
218 1538 294 1569 usus;
312 1539 364 1561 est.
383 1533 476 1567 Neque
503 1534 585 1569 igitur
615 1533 772 1562 Judworum
801 1535 926 1569 impietas

133 1586 262 1615 tropaeum
283 1580 388 1613 statuit,
401 1587 490 1615 neque
503 1588 599 1607 rursus
626 1580 755 1607 Servator
782 1580 925 1608 hominum

132 1634 241 1654 erucem
262 1626 314 1654 sibi
332 1626 425 1654 deﬁxit
446 1634 453 1653 :
470 1626 517 1653 sed
538 1627 611 1661 quod
636 1626 673 1653 illi
692 1627 796 1662 lignum
817 1627 850 1654 ad
870 1626 925 1653 Do-

132 1672 197 1698 mini
213 1672 377 1706 supplicium
391 1671 554 1704 delixerant,
569 1671 614 1699 hic
634 1672 667 1699 ad
687 1673 801 1700 salutem
819 1677 925 1699 natura:

132 1721 234 1745 nostra:
252 1716 346 1752 tropzei
361 1716 449 1744 forma
462 1717 595 1745 ~donavit.
614 1717 681 1745 ltem
709 1718 860 1746 inferorum
882 1726 926 1745 re-

132 1771 216 1798 gnum
235 1763 345 1796 dicitur,
367 1763 515 1798 reginaque
529 1771 621 1797 mors;
636 1772 690 1791 non
711 1764 783 1799 quod
808 1765 925 1792 decretis

131 1809 317 1845 suﬂ‘ragioquc
328 1809 501 1837 subditorum
514 1810 684 1837 dominatum
715 1810 742 1837 in
761 1817 813 1838 eos
837 1811 924 1845 impe-

132 1856 262 1889 traverit;
279 1855 336 1883 haec
353 1855 426 1883 enim
453 1857 526 1890 regis
554 1856 690 1884 vocabulo
717 1856 827 1891 proprie
851 1856 924 1884 dicto

131 1901 315 1933 corrvcniunt;
334 1901 381 1928 sed
401 1901 464 1935 quia
484 1908 566 1936 quam
583 1909 630 1928 rex
659 1905 785 1930 terrenus
809 1901 924 1929 liberam

133 1950 294 1980 potestatem
313 1947 339 1973 in
358 1947 482 1974 subditos
498 1954 563 1974 suos
590 1952 709 1978 exercet,
729 1948 853 1975 eamdem
872 1948 925 1975 sibi

133 1999 208 2020 mors
220 1992 326 2027 peccati
341 2000 424 2019 causa
436 1993 585 2020 vindicavit
602 2002 609 2020 :
625 1999 708 2027 atque
727 1994 762 2020 ob
781 1994 808 2021 id
831 1998 858 2021 et
881 2001 925 2021 re-

132 2038 195 2072 gina
207 2045 282 2065 mors
296 2042 323 2065 et
342 2037 493 2065 inferorum
521 2046 635 2073 regnum
659 2039 800 2067 translatis
829 2041 922 2075 appel-

132 2084 280 2111 lationibus
294 2083 346 2110 dici
365 2087 491 2118 possunt.
509 2085 541 2111 Et
556 2092 622 2112 sane
644 2085 741 2113 tnortis
761 2086 857 2114 eratin
873 2094 924 2114 nos

131 2135 195 2157 ante
218 2136 328 2156 crucem
345 2129 466 2163 potentia
486 2129 598 2163 invicta,
620 2131 694 2158 omni
722 2138 769 2165 spe
796 2139 921 2158 resurre-

978 1542 1022 1570 οἷα
1032 1544 1065 1578 δὴ
1078 1545 1200 1580 τροπαίῳ
1211 1546 1250 1581 τῷ
1264 1547 1375 1583 σταυρῷ
1387 1548 1597 1583 προσεχρήσατο
1608 1557 1615 1564 ·
1627 1548 1689 1575 οὔτε
1701 1549 1769 1583 γοῦν

977 1590 1008 1616 τὸ
1023 1590 1077 1616 τῶν
1098 1591 1232 1617 Ἰουδαίων
1253 1592 1319 1625 ἄγος
1333 1591 1363 1617 τὸ
1378 1592 1508 1626 τρόπαιον
1529 1593 1653 1627 ἔστησεν,
1667 1595 1696 1621 οὺ
1714 1594 1771 1630 μὴν

977 1636 1036 1662 ἀλλ’
1051 1636 1104 1662 οὐδ’
1120 1638 1133 1662 ό
1142 1636 1237 1673 Σωτὴρ
1248 1637 1295 1663 τοῦ
1308 1638 1403 1671 γένους
1419 1639 1507 1674 ἐαυτῷ
1519 1639 1565 1666 τὸν
1574 1640 1691 1675 σταυρὸν
1705 1648 1771 1667 συν-

977 1682 1109 1717 επήξατο.
1120 1682 1177 1708 ἀλλ’
1191 1682 1303 1709 ἐκείνων
1315 1684 1362 1709 ὲπί
1377 1684 1488 1710 κολάσει
1502 1684 1549 1711 τοῦ
1562 1685 1699 1712 Δεσπότου
1713 1695 1770 1716 πη-

978 1727 1114 1762 ξαμένων,
1129 1727 1211 1759 αὐτὸς
1226 1729 1273 1755 ἐπὶ
1285 1730 1406 1765 σωτηρίᾳ
1420 1730 1469 1764 τῆς
1492 1731 1631 1766 ἡμετέρας
1658 1732 1769 1766 φύσεως
1803 1758 1806 1759 ,

976 1774 1017 1804 είς
1028 1773 1159 1808 τρόπαιον
1173 1775 1339 1808 μετετάξατο
1350 1783 1357 1790 ⁸
1373 1777 1421 1802 καὶ
1447 1776 1510 1812 ᾇδου
1535 1777 1563 1803 δὲ
1579 1776 1705 1811 βασίλεια
1722 1778 1769 1804 λέ-

976 1826 1066 1852 γεται,
1087 1819 1136 1845 καὶ
1148 1818 1277 1854 βασιλεὺς
1292 1821 1305 1846 ὁ
1325 1821 1454 1853 Θάνατος,
1470 1822 1519 1856 οὐχ
1533 1822 1574 1848 ὅτι
1591 1822 1702 1856 θεσμοῖς
1721 1823 1769 1849 καὶ

976 1861 1074 1898 γνώμῃ
1087 1863 1141 1889 τῶν
1157 1864 1318 1899 ἀρχομένων
1329 1866 1379 1901 τὴν
1394 1867 1454 1892 κατ’
1471 1866 1563 1893 αὐτῶν
1584 1867 1647 1901 ἔσχε
1670 1868 1767 1902 κυριό-

975 1916 1056 1942 τητα,
1072 1908 1160 1936 ταῦτα
1183 1910 1238 1945 γὰρ
1260 1910 1299 1946 τῷ
1322 1911 1425 1946 κυρίως
1448 1913 1639 1948 σημαινομένῳ
1653 1912 1698 1939 διὰ
1716 1913 1768 1947 τῆς

975 1954 1022 1980 τοῦ
1039 1953 1170 1989 βασιλέως
1184 1957 1277 1991 φωνῆς
1291 1957 1398 1990 ἕπεται,
1415 1959 1473 1985 ἀλλ’
1491 1959 1640 1994 ἐπειδήπερ
1650 1959 1704 1984 τῶν
1719 1959 1767 1985 ἐπὶ

976 2000 1026 2035 γῆς
1044 2002 1058 2028 ὸ
1073 2001 1223 2036 βασιλεύων
1248 2004 1279 2030 τὸ
1301 2005 1402 2039 κράτος
1424 2005 1572 2031 ἀδέσποτον
1593 2005 1672 2040 φέρει
1695 2004 1767 2030 κατὰ

975 2046 1030 2072 τῶν
1046 2047 1100 2073 ὑπὸ
1115 2049 1193 2083 χεῖρα
1204 2056 1211 2063 ·
1231 2049 1308 2075 τοῦτο
1321 2050 1348 2076 δὲ
1360 2050 1374 2075 ὁ
1388 2049 1500 2081 θάνατος
1513 2050 1557 2076 διὰ
1576 2050 1624 2084 τῆς
1638 2049 1766 2084 παραὸἀ-

976 2099 1045 2122 σεως
1058 2092 1183 2126 ἥρπασεν
1193 2100 1200 2107 °
1215 2093 1301 2129 ταύτῃ
1313 2095 1340 2120 δὲ
1356 2095 1402 2120 καὶ
1415 2094 1541 2128 βασιλεὺς
1564 2093 1644 2126 εἶναι,
1663 2095 1710 2121 καὶ
1731 2094 1767 2121 τὰ

976 2136 1071 2163 τούτου
1091 2138 1216 2171 βασίλεια
1230 2139 1359 2172 λέγεσθαι
1374 2140 1570 2175 μεταθεμένοις
1581 2141 1612 2167 τὺ
1623 2140 1708 2175 ὄνομα
1718 2139 1764 2165 δύ-

131 2175 233 2203 ctionis
250 2175 362 2210 praecisa
377 2179 403 2202 et
417 2176 554 2203 exstincta
572 2185 578 2203 :
594 2184 689 2204 verum
704 2177 845 2204 enitm'ero
862 2185 895 2204 eu

987 2189 1056 2207 ναται
1068 2189 1075 2196 ·
1093 2180 1182 2217 καὶῆν
1194 2183 1243 2217 μὲν
1255 2183 1329 2218 αὐτῷ
1339 2184 1394 2218 πρὸ
1405 2184 1453 2210 τοῦ
1466 2185 1584 2219 σταυροῦ
1599 2184 1659 2210 καθ’
1673 2182 1766 2218 ἡμῶν,

132 2219 274 2246 Dominica
288 2219 381 2254 passio
394 2219 448 2246 vim
468 2220 542 2248 illius
559 2222 674 2248 omnino
690 2221 846 2255 abstulerit,
861 2222 924 2257 jure

133 2265 284 2300 meritoque
303 2265 421 2293 dicimus
432 2274 547 2301 regnum
567 2267 627 2302 ejus
645 2275 706 2295 esse
721 2267 869 2302 direptum.

977 2227 1083 2262 ἄμαχος
1098 2229 1113 2263 ἡ
1132 2229 1245 2263 τοιαύτη
1265 2230 1347 2265 ἀρχὴ,
1374 2232 1465 2257 πᾶσαν
1478 2231 1655 2261 ἀναστάσεως
1670 2230 1766 2255 ἐλπίδα

977 2274 1182 2307 περικόπτουσὰ
1196 2284 1225 2301 τε
1247 2277 1292 2302 καὶ
1314 2276 1523 2311 νεκροποιοῦσα,
1539 2276 1586 2303 τοῦ
1598 2276 1626 2302 δὲ
1638 2276 1766 2302 δεσποτι-

132 2310 179 2337 κοῦ
197 2311 300 2342 πάθους
315 2311 364 2344 τῆς
381 2311 471 2346 ἰσχύος
483 2313 565 2339 αὑτὸν
578 2312 719 2344 παντελῶς
740 2313 921 2348 ἀφελομένου,
940 2317 1053 2350 εἰκότως
1070 2321 1116 2346 καὶ
1129 2321 1201 2347 κατὰ
1215 2321 1292 2356 λόγον
1313 2310 1403 2357 φαμὲν
1421 2322 1602 2349 ὲσκυλεῦσθσιι
1630 2323 1665 2349 τὰ
1701 2323 1766 2349 τοὺ-

135 2368 178 2386 sou
194 2359 329 2394 βασίλεια.

166 2406 209 2433 ll).
232 2405 304 2440 Ergo
324 2406 400 2438 licet,
414 2411 444 2433 ut
456 2406 587 2438 arbitror,
612 2406 698 2434 alacri
720 2408 812 2435 animo
837 2409 922 2437 conﬁ-

131 2452 261 2487 dentique
273 2452 366 2486 lingua
389 2452 489 2484 dicere,
506 2452 688 2479 voluntariam
704 2454 785 2481 simul
802 2459 829 2491 e_t
844 2455 923 2483 invo-

133 2498 279 2524 luntariam
292 2497 366 2524 Patri
384 2496 517 2525 accidisse
525 2496 585 2524 Filii
602 2505 696 2525 necem
711 2508 718 2526 :
731 2504 758 2526 et
771 2500 798 2527 id
814 2505 922 2528 utrum-

132 2551 186 2578 que
208 2544 242 2571 de
260 2543 339 2570 hoste
362 2550 470 2578 quoque
501 2543 611 2571 diabolo
637 2546 809 2579 pronuntiari
840 2554 922 2582 posse

133 2589 267 2616 videmus.
284 2588 405 2616 Dicimus
419 2590 531 2624 insuper
544 2590 620 2617 cruci
632 2590 771 2618 Christum
784 2599 832 2626 pro
842 2592 923 2620 nobis

133 2635 315 2669 subjacuisse,
331 2643 465 2670 suumque
478 2637 639 2671 sanguinem
653 2636 805 2665 clementia:
822 2638 922 2666 instin-

133 2685 178 2709 etu
197 2681 352 2716 profudisse
369 2691 376 2709 :
395 2689 484 2717 neque
505 2687 595 2710 tamen
617 2683 744 2719 cuiquam
762 2685 896 2714 obtulisse
913 2694 920 2712 :

136 2735 188 2754 non
199 2727 272 2755 enim
284 2727 308 2754 ei
322 2729 490 2762 propositum
502 2734 560 2757 erat
577 2730 737 2765 sanguinem
748 2731 856 2764 offerre,
872 2731 920 2759 sed

135 2773 263 2807 passione
277 2780 326 2800 sua
346 2773 418 2807 quod
435 2773 552 2808 perierat
565 2782 736 2804 conservare.
761 2777 818 2805 Non
838 2777 920 2813 igitur

168 2830 191 2845 "
207 2829 288 2856 llum.
302 2837 329 2863 ν,
343 2828 386 2857 14.

1012 2415 1037 2440 ι’.
1055 2412 1179 2440 Ἔνεστιν
1190 2413 1247 2447 οὖν,
1271 2411 1360 2449 οἶμαι,
1377 2414 1474 2451 γνώμῃ
1501 2423 1530 2440 τε
1559 2414 1692 2450 χαιρούσῃ
1719 2416 1766 2442 καὶ

977 2460 1226 2496 παρρησιαζομένη
1246 2459 1358 2497 γλώσσῃ
1381 2460 1483 2495 λέγειν,
1502 2461 1576 2492 ὅπως
1596 2469 1626 2487 τε
1655 2460 1766 2495 θελητόι.

975 2505 1034 2531 ἐστι
1047 2505 1094 2531 καὶ
1105 2505 1237 2541 ἁθέλητον
1250 2507 1264 2532 ὁ
1275 2506 1390 2537 θάνατος
1402 2506 1451 2532 τοῦ
1463 2505 1529 2532 Υίοῦ
1544 2506 1583 2541 τῷ
1597 2506 1686 2542 Πατρί
1699 2514 1705 2520 ·
1718 2507 1765 2532 καὶ

975 2551 1049 2583 ὅπως
1062 2551 1193 2588 ἑκάτερον
1205 2552 1295 2579 αὐτῶν
1307 2553 1371 2588 περὶ
1381 2553 1426 2579 τὸν
1440 2552 1569 2588 πολέμιον
1581 2553 1678 2588 ὁρᾶται
1687 2552 1753 2586 λεγό

978 2606 1058 2633 μενον
1070 2606 1077 2614 ·
1095 2599 1144 2625 καὶ
1155 2599 1193 2630 ὡς
1212 2599 1262 2633 μὲν
1277 2599 1346 2634 ὑπὲρ
1359 2600 1437 2634 ἡμῶν
1452 2599 1570 2634 σταυρὸν
1584 2599 1700 2633 ὑπέστη,
1716 2599 1764 2624 καῖ

975 2643 1005 2670 τὸ
1019 2644 1119 2671 οἰκεῖον
1148 2645 1162 2670 ὁ
1190 2644 1381 2679 φιλάνθρωπος
1408 2642 1479 2680 αἷμα
1503 2644 1662 2679 ὲξέχεεν,οὺ
1680 2651 1751 2678 προσ

976 2689 1075 2723 ήνεγκε
1089 2689 1117 2716 δὲ
1130 2689 1211 2716 τοῦτό
1225 2697 1296 2716 τινι·
1312 2689 1342 2716 οὐ
1359 2690 1414 2725 γὰρ
1428 2689 1502 2724 αὐτῷ
1516 2689 1618 2721 σκοπὸς
1632 2687 1666 2725 ἦν
1681 2697 1760 2723 προσ-

975 2734 1109 2767 ενεγκεῖν,
1121 2733 1179 2761 ἀλλ’
1195 2736 1224 2761 ἐν
1244 2734 1283 2770 τῷ
1306 2735 1387 2761 πάθει
1401 2735 1432 2761 τὸ
1457 2735 1597 2767 ἀπολωλὸς
1619 2735 1758 2762 ἀνασώσα-

976 2780 1053 2808 σθαι·
1069 2781 1100 2808 οὺ
1117 2782 1305 2817 προσήνεγκεν
1319 2779 1376 2815 οὗν,
1393 2782 1416 2808 εί
1432 2782 1469 2817 μή
1490 2790 1542 2808 τινι
1558 2781 1629 2808 κατὰ
1646 2788 1758 2816 μεταφο
