1882 3075
81 90 133 123 189

537 90 586 120 AD
604 87 902 120 AMPHILOCHIUM
931 85 1106 123 QUIESTIO
1138 86 1226 118 XXV.

1665 82 1717 116 190

80 153 131 189 ρὰν
146 152 177 179 τὺ
188 152 260 188 ὑπὲρ
273 151 353 187 ἡμῶν
367 150 467 178 παθεῖν
479 150 572 183 αὑτὸν,
590 149 668 184 φίλον
684 150 759 177 ἐστὶν
773 149 868 185 ὀνομά-

964 146 1030 174 ttulit
1048 155 1055 174 :
1072 146 1125 174 nisi
1142 146 1213 174 forte
1224 145 1343 180 cuipiam
1363 144 1461 180 placet,
1481 143 1635 179 passionem
1657 144 1717 179 ejus

81 192 139 231 ζειν
150 199 349 233 προσενεγκεῖν
360 205 368 213 ·
386 196 528 229 ἀκώλυτος
540 195 596 232 γὰρ
607 196 652 223 διὰ
661 196 712 231 τὴν
724 195 872 231 ὁμοιότητα

80 246 130 280 τῆς
149 245 243 280 φωνῆς
258 245 275 280 ἡ
291 245 391 280 χρῆσις
407 244 436 270 ὲν
448 244 568 279 σχήματι
583 242 735 278 λεγομένης
747 242 852 278 τροπῆς
863 249 872 256 ⁸

80 292 176 326 ὥσπερ
197 291 389 327 κεκωλυμένον
408 291 459 326 τῆς
483 291 514 317 τὸ
532 290 627 326 κύριον
651 290 767 326 ἐχούσης
789 297 875 325 προσ-

80 338 197 374 ηγορίας
213 338 245 365 τὸ
263 338 362 373 ἰδίωμα
374 338 420 364 ἐπὶ
431 338 535 373 ταύτης
559 338 687 364 ἀπαιτεῖν
698 345 706 352 ο
719 337 767 364 καὶ
789 345 873 371 φανε-

81 385 129 421 ρδν
143 385 182 416 ὡς
197 384 259 411 οὔτε
272 385 462 420 προσήνεγκεν
491 383 554 410 οὔτε
588 384 758 419 προσέφερεν
782 382 838 418 (40)
859 382 874 408 ὁ

87 431 186 466 ’Δμνὸς
195 431 243 458 τοῦ
255 430 324 457 Θεοῦ
335 431 350 457 ὁ
363 429 448 466 αἴρων
458 430 507 465 τὴν
522 429 659 465 ἁμαρτίαν
669 429 716 456 τοῦ
727 429 831 464 κόσμου
844 428 874 455 τὺ

82 479 219 513 σωτήριον
231 477 280 505 καὶ
298 476 446 512 καθάρσιον
465 474 536 512 αἷμα
558 476 604 504 τοῦ
629 477 724 511 γένους
738 475 833 511 ἡμῶν⁸
849 476 874 502 εί

81 525 128 551 καὶ
149 525 164 550 ὸ
180 524 277 559 Πατὴρ
294 524 310 550 ὁ
327 523 371 550 διὰ
395 523 426 550 τὸ
449 523 504 551 ἀπὺ
523 523 572 549 τοῦ
593 523 697 554 πάθους
724 521 875 557 ὲκὸεὸηκδς

81 572 239 607 τερπομένη
257 572 304 598 καὶ
318 570 455 606 χαιρούσῃ
470 569 570 606 γνώμῃ
584 570 614 596 τὸ
631 566 701 604 αἷμα
717 568 763 595 τοῦ
778 568 875 599 Παιδὸς

81 618 264 650 ὑποδέξασθαι
284 617 413 651 λέγεται·
428 616 498 643 ἀλλὰ
516 615 603 643 ταῦτα
627 616 675 650 μὲν
702 615 726 641 εἰ
753 614 800 641 καὶ
824 613 875 648 τῆς

82 663 193 694 ἐλπίδος
211 663 245 698 ἢν
260 661 354 688 ὤδινεν
368 663 384 696 ἡ
403 660 543 695 ἐξαίτησις
567 659 632 691 ἴσως
651 659 700 694 μὲν
720 657 876 685 ὲντελέστε-

82 717 141 744 ρον,
158 708 229 743 πλήν
239 716 271 741 γε
281 708 353 734 κατὰ
361 707 407 734 τδν
415 706 546 742 ἐπίτομον
557 706 756 741 προενήνεκται
771 703 856 730 τύπον
866 712 873 720 ·

81 755 144 781 ἐπεὶ
160 754 225 789 μηδ’
241 753 423 788 ἐπιλέλησμαι
435 752 507 779 κατὰ
529 753 580 784 τὰς
594 751 778 787 σχολαζούσας
794 750 874 785 μελέ-

82 809 132 832 τας
146 801 204 832 τοῖς
213 800 372 836 ἱερωτάτοις
386 799 465 834 ἡμῶν
483 798 601 834 δόγμασι
618 797 748 828 πολλάκις
759 795 875 823 ἀκοῦσαι

925 201 976 229 pro
990 192 1082 226 nobis,
1094 192 1210 227 ﬁgurate
1220 191 1384 219 oblationem
1397 190 1544 226 appellare.
1561 190 1632 217 Nihil
1643 190 1716 217 enim

923 244 998 268 vetat
1013 239 1048 267 ob
1060 238 1185 266 vocabuli
1199 238 1418 271 similitudinem,
1441 238 1589 273 quominus
1606 245 1640 264 eo
1655 242 1717 264 uta-

924 293 987 312 mur
1000 292 1034 312 ex
1050 284 1140 312 forma
1154 283 1278 320 praedicti
1304 284 1377 319 tropi
1394 292 1401 311 :
1421 287 1449 311 at
1480 283 1595 310 vetitum
1618 288 1716 310 contra

924 336 977 364 est,
991 331 1109 366 propria:
1123 331 1259 358 strictaeve
1275 330 1466 364 appellationis
1487 329 1674 357 characterem
1687 329 1715 356 in

924 377 1018 404 eadem
1031 376 1170 404 locutione
1182 376 1336 411 exquirere.
1351 375 1417 402 Sine
1429 374 1512 402 dubio
1525 375 1616 410 itaque
1627 381 1716 409 neque

924 423 1057 451 offerebat
1071 430 1160 458 neque
1173 422 1273 450 obtulit
1283 421 1330 449 Dei
1346 421 1508 457 Agnus.qui
1518 421 1610 447 mundi
1620 428 1717 455 pecca-

925 473 984 497 tum
999 468 1122 501 abstulit,
1141 468 1301 503 sanguinem
1319 475 1399 495 suum
1414 466 1561 494 salutarem
1574 466 1716 500 nostrique

925 516 1033 552 generis
1057 519 1233 550 purgatorem
1250 523 1257 541 :
1275 521 1432 549 quanquam
1448 513 1541 544 Pater,
1560 512 1595 539 ob
1608 512 1716 547 passio-

925 563 970 590 nis
980 562 1137 594 utilitatem,
1151 561 1370 595 libentilaatoque
1383 559 1474 587 animo
1483 559 1544 586 Filii
1553 559 1715 594 sanguinem

925 609 1080 644 suscepisse
1095 608 1207 636 dicitur.
1222 607 1348 634 Jamvero
1376 607 1425 634 etsi
1453 607 1511 634 haec
1538 606 1608 632 forte
1633 613 1717 640 supra

925 661 1000 689 spem
1028 653 1221 689 postulationis
1249 657 1303 680 tute
1332 653 1414 687 paulo
1440 651 1548 687 plenius
1578 651 1717 685 disputata

926 700 1048 732 fuerunt,
1071 700 1251 728 nihilominus
1266 699 1361 727 eadem
1385 707 1401 726 a
1431 698 1583 726 summario
1609 697 1716 725 dicendi

926 754 1025 782 genere
1043 754 1098 774 non
1122 746 1264 773 recedunt.
1295 745 1388 780 Neque
1405 746 1478 772 enim
1500 752 1555 771 non
1578 744 1717 774 recordor,

927 795 1001 819 tuam
1018 799 1090 826 saepe
1108 791 1237 818 virtutem
1266 798 1315 826 per
1341 790 1521 818 scholasticas
1544 789 1578 817 de
1594 789 1717 824 augustis

82 847 131 883 τὴν
153 847 204 883 σὴν
230 847 332 883 ἀρετὴν
363 845 602 882 φυλοκρινούμενα
627 844 662 871 τὰ
679 843 812 871 τοιαῦται
829 842 868 870 καὶ

965 837 1029 864 stris
1041 837 1212 872 dogmatibus
1224 836 1446 868 exercitationes,
1462 837 1519 864 [nec
1535 840 1664 863 accurate
1675 836 1718 862 di-

81 893 149 929 ρᾷόν
164 893 239 919 ἐστιν
255 893 289 919 ὲκ
299 892 354 918 τῶν
369 892 512 928 παρόντων
529 891 557 918 εί
567 900 594 918 τι
610 891 658 918 καὶ
671 890 741 926 λήθη
763 889 819 916 τῶν
833 889 876 915 λο-

81 938 192 974 γισμῶν
210 937 349 973 ἀφείλετο,
382 939 423 970 είς
447 938 499 973 τὴν
527 937 583 964 τῶν
613 935 876 972 παραλελειμμένων

83 985 252 1020 συνάγεσθαι
275 984 397 1020 μνήμην.

352 1039 521 1067 ΕΡΩΤΗΣΙΣ
537 1038 601 1066 KE'.

84 1097 172 1130 Τίνος
181 1096 201 1130 ἠ
212 1096 296 1130 φωνὴ
309 1095 329 1129 ἠ
338 1095 482 1130 λέγουσα·
492 1105 501 1122 ι
515 1096 606 1122 Τοῦτο
613 1094 647 1121 δὲ
657 1094 730 1122 ὅλον
742 1093 872 1130 ferare,»

118 1129 249 1167 πότερον
257 1129 310 1160 τοῦ
316 1129 523 1166 συῄιραφέως,
532 1130 552 1165 ἢ
563 1130 617 1157 τοῦ
629 1129 840 1164 Ἀρχαττέλου;

927 889 1002 920 gesta
1014 883 1161 912 audivisse.
1180 883 1228 911 Est
1239 887 1331 911 autem
1356 882 1474 916 facilius,
1491 883 1513 909 si
1531 882 1596 917 quid
1615 882 1717 910 oblivio

927 932 960 960 de
977 930 1189 966 cogitationibus
1205 930 1307 957 nostris
1322 929 1444 962 detrivit,
1463 936 1514 964 opc
1527 935 1633 960 eorum,
1656 935 1718 963 quae

928 985 1019 1005 coram
1030 981 1104 1009 sunt,
1113 976 1359 1011 praetermissorum
1372 975 1530 1002 memoriam
1545 980 1717 1009 recuperare.

1095 1032 1262 1067 QUIES'UO
1281 1031 1354 1059 xxv
1375 1031 1424 1068 [aL
1443 1030 1550 1067 XXIX].

929 1089 1078 1124 Cujumam
1094 1096 1143 1115 vos:
1160 1089 1206 1120 sit,
1224 1096 1283 1122 qum
1306 1087 1390 1114 dicit:
1407 1096 1415 1112 ι
1438 1085 1495 1112 Hoc
1520 1091 1608 1124 antem
1632 1089 1719 1124 totum

965 1120 1066 1164 factum
1081 1128 1119 1150 est
1132 1124 1154 1139 "
1169 1132 1176 1157 ;
1193 1133 1202 1149 ι
1221 1120 1429 1157 évattgelistame,
1445 1129 1480 1148 an
1497 1120 1667 1156 archangeli?

675 1184 747 1210 Edita
756 1183 787 1208 ab
800 1183 960 1212 Ant.Scotto,
972 1182 990 1206 l.
1011 1187 1045 1211 c.,
1059 1188 1083 1212 p.
1101 1179 1151 1205 4—6.

121 1242 185 1269 Ὀτι
210 1241 260 1278 μὲν
288 1241 511 1278 ἐκπληττομένου
535 1241 583 1268 καλ¹
606 1240 793 1276 θαυμάζοντός
817 1240 875 1266 ἐστι

82 1289 140 1315 τῶν
168 1288 269 1324 ἔργων,
296 1290 345 1315 καὶ
365 1288 418 1315 τῶν
432 1288 519 1322 λόγων
533 1288 564 1314 τὺ
582 1287 732 1324 ὑπερφυὲς,
753 1287 823 1320 αὕτη
846 1293 877 1312 τε

84 1334 133 1360 τοῦ
147 1334 228 1367 λόγου
245 1335 262 1369 ή
281 1334 429 1369 περικοπὴ,
443 1333 491 1360 καὶ
504 1333 558 1360 τῶν
571 1333 711 1368 ὀνομάτων
722 1333 739 1368 ἡ
756 1332 877 1367 συνθήκη

83 1379 237 1415 παρίστησι
257 1379 364 1413 σαφῶς.
384 1388 394 1404 ι
409 1378 496 1405 Τοῦτο
509 1377 564 1413 γὰρ
578 1378 639 1404 ὅλον
651 1377 759 1412 γέγονε,
775 1386 784 1402 ι
799 1376 877 1411 φησὶ,

84 1425 147 1450 ἀντὶ
161 1423 221 1456 τοῦ,
235 1423 295 1455 πῶς
312 1423 371 1450 ὅλον
381 1423 461 1450 τοῦτο
476 1423 612 1457 προῆλθες
628 1422 700 1454 Πῶς,
717 1420 739 1448 ὣ
751 1421 798 1448 τοῦ
811 1420 878 1447 θαύ-

86 1471 184 1506 ματοςί
202 1471 289 1506 ἐφάνη
316 1469 346 1496 τὸ
359 1469 512 1502 ἔκπληκτον
524 1468 614 1502 τοῦτο,
628 1469 675 1494 καὶ
685 1467 769 1502 γέμον
780 1467 878 1493 ἐκστά-

86 1525 175 1549 σεως;
213 1516 277 1547 Πῶς
304 1515 424 1542 τοιοῦτον
454 1515 529 1549 ἥλιος
547 1511 615 1546 side;
640 1512 701 1545 Πῶς
722 1512 876 1548 ἀνθρώποις

85 1543 250 1596 ἐπεγνώσθη
262 1543 403 1593 τοιοῦτονς
421 1543 477 1588 Kal.
501 1543 543 1587 ὅτι
568 1543 638 1595 μετὰ
657 1543 879 1594 τδήὰνακηρύξαι
892 1543 913 1573 c

83 1608 117 1634 τό
143 1617 175 1634 τε
198 1608 323 1643 ἄσποραν
345 1607 393 1634 τοῦ
409 1607 501 1640 τόκου,
527 1607 577 1634 καὶ
599 1606 648 1641 τὴν
670 1607 701 1632 ὲκ
723 1604 880 1640 Πνευμάτος

82 1653 167 1687 ἁγίου
194 1654 336 1689 σύλληψιν,
362 1654 410 1680 καὶ
425 1653 474 1689 τὴν
489 1652 537 1679 τοῦ
562 1652 689 1687 Σωτῆρος
711 1651 821 1686 κλῆσιν,
846 1650 880 1686 ἢν

85 1699 155 1726 διότι
194 1699 292 1731 σώζει,
316 1699 495 1734 προσείληφε,
526 1698 572 1725 τὸν
590 1697 656 1724 λαὸν
671 1696 765 1727 αὑτοῦ,
781 1695 829 1722 καὶ
838 1694 881 1722 τό·

86 1753 118 1778 γε
133 1745 183 1771 οὐκ
195 1745 249 1771 ἀπό
273 1753 355 1771 τινων
380 1744 545 1779 σωματικῶν
570 1743 744 1778 νοσημάτων,
769 1738 810 1772 οἷς
832 1741 881 1768 καὶ

87 1792 191 1827 ἰατρῶν
207 1791 340 1822 πολλάκις
357 1792 447 1826 χεῖρες
464 1791 633 1826 ἐπήρκεσαν,
650 1789 708 1816 ἀλλ’
729 1787 776 1816 ἀπ’
791 1787 881 1814 αὐτῶν

86 1846 120 1871 γε
143 1837 194 1872 τῆς
219 1837 311 1872 ψυχῆς
334 1836 561 1872 ἀρρωστημάτων
582 1843 612 1861 τε
633 1835 680 1861 καὶ
701 1833 881 1870 μολυσμάτων

85 1880 124 1910 ὦν
137 1883 188 1910 οὐκ
200 1883 276 1910 ἐστιν
301 1883 392 1918 εὑρεῖν
408 1882 557 1918 καθάρσιον
578 1880 641 1907 οὔτε
665 1880 733 1914 ίαμα
743 1880 792 1914 τῆς
806 1879 882 1910 θείας

86 1929 172 1964 χωρὶς
182 1929 331 1964 εὐμενείας
343 1937 373 1954 τε
400 1928 450 1955 καὶ
477 1927 643 1958 ὲπινεύσεως
660 1934 668 1942 ·
689 1926 734 1952 διὰ
760 1925 826 1960 γοῦν
850 1925 882 1951 τὸ

87 1975 176 2000 εἰπεῖν
187 1974 222 2000 τὰ
238 1974 384 2009 εἰρημένα,
403 1973 450 2000 καὶ
472 1972 522 2008 τὴν
539 1972 586 1999 τοῦ
604 1972 742 2007 Σωτῆρος,
757 1971 811 1998 ἀπὺ
830 1971 880 2006 τῆς

51 2048 56 2053 ,
87 2020 181 2054 κοινῆς
193 2018 357 2054 εὐεργεσίας
365 2017 614 2052 ὁνομασίαν,εὺθὺς
627 2017 761 2051 ἐπήγαγε·
775 2025 784 2042 ι
796 2015 882 2042 Τοῦτο

85 2065 118 2092 δὴ
126 2064 189 2091 ὅλον
203 2065 301 2098 γέγονε
317 2064 361 2090 ἵνα
374 2062 506 2098 πληρωθῇ
514 2063 543 2089 τὸ
560 2062 641 2098 ῥηθὲν
651 2062 703 2089 ὑπὸ
718 2062 765 2089 τοῦ
777 2062 880 2098 Κυρίου

87 2112 132 2138 διὰ
148 2111 196 2138 τοῦ
220 2111 362 2146 προφήτου
378 2110 502 2144 λέγοντος
520 2118 527 2125 ν
543 2118 552 2134 ι
576 2109 641 2136 Ἰδοὺ
665 2110 682 2144 ή
695 2108 833 2145 Παρθένος
851 2109 881 2136 ὲν

87 2157 190 2192 γαστρὶ
204 2157 272 2189 ἕξει,
288 2157 335 2183 καὶ
343 2156 449 2188 τέξεται
459 2155 527 2185 υἱὸν,
538 2155 585 2182 καὶ
595 2154 741 2182 καλέσουσι
755 2154 785 2181 τὸ
795 2154 881 2190 ὄνομα

87 2205 174 2232 αὐτοῦ
198 2203 382 2240 Ἐμμανουήλ.
396 2212 406 2228 ι
431 2202 511 2228 Ἀλλὰ
530 2202 573 2228 ὅτι
588 2201 638 2236 μὲν
659 2200 879 2236 ἐκπληττομένου
895 2220 918 2249 D

87 2260 131 2284 τε,
146 2250 196 2277 καὶ
214 2249 401 2285 θαυμάζοντος
423 2248 483 2274 ἐστὶ
499 2245 529 2274 τδ
555 2247 669 2282 ἄπειρον
684 2247 818 2281 -πέλαγος
830 2246 880 2282 τῆς

89 2297 155 2331 περὶ
169 2296 202 2322 τὸ
226 2295 395 2330 ἀνθρώπινον
415 2294 493 2328 γένος
514 2292 644 2329 προνοίας
664 2292 682 2327 ἡ
712 2291 880 2328 προκειμένη

88 2342 178 2378 φωνὴ,
189 2341 316 2377 φανερόν.

125 2432 203 2459 Εἴτε
221 2431 251 2458 δὲ
274 2431 377 2467 ταύτην
404 2431 438 2459 ἂν
469 2429 570 2458 εἶπενό
596 2429 723 2464 ἄγγελος,
751 2429 778 2456 εί
787 2438 816 2456 τε
833 2428 882 2455 καὶ

88 2478 172 2509 αὐτὸς
182 2479 197 2504 ὁ
209 2477 413 2513 εὐαγγελιπὴς,
431 2477 560 2512 οὐδεμίαν
570 2476 717 2503 ἐλάττωσιν
730 2475 880 2510 οὐδετέρω-

90 2524 136 2550 Βεν
161 2524 197 2550 τὰ
218 2524 295 2558 λόγια
318 2524 499 2562 ἐπιδέχονταιτ
534 2523 575 2550 Τὰ
600 2522 652 2558 μὲν
682 2521 736 2557 γὰρ
755 2521 878 2557 μεγάλην

91 2570 153 2597 τινὰ
174 2570 252 2602 τάξιν
263 2570 358 2605 ἔχοντα
375 2569 514 2601 πολλάκις,
531 2568 611 2596 εἴωθε
632 2567 680 2595 καὶ
697 2569 730 2594 ἐκ
750 2567 802 2602 τῆς
825 2566 880 2593 τῶν

91 2614 246 2648 προσώπων
257 2614 622 2649 ποιότητοςπροσλαμὸάνειν
628 2613 677 2649 τὴν
687 2612 811 2647 αὔξησιν·
821 2611 839 2638 ἃ
847 2611 880 2646 δὴ

959 1236 1037 1270 Quod
1052 1235 1233 1270 stupescentis
1247 1234 1342 1267 animi,
1352 1238 1379 1262 et
1394 1234 1528 1262 factorum
1556 1234 1720 1262 verborum-

924 1291 977 1319 que
1004 1283 1173 1310 nobilitatem
1202 1282 1364 1309 admirantis
1387 1289 1419 1308 ea
1443 1281 1479 1308 sit.
1495 1289 1568 1315 vox;
1592 1281 1718 1308 sublimis

925 1330 984 1364 ipsa
1010 1329 1143 1356 orationis
1169 1329 1315 1364 particula.
1338 1328 1538 1363 numinumque
1571 1332 1718 1356 contextus

926 1375 1076 1403 luculenter
1092 1375 1222 1403 ostendit.
1247 1374 1375 1402 Profecto
1392 1384 1402 1400 ι
1425 1375 1478 1402 hoc
1503 1379 1590 1402 totum
1616 1375 1718 1403 factum

930 1425 972 1448 est
989 1429 999 1446 ι
1024 1421 1149 1448 adhibuit
1176 1428 1226 1455 pro
1251 1420 1390 1455 qttomodo
1418 1420 1445 1447 id
1477 1428 1559 1448 omne
1583 1421 1721 1456 contigit?

930 1465 1089 1500 Quomodo,
1107 1465 1186 1501 (proh
1202 1466 1333 1500 mirum!)
1357 1467 1409 1494 hoc
1422 1467 1542 1494 novitate
1558 1467 1720 1501 percellens,

930 1517 957 1539 et
971 1512 1151 1540 admiratione
1173 1512 1282 1547 plenum
1304 1512 1452 1546 apparuit?
1476 1511 1527 1545 Qui
1548 1514 1602 1540 tale
1617 1512 1720 1540 factum

929 1558 998 1586 vidit
1028 1558 1092 1585 sol?
1115 1558 1175 1592 Quo
1193 1563 1272 1593 pacto
1301 1558 1420 1586 innotuit
1444 1558 1622 1586 hominibus?
1643 1558 1723 1587 Patet

929 1611 1039 1640 quoque
1055 1604 1140 1640 quod,
1161 1605 1206 1631 ubi
1219 1605 1372 1632 nuntiatum
1404 1611 1446 1633 cst
1464 1606 1536 1640 quod
1551 1606 1637 1634 Filius
1661 1607 1722 1635 sine

930 1650 1033 1677 sctnine
1045 1649 1126 1684 foret,
1140 1654 1223 1684 atque
1240 1650 1273 1678 (le
1289 1651 1393 1685 Spiritu
1407 1656 1502 1679 sancto
1514 1652 1718 1687 conciperetur,

930 1700 1105 1731 sumeretque
1122 1696 1271 1724 Salvatoris
1291 1705 1403 1728 nomen,
1424 1698 1498 1733 quod
1520 1698 1559 1725 illi
1582 1700 1719 1734 congruit,

930 1741 994 1777 quia
1010 1742 1099 1770 salvat
1112 1742 1244 1777 populum
1264 1750 1356 1774 suum,
1372 1751 1425 1770 non
1442 1744 1552 1778 quidem
1568 1744 1603 1771 ab
1615 1745 1721 1780 aliquot

930 1788 1053 1822 corporis
1072 1788 1186 1820 morbis,
1209 1788 1309 1823 quibus
1332 1789 1461 1816 curandis
1484 1789 1525 1817 vel
1549 1790 1720 1818 medicorum

930 1841 1029 1861 manus
1044 1841 1116 1868 saepe
1131 1833 1278 1867 suiﬁciuut,
1293 1835 1339 1861 sed
1359 1835 1393 1861 ah
1409 1835 1475 1870 ipsis
1487 1836 1587 1863 anima:
1601 1841 1720 1871 aegrota-

929 1880 1051 1908 tionibus
1075 1884 1102 1907 et
1116 1880 1201 1913 vitiis,
1218 1888 1334 1914 quorum
1350 1881 1464 1908 inveniri
1487 1882 1591 1916 nequit,
1607 1887 1720 1917 excepta

930 1925 977 1953 Dei
999 1925 1166 1961 benignitate
1193 1931 1220 1954 et
1241 1925 1419 1961 indulgentia,
1446 1927 1552 1955 curatio
1583 1933 1611 1955 et
1629 1936 1719 1956 reme-

930 1971 1024 1999 dium:
1040 1971 1086 1999 ubi
1103 1972 1208 2000 scilicet
1218 1972 1277 2000 hare
1293 1972 1394 2004 omnia,
1409 1976 1436 2000 et
1452 1971 1603 2001 Salvatoris
1617 1981 1718 2002 nomen

930 2025 963 2045 ex
980 2017 1119 2045 beneficiis
1133 2017 1281 2052 unicuique
1297 2018 1404 2046 collatis
1418 2022 1574 2053 susceptum
1594 2019 1718 2054 prtemil—

932 2064 973 2097 tit,
991 2064 1118 2099 protinus
1131 2064 1260 2098 subjiciat
1275 2073 1283 2091 τ
1304 2073 1314 2090 ι
1336 2063 1392 2092 Hoc
1408 2069 1498 2092 autem
1515 2069 1602 2092 totum
1617 2065 1719 2094 factum

930 2113 983 2143 est,
1008 2113 1038 2137 ut
1055 2110 1261 2144 adimpleretur,
1285 2110 1357 2145 quod
1379 2110 1481 2138 dictum
1499 2115 1541 2139 est
1561 2119 1577 2139 a
1602 2111 1720 2140 Domino

930 2162 979 2190 per
995 2155 1154 2190 prophetam
1177 2155 1310 2183 dicentem
1324 2163 1330 2181 :
1347 2155 1416 2183 Ecce
1431 2155 1515 2191 Virgo
1531 2157 1557 2184 in
1576 2162 1654 2184 utero
1672 2158 1721 2185 lia-

932 2201 1016 2234 bebit,
1032 2205 1059 2228 et
1072 2201 1160 2236 pariet
1172 2201 1269 2234 lilium,
1283 2207 1311 2229 et
1320 2202 1459 2229 vocabunt
1475 2210 1573 2230 nomen
1584 2203 1643 2238 ejus
1655 2204 1703 2231 Em
1717 2219 1721 2224 -

932 2245 1052 2272 manuel.
1070 2255 1079 2272 ι
1095 2245 1180 2273 Porro
1202 2245 1274 2281 quod
1300 2245 1487 2281 obstupefacta
1520 2252 1620 2280 mente,
1638 2253 1721 2283 atque

932 2293 1099 2319 immensum
1118 2291 1229 2327 pelagus
1253 2291 1352 2320 divina:
1373 2300 1436 2327 erga
1463 2293 1612 2321 humanum
1634 2303 1719 2329 genus

932 2339 1111 2374 providentia:
1124 2339 1276 2366 demirante
1294 2347 1345 2366 vox
1368 2340 1506 2374 proposita
1522 2340 1638 2373 oriatur,
1656 2348 1718 2376 per-

932 2384 1055 2419 spicuum
1074 2388 1127 2411 est.

969 2429 1032 2457 Sive
1049 2435 1140 2458 autem
1162 2429 1233 2457 hanc
1243 2430 1366 2465 angelus,
1384 2431 1442 2458 sive
1463 2431 1627 2467 evangelista
1655 2439 1719 2467 pro-

933 2474 1078 2506 nuntiarit,
1091 2481 1265 2510 nequaquam
1283 2483 1374 2503 sermo
1391 2475 1520 2503 alterutra
1534 2484 1566 2504 ex
1581 2482 1656 2512 parte
1668 2486 1718 2505 au-

933 2521 1069 2548 ctoritatis
1091 2521 1310 2548 imminutionem
1336 2522 1464 2556 patietur.
1491 2522 1717 2559 Quandoquidem

933 2567 1075 2602 contingit,
1088 2571 1118 2595 ut
1132 2575 1193 2602 quae
1210 2567 1370 2602 pratclarum
1386 2568 1518 2596 orationis
1529 2570 1651 2598 ordinem
1671 2570 1719 2598 ha-

933 2612 1009 2646 bent,
1024 2620 1057 2640 ex
1076 2621 1252 2648 personarum
1276 2621 1385 2648 quoque
1410 2614 1541 2649 qualitate
1564 2616 1718 2651 splendoris

851 2667 966 2696 ΝΟΤᾸΕ.

115 2729 185 2765 ’(ιο)
206 2729 283 2757 Hosti
299 2730 403 2757 scilicet
420 2734 448 2765 et
473 2726 728 2765 mangonigeneris
743 2725 876 2765 humani;

92 2771 123 2794 ut
132 2760 400 2801 ‘in’praecedemibus
423 2760 552 2793 Photius'
561 2760 640 2792 dixit:
669 2761 726 2790 Nisi
749 2761 823 2790 enim
840 2760 877 2788 ita

127 2824 153 2842 ’⁸
171 2823 266 2852 \latth.
285 2831 305 2856 t,
320 2823 366 2851 22.

930 2725 1121 2763 intelligatur,_
1133 2734 1222 2762 pugna
1240 2726 1443 2763 quodaminodo
1461 2727 1505 2756 fiet
1528 2735 1589 2756 cum
1605 2727 1640 2756 iis
1657 2736 1717 2763 quae

930 2761 1058 2790 dicuntur
1073 2769 1090 2790 ει
1106 2761 1191 2791 Ptiqu
1206 2763 1233 2791 in
1248 2763 1296 2798 Ep.
1311 2763 1344 2790 ad
1363 2761 1444 2791 Hebr.
