1882 3075
70 153 121 186 193

524 155 575 186 AD
594 156 892 188 AMPHILOCHIUM
913 157 1086 193 QUES'HO
1102 158 1207 189 XXVI.

1627 166 1630 169 '
1643 163 1693 195 19L

103 208 136 235 El
149 207 238 243 βούλει
253 207 282 234 δὲ
298 207 347 234 καὶ
362 207 536 244 παραμύθιον
545 211 605 242 ταῖς
621 210 764 245 μεγίσταις
779 219 856 246 περι-

941 211 1026 245 Adde,
1044 212 1066 239 si
1086 211 1183 246 placet,
1199 212 1271 247 quod
1293 213 1319 240 in
1343 214 1512 248 gravissimis
1536 215 1692 245 infortuniis

68 255 197 282 στάσεσιν
215 252 390 288 ἐταζόμενον,
412 254 479 289 δρᾷν
511 254 585 280 ἐστιν
612 255 800 290 ἀναφυόμενον
812 256 855 283 ἐν·

66 300 174 327 τεῦθεν.
200 300 384 334 Σφαγιάζεται
403 301 456 335 γὰρ
473 299 507 326 τὰ
527 300 626 336 βρέφη,
644 297 681 327 ὦν
696 302 710 327 ό
724 301 780 336 βίος
807 301 857 328 ἀν-

67 345 209 377 επίδεκτος
226 345 427 381 ἀμαρτίας·ῖν¹
439 346 548 373 ἐπειδὰν
564 346 690 381 πάσχωσι
711 355 794 379 τινες,
806 347 855 383 μὴ,

67 391 112 418 διὰ
127 391 269 427 βαρύτητα
291 391 535 428 πλημμελημάτων
548 392 704 428 νομίζοντες
729 392 855 429 πάσχειν,

66 437 116 470 τὴν
147 437 180 462 ἐκ
211 436 266 463 τῶν
278 436 372 463 παθῶν
395 436 500 471 πληγὴν
512 436 675 471 ὑφίστανται
691 437 855 473 βαρυτέραν,

66 482 83 517 ἦ
105 482 284 517 πικροτέραν,
295 482 344 509 καὶ
358 482 425 518 πρὸς
437 482 594 516 ἀπόγνωσιν
602 480 669 509 ὦσιν
683 483 855 519 ἀφορῶντες·

66 527 124 554 ἀλλ’
142 528 187 553 ἶνα
206 527 237 554 τὸ
261 527 453 562 ἀναμάρτητον
474 527 527 553 τῶν
556 527 675 563 βρεφῶν,
698 528 744 555 καὶ
769 529 800 555 τὸ
812 529 856 555 ἐπ’

68 573 185 605 ἐκείνοις
197 573 390 608 τόλμηματῶν
414 573 570 608 ἀλαστόρων
587 573 694 609 ἔχοντες
725 574 855 610 παράδει-

67 627 126 653 γμα
136 618 326 653 ψυχαγωγίας,
342 618 389 645 καὶ
403 618 495 645 ἰκανὸν
516 619 706 654 παρακαλέσαι
718 619 858 655 μακροθυ-

69 664 140 697 μεῖν,
154 664 196 694 είς
210 663 385 699 εὐχαριστίαν
395 663 581 691 διανίστανται
598 664 645 690 τοῦ
662 665 750 692 πάντα
766 665 858 699 σοφῶς

67 709 100 735 τὰ
112 709 235 744 ἡμέτερα
248 709 463 744 οίκονομοῦντος.
487 709 542 736 Καί
554 718 585 744 γε
599 710 630 745 δὴ
648 710 696 737 καὶ
711 711 741 737 τὸ
754 711 787 737 δι’
800 707 858 737 ὦνό

68 754 165 789 φθόνος
180 754 269 786 οὐδεὶς
294 755 494 789 ἀναφλέγεσθαι
513 755 604 791 χώραν
624 754 696 791 εἶχεν
716 757 857 792 (ἀρτιγενῆ

67 801 121 834 γὰρ
138 800 226 836 βρέφη
244 799 297 826 τίν’
322 800 356 827 ἂν
369 800 505 836 παράσχοι
530 801 668 836 πρόφασιν
677 801 857 837 βασκανίας),

67 845 135 872 ἀλλά
149 845 243 881 γὰρτὸ
253 844 314 872 κατ’
326 846 437 872 ἐκείνων
458 847 498 878 είς
519 846 627 881 σφαγὴν
668 847 754 878 οὕτως
781 846 858 873 ἀναί-

68 879 195 925 σχυντον,
224 890 272 917 καὶ
297 890 474 925 ἀνιστόρητον
502 879 666 926 ἐξορμῆσαι.
695 890 853 926 ζητήματος
874 879 895 908 Β

67 936 146 962 λύσιν
171 936 222 962 οὐκ
235 936 310 962 ἐστιν
335 936 438 972 ἄπορον
451 937 614 972 παρασχεῖν,
629 936 685 962 οὐδ’
708 938 749 969 είς
768 936 857 971 εὐμά-

68 991 145 1018 ρειαν
175 981 389 1017 μεταρυθμίσαι,
427 982 511 1014 ὅπως,
537 983 568 1008 τὸ
599 982 773 1017 μισόχριστον
804 982 858 1010 τῶν

73 1028 209 1054 Ἰουδαίων
225 1028 303 1061 γένος
319 1026 524 1063 εὐεργετοῦντα,
535 1027 583 1054 καὶ
598 1027 794 1064 θεραπεύοντα,
813 1027 858 1054 νό-

69 1082 131 1106 σους
143 1074 271 1105 ἀνιάτους
291 1073 339 1099 τὸν
352 1073 465 1108 Σωτῆρα
491 1073 551 1099 ἀντὶ
566 1072 612 1099 τοῦ
626 1072 787 1106 δοξολογεῖν,
809 1072 858 1099 καὶ

69 1119 215 1154 στεφάνοις
229 1119 394 1154 ἀμείϐεσθαι
416 1118 547 1154 χαρίτων,
564 1118 672 1154 σταυρῷ
684 1118 856 1151 κατεδίκασε,

68 1165 115 1190 καὶ
125 1163 302 1198 ἐπονειδίστῳ
330 1163 447 1198 θανάτῳ.
478 1163 509 1189 Et
535 1162 654 1197 γὰρ,ὲφ¹
677 1159 740 1190 ὦνό
762 1162 859 1197 φθόνος

69 1209 198 1244 οὐδεμίαν
223 1209 341 1245 πάροδον
354 1206 420 1244 εἶχε,
440 1209 531 1244 σφαγῇ
549 1208 612 1239 τοὺς
628 1209 763 1240 ἀναιτίους
775 1209 789 1235 ὁ
803 1208 858 1235 τῶν

73 1255 210 1281 Ἰουδαίων
225 1254 339 1289 ἡγεμὼν
356 1253 500 1288 μετῆλθεν,
516 1254 540 1279 oi
555 1254 614 1285 ταῖς
630 1254 796 1288 μιαιφονίαις
812 1253 858 1280 ὑπ’

69 1300 151 1327 αὐτοῦ
164 1299 430 1335 παιδοτριδηθέντες,
443 1299 491 1326 καὶ
505 1299 762 1335 προγυμνασθέντες
772 1299 798 1326 τί
808 1299 858 1326 οὐκ

68 1347 100 1373 ἂν
114 1346 319 1381 ἀπετόλμησαν,
333 1345 450 1380 μάλιστα
469 1345 560 1372 αύτῶν
585 1345 744 1381 τηλικούτου
756 1345 855 1380 φθόνου

70 1392 305 1428 στρατηγοῦντοςς
336 1391 391 1418 Καὶ
409 1391 464 1427 γὰρ
489 1388 527 1418 ὧν
543 1391 617 1417 ἐστιν
641 1392 708 1427 ὁρᾷν
724 1391 793 1428 ἔργα
809 1400 859 1427 με-

69 1439 150 1472 γαλα,
165 1438 213 1464 καὶ
243 1437 394 1472 θαυμάσια,
422 1437 470 1464 καὶ
494 1437 548 1464 τῶν
570 1436 675 1464 πολλῶν
695 1437 764 1472 πρὸς
789 1436 859 1463 αὺτά

69 1483 146 1510 οὐδὲν
161 1483 273 1510 ἔλαττον
287 1482 337 1518 τὴν
347 1482 422 1514 θέαν,
435 1482 451 1516 ἢ
467 1481 515 1516 τὴν
530 1481 636 1508 εὔνοιαν
651 1481 858 1517 ἐπιστρέφοντα,

68 1529 124 1564 ὅσῳ
142 1530 206 1560 τοὺς
214 1527 387 1563 εὐγνώμονας
399 1528 439 1560 είς
449 1527 600 1564 εὐφημίαν,
609 1527 656 1554 καὶ
669 1527 761 1562 θαῦμα
772 1527 858 1561 γλυκὺ
872 1546 894 1576 C

69 1576 117 1601 καὶ
129 1574 332 1609 σεὸασμιότητα
360 1573 500 1609 διεγείρει.
524 1573 644 1609 τοσούτῳ
661 1573 777 1608 μάλιστα
800 1574 857 1604 τοῖς

69 1621 229 1656 ἀχαρίστοις
254 1620 301 1647 καὶ
325 1620 530 1655 χακομηχάνοις
557 1619 588 1646 τὸ
611 1619 753 1653 ἐξάγιστον
779 1618 857 1645 τοῦτο

70 1667 154 1698 πάθος
170 1666 356 1693 ἐνδυναστεύει
384 1666 431 1692 καὶ
451 1666 482 1693 τὸ
495 1665 596 1698 κοάτος
613 1666 719 1702 ἄμαγον
730 1664 858 1701 περιὸάλ-

68 1713 152 1740 λεται.

105 1759 136 1785 Ει
157 1758 186 1785 δέ
204 1766 246 1785 σοι
263 1757 339 1793 φίλον
360 1756 408 1784 καὶ
430 1756 541 1789 πλείους
565 1757 726 1793 ἐπιθεωρεῐν
748 1757 855 1792 αἰτίας,

70 1805 178 1840 πρῶτος
200 1804 250 1838 μὲν
273 1805 287 1830 ὁ
301 1803 404 1835 δίκαιος
421 1802 505 1829 ’Δῦελ
518 1803 593 1829 οὐδὲν
612 1803 737 1838 ὀφείλων,
754 1804 805 1831 ὅσα
823 1813 856 1838 γε

69 1848 136 1886 ἧκεν
160 1849 201 1880 εἰς
224 1849 334 1875 οἰκείων
352 1848 439 1883 ἔργων
462 1847 585 1883 ὀφειλὴν,
611 1848 782 1883 παραδοθεὶς,
810 1849 858 1876 καὶ

71 1894 233 1928 ὗποόληθεὶς
247 1893 286 1929 τῷ
308 1893 417 1928 θανάτῳ
434 1893 540 1928 σαθρὰν
554 1893 637 1920 αὐτοῦ
653 1893 708 1920 τῶν
725 1893 856 1929 θεμελίων

68 1941 116 1976 τὴν
132 1940 255 1976 κρηπῖδα
269 1939 509 1975 καταϐαλλομένην
523 1939 635 1973 ἔδειξεν.
658 1940 735 1966 Ἐπεὶ
750 1941 779 1967 δὲ
796 1940 855 1976 μετ’

70 1987 150 2013 a'kbv
167 1986 261 2012 πολλοὶ
282 1985 337 2012 τῶν
352 1985 454 2020 ἐνόχων
475 1985 679 2021 περιετείχισάν
695 1994 725 2012 τε
748 1986 797 2012 καὶ
813 1985 857 2018 ἐξ·

70 2033 222 2067 ωρόφωσαν
235 2031 318 2058 αὐτοῦ
330 2031 380 2066 τὴν
392 2031 537 2066 οίκοδομὴν
545 2031 586 2062 είς
600 2031 731 2066 ὀχύρωμα
741 2040 749 2047 ·
760 2031 855 2067 ἔμελλε

69 2078 97 2104 δὲ
113 2079 127 2104 ό
142 2077 239 2114 Σωτὴρ
260 2076 305 2104 ἐπ’
325 2076 470 2112 εὐεργεσίᾳ
483 2076 531 2103 τοῦ
545 2076 640 2110 γένους
658 2076 856 2113 παραγεγονὼς

71 2122 211 2149 σκυλεύειν
227 2121 310 2148 αὐτοῦ
325 2121 360 2148 τὰ
383 2121 519 2157 βασίλεια·
540 2122 623 2148 οἱονεὶ
643 2123 788 2158 δορυφόροι
815 2131 856 2150 τι-

70 2169 113 2200 v‘:;
136 2168 184 2195 καὶ
202 2168 354 2204 πρόδρομοι
367 2167 415 2194 τού
434 2168 553 2203 μεγάλου
573 2168 705 2203 βασιλέως
729 2169 856 2204 ἀναμάρ-

905 257 1032 284 solatium
1057 257 1120 285 hinc
1141 258 1253 292 prodire
1279 260 1413 288 videatur.
1444 260 1600 290 Enceantur
1619 263 1694 291 enim

906 303 992 337 pueri,
1009 310 1126 338 quorum
1142 303 1198 330 vita
1223 309 1334 338 peccato
1351 305 1482 337 carebat,
1507 314 1540 334 ne
1560 314 1623 334 cum
1646 316 1693 342 pa-

907 347 1011 374 tiuntur
1034 347 1128 382 aliqui,
1155 348 1191 376 ob
1211 348 1351 383 culparum
1377 351 1534 384 gravitatem
1559 359 1590 379 se
1611 352 1693 386 plecti

906 397 1044 427 putantes,
1062 393 1168 428 plagam
1189 401 1221 420 ex
1244 394 1311 428 ipsis
1334 395 1418 422 animi
1441 397 1692 430 perturbationibus

907 437 1071 471 graviorem,
1087 441 1134 464 aut
1149 438 1316 465 acerbiorem
1342 439 1466 472 reddant,
1492 448 1579 475 neque
1600 442 1627 468 in
1643 441 1693 470 de-

907 482 1090 516 sperationem
1113 483 1292 518 dejiciantur;
1317 484 1365 512 sed
1389 485 1573 513 innocentiam
1594 494 1693 521 puero-

906 533 978 558 rum,
991 527 1126 562 simulque
1145 528 1171 555 in
1185 536 1233 556 eos
1245 529 1418 557 exsecranda:
1439 529 1586 565 impietatis
1604 539 1695 562 exem-

907 572 981 606 plum
1006 572 1138 600 habentes
1156 577 1215 608 Lpro
1239 579 1399 609 argumento
1425 576 1527 608 solatii,
1558 577 1631 612 quod
1660 579 1694 606 ad

908 619 1089 645 constantiam
1102 618 1251 646 bortationi
1272 620 1398 654 sutliciat,
1411 621 1444 648 ad
1458 623 1559 656 gratias
1576 623 1695 658 egelidas

908 663 943 694 ei,
959 663 1005 698 qui
1022 668 1116 691 nostra
1127 664 1217 692 omnia
1230 665 1429 699 sapientissime
1442 667 1608 701 moderatur,
1622 669 1694 696 exci-

908 712 1009 736 tentur.
1022 707 1108 736 Porro
1119 714 1208 737 autem
1224 718 1257 738 ex
1275 718 1307 738 eo
1323 712 1407 746 quod,
1429 712 1456 739 iu
1472 713 1572 748 quibus
1590 714 1692 742 nullam

909 753 1087 780 suceensendi
1109 761 1203 781 ansam
1229 754 1346 783 habebat
1375 756 1474 784 invidia
1496 756 1588 792 (quam
1618 759 1692 785 enim

909 807 997 834 nuper
1010 799 1067 826 nati
1084 800 1162 835 pueri
1179 800 1329 836 praeberent
1351 801 1406 828 odii
1432 802 1573 837 causam?)
1597 803 1625 831 in
1650 804 1693 831 bis

909 845 1090 874 nihilominus
1114 854 1201 881 usque
1224 847 1258 874 ad
1280 855 1375 875 necem
1398 848 1467 875 adeo
1493 848 1692 883 impudentem,

910 894 992 926 atque
1011 891 1159 919 inauditam
1189 892 1314 928 impietas
1342 894 1484 925 exarserit.
1507 894 1614 922 diﬂicile
1638 903 1693 923 non

909 941 951 964 est
967 937 1127 972 quaestionis
1142 937 1304 965 solutionem
1323 938 1456 974 depromi,
1475 945 1556 975 atque
1576 940 1603 967 in
1621 941 1694 975 apri-

909 989 971 1009 cum
988 982 1115 1018 proferri,
1139 985 1260 1018 Quanam
1283 984 1388 1012 scilicet
1407 985 1512 1012 ratione
1538 984 1693 1014 Iudaeorum

909 1027 983 1054 natio
1009 1027 1119 1055 Christo
1145 1027 1342 1062 infensissima,
1364 1028 1523 1057 fundentem
1549 1030 1692 1064 beneﬁcia,

909 1077 991 1108 atque
1004 1074 1217 1102 immedicabiles
1238 1075 1349 1103 morbos
1364 1079 1506 1102 sanantem
1522 1075 1692 1105 Servatorem

909 1127 963 1146 non
989 1120 1070 1147 modo
1095 1128 1150 1148 non
1177 1121 1303 1148 laudibus
1328 1126 1355 1149 et
1374 1123 1484 1150 coronis
1513 1123 1581 1158 grati
1609 1124 1694 1151 animi

908 1172 974 1200 ergo
995 1170 1136 1198 mactaret,
1161 1166 1208 1193 sed
1233 1166 1314 1194 etiam
1334 1175 1414 1195 cruce
1432 1176 1464 1195 ac
1484 1174 1571 1196 morte
1591 1170 1694 1204 turpis-

909 1209 978 1236 sima
990 1209 1136 1237 damnarit.
1149 1210 1175 1237 Si
1188 1211 1260 1238 enim
1274 1212 1443 1246 innocentes,
1457 1212 1482 1240 in
1492 1213 1592 1248 quibus
1603 1215 1694 1242 nullus

909 1253 1017 1281 invidia:
1046 1255 1154 1289 patebat
1185 1256 1286 1290 aditus,
1320 1255 1477 1285 Judzcorum
1506 1259 1631 1294 princeps
1658 1260 1693 1288 ad

909 1301 1024 1326 mbrtem
1051 1305 1210 1335 persecutus
1234 1307 1286 1335 est,
1310 1303 1374 1337 quid
1398 1311 1453 1330 non
1479 1305 1615 1339 prtecipue
1642 1305 1694 1334 sub

909 1349 992 1372 tanta:
1005 1345 1150 1380 impietatis
1175 1347 1306 1382 auspiciis
1326 1348 1458 1376 auderent
1479 1349 1496 1376 ii
1519 1350 1566 1384 qui
1586 1350 1621 1378 ab
1636 1351 1694 1386 ipso

910 1392 1021 1419 saevitiae
1042 1392 1239 1420 institutionem
1264 1401 1296 1421 ac
1326 1394 1486 1429 przeludium
1513 1397 1695 1432 acceperant?

909 1437 977 1464 lium
1000 1437 1071 1464 enim
1098 1438 1209 1472 grandia
1234 1443 1261 1466 et
1286 1439 1354 1467 mira
1384 1445 1540 1474 spectantur
1561 1441 1693 1476 facinora,

909 1486 936 1508 et
960 1489 1020 1516 quae
1039 1483 1187 1510 multorum
1214 1491 1268 1511 non
1293 1484 1383 1512 minus
1411 1486 1586 1514 attentionem
1610 1495 1692 1522 quam

911 1527 1125 1556 benevolentiam
1150 1529 1200 1557 sibi
1222 1530 1388 1564 conciliant,
1415 1537 1516 1566 quanto
1533 1533 1620 1568 magis
1636 1533 1694 1562 haec

911 1572 938 1599 in
954 1573 1049 1602 amicis
1070 1575 1291 1608 celebrationem,
1310 1576 1571 1613 demirationemque
1593 1578 1694 1613 jucun-

910 1617 973 1645 dam
999 1624 1079 1654 atque
1096 1619 1255 1655 obsequium
1276 1622 1412 1654 excitant,
1431 1627 1505 1650 tanto
1527 1623 1554 1649 in
1580 1624 1694 1658 ingratis

910 1670 943 1689 ae
957 1664 1081 1699 malignis
1093 1665 1252 1693 detestabile
1276 1667 1327 1695 hoc
1343 1667 1439 1695 vitium
1453 1667 1595 1704 imperium
1621 1679 1694 1698 vtm-

910 1716 963 1743 que
983 1710 1191 1744 insuperabilem
1204 1712 1332 1747 acquirit.

947 1753 1022 1786 Quod
1049 1754 1070 1780 si
1096 1754 1144 1781 tibi
1171 1755 1248 1789 plura
1273 1763 1382 1791 quoque
1404 1757 1510 1792 placeat
1535 1759 1695 1794 conspicere

911 1798 1070 1833 hujusmodi
1086 1800 1201 1827 crimina
1216 1821 1223 1833 ,
1242 1807 1379 1830 memento
1399 1803 1471 1838 quod
1491 1803 1569 1837 Abel,
1589 1805 1694 1839 primus

911 1844 956 1871 ille
984 1845 1074 1879 justus
1105 1852 1166 1873 cum
1195 1847 1269 1873 nulla
1303 1855 1416 1875 suarum
1447 1848 1585 1876 actionum
1614 1850 1695 1884 culpa

910 1894 1056 1921 teneretur.
1074 1891 1197 1926 proditus
1222 1897 1303 1928 atque
1323 1901 1372 1928 per
1388 1893 1502 1922 insidias
1522 1894 1604 1921 morti
1627 1895 1695 1922 sub-

908 1935 1014 1971 jectus,
1037 1937 1204 1964 exsecranda
1223 1937 1345 1972 ejusdem
1373 1938 1430 1966 vitii
1453 1939 1693 1967 fundamentorum

909 1981 1042 2016 principia
1065 1981 1137 2016 jaeta
1153 1982 1211 2015 jam
1233 1989 1294 2010 esse
1316 1983 1448 2011 ostendit.
1471 1983 1605 2016 Quoniam
1627 1991 1693 2011 vero

910 2033 972 2063 post
998 2028 1073 2055 illum
1111 2028 1188 2056 multi
1218 2029 1398 2057 conscelerati
1429 2031 1557 2058 homines
1585 2031 1695 2060 invidiae

910 2074 996 2108 ipsius
1009 2074 1098 2101 sedem
1114 2081 1194 2102 muro
1213 2083 1245 2102 ac
1260 2079 1330 2102 tecto
1347 2076 1523 2110 munierunt,
1536 2083 1619 2113 atque
1632 2085 1695 2106 eam

911 2120 993 2154 regali
1012 2119 1083 2148 fastu
1100 2119 1264 2155 Redemptor
1279 2121 1419 2149 hominum
1442 2122 1514 2150 bono
1528 2129 1609 2152 natus
1631 2132 1696 2159 spo-

909 2165 1027 2193 liaturus
1052 2170 1132 2198 erat,
1170 2170 1299 2202 tanquam
1331 2168 1424 2203 magni
1459 2169 1530 2204 regis
1563 2171 1694 2199 satellites

71 2214 144 2249 τητοί
158 2222 188 2240 τε
201 2233 208 2245 ,
224 2213 273 2240 καὶ
287 2214 344 2244 τοῖς
363 2214 542 2248 μαρτυρικοῖς
561 2214 659 2249 αἵμασι
675 2214 856 2250 περιρρεόμε-

928 2212 1019 2239 uidam
1034 2217 1116 2248 atque
1132 2220 1315 2247 prtecursores
1329 2213 1500 2246 innocentes,
1515 2220 1542 2242 et
1568 2217 1694 2252 martyrii

73 2267 110 2286 νοι
126 2258 291 2286 καταλαϐεῖν
306 2260 370 2290 τοὺς
386 2259 414 2285 ἐν
428 2258 468 2293 τῷ
482 2258 533 2295 ᾄδῃ
550 2260 747 2295 κατεχομένους
760 2259 857 2286 διοικο-

71 2306 237 2340 νομοῦνται,
265 2305 314 2332 καὶ
348 2305 626 2340 προαποστέλλονται·
661 2305 718 2341 ἅμα
747 2314 777 2332 τε
809 2305 858 2341 τὴν

72 2351 240 2386 Δεσποτικὴν
265 2351 424 2386 παρουσίαν,
440 2351 488 2378 καὶ
501 2351 593 2386 κοινὴν
609 2351 797 2387 ἀπολύτρωσιν
815 2351 859 2377 διὰ

72 2398 120 2433 τῆς
146 2398 238 2425 αὐτῶν
259 2397 421 2429 ἐπιστασίας
446 2397 698 2432 εὒαγγελιζόμενοι,
727 2397 774 2423 καὶ
805 2396 858 2423 δει-

73 2445 184 2476 κνύντες
197 2444 248 2475 τὰς
261 2443 380 2479 σφαγὰς,
393 2443 426 2476 ἀς
441 2443 486 2470 διὰ
497 2443 542 2470 τὸν
554 2443 643 2470 κοινὸν
658 2442 857 2478 Ἐλευθερωτὴν

73 2491 206 2525 ὑπέσχονσ
225 2490 273 2517 καὶ
293 2489 327 2516 δι’
349 2489 438 2516 αὐτῶν
462 2488 635 2524 πιστούμενοι
653 2488 857 2523 παραγενέσθαι

74 2537 116 2561 τὸν
142 2536 195 2562 ὑπὸ
220 2534 370 2570 προφητῶν
392 2534 646 2570 ἀνακηρυττόμενον
673 2533 789 2568 Σωτῆρα
809 2531 856 2559 τοῦ

75 2581 184 2615 γένους·
201 2581 250 2607 καὶ
261 2580 294 2616 δὴ
311 2580 358 2606 καὶ
373 2580 419 2606 τὸν
433 2579 500 2616 ᾅδην
513 2579 620 2615 ὁρῶντα
644 2579 779 2614 τοσαύτην
801 2579 857 2613 φά-

76 2626 160 2661 λαγγα
177 2626 285 2662 μυρίων
304 2626 459 2653 ἀνευθύνων
474 2625 622 2661 ἁμαρτίαις
639 2625 790 2651 ἐπιστᾶσαν
811 2625 858 2650 ἐκ-

75 2672 238 2708 ὣιματῶσαί
255 2681 295 2707 τε,
312 2673 359 2699 καὶ
374 2672 422 2707 τὴν
434 2673 495 2699 ὅσον
509 2671 585 2698 οὔπω
597 2691 604 2704 ,
620 2670 769 2707 μέλλουσαν
783 2669 858 2704 αυτῷ

77 2719 192 2754 παντελή
216 2718 378 2753 καθαίρεσιν
399 2717 445 2744 διὰ
472 2717 526 2744 τῶν
546 2716 697 2753 προοιμίων
713 2715 856 2748 ἐπιδεῖξαι.

81 2764 294 2801 ’Δναμαρτήτων
306 2764 372 2800 γὰρ,
389 2764 436 2790 καὶ¹
446 2763 509 2790 τότε
521 2763 656 2790 τοσούτων
668 2763 759 2796 σφαγῇ
773 2770 857 2788 κατα-

77 2812 164 2838 Silis:
179 2810 332 2843 παντελῶς.
348 2810 395 2837 καὶ
409 2810 565 2845 ἀφαιρεῖται
578 2808 608 2836 τὸ
622 2807 668 2835 τοῦ
683 2807 798 2836 θανάτου
817 2807 856 2834 δι-

78 2858 194 2894 καίωμα.

207 2904 334 2935 Panos
366 2902 423 2933 Gn.
446 2903 492 2933 Cl.

910 2259 1043 2293 sanguine
1061 2258 1223 2286 circumfusi
1239 2259 1273 2286 ad
1296 2267 1355 2292 eos,
1377 2260 1423 2294 qui
1441 2260 1467 2287 in
1487 2261 1571 2288 limbo
1585 2261 1694 2289 detine-

909 2304 1018 2336 bantur,
1030 2304 1225 2339 amplexandos
1237 2304 1395 2340 diriguntur
1411 2305 1685 2341 praemittunturque.

908 2354 938 2377 ut
952 2357 1001 2377 sua
1018 2350 1161 2384 praesentia
1177 2350 1260 2378 simul
1273 2355 1300 2378 et
1325 2350 1433 2378 Domini
1447 2351 1591 2379 adventum
1613 2357 1697 2387 atque

909 2403 1080 2423 communem
1096 2395 1285 2424 liberationem
1305 2397 1532 2432 evangelizarent,
1552 2399 1694 2427 mactatio-

909 2449 1026 2476 nemque
1049 2449 1125 2468 suam
1141 2450 1191 2476 pro
1217 2442 1357 2470 communi
1382 2443 1526 2469 Servatore
1549 2443 1694 2471 toleratam

909 2488 1101 2520 ostenderent,
1118 2495 1150 2515 ac
1162 2487 1257 2516 Patres
1270 2496 1318 2523 per
1331 2495 1380 2516 eos
1393 2489 1535 2516 crederent
1548 2497 1562 2516 a
1574 2490 1692 2524 prophe-

910 2533 945 2560 tis
962 2534 1136 2568 przedicatum
1149 2534 1234 2561 nostri
1252 2534 1361 2569 generis
1376 2534 1562 2561 Liberatorem
1577 2535 1691 2567 adesse;

909 2579 964 2606 imo
983 2580 1065 2607 etiam
1084 2584 1113 2606 ut
1135 2579 1257 2607 infernus
1274 2585 1348 2607 tanta
1374 2580 1582 2608 innumerorum
1598 2580 1694 2608 inson-

910 2625 976 2652 tium
1005 2624 1179 2652 multitudine
1207 2625 1367 2653 adveniente
1390 2629 1557 2658 tcrreretur,
1583 2626 1696 2654 absolu-

909 2676 1018 2705 tamque
1027 2671 1233 2698 debellatiouem
1246 2675 1260 2697 a
1275 2678 1304 2698 se
1317 2670 1438 2698 nondum
1449 2676 1632 2706 exspectatam
1647 2678 1694 2706 per

909 2717 1032 2751 quantum
1049 2716 1178 2752 prmludia
1195 2717 1422 2752 praesentisceret.
1436 2717 1546 2745 Scilicet
1563 2717 1694 2744 innocen-

909 2763 989 2794 tium,
1006 2767 1034 2790 et
1053 2763 1162 2797 quidem
1188 2766 1229 2790 tot
1243 2771 1390 2798 puerorum
1415 2763 1518 2792 occisio
1538 2765 1635 2792 mortis
1649 2763 1695 2798 jus

911 2817 1023 2844 prorsus
1038 2808 1135 2836 evertit
1151 2816 1183 2836 ac
1198 2809 1323 2838 destruit.

1490 2891 1507 2919 7
