1882 3075
207 193 258 226 195

781 192 914 222 ΡΗΟΤΙΙ
929 192 1184 223 ΡΑΤΗΙΑΒΟΗᾹΞ
1199 193 1254 224 CP.

1775 190 1817 223 196

243 249 292 277 llis
307 249 422 282 accedit,
439 248 512 284 quod
535 247 634 276 divinae
655 246 803 283 Sapientiae
824 249 991 276 consuetutlc

1085 249 1157 285 Πρὸς
1172 249 1202 276 δέ
1213 257 1245 283 γε
1259 248 1316 280 τοῖς
1328 247 1485 284 εἰρημένοις
1499 247 1546 274 καὶ
1558 246 1588 274 τδ
1601 246 1715 282 σύνηθες
1726 247 1771 279 τῆς
1780 248 1819 275 τοῦ

211 294 264 322 hac
290 294 317 321 in
348 302 377 321 re
404 295 504 322 mirum
537 299 669 329 quantum
702 293 840 329 eﬂ'ulgeat.
871 294 996 328 Quonam

208 339 308 374 pacto?
335 339 410 367 Solet
432 340 460 366 in
483 340 612 366 omnibus
632 339 783 374 ingenium,
805 343 832 366 et
857 340 995 374 eloquium

208 385 344 413 excedens
369 385 462 413 divina
493 384 632 419 Sapientia
656 391 689 412 ex
719 385 845 412 tristibus
874 392 906 412 ea
935 391 996 419 qua:

208 431 336 466 gaudium
360 435 388 458 et
412 431 578 465 voluptatem
598 435 738 465 praestant,
763 430 889 464 educere,
914 435 997 464 atque

207 484 241 504 ex
269 476 415 504 contrariis
441 475 579 503 contraria
608 483 779 511 comparare.
812 475 845 502 Et
874 476 994 511 primum

205 522 315 557 quidem
345 520 494 556 Josephum
520 521 640 548 fraterna
675 521 777 548 invidia
807 526 933 549 vexatum
961 521 996 548 ad

205 567 316 603 Egypti
337 567 482 602 imperium
505 567 605 594 evexit.
634 566 692 594 Nisi
713 568 788 594 enim
813 566 912 594 fratres
935 567 996 601 ejus

205 613 314 640 invidos
337 613 364 640 in
386 613 475 648 ipsum
498 613 593 640 oculos
619 611 815 647 conjecissent.
837 613 996 647 neutiquam

204 659 331 686 venditus
347 658 453 690 fuisset.
482 659 656 694 neutiquam,
681 659 733 686 nisi
748 658 876 686 venditus
893 663 920 686 et
940 666 997 686 ser-

203 706 292 737 viens.
325 710 353 732 et
383 705 521 741 pudicitiae
550 713 605 732 non
635 704 802 732 erubescens
829 704 995 736 libertatem,

204 752 332 779 latuisset
359 751 386 778 in
410 751 529 778 vinculis
545 751 672 778 detentus
688 759 694 777 :
712 750 766 778 nisi
784 750 903 777 vinculis
927 757 996 777 cou-

205 799 318 826 strictus
339 802 419 830 esset,
437 798 508 825 duos
531 798 646 825 somniis
664 797 817 832 implicatos
837 804 891 824 non
911 795 997 824 extri-

203 847 305 874 casset.
331 850 421 878 neque
450 843 512 870 inde
540 843 705 870 innotuisset
726 842 876 874 Pharaoni,
909 849 996 876 neque

204 888 303 916 fuisset
326 888 476 916 secundum
502 888 576 915 hunc
599 888 714 923 imperio
742 887 851 922 Egypti
882 888 993 922 potitus.

203 935 301 962 Cernis
322 938 456 969 quantum
474 941 508 961 ex
532 920 646 961 invidia'
659 920 918 967 odioque-fraterno
933 941 994 960 ma-
1010 920 1031 949 Β

204 981 280 1008 narit
302 980 424 1012 bonum,
447 984 474 1008 et
499 985 602 1015 quanta
631 980 703 1008 Deus
731 979 880 1015 Josephum
906 979 993 1015 gloria

203 1027 368 1054 coronavit?

239 1073 318 1100 Alius
335 1072 432 1100 deinde
449 1071 557 1099 Pharao
579 1077 675 1100 contra
691 1072 868 1100 Israeliticam
885 1077 992 1108 gentem

204 1118 268 1146 odio
283 1119 397 1152 exarsit,
417 1126 448 1146 ac
463 1118 565 1153 impius
579 1118 711 1146 masculis
727 1118 879 1146 infantibus
900 1118 991 1146 Nilum

203 1171 253 1199 pro
264 1163 396 1191 carniﬁce
409 1164 564 1191 constituit.
581 1164 616 1190 At
627 1171 660 1191 ex
677 1163 751 1191 illius
766 1163 874 1191 feritate
891 1163 992 1191 factum

203 1214 255 1242 est,
270 1214 300 1237 ut
315 1217 365 1245 pro
387 1210 565 1244 domuncula,
583 1209 610 1237 in
632 1217 686 1245 qua
711 1209 793 1237 simul
820 1210 897 1236 multi
914 1210 995 1243 dege-

203 1257 279 1288 hant,
295 1262 412 1290 quaque
435 1255 501 1282 nihil
519 1263 534 1282 a
554 1255 663 1283 caeteris
682 1256 862 1291 popularibus
886 1255 994 1283 differe-

203 1301 259 1331 bat.
276 1300 303 1327 in
324 1300 386 1327 aula
403 1299 595 1335 Egyptiorum
613 1307 707 1336 regum
731 1300 838 1336 Moyses
858 1300 994 1336 enutrirc-

203 1350 259 1378 tur,
282 1345 345 1373 inde
359 1345 449 1372 divina
468 1345 640 1373 Providentia
662 1346 822 1374 ostendente
843 1346 916 1380 quod
944 1346 992 1381 qui

206 1391 313 1419 insidiis
331 1391 524 1426 iinpetebntur,
548 1391 740 1419 insidiatorum
762 1391 907 1426 imperium
927 1393 994 1419 sub-

209 1442 323 1464 acturus
348 1440 432 1464 esset.
459 1435 595 1463 Nimirum
625 1436 706 1471 paulo
722 1441 784 1471 post
801 1436 898 1464 mortis
914 1444 992 1471 pwua

204 1481 324 1508 afficiens
348 1479 517 1515 Egyptium.
535 1480 581 1514 qui
600 1488 659 1507 eam
684 1480 830 1508 contribuli
853 1488 904 1507 suo
921 1480 993 1508 infe-

205 1526 294 1557 rebat,
324 1530 348 1552 ct
371 1525 426 1560 jam
456 1525 580 1553 detectus
611 1526 686 1554 illinc
713 1526 794 1562 fugit,
820 1534 852 1554 ac
882 1535 991 1555 rursum

1046 294 1115 321 Θεοῦ
1134 294 1231 329 σοφίας
1243 293 1362 321 ἐνταῦθα
1377 293 1497 329 μάλιστα
1510 292 1742 328 παρρησιάζεται.
1753 293 1820 320 Ποῖον

1046 339 1142 373 τοῦτος
1162 339 1266 367 Εῖωθεν
1283 340 1322 371 ὼς
1337 339 1440 366 ἑπίπαν
1467 339 1485 374 ἡ
1509 338 1689 374 ἀπερινόητος
1700 357 1708 369 ,
1726 338 1767 364 καὶ
1783 338 1821 364 ἁν-

1047 386 1203 422 έκφραστος
1227 386 1274 413 τοῦ
1291 385 1359 413 Θεοῦ
1381 385 1462 420 σοφία
1489 385 1522 412 ἐκ
1542 384 1597 412 τῶν
1617 384 1736 420 ἀνιαρῶν
1764 393 1821 419 προσ

1047 433 1137 468 άγειν,
1151 432 1169 460 ἃ
1180 433 1269 468 χαρᾶς
1286 433 1354 463 ἐστι.
1368 431 1416 459 καὶ
1429 430 1600 466 εὐφροσύνης
1614 430 1764 466 παρεκτικὰ
1782 431 1822 457 καὶ

1050 479 1083 506 ὲκ
1104 479 1159 505 τῶν
1174 478 1305 505 ἐναντίων
1327 478 1460 513 πηγάζειν
1481 477 1515 504 τὰ
1530 476 1715 512 ἀντικείμενα,
1731 477 1821 503 Αὐτίκα

1047 525 1080 550 ἐκ
1109 524 1158 559 τῆς
1189 522 1339 559 βασκανίας
1361 523 1417 549 τῶν
1445 522 1568 556 ἀδελφῶν
1594 521 1641 547 τὸν
1658 520 1754 556 Ἰωσὴφ
1782 522 1820 547 τὸν

1047 569 1218 605 φθονηθέντα
1229 569 1280 605 τῆς
1293 569 1434 603 Αἰγύπτου
1446 567 1599 601 κατέστησε
1624 566 1729 602 κύριον.
1746 567 1774 593 Εἰ
1791 567 1822 601 μὴ

1046 615 1102 651 γὰρ
1124 615 1254 650 φθονερὸν
1270 614 1345 649 αὐτῷ
1360 613 1493 640 ἐπέϐαλον
1517 612 1594 648 δμμα
1617 612 1641 639 oi
1664 612 1718 638 τῶν
1733 611 1823 638 ὠδίνων

1047 661 1182 692 κοινωνοὶ,
1195 660 1246 687 οὐκ
1269 660 1304 688 ἂν
1330 659 1450 695 ἐπράθη,
1471 658 1522 685 οὐκ
1536 658 1568 685 ἆν
1586 658 1623 694 μὴ
1641 657 1768 693 πραθεὶς.
1782 659 1822 685 καὶ

1045 706 1190 739 δουλεύων,
1215 706 1263 733 καὶ
1282 705 1333 741 τὴν
1353 705 1404 740 τῆς
1428 704 1607 740 σωφροσύνης
1625 705 1677 730 οὐκ
1699 703 1822 738 αἰσχύνων

1047 751 1205 787 ὲλευθερίαν
1219 751 1407 787 δεσμωτήριον
1419 751 1543 786 ᾣκησεν·
1560 751 1584 777 εί
1600 750 1638 785 μὴ
1651 750 1758 784 δέσμιος
1770 751 1822 783 ἐγε-

1046 799 1131 833 γόνει,
1147 799 1198 825 οὐκ
1214 798 1246 825 ἂν
1260 798 1325 827 τοὺς
1343 797 1459 832 ὀνείροις
1471 796 1640 831 δεδεμένους,
1653 795 1768 822 διέλυεν·
1780 796 1822 821 οὐκ

1047 845 1081 872 ἂν
1093 844 1200 871 ἐκεῖθεν
1215 843 1377 879 ἐγνωρίζετο
1399 843 1516 878 βασιλεῖ,
1533 843 1594 869 οὐδὲ
1618 842 1667 876 τὴν
1681 842 1740 877 μετ’
1752 841 1822 868 αὑτὸν

1046 889 1134 925 ἀρχὴν
1150 890 1200 926 τῆς
1223 889 1363 924 Αἰγύπτου
1387 889 1565 924 ἐκεχείρωτο.
1587 887 1668 923 Ὁρᾷς
1690 887 1779 922 ⁴ἡλίκον
1795 887 1822 912 ὲκ

1045 935 1155 970 φθόνου,
1172 935 1220 962 καὶ
1252 934 1432 970 μισαδελφίας
1451 934 1501 968 ἔφυ
1525 933 1640 967 ἀγαθὸν,
1663 932 1712 959 καὶ
1726 932 1822 963 ὂσαιςό

1043 980 1110 1013 Θεὸς
1127 981 1175 1008 τὸν
1195 980 1295 1015 Ἰωσὴφ
1309 980 1400 1012 δόξαις
1415 978 1622 1014 κατεστέψατος

1080 1069 1176 1101 nmo;
1203 1068 1317 1105 ὕστερον
1343 1068 1444 1104 Φαραὼ
1470 1067 1541 1095 κατὰ
1565 1067 1616 1102 τῆς
1640 1065 1822 1103 Ἰσραηλίτιδος

1043 1115 1131 1150 φυλῆς
1146 1115 1277 1150 ἐξεμάνη,
1291 1115 1339 1141 καὶ
1354 1116 1409 1145 τοῖς
1423 1115 1478 1140 τῶν
1492 1113 1600 1148 βρεφῶν
1611 1113 1710 1149 ἄρρεσι
1721 1113 1764 1139 τὸν
1778 1120 1821 1138 πο-

1042 1161 1130 1196 ταμὸν
1144 1162 1158 1188 ὁ
1174 1161 1334 1196 παράνομος
1356 1159 1488 1194 ἐπενόησε
1506 1159 1615 1194 δήμιον.
1636 1158 1717 1184 ’Λλλὰ
1735 1159 1765 1184 ὲκ
1781 1157 1824 1192 τῆς

1044 1207 1149 1234 ἐκείνου
1173 1208 1329 1243 μιαιφονίας
1346 1206 1360 1232 ὁ
1381 1205 1501 1240 Μωῦσῆς
1517 1205 1578 1231 ἀντὶ
1590 1204 1641 1239 τῆς
1654 1203 1726 1235 ἰδίας
1741 1203 1823 1233 ἑστίας

1045 1254 1110 1289 μιᾶς
1123 1253 1178 1279 τῶν
1194 1253 1300 1279 πολλῶν
1315 1251 1410 1287 οὔσης,
1432 1252 1479 1278 καὶ
1501 1251 1578 1278 οὐδὲν
1594 1251 1644 1286 τῆς
1660 1251 1716 1277 τῶν
1731 1249 1824 1285 ὁμοφύ-

1042 1298 1097 1326 λων
1112 1299 1295 1334 διαφερούσης
1313 1301 1343 1325 ὲν
1357 1299 1415 1330 τοῖς
1431 1298 1487 1324 τῶν
1499 1297 1656 1331 Αἰγυπτίων
1674 1297 1824 1331 ἀνακτόρων

1043 1344 1219 1380 ἀνετρέφετο,
1243 1344 1356 1371 αὐτόθεν
1378 1343 1428 1378 τῆς
1450 1343 1525 1375 θείας
1541 1343 1670 1378 προνοίας
1691 1341 1825 1377 ὲπιδηλού-

1044 1399 1105 1426 σης,
1117 1390 1154 1422 ὡς
1165 1391 1179 1417 ὁ
1195 1390 1449 1424 ἐπιϐουλευόμενος,
1465 1390 1549 1421 αὐτὸς
1563 1390 1701 1425 ἐγκρατὴς
1712 1389 1761 1424 τῆς
1776 1389 1825 1415 τῶν

1043 1436 1274 1464 ἐπιϐουλευόντων
1298 1436 1457 1469 δυναστείας
1472 1436 1559 1462 ἔσται.
1578 1435 1696 1462 Ἔπειτα
1720 1436 1772 1471 γὰρ
1793 1434 1826 1461 δί-

1043 1490 1096 1514 κας
1119 1482 1200 1517 φόνου
1224 1482 1325 1516 λαϐὼν,
1349 1482 1420 1518 ὑπὲρ
1435 1479 1473 1509 ὧν
1489 1482 1575 1517 ἠδίκει
1604 1481 1650 1508 τὶν
1666 1481 1825 1517 ὁμόφυλονό

1043 1529 1204 1562 Αἰγύπτιος,
1223 1529 1271 1555 καὶ
1287 1528 1451 1563 κατάφωρος
1470 1527 1590 1563 γεγονώς
1604 1536 1633 1554 τε
1648 1527 1764 1559 ὲκεῖοεν,
1784 1526 1826 1552 καὶ

205 1571 295 1606 signis
306 1571 492 1606 prodigiisque
507 1572 641 1604 munitus,
653 1577 749 1600 contra
761 1574 990 1609 exspectationem

1050 1575 1125 1602 πάλιν
1153 1574 1302 1611 ὸχυρωθεὶς
1316 1575 1439 1610 σημείοις
1464 1583 1494 1600 τε
1510 1574 1558 1600 καὶ
1570 1574 1676 1609 τέρασι,
1694 1574 1743 1600 καὶ
1760 1572 1827 1608 παρᾶ

204 1618 328 1650 exsurgit
354 1618 526 1652 percutitque
548 1617 707 1653 Egyptum,
731 1624 759 1646 et
780 1627 858 1647 suam
876 1620 994 1654 denique

205 1667 313 1698 gentem
328 1671 343 1690 a
359 1664 428 1690 dura
441 1663 539 1691 liberat
553 1664 683 1692 servitute
697 1673 703 1691 :
719 1672 766 1692 eos
779 1670 882 1698 autem,
895 1667 995 1701 quibus

205 1709 360 1736 serviebant
388 1708 514 1741 Hebraei,
547 1716 609 1736 cum
642 1709 717 1737 omni
752 1711 872 1738 exercitu
909 1712 995 1739 maris

204 1753 334 1781 fluctibus
359 1761 408 1788 pro
436 1753 557 1780 fluminis
590 1754 671 1788 aquis
695 1754 778 1781 tradit
803 1754 993 1783 suffocaudos.

205 1798 297 1832 Quare
320 1806 354 1825 ex
376 1805 410 1826 eo
431 1798 495 1833 quia
517 1797 692 1826 Hebraeorum
716 1799 839 1826 insontes
859 1801 885 1826 in
910 1799 994 1827 ﬂuvio

205 1844 310 1872 enecati
327 1848 402 1875 sunt,
419 1849 473 1871 tota
487 1844 561 1871 natio
578 1851 593 1870 a
606 1844 717 1871 servitio
730 1845 869 1880 redempta
882 1849 943 1878 est;
961 1852 993 1872 ac

205 1889 331 1917 fremitus
346 1889 533 1924 {Egyptiorum
549 1897 610 1916 cum
634 1889 701 1924 ipsis
723 1889 891 1924 agminibus,
908 1890 995 1917 curri-

206 1935 268 1966 bus.
284 1934 505 1969 satellitibusque
524 1933 606 1961 ﬂuctu
625 1934 715 1961 obruti
733 1939 807 1962 sunt.

241 2024 272 2051 Et
299 2023 385 2050 multa
407 2022 517 2058 quidem
542 2021 700 2057 huiusmodi
723 2029 756 2049 ex
779 2022 867 2050 sacris
898 2021 992 2049 Eccle-

206 2069 255 2097 sia:
286 2069 409 2097 historiis
442 2068 558 2096 collecta
585 2073 678 2103 posset
706 2068 844 2103 quispiam
874 2069 902 2095 in
936 2076 993 2095 me-

207 2114 283 2141 dium
297 2114 403 2141 afferre.
421 2113 522 2140 Eadem
540 2113 632 2148 itaque
655 2113 761 2140 ratione
775 2120 824 2148 per
845 2120 993 2140 exsecran-

206 2159 269 2186 dam
288 2159 492 2193 immanemque
510 2166 657 2194 puerorum
673 2159 773 2186 caedem
795 2165 903 2186 corona:
917 2166 992 2185 mar-

206 2205 312 2239 tyribus
345 2204 450 2240 dignae,
479 2208 506 2232 et
531 2203 775 2232 immarcescibiles
807 2204 875 2238 ipsis
904 2203 992 2231 beatis

1045 1621 1125 1653 δόξαν
1150 1621 1305 1656 ἐφίσταται,
1321 1622 1369 1648 καὶ
1387 1621 1515 1655 μαστίζει
1537 1620 1586 1656 τὴν
1611 1622 1770 1655 Αἴγυπτον
1785 1619 1827 1646 καὶ

1043 1665 1121 1696 τέλος
1133 1666 1196 1697 τοὺς
1210 1665 1261 1700 μὲν
1276 1665 1428 1700 ὁμοφύλους
1443 1665 1494 1700 τῆς
1509 1665 1630 1700 χαλεπῆς
1644 1665 1768 1695 δουλείας
1779 1666 1827 1692 ὰπ-

1044 1710 1186 1738 αλλάττει·
1208 1711 1270 1743 τοὺς
1293 1711 1322 1738 δὲ
1345 1711 1641 1746 καταδουλωσαμένους
1664 1710 1828 1747 πανστρατιᾷ

1045 1757 1180 1792 θαλάττης
1195 1757 1256 1784 ἀντὶ
1266 1757 1316 1792 τῆς
1328 1757 1462 1792 ποταμίου
1479 1758 1635 1793 μιαιφονίας
1651 1758 1827 1791 ὲναποπνίγει

1045 1803 1190 1840 ῥεύμασιν.
1208 1804 1290 1830 Ὥστε
1312 1803 1342 1836 ἐξ
1364 1800 1401 1831 ὦν
1413 1805 1428 1830 ὁ
1442 1803 1541 1838 Φαραὼ
1564 1804 1599 1830 τὰ
1622 1803 1676 1830 τῶν
1694 1804 1827 1840 Ἐϐραίων

1046 1849 1134 1885 βρέφη
1153 1850 1282 1885 ποταμίῳ
1297 1849 1405 1885 θανάτῳ
1417 1850 1626 1881 κατεδικάσατο,
1638 1851 1670 1876 ὲκ
1683 1851 1788 1877 τούτων
1800 1857 1826 1875 τε

1043 1895 1074 1921 τὸ
1093 1895 1173 1930 γένος
1191 1895 1264 1922 ἆπαν
1282 1896 1406 1931 ἀνεσώθη
1432 1896 1481 1929 τῆς
1495 1887 1695 1931 αίχμαλωσίας,
1712 1896 1761 1922 καὶ
1779 1895 1827 1921 τῶν

1044 1940 1202 1974 Αἰγυπτίων
1215 1941 1246 1968 τὸ
1260 1942 1395 1976 φρύαγμα
1416 1941 1485 1977 αὐτῇ
1504 1942 1629 1977 στρατιᾷ.
1646 1942 1692 1968 καὶ
1713 1941 1826 1977 ἅρμασι,

1044 1987 1093 2013 καὶ
1109 1986 1269 2021 τριστάταις
1284 1987 1450 2022 ὑποϐρύχιον
1466 1987 1606 2020 γεγόνασι,

1079 2031 1135 2057 Καὶ
1155 2031 1239 2058 πολλὰ
1261 2031 1373 2057 τοιαῦτα
1390 2032 1422 2056 ὲκ
1437 2030 1492 2057 τῶν
1516 2031 1598 2066 ἱερῶν
1617 2030 1759 2066 λειμώνων
1781 2031 1826 2065 τῆς

1049 2075 1212 2110 Ἐκκλησίας
1235 2075 1486 2109 ἀνθολογησάμενος
1508 2074 1677 2107 ἐπιδείξειεν.
1693 2075 1771 2102 Οὖτω
1789 2075 1825 2105 δὲ,

1043 2118 1115 2146 οὕτω
1132 2120 1179 2146 καὶ
1196 2119 1241 2146 διὰ
1269 2120 1318 2154 τῆς
1337 2120 1485 2154 ἀλάστορος
1512 2120 1561 2147 καὶ
1583 2121 1759 2155 παλαμναίας
1777 2121 1827 2147 τῶν

1043 2166 1148 2201 νηπίων
1163 2166 1270 2200 σφαγῆς
1285 2166 1310 2192 οἱ
1326 2165 1491 2201 μαρτυρικοί
1503 2174 1533 2192 τε
1544 2186 1551 2198 ,
1566 2167 1614 2193 καὶ
1630 2167 1764 2202 ἀκήρατοι
1775 2167 1828 2198 τοῖς

1045 2211 1191 2246 μακαρίοις
1205 2211 1358 2246 ὲξήνθησάν
1368 2219 1409 2244 τε,
1424 2212 1471 2238 καὶ
1488 2211 1674 2247 διεπλάκησαν
1692 2213 1825 2247 στέφανον

206 2250 392 2278 exﬂoruerunt
405 2255 495 2285 ratque
514 2250 624 2278 intexta;
640 2253 705 2278 sunt
721 2257 728 2276 :
749 2249 806 2277 imo
822 2249 923 2276 factum
938 2254 990 2282 est,

1050 2256 1092 2283 καὶ
1106 2257 1137 2283 τὸ
1151 2257 1199 2284 σὺν
1218 2257 1361 2292 παρρησίᾳ
1381 2257 1564 2293 παρίστασθαι
1586 2267 1616 2284 τε
1632 2258 1670 2293 τῷ
1693 2259 1764 2293 Θεῷ,
1783 2257 1827 2284 καὶ

207 2302 238 2324 ut
262 2299 351 2325 securi
380 2296 435 2325 Deo
461 2296 633 2328 sisterentur,
662 2305 695 2324 ac
725 2301 883 2332 perpetuam
919 2296 992 2323 illam

206 2343 335 2370 ineffabili
361 2343 461 2378 gaudio
497 2347 525 2370 et
560 2342 688 2370 felicitate
721 2350 784 2370 cum
821 2343 992 2378 incorporeis

205 2390 361 2425 agminibus
385 2389 513 2416 choream
536 2389 706 2424 plauderent,
730 2387 942 2422 beatissimnque
968 2392 994 2415 et

206 2437 325 2472 perfecta
360 2435 519 2470 optabilium
554 2443 644 2462 rerum
677 2435 783 2463 visione
812 2435 992 2468 laetarentur;

205 2483 306 2518 quibus
326 2490 450 2517 quanam
478 2482 676 2509 interneciones
699 2486 726 2509 et
741 2489 866 2516 quanam
891 2481 994 2515 suppli-

205 2528 310 2555 ciorum
337 2526 501 2554 acerbitates
513 2526 658 2560 cnndigna:
676 2526 905 2553 azstimabuntur?
924 2525 994 2558 Qua-

207 2578 319 2608 propter
338 2573 406 2600 adeo
426 2580 479 2599 non
503 2572 664 2607 expediebat
684 2573 807 2607 iniquam
826 2579 852 2599 et
872 2579 991 2607 praepro-

207 2626 299 2654 peram
322 2619 468 2646 infantium
485 2624 600 2646 mortem
616 2627 781 2654 quacunque
796 2619 901 2646 ratione
923 2626 992 2653 pra:-

205 2664 314 2699 pedire;
338 2669 367 2691 ut
391 2665 476 2692 multo
503 2665 600 2692 melius
628 2665 711 2691 fuerit
737 2672 796 2692 eam
821 2664 939 2699 permitti
960 2671 992 2691 ac

206 2709 367 2744 perpetrari,
384 2716 438 2744 quo
454 2709 503 2743 ipsi
519 2710 600 2736 tantis
615 2709 642 2737 in
657 2714 756 2736 aeterna
776 2713 802 2736 et
818 2709 991 2736 inenarrabili

206 2757 336 2785 heatitate
350 2756 548 2790 pullulantibus
564 2756 643 2784 bonis
661 2756 877 2783 cumularentur.

241 2802 331 2836 Atque
348 2802 407 2830 haec
423 2801 502 2836 quasi
527 2802 560 2828 ad
584 2801 744 2836 explendam
762 2808 847 2828 sacra:
870 2799 991 2827 scientia:

204 2848 380 2882 cupiditatem
396 2848 443 2874 tibi
467 2847 612 2874 sufficiant.
630 2846 708 2879 Quod
723 2847 746 2874 si
770 2847 832 2881 quis
844 2846 871 2872 in
891 2853 990 2873 arcana

201 2901 269 2923 cuin
297 2884 387 2922 Paulo,
413 2893 495 2922 verba
525 2893 682 2927 admissus,
716 2893 796 2920 nobis
824 2892 923 2920 melius
958 2899 989 2920 ea

1045 2302 1094 2338 τῆν
1114 2302 1232 2339 ἄληκτον
1250 2303 1357 2338 ἐκείνην
1371 2303 1401 2329 ὲν
1416 2303 1555 2338 ἀδιηγήτῳ
1572 2304 1654 2340 χαρᾷ.
1671 2305 1718 2330 καὶ
1733 2304 1828 2339 εὖφρο-

1046 2347 1113 2382 σύνῃ
1127 2348 1176 2374 σὺν
1193 2348 1249 2379 τοῖς
1264 2348 1422 2382 ἀσωμάτοις
1436 2349 1558 2383 τάγμασι
1573 2349 1769 2381 συνεξελίσσειν
1785 2353 1828 2384 χοὶ

1045 2392 1132 2428 ρείαν,
1151 2393 1198 2420 καὶ
1213 2393 1259 2419 τοῦ
1286 2395 1497 2429 μακαριωτάτου
1510 2415 1518 2427 ,
1535 2394 1583 2422 καὶ
1610 2395 1762 2430 ἀκροτάτου
1776 2395 1827 2421 τῶν

1044 2437 1165 2472 ὀρεκτῶν
1190 2438 1338 2466 ἀπολαύειν
1362 2439 1515 2474 θεάματος·
1543 2437 1580 2466 ὧν
1604 2440 1685 2466 πόσαι
1715 2441 1825 2475 σφαγαὶ,

1045 2484 1120 2510 ποῖαι
1134 2483 1162 2510 δὲ
1180 2484 1321 2519 τιμωριῶν
1336 2484 1502 2520 δριμύτητες
1517 2485 1631 2518 ἀντάξια
1656 2486 1827 2521 λογισθὴσον-

1043 2538 1106 2562 ταις
1120 2530 1203 2557 Ὥστε
1218 2531 1248 2557 οὐ
1266 2531 1347 2566 μόνον
1360 2532 1410 2558 οὐκ
1423 2529 1457 2567 ἦν
1475 2532 1585 2566 ἄμεινον
1601 2533 1751 2566 οὐδαμόθεν
1767 2534 1826 2559 ὲπιο

1046 2577 1119 2610 σχεῖν
1133 2575 1178 2602 τὸν
1191 2576 1324 2611 ἔκθεσμον
1338 2585 1380 2609 τε,
1395 2578 1442 2604 καὶ
1457 2577 1546 2611 ἄωρον
1561 2577 1614 2604 τῶν
1628 2577 1736 2613 βρεφῶν
1751 2577 1828 2604 θάνα-

1043 2629 1090 2647 τον
1103 2629 1110 2636 ο
1124 2621 1192 2648 ἀλλὰ
1206 2622 1252 2648 καὶ
1265 2622 1354 2657 πολλῷ
1366 2623 1492 2657 κρεῖσσον
1510 2623 1648 2656 ἐναφεῖναί
1673 2632 1702 2649 τε
1723 2623 1770 2649 καὶ
1784 2624 1826 2649 ὲν-

1043 2665 1134 2692 δοῧναι
1159 2666 1301 2701 προελθεῖν
1315 2667 1449 2694 τοσούτων
1470 2668 1562 2699 αὐτοῖς
1585 2667 1691 2694 ἐκεῖθεν
1713 2667 1827 2694 αἰωνίων

1043 2720 1080 2738 τε.
1101 2713 1147 2738 καὶ
1162 2713 1316 2747 ἀδιηγήτων
1330 2713 1594 2748 ἁναϐλαστησάντων
1609 2713 1730 2748 ἀγαθῶν.

1085 2801 1164 2828 Ἀλλὰ
1186 2801 1273 2828 ταῦτα
1289 2801 1339 2836 μὲν
1362 2801 1432 2828 ἔστω
1454 2811 1494 2829 σοι
1508 2804 1558 2838 τῆς
1576 2803 1652 2838 ἱερᾶς
1666 2802 1828 2838 φιλομαθίας

1042 2846 1136 2881 ὥσπερ
1163 2855 1204 2878 τις
1221 2847 1282 2882 ἱερὰ
1306 2847 1464 2881 ἀφοσίωσις.
1490 2848 1520 2875 ΕΞ
1534 2848 1562 2874 δέ
1579 2857 1621 2880 τις
1635 2849 1690 2875 τῶν
1707 2848 1828 2883 ἀπορρή-

1041 2900 1096 2919 των
1114 2892 1160 2919 τοῦ
1177 2892 1282 2920 Παύλου
1297 2893 1429 2930 ῥημάτων
1455 2893 1563 2930 μύστης
1591 2894 1722 2929 γεγο·.ὼ;,
1741 2901 1825 2930 μυστ-
