1882 3075
225 181 275 215 199

793 189 924 220 PIIOTII
943 191 983 220 PA

1045 191 1194 222 [ARCHfE
1208 194 1262 225 ΟΡ.
1780 200 1824 231 200

221 241 367 272 admodum
398 242 508 268 nomina
539 243 620 271 homo
652 248 679 272 et
703 245 860 274 humanitas
887 254 942 274 non
969 256 981 273 ιι

1055 248 1263 286 ῆάνθρωπότης
1279 251 1330 278 οὐκ
1344 252 1433 284 ἄλλον,
1459 254 1507 281 καὶ
1530 255 1609 282 ἄλλον
1633 257 1824 292 παραδεχόμενι

221 285 304 313 alium
328 291 408 320 alque
428 287 511 314 alium
536 296 646 315 sensum
669 293 808 324 spectant;
822 295 849 318 et
865 290 1004 318 nihilomi-

221 338 273 358 nus
287 331 352 358 illttd
368 333 400 358 de
415 332 528 360 Socrate
545 333 619 360 nullo
640 333 832 368 impedimento
845 340 1003 370 usurpatur,

220 375 274 403 hoc
299 379 390 402 autem
424 384 615 412 nequaquam;
643 379 679 406 ita
704 386 814 414 quoque
840 388 921 408 voces
951 380 1004 408 illa:

220 419 304 452 Deus.
329 426 355 448 et
376 422 476 454 Deitas,
503 423 565 450 licet
587 424 708 452 diversas
733 425 808 453 ideas
834 434 888 453 non
914 427 1002 454 conti-

219 471 312 498 neant,
328 472 465 501 nequeant
479 472 570 496 tamen
590 469 623 497 de
643 470 742 497 divinis
758 473 881 506 personis
901 473 1003 507 pariter

217 511 292 538 dici?
318 511 353 538 At
379 512 452 539 dieet
482 511 598 541 fortasse
630 514 826 549 elegantiorum
858 516 1000 544 hominum

217 556 366 591 quispiam,
382 558 454 592 quod
471 564 571 593 augeat
592 559 654 592 hoc,
681 568 734 588 non
750 561 838 589 diluat
855 563 1001 597 proposita:

216 602 377 636 quaestionis
398 602 583 631 difﬁcultatem
597 613 604 637 ;
623 609 704 640 atque
718 606 856 640 petitionis
872 607 999 642 principii

216 648 399 682 suspicionem
426 649 538 676 minime
561 649 750 685 eﬂ'ugiat.ﬂos
775 657 865 680 autem
882 660 938 679 rem
954 661 1000 680 ae-

214 697 308 719 curnte
324 701 377 719 non
394 692 478 720 fuisse
496 699 637 722 assecutus
658 695 720 723 inde
733 701 814 730 patet,
828 698 899 732 quod
915 705 968 725 non
983 706 999 726 e

215 746 244 765 re
270 738 353 765 simili
381 739 413 766 ad
442 747 499 768 rem
523 741 691 775 propositam
723 742 751 769 in
775 743 927 777 qtuestione
953 744 999 772 liat

214 783 351 813 transitio.
365 792 453 819 neque
467 785 492 812 id
507 785 702 815 obscuritatem
720 793 828 821 augeat,
841 789 896 816 imo
909 797 999 824 neque

213 829 328 862 primatu
356 830 542 865 interrogandi
572 838 702 864 causam,
733 833 812 866 quasi
840 833 997 867 cognitam,

212 878 349 909 supponat
372 883 378 901 :
403 879 485 909 atque
520 875 585 903 hinc
615 876 706 911 pntius
735 877 779 905 isti
808 882 910 905 rectum
941 886 996 905 tton

211 920 308 947 tulisse
326 919 461 953 judicium
491 926 654 955 arguuntur.
684 921 713 949 Si
738 922 810 949 enim
838 923 865 950 in
893 922 1032 955 naturae}!

210 972 338 993 sermone
353 966 508 1001 bujusmodi
523 968 718 995 vocabulorum
737 969 858 997 conditio
874 969 997 996 animad-

210 1011 325 1038 vertitur
351 1011 378 1038 itt
402 1012 456 1039 illis
478 1013 578 1046 rebus,
605 1013 632 1040 in
663 1013 763 1048 quibus
787 1014 915 1042 identitas
941 1022 996 1043 non

209 1056 336 1088 laaditur,
362 1062 444 1092 atque
467 1057 496 1084 in
522 1058 757 1087 cnuntiationibus
782 1059 839 1093 ipsa
862 1059 994 1087 voeabula

206 1110 290 1130 usum
314 1110 368 1130 non
392 1103 509 1131 similem
532 1103 649 1137 habent;
675 1106 814 1139 quomodo
837 1106 948 1134 evidens
968 1110 996 1133 et

208 1147 383 1182 perspicuum
399 1155 453 1175 non
478 1152 531 1181 est,
554 1148 626 1183 quod
653 1156 741 1184 neque
764 1151 921 1178 abstrusum
943 1158 995 1185 pn-

209 1193 320 1220 tandum
341 1193 387 1225 sit,
401 1201 490 1228 neque
510 1193 660 1222 absurdum
682 1195 709 1222 itt
725 1196 872 1230 theologia.
896 1204 957 1230 quae
979 1204 995 1224 a

207 1240 324 1267 materie
346 1240 429 1275 longo
453 1239 599 1268 intervallo
616 1241 707 1274 distat,
730 1250 847 1277 quaeque
876 1244 993 1271 maxima

206 1285 365 1319 dillicultate
379 1286 528 1314 humanam
546 1291 664 1316 mentem
681 1287 863 1322 untlequaqtte
886 1288 994 1323 gravio-

206 1331 283 1360 ribus
296 1331 417 1366 implicat
432 1331 642 1366 quaestionibus,
662 1333 688 1360 itt
709 1333 811 1367 quibus
834 1341 922 1368 neque
939 1335 992 1361 nlla

206 1377 260 1404 alia
280 1383 346 1403 voce
361 1377 530 1404 adamttssim
549 1377 612 1406 licet
626 1378 805 1412 qumstiont-m
819 1379 992 1413 exptitnere;

207 1423 233 1449 itt
259 1422 312 1455 bis,
332 1422 455 1457 inquam,
471 1429 582 1457 quoque
603 1423 685 1451 modo
701 1424 857 1458 huiusmodi
878 1425 993 1453 commi-

206 1468 275 1496 nisci
306 1475 387 1496 usum
416 1468 611 1498 vocabulorum
628 1488 636 1501 ,
662 1477 744 1504 qttte,
776 1470 882 1497 etiamsi
912 1471 992 1498 rebus

205 1515 346 1550 corporeis
369 1515 454 1542 veteri
474 1519 501 1544 et
522 1519 632 1550 recepto
652 1515 759 1549 judicio
777 1517 990 1550 accommodari,

204 1566 292 1596 atque,
313 1561 383 1589 idem
411 1561 566 1596 signiﬁcare
591 1561 754 1594 videantur,
780 1563 876 1590 eodem
900 1567 989 1590 tamen

204 1612 283 1642 pacto
302 1607 443 1642 praedicari
464 1615 519 1635 non
535 1608 670 1642 possunt?
691 1606 807 1635 Ubinam
831 1608 923 1643 itaque
936 1610 990 1636 dif.

202 1654 312 1681 ticnltas
325 1654 368 1681 hic
387 1658 514 1689 augetur,
529 1659 576 1682 aut
595 1661 678 1681 causa
697 1661 747 1688 pro
762 1662 846 1682 causa
862 1655 991 1690 ponitur?

238 1699 306 1727 Novi
319 1704 409 1728 autem
426 1700 569 1735 quosdam,
588 1699 636 1734 qui
657 1700 770 1727 dubium
790 1701 895 1732 diluere
913 1702 989 1729 arbi-

200 1750 313 1775 trantur
329 1746 476 1776 hominem.
492 1752 526 1772 ac
542 1750 680 1777 naturam.
702 1746 877 1781 speciemque
892 1747 989 1775 buma-

203 1800 267 1820 nam
282 1793 456 1825 assumenda,
474 1799 535 1826 quae
557 1791 759 1827 quodammodo
772 1792 798 1819 in
819 1792 891 1820 idem
917 1793 988 1820 invi-

199 1846 262 1866 cem
279 1838 421 1866 concidere
437 1837 579 1871 videntur;
599 1838 626 1865 in
642 1837 765 1866 Socratis
786 1843 877 1866 autent
889 1839 988 1873 praedio

199 1883 308 1912 catione
325 1883 521 1915 diversitatem,
532 1890 587 1911 non
604 1883 822 1911 convenientiam
836 1883 986 1918 proferunt.

203 1929 330 1960 Socrates
340 1930 413 1957 enim
430 1929 513 1956 homo
526 1929 635 1964 quidem
647 1929 758 1961 dicitur,
775 1933 804 1956 at
822 1937 911 1964 neque
923 1937 986 1964 spe-

201 1976 268 2007 cies,
287 1983 375 2009 neque
394 1979 502 2007 natura.
517 1975 541 2002 si
556 1975 597 2002 vis
618 1979 720 2007 autem,
734 1982 821 2009 neque
833 1976 921 2003 forma
943 1976 986 2004 his

201 2019 348 2054 conjuncta
363 2019 493 2053 appellari
510 2020 619 2053 poterit.
632 2019 687 2047 Hos
699 2025 790 2048 autem
805 2020 884 2056 l'ngit,
903 2026 933 2048 ut
947 2021 987 2049 vi-

200 2065 291 2095 detur,
305 2064 443 2098 quomodo
460 2064 496 2092 sit
519 2065 553 2091 de
575 2065 731 2094 nominibus
752 2066 943 2101 iudicandum,
959 2072 987 2095 et

201 2109 273 2144 quod
292 2116 462 2144 quaecunque
494 2109 528 2136 ad
545 2109 672 2145 physicas
700 2119 744 2139 res
770 2112 882 2140 nomina
902 2113 986 2147 perti«

200 2160 274 2187 nent,
294 2155 352 2190 ipsa
364 2154 398 2182 ad
408 2162 450 2182 res
467 2155 636 2189 signiﬁcatas
647 2156 811 2191 ltteulenter,
827 2166 858 2185 ac
874 2159 984 2193 proprie

199 2201 322 2229 ferantur
339 2209 347 2228 :
363 2207 424 2235 quae
441 2208 505 2229 vero
525 2208 541 2229 a
555 2201 696 2230 dialectica
714 2204 841 2231 oriuntur
858 2205 982 2239 specula-

199 2247 283 2279 tione,
299 2251 326 2274 et
341 2246 514 2275 dialecticum
535 2248 681 2282 quemdam
699 2249 838 2276 involvunt
859 2257 980 2282 sensum,
994 2257 1021 2288 D

198 2294 256 2321 haec
267 2293 300 2321 ad
314 2293 482 2328 signiﬁcatas
499 2297 603 2322 natura:
618 2302 661 2322 res
678 2294 703 2321 vi
719 2295 830 2330 propria
850 2303 903 2322 non
919 2304 981 2330 per-

196 2341 315 2375 tingunt.
337 2339 425 2366 Ilomo
439 2347 505 2366 vero
520 2343 547 2366 ct
561 2339 729 2372 humanitas,
746 2348 852 2367 necnon
876 2340 981 2368 Divini-

194 2391 250 2418 tas,
265 2390 293 2413 et
307 2385 376 2412 Deus
388 2392 441 2412 tton
464 2389 528 2412 sunt
550 2384 644 2419 logica
661 2385 819 2414 subtilitatis
838 2394 979 2414 commen-

196 2431 324 2463 tationes,
339 2429 386 2457 sed
400 2429 557 2458 ersistentis
571 2429 609 2457 rei
623 2430 733 2458 nomina
744 2440 750 2458 :
760 2435 878 2459 attamen
889 2440 923 2459 ex
937 2433 979 2460 his

193 2478 319 2511 quadam
340 2483 450 2511 quoque
473 2475 588 2510 vestigia
611 2475 714 2510 ingredi
734 2475 774 2503 fas
793 2481 845 2508 est,
865 2484 926 2511 qua:
944 2477 979 2505 ad

195 2522 270 2550 dubii
296 2522 458 2549 solutionem
481 2521 630 2549 adducunt.
650 2520 756 2549 Etenim
781 2529 844 2549 cum
861 2522 919 2550 haec
935 2530 979 2550 se-

190 2573 257 2592 acum
276 2565 390 2593 invieetn
407 2571 609 2600 comparantur,
627 2572 717 2593 rerum
735 2565 839 2593 scilicet
858 2566 978 2599 nomina,

194 2617 222 2640 et
239 2620 271 2640 ea
287 2620 347 2648 qua:
368 2612 484 2648 logicam
507 2612 534 2639 in
555 2612 644 2640 verbis
668 2612 847 2640 subtilitatem
867 2612 977 2646 habent,

194 2665 250 2685 non
262 2657 403 2685 minimam
416 2658 443 2685 in
453 2658 510 2693 ipsa
522 2657 673 2685 diﬂ'erentia
683 2661 804 2683 mutttam
821 2657 978 2684 commutti-

194 2703 329 2731 cationem
352 2703 481 2734 retinent.
498 2702 584 2730 Verba
599 2702 672 2730 enim
688 2702 874 2737 singularibus
895 2703 978 2730 rebus

193 2749 296 2777 tributa
303 2753 329 2777 et
340 2748 480 2776 involvunt
491 2749 542 2777 ista
557 2748 680 2782 ttomina,
693 2753 721 2776 et
731 2747 799 2783 ipsis
812 2747 977 2781 innituntur,

1055 293 1143 328 λόγον,
1168 295 1243 329 ὅμως
1263 296 1293 322 τὸ
1317 298 1366 332 μὲν
1382 297 1490 333 λέγεται
1514 301 1585 327 κατὰ
1609 301 1655 327 τοῦ
1681 302 1824 336 Σωκράτους

1054 339 1210 373 ἀκωλύτως,
1226 342 1257 368 τὸ
1269 342 1298 369 δὲ
1312 343 1405 371 οὐκέτι
1415 353 1421 359 ·
1431 344 1502 372 οὕτω
1514 347 1559 373 καὶ
1576 347 1591 382 ἡ
1607 347 1673 379 Θεὸς
1686 348 1767 383 φωνὴ,
1785 351 1824 375 καὶ

1053 385 1069 420 ή
1087 385 1198 422 Θεότης,
1207 387 1258 414 οὐκ
1273 390 1313 420 είς
1326 389 1429 426 ἕτερον,
1442 392 1491 418 καὶ
1505 392 1598 427 ἕτερον
1611 394 1824 429 ἀναπτυσσόμενα

1054 429 1152 464 νόημα,
1178 431 1227 466 οὐχ
1249 433 1351 467 ὁμοίως
1375 434 1503 462 δύνανται
1528 437 1574 463 καὶ
1600 438 1655 464 τῶν
1686 438 1824 474 θεαρχικῶυ

1053 473 1230 502 ὕποστάσεων
1255 477 1402 512 λέγεσθαι;
1421 480 1500 507 Ἀλλὰ
1524 481 1626 508 εἴποιεν
1647 482 1680 509 ἄν
1705 492 1745 514 τις
1769 484 1825 515 ἴσως

1052 519 1107 545 τῶν
1120 521 1321 557 χαριεστέρων·
1335 523 1372 555 ὼς
1389 524 1503 560 αὔξησίς
1526 527 1610 559 ἐστιν,
1637 528 1668 554 οὐ
1689 527 1763 560 λύσις
1784 530 1823 556 τοῦ

1053 564 1232 601 ἀπορήματος
1244 568 1333 601 τοῦτο,
1349 570 1397 596 καὶ
1413 571 1462 605 τὴν
1476 571 1522 598 τοῦ
1536 573 1584 599 ἀπ’
1602 573 1689 608 ἀρχῆς
1704 575 1824 601 αἰτεῖσθαι

1054 610 1170 646 ὑποψίαν
1184 613 1234 640 οὐκ
1249 614 1388 649 ἐκφεύγει.
1405 617 1476 649 Τοὺς
1493 618 1521 644 δὲ
1537 618 1630 653 μάθοις
1647 619 1680 646 ἂν
1700 620 1823 652 ἐντεῦθεν,

1051 655 1089 687 ὡς
1101 656 1266 693 διαπέφευγε
1281 660 1313 687 τὸ
1327 661 1440 696 ἀκριϐές
1451 670 1457 677 ·
1485 663 1516 689 οὐ
1532 664 1586 698 γὰρ
1608 665 1662 691 ἀπὸ
1675 665 1722 691 τοῦ
1742 667 1824 701 ὁμοίου

1051 702 1120 737 πρὸς
1141 703 1172 730 τδ
1188 706 1368 741 προκείμενον
1397 707 1445 734 ἐπὶ
1468 709 1582 744 ζήτησιν
1599 711 1756 745 μετάϐασις,
1771 712 1823 738 οὔτε

1051 746 1179 780 κρατύνει
1205 749 1306 783 μᾶλλον
1328 751 1358 778 τὸ
1380 751 1496 789 ἀπορονν
1523 754 1580 780 ἀλλ’
1605 755 1659 781 οὐδ’
1677 756 1823 791 ἑπισύρεται

1052 791 1101 826 τὴν
1111 793 1201 820 αἰτίαν
1213 794 1260 821 τοῦ
1274 795 1402 832 ἀπαρχῆς
1412 799 1545 826 αἰτεῖσθαι
1555 808 1562 814 ·
1577 801 1682 827 ἐκεῖθεν
1696 801 1724 828 δὲ
1735 802 1823 837 μᾶλλον

1050 838 1224 875 διελέγχοιντ¹
1242 841 1275 868 ἂν
1291 843 1340 870 οὐκ
1353 844 1435 880 ὀρθὴν
1449 845 1610 878 ὑπελθόντες
1626 847 1675 882 τὴν
1690 848 1823 882 κρίσιν.Τὸ

1049 885 1103 920 γὰρ
1115 886 1182 921 ὁρᾷν
1199 888 1228 914 ὲν
1243 889 1402 926 φυσιολογίᾳ
1413 892 1542 928 τοιαύτην
1553 893 1694 928 ὀνομάτων
1708 894 1787 926 θέσιν,
1799 896 1822 921 ἐν

1047 927 1088 962 οἷς
1102 931 1150 958 καὶ
1164 933 1194 958 τὸ
1209 934 1307 961 ταυτὸν
1322 935 1352 961 οὐ
1379 927 1549 972 λυμαίνεται,
1572 927 1620 965 καὶ
1639 939 1708 974 πρὸς
1722 940 1751 966 τὸ
1765 943 1821 966 κατ-

1046 977 1206 1012 ηγορεῖσθαι
1222 979 1271 1015 τὴν
1288 981 1383 1016 χρείαν
1405 983 1453 1017 οὐχ
1468 983 1563 1018 ὁμοίαν
1591 985 1753 1020 παρέχεται,
1771 986 1822 1017 πῶς

1046 1023 1105 1049 ἐστι
1131 1024 1219 1059 σαφής
1244 1034 1285 1056 τε,
1307 1027 1354 1053 καὶ
1375 1028 1570 1064 ἀναντίρρητος
1594 1030 1762 1064 παράστασις
1781 1031 1821 1057 τοῦ

1047 1067 1130 1102 μηδὲν
1142 1068 1243 1103 ἄπορον
1254 1070 1386 1105 νομίζειν,
1403 1072 1469 1108 μηδὲ
1485 1074 1640 1108 παράλογον
1653 1076 1681 1101 ἐν
1695 1077 1728 1112 τῇ
1742 1076 1822 1111 πολλῷ

1045 1112 1095 1147 τῆς
1122 1113 1188 1149 ὕλης
1210 1115 1399 1154 ύπερκαιμένῃ
1432 1118 1487 1155 (46)
1516 1120 1650 1157 θεολογίᾳ,
1672 1123 1719 1149 καὶ
1746 1123 1820 1158 πολλῇ

1046 1159 1216 1194 πανταχόθεν
1231 1161 1277 1187 τὸν
1292 1162 1461 1198 ἀνθρώπινον
1477 1165 1540 1192 νοῦν
1557 1167 1586 1192 ὲν
1598 1169 1653 1199 τοῖς
1672 1168 1821 1204 βαθυτέροις

1045 1204 1099 1231 τῶν
1111 1205 1276 1240 ζητημάτων
1290 1208 1390 1244 ἀπορίᾳ
1405 1211 1634 1249 περιτειχιζούσῃ,
1649 1214 1691 1248 ἐφ’
1703 1211 1740 1241 ὧν
1754 1215 1821 1241 οὐδὲν

1044 1249 1103 1275 οὐδὲ
1116 1250 1169 1276 τῶν
1186 1251 1273 1279 ἄλλων
1291 1253 1431 1288 ὀνομάτων
1449 1257 1537 1282 οὐδενὶ
1554 1258 1620 1293 ῥᾷόν
1635 1260 1692 1286 ἐστι
1711 1260 1821 1295 δηλῶσαι

1043 1295 1090 1321 τοῦ
1105 1295 1272 1330 ζητουμένου
1284 1299 1333 1333 τὴν
1349 1301 1490 1335 ἀκρίϐειαν
1500 1311 1507 1318 ·
1525 1304 1571 1330 ἐπὶ
1585 1305 1688 1331 τούτων
1704 1307 1822 1341 ἀμωσγέ-

1045 1349 1103 1372 non;
1119 1345 1247 1379 τοιαύτην
1273 1346 1370 1379 φωνῶν
1396 1348 1570 1384 ἀνευρίσκειν
1594 1353 1701 1386 χρῆσιν,
1728 1353 1754 1379 αἶ
1777 1355 1821 1380 κᾶν

1043 1389 1098 1418 τοῖς
1113 1388 1215 1420 ἐνύλοις
1235 1390 1351 1425 ὁρῶνται
1366 1393 1469 1429 παλαιᾷ
1490 1396 1537 1422 καὶ
1552 1397 1662 1432 συνήθει
1676 1399 1764 1433 κρίσει
1783 1400 1821 1425 ὲν-

1043 1433 1240 1468 αρμὸττουσαι,
1254 1437 1302 1463 καὶ
1315 1437 1364 1473 τῆς
1378 1438 1428 1473 μὲν
1442 1441 1606 1476 ταυτότητος
1619 1443 1669 1469 οὐκ
1683 1444 1820 1480 ἐξιστάμε-

1042 1485 1097 1509 ναι,
1112 1478 1141 1503 ἐν
1156 1479 1184 1505 δὲ
1201 1480 1239 1514 τῷ
1257 1483 1469 1517 κατηγορεῖσθαι
1484 1485 1673 1522 διιστάμεναις
1701 1480 1757 1516 ᾑοῦ
1772 1478 1821 1516 ¹τοί-

1042 1524 1222 1570 νυννὲνταῦϐα
1241 1526 1321 1562 ήτῆς
1335 1529 1453 1564 ἀπορίας
1468 1531 1604 1565 ἐπίτασις,
1631 1534 1646 1569 ἢ
1669 1534 1721 1570 τῆς
1746 1536 1822 1570 ἄλλης

1041 1569 1131 1601 αἰτίας
1148 1571 1280 1606 ὑπόληψις
1289 1581 1297 1605 ;

1076 1700 1158 1733 Τινὰς
1172 1701 1199 1728 δὲ
1212 1702 1284 1750 λύειν
1300 1705 1466 1740 νομίσαντας
1479 1704 1537 1735 οἴδα
1553 1709 1585 1736 ὲκ
1601 1710 1649 1737 τοῦ
1664 1712 1710 1738 τὸν
1722 1713 1821 1750 ἄνθρως

1041 1753 1091 1772 πον
1117 1747 1294 1782 παραλαὸεἶν,
1327 1750 1374 1776 καὶ
1400 1751 1449 1786 τὴν
1475 1753 1565 1786 φύσιν,
1590 1756 1635 1781 καὶ
1656 1757 1687 1783 τὸ
1703 1747 1791 1790 5160,;-
1806 1760 1821 1786 ἃ.

1039 1789 1112 1817 δοκεί
1124 1791 1173 1826 μέν
1185 1801 1243 1824 πως
1257 1793 1380 1829 ἀλλήλοις
1391 1797 1430 1827 εἰς
1443 1798 1542 1824 ταυτὸν
1557 1801 1675 1828 συνιέναι
1686 1811 1693 1817 ·
1708 1804 1738 1829 ἐν
1789 1806 1817 1839 τῇ

1038 1836 1085 1863 τοῦ
1110 1837 1272 1873 Σωκράτους
1303 1842 1457 1877 κατηγορίᾳ
1472 1843 1519 1879 τὴν
1535 1844 1677 1872 διάστασιν
1692 1848 1754 1876 ἀντὶ
1777 1836 1820 1884 τῆξ

1038 1882 1183 1917 ὁμολογίας
1197 1884 1402 1917 ἐξοικειοῢνται.
1420 1888 1580 1924 Ἀνθρωπος
1606 1891 1656 1926 μὲν
1671 1893 1727 1928 γὰρ
1740 1896 1754 1921 ὁ
1767 1882 1819 1921 Σω-

1038 1930 1153 1964 κράτης,
1170 1931 1232 1958 οὔτε
1244 1932 1272 1959 δὲ
1286 1931 1365 1965 εἶδος,
1379 1934 1441 1961 οὔτε
1457 1936 1548 1969 φύσις,
1562 1939 1586 1964 εἰ
1605 1939 1694 1973 βούλει
1711 1941 1750 1974 δὲ,
1768 1942 1819 1969 οὗθ’

1037 1975 1055 2008 ἡ
1068 1976 1267 2012 συνταττομένη
1287 1978 1392 2010 τούτοις
1409 1980 1499 2015 μορφὴ
1522 1981 1623 2008 δύναιτ’
1634 1983 1667 2009 ἂν
1683 1985 1817 2019 λέγεσθαι.

1037 2020 1172 2048 Δανθάνει
1201 2023 1230 2049 δὲ
1254 2023 1376 2056 τούτους,
1402 2025 1440 2056 ὡς
1465 2025 1562 2058 ἔοικεν,
1585 2029 1672 2064 ἠτῶν
1682 2032 1818 2067 ὀνομάτων

1036 2064 1181 2100 διάκρισις,
1198 2067 1245 2092 καὶ
1261 2067 1302 2094 ὃτι
1314 2068 1363 2095 ὅσα
1379 2070 1429 2104 μέν
1440 2071 1498 2096 ἐστι
1509 2074 1632 2106 φυσικῶν
1651 2064 1818 2111 πραγμάτων

1034 2110 1164 2145 ὀνόματα,
1192 2112 1278 2139 ταῦτα
1303 2115 1462 2150 περιφανῶς
1479 2125 1519 2149 τε,
1533 2120 1580 2146 καὶ
1597 2110 1735 2156 καθαρῶςν
1751 2124 1816 2150 κατὰ

1034 2157 1090 2183 τῶν
1118 2157 1305 2193 ὑποκειμένων
1343 2161 1456 2196 φέρεται
1475 2171 1482 2178 '
1510 2164 1560 2191 ὅσα
1585 2166 1614 2192 δὲ
1647 2167 1816 2204 διαλεκτικῆς

1035 2202 1168 2238 προῆλθον
1183 2204 1314 2238 ἐπινοίας,
1327 2206 1375 2232 καὶ
1392 2207 1561 2236 διαλεκτικόν
1574 2220 1634 2238 τινα
1660 2202 1815 2249 περιέχουσι

1035 2247 1107 2280 νοῦν,
1123 2249 1209 2275 ταῦτα
1223 2250 1277 2276 τῶν
1307 2251 1497 2287 ὑποκειμένων
1516 2252 1573 2290 ’τῆς
1602 2247 1709 2291 φύσεωξ
1730 2247 1814 2294 ἔργων

1036 2294 1111 2329 ίσχὺν
1125 2295 1173 2321 οὐκ
1187 2296 1243 2331 ἔχει
1259 2296 1475 2330 διαδιϐάζεσθαι.
1500 2300 1528 2327 'O
1541 2301 1569 2327 δὲ
1599 2303 1753 2338 ἄνθρωπος,
1770 2306 1813 2332 καὶ

1033 2340 1050 2374 ή
1066 2339 1252 2376 ἀνορωπότης,
1271 2343 1317 2369 καὶ
1330 2343 1362 2379 δὴ
1379 2345 1424 2371 καὶ
1440 2346 1456 2380 ἠ
1476 2346 1587 2382 Θεότης,
1614 2349 1662 2376 καὶ
1675 2351 1689 2376 ὀ
1705 2351 1771 2383 Θεὸς
1784 2353 1812 2378 οὐ

1032 2385 1144 2421 λογικῆς
1157 2387 1215 2415 ἐστι
1230 2389 1426 2424 τεχνασμάτων
1450 2391 1639 2428 προϐλήματα,
1668 2396 1813 2432 ὑποκειμέ-

1031 2440 1078 2458 νου
1094 2432 1122 2458 δὲ
1136 2433 1297 2468 πράγματος
1315 2434 1435 2469 ὀνόματα
1451 2442 1459 2450 ·
1483 2436 1553 2472 πλὴν
1571 2439 1624 2465 κάκ
1636 2441 1730 2467 τούτου
1741 2443 1811 2469 ἔστιν

1032 2478 1092 2513 ἴχνη
1105 2478 1165 2504 τινὰ
1179 2479 1271 2505 λαὸεῐν
1295 2480 1362 2515 πρὸς
1380 2480 1428 2516 τὴν
1445 2481 1495 2516 τῆς
1525 2483 1643 2519 ἀπορίας
1668 2485 1745 2514 λύσιν
1771 2490 1811 2515 ἐν-

1029 2521 1140 2556 ἀγοντα.
1157 2523 1210 2550 Καὶ
1223 2523 1277 2559 γὰρ
1288 2524 1413 2558 ἀλλήλοις
1428 2526 1514 2552 ταῦτα
1526 2529 1658 2559 συνιέντα.
1670 2531 1704 2558 τά
1718 2540 1748 2559 τε
1759 2533 1810 2559 τῶν

1030 2569 1202 2603 πραγμάτων
1214 2569 1345 2604 ὀνόματα,
1355 2571 1401 2597 καὶ
1416 2571 1488 2608 ἅπερ
1504 2573 1555 2607 τῆς
1574 2574 1686 2611 λογικῆς
1719 2579 1809 2614 ἐντρε-

1028 2613 1114 2660 χείας,
1143 2615 1270 2648 τυγχάνει
1296 2616 1364 2650 πρὸς
1376 2617 1497 2652 ῥήματα,
1525 2620 1575 2646 οὐκ
1598 2621 1692 2657 ὀλίγην
1718 2623 1747 2650 ὲν
1766 2613 1807 2660 7τῇ

1027 2658 1150 2694 διαστολῇ
1165 2660 1214 2695 τὴν
1224 2660 1290 2696 πρὸς
1302 2661 1402 2696 ἄλληλα
1411 2665 1553 2692 κοινωνίαν
1561 2666 1732 2699 ἀσπάζεσθαι
1741 2658 1807 2703 (4Ἰῇ

1027 2704 1186 2740 Περιὲχουσι
1200 2705 1253 2740 γὰρ
1265 2706 1299 2733 τὰ
1314 2707 1375 2733 καθ’
1385 2708 1486 2736 ἕκαστα
1498 2710 1544 2736 καὶ
1559 2712 1658 2745 ταῦτα,
1671 2714 1718 2740 καὶ
1731 2715 1808 2749 ὑπερ-

1035 2748 1137 2784 ίδρυται
1157 2749 1268 2784 τούτων,
1294 2753 1342 2779 καὶ
1357 2753 1425 2789 πρὸς
1437 2755 1530 2783 ἐκεῖνα
1541 2757 1660 2793 λέγεται,
1675 2760 1699 2786 εί
1716 2748 1805 2797 καὶ

941 2805 1057 2833 ΝΟΤᾸΞ.

229 2851 285 2888 (ιθ)
299 2851 367 2889 Vide
387 2859 420 2879 an
440 2850 521 2889 scribi
545 2850 639 2879 debeat
667 2851 905 2889 ύπερκαινυμένῃ,
936 2852 977 2879 vel

192 2888 288 2917 saltem
303 2888 497 2923 ὑπερκειμένῃ.

1067 2852 1123 2899 μη
1135 2853 1262 2899 Corrigas
1275 2856 1353 2899 velim
1372 2858 1533 2892 ἀσπάζεται.
1545 2862 1586 2890 vel
1599 2871 1631 2891 cx
1647 2864 1804 2899 praecelenti

1031 2889 1141 2921 periodo
1157 2897 1280 2918 resumes
1295 2891 1375 2920 ἔστιν.
