1882 3075
59 120 106 153 ﬁll

519 128 570 158 AD
584 129 880 160 AMPIIILOCHIUM
912 130 1086 165 QUIESTIO
1098 132 1229 162 ‘XXVIL

1635 137 1688 168 202

59 178 129 205 κατὰ
143 179 191 206 τὸν
202 179 297 214 ὅμοιον
307 181 417 216 τρόπον.
431 183 524 218 Φαμὲν
538 183 592 219 γὰρ
621 185 772 220 Σωκράτην
795 185 847 219 φύ-
861 186 886 216 Α
899 185 947 213 sint

926 186 1036 220 mulquc
1056 186 1211 214 referuntur
1226 187 1260 214 ad
1286 188 1344 222 illa,
1367 190 1431 217 licet
1453 199 1508 219 non
1527 193 1622 220 eadem
1645 203 1689 221 ta-

60 234 110 258 atv,
140 226 188 252 ml.
213 224 294 260 εἶδος,
320 227 368 254 καὶ
396 231 513 264 μορφὴν,
526 232 550 257 εἰ
576 232 623 257 καὶ
647 231 685 266 μὴ
699 231 754 257 τῶν
770 232 800 257 ἐν
814 233 847 267 τῇ

58 272 190 306 προτάσει
213 271 314 308 μερῶν,
343 273 437 309 ὥσπερ
460 275 490 301 ὲν
518 277 579 307 ταῖς
603 278 733 310 φυσικαῖς
752 278 849 312 ὁρᾶται

59 318 172 350 φωναῖς,
190 318 323 354 ἑκάτερον
333 319 473 354 ὁμολόγως
487 321 558 348 κατὰ
581 322 630 357 τὴν
661 322 846 357 ὀνομαστικὴν

59 363 214 398 προάγεται
232 365 341 400 κλῆσιν.

95 452 156 478 Ἔτι
164 452 194 479 δέ
211 462 302 488 φαμεν
316 453 362 480 τόν
375 462 405 480 τε
420 453 574 489 ἄνθρωπον,
591 455 638 482 xui.
661 456 690 482 τὸ
704 456 773 488 ζῶον
801 456 848 483 λο-

62 497 148 532 γικὸν,
165 498 275 533 θνητὸν,
290 500 391 526 ταυτόν
403 507 412 516 '
429 500 474 526 ναὶ
491 501 540 535 μὲν
559 501 608 527 καὶ
635 501 666 527 τὸ
688 502 849 536 γελαστικὸν

63 543 184 579 ἐκατέρῳ
197 553 205 561 ·
217 545 248 570 οὐ
261 545 324 580 μὴν,
339 546 389 572 ὅσα
399 546 462 581 περὶ
479 546 537 578 ἐνὸς
551 546 654 573 τούτων
667 547 786 582 λέγεται,
803 548 850 575 καὶ

63 589 126 624 περὶ
141 589 197 615 τῶν
212 589 313 616 λοιπῶν
329 590 441 617 δυνατόν
457 592 531 618 ἐστιν
551 592 651 620 εἰπεῖν.
669 593 706 619 Τὸ
719 594 769 628 μὲν
796 594 850 629 γὰρ

64 634 127 660 ἴδιον
159 635 316 670 ἀνθρώπου,
343 636 373 662 τὸ
386 636 414 662 δὲ
426 637 499 671 ὄρος,
523 637 663 674 οὐδέτερον
679 639 706 665 δὲ
719 638 820 666 τούτων
836 641 850 667 ό

63 679 206 714 ἄνθρωπος
231 680 328 715 ῥηθείη
358 681 391 708 ἂν
414 681 559 717 ἀνθρώπου
576 691 584 700 ·
610 684 698 710 καίτοι
723 686 794 712 κατὰ
820 686 850 712 τδ

63 725 286 758 μάλισταταυτον
300 725 349 761 τὴν
356 726 510 762 ταυτότητα
523 727 740 764 διεκληρώσαντο
752 730 849 758 ταῦτα.

62 771 136 806 Πλὴν
150 771 197 797 τὸν
230 772 376 807 εἰρημένον
395 773 461 808 περὶ
484 772 532 800 τοῦ
559 774 716 810 ἀνθρώπου,
729 777 775 802 καὶ
799 777 850 811 τῆς

61 817 181 851 φύσεως,
200 818 247 844 καὶ
257 817 304 844 τοῦ
327 818 414 850 εἴδους
427 819 506 853 λόγον
529 820 669 848 κάνταῦθα
684 821 778 849 λαϐεῖν
791 822 849 850 ἐστι

60 863 108 896 τὴν
122 863 225 891 τούτων
242 864 333 899 κρίσιν
347 865 555 901 ἀναδεχόμενον.
573 867 629 893 Καὶ
644 867 698 903 γὰρ
711 869 848 903 ἀφαιρου-

62 908 153 943 μένων
168 910 216 945 τῆς
231 909 343 945 λογικῆς
356 911 453 946 φωνῶν
469 911 569 939 ταυτόν
582 912 658 940 ἐστιν
672 913 789 940 ἕκαστον
801 914 850 940 ἁλ-

61 954 152 990 λήλων
161 954 217 982 τῶν
231 956 328 991 τριῶν.

102 1000 187 1028 Ἀλλὰ
205 1002 252 1028 ἐπὶ
267 1002 317 1036 μὲν
330 1002 384 1029 τῶν
398 1003 551 1038 εἰρημένων
564 1005 713 1032 αἰτιάσαιτ’
724 1006 757 1034 ἄν
768 1015 808 1038 τις
821 1006 851 1033 τὺ

61 1044 221 1079 ἐτερογενὲς
237 1046 293 1073 τῶν
312 1047 408 1081 φωνῶν
424 1048 654 1084 μεταρῤυθμίζων
667 1051 707 1082 εἰς
718 1051 750 1077 τὸ
769 1050 851 1078 abno-

61 1098 108 1126 ρον
123 1091 174 1124 τὴν
185 1091 313 1126 ἀπορίαν.
334 1092 395 1119 Ἐπὶ
406 1093 434 1119 δὲ
459 1093 506 1120 τοῦ
525 1095 713 1130 ῥηθησομένου
740 1097 767 1123 τί
791 1098 851 1124 ποτ’

62 1135 94 1162 ἰν
119 1137 198 1172 spat;
221 1137 249 1164 ’0
275 1138 325 1173 μὲν
352 1139 406 1174 γὰρ
437 1138 581 1174 ἄνθρωπος
607 1142 680 1168 ἐστὶν
700 1142 789 1175 οὐσία,
804 1144 852 1171 καὶ

62 1181 152 1212 ζῶον·
183 1182 281 1210 ταυτὸν
307 1183 336 1210 δὲ
361 1183 390 1210 ὃν
413 1184 452 1219 τῷ
480 1184 617 1221 ἀνθρώπῳ
636 1186 666 1212 τὸ
679 1187 851 1221 γελαστικὸν,

62 1228 133 1263 ὅπερ
158 1228 220 1254 ἐστὶ
248 1228 365 1263 φυσικοῦ
393 1230 556 1265 πράγματος
573 1232 659 1267 φωνὴ,
685 1233 746 1259 οὕτε
762 1234 852 1267 οὐσία,

63 1273 126 1299 οὔτε
138 1273 209 1305 ζῶον
224 1273 257 1300 ἂν
272 1274 369 1310 ῥηθείη
384 1282 392 1291 ⁸
407 1276 468 1302 ἐπεὶ
482 1278 496 1303 ὁ
527 1277 670 1313 ἄνθρωπος
698 1279 794 1306 πολλαὶ
820 1279 853 1307 ἂν

63 1319 161 1354 εἴησαν
176 1319 277 1352 οὐσίαι,
290 1321 337 1346 καὶ
352 1320 418 1352 ζῶα.
437 1321 519 1348 Ὥστε
533 1322 583 1349 οὐκ
608 1323 638 1355 ἐξ
653 1324 776 1360 ἀνάγκης
791 1325 857 1352 ἔπε-

67 1373 108 1391 ut
119 1365 228 1401 θατέρῳ
241 1365 295 1392 τῶν
309 1367 520 1402 συναπτομένων
531 1369 564 1404 τῇ
582 1369 727 1406 ταυτότητι
742 1371 793 1397 ὅσα
806 1372 855 1398 καὶ

64 1411 103 1446 τῷ
119 1412 207 1447 ἑτέρῳ
222 1413 386 1447 παρέπεται.
401 1413 418 1449 ἢ
431 1414 446 1440 ό
459 1414 539 1449 λόγος
551 1411 628 1448 οὗτος
644 1416 786 1452 διορισμοῦ
800 1418 855 1445 δεῖ-

67 1466 121 1485 ut.
136 1458 168 1485 Εἰ
185 1458 235 1493 μὲν
247 1459 302 1494 γὰρ
310 1459 470 1493 γελαστικὸν
487 1460 574 1495 λέγων
585 1470 627 1493 τις
641 1462 691 1497 τὴν
714 1462 762 1489 τοῦ
790 1463 854 1490 ἰδίου

64 1504 172 1530 ἔννοιαν
183 1505 330 1540 ἐνδέχεται,
343 1507 393 1533 οὐκ
407 1506 439 1533 ἂν
450 1507 511 1534 οὔτε
524 1506 603 1540 ζῶον,
616 1508 677 1535 οὕτε
692 1509 769 1536 οὐσία
778 1510 855 1537 τοῦτο

64 1549 109 1585 εἴη
126 1556 136 1564 ⁸
149 1550 198 1576 εἰδ¹
216 1550 282 1577 αὐτὸ
299 1551 329 1577 τὸ
345 1551 525 1587 ὑποκείμενον
537 1553 581 1580 διὰ
598 1552 652 1580 τῶν
666 1555 763 1588 φωνῶν
790 1555 855 1582 τού-

63 1604 121 1622 των
138 1596 352 1631 παραδηλοῦσιν,
369 1597 418 1632 οὺχ
442 1597 524 1634 ἕτερά
539 1599 638 1632 τινα,ἃ
656 1599 693 1635 μὴ
728 1600 857 1636 ἀπαρχῆς

66 1643 192 1677 ὑπῆρχεν
207 1643 315 1678 ἐκείνῳ,
339 1644 450 1679 προσέτι
477 1645 648 1680 συνάγουσι·
682 1647 730 1673 καὶ
756 1648 857 1682 μᾶλλον

66 1688 100 1715 ἂν
117 1689 213 1724 ἐπεῖχε
229 1689 321 1724 χώραν
350 1690 416 1725 μήτε
432 1690 540 1725 λογικὸν
564 1691 634 1724 ξῶον
659 1691 760 1727 λέγειν,
788 1695 856 1730 μήτε

69 1734 151 1769 σῶμα.
163 1742 171 1749 ·
192 1734 261 1761 ἀλλὰ
279 1735 347 1770 μηδὲ
360 1736 455 1763 οὐσίαν
468 1737 602 1772 ὑπάρχειν
624 1738 670 1765 τὸν
696 1739 852 1776 ἄνθρωπον,

69 1780 112 1806 ha.
127 1780 165 1815 μὴ
178 1780 299 1806 τοιοῦτον
312 1781 412 1817 πλῆθος
425 1782 494 1818 ληρη
500 1784 591 1818 μάτων
609 1785 758 1821 Σωκράτην
773 1795 858 1813 κατα-

69 1826 201 1861 ὶείψεται.
221 1827 293 1862 Πλὴν
306 1827 330 1854 εἰ
346 1829 392 1854 καὶ
405 1828 466 1855 καθ’
480 1829 609 1865 ἑκάτερον
627 1831 709 1866 μέρος
724 1832 774 1867 τῆς
785 1832 856 1859 διαι-

70 1873 174 1907 ρέσεως
185 1873 282 1907 ὁρᾶται
299 1873 335 1908 μὴ
351 1873 391 1909 τῷ
403 1875 489 1910 ἑτέρῳ
509 1875 690 1911 συνεπόμενα,
706 1877 724 1904 ἃ
742 1878 858 1906 συνόντα

68 1918 108 1953 τῷ
135 1919 221 1954 ἑτέρῳ
248 1919 423 1955 ἐγνωριζετο,
450 1921 526 1948 οὐδὲν
539 1919 622 1958 ἦττον
638 1923 652 1949 ό
666 1924 745 1958 λόγος
757 1924 854 1959 εὕρετο

71 1965 312 2000 σπουδαζόμενος·
339 1966 399 1993 οὐδὲ
426 1967 480 2003 γὰρ
494 1968 521 1994 εἴ
544 1977 579 2003 με
593 1969 649 2003 (48)
678 1970 778 2002 πάντα,
807 1971 858 1997 ὃσα

70 2011 159 2037 ταῦτα
173 2010 331 2046 προῦκειτο,
340 2011 425 2044 δεῖξαι
438 2013 487 2048 τὴν
500 2014 631 2049 διαφορὰν
644 2014 858 2051 ὲξοικειούμενω

70 2055 129 2082 ἀλλ’
144 2056 224 2091 ὴρκει
238 2056 276 2091 τῷ
286 2056 357 2091 λόγῳ
369 2058 554 2092 παραστῆσαι,
572 2058 599 2084 εἴ
621 2067 681 2084 τινα
694 2058 750 2094 (49)
763 2059 792 2085 ὲν
803 2060 861 2090 τοῖς

70 2101 204 2134 τοιούτοις
216 2102 371 2137 λεγομένων
384 2104 412 2129 ὲν
425 2104 458 2138 τῇ
472 2104 540 2139 πρὸς
552 2104 655 2140 ἄλληλα
667 2105 797 2140 κοινωνίᾳ
809 2106 858 2132 καὶ

71 2148 121 2184 τὴν
136 2148 287 2184 ἑτερότητα
302 2148 492 2182 διασώζουσιν.

109 2291 195 2317 Ὅσον
209 2290 232 2317 δ’
252 2290 284 2318 ἄν
297 2298 339 2321 τις
350 2299 411 2326 ερῃ,
427 2291 464 2322 ὼς
480 2290 555 2317 οὐδὲν
567 2290 621 2317 τῶν
631 2291 863 2326 παραδειγμάτων

75 2337 115 2368 εἰς
130 2337 281 2371 ὁμοιότητα
293 2338 350 2367 τοῖς
366 2337 413 2363 ἀπ’
429 2337 517 2371 ἀρχῆς
534 2337 718 2372 ήπορημένοις
735 2337 864 2372 συνέρχε-

75 2392 132 2415 ται,
144 2383 207 2409 οὗτε
223 2383 288 2409 ἴδιον
301 2383 415 2418 θατέρου
429 2383 552 2418 θάτερον,
569 2382 631 2409 οὔτε
657 2383 779 2418 ὁρισμὸς,
794 2384 862 2417 ἀλλ’,

77 2429 114 2460 ὡς
133 2428 166 2455 ἂν
181 2428 255 2454 εἰποι
271 2437 324 2460 τις,
339 2429 459 2462 ὀνόματα
477 2427 524 2454 δύο
539 2428 603 2463 περὶ
625 2427 654 2454 ἒν
682 2428 863 2463 ὑποκείμενον

78 2474 314 2509 ἁναστρειρόμενα,
329 2473 366 2506 ὡς
382 2474 494 2506 λώπιον,
506 2473 554 2500 καὶ
576 2473 693 2508 ἱμάτιον.
718 2473 782 2505 Πῶς
807 2471 865 2506 οὖν,

79 2519 171 2552 φασὶν,
185 2520 215 2545 ὲν
232 2519 289 2549 σοῖς
305 2518 463 2554 προνομίοις
475 2518 506 2544 τὸ
520 2517 614 2552 ἕτερον
625 2519 682 2549 τοῖς
692 2517 795 2550 αὐτοῖς,
805 2519 866 2553 οὐχὶ

82 2565 127 2591 καὶ
140 2565 255 2600 θάτερον
269 2565 501 2598 ἐπιγινώσκεται;
516 2562 583 2590 Οἶδα
609 2563 659 2598 μὲν
681 2561 728 2590 οὖν
753 2565 782 2590 ὲν
806 2565 867 2596 ταῖς

84 2611 248 2646 γυμνασίαις
258 2610 338 2644 λόγον
351 2610 497 2646 εἰρημένον
512 2609 631 2636 τοιοῦτον
645 2618 653 2624 ·
672 2609 709 2640 ὡς
724 2610 737 2636 ό
753 2608 803 2643 μὲν
819 2609 867 2636 ἄν·

84 2656 202 2693 θρωπος,
217 2658 265 2684 καὶ
280 2657 298 2692 ἠ
313 2656 490 2692 ἁνθρωπότης
499 2655 529 2682 τὸ
541 2654 606 2682 αὐτὸ
626 2655 676 2690 μὲν
688 2655 868 2690 ὑποκείμενον

864 862 885 890 Β

869 1530 891 1558 C

902 232 984 259 tione.
998 232 1118 259 Dicimus
1132 234 1204 260 enitn
1218 234 1358 262 Socratem
1373 241 1508 270 naturam,
1519 243 1545 265 et
1556 241 1686 274 speciem.

900 281 927 305 et
955 277 1082 310 formam,
1110 280 1217 307 etiamsi
1240 288 1293 307 non
1324 281 1454 310 alterutra
1493 286 1688 319 propositionis

900 330 973 357 pars,
986 325 1217 358 quemadmodum
1231 326 1257 353 itt
1270 327 1389 361 physicis
1403 329 1525 356 cernitur
1537 331 1686 364 vocabulis,

899 369 995 396 eodem
1020 375 1100 404 pacto
1126 372 1152 398 itt
1178 373 1368 406 appellationis
1395 374 1554 403 cottditione
1583 377 1687 411 produ-

900 419 989 443 catur.

934 460 1068 488 Praeterea
1097 461 1214 491 dicimus
1237 464 1375 492 hominem
1406 470 1434 493 et
1455 466 1559 494 animal
1583 468 1689 495 ratione

900 506 1054 540 pratditutn,
1079 513 1106 535 et
1124 510 1208 537 morti
1233 510 1382 538 obnoxium
1421 511 1493 540 idem
1527 520 1607 546 esse,
1634 514 1688 541 imo

900 552 984 579 etiam
1006 553 1107 580 risibt’le
1125 558 1271 590 utrumque
1292 565 1299 582 :
1318 564 1371 584 non
1399 563 1503 590 tamen,
1520 565 1690 594 quaecunque

900 598 934 624 de
958 600 1085 633 quopiam
1112 600 1208 628 horum
1228 601 1370 634 dicuntur,
1395 603 1429 630 de
1445 603 1559 638 reliquis
1582 612 1691 639 quoque

900 649 1014 679 possunt
1029 647 1180 673 enuntiari.
1199 646 1257 674 Hoc
1275 647 1397 681 proiecto
1414 648 1532 676 hominis
1549 650 1689 683 propriunt

900 694 952 722 est,
970 689 1034 717 illud
1053 698 1117 718 vcro
1129 692 1252 719 delinitio
1269 701 1276 719 :
1295 699 1423 720 neutrum
1436 698 1527 721 tamen
1546 695 1645 722 horum
1663 695 1689 722 in

901 734 1012 762 homine
1027 736 1109 763 homo
1134 738 1287 772 nuncupari
1308 739 1386 772 licet;
1405 740 1456 766 etsi
1472 740 1530 767 haec
1544 741 1602 772 uni,
1618 741 1690 775 quod

900 779 972 807 idem
992 783 1105 809 omnino
1131 788 1184 815 est,
1209 784 1303 811 eadem
1324 785 1388 812 sint.
1409 784 1594 820 Prteterquam
1618 787 1690 820 quod

901 833 992 854 scrtno
1005 827 1073 861 ipse,
1087 828 1134 862 qui
1151 828 1186 856 de
1202 829 1323 863 homine,
1344 835 1440 858 natura
1477 837 1510 858 ac
1524 831 1615 866 specie
1648 832 1690 859 fa-

900 875 960 900 ctus
976 878 1027 905 est,
1044 873 1088 901 hic
1099 881 1209 909 qmque
1222 876 1256 902 ad
1277 876 1412 910 judicium
1423 876 1458 904 de
1472 877 1533 904 istis
1548 877 1690 907 ferendum

900 918 1028 952 usurpari
1041 923 1140 953 potest.
1158 919 1227 947 Nam
1243 920 1314 948 idem
1325 925 1378 950 est.
1396 922 1420 949 si
1432 922 1535 958 logicas
1549 930 1630 951 voces
1644 930 1692 953 ex-

901 963 997 999 cipias,
1011 966 1083 999 quod
1097 973 1112 993 a
1125 966 1241 1001 singulis
1254 967 1297 995 his
1313 968 1402 996 tribus
1419 968 1568 996 indicatur.

940 1010 1001 1038 Jam
1014 1019 1078 1039 vero
1100 1012 1127 1039 in
1148 1013 1201 1044 his,
1215 1020 1277 1047 quas
1295 1013 1366 1041 dicta
1392 1019 1466 1048 sunt,
1482 1015 1553 1042 dicet
1573 1015 1691 1043 fortasse

901 1058 1051 1094 quispiam,
1070 1063 1100 1084 ιιι
1124 1057 1150 1084 in
1171 1058 1324 1092 perspicuis
1346 1059 1474 1087 tenebras
1492 1059 1636 1092 obl‘nndat,
1657 1067 1691 1086 ex

902 1105 1009 1140 generis
1020 1104 1177 1131 diversitate
1198 1111 1310 1131 causam
1328 1104 1513 1133 distinctionis
1528 1112 1682 1140 erumpere.

902 1151 937 1177 At
949 1151 982 1176 ad
995 1157 1038 1180 ea.
1050 1157 1113 1184 quae
1127 1149 1299 1184 adjiciemus,
1316 1150 1382 1184 quid
1398 1151 1533 1185 reponet?
1547 1149 1636 1177 llomo
1649 1151 1692 1177 ni-

903 1196 1002 1223 mirum
1018 1195 1170 1223 substantia
1195 1195 1332 1222 etanimal
1342 1200 1403 1223 est:
1422 1195 1524 1223 interea
1541 1195 1605 1223 licet
1618 1195 1690 1222 idem

903 1243 948 1274 sit,
962 1248 1043 1276 quant
1061 1242 1152 1273 homo,
1166 1240 1277 1273 riaibile,
1293 1241 1366 1275 quod
1377 1241 1495 1277 physicae
1509 1241 1625 1269 actionis
1639 1247 1682 1269 est

904 1294 1015 1318 nomen,
1028 1286 1054 1312 id
1070 1290 1160 1312 tamen
1187 1293 1274 1320 neque
1297 1285 1461 1319 substantia,
1485 1294 1574 1321 neque
1588 1287 1690 1314 animal

905 1331 997 1359 vocari
1023 1331 1125 1358 debet:
1152 1331 1217 1366 quia
1242 1331 1335 1359 multae
1358 1331 1529 1364 substantiae,
1554 1333 1694 1368 multaque

905 1376 1031 1410 animalia
1049 1376 1129 1402 honto
1151 1380 1233 1403 esset.
1248 1377 1432 1409 Quamobrem
1457 1377 1574 1405 alterum
1592 1385 1694 1406 coeun-

906 1422 973 1449 tium
989 1422 1015 1448 in
1028 1422 1098 1448 idem
1113 1428 1164 1448 no"
1178 1422 1333 1449 necessario
1353 1426 1506 1457 sequuntur
1523 1431 1694 1459 quaecunque

905 1473 932 1495 et
945 1469 1059 1494 alterum
1075 1467 1253 1500 comitantur,
1263 1467 1306 1494 vel
1319 1472 1393 1496 certe
1405 1468 1546 1496 distinctio
1558 1469 1584 1496 in
1596 1469 1695 1505 hujus-

907 1514 979 1541 modi
1004 1520 1130 1541 sermone
1154 1513 1326 1546 adhibeatur,
1349 1517 1466 1548 oportet.
1483 1513 1512 1541 Si
1535 1515 1598 1549 quis
1621 1515 1693 1543 enim

908 1559 1008 1586 risibile
1030 1559 1124 1586 dicens
1143 1558 1318 1593 proprietatis
1334 1559 1474 1586 notionem
1497 1560 1694 1592 consideraret,

908 1606 966 1633 haec
979 1612 1065 1640 neque
1082 1604 1184 1631 animal
1206 1608 1289 1636 esset,
1310 1611 1399 1639 neque
1423 1605 1600 1633 substantia:
1620 1608 1693 1640 quod

908 1651 931 1678 si
947 1651 993 1678 alii
1006 1651 1097 1685 ipsum
1112 1649 1267 1684 subjectum
1291 1656 1340 1685 per
1351 1649 1400 1677 has
1418 1657 1500 1678 voces
1512 1650 1595 1677 velint
1612 1650 1697 1678 deno-

909 1701 976 1729 tarc,
991 1703 1045 1722 non
1070 1695 1123 1722 alia
1146 1695 1281 1730 quadam,
1299 1702 1360 1730 quae
1383 1703 1398 1722 a
1422 1695 1558 1730 principio
1581 1696 1620 1724 illi
1641 1703 1696 1723 non

907 1742 1025 1772 inerant,
1039 1741 1226 1776 superaddunt
1240 1750 1246 1768 :
1264 1745 1346 1776 atque
1362 1740 1390 1768 id
1403 1742 1494 1776 potius
1505 1741 1612 1776 copiam
1635 1742 1696 1769 adi-

909 1787 958 1813 mit
979 1786 1087 1814 dicendi
1101 1786 1238 1813 hominem
1255 1785 1356 1813 animal
1369 1793 1430 1814 esse
1443 1786 1586 1818 rationale,
1596 1794 1698 1822 corpus

909 1831 964 1858 imo
979 1835 1006 1858 et
1027 1831 1220 1863 substantiam,
1237 1838 1271 1858 ne
1293 1835 1368 1858 tanta
1390 1831 1522 1859 tricarum
1550 1833 1696 1861 multitudo

908 1877 1029 1905 Socratis
1043 1877 1130 1904 ideam
1157 1877 1290 1904 destruat.
1309 1876 1413 1912 Itaque,
1432 1878 1540 1905 tametsi
1566 1878 1593 1905 in
1612 1879 1696 1906 alter-

910 1929 970 1951 utra
984 1923 1128 1951 divisionis
1148 1927 1224 1958 parte
1241 1931 1413 1958 quaecunque
1436 1923 1532 1951 adesse
1541 1924 1695 1958 deprellen.

909 1968 1010 1995 duntur
1026 1968 1053 1995 in
1069 1968 1166 1999 altero.
1179 1968 1212 1995 ad
1227 1967 1344 1995 alterum
1358 1967 1496 1996 conﬂuere
1505 1976 1558 1996 non
1574 1969 1698 1997 animad-

909 2019 1059 2048 vertantur,
1075 2021 1167 2042 sermo
1186 2019 1276 2041 tamen
1304 2021 1359 2041 non
1381 2014 1472 2042 minus
1486 2021 1633 2043 accuratus
1654 2016 1697 2048 in-

911 2058 1040 2086 venitur:
1067 2066 1117 2085 nec
1136 2058 1208 2085 enim
1228 2066 1297 2093 opus
1317 2063 1387 2090 erat,
1411 2064 1440 2086 ut
1459 2060 1562 2092 omnia,
1587 2067 1647 2094 quae
1662 2061 1698 2088 itu

911 2111 941 2131 se
954 2104 1099 2136 habebant,
1113 2111 1207 2131 secum
1222 2103 1338 2131 invicem
1356 2104 1504 2132 convenire
1521 2105 1699 2133 ostenderen-

911 2156 956 2178 tur
973 2157 1097 2178 :-verum
1116 2150 1184 2178 satis
1202 2154 1272 2183 erat,
1300 2154 1330 2177 ut
1352 2157 1445 2177 sermo
1468 2151 1605 2186 proderet,
1627 2154 1699 2186 quot

877 2200 900 2228 ι)
914 2196 1003 2231 aliqua
1021 2203 1127 2228 eorum,
1137 2203 1197 2230 quae
1209 2195 1395 2230 proferuntur,
1409 2196 1435 2223 in
1448 2196 1506 2231 ipsa
1518 2201 1612 2224 mutua
1623 2206 1700 2225 com-

915 2242 1046 2270 tnunione
1061 2242 1246 2271 diversitatem
1261 2250 1372 2278 quoque
1386 2248 1534 2270 retmeant.

950 2288 1033 2323 Atqui
1045 2288 1072 2315 id
1091 2292 1195 2315 tantum
1215 2293 1328 2323 reponat
1341 2289 1490 2324 quispiam,
1504 2295 1576 2324 quoa
1596 2289 1698 2315 nullum

916 2341 950 2361 ex
978 2334 1104 2361 adductis
1126 2334 1259 2369 exemplis
1281 2342 1344 2362 eum
1379 2335 1519 2370 proposita
1549 2334 1701 2370 qumstiono

917 2379 1015 2407 habeat
1036 2379 1139 2414 aliquid
1161 2387 1325 2413 commune;
1356 2379 1456 2414 quippe
1479 2381 1506 2406 in
1533 2388 1564 2407 ea
1585 2380 1699 2407 alterum

917 2425 1029 2453 verbum
1049 2432 1103 2452 non
1125 2429 1166 2452 est
1181 2424 1299 2456 ,alterius
1318 2425 1479 2460 proprietas,
1501 2425 1543 2453 vel
1566 2424 1699 2456 deﬁnitio,

915 2470 962 2499 sed
974 2470 1027 2498 dici
1039 2475 1154 2505 possunt
1173 2469 1228 2498 duo
1242 2470 1363 2504 nomina,
1375 2478 1436 2505 quae
1450 2471 1525 2498 circa
1539 2478 1624 2498 unutn
1633 2470 1700 2498 sub-

914 2516 1018 2551 jectum
1038 2520 1193 2548 versantur,
1218 2516 1300 2543 veluti
1339 2516 1425 2543 vestis
1451 2521 1479 2544 et
1501 2516 1700 2544 tndumentum.

916 2561 1060 2595 Quomodo
1085 2562 1186 2596 itaque.
1225 2561 1363 2596 inquiunt,
1398 2561 1442 2590 his
1469 2562 1497 2589 in
1526 2567 1702 2590 antecessum

917 2608 1072 2636 constitutis
1094 2608 1222 2639 alterum,
1244 2612 1271 2635 et
1288 2615 1342 2634 non
1365 2607 1480 2635 alterum
1510 2609 1577 2644 ipsis
1602 2608 1703 2636 divinil

923 2655 1046 2689 personis
1060 2654 1191 2682 tributum
1207 2652 1443 2682 invettitur‘iNovi
1458 2655 1588 2683 nimirum
1601 2654 1628 2683 in
1641 2661 1704 2682 κοί

838 2721 954 2751 NOTAE.

120 2800 174 2834 (48)
196 2800 251 2828 Pro
267 2799 375 2826 duabus
395 2799 454 2826 istis
470 2797 573 2825 voculis
591 2795 621 2834 τὸ
635 2794 730 2830 ἐχρῆν,
747 2797 773 2821 ni
788 2794 877 2828 fallor,
897 2801 944 2830 rep

925 2794 1084 2830 poaendum
1100 2799 1182 2822 esset.

121 2831 174 2871 (l9)
193 2835 232 2863 Ita
245 2835 360 2862 omnino
374 2842 424 2869 pro
435 2843 460 2860 τι
479 2831 652 2861 scribendum
668 2836 790 2857 autumo.
