1882 3075
81 127 132 163 205

522 129 573 159 ΑΙ)
585 129 883 161 AMPHILOCHIUM
901 129 1074 166 QUESTIO
1091 129 1230 161 XXVIII.

1651 122 1706 154 206

79 186 169 221 πάσης
177 184 265 220 λαϐῆς
284 184 481 220 ἀνακεχόῳηκε
497 184 591 218 Nate;
609 184 664 212 Kal.
680 185 745 221 γὰρ,
763 186 805 212 ὅτι
820 186 870 221 μὲν
883 189 907 217 Α

947 194 1003 213 une
1017 185 1098 213 etiam
1111 185 1212 213 devitet
1227 184 1429 212 incommodum
1439 183 1452 210 ?
1464 181 1563 218 Aliquo
1575 181 1705 210 nimirum

79 232 107 258 οὐ
118 231 211 258 πάντα
227 231 261 257 τὰ
275 231 316 262 εἰς
325 230 425 257 ταυτὸν
438 230 563 257 συνιέντα
591 231 661 258 κατὰ
674 231 763 258 πάντα
776 240 869 258 κοινω-

77 277 139 304 νοῦν
151 277 276 313 ἀλλήλοις
293 277 458 307 ἀπαιτεῖ-ται,
473 276 608 303 δέδεικται
622 277 723 312 τρόπον
735 278 808 305 τινά·
823 278 872 304 καὶ

77 325 118 350 ὅτι
132 324 151 359 ἡ
167 323 222 350 ἀπὸ
251 323 304 358 τῆς
332 323 488 358 ἀνθρώπου,
509 324 558 350 καὶ
582 324 632 359 τῆς
660 324 871 358 ἀνθρωπότητος

77 369 169 404 φωνῆς
184 369 382 404 προτεινομένη
395 369 492 404 χρῆσις
507 369 557 405 τὴν
582 369 612 396 ἑν
625 370 658 405 τῇ
675 369 800 404 θεολογίᾳ
813 371 870 396 δια-

77 415 133 442 λύει
144 415 216 451 ἔριν.
230 415 308 450 Τάχα
320 415 343 442 δ’
356 415 389 442 ἂν
401 415 447 441 ἐπὶ
459 414 558 450 μέρους
566 414 607 442 ἔτι
625 416 700 450 μένει
711 416 742 442 τὸ
757 415 869 451 ζήτημα

77 462 124 488 καὶ
138 461 186 488 τδν
196 460 287 496 ἔρωτα
295 461 349 488 τῶν
362 461 517 495 φιλοσοφεῖν
545 461 722 497 αἱρουμένων
750 461 868 496 ἀναφλέ-

76 514 155 541 γειν·
184 507 227 534 ὅτι
253 506 291 542 μὴ
309 506 398 534 καὶτὸ
424 507 518 534 λοιπὸν
542 507 660 543 συνορᾷν
684 507 868 543 χειραγωγίαν

74 553 164 589 εὖροι.

109 642 144 668 ΤΞ
157 639 205 669 οὖν
223 642 283 670 ἔστι
298 642 398 677 φάναι;
411 643 444 669 Tt
461 643 490 670 δὲ
503 642 659 679 σοφώτερον
681 643 777 679 ἕτερον
796 642 866 678 πρὸς

76 687 126 723 τὴν
138 687 170 720 ἐξ
183 688 273 723 ἀρχῆς
282 689 411 724 ἀπορίαν.
426 689 442 725 ἢ
454 689 522 715 διότι
534 690 551 724 ἡ
567 689 619 724 μὲν
644 689 711 721 Θεὸς
724 689 799 725 φωνὴ
816 690 866 725 τήν

77 743 106 760 τε
122 735 204 768 φύσιν
219 734 299 761 εἴωθε
316 735 423 770 δηλοῦν,
436 736 484 761 καὶ
496 735 551 761 τῶν
566 734 676 770 ἀτόμων
692 735 807 762 ἕκαστον
818 735 865 761 οὺη

75 780 119 806 δὲν
132 779 244 807 ἔλαττον
255 780 362 815 πέφυκε
380 780 523 815 σημαίνειν
533 789 541 796 ·
558 781 575 816 ἡ
589 780 617 807 δὲ
632 780 734 814 Θεότης
755 789 865 815 σημαν-

74 826 151 852 τικόν
162 834 202 858 τε,
215 827 262 852 καὶ
276 826 424 861 δηλωτικὸν
439 827 525 862 αὐτῆς
535 834 567 861 γε
584 827 667 862 μόνης
681 827 732 861 τῆς
744 827 862 861 φύσεωςς

74 872 121 898 Διὸ
136 872 310 907 πριεκτικδν
327 873 376 907 μὲν
393 872 533 908 ὴΘεότης.
554 873 648 908 ὥσπερ
669 873 716 899 καὶ
730 874 746 908 ἡ
771 872 862 907 φύσις,

73 917 188 949 εἰκότως
203 919 236 945 ἂν
252 918 348 954 ῥηθείη
365 919 419 945 τῶν
432 919 606 945 ὑποστάσεων
620 926 627 933 ·
650 918 710 945 οὐδὲ
720 918 749 945 δὲ
761 918 864 952 Θεότης

72 963 128 989 τῶν
141 964 187 990 ὑπ’
199 964 284 998 αὐτῆς
297 966 502 1000 περιεχομένων
533 965 591 999 (καὶ
618 965 673 999 γὰρ
691 965 751 991 οὐδὲ
770 964 863 1000 φύσις)

72 1008 186 1036 δύναται
202 1009 341 1044 λέγεσθαι.
363 1010 395 1036 'H
409 1010 438 1037 δὲ
456 1011 523 1042 Θεὸς
544 1011 632 1046 φωνὴ,
658 1010 755 1046 ὡσπερ
782 1019 864 1046 περι-

72 1055 217 1090 ληπτικόν,
238 1055 310 1083 οὓτω
333 1056 365 1092 δὴ
392 1057 439 1083 καὶ
457 1056 607 1092 δηλωτικὸν
634 1057 689 1083 τῶν
715 1057 863 1092 ὑπερφυῶν

72 1101 250 1128 ὑποστάσεων
267 1110 274 1117 ·
291 1102 332 1128 διὸ
351 1102 400 1129 καὶ
424 1102 580 1135 ἀκολούθως
605 1103 620 1130 ό
642 1103 722 1138 λόγος
745 1103 863 1130 ἕκαστον

71 1147 128 1174 τῶν
140 1147 225 1182 τριῶν
236 1147 303 1175 Θεὸν
315 1147 460 1184 ὀνομάζειν
474 1148 631 1176 ἐπίσταται.

106 1278 177 1306 Εῐδέ
189 1288 232 1311 τκ
245 1279 334 1306 αἰτίαν
347 1280 552 1315 νεανιευόμενος
565 1281 699 1317 ἐπιζητεῖ,
714 1282 741 1309 τί
751 1283 783 1318 δή
795 1291 861 1310 ποτε

71 1325 89 1359 ἡ
103 1324 153 1359 μὲν
168 1325 345 1360 ἀνθρωπότης
356 1326 406 1360 τὴν
419 1325 511 1360 φύσιν,
525 1327 540 1353 ό
554 1327 582 1354 δὲ
596 1327 740 1363 ἄνθρωπος
753 1329 801 1355 καὶ
816 1329 862 1364 τὴν

71 1369 165 1402 φύσιν,
182 1369 230 1396 καὶ
246 1369 276 1395 τὸ
288 1369 349 1396 καθ’
363 1370 465 1397 ἕκαστα
486 1371 590 1406 πέφυκε
613 1371 726 1407 δηλοῦν
750 1373 861 1408 λέληθεν

70 1414 169 1440 ἑαυτὸν
191 1415 220 1441 ὲν
243 1413 282 1448 τῷ
296 1414 416 1448 νομίζειν
439 1415 536 1449 σοφίας
551 1415 685 1451 ὑπόληψιν
701 1415 799 1452 θηρᾷν.
819 1418 861 1449 εις

30 1466 35 1472 ‘
71 1459 193 1493 ἀμαθίαν
215 1459 389 1494 ἐκφέρεσθαι,
407 1460 494 1494 ἀρχὰς
518 1459 655 1496 ἐπιζητῶν
682 1461 736 1487 τῶν
756 1461 859 1498 ἀρχῶν,

71 1505 120 1532 καὶ
144 1505 199 1531 τῶν
225 1505 352 1532 ἀναιτίων
381 1506 508 1532 ἀπαιτεῖν
527 1506 616 1538 atria;
643 1506 857 1542 ὑποσυρόμενος.
872 1523 894 1552 c

77 1551 158 1578 Ἀλλά
178 1550 265 1579 ταῦτα.
284 1551 334 1587 μὲν
347 1552 361 1578 ὑ
373 1550 560 1587 κεφαλαιώδης
573 1550 620 1578 τοῦ
636 1551 715 1588 λόγου
728 1552 823 1586 τύπος.

336 1652 504 1680 ΕΡΩἸἪΣΙΣ
522 1654 591 1680 ιεῐιν.

68 1699 102 1725 ει
130 1698 184 1734 τοῦ
210 1698 304 1734 αὐτοῦ
330 1699 427 1726 alr/ou
449 1700 587 1733 πρόεισιν
610 1701 627 1727 ό
661 1699 727 1734 Υιὸς
751 1700 801 1727 καὶ
824 1700 859 1728 τὸ

106 1733 240 1770 Πνεῦμα,
258 1733 322 1770 σῶς
344 1734 412 1770 οὐχι
430 1736 488 1770 τῂν
510 1734 570 1770 τῷν
586 1733 727 1770 ἀδελφῶν·
748 1735 857 1763 ἀναδέ-

107 1769 209 1806 fuerat
225 1769 349 1806 κλῆσιν,
359 1768 416 1806 λκαὶ
431 1768 489 1804 τὴν
497 1769 551 1796 τοῦ
568 1771 637 1798 ΥΙοῦ
652 1768 857 1806 σίροσητορίαν

107 1803 233 1831 ὑπέλθοι
247 1804 280 1830 τὸ
292 1803 414 1839 Πνεῦμα
425 1812 436 1837 ;

923 236 1003 265 pacto
1017 234 1158 258 ostensum
1173 234 1224 262 est,
1242 229 1314 264 quod
1334 236 1389 256 non
1410 227 1511 261 omnia,
1525 234 1587 262 quae
1608 225 1706 253 eodem

922 276 1047 307 redeunt.
1071 280 1195 302 mutuam
1219 275 1246 302 in
1271 273 1407 302 universis
1431 271 1706 301 communicationem

920 326 1070 357 exposcam
1081 329 1090 354 ;
1101 326 1127 348 et
1142 321 1214 356 quod
1233 328 1331 348 vocum
1347 319 1465 347 hominis
1486 323 1514 346 et
1527 317 1706 345 humanitatis

920 367 1061 402 expositus
1073 375 1141 395 usus
1161 367 1272 394 dirimat
1287 366 1314 393 in
1335 366 1418 394 rebus
1428 365 1528 392 divinis
1546 368 1706 392 controver-

919 412 1000 440 siam.
1013 412 1140 440 Protinus
1164 413 1256 447 itaque
1271 411 1386 446 quaestio
1407 418 1441 438 ex
1452 417 1506 437 una
1523 409 1613 436 adhuc
1629 413 1706 443 parte

918 458 1059 486 enodanda
1073 462 1207 493 superest,
1223 462 1251 485 et
1261 457 1426 485 desiderium
1441 463 1536 483 eorum
1557 456 1604 490 qui
1618 454 1706 490 philo-

917 504 1026 539 sophari
1041 504 1164 539 cupiunt,
1190 503 1340 531 accendere
1352 511 1360 536 ;
1372 502 1436 538 quia
1459 502 1485 529 id
1497 508 1617 536 quoque,
1632 501 1704 535 quod

916 552 1040 587 iniquum
1059 556 1112 585 est,
1127 552 1250 591 nondum
1266 559 1316 579 sua
1329 550 1521 579 euucleatione
1535 548 1617 585 potiri
1628 548 1704 576 vide-

916 602 972 625 tur.

951 640 1086 674 Quidnam
1101 645 1143 669 est
1157 648 1224 677 ergo
1237 639 1405 668 dicendum?
1420 638 1454 666 Et
1477 638 1609 674 quidnam
1629 635 1704 663 aliud

915 686 1001 722 magis
1016 687 1049 714 ad
1065 687 1245 722 quaestionem
1259 686 1427 722 propositam
1443 685 1518 717 facit,
1532 691 1614 719 quam
1630 682 1704 717 quod

914 740 946 760 ex
960 741 1004 766 eo,
1017 734 1082 768 quia
1103 741 1156 761 vox
1179 733 1250 761 Deus
1265 738 1292 760 et
1315 737 1440 760 naturam
1463 731 1617 766 exprimere
1638 737 1704 756 con—

914 779 1020 812 suevit,
1048 785 1076 807 et
1105 779 1140 807 ad
1171 785 1394 814 unamquamque
1425 783 1604 813 personarum
1631 774 1704 802 indi-

914 825 1027 852 candam
1045 833 1099 852 non
1111 825 1201 852 minus
1224 829 1376 860 opportuna
1395 828 1437 851 est
1454 832 1461 850 :
1481 830 1533 850 vox
1551 825 1643 849 autem
1659 820 1705 847 Di-

916 871 1014 897 vinitas
1043 871 1145 898 indicat
1179 870 1363 905 exprimitque
1397 869 1484 904 ipsam
1513 865 1703 895 tantummodo

914 922 1040 944 naturam
1054 924 1062 949 ;
1078 916 1180 944 idcirco
1195 916 1335 948 divinitas,
1355 919 1386 943 ut.
1401 920 1429 943 et
1446 918 1555 947 natura,
1571 920 1704 948 personas

914 961 1055 989 continere
1069 962 1167 989 merito
1183 961 1239 989 dici
1254 965 1367 996 posset:
1384 964 1413 987 at
1430 967 1485 987 non
1501 963 1591 994 potest
1602 957 1703 985 Divini-

915 1009 957 1032 tas
978 1005 1090 1040 (quippe
1113 1013 1147 1032 ne
1169 1005 1227 1040 ipsa
1253 1005 1364 1040 quidem
1387 1004 1500 1038 natura)
1522 1003 1556 1030 de
1573 1001 1702 1037 personis

913 1058 983 1085 quas
1001 1051 1133 1083 continet,
1151 1050 1303 1078 enuntiari.
1327 1049 1385 1077 Vox
1400 1054 1490 1076 autem
1511 1048 1593 1080 Deus,
1606 1051 1702 1082 utpote

912 1098 978 1132 quia
991 1105 1044 1124 non
1066 1097 1148 1124 modo
1161 1097 1235 1132 ipsas
1254 1103 1387 1132 personas
1407 1095 1617 1130 augustissimas
1634 1101 1702 1121 con-

912 1144 990 1175 tinet,
1005 1143 1052 1170 sed
1070 1146 1097 1170 et
1112 1143 1221 1170 easdetu
1235 1141 1375 1176 exprimit,
1391 1141 1453 1168 ideo
1467 1139 1655 1174 consequitur,
1671 1143 1702 1167 ut

913 1188 940 1216 in
957 1195 1081 1215 sermone
1092 1187 1244 1222 quamlibet
1256 1186 1339 1214 triqu
1367 1186 1549 1222 hypostaseou
1563 1185 1702 1220 possimus

912 1233 996 1262 Deum
1009 1241 1176 1268 nuncupare.

946 1279 1023 1313 Quod
1037 1280 1059 1306 si
1073 1279 1134 1314 quis
1149 1283 1282 1306 monstrat
1301 1278 1392 1306 denuo
1405 1285 1435 1306 se
1459 1277 1597 1313 inquirere
1614 1276 1699 1304 ratio-

911 1333 984 1357 nem,
1000 1333 1049 1352 cur
1060 1324 1216 1352 humanitas
1231 1328 1367 1355 naturam.
1382 1324 1466 1351 homo
1480 1328 1573 1351 autem
1589 1327 1642 1350 tam
1654 1329 1702 1350 na-

911 1374 999 1397 turam
1023 1378 1104 1404 quam
1127 1369 1295 1396 individuum
1318 1368 1488 1404 signiﬁcandi
1506 1368 1560 1395 vim
1580 1367 1700 1394 habeat:

911 1415 955 1443 hic
969 1415 1088 1443 nondum
1109 1415 1195 1442 sensit
1213 1422 1283 1446 sese,
1300 1414 1364 1442 dum
1391 1414 1531 1450 sapientiae
1544 1413 1700 1448 opinionem

910 1461 1004 1488 venari
1022 1465 1109 1496 putat,
1128 1461 1156 1487 in
1169 1460 1311 1488 stultitiam
1326 1460 1458 1493 incidere,
1472 1460 1536 1494 quia
1552 1459 1700 1494 principio—

910 1515 969 1534 rum
980 1506 1114 1542 principia
1130 1510 1277 1539 scrutatur,
1295 1510 1322 1533 et
1333 1514 1440 1537 eorum,
1451 1513 1511 1540 quae
1521 1512 1631 1532 causam
1644 1511 1700 1532 non

912 1552 1024 1583 habent.
1037 1559 1133 1580 causas
1146 1556 1231 1580 tcutat
1244 1552 1388 1588 expiscari.
1405 1552 1495 1587 Atque
1510 1551 1567 1579 lnec
1581 1551 1700 1579 sermoni

912 1598 1115 1634 compendiario
1128 1599 1195 1626 satis
1205 1603 1287 1626 erunt
1300 1598 1367 1634 (52).

1052 1653 1215 1688 QUESTIO
1232 1654 1341 1682 xxvm
1358 1654 1408 1692 [αι.
1424 1653 1544 1691 xxvu].

911 1700 943 1729 Si
962 1709 995 1727 ea:
1013 1701 1102 1728 eodem
1129 1701 1257 1735 principio
1281 1700 1369 1728 Filius
1393 1709 1425 1728 ac
1453 1701 1568 1736 Spiritus
1591 1706 1700 1728 sancta:

947 1737 1090 1770 procedunt
1118 1736 1249 1771 quomodo
1278 1744 1324 1763 nee
1350 1736 1466 1771 fratrum
1497 1736 1699 1771 appellationem

946 1771 1087 1833 αειξὶρίεὲιι,
1102 1778 1148 1798 nee
1173 1770 1239 1798 Filii
1265 1779 1357 1798 nomen
1382 1770 1499 1805 Spiritus
1518 1776 1626 1799 sanetur
1652 1779 1701 1798 ac-

948 1810 1032 1833 autret

948 1814 1022 1841 quire

487 1860 555 1886 Edita
566 1860 597 1885 ab
609 1861 665 1886 Ant.
683 1861 779 1892 Scotto,
796 1862 815 1886 Ι.
827 1868 860 1892 c.,
878 1868 903 1894 p.
917 1861 955 1886 26.
968 1861 1111 1893 Dogmatica
1122 1861 1154 1886 de
1163 1860 1295 1886 Trinitate.

112 1913 145 1940 Ἦ
158 1913 208 1949 μὲν
220 1914 343 1949 πρόοδος,
358 1911 381 1942 ὦ
397 1915 528 1951 βέλτιστε,
540 1915 598 1951 ἅμα
615 1925 644 1943 τε
656 1917 704 1944 καὶ
720 1916 860 1944 ἀδιαστάμ

71 1969 128 1993 τως
142 1962 149 1976 ¹
167 1961 199 1987 ἐκ
212 1960 259 1987 τοῦ
280 1962 386 1997 Πατρὸς
408 1962 448 1996 τῷ
468 1971 498 1988 τε
514 1962 582 1997 Υῐῷ,
597 1963 645 1990 καὶ
665 1963 704 1997 τῷ
719 1962 860 1998 Πνεῦματι

71 2006 248 2040 Θεολογείται.
264 2007 357 2038 Οὐδεὶς
378 2007 400 2033 δ’
416 2007 564 2041 ἀναγκάσει
584 2007 663 2042 λόγος
682 2008 722 2039 εἰς
742 2007 792 2043 τὴν
810 2006 858 2034 τοῦ

70 2052 138 2079 Υξοῦ
155 2053 319 2087 μεταπεσεῖν
336 2053 530 2088 προσηγορίαν,
544 2053 561 2089 ἢ
573 2052 622 2089 τὴν
631 2053 779 2089 ἀδελφικὴν
791 2054 858 2081 ἀνα-

70 2098 198 2130 δέξασθαι
216 2098 324 2132 σχέσιν·
344 2098 384 2124 ὅτι
413 2098 481 2133 μηδὲ
507 2097 538 2125 τὸ
560 2098 695 2126 ἀνάπαλιν
714 2099 824 2131 ἐννοεῖν,
840 2098 858 2134 ἢ

69 2144 171 2177 λέγειν,
183 2143 221 2175 ὡς
235 2144 249 2170 ό
263 2143 326 2175 Υἱὸς
337 2145 376 2175 εἰς
388 2144 419 2170 τὸ
431 2145 596 2180 ἐκπορευτὸν
610 2146 719 2180 μέτεστι
735 2145 857 2181 Πνεῦμα,

69 2188 150 2224 ἢτὴν
175 2189 281 2215 ἐκείνου
307 2189 399 2224 σχέσιν
416 2189 583 2222 ὲξιὸιώσατο.
602 2190 683 2217 Ἀλλὰ
707 2190 794 2218 ταῦτα
810 2191 862 2226 μὲν

69 2233 185 2265 ἕκαστος
199 2234 254 2261 τῶν
267 2234 329 2261 νοῦν
342 2235 413 2272 ἔχειν
428 2235 586 2270 ἠξιωμένων
600 2236 718 2270 Χριστοῦ
733 2236 780 2263 καὶ
793 2245 860 2272 φρο-

69 2281 137 2312 νεῖν,
156 2280 204 2307 uel.
219 2280 354 2308 διδάσκειν
379 2281 475 2314 ἄλλους
504 2282 612 2317 ἕτοιμον
637 2283 787 2318 παρέχεται
810 2283 860 2319 τὴν

68 2326 160 2360 χάριν.
175 2327 212 2354 οὐ
232 2327 286 2362 γὰρ
300 2327 367 2354 διότι
381 2329 414 2354 ὲκ
428 2328 475 2355 τοῦ
492 2329 574 2355 αὑτοῦ
590 2329 776 2363 θεολογοῦνται
790 2338 859 2365 προ-

67 2371 150 2404 ῑέναι,
167 2371 183 2407 ἢ
200 2373 241 2404 εἰς
258 2373 371 2409 υῑότητα
384 2373 415 2400 τὸ
432 2373 546 2409 Πνεῦμα
564 2374 788 2410 συνδιαστήσεται
809 2375 859 2410 τῆς

945 1915 1087 1944 Processio
1097 1924 1111 1943 a
1124 1916 1215 1947 Patre,
1226 1915 1329 1950 optime
1341 1915 1392 1946 vir,
1407 1914 1518 1950 pariter,
1530 1922 1562 1942 ac
1569 1915 1626 1942 sine
1639 1922 1701 1943 con-

911 1963 1038 1989 trooersia
1054 1966 1080 1989 et
1097 1962 1131 1990 de
1145 1961 1224 1995 Filio,
1240 1967 1268 1988 et
1288 1961 1322 1989 de
1339 1961 1444 1996 Spiritu
1461 1965 1556 1988 sancto
1578 1961 1605 1988 in
1622 1968 1700 1989 sacra

910 2007 1032 2036 doctrina
1043 2008 1201 2035 enuntiatur
1213 2015 1220 2034 :
1235 2007 1326 2035 nullus
1337 2012 1428 2035 tamen
1439 2007 1588 2034 inslnuabit
1597 2014 1698 2039 sermo,

910 2054 982 2089 quod
1001 2054 1028 2081 in
1044 2054 1106 2081 Filii
1120 2061 1219 2081 nomen
1245 2053 1364 2088 Spiritus
1385 2058 1494 2080 sanctus
1515 2052 1627 2086 incidat,
1651 2058 1700 2081 aut

911 2100 984 2135 quod
998 2100 1146 2128 fraternam
1159 2099 1288 2134 suscipiat
1299 2099 1483 2127 conditionem
1494 2108 1502 2126 :
1514 2099 1642 2133 quoniam
1653 2106 1700 2126 ne-

876 2153 897 2180 D
911 2153 964 2181 que
980 2150 1073 2173 contra
1087 2145 1244 2173 existimare
1267 2153 1412 2180 possumus
1423 2164 1430 2177 ,
1444 2148 1491 2172 aut
1511 2144 1612 2178 dicere,
1627 2145 1700 2179 quod

910 2191 993 2218 Filius
1008 2191 1035 2218 in
1054 2190 1188 2226 Spiritum
1205 2196 1332 2219 sanctum
1353 2190 1547 2226 procedentem
1567 2194 1698 2224 mutetur,

909 2242 957 2265 aut
967 2237 1026 2272 eius
1043 2238 1236 2272 proprietatem
1255 2237 1305 2264 sibi
1327 2236 1454 2264 vindicet.
1472 2236 1592 2270 Quisque
1608 2239 1698 2263 autent

908 2291 1012 2316 eorum,
1028 2283 1075 2318 qui
1088 2282 1365 2317 Cliristi'sapientiam
1380 2285 1528 2310 censentur
1541 2281 1650 2313 habere,
1664 2281 1699 2308 ad

908 2329 966 2357 lure
989 2334 1044 2356 tam
1059 2328 1211 2360 seutlenda.
1238 2336 1320 2363 quam
1335 2328 1397 2356 aliis
1426 2327 1556 2355 tradenda
1582 2327 1699 2354 libenter

908 2383 967 2403 sesc
983 2375 1103 2402 exhibet.
1124 2373 1183 2402 Non
1205 2375 1278 2402 enim
1300 2374 1362 2410 quia
1386 2382 1420 2401 ex
1442 2374 1539 2402 eodem
1564 2371 1700 2408 principio

712 2429 829 2458 VARIE
849 2431 1054 2460 LECTIONES.

111 2472 189 2501 “Non
199 2473 378 2504 ἅδιστάκτως.
393 2473 561 2502 Vertendum
576 2483 583 2502 :
596 2475 652 2502 sine
665 2476 817 2504 intervallo.

827 2523 943 2552 NOTAE.

104 2567 162 2603 (52)
181 2567 221 2595 Ex
237 2568 287 2596 hac
300 2569 451 2603 quastione
466 2569 502 2596 ita
520 2576 581 2596 sese
596 2569 710 2597 extricat
729 2570 762 2599 Ι).
782 2570 857 2598 'l'ho-

70 2611 138 2630 mas.
153 2604 266 2630 Fatetur
291 2604 408 2638 primum
434 2604 514 2638 (part.
539 2611 558 2634 ι,
579 2610 674 2638 quaest.
696 2606 745 2637 59.
759 2611 812 2633 art.
829 2606 857 2638 6,

69 2638 102 2665 ad
116 2641 226 2672 secun.)
236 2645 308 2666 recte
320 2639 373 2666 dici
385 2639 500 2666 divinam
519 2640 659 2666 essentiam
675 2648 730 2666 esse
739 2640 856 2672 Patrem.

69 2673 130 2707 quia
146 2680 210 2700 tum:
224 2678 263 2700 est
287 2674 441 2708 praedicatio
466 2682 513 2708 per
538 2674 717 2707 identitatem;
746 2680 774 2702 et
792 2676 856 2703 alibi

70 2710 132 2744 (art.
146 2708 174 2738 5,
186 2709 220 2735 ad
232 2709 337 2744 quart.)
347 2710 461 2736 essentia
473 2709 574 2741 dicina,
587 2709 685 2744 inquit,
695 2711 858 2744 prmdicatur

68 2743 100 2769 de
112 2742 195 2770 Putre
209 2742 255 2777 per
263 2742 378 2770 motinm-
387 2744 536 2771 identitatia
549 2742 656 2777 propter
666 2742 784 2772 divinam
796 2747 859 2772 sim-

69 2778 227 2815 plicitatem.
246 2777 306 2806 Jani
331 2787 412 2815 porro
428 2780 508 2815 ducet
530 2779 631 2815 idcirco
646 2779 715 2815 hanc
730 2781 857 2815 proposi-

69 2813 170 2841 tionem
184 2813 267 2841 Pater
289 2818 328 2841 est
344 2814 413 2840 Deus
430 2814 520 2848 potius
537 2814 662 2841 adhiberi
673 2833 680 2845 ,
701 2813 765 2848 quia
779 2813 857 2846 (ibid.

69 2853 121 2875 art.
137 2848 166 2882 5,
182 2849 209 2876 in
223 2852 312 2884 corp.)
331 2848 392 2876 licet
410 2848 553 2876 secundum
573 2857 628 2877 rem
641 2849 675 2877 sit
688 2848 756 2878 idem
773 2850 856 2884 Deut,

909 2571 977 2607 quod
995 2570 1096 2604 Deitas,
1108 2580 1159 2598 non
1175 2575 1260 2598 tamen
1277 2575 1314 2598 est
1335 2569 1405 2607 idem
1419 2569 1512 2607 modus
1526 2570 1699 2607 _tig_n_iﬁcandi

909 2605 1065 2645 utrobique:
1083 2615 1143 2645 nam
1159 2606 1206 2633 hoc
1222 2614 1315 2645 nomen
1332 2605 1414 2645 Deus,
1427 2605 1488 2645 quia
1507 2605 1639 2645 signiﬁcat
1653 2606 1698 2645 di-

910 2640 1167 2672 rinanteuentiam,
1183 2646 1212 2668 ut
1226 2642 1254 2667 iu
1269 2641 1379 2667 habente
1407 2640 1482 2671 (vide
1503 2640 1585 2667 etiam
1601 2644 1655 2667 art.
1667 2640 1696 2672 ι.

910 2677 938 2704 in
954 2677 1042 2711 corp.)
1062 2685 1094 2702 ea;
1122 2678 1198 2702 modo
1215 2684 1270 2702 sua:
1284 2675 1495 2711 signiﬁcationis
1508 2675 1602 2706 habet,
1628 2676 1698 2710 quod

908 2713 991 2746 possit
1005 2710 1161 2745 'snpponere
1181 2719 1228 2745 pro
1243 2718 1401 2745 persona...
1419 2710 1470 2737 Sed
1486 2710 1533 2737 Iwc
1546 2718 1639 2737 nomen
1657 2719 1698 2746 es:

909 2745 996 2774 tentia
1012 2754 1063 2772 non
1077 2746 1153 2772 habet
1177 2753 1208 2773 ex
1231 2745 1308 2772 modo
1320 2753 1374 2773 sua:
1391 2746 1603 2780 signiﬁcationis,
1628 2745 1698 2779 quod

910 2785 1042 2816 utpponat
1063 2789 1112 2816 pro
1129 2788 1252 2816 persona,
1269 2781 1331 2816 quia
1344 2782 1477 2816 supponit
1500 2781 1652 2816 essentiam,
1666 2784 1698 2816 at

911 2789 1042 2816 supponat
1065 2789 1112 2813 pro
1129 2789 1251 2815 persona.
1286 2789 1331 2807 uia
1354 2789 1477 2815 ενρροιυι
1500 2789 1652 2812 essentiam,
1669 2789 1698 2806 ul

911 2815 1212 2851 formumrabatractain.
1231 2789 1298 2844 Ville
1314 2815 1397 2844 etiam
1423 2815 1542 2848 Estium,
1557 2815 1604 2843 lib.
1617 2822 1638 2848 Ι,
1655 2815 1698 2843 di-

912 2849 1006 2880 istinct.
1019 2850 1047 2884 4,
1066 2849 1080 2886 §
1098 2852 1109 2879 l
1122 2855 1149 2879 et
1159 2850 1186 2880 ‘2.
