1882 3075
172 118 227 151 207

749 123 882 153 ΡΗΟΤΙῙ
896 116 1149 154 PATRIAIICIL’E
1167 124 1221 154 Cl‘.

1743 122 1803 157 208

175 182 291 212 uterque
309 177 408 205 dicitur
431 185 446 204 a
462 177 596 212 theologis
621 178 768 212 procedere
779 199 786 211 ,
803 178 906 206 idcirco
919 187 948 206 au

1047 178 1085 210 ίας
1100 179 1274 213 ἐξιστάμενον
1288 179 1417 214 ἰδιότητος
1429 187 1436 194 ·
1450 179 1466 214 ἦ
1487 180 1501 206 6
1516 179 1579 211 Υἱὸς
1597 188 1648 215 της
1664 188 1812 217 χαρακτη-

177 223 295 257 Spiritus
311 227 421 250 sanctus
435 231 469 251 ex
480 224 645 259 proprietate
660 231 709 251 sua
720 223 839 252 dimotus
854 225 881 251 in
898 225 965 251 tilia-

175 268 250 296 tione
263 268 458 299 collocabitur;
476 273 524 296 aut
537 268 622 296 Filius
633 269 668 296 ab
682 277 724 302 ea,
734 277 794 304 qua:
810 270 897 304 ipsum
910 271 965 297 dis-

175 314 285 349 tinguit,
302 315 476 349 generatione
490 315 630 347 reaedens,
660 322 721 342 cum
738 315 857 350 Spiritus
878 317 964 343 sancti

175 359 343 393 proprietate
361 359 545 387 confundetur
559 369 566 387 :
578 368 609 387 ex
624 361 719 387 eodem
732 361 803 388 enim
817 361 963 395 principio,

176 403 224 430 sed
240 411 295 430 non
309 404 405 432 eodem
422 410 500 439 pacto
512 405 592 432 ambo
612 405 776 440 procedunt;
793 413 843 433 nec
865 413 963 433 secun-

175 449 240 476 dum
256 450 378 476 eamdem
396 450 590 485 proprietatem
601 457 643 479 est
657 452 798 486 utriusque
815 452 962 486 processio.

175 494 283 521 Etenim
307 494 393 523 Filius
407 496 518 530 quidem
537 497 657 530 procedit
678 505 693 523 a
717 496 806 529 Patre,
823 504 920 531 nempe
935 501 965 524 ut

177 539 296 572 genitus,
313 540 430 575 Spiritus
445 547 556 569 sanctus
572 547 662 569 autem
679 550 728 577 per
749 543 962 578 processionem,

176 592 238 618 qua:
260 585 340 612 aliam
366 586 403 613 illi
428 587 474 614 dat
486 588 697 622 proprietatem,
722 588 770 615 sed
792 595 882 622 neque
906 589 964 615 haec

176 631 315 662 processio
339 632 524 666 generationis
545 633 683 662 notionem
705 633 757 660 sibi
776 634 911 661 conciliat.
925 633 965 660 Ita

176 682 244 702 sane
260 683 304 703 res
320 683 350 703 se
371 676 466 711 habet;
483 682 511 705 et
533 679 578 713 qui
599 679 749 706 secundum
769 679 891 706 diversas
914 687 965 706 no-

176 718 265 747 tiones
275 728 290 747 a
305 721 384 749 Patre
400 724 476 750 exire
486 724 623 756 dicuntur,
642 724 777 751 diversam
789 732 898 759 quoque
915 731 965 750 no-

1016 224 1144 261 ριζούσης
1159 225 1240 251 αὐτὸν
1252 226 1373 256 ἀποστὰς
1392 225 1545 260 γεννήσεως
1561 226 1600 257 εἰς
1617 226 1647 252 τὺ
1661 226 1708 253 τοῦ
1721 227 1814 253 Πνεύ-

1017 278 1101 306 ματος
1132 270 1231 304 ἰδίωμα
1262 271 1478 306 συγχυθήσεται·
1510 272 1542 297 ὲκ
1570 271 1618 298 τοῦ
1644 272 1727 299 αὑτοῦ
1751 273 1813 307 γὰρ

1015 316 1108 350 ἄμφω,
1125 315 1183 342 ἀλλ’
1207 316 1255 350 οὐχ
1284 316 1425 348 ὡσαύτως,
1443 317 1503 343 οὐδὲ
1521 317 1593 344 κατὰ
1612 318 1662 353 τὴν
1685 318 1814 353 ἰδιότητα

1014 362 1064 396 τὴν
1077 361 1161 396 αὐτὴν
1178 361 1335 397 ήέκατὲρου
1354 363 1476 398 πρόοδος.
1493 363 1547 390 Καὶ
1561 363 1614 399 γὰρ
1637 365 1651 390 ὀ
1671 364 1721 398 μὲν
1738 365 1810 397 Tib;

1016 406 1064 433 τοῦ
1082 407 1186 442 Πατρὺς
1207 407 1326 443 προῆλθε
1347 408 1379 444 δὴ
1392 409 1528 443 γεννητῶς
1537 418 1544 424 ·
1559 410 1590 436 τὸ
1603 410 1716 446 Πνεῦμα
1729 412 1758 438 δὲ
1771 412 1812 438 δι’

1016 452 1205 487 ὲκπορεύσεως
1230 455 1388 489 σίκειομένη
1403 455 1459 490 (53)
1488 455 1600 491 ἰδίωμα·
1620 457 1688 483 ἀλλά
1710 458 1770 485 οὐδὲ
1790 459 1810 494 ή

1019 499 1182 533 ὲκπόρευσις
1194 499 1239 526 τὸν
1249 500 1299 534 τῆς
1311 502 1464 536 γεννήσεως
1477 500 1640 538 χαρακτῆρα
1653 503 1811 539 ἐναρμόζε-

1015 551 1071 570 ται.
1084 542 1161 570 Οὕτω
1171 545 1209 576 δὲ,
1224 544 1304 573 οὕτω.
1325 546 1380 572 Καὶ
1399 546 1416 573 ἃ
1432 547 1501 574 κατὰ
1517 548 1567 580 τὰς
1582 548 1727 584 διαφόρους
1740 550 1811 586 σχέ-

1018 596 1074 619 σεις
1087 589 1263 624 ίερολογεῐται
1280 591 1325 617 τοῦ
1344 592 1450 626 Πατρὸς
1464 593 1656 628 προέρχεσθαι,
1676 594 1810 630 διάφορον

1017 632 1108 667 ἔχουσι
1128 634 1173 660 καὶ
1187 634 1238 670 τὴν
1251 635 1356 670 κλῆσιν,
1368 636 1416 662 καὶ
1430 636 1478 672 τὴν
1494 637 1523 663 ὲν
1539 639 1600 669 ταῖς
1621 638 1809 666 ὐποστάσεσιν

1019 677 1148 713 ίδιότητα,
1162 676 1205 711 αἷς
1222 680 1315 713 αὐτοῖς
1334 681 1365 707 τὸ
1378 681 1432 708 τῶν
1452 682 1570 718 σχέσεων
1582 683 1722 720 ἀφώριστο
1739 684 1809 712 lor/5-

1016 731 1127 758 τροπον.

177 767 384 795 menelationem
400 777 433 796 ac
457 771 626 805 perso::alem
655 770 748 798 ineunt
765 771 1032 805 proprietatemque
1046 771 1190 805 peculiaris
1223 773 1342 801 notionis
1365 773 1470 802 indoles
1496 774 1524 801 in
1556 774 1624 810 ipsis
1654 774 1806 804 constituta

177 812 276 840 fuerat.

213 860 247 886 At
257 860 330 888 enim
345 861 383 888 ita
395 863 550 896 apparentis
565 863 730 892 uillicultatis
741 873 804 893 vera
820 866 918 893 solutio
932 863 965 892 ad
982 862 1004 892 Β

155 915 161 922 ι
176 905 339 933 evidentiam
356 913 442 939 usque
453 911 495 935 est
510 908 641 936 deducta:
655 910 726 944 quod
745 911 767 937 si
784 911 871 938 mavis
882 911 962 938 etiam

177 958 193 977 ιι
210 951 350 985 corporeis
364 952 447 980 rebus
463 954 497 981 ad
518 954 696 990 incorporeas
718 956 904 984 similitudinis
917 964 964 983 ar-

176 999 306 1030 gumenta
333 997 495 1032 desumere;
515 999 631 1027 calorem
647 1004 674 1027 et
697 1002 784 1028 lucem
805 1010 837 1028 ex
868 1002 963 1029 eodem

176 1039 312 1075 principio
333 1041 433 1070 ducere
449 1044 581 1078 originem
599 1053 680 1073 nemo
694 1052 748 1078 est,
769 1047 814 1081 qui
840 1047 962 1082 ignoret;

176 1085 310 1120 siquidem
327 1092 473 1123 utrumque
494 1094 535 1117 est
551 1090 621 1125 ignis
638 1091 750 1119 elIectus
772 1099 804 1119 ac
816 1094 962 1120 emanatio.

176 1132 211 1157 At
226 1139 291 1160 vero
308 1141 395 1168 neque
407 1135 527 1163 calorem
552 1143 641 1163 aerem
658 1137 819 1165 illustrando
840 1139 910 1166 visui
929 1139 962 1166 ad

175 1184 217 1209 ea,
228 1185 288 1212 qua:
299 1185 459 1214 cernuntur,
478 1181 650 1216 percipienda
676 1183 803 1218 prodesse
818 1184 963 1219 quisquam

175 1229 241 1250 sane
257 1225 355 1252 mentis
369 1225 457 1259 dicet;
475 1235 536 1261 qua:
557 1228 686 1255 nimirum
701 1233 743 1256 est
766 1229 879 1257 luminis
897 1238 962 1264 pro«

175 1269 295 1310 prietas;
303 1279 390 1306 neque
405 1278 500 1300 contra
517 1273 571 1301 vim
585 1273 745 1302 absumendi
759 1276 896 1310 subjectae
905 1284 962 1303 ma-

174 1315 256 1344 teries
269 1309 413 1352 quisquam
428 1318 492 1350 luci,
508 1320 658 1347 secundum
671 1320 742 1355 quod
754 1321 800 1348 illa
811 1309 961 1355 illuminat,

174 1360 296 1389 tribuere
319 1363 450 1390 audebit:
475 1371 563 1399 neque
595 1365 708 1393 alterius
739 1373 861 1399 nomen,
891 1367 963 1394 unde

174 1406 363 1434 exsistentium
376 1415 466 1435 rerum
476 1409 640 1445 agnitionem
648 1415 796 1445 comparat,
807 1411 833 1438 in
846 1411 961 1439 alterum

174 1451 330 1480 transferet.
346 1452 402 1481 Hac
417 1453 508 1489 itaque
527 1454 632 1482 ratione
646 1463 680 1483 ex
697 1456 793 1483 eodem
815 1457 960 1492 principio,

174 1499 205 1523 ut
218 1496 376 1531 plurimum,
393 1505 435 1531 ea,
451 1506 512 1533 qua
528 1500 620 1534 simul,
635 1507 667 1527 ac
679 1501 737 1536 pari
754 1501 884 1536 dignitate
897 1510 960 1537 pro-

173 1541 286 1574 cedunt,
301 1543 347 1570 sed
360 1550 416 1571 non
431 1544 582 1572 secundum
603 1546 730 1574 eumdem
751 1547 860 1575 modum
875 1548 960 1582 origi-

174 1595 236 1614 nem
250 1589 363 1621 ducunt,
392 1589 454 1617 licet
477 1592 657 1624 coexsistaut,
675 1597 765 1620 tamen
788 1593 902 1621 alterum
926 1595 962 1622 ab

174 1631 258 1661 altero
274 1634 454 1663 diﬂerentiam
471 1644 548 1664 suam
563 1638 621 1665 sine
643 1639 802 1668 confusione
822 1648 854 1668 ac
869 1646 960 1669 muta-

173 1678 276 1708 bilitate
290 1677 444 1708 conservat.

209 1724 288 1758 Quod
317 1726 339 1753 si
372 1729 621 1763 comparationibus
651 1739 694 1758 me
723 1731 801 1766 cupis
829 1733 958 1767 spatiari,

173 1770 260 1798 Adam
285 1779 410 1807 quoque.
426 1779 453 1801 et
473 1774 575 1808 Evam,
600 1781 627 1804 et
655 1777 766 1804 Abclem
791 1778 816 1805 in
840 1784 959 1807 mentem

175 1825 284 1845 revoca.
317 1818 458 1847 Processio
489 1822 573 1853 enim,
606 1823 678 1850 unde
698 1828 726 1850 ct
747 1824 808 1851 Eva;
831 1824 959 1853 formatio

173 1864 251 1890 duxit
265 1865 408 1900 originem,
434 1866 499 1894 Ade:
522 1873 596 1895 costa
615 1868 678 1903 fuit;
701 1875 782 1905 atque
805 1871 884 1906 primi
909 1872 957 1899 lilii

173 1911 265 1938 Abelis
277 1916 354 1940 ortus
366 1920 399 1939 ex
416 1913 473 1940 Ada
488 1921 536 1948 per
556 1917 761 1950 generationem
781 1918 913 1951 manavit;
931 1923 960 1946 at

173 1964 261 1991 neque
287 1957 314 1983 in
338 1957 400 1986 ﬁlia:
433 1966 532 1986 nomen
556 1960 610 1987 Eva
641 1962 810 1996 detrudetur,
835 1972 884 1991 nec
906 1973 959 1991 un-

173 2009 256 2035 quam
273 2002 340 2030 Abel
367 2004 437 2031 filius
452 2012 512 2032 esse
526 2005 686 2041 denegabit,
712 2013 739 2035 et
754 2001 957 2045 in'quampiam

174 2047 254 2074 aliam
289 2049 473 2076 conditionem
504 2051 626 2079 incurret
658 2058 740 2088 atque
768 2055 956 2084 transferetur.

173 2093 250 2125 Quod
267 2098 357 2121 autem
373 2096 414 2122 sol
429 2096 562 2125 illuminet
577 2103 604 2125 et
617 2100 768 2134 calelaciat,
785 2103 826 2129 hae
834 2104 957 2137 quaedam

172 2139 353 2174 proprietates
367 2146 440 2175 sunt,
452 2150 513 2178 quae
530 2144 563 2171 ad
578 2153 691 2181 corpora
705 2153 787 2182 atque
800 2148 833 2175 ad
849 2149 957 2177 animos

1058 862 1139 888 Ἀλλὰ
1151 862 1167 896 ἡ
1185 862 1235 896 μὲν
1250 861 1426 897 πραγματικὴ
1439 862 1486 888 τοῦ
1501 861 1641 894 δοκοῦντος
1654 862 1804 897 ἀπορήμα-

1013 915 1059 938 τος
1069 907 1145 938 λύσις
1154 905 1239 938 οὕτως
1249 907 1282 934 ἂν
1295 908 1335 939 είς
1349 907 1380 933 τὸ
1392 907 1575 942 ἀναμφὶὄολον
1587 907 1738 942 προαχθείη
1750 915 1757 922 ·
1775 908 1804 933 εί

1014 953 1042 980 δὲ
1056 952 1104 979 καὶ
1114 953 1365 989 παραδειγματικὴν
1377 952 1478 984 ἐθέλεις
1489 953 1580 979 πίστιν
1592 953 1625 979 ἐκ
1634 953 1688 979 τῶν
1700 953 1805 979 ἑνύλων

1014 999 1079 1033 περὶ
1090 998 1145 1025 τῶν
1157 998 1246 1025 ἀΰλων
1259 998 1350 1025 λαϐεῖν
1361 1006 1368 1013 ’
1392 998 1422 1024 τὸ
1438 998 1595 1029 καυπικδν,
1609 999 1658 1025 καὶ
1672 1007 1806 1033 φωτιστι-

1014 1045 1061 1071 xcv
1076 1044 1132 1079 πῦρ
1148 1044 1235 1076 οὐδείς
1251 1045 1334 1076 ἐστιν,
1350 1044 1380 1075 ὃς
1395 1044 1487 1078 ἀγνοεῖ
1500 1045 1532 1071 ὲκ
1548 1043 1596 1071 τοῦ
1613 1044 1696 1071 αὐτοῦ
1712 1044 1803 1071 αίτίου

1013 1090 1162 1126 λαμϐάνειν
1184 1090 1232 1125 τὴν
1249 1090 1361 1125 πρόοδον
1373 1097 1380 1104 ·
1396 1089 1482 1125 πυρὸς
1499 1090 1553 1125 γὰρ
1578 1089 1660 1124 ἄμφω
1676 1090 1744 1125 ἔργα
1758 1099 1802 1122 τε.

1013 1138 1060 1163 καὶ
1074 1136 1264 1172 προϐλήματα.
1285 1135 1364 1162 Ἀλλὰ
1378 1135 1440 1162 οὔτε
1453 1135 1483 1162 τὸ
1497 1135 1644 1163 καυστικδν
1660 1137 1805 1170 συνεργεῖν

1012 1183 1045 1217 τῇ
1062 1182 1122 1217 ὄψει
1143 1181 1188 1208 τὸν
1208 1181 1277 1217 ἀέρα
1291 1180 1436 1215 διαυγάζον
1449 1181 1517 1216 πρὸς
1528 1182 1576 1216 τὴν
1591 1181 1732 1216 ἀντίληψιν
1744 1181 1803 1208 τῶν

1012 1228 1118 1263 ὁρατῶν
1131 1228 1188 1259 τοῖς
1198 1235 1229 1262 γε
1242 1227 1426 1263 σωφρονοῦσιν
1438 1227 1540 1253 ἔνεστιν
1552 1228 1638 1253 εἰπεῖν
1646 1235 1652 1242 ·
1667 1227 1731 1254 ἴδιον
1743 1227 1802 1262 γὰρ

1012 1273 1090 1301 τοῦτο
1106 1273 1153 1300 τοῦ
1171 1272 1334 1307 φωτίζοντος
1346 1280 1354 1288 ·
1374 1273 1404 1299 οὐ
1427 1272 1478 1308 μὴν
1492 1273 1522 1299 δὲ
1536 1272 1568 1299 τὸ
1583 1272 1730 1307 φθαρτικὸν
1748 1273 1803 1308 τῆς

1013 1317 1198 1353 ὑποκειμένης
1218 1317 1285 1352 ὓλης
1298 1317 1386 1348 οὐδεὶς
1400 1317 1434 1344 ἂν
1449 1317 1603 1347 ἀποδοῦναι,
1616 1317 1682 1344 καοό
1693 1326 1723 1351 γε
1739 1325 1802 1351 φωει

1011 1362 1090 1394 τίξει,
1103 1362 1281 1396 παρενεχθείη
1297 1361 1335 1396 τῷ
1350 1361 1419 1395 φωτί
1431 1369 1438 1377 ·
1456 1360 1516 1388 οὐδὲ
1529 1361 1679 1396 μεταδώσει
1692 1361 1802 1396 θατέρῳ

1011 1409 1041 1436 τὸ
1051 1409 1143 1443 ἕτερον
1157 1409 1204 1436 τοῦ
1217 1408 1358 1444 ὀνόματος,
1372 1407 1405 1435 δι’
1417 1404 1448 1435 οὔ
1463 1408 1513 1443 τὴν
1529 1408 1630 1442 γνῶσιν
1648 1407 1802 1443 παρέχεται

1012 1454 1063 1489 τῆς
1088 1453 1240 1488 ὑπάρξεως.
1267 1453 1345 1480 Οὕτω
1366 1452 1431 1488 γοῦν
1457 1454 1489 1479 ἐκ
1517 1453 1564 1479 τοῦ
1592 1452 1674 1480 αὑτοῦ
1698 1453 1800 1484 αἰτίου,
1847 1458 1850 1462 ·

1012 1499 1082 1526 κατά
1097 1507 1129 1533 γε
1144 1499 1174 1525 τὸ
1188 1498 1323 1530 πλεῖστον,
1339 1498 1396 1533 ἅμα
1412 1498 1461 1533 μὲν
1475 1498 1522 1524 καὶ
1541 1497 1680 1533 ὁμοτίμως
1697 1505 1802 1532 προερ-

1011 1544 1114 1580 χόμενα
1136 1544 1166 1570 οὑ
1197 1544 1268 1570 κατὰ
1288 1543 1333 1570 τὸν
1349 1543 1430 1570 αὑτὸν
1445 1543 1473 1570 δὲ
1496 1543 1596 1578 τρόπον
1613 1543 1663 1578 τὴν
1684 1542 1802 1578 πρόοδον

1011 1590 1115 1625 ἔχοντα,
1130 1590 1159 1615 ὲν
1172 1590 1205 1624 τῇ
1219 1589 1345 1624 κοινωνίᾳ
1356 1588 1406 1623 τῆς
1417 1588 1560 1625 ὑπάρξεως
1572 1589 1617 1615 καὶ
1628 1588 1658 1615 τὸ
1669 1588 1802 1622 διάφορον

1011 1636 1063 1663 τῶν
1085 1635 1237 1670 ἰδιωμάτων
1253 1634 1381 1670 ἑκάτερον
1395 1634 1566 1669 ἁσυγχύτως,
1583 1634 1629 1661 καὶ
1641 1633 1802 1669 ἀμεταόλή-

1010 1691 1064 1714 “tto;
1077 1680 1251 1713 συνδιασώζει
1265 1681 1333 1717 πρὸς
1348 1681 1489 1716 ἑκάτερον.

1045 1729 1081 1755 Σὺ
1097 1728 1126 1754 δέ
1148 1736 1194 1763 μοι
1213 1728 1270 1759 τοῖς
1284 1726 1504 1762 παραδείγμασιν
1523 1725 1550 1752 εί
1564 1734 1596 1760 γε
1611 1725 1802 1754 πλατύνεσθαι

1011 1775 1110 1810 βούλει,
1127 1775 1174 1801 καὶ
1189 1773 1234 1800 τὸν
1252 1773 1346 1808 Ἀδὰμ,
1361 1773 1407 1799 καὶ
1424 1773 1473 1807 τὴν
1487 1771 1570 1804 Εὕαν,
1589 1772 1636 1798 καὶ
1651 1772 1697 1799 τὸν
1713 1773 1801 1800 ’Δΰελ

1010 1820 1111 1848 ἐννόει·
1130 1821 1146 1855 ὴ
1162 1819 1275 1855 πρόοδος
1298 1818 1347 1853 μὲν
1363 1818 1427 1853 γὰρ,
1446 1815 1480 1853 ἧς
1499 1826 1529 1844 τε
1552 1817 1663 1852 γέγονεν
1682 1818 1800 1854 ἀπαρχὴ

1009 1867 1059 1902 τῆς
1072 1865 1250 1897 διαπλάσεως,
1265 1865 1282 1899 ή
1298 1864 1402 1900 πλευρά
1411 1872 1418 1879 ”
1432 1864 1479 1890 καὶ
1494 1863 1543 1899 τῆς
1556 1863 1688 1898 γενέσεως
1699 1863 1727 1890 αῑ
1740 1872 1801 1897 πη-

1009 1913 1057 1949 γαὶ
1071 1913 1117 1939 τοῦ
1129 1911 1239 1947 πρώτου
1259 1911 1417 1946 πλάσματος
1437 1911 1465 1937 at
1481 1910 1558 1944 γοναὶ
1575 1910 1606 1936 ἐκ
1627 1909 1675 1936 τοῦ
1696 1909 1798 1944 Ἀδὰμ.

1016 1960 1095 1986 Ἀλλὰ
1107 1958 1167 1986 οὕτε
1180 1959 1197 1993 ἡ
1214 1956 1270 1984 Εὕα
1288 1957 1330 1988 είς
1349 1956 1394 1983 τὸν
1408 1955 1457 1990 τῆς
1475 1955 1598 1990 υῑότητος
1617 1955 1695 1988 λόγον
1715 1963 1800 1990 περι-

1009 2006 1184 2041 ενεχθήσεται
1197 2011 1204 2019 ·
1222 2002 1283 2030 οὕτε
1301 2002 1354 2038 μὴν
1371 2003 1385 2028 ό
1401 2001 1483 2027 Ἀὸελ
1497 2001 1543 2028 τὸν
1557 2001 1614 2027 υἱὸν
1633 2001 1800 2035 ἀπαρνησά-

1011 2060 1089 2088 μενος
1107 2051 1147 2082 είς
1168 2049 1265 2085 ἑτέραν
1287 2048 1349 2075 τινὰ
1364 2047 1455 2082 σχέσιν
1476 2047 1638 2082 παραδόσει,
1659 2046 1706 2073 καὶ
1726 2056 1800 2082 συμ-

1010 2097 1219 2133 μεταστήσεται.
1236 2094 1273 2121 Τὸ
1292 2093 1320 2120 δὲ
1335 2093 1462 2128 φωτίζειν
1478 2092 1524 2119 τὸν
1537 2092 1624 2127 ἥλιον,
1642 2093 1687 2119 καὶ
1700 2092 1799 2128 φλογι-

1008 2145 1074 2178 ζειν,
1091 2143 1164 2170 ἐστὶν
1175 2142 1189 2168 ὃ
1205 2141 1259 2168 τῶν
1273 2141 1417 2176 σωμάτων,
1431 2139 1478 2166 καὶ
1494 2140 1508 2166 ὃ
1522 2148 1552 2166 τε
1565 2139 1653 2166 κοινόν
1666 2141 1724 2167 ἑστι
1739 2140 1798 2167 τῶν

173 2186 324 2213 sentientes
341 2189 523 2217 communiter
541 2191 713 2226 pertingunt;
733 2197 760 2220 at
777 2201 868 2228 neque
881 2195 948 2222 cale:

1047 2189 1210 2224 r0avopévuw
1224 2187 1384 2222 ὁμολόγημα
1394 2194 1400 2201 '
1416 2185 1484 2213 ἀλλᾶ
1500 2185 1561 2213 οὔτε
1585 2187 1613 2213 αί
1634 2187 1732 2221 φλόγες
1754 2188 1798 2218 εἰς

172 2233 289 2260 faciendi
304 2233 343 2261 vis
355 2234 525 2269 splendorem
544 2245 592 2272 pro
603 2239 693 2266 calore
710 2239 736 2266 in
752 2247 781 2266 se
793 2240 878 2274 ipsam
891 2249 957 2269 con—

174 2279 255 2306 vertit
281 2287 313 2306 ac
335 2281 491 2315 transtulit;
516 2290 566 2310 nec
583 2290 701 2318 unquam
726 2285 896 2314 illuminandi
917 2287 956 2314 vis

150 2320 153 2323 ”
172 2324 200 2351 in
216 2324 315 2353 caloris
331 2327 557 2361 appellationem,
580 2330 622 2356 vel
646 2334 769 2357 naturam
789 2333 955 2365 permutabi-

172 2375 234 2398 tur:
251 2379 343 2398 verum
359 2377 474 2407 utraque
500 2374 541 2401 vis
558 2375 642 2409 legem
657 2384 673 2403 a
688 2376 835 2405 Conditore
851 2383 955 2407 naturae

171 2416 298 2451 primitus
315 2418 469 2452 impositam
486 2427 599 2447 servans
613 2441 621 2454 ,
644 2421 708 2448 dum
735 2430 785 2450 nec
811 2429 955 2458 separatur

171 2463 326 2496 processio,
356 2470 406 2491 nec
423 2469 543 2492 mutatur
569 2468 698 2500 essentia,
725 2467 896 2496 immutatam
927 2475 954 2498 et

171 2513 340 2536 constantem
356 2510 603 2539 nomenclationem
620 2513 738 2541 retinere
754 2515 934 2550 conspicitur.

204 2637 282 2671 Quod
307 2639 330 2667 si
346 2640 394 2667 tibi
407 2642 496 2676 placet
519 2650 533 2670 a
549 2643 706 2671 coelestibus
727 2644 761 2671 ad
776 2649 882 2673 terrena
900 2646 952 2674 ite-

169 2690 229 2711 rum
251 2684 416 2714 descendere
452 2688 558 2723 inspiee
581 2690 718 2724 quomodo
740 2690 835 2719 eadem
861 2692 952 2721 'lanla

1006 2235 1105 2266 ἑαυτὰς
1130 2235 1180 2270 τὴν
1206 2232 1346 2266 διαύγειαν
1369 2231 1429 2258 ἀντὶ
1445 2230 1492 2257 τοῦ
1512 2231 1621 2265 φλέγειν
1643 2231 1796 2266 ἡλλάξαντο

1006 2279 1243 2319 μεταστήσασθαι·
1259 2279 1288 2305 οὐ
1305 2277 1359 2313 μὴν
1374 2276 1434 2303 οὐδὲ
1449 2276 1479 2302 τὸ
1494 2276 1610 2311 φωτίζον
1623 2278 1663 2308 είς
1681 2276 1731 2312 τὴν
1744 2277 1794 2303 τοῦ

1004 2327 1167 2362 φωτίζοντος
1181 2324 1287 2359 κλῆσιν,
1300 2322 1317 2357 ἦ
1334 2323 1383 2358 τὴν
1399 2322 1548 2348 ὑπόστασιν
1568 2322 1628 2348 ἀντὶ
1642 2321 1688 2348 τοῦ
1707 2321 1793 2356 φωτί-

1003 2373 1059 2405 ζειν
1079 2370 1310 2407 ὑπενεχθήσεται·
1330 2368 1397 2396 ἀλλὰ
1413 2368 1458 2394 τὸν
1475 2368 1526 2393 ἁτε
1537 2367 1623 2402 ἀρχῆς
1649 2366 1794 2393 ἐντεθέντα

1005 2419 1080 2454 παρὰ
1101 2417 1149 2445 τοῦ
1171 2414 1343 2452 Δημιουργοῦ
1371 2414 1404 2449 τῇ
1427 2412 1506 2447 φύσει
1536 2412 1617 2447 νόμον
1638 2411 1795 2438 διευλαϐού-

1007 2474 1085 2501 μενα,
1095 2465 1123 2491 ὲν
1137 2463 1176 2499 τῷ
1185 2462 1328 2497 ἀδιαιρέτῳ
1339 2460 1387 2495 τῆς
1398 2459 1522 2495 προόδου,
1533 2459 1580 2485 καὶ
1588 2457 1792 2493 ἀπαραλλάχτῳ

1004 2511 1053 2546 τῆς
1065 2509 1228 2539 οὖσιὼσεως,
1243 2505 1419 2541 ἁπαράὸατόν
1432 2513 1462 2530 τε
1477 2504 1525 2530 καὶ
1535 2503 1712 2530 ἀναλλοίωτον
1727 2503 1793 2529 ἐκά-

1007 2564 1085 2592 τερον
1105 2554 1207 2582 τούτων
1222 2553 1272 2588 τὴν
1291 2551 1478 2587 προσηγορίαν
1492 2550 1582 2577 αὐτῶν
1596 2550 1712 2585 ὁρῶνται
1731 2549 1791 2576 δια.-

1007 2603 1185 2637 φυλάττοντα.

1039 2648 1070 2675 Εί
1086 2647 1114 2674 δὲ
1129 2648 1161 2674 ἐκ
1174 2646 1228 2673 τῶν
1241 2644 1363 2682 οὐρανῶν
1379 2644 1460 2671 πάλιν
1481 2643 1526 2671 ἐπὶ
1541 2643 1591 2679 τὴν
1607 2642 1660 2678 γῆν
1674 2650 1715 2669 σοι
1728 2650 1792 2669 κατ-

1007 2694 1074 2721 ιέναι
1095 2694 1182 2729 φίλον,
1196 2693 1258 2728 δρα,
1270 2691 1308 2724 ὡς
1323 2691 1354 2719 τὸ
1369 2690 1435 2718 αὐτὸ
1450 2689 1533 2726 φυτὸν
1553 2688 1659 2725 καρπόν
1679 2697 1720 2721 τε,
1744 2688 1791 2715 καὶ

918 2770 1020 2800 NOTAE
1025 2793 1031 2800 .

203 2832 261 2870 (53)
277 2834 472 2871 Οίχειουμένης
486 2839 574 2871 ponus
589 2845 685 2866 sensus
705 2838 827 2873 requirit.
