1882 3075
72 135 117 168 209

509 136 558 166 AD
575 136 872 168 AMPHILOCHIUM
889 137 1062 174 QUESTIO
1081 138 1218 170 XXVIII.

1622 139 1677 173 210

73 191 150 221 ἄνθος,
171 188 216 216 καὶ
238 188 322 224 φύλλα
341 188 523 224 προϐάλλεται
541 190 593 225 (δεῖ
609 190 664 225 γὰρ
683 190 748 223 ἴσως
767 190 852 225 πρὸς

931 199 945 217 n
959 190 1088 224 fructum,
1101 196 1158 218 tum
1169 191 1273 225 ﬂorem,
1290 196 1346 220 tum
1359 193 1423 222 folia
1434 194 1566 229 producat
1577 193 1677 230 (siqui-

72 238 126 267 τοὺς
138 235 270 266 παντελῶς
283 235 472 270 ἐτεροπιστους
487 235 680 270 ἀνθυποφορὰς
704 235 838 270 παραδει-

72 281 193 317 γματικὰς
205 281 234 307 οὐ
247 281 320 316 μίαν,
332 281 400 307 ἀλλὰ
412 280 520 312 πλείους
535 281 723 316 προκομίζειν,
739 281 787 311 καὶ
801 281 839 306 δι-

73 328 180 362 ελέγχειν
194 326 281 352 αὐτῶν
294 326 334 357 εἱς
345 326 375 352 τὺ
392 325 504 361 μάταιον
519 325 691 359 διαλυόμενον
713 326 744 352 τὸ
760 325 839 360 περί-

73 372 167 408 εργον)·
190 371 238 398 ποῦ
258 372 312 407 γὰρ
330 371 364 398 τὰ
388 371 473 406 φύλλα
489 371 556 406 πρὸς
575 371 624 407 τὴν
645 371 763 405 ἰδιότητα
784 370 839 397 τῶν

73 418 173 453 καρπῶν
185 416 342 452 συναγαγών
351 425 393 448 τις
407 416 564 443 ἐκδιάσαιτο
576 425 583 449 ;
601 417 649 448 Τίς
659 417 687 443 δὲ
701 417 731 443 τὸ
747 416 837 448 ἄνθος,

72 462 145 498 οἷσπερ
169 464 185 499 ὴ
209 462 340 496 ἀποϐολὴ,
361 463 431 489 κατὰ
453 462 484 488 τὸ
506 462 641 495 πλεῖστον,
662 462 709 488 τοῦ
730 462 838 497 καρποῦ

73 510 217 544 γνωρίζεται
231 508 359 544 προϐολὴ,
372 508 476 544 καρπὸν
489 508 664 543 ὸνομάσειενς
685 508 765 535 ’Λλλὰ
779 508 839 535 οὐδὲ

73 555 118 581 τῶν
128 554 210 582 ἄλλων
222 554 361 589 οὐδέτερον
373 555 405 581 ἄν
419 562 459 586 τις
475 555 555 589 φύσιν
565 554 661 587 εἴδους,
672 555 719 580 καὶ
732 554 839 588 φύσεως

73 600 140 634 ἔργα,
164 600 209 626 καὶ
229 599 283 625 τῶν
312 599 340 626 ὲν
367 601 458 630 αὐτοῖς
479 599 548 634 μετὰ
566 599 613 626 τοῦ
630 598 772 634 συμφυοῦς
789 599 840 625 οὐκ

73 645 162 678 ἀγνοῶν
176 645 330 679 ἑτερότητα,
346 644 386 676 εἷς
396 652 457 671 τινα
469 644 523 671 τῶν
535 644 688 679 εἰρημένων
704 652 840 679 μεταμορ-

75 690 160 724 etin-stt
169 699 208 722 τε,
233 690 282 717 καὶ
300 691 492 725 μεταστήσειεν
510 689 667 718 ὑπόστασιν.
685 689 762 716 Οὕτω
775 689 840 724 γοῦν

74 737 116 762 κάν
127 737 156 770 τῇ
168 735 302 771 παχύτητι
314 736 368 762 τῶν
384 735 547 770 σωματικῶν
559 735 646 769 ἔργων
661 743 703 766 τε,
719 735 767 761 καὶ
775 742 841 770 προ.

74 781 211 816 ελημάτων,
228 781 276 808 καὶ
292 782 324 807 ἐκ
341 780 387 807 τοῦ
405 779 487 806 αὑτοῦ
507 780 675 814 καθορῶνται
697 780 838 814 προϊόντα,

74 827 113 853 καὶ
131 827 175 858 τῆς
199 826 304 857 οἰκείας
319 826 504 857 ὑποστάσεως,
523 826 553 852 οὐ
568 825 636 860 πρὸς
655 825 756 861 ἄλληλα
775 825 840 860 μεθ-

74 873 188 907 ιττάμενα
206 873 252 899 καὶ
273 872 323 906 τῆς
349 872 530 907 προταοεισης
549 872 618 898 κατὰ
633 872 682 906 τῆς
698 871 840 902 εὐσεϐείας

73 919 206 949 ὲνστάσεως
223 918 351 954 προφανῆ
371 926 401 944 τε
422 917 466 944 τὸν
490 917 599 952 ἔλεγχον
623 916 838 952 προϐαλλόμενα,

73 964 113 990 καὶ
128 964 156 990 τὸ
173 963 272 999 σαθρὸν
296 965 347 998 τῆς
363 963 530 999 κακουργίας
551 963 580 996 ἐξ
596 963 686 989 αὐτῶν
702 963 756 989 τῶν
772 964 842 997 ὀρω-

75 1009 150 1043 μένων
169 1017 209 1042 τε,
232 1009 281 1036 καὶ
301 1009 353 1036 ἀνὰ
377 1011 455 1045 χεῖρα
482 1009 672 1044 στηλιτεύοντα
688 1009 736 1036 καὶ
755 1009 841 1045 μυρία.

73 1054 140 1081 ἄλλα.

105 1100 133 1126 Ἡ
150 1099 177 1126 δὲ
191 1099 244 1125 ἀπὸ
259 1099 312 1134 τῆς
327 1099 434 1134 φύσεως
449 1100 494 1126 ἐπὶ
506 1099 556 1135 τὴν
573 1099 670 1134 τέχνην
692 1099 842 1134 μετάὸασις

73 1145 121 1179 (καὶ
131 1145 176 1181 ὅρα
192 1146 273 1180 μέχρι
286 1145 357 1177 τινος
371 1145 530 1177 διασώζεται
542 1146 573 1172 τὸ
586 1145 733 1172 ἀκόλουθον
744 1145 794 1180 μὲν
808 1146 841 1181 τῇ

74 1190 150 1225 φύσει.
164 1192 353 1227 ἀντικείμενον
367 1191 395 1218 δὲ
410 1193 442 1228 τῇ
458 1192 488 1224 ἐξ
500 1192 587 1227 ἀρχῆς
600 1191 741 1227 προθέσει)
756 1191 842 1218 πολλὰ

75 1237 115 1271 μὲν
136 1239 179 1264 καὶ
202 1237 272 1265 ἄλλα
301 1246 341 1264 σοι
361 1237 415 1264 τῶν
437 1236 666 1272 παραδειγμάτων
688 1239 840 1272 χαριεῖται·

74 1283 111 1309 καὶ
125 1283 166 1310 τὸν
179 1283 306 1319 κεραμέα
329 1283 365 1310 δέ·
375 1291 416 1309 σοι
431 1282 513 1315 δείξει
530 1283 562 1309 ἐκ
582 1282 629 1309 τοῦ
644 1282 726 1309 αὑτοῦ
755 1281 842 1317 πηλοῦ

74 1331 112 1356 καὶ
133 1327 291 1365 φυράματος
313 1329 413 1364 ἀμίδας
430 1338 459 1355 τε
484 1328 532 1355 καὶ
551 1328 668 1359 πίνακας
695 1329 781 1363 ἱεραῖς
802 1329 844 1354 ὲν-

73 1376 261 1413 αρμοζομένους
286 1376 405 1408 τελεταῖς
426 1375 633 1403 διαπλάττοντα.
654 1371 704 1401 Ὧν
732 1374 792 1401 οὐδὲ
810 1374 844 1401 ἂν

73 1423 124 1454 τοὺς
137 1423 257 1459 ἀνιέρους
273 1422 494 1459 ἀνερυθριάστως
506 1422 644 1457 εὑρήσεις,
658 1419 746 1456 οἶμαι,
763 1421 843 1448 θάτε-

75 1477 110 1494 m
139 1465 188 1496 τῶν
217 1468 490 1503 κατασκευασμάτων
518 1467 559 1498 εἰς
590 1467 640 1502 τὴν
671 1466 718 1493 τοῦ
749 1467 843 1501 ἑτέρου

74 1514 163 1548 χρείαν,
184 1515 201 1551 ἢ
221 1514 411 1550 προσηγορίαν
432 1511 703 1548 μετασκευάζοντας·
726 1511 772 1538 καὶ
796 1511 844 1547 τὴν

75 1559 177 1596 tamam
198 1560 326 1595 συγχέειν
348 1559 481 1595 ἑκατέρας
502 1558 556 1585 τῶν
574 1557 759 1589 ὑποστάσεων,
781 1557 845 1585 ἄνευ

73 1604 133 1636 τινὸς
159 1605 301 1641 δαιμονίας
325 1605 433 1640 πληγῆς
459 1603 682 1639 ωνεπαγομένης
710 1602 740 1629 τὺ
769 1603 847 1630 ἀνία-

74 1657 119 1677 τον.

103 1696 129 1722 Ei
144 1695 228 1731 βούλει
243 1697 274 1724 δὲ
291 1695 372 1723 πάλιν
386 1695 553 1731 ἀναδραμεῖν
565 1696 613 1723 ἐπὶ
627 1695 674 1723 τὸν
690 1696 846 1732 ἄνθρωπον,

75 1740 217 1777 δριμύτερον
232 1742 329 1773 αὐτοῖς
342 1742 492 1777 ὲπαφήσεις
513 1741 559 1767 τὸν
571 1741 681 1777 ἔλεγχον
696 1750 704 1758 ο
716 1742 745 1775 ἐξ
764 1740 848 1768 αὑτοῦ

76 1789 119 1824 γὰρ
130 1789 142 1815 ὅ
153 1798 180 1816 τε
199 1789 291 1823 λόγος,
310 1789 356 1815 καὶ
368 1789 385 1824 ἡ
398 1788 473 1823 φωνὴ
492 1788 663 1824 ἀνθρωπίνου
677 1789 848 1824 προχεόμενα

76 1835 201 1869 στόματος,
216 1836 264 1862 καὶ
275 1834 376 1870 μικροῦ
391 1843 422 1868 γε
437 1834 480 1860 διὰ
492 1833 546 1860 τῶν
555 1834 646 1860 αὐτῶν
655 1834 777 1869 ὀργάνων
792 1834 849 1860 δια-

78 1880 238 1915 μορφούμενά
250 1889 282 1907 τε
297 1881 343 1907 καὶ
354 1879 541 1916 προαγόμενα.
553 1879 607 1907 Καὶ
619 1880 673 1916 γὰρ
690 1880 745 1906 τῶν
762 1879 850 1907 ἄλλων

76 1927 146 1955 hrum
161 1929 268 1960 κοινῶν,
281 1929 297 1955 ὀ
313 1928 362 1963 μὲν
374 1926 414 1962 τῷ
425 1927 503 1962 ἄκρῳ
517 1926 568 1961 τῆς
585 1926 721 1961 γλώττης,
736 1925 766 1952 τὸ
777 1925 805 1952 δὲ
815 1926 849 1961 τῇ

77 1973 185 2006 γλωττίδι
196 1974 299 2009 μᾶλλον
310 1973 496 2000 ἁποτίκτεται·
510 1972 597 1999 καὶτὸ
614 1971 714 2006 μεῖζον,
726 1971 773 1998 καὶ
787 1971 852 1998 θαυ-

79 2020 180 2052 pandi-:2
184 2029 240 2055 ρον,
256 2020 295 2052 ὡς
309 2019 363 2045 οὐδ’
375 2018 408 2045 ἂν
423 2017 550 2053 προέλθοι
569 2017 647 2051 λόγος
659 2017 724 2044 ἄνευ
741 2017 833 2052 φωνῆς
843 2037 850 2049 ,

77 2065 134 2090 ἀλλὰ
146 2066 188 2092 καὶ
209 2066 238 2092 ὲν
255 2065 326 2100 αὐτῇ
338 2066 371 2100 τῇ
386 2063 572 2100 διαμορφώσει
589 2063 724 2098 ὑπερείδει
747 2071 778 2089 τε
805 2064 852 2090 καὶ

78 2111 222 2147 ὺπερανὲχει
231 2112 282 2147 τὴν
291 2110 338 2137 τοῦ
344 2111 424 2145 λόγου
433 2110 542 2146 μορφὴν
549 2111 565 2145 ἠ
571 2110 647 2144 φωνὴ
659 2108 853 2143 συνυφεστῶσά

76 2164 101 2182 τε
120 2158 164 2184 καὶ
179 2158 349 2193 προάγουσα.
371 2156 451 2183 Ἀλλὰ
468 2156 522 2191 γὰρ
540 2154 675 2189 τοσαύτης
701 2153 784 2190 οὔσης
803 2155 853 2189 τῆς

856 863 876 889 Β

859 1537 880 1566 C

890 237 950 264 dem
967 242 1073 271 oportet
1087 238 1112 264 iu
1133 245 1189 270 eos,
1207 239 1253 273 qui
1271 239 1436 267 sententiam
1454 244 1548 268 tenent
1563 241 1678 268 omnino

890 284 1056 309 contrariam
1069 303 1076 314 ,
1095 291 1147 310 non
1164 291 1247 310 unum
1263 288 1453 318 argumentum
1469 292 1501 313 ex
1529 293 1678 320 compara-

891 327 1011 354 tionibus
1027 327 1201 361 desumptum
1216 327 1263 354 scd
1280 328 1358 362 plura
1385 328 1521 363 proferre,
1536 333 1618 364 atque
1635 329 1678 356 iu-

890 372 1063 407 tcmpeslivas
1083 380 1177 400 earum
1200 373 1321 408 argutias
1345 381 1429 401 vanas
1449 375 1617 402 ostendendo
1631 382 1677 401 re-

891 417 994 452 fellere)
1009 426 1016 444 :
1032 418 1157 452 quisnam
1177 419 1248 445 enim
1269 418 1333 446 folia
1349 419 1377 445 in
1393 419 1531 446 fructuum
1554 420 1677 455 proprie—

890 467 972 490 tatem
985 462 1130 490 detrudet'l
1142 462 1209 496 Quis
1233 468 1323 491 autem
1334 464 1439 496 florem,
1454 472 1508 499 quo
1523 465 1675 498 recedente,

890 514 920 536 ut
943 509 1103 544 plurimum,
1123 508 1229 537 fructus
1251 510 1397 544 procedere
1418 510 1599 545 conspicitur,
1618 511 1678 539 fru-

890 560 964 583 ctum
977 554 1116 589 appellet?
1129 556 1164 582 At
1179 555 1213 586 is,
1231 555 1278 590 qui
1305 556 1404 590 speciei
1424 558 1561 588 naturam,
1584 560 1611 585 et
1630 565 1679 584 na-

891 603 960 626 tura:
975 599 1160 634 operationes,
1179 607 1339 634 eorumque,
1356 608 1417 635 qua:
1436 600 1462 628 in
1478 601 1543 636 ipsis
1558 601 1679 636 ingenita

890 649 964 678 sunt,
979 645 1167 672 diversitatem
1183 653 1236 672 non
1257 645 1375 680 ignorat,
1393 646 1418 673 in
1432 647 1591 681 quampiam
1609 653 1679 682 prte-

890 692 1027 719 dictarum
1051 699 1143 718 rerum
1169 692 1316 718 essentiam
1340 691 1452 718 alteram
1483 691 1679 719 transformare

891 744 944 763 non
979 741 1069 770 potest
1091 741 1172 771 atque
1200 735 1360 763 transferre.
1391 736 1429 764 lta
1463 744 1560 771 nempe
1584 736 1627 764 vel
1650 736 1678 763 in

890 790 981 811 crassa
993 781 1182 816 operationum
1210 781 1473 816 productionumque
1484 789 1680 816 corporearum
1698 807 1706 810 _

891 827 1047 855 couditione
1063 827 1116 854 alia
1127 827 1191 854 item
1208 826 1363 860 innumera,
1377 835 1438 861 qua:
1454 826 1488 853 ab
1501 834 1557 853 uno
1570 826 1680 861 prodire

892 872 1035 907 principio,
1050 875 1075 898 et
1092 871 1230 906 propriam
1245 871 1362 898 retinere
1381 870 1529 898 essentiam
1541 891 1549 904 ,
1574 879 1624 898 nec
1639 871 1680 898 in-

892 919 977 944 vicem
992 916 1122 944 confundi
1138 917 1330 948 observantur,
1347 915 1493 950 proposita:
1506 916 1532 942 iu
1558 923 1680 943 nostram

892 963 971 990 fidem
984 962 1145 996 objectionis
1155 966 1277 997 apertam
1294 961 1485 988 refutationem
1503 961 1680 996 depromunt,

891 1017 918 1039 et
936 1011 1083 1046 impietatis
1104 1010 1260 1037 futilitatem
1277 1017 1310 1036 ex
1331 1009 1377 1042 iis,
1393 1016 1455 1044 qua
1480 1009 1515 1036 ob
1539 1009 1633 1037 oculos
1653 1012 1682 1037 et

893 1058 921 1085 iu
934 1057 1060 1084 manibus
1073 1056 1218 1089 habentur,
1241 1061 1469 1083 commonstrant.

929 1103 1016 1129 Porro
1030 1107 1122 1129 autem
1139 1101 1161 1128 si
1175 1109 1190 1127 a
1203 1105 1299 1127 natura
1316 1100 1350 1128 ad
1372 1106 1458 1127 artem
1478 1100 1591 1135 gradum
1603 1099 1683 1128 facia-

893 1155 954 1175 mus
970 1147 1062 1182 (atque
1085 1146 1272 1173 animadverte
1286 1153 1430 1180 quousque
1451 1153 1602 1174 consensus
1620 1154 1682 1174 cum

892 1197 1001 1225 natura,
1025 1196 1053 1219 et
1067 1191 1094 1218 in
1109 1190 1242 1226 olijectmn
1261 1199 1276 1218 a
1293 1190 1428 1226 principio
1448 1191 1611 1218 sententiam
1632 1198 1682 1226 op-

893 1238 994 1274 positio
1015 1237 1161 1269 servetur),
1177 1237 1236 1264 alia:
1252 1236 1360 1271 quidem
1381 1240 1462 1271 atque
1477 1237 1537 1264 aliae
1552 1237 1683 1264 similitu-

894 1285 971 1312 dines
985 1288 1146 1316 occurrent,
1156 1288 1184 1310 et
1199 1283 1333 1318 pra-cipue
1346 1282 1444 1318 figulus
1459 1290 1492 1310 ex
1515 1282 1609 1310 eodem
1625 1282 1682 1310 luto

893 1335 921 1358 et
940 1337 1029 1357 massa
1054 1332 1109 1357 tant
1126 1329 1254 1361 matulas,
1282 1336 1364 1364 quam
1388 1329 1481 1356 lances
1505 1329 1592 1356 sacris
1607 1334 1686 1363 aptas

894 1377 993 1405 ritilius
1018 1377 1122 1411 fingens
1141 1375 1189 1403 tibi
1207 1376 1375 1403 ostendetur.
1401 1374 1530 1403 Profecto
1560 1383 1594 1403 ne
1610 1376 1686 1411 ipsos

894 1423 1004 1458 quidem
1021 1421 1149 1456 profanos
1175 1421 1318 1453 homines,
1345 1420 1454 1456 opinor,
1478 1421 1616 1456 reperies,
1639 1421 1686 1457 qui

897 1470 995 1496 harum
1012 1468 1222 1503 supellectilium
1245 1459 1359 1495 alteram
1380 1468 1407 1495 in
1425 1467 1539 1495 alterius
1555 1475 1644 1501 usum,
1659 1472 1688 1495 et

896 1522 995 1542 nomen
1012 1513 1184 1548 impudenter
1198 1517 1388 1540 convertentes
1399 1532 1406 1543 ,
1431 1512 1513 1539 etiam
1535 1511 1687 1546 proprieta—

898 1564 950 1586 tem
969 1557 1128 1585 alterutrius
1143 1556 1304 1584 substantiae
1326 1555 1506 1587 cenfundant,
1530 1555 1582 1582 nisi
1602 1555 1687 1583 mise-

896 1605 982 1632 rando
1001 1603 1104 1632 utentis
1129 1603 1241 1630 vulnere
1266 1609 1329 1630 cum
1347 1601 1473 1630 sanitatis
1498 1601 1688 1637 desperatione

896 1652 1068 1686 premantur.

933 1696 1012 1730 Quod
1028 1696 1051 1723 si
1065 1702 1161 1723 rursus
1174 1695 1207 1722 ad
1226 1695 1363 1722 hominem
1380 1692 1484 1722 resilire
1501 1693 1578 1726 libet,
1594 1693 1688 1721 acrius

899 1743 1011 1770 illorum
1027 1741 1132 1776 objecta
1149 1741 1337 1768 insectalicris.
1350 1739 1393 1767 Ex
1409 1740 1469 1775 ipso
1481 1739 1553 1767 enim
1569 1739 1690 1766 humano

905 1794 954 1814 ore
977 1791 1034 1813 tum
1050 1792 1151 1817 sermo,
1165 1789 1221 1812 tum
1235 1792 1287 1811 vox
1300 1783 1462 1815 funduntur,
1480 1786 1507 1809 et
1529 1788 1613 1817 parvo
1627 1781 1688 1816 qui-

900 1833 962 1860 dem
981 1831 1141 1858 discrimine
1163 1836 1212 1864 per
1237 1829 1331 1856 eadem
1359 1834 1460 1863 organa
1487 1825 1649 1858 formantur,
1662 1829 1692 1853 et

899 1877 1086 1914 proferuntur.
1104 1874 1228 1902 Profecto
1241 1873 1305 1900 dum
1323 1877 1422 1900 caetera
1437 1875 1500 1899 sunt
1512 1871 1682 1902 communia,

900 1923 990 1952 sermo
1005 1921 1115 1957 quidem
1139 1927 1154 1947 a
1169 1920 1325 1948 summitate
1340 1918 1449 1953 linguae,
1465 1923 1516 1944 vox
1533 1919 1625 1943 autem
1639 1922 1689 1949 po-

901 1970 955 1997 tius
973 1969 1006 1996 ab
1019 1968 1080 2003 ejus
1095 1966 1184 1994 radice
1199 1970 1323 1998 creatur;
1338 1964 1466 1999 quodque
1485 1962 1574 1997 majus
1589 1966 1642 1994 est,
1661 1964 1690 1988 et

901 2014 989 2050 magis
1002 2013 1165 2045 mirandum,
1182 2018 1273 2039 sermo
1293 2011 1352 2038 sine
1367 2017 1432 2037 voce
1452 2009 1561 2044 prodire
1577 2015 1631 2034 non
1644 2014 1694 2042 po-

902 2063 976 2087 test:
993 2059 1047 2085 imo
1072 2058 1155 2085 etiam
1184 2056 1319 2083 sermonis
1349 2055 1464 2082 formam
1494 2055 1521 2081 in
1547 2054 1605 2088 ipsa
1635 2053 1694 2087 ejus

903 2103 1082 2140 productione
1102 2101 1231 2134 sulfulcit,
1251 2108 1283 2128 ac
1311 2100 1430 2128 sustinet
1452 2104 1514 2132 vox,
1533 2106 1594 2134 quae
1611 2098 1694 2125 simul

903 2150 1023 2193 advenit,
1038 2153 1120 2183 atque
1134 2147 1282 2183 profertur.
1301 2147 1336 2173 At
1349 2147 1422 2173 enim
1439 2146 1502 2173 licet
1518 2150 1592 2172 tanta
1610 2145 1695 2171 inter-

78 2189 221 2237 συναφείας,
232 2189 282 2231 καὶ
291 2189 524 2238 συνανακράσεως,
538 2202 622 2237 ὅμως,
636 2202 677 2227 ὃτι
692 2189 766 2237 μήτε
774 2201 852 2235 λόγος

931 2189 984 2224 :dat
1001 2195 1160 2230 conjunctio
1186 2198 1268 2228 atque
1288 2192 1462 2224 eouuuistio,
1487 2196 1593 2223 tamen,
1622 2189 1695 2225 quod

87 2249 101 2283 ἡ
120 2251 191 2286 φωνὴ
207 2250 271 2282 τοὺς
284 2250 332 2276 καὶ
345 2250 380 2276 τὰ
395 2249 493 2284 μέτρια
505 2249 619 2284 συνορᾷν
630 2248 796 2282 δυναμένους
807 2248 854 2274 οὺ-

78 2293 147 2330 δεμία
160 2296 223 2322 ποτὲ
236 2295 377 2330 ἐνοχλήσει
393 2295 607 2330 ἀμφισϐήτησις.
631 2291 678 2325 Οἷς
696 2293 855 2329 ἐρρωμένον

79 2342 162 2369 σαυτόν
172 2351 201 2369 τε
217 2343 269 2377 τῆς
287 2341 466 2377 νομιζομένης
480 2341 596 2375 ἀπορίας
616 2340 744 2368 ἀπολύων
760 2340 853 2367 διανά-

80 2387 209 2422 monui.
227 2388 284 2415 τῶν
294 2388 456 2424 κακουργεῖν
470 2387 616 2414 ἐθελόντων
625 2385 784 2422 ἐπιστόμιζε
798 2387 855 2423 (54)

80 2433 105 2459 τὶ
119 2435 272 2470 περίεργον.

903 2249 994 2270 sermo
1020 2248 1073 2268 non
1096 2240 1132 2268 sit
1147 2247 1210 2272 vox,
1227 2239 1257 2272 ii,
1282 2238 1329 2273 qui
1356 2243 1430 2264 recto
1455 2237 1560 2272 pollent
1580 2235 1694 2270 judicio,

904 2287 978 2315 nulla
994 2294 1116 2321 unquam
1140 2285 1322 2313 altercatione
1339 2283 1440 2311 turbati
1467 2282 1611 2312 tenebunt,
1625 2279 1695 2313 Qui-

904 2334 956 2361 bus
983 2332 1152 2367 argumentis
1177 2335 1205 2358 et
1230 2335 1256 2358 te
1274 2330 1397 2357 innixum
1423 2329 1480 2363 ipse
1500 2335 1533 2355 ex
1554 2325 1694 2362 apparenti

905 2378 1045 2406 extricans
1069 2376 1226 2404 difﬁcultate
1249 2376 1393 2406 confirma,
1414 2378 1441 2401 et
1464 2379 1570 2405 eorum,
1588 2370 1635 2406 qui
1648 2377 1696 2397 ca-

905 2423 994 2452 villari
1007 2423 1113 2456 volunt,
1127 2421 1283 2450 futilitatem
1297 2419 1403 2448 refrena
1416 2417 1484 2454 (55).

823 2533 927 2563 NOTAE
932 2555 940 2563 .

112 2583 161 2620 (51)
174 2585 228 2612 Pro
248 2583 434 2620 ιπιστομιζειν
459 2583 497 2620 ita
516 2586 612 2620 saltem
628 2584 671 2620 est
695 2580 852 2620 legendum,

84 2616 122 2646 aut
135 2616 219 2654 potius
250 2616 363 2647 verbum
380 2619 491 2654 aliquod
513 2617 621 2645 tinitum
643 2616 687 2643 hic
704 2616 854 2644 desiderari

99 2656 198 2682 utarim.

84 2660 274 2723 puggjmflausa
302 2697 351 2717 cur
378 2687 585 2723 Amphilochius
612 2686 853 2723 interrogationem

85 2720 192 2759 istam'iu
206 2720 524 2759 mediumprotulérihji
537 2722 665 2759 hariolari
683 2720 727 2748 fas
735 2721 855 2759 est,rhaec

85 2757 159 2794 fuisse
175 2761 294 2787 videtur.
311 2755 346 2787 Ut
361 2759 476 2794 primum
492 2756 641 2794 P_hotianu_s
656 2763 732 2794 error
743 2755 776 2783 de
790 2756 853 2790 Spi-

87 2793 145 2821 ritus
162 2795 247 2822 sancti
268 2791 441 2829 processioue
460 2793 487 2820 in
499 2792 600 2829 Graecis
613 2791 744 2829 Ecclesiis
763 2798 856 2818 erum-

86 2829 163 2863 pebat,
170 2838 230 2858 eum
239 2826 384 2859 orthodoxi
398 2827 553 2857 innumeris
559 2826 764 2856 insectabantur
773 2833 854 2862 argu-

902 2585 1017 2613 mentis;
1029 2587 1061 2608 ac
1077 2579 1225 2614 prasertim
1239 2577 1296 2608 illo,
1311 2575 1384 2614 quod
1395 2575 1508 2614 scilicet,
1527 2572 1580 2614 nisi
1597 2580 1613 2614 ιε
1626 2571 1697 2600 Filio

904 2608 1023 2651 Spiritus
1040 2608 1152 2643 sanctus
1170 2608 1476 2651 procederet,_ittvi_celn
1494 2608 1695 2651 eonfupderen:

903 2643 957 2679 ttir.
972 2651 1063 2684 Quare
1079 2643 1296 2684 Amphilochius,
1311 2646 1355 2680 qui
1374 2645 1530 2680 hujusmodi
1545 2643 1698 2684 inharehat

902 2682 1000 2719 errori,
1013 2690 1042 2713 ut
1056 2685 1154 2712 Photio
1173 2683 1367 2719 veliﬁcaretur,
1385 2686 1412 2707 et
1430 2687 1490 2719 sese
1507 2682 1660 2719 Satricae}
1675 2685 1695 2719 ᾖ

902 2714 1075 2753 ιιοιΙο,’ἱειιιιι
1088 2719 1220 2754 ἀπόρημα
1241 2716 1300 2754 ipsi
1325 2715 1487 2754 proposuit._
1506 2714 1626 2754 Photius
1643 2714 1696 2754 [uti

904 2746 1091 2789 posteaetiam
1112 2746 1390 2789 Sdot'i'sttejhsse'rere
1405 2759 1459 2778 non
1472 2750 1578 2789 dubitat
1594 2748 1627 2776 ad
1646 2746 1695 2789 l“i-_

901 2780 1126 2824 iii,"é{s];iiaus'
1137 2780 1225 2823 sancti
1234 2780 1442 2824 distinctionem
1467 2785 1602 2824 sumcerp.
1620 2780 1695 2824 quot!

901 2818 956 2854 non
966 2818 1060 2855 eadem
1071 2822 1268 2853 ratione’ambo
1278 2829 1294 2850 ιι
1305 2820 1386 2850 Patre
1394 2820 1554 2857 procedant.
1566 2818 1697 2849 Jamvero
