  <div class='ocr_page' id='page_1' title='image "/cluster/home/n/w/nwhite01/storage/ocr_20150623/101/njp.32101077772877/171.png"; bbox 0 0 1882 3075; ppageno 0'>
   <div class='ocr_carea' id='block_1_1' title="bbox 168 124 222 157">
    <p class='ocr_par' dir='ltr' id='par_1_1' title="bbox 168 124 222 157">
     <span class='ocr_line' id='line_1_1' title="bbox 168 124 222 157; baseline 0.019 -1"><span class='ocrx_word' id='word_1_1' title='bbox 168 124 222 157; x_wconf 77' lang='grc'><strong>215</strong></span> 
     </span>
    </p>
   </div>
   <div class='ocr_carea' id='block_1_2' title="bbox 744 128 1220 160">
    <p class='ocr_par' dir='ltr' id='par_1_2' title="bbox 744 128 1220 160">
     <span class='ocr_line' id='line_1_2' title="bbox 744 128 1220 160; baseline 0.004 -2"><span class='ocrx_word' id='word_1_2' title='bbox 744 128 876 159; x_wconf 80' lang='grc' dir='ltr'><strong>ΡΗΟΤΙΙ</strong></span> <span class='ocrx_word' id='word_1_3' title='bbox 896 129 1148 160; x_wconf 71' lang='grc' dir='ltr'><strong>ΡΑΤΒΙΑΗΟΗΕ</strong></span> <span class='ocrx_word' id='word_1_4' title='bbox 1167 130 1220 160; x_wconf 89' lang='lat' dir='ltr'><strong>CP.</strong></span> 
     </span>
    </p>
   </div>
   <div class='ocr_carea' id='block_1_3' title="bbox 1745 129 1808 163">
    <p class='ocr_par' dir='ltr' id='par_1_3' title="bbox 1745 129 1808 163">
     <span class='ocr_line' id='line_1_3' title="bbox 1745 129 1808 163; baseline 0 0"><span class='ocrx_word' id='word_1_5' title='bbox 1745 129 1808 163; x_wconf 79' lang='grc'><strong>216</strong></span> 
     </span>
    </p>
   </div>
   <div class='ocr_carea' id='block_1_4' title="bbox 170 166 967 224">
    <p class='ocr_par' dir='ltr' id='par_1_4' title="bbox 170 181 958 221">
     <span class='ocr_line' id='line_1_4' title="bbox 170 181 958 221; baseline 0.004 -12"><span class='ocrx_word' id='word_1_6' title='bbox 170 182 275 210; x_wconf 81' lang='lat' dir='ltr'><strong>Etenim</strong></span> <span class='ocrx_word' id='word_1_7' title='bbox 294 187 419 210; x_wconf 85' lang='lat' dir='ltr'><strong>sanctum</strong></span> <span class='ocrx_word' id='word_1_8' title='bbox 440 181 559 210; x_wconf 82' lang='lat' dir='ltr'><strong>Marcum</strong></span> <span class='ocrx_word' id='word_1_9' title='bbox 573 183 606 211; x_wconf 90' lang='lat' dir='ltr'><strong>de</strong></span> <span class='ocrx_word' id='word_1_10' title='bbox 621 183 735 212; x_wconf 92' lang='lat' dir='ltr'><strong>Joannis</strong></span> <span class='ocrx_word' id='word_1_11' title='bbox 746 186 856 220; x_wconf 77' lang='lat' dir='ltr'><strong>quidem</strong></span> <span class='ocrx_word' id='word_1_12' title='bbox 872 186 958 221; x_wconf 83' lang='lat' dir='ltr'><strong>bapti-</strong></span> 
     </span>
    </p>
   </div>
   <div class='ocr_carea' id='block_1_5' title="bbox 1055 166 1809 224">
    <p class='ocr_par' dir='ltr' id='par_1_5' title="bbox 1055 187 1809 224">
     <span class='ocr_line' id='line_1_5' title="bbox 1055 187 1809 224; baseline 0.004 -10"><span class='ocrx_word' id='word_1_13' title='bbox 1055 188 1081 214; x_wconf 65' lang='grc' dir='ltr'><strong>δν</strong></span> <span class='ocrx_word' id='word_1_14' title='bbox 1103 188 1217 223; x_wconf 82' lang='grc' dir='ltr'>Μάρκον</span> <span class='ocrx_word' id='word_1_15' title='bbox 1242 188 1307 221; x_wconf 79' lang='grc' dir='ltr'>περὶ</span> <span class='ocrx_word' id='word_1_16' title='bbox 1330 187 1379 223; x_wconf 70' lang='grc' dir='ltr'>μὲν</span> <span class='ocrx_word' id='word_1_17' title='bbox 1397 188 1501 215; x_wconf 68' lang='grc' dir='ltr'>ἐκείνου</span> <span class='ocrx_word' id='word_1_18' title='bbox 1518 188 1622 223; x_wconf 74' lang='grc' dir='ltr'>λέγειν,</span> <span class='ocrx_word' id='word_1_19' title='bbox 1639 198 1648 215; x_wconf 73' lang='grc' dir='ltr'><strong>ι</strong></span> <span class='ocrx_word' id='word_1_20' title='bbox 1676 189 1809 224; x_wconf 80' lang='grc' dir='ltr'><strong>Ἐγένετο</strong></span> 
     </span>
    </p>
   </div>
   <div class='ocr_carea' id='block_1_6' title="bbox 170 227 957 267">
    <p class='ocr_par' dir='ltr' id='par_1_6' title="bbox 170 227 957 267">
     <span class='ocr_line' id='line_1_6' title="bbox 170 227 957 267; baseline 0.004 -11"><span class='ocrx_word' id='word_1_21' title='bbox 170 233 257 256; x_wconf 79' lang='lat' dir='ltr'><strong>smate</strong></span> <span class='ocrx_word' id='word_1_22' title='bbox 275 227 302 254; x_wconf 90' lang='lat' dir='ltr'><strong>hi</strong></span> <span class='ocrx_word' id='word_1_23' title='bbox 317 227 419 255; x_wconf 76' lang='lat' dir='ltr'><strong>dixisse</strong></span> <span class='ocrx_word' id='word_1_24' title='bbox 434 228 568 263; x_wconf 89' lang='lat' dir='ltr'><strong>inquient,</strong></span> <span class='ocrx_word' id='word_1_25' title='bbox 582 238 590 255; x_wconf 86' lang='grc' dir='ltr'><strong>ι</strong></span> <span class='ocrx_word' id='word_1_26' title='bbox 605 229 668 256; x_wconf 82' lang='lat' dir='ltr'><strong>Fuit</strong></span> <span class='ocrx_word' id='word_1_27' title='bbox 683 229 802 258; x_wconf 70' lang='lat' dir='ltr'><strong>Joannes</strong></span> <span class='ocrx_word' id='word_1_28' title='bbox 816 232 957 267; x_wconf 86' lang='lat' dir='ltr'><strong>baptizans</strong></span> 
     </span>
    </p>
   </div>
   <div class='ocr_carea' id='block_1_7' title="bbox 170 274 959 312">
    <p class='ocr_par' dir='ltr' id='par_1_7' title="bbox 170 274 959 312">
     <span class='ocr_line' id='line_1_7' title="bbox 170 274 959 312; baseline 0.004 -11"><span class='ocrx_word' id='word_1_29' title='bbox 170 274 198 301; x_wconf 87' lang='lat' dir='ltr'><strong>in</strong></span> <span class='ocrx_word' id='word_1_30' title='bbox 216 275 340 307; x_wconf 85' lang='lat' dir='ltr'><strong>deserto;</strong></span> <span class='ocrx_word' id='word_1_31' title='bbox 354 283 364 299; x_wconf 78' lang='grc' dir='ltr'><strong>ι</strong></span> <span class='ocrx_word' id='word_1_32' title='bbox 394 274 420 301; x_wconf 95' lang='lat' dir='ltr'><strong>in</strong></span> <span class='ocrx_word' id='word_1_33' title='bbox 436 275 525 303; x_wconf 81' lang='lat' dir='ltr'><strong>verbis</strong></span> <span class='ocrx_word' id='word_1_34' title='bbox 554 281 646 302; x_wconf 87' lang='lat' dir='ltr'><strong>autem</strong></span> <span class='ocrx_word' id='word_1_35' title='bbox 665 286 673 301; x_wconf 82' lang='grc' dir='ltr'><strong>ι</strong></span> <span class='ocrx_word' id='word_1_36' title='bbox 685 276 840 305; x_wconf 69' lang='lat' dir='ltr'><strong>Prmdicans</strong></span> <span class='ocrx_word' id='word_1_37' title='bbox 871 278 959 312; x_wconf 89' lang='lat' dir='ltr'><strong>bapti-</strong></span> 
     </span>
    </p>
   </div>
   <div class='ocr_carea' id='block_1_8' title="bbox 170 320 956 357">
    <p class='ocr_par' dir='ltr' id='par_1_8' title="bbox 170 320 956 357">
     <span class='ocr_line' id='line_1_8' title="bbox 170 320 956 357; baseline 0.004 -11"><span class='ocrx_word' id='word_1_38' title='bbox 170 327 258 347; x_wconf 82' lang='lat' dir='ltr'><strong>smum</strong></span> <span class='ocrx_word' id='word_1_39' title='bbox 285 320 451 354; x_wconf 69' lang='lat' dir='ltr'><strong>pmnitentite</strong></span> <span class='ocrx_word' id='word_1_40' title='bbox 475 321 502 347; x_wconf 95' lang='lat' dir='ltr'><strong>in</strong></span> <span class='ocrx_word' id='word_1_41' title='bbox 533 321 722 349; x_wconf 82' lang='lat' dir='ltr'><strong>remissionem</strong></span> <span class='ocrx_word' id='word_1_42' title='bbox 752 328 927 357; x_wconf 70' lang='lat' dir='ltr'><strong>peccatorum</strong></span> <span class='ocrx_word' id='word_1_43' title='bbox 947 333 956 349; x_wconf 79' lang='grc' dir='ltr'><strong>ι</strong></span> 
     </span>
    </p>
   </div>
   <div class='ocr_carea' id='block_1_9' title="bbox 169 366 960 404">
    <p class='ocr_par' dir='ltr' id='par_1_9' title="bbox 169 366 960 404">
     <span class='ocr_line' id='line_1_9' title="bbox 169 366 960 404; baseline 0.004 -11"><span class='ocrx_word' id='word_1_44' title='bbox 169 366 361 401; x_wconf 74' lang='lat' dir='ltr'><strong>Redemptoris</strong></span> <span class='ocrx_word' id='word_1_45' title='bbox 373 367 507 401; x_wconf 90' lang='lat' dir='ltr'><strong>putabunt</strong></span> <span class='ocrx_word' id='word_1_46' title='bbox 524 368 666 395; x_wconf 74' lang='lat' dir='ltr'><strong>nuntiasse</strong></span> <span class='ocrx_word' id='word_1_47' title='bbox 681 368 858 403; x_wconf 78' lang='lat' dir='ltr'><strong>baptismum.</strong></span> <span class='ocrx_word' id='word_1_48' title='bbox 872 369 960 404; x_wconf 83' lang='lat' dir='ltr'><strong>Atque</strong></span> 
     </span>
    </p>
   </div>
   <div class='ocr_carea' id='block_1_10' title="bbox 171 411 961 450">
    <p class='ocr_par' dir='ltr' id='par_1_10' title="bbox 171 411 961 450">
     <span class='ocr_line' id='line_1_10' title="bbox 171 411 961 450; baseline 0.006 -12"><span class='ocrx_word' id='word_1_49' title='bbox 171 411 208 439; x_wconf 85' lang='lat' dir='ltr'><strong>ita</strong></span> <span class='ocrx_word' id='word_1_50' title='bbox 228 413 351 446; x_wconf 78' lang='lat' dir='ltr'><strong>profecto</strong></span> <span class='ocrx_word' id='word_1_51' title='bbox 379 412 500 440; x_wconf 84' lang='lat' dir='ltr'><strong>dixerint</strong></span> <span class='ocrx_word' id='word_1_52' title='bbox 528 413 636 440; x_wconf 85' lang='lat' dir='ltr'><strong>beatum</strong></span> <span class='ocrx_word' id='word_1_53' title='bbox 663 413 783 441; x_wconf 82' lang='lat' dir='ltr'><strong>Marcum</strong></span> <span class='ocrx_word' id='word_1_54' title='bbox 815 420 961 450; x_wconf 86' lang='lat' dir='ltr'><strong>utrumque</strong></span> 
     </span>
    </p>
   </div>
   <div class='ocr_carea' id='block_1_11' title="bbox 171 458 962 494">
    <p class='ocr_par' dir='ltr' id='par_1_11' title="bbox 171 458 962 494">
     <span class='ocr_line' id='line_1_11' title="bbox 171 458 962 494; baseline 0.004 -9"><span class='ocrx_word' id='word_1_55' title='bbox 171 458 330 486; x_wconf 82' lang='lat' dir='ltr'><strong>distinxisse</strong></span> <span class='ocrx_word' id='word_1_56' title='bbox 343 459 492 493; x_wconf 89' lang='lat' dir='ltr'><strong>baptisma,</strong></span> <span class='ocrx_word' id='word_1_57' title='bbox 508 459 654 494; x_wconf 88' lang='lat' dir='ltr'><strong>ipsumque</strong></span> <span class='ocrx_word' id='word_1_58' title='bbox 670 460 763 487; x_wconf 91' lang='lat' dir='ltr'><strong>testari</strong></span> <span class='ocrx_word' id='word_1_59' title='bbox 784 460 849 487; x_wconf 92' lang='lat' dir='ltr'><strong>illud</strong></span> <span class='ocrx_word' id='word_1_60' title='bbox 865 462 962 489; x_wconf 85' lang='lat' dir='ltr'><strong>remis-</strong></span> 
     </span>
    </p>
   </div>
   <div class='ocr_carea' id='block_1_12' title="bbox 172 504 962 540">
    <p class='ocr_par' dir='ltr' id='par_1_12' title="bbox 172 504 962 540">
     <span class='ocr_line' id='line_1_12' title="bbox 172 504 962 540; baseline 0.001 -9"><span class='ocrx_word' id='word_1_61' title='bbox 172 504 277 531; x_wconf 85' lang='lat' dir='ltr'><strong>sionem</strong></span> <span class='ocrx_word' id='word_1_62' title='bbox 302 509 476 539; x_wconf 77' lang='lat' dir='ltr'><strong>peccatorum</strong></span> <span class='ocrx_word' id='word_1_63' title='bbox 494 512 547 536; x_wconf 80' lang='lat' dir='ltr'><strong>non</strong></span> <span class='ocrx_word' id='word_1_64' title='bbox 565 505 695 539; x_wconf 84' lang='lat' dir='ltr'><strong>praebere,</strong></span> <span class='ocrx_word' id='word_1_65' title='bbox 711 513 801 540; x_wconf 89' lang='lat' dir='ltr'><strong>neque</strong></span> <span class='ocrx_word' id='word_1_66' title='bbox 827 513 887 534; x_wconf 91' lang='lat' dir='ltr'><strong>eam</strong></span> <span class='ocrx_word' id='word_1_67' title='bbox 912 513 962 533; x_wconf 93' lang='lat' dir='ltr'><strong>suo</strong></span> 
     </span>
    </p>
   </div>
   <div class='ocr_carea' id='block_1_13' title="bbox 172 550 961 587">
    <p class='ocr_par' dir='ltr' id='par_1_13' title="bbox 172 550 961 587">
     <span class='ocr_line' id='line_1_13' title="bbox 172 550 961 587; baseline 0.003 -10"><span class='ocrx_word' id='word_1_68' title='bbox 172 550 330 585; x_wconf 85' lang='lat' dir='ltr'><strong>baptismati</strong></span> <span class='ocrx_word' id='word_1_69' title='bbox 352 550 438 578; x_wconf 82' lang='lat' dir='ltr'><strong>fuisse</strong></span> <span class='ocrx_word' id='word_1_70' title='bbox 459 559 474 578; x_wconf 92' lang='lat' dir='ltr'><strong>a</strong></span> <span class='ocrx_word' id='word_1_71' title='bbox 491 550 596 578; x_wconf 84' lang='lat' dir='ltr'><strong>Joanne</strong></span> <span class='ocrx_word' id='word_1_72' title='bbox 624 552 783 578; x_wconf 82' lang='lat' dir='ltr'><strong>attributam</strong></span> <span class='ocrx_word' id='word_1_73' title='bbox 802 561 808 578; x_wconf 96' lang='lat'>:</span> <span class='ocrx_word' id='word_1_74' title='bbox 826 552 961 587; x_wconf 87' lang='lat' dir='ltr'><strong>siquidem</strong></span> 
     </span>
    </p>
   </div>
   <div class='ocr_carea' id='block_1_14' title="bbox 172 593 962 630">
    <p class='ocr_par' dir='ltr' id='par_1_14' title="bbox 172 593 962 630">
     <span class='ocr_line' id='line_1_14' title="bbox 172 593 962 630; baseline 0.003 -9"><span class='ocrx_word' id='word_1_75' title='bbox 172 598 316 629; x_wconf 70' lang='lat' dir='ltr'><strong>propterea</strong></span> <span class='ocrx_word' id='word_1_76' title='bbox 332 593 465 622; x_wconf 88' lang='lat' dir='ltr'><strong>Joannem</strong></span> <span class='ocrx_word' id='word_1_77' title='bbox 484 595 631 630; x_wconf 82' lang='lat' dir='ltr'><strong>opinantur</strong></span> <span class='ocrx_word' id='word_1_78' title='bbox 644 596 789 630; x_wconf 77' lang='lat' dir='ltr'><strong>ingenuam</strong></span> <span class='ocrx_word' id='word_1_79' title='bbox 803 595 877 623; x_wconf 85' lang='lat' dir='ltr'><strong>illam</strong></span> <span class='ocrx_word' id='word_1_80' title='bbox 895 595 962 624; x_wconf 86' lang='lat' dir='ltr'><strong>Deo-</strong></span> 
     </span>
    </p>
   </div>
   <div class='ocr_carea' id='block_1_15' title="bbox 172 640 964 677">
    <p class='ocr_par' dir='ltr' id='par_1_15' title="bbox 172 640 964 677">
     <span class='ocr_line' id='line_1_15' title="bbox 172 640 964 677; baseline 0.003 -11"><span class='ocrx_word' id='word_1_81' title='bbox 172 648 226 675; x_wconf 88' lang='lat' dir='ltr'><strong>que</strong></span> <span class='ocrx_word' id='word_1_82' title='bbox 238 640 509 675; x_wconf 88' lang='lat' dir='ltr'><strong>obsequentissimam</strong></span> <span class='ocrx_word' id='word_1_83' title='bbox 523 641 686 668; x_wconf 86' lang='lat' dir='ltr'><strong>sententiam</strong></span> <span class='ocrx_word' id='word_1_84' title='bbox 703 641 849 676; x_wconf 74' lang='lat' dir='ltr'><strong>protulisse</strong></span> <span class='ocrx_word' id='word_1_85' title='bbox 861 651 868 669; x_wconf 85' lang='lat'><strong>:</strong></span> <span class='ocrx_word' id='word_1_86' title='bbox 884 651 893 667; x_wconf 90' lang='grc' dir='ltr'><strong>ι</strong></span> <span class='ocrx_word' id='word_1_87' title='bbox 907 642 964 677; x_wconf 75' lang='lat' dir='ltr'><strong>Ego</strong></span> 
     </span>
    </p>
   </div>
   <div class='ocr_carea' id='block_1_16' title="bbox 174 685 966 723">
    <p class='ocr_par' dir='ltr' id='par_1_16' title="bbox 174 685 966 723">
     <span class='ocr_line' id='line_1_16' title="bbox 174 685 966 723; baseline 0.003 -10"><span class='ocrx_word' id='word_1_88' title='bbox 174 686 283 721; x_wconf 85' lang='lat' dir='ltr'><strong>quidem</strong></span> <span class='ocrx_word' id='word_1_89' title='bbox 296 685 430 720; x_wconf 73' lang='lat' dir='ltr'><strong>baptizari</strong></span> <span class='ocrx_word' id='word_1_90' title='bbox 440 694 488 714; x_wconf 91' lang='lat' dir='ltr'><strong>vos</strong></span> <span class='ocrx_word' id='word_1_91' title='bbox 501 687 528 713; x_wconf 92' lang='lat' dir='ltr'><strong>in</strong></span> <span class='ocrx_word' id='word_1_92' title='bbox 541 695 622 721; x_wconf 82' lang='lat' dir='ltr'><strong>aqua,</strong></span> <span class='ocrx_word' id='word_1_93' title='bbox 638 687 696 723; x_wconf 88' lang='lat' dir='ltr'><strong>ipse</strong></span> <span class='ocrx_word' id='word_1_94' title='bbox 711 691 802 715; x_wconf 84' lang='lat' dir='ltr'><strong>autem</strong></span> <span class='ocrx_word' id='word_1_95' title='bbox 817 687 966 723; x_wconf 84' lang='lat' dir='ltr'><strong>baptizabit</strong></span> 
     </span>
    </p>
   </div>
   <div class='ocr_carea' id='block_1_17' title="bbox 173 731 577 765">
    <p class='ocr_par' dir='ltr' id='par_1_17' title="bbox 173 731 577 765">
     <span class='ocr_line' id='line_1_17' title="bbox 173 731 577 765; baseline 0 -7"><span class='ocrx_word' id='word_1_96' title='bbox 173 739 222 758; x_wconf 87' lang='lat' dir='ltr'><strong>vos</strong></span> <span class='ocrx_word' id='word_1_97' title='bbox 240 731 265 758; x_wconf 94' lang='lat' dir='ltr'><strong>in</strong></span> <span class='ocrx_word' id='word_1_98' title='bbox 285 731 388 765; x_wconf 83' lang='lat' dir='ltr'><strong>Spiritu</strong></span> <span class='ocrx_word' id='word_1_99' title='bbox 405 737 501 761; x_wconf 87' lang='lat' dir='ltr'><strong>sancto</strong></span> <span class='ocrx_word' id='word_1_100' title='bbox 517 732 550 759; x_wconf 83' lang='lat'><strong>&#39;°.</strong></span> <span class='ocrx_word' id='word_1_101' title='bbox 567 742 577 758; x_wconf 71' lang='grc' dir='ltr'><strong>ι</strong></span> 
     </span>
    </p>
   </div>
   <div class='ocr_carea' id='block_1_18' title="bbox 209 776 964 813">
    <p class='ocr_par' dir='ltr' id='par_1_18' title="bbox 209 776 964 813">
     <span class='ocr_line' id='line_1_18' title="bbox 209 776 964 813; baseline 0.004 -10"><span class='ocrx_word' id='word_1_102' title='bbox 209 776 286 810; x_wconf 83' lang='lat' dir='ltr'><strong>Quod</strong></span> <span class='ocrx_word' id='word_1_103' title='bbox 299 777 321 804; x_wconf 90' lang='lat' dir='ltr'><strong>si</strong></span> <span class='ocrx_word' id='word_1_104' title='bbox 333 776 440 804; x_wconf 84' lang='lat' dir='ltr'><strong>Marcus</strong></span> <span class='ocrx_word' id='word_1_105' title='bbox 451 777 644 812; x_wconf 88' lang='lat' dir='ltr'><strong>baptismatum</strong></span> <span class='ocrx_word' id='word_1_106' title='bbox 654 778 858 805; x_wconf 87' lang='lat' dir='ltr'><strong>distinctionem</strong></span> <span class='ocrx_word' id='word_1_107' title='bbox 871 783 964 813; x_wconf 90' lang='lat' dir='ltr'><strong>aperte</strong></span> 
     </span>
    </p>
   </div>
   <div class='ocr_carea' id='block_1_19' title="bbox 174 822 962 859">
    <p class='ocr_par' dir='ltr' id='par_1_19' title="bbox 174 822 962 859">
     <span class='ocr_line' id='line_1_19' title="bbox 174 822 962 859; baseline 0.006 -10"><span class='ocrx_word' id='word_1_108' title='bbox 174 830 225 850; x_wconf 89' lang='lat' dir='ltr'><strong>nos</strong></span> <span class='ocrx_word' id='word_1_109' title='bbox 250 822 362 855; x_wconf 82' lang='lat' dir='ltr'><strong>docuit,</strong></span> <span class='ocrx_word' id='word_1_110' title='bbox 397 825 460 850; x_wconf 88' lang='lat' dir='ltr'><strong>dum</strong></span> <span class='ocrx_word' id='word_1_111' title='bbox 494 824 651 857; x_wconf 85' lang='lat' dir='ltr'><strong>baptismati</strong></span> <span class='ocrx_word' id='word_1_112' title='bbox 671 825 781 859; x_wconf 84' lang='lat' dir='ltr'><strong>quidem</strong></span> <span class='ocrx_word' id='word_1_113' title='bbox 809 825 962 854; x_wconf 88' lang='lat' dir='ltr'><strong>Servatoris</strong></span> 
     </span>
    </p>
   </div>
   <div class='ocr_carea' id='block_1_20' title="bbox 174 866 963 905">
    <p class='ocr_par' dir='ltr' id='par_1_20' title="bbox 174 866 963 905">
     <span class='ocr_line' id='line_1_20' title="bbox 174 866 963 905; baseline 0.004 -10"><span class='ocrx_word' id='word_1_114' title='bbox 174 866 298 900; x_wconf 81' lang='lat' dir='ltr'><strong>ascribit,</strong></span> <span class='ocrx_word' id='word_1_115' title='bbox 310 868 380 902; x_wconf 83' lang='lat' dir='ltr'><strong>quod</strong></span> <span class='ocrx_word' id='word_1_116' title='bbox 393 872 504 902; x_wconf 81' lang='lat' dir='ltr'><strong>pecoata</strong></span> <span class='ocrx_word' id='word_1_117' title='bbox 521 869 689 902; x_wconf 87' lang='lat' dir='ltr'><strong>dimitteret,</strong></span> <span class='ocrx_word' id='word_1_118' title='bbox 706 874 732 897; x_wconf 91' lang='lat' dir='ltr'><strong>et</strong></span> <span class='ocrx_word' id='word_1_119' title='bbox 747 869 850 905; x_wconf 89' lang='lat' dir='ltr'><strong>Spiritu</strong></span> <span class='ocrx_word' id='word_1_120' title='bbox 868 876 963 898; x_wconf 88' lang='lat' dir='ltr'><strong>sancto</strong></span> 
     </span>
    </p>
   </div>
   <div class='ocr_carea' id='block_1_21' title="bbox 175 912 965 950">
    <p class='ocr_par' dir='ltr' id='par_1_21' title="bbox 175 912 965 950">
     <span class='ocr_line' id='line_1_21' title="bbox 175 912 965 950; baseline 0.004 -11"><span class='ocrx_word' id='word_1_121' title='bbox 175 913 375 945; x_wconf 84' lang='lat' dir='ltr'><strong>conticeretur;</strong></span> <span class='ocrx_word' id='word_1_122' title='bbox 393 912 507 940; x_wconf 82' lang='lat' dir='ltr'><strong>Joannis</strong></span> <span class='ocrx_word' id='word_1_123' title='bbox 525 918 628 945; x_wconf 90' lang='lat' dir='ltr'><strong>autem,</strong></span> <span class='ocrx_word' id='word_1_124' title='bbox 645 916 718 949; x_wconf 88' lang='lat' dir='ltr'><strong>quod</strong></span> <span class='ocrx_word' id='word_1_125' title='bbox 738 922 810 950; x_wconf 84' lang='lat' dir='ltr'><strong>aqua</strong></span> <span class='ocrx_word' id='word_1_126' title='bbox 829 916 915 948; x_wconf 84' lang='lat' dir='ltr'><strong>fieret,</strong></span> <span class='ocrx_word' id='word_1_127' title='bbox 936 919 965 943; x_wconf 89' lang='lat' dir='ltr'><strong>et</strong></span> 
     </span>
    </p>
   </div>
   <div class='ocr_carea' id='block_1_22' title="bbox 174 957 963 994">
    <p class='ocr_par' dir='ltr' id='par_1_22' title="bbox 174 957 963 994">
     <span class='ocr_line' id='line_1_22' title="bbox 174 957 963 994; baseline 0.004 -10"><span class='ocrx_word' id='word_1_128' title='bbox 174 957 310 993; x_wconf 81' lang='lat' dir='ltr'><strong>baptisma</strong></span> <span class='ocrx_word' id='word_1_129' title='bbox 340 963 569 993; x_wconf 88' lang='lat' dir='ltr'><strong>nuncuparetur:</strong></span> <span class='ocrx_word' id='word_1_130' title='bbox 589 959 764 994; x_wconf 87' lang='lat' dir='ltr'><strong>perspicuum</strong></span> <span class='ocrx_word' id='word_1_131' title='bbox 792 964 834 987; x_wconf 91' lang='lat' dir='ltr'><strong>est</strong></span> <span class='ocrx_word' id='word_1_132' title='bbox 862 960 963 987; x_wconf 85' lang='lat' dir='ltr'><strong>Lucam</strong></span> 
     </span>
    </p>
   </div>
   <div class='ocr_carea' id='block_1_23' title="bbox 176 1003 965 1040">
    <p class='ocr_par' dir='ltr' id='par_1_23' title="bbox 176 1003 965 1040">
     <span class='ocr_line' id='line_1_23' title="bbox 176 1003 965 1040; baseline 0.003 -10"><span class='ocrx_word' id='word_1_133' title='bbox 176 1011 286 1039; x_wconf 85' lang='lat' dir='ltr'><strong>quoque</strong></span> <span class='ocrx_word' id='word_1_134' title='bbox 297 1011 360 1030; x_wconf 90' lang='lat' dir='ltr'><strong>cum</strong></span> <span class='ocrx_word' id='word_1_135' title='bbox 378 1004 454 1031; x_wconf 83' lang='lat' dir='ltr'><strong>socio</strong></span> <span class='ocrx_word' id='word_1_136' title='bbox 471 1003 627 1039; x_wconf 80' lang='lat' dir='ltr'><strong>Evangelii,</strong></span> <span class='ocrx_word' id='word_1_137' title='bbox 643 1005 818 1040; x_wconf 76' lang='lat' dir='ltr'><strong>historiaeque</strong></span> <span class='ocrx_word' id='word_1_138' title='bbox 833 1005 965 1040; x_wconf 83' lang='lat' dir='ltr'><strong>scriptore</strong></span> 
     </span>
    </p>
   </div>
   <div class='ocr_carea' id='block_1_24' title="bbox 174 1049 964 1082">
    <p class='ocr_par' dir='ltr' id='par_1_24' title="bbox 174 1049 964 1082">
     <span class='ocr_line' id='line_1_24' title="bbox 174 1049 964 1082; baseline 0.003 -6"><span class='ocrx_word' id='word_1_139' title='bbox 174 1049 383 1077; x_wconf 84' lang='lat' dir='ltr'><strong>consensionem</strong></span> <span class='ocrx_word' id='word_1_140' title='bbox 403 1057 530 1082; x_wconf 82' lang='lat' dir='ltr'><strong>servare,</strong></span> <span class='ocrx_word' id='word_1_141' title='bbox 560 1054 588 1077; x_wconf 83' lang='lat' dir='ltr'><strong>et</strong></span> <span class='ocrx_word' id='word_1_142' title='bbox 611 1051 651 1077; x_wconf 87' lang='lat' dir='ltr'><strong>sic</strong></span> <span class='ocrx_word' id='word_1_143' title='bbox 668 1051 750 1078; x_wconf 88' lang='lat' dir='ltr'><strong>etiam</strong></span> <span class='ocrx_word' id='word_1_144' title='bbox 774 1051 964 1078; x_wconf 87' lang='lat' dir='ltr'><strong>intemeratam</strong></span> 
     </span>
    </p>
   </div>
   <div class='ocr_carea' id='block_1_25' title="bbox 174 1096 964 1131">
    <p class='ocr_par' dir='ltr' id='par_1_25' title="bbox 174 1096 964 1131">
     <span class='ocr_line' id='line_1_25' title="bbox 174 1096 964 1131; baseline 0.001 -9"><span class='ocrx_word' id='word_1_145' title='bbox 174 1096 298 1123; x_wconf 84' lang='lat' dir='ltr'><strong>veritatis</strong></span> <span class='ocrx_word' id='word_1_146' title='bbox 316 1096 507 1122; x_wconf 85' lang='lat' dir='ltr'><strong>auctoritatem</strong></span> <span class='ocrx_word' id='word_1_147' title='bbox 526 1096 663 1123; x_wconf 84' lang='lat' dir='ltr'><strong>custodire</strong></span> <span class='ocrx_word' id='word_1_148' title='bbox 678 1105 684 1123; x_wconf 93' lang='lat'>:</span> <span class='ocrx_word' id='word_1_149' title='bbox 700 1096 828 1131; x_wconf 86' lang='lat' dir='ltr'><strong>quodque</strong></span> <span class='ocrx_word' id='word_1_150' title='bbox 843 1096 888 1123; x_wconf 92' lang='lat' dir='ltr'><strong>ille</strong></span> <span class='ocrx_word' id='word_1_151' title='bbox 899 1104 964 1123; x_wconf 81' lang='lat' dir='ltr'><strong>nar-</strong></span> 
     </span>
    </p>
   </div>
   <div class='ocr_carea' id='block_1_26' title="bbox 173 1141 964 1176">
    <p class='ocr_par' dir='ltr' id='par_1_26' title="bbox 173 1141 964 1176">
     <span class='ocr_line' id='line_1_26' title="bbox 173 1141 964 1176; baseline 0.001 -9"><span class='ocrx_word' id='word_1_152' title='bbox 173 1145 216 1167; x_wconf 86' lang='lat' dir='ltr'><strong>rat</strong></span> <span class='ocrx_word' id='word_1_153' title='bbox 230 1149 238 1167; x_wconf 93' lang='lat'><strong>:</strong></span> <span class='ocrx_word' id='word_1_154' title='bbox 257 1150 266 1166; x_wconf 77' lang='grc' dir='ltr'><strong>ι</strong></span> <span class='ocrx_word' id='word_1_155' title='bbox 281 1141 314 1168; x_wconf 86' lang='grc' dir='ltr'>Ει</span> <span class='ocrx_word' id='word_1_156' title='bbox 329 1141 402 1167; x_wconf 83' lang='lat' dir='ltr'><strong>venit.</strong></span> <span class='ocrx_word' id='word_1_157' title='bbox 418 1141 445 1167; x_wconf 89' lang='lat' dir='ltr'><strong>in</strong></span> <span class='ocrx_word' id='word_1_158' title='bbox 462 1148 572 1167; x_wconf 85' lang='lat' dir='ltr'><strong>omnem</strong></span> <span class='ocrx_word' id='word_1_159' title='bbox 594 1141 732 1175; x_wconf 76' lang='lat' dir='ltr'><strong>regionem</strong></span> <span class='ocrx_word' id='word_1_160' title='bbox 746 1141 877 1169; x_wconf 88' lang='lat' dir='ltr'><strong>Jordanis</strong></span> <span class='ocrx_word' id='word_1_161' title='bbox 895 1149 964 1176; x_wconf 65' lang='lat' dir='ltr'><strong>prae-</strong></span> 
     </span>
    </p>
   </div>
   <div class='ocr_carea' id='block_1_27' title="bbox 174 1185 966 1221">
    <p class='ocr_par' dir='ltr' id='par_1_27' title="bbox 174 1185 966 1221">
     <span class='ocr_line' id='line_1_27' title="bbox 174 1185 966 1221; baseline 0.001 -9"><span class='ocrx_word' id='word_1_162' title='bbox 174 1185 270 1213; x_wconf 90' lang='lat' dir='ltr'><strong>dicans</strong></span> <span class='ocrx_word' id='word_1_163' title='bbox 290 1185 453 1219; x_wconf 77' lang='lat' dir='ltr'><strong>baptismum</strong></span> <span class='ocrx_word' id='word_1_164' title='bbox 470 1186 636 1220; x_wconf 69' lang='lat' dir='ltr'><strong>paenitentia:</strong></span> <span class='ocrx_word' id='word_1_165' title='bbox 653 1185 678 1212; x_wconf 91' lang='lat' dir='ltr'><strong>in</strong></span> <span class='ocrx_word' id='word_1_166' title='bbox 694 1186 884 1213; x_wconf 80' lang='lat' dir='ltr'><strong>remissionem</strong></span> <span class='ocrx_word' id='word_1_167' title='bbox 901 1194 966 1221; x_wconf 86' lang='lat' dir='ltr'><strong>pec-</strong></span> 
     </span>
    </p>
   </div>
   <div class='ocr_carea' id='block_1_28' title="bbox 175 1229 965 1265">
    <p class='ocr_par' dir='ltr' id='par_1_28' title="bbox 175 1229 965 1265">
     <span class='ocr_line' id='line_1_28' title="bbox 175 1229 965 1265; baseline 0.004 -10"><span class='ocrx_word' id='word_1_168' title='bbox 175 1233 300 1256; x_wconf 88' lang='lat' dir='ltr'><strong>catorum</strong></span> <span class='ocrx_word' id='word_1_169' title='bbox 313 1229 346 1261; x_wconf 82' lang='grc'><strong>⁸⁸,</strong></span> <span class='ocrx_word' id='word_1_170' title='bbox 360 1238 369 1255; x_wconf 74' lang='grc' dir='ltr'><strong>ι</strong></span> <span class='ocrx_word' id='word_1_171' title='bbox 387 1229 590 1264; x_wconf 76' lang='lat' dir='ltr'><strong>intelligendum</strong></span> <span class='ocrx_word' id='word_1_172' title='bbox 610 1237 670 1257; x_wconf 87' lang='lat' dir='ltr'><strong>esse</strong></span> <span class='ocrx_word' id='word_1_173' title='bbox 692 1231 851 1265; x_wconf 85' lang='lat' dir='ltr'><strong>neutiquam</strong></span> <span class='ocrx_word' id='word_1_174' title='bbox 868 1231 901 1258; x_wconf 87' lang='lat' dir='ltr'><strong>de</strong></span> <span class='ocrx_word' id='word_1_175' title='bbox 918 1232 965 1258; x_wconf 92' lang='lat' dir='ltr'><strong>illo</strong></span> 
     </span>
    </p>
   </div>
   <div class='ocr_carea' id='block_1_29' title="bbox 175 1275 967 1310">
    <p class='ocr_par' dir='ltr' id='par_1_29' title="bbox 175 1275 967 1310">
     <span class='ocr_line' id='line_1_29' title="bbox 175 1275 967 1310; baseline 0.003 -8"><span class='ocrx_word' id='word_1_176' title='bbox 175 1275 349 1309; x_wconf 88' lang='lat' dir='ltr'><strong>baptismate,</strong></span> <span class='ocrx_word' id='word_1_177' title='bbox 365 1275 438 1310; x_wconf 91' lang='lat' dir='ltr'><strong>quod</strong></span> <span class='ocrx_word' id='word_1_178' title='bbox 465 1283 563 1302; x_wconf 85' lang='lat' dir='ltr'><strong>manus</strong></span> <span class='ocrx_word' id='word_1_179' title='bbox 586 1275 770 1304; x_wconf 63' lang='lat' dir='ltr'><strong>Praecursoris</strong></span> <span class='ocrx_word' id='word_1_180' title='bbox 790 1277 967 1304; x_wconf 81' lang='lat' dir='ltr'><strong>administra—</strong></span> 
     </span>
    </p>
   </div>
   <div class='ocr_carea' id='block_1_30' title="bbox 175 1319 967 1354">
    <p class='ocr_par' dir='ltr' id='par_1_30' title="bbox 175 1319 967 1354">
     <span class='ocr_line' id='line_1_30' title="bbox 175 1319 967 1354; baseline 0.005 -9"><span class='ocrx_word' id='word_1_181' title='bbox 175 1319 251 1350; x_wconf 87' lang='lat' dir='ltr'><strong>bant,</strong></span> <span class='ocrx_word' id='word_1_182' title='bbox 268 1319 314 1346; x_wconf 89' lang='lat' dir='ltr'><strong>sed</strong></span> <span class='ocrx_word' id='word_1_183' title='bbox 330 1319 362 1346; x_wconf 89' lang='lat' dir='ltr'><strong>de</strong></span> <span class='ocrx_word' id='word_1_184' title='bbox 374 1327 416 1351; x_wconf 89' lang='lat' dir='ltr'><strong>eo,</strong></span> <span class='ocrx_word' id='word_1_185' title='bbox 431 1321 503 1354; x_wconf 90' lang='lat' dir='ltr'><strong>quod</strong></span> <span class='ocrx_word' id='word_1_186' title='bbox 519 1319 645 1347; x_wconf 82' lang='lat' dir='ltr'><strong>Salvator</strong></span> <span class='ocrx_word' id='word_1_187' title='bbox 673 1327 705 1348; x_wconf 90' lang='lat' dir='ltr'><strong>ac</strong></span> <span class='ocrx_word' id='word_1_188' title='bbox 722 1319 854 1349; x_wconf 88' lang='lat' dir='ltr'><strong>Dominus</strong></span> <span class='ocrx_word' id='word_1_189' title='bbox 873 1328 967 1349; x_wconf 88' lang='lat' dir='ltr'><strong>noster</strong></span> 
     </span>
    </p>
   </div>
   <div class='ocr_carea' id='block_1_31' title="bbox 175 1363 966 1400">
    <p class='ocr_par' dir='ltr' id='par_1_31' title="bbox 175 1363 966 1400">
     <span class='ocr_line' id='line_1_31' title="bbox 175 1363 966 1400; baseline 0.001 -9"><span class='ocrx_word' id='word_1_190' title='bbox 175 1363 357 1395; x_wconf 84' lang='lat' dir='ltr'><strong>instituebat,</strong></span> <span class='ocrx_word' id='word_1_191' title='bbox 387 1364 514 1398; x_wconf 85' lang='lat' dir='ltr'><strong>quodque</strong></span> <span class='ocrx_word' id='word_1_192' title='bbox 543 1364 641 1395; x_wconf 70' lang='lat' dir='ltr'><strong>animae</strong></span> <span class='ocrx_word' id='word_1_193' title='bbox 670 1365 785 1392; x_wconf 87' lang='lat' dir='ltr'><strong>maculis</strong></span> <span class='ocrx_word' id='word_1_194' title='bbox 814 1365 966 1400; x_wconf 81' lang='lat' dir='ltr'><strong>baptizatos</strong></span> 
     </span>
    </p>
   </div>
   <div class='ocr_carea' id='block_1_32' title="bbox 176 1410 967 1448">
    <p class='ocr_par' dir='ltr' id='par_1_32' title="bbox 176 1410 967 1448">
     <span class='ocr_line' id='line_1_32' title="bbox 176 1410 967 1448; baseline 0.006 -12"><span class='ocrx_word' id='word_1_195' title='bbox 176 1418 273 1437; x_wconf 86' lang='lat' dir='ltr'><strong>omnes</strong></span> <span class='ocrx_word' id='word_1_196' title='bbox 291 1410 467 1438; x_wconf 87' lang='lat' dir='ltr'><strong>emundabat.</strong></span> <span class='ocrx_word' id='word_1_197' title='bbox 485 1410 629 1439; x_wconf 82' lang='lat' dir='ltr'><strong>Enimvero</strong></span> <span class='ocrx_word' id='word_1_198' title='bbox 642 1412 723 1447; x_wconf 89' lang='lat' dir='ltr'><strong>paulo</strong></span> <span class='ocrx_word' id='word_1_199' title='bbox 733 1417 794 1447; x_wconf 86' lang='lat' dir='ltr'><strong>post</strong></span> <span class='ocrx_word' id='word_1_200' title='bbox 807 1412 894 1440; x_wconf 88' lang='lat' dir='ltr'><strong>Lucas</strong></span> <span class='ocrx_word' id='word_1_201' title='bbox 909 1413 967 1448; x_wconf 83' lang='lat' dir='ltr'><strong>ipse</strong></span> 
     </span>
    </p>
   </div>
   <div class='ocr_carea' id='block_1_33' title="bbox 176 1454 966 1495">
    <p class='ocr_par' dir='ltr' id='par_1_33' title="bbox 176 1454 966 1495">
     <span class='ocr_line' id='line_1_33' title="bbox 176 1454 966 1495; baseline 0.008 -14"><span class='ocrx_word' id='word_1_202' title='bbox 176 1454 309 1482; x_wconf 86' lang='lat' dir='ltr'><strong>Joannem</strong></span> <span class='ocrx_word' id='word_1_203' title='bbox 325 1455 368 1482; x_wconf 91' lang='lat' dir='ltr'><strong>bis</strong></span> <span class='ocrx_word' id='word_1_204' title='bbox 384 1455 475 1482; x_wconf 81' lang='lat' dir='ltr'><strong>verbis</strong></span> <span class='ocrx_word' id='word_1_205' title='bbox 488 1456 643 1490; x_wconf 82' lang='lat' dir='ltr'><strong>loquentem</strong></span> <span class='ocrx_word' id='word_1_206' title='bbox 667 1457 792 1485; x_wconf 88' lang='lat' dir='ltr'><strong>inducit:</strong></span> <span class='ocrx_word' id='word_1_207' title='bbox 810 1469 819 1485; x_wconf 74' lang='grc' dir='ltr'><strong>ι</strong></span> <span class='ocrx_word' id='word_1_208' title='bbox 834 1459 888 1495; x_wconf 79' lang='lat' dir='ltr'><strong>Ego</strong></span> <span class='ocrx_word' id='word_1_209' title='bbox 903 1460 966 1495; x_wconf 90' lang='lat' dir='ltr'><strong>qui-</strong></span> 
     </span>
    </p>
   </div>
   <div class='ocr_carea' id='block_1_34' title="bbox 176 1499 964 1537">
    <p class='ocr_par' dir='ltr' id='par_1_34' title="bbox 176 1499 964 1537">
     <span class='ocr_line' id='line_1_34' title="bbox 176 1499 964 1537; baseline 0.008 -10"><span class='ocrx_word' id='word_1_210' title='bbox 176 1499 239 1528; x_wconf 86' lang='lat' dir='ltr'><strong>dem</strong></span> <span class='ocrx_word' id='word_1_211' title='bbox 254 1508 325 1535; x_wconf 87' lang='lat' dir='ltr'><strong>aqua</strong></span> <span class='ocrx_word' id='word_1_212' title='bbox 342 1501 451 1536; x_wconf 84' lang='lat' dir='ltr'><strong>baptizo</strong></span> <span class='ocrx_word' id='word_1_213' title='bbox 468 1509 532 1533; x_wconf 85' lang='lat' dir='ltr'><strong>vos,</strong></span> <span class='ocrx_word' id='word_1_214' title='bbox 561 1503 652 1530; x_wconf 82' lang='lat' dir='ltr'><strong>veniet</strong></span> <span class='ocrx_word' id='word_1_215' title='bbox 669 1507 760 1531; x_wconf 85' lang='lat' dir='ltr'><strong>autem</strong></span> <span class='ocrx_word' id='word_1_216' title='bbox 789 1504 886 1533; x_wconf 81' lang='lat' dir='ltr'><strong>fortior</strong></span> <span class='ocrx_word' id='word_1_217' title='bbox 911 1513 964 1537; x_wconf 82' lang='lat' dir='ltr'><strong>me,</strong></span> 
     </span>
    </p>
   </div>
   <div class='ocr_carea' id='block_1_35' title="bbox 177 1546 965 1585">
    <p class='ocr_par' dir='ltr' id='par_1_35' title="bbox 177 1546 965 1585">
     <span class='ocr_line' id='line_1_35' title="bbox 177 1546 965 1585; baseline 0.006 -11"><span class='ocrx_word' id='word_1_218' title='bbox 177 1546 257 1581; x_wconf 87' lang='lat' dir='ltr'><strong>cujus</strong></span> <span class='ocrx_word' id='word_1_219' title='bbox 273 1555 326 1574; x_wconf 91' lang='lat' dir='ltr'><strong>non</strong></span> <span class='ocrx_word' id='word_1_220' title='bbox 349 1555 409 1574; x_wconf 90' lang='lat' dir='ltr'><strong>sum</strong></span> <span class='ocrx_word' id='word_1_221' title='bbox 436 1548 533 1583; x_wconf 74' lang='lat' dir='ltr'><strong>dignus</strong></span> <span class='ocrx_word' id='word_1_222' title='bbox 556 1549 662 1576; x_wconf 76' lang='lat' dir='ltr'><strong>solvere</strong></span> <span class='ocrx_word' id='word_1_223' title='bbox 685 1550 830 1585; x_wconf 78' lang='lat' dir='ltr'><strong>corrigiam</strong></span> <span class='ocrx_word' id='word_1_224' title='bbox 858 1551 965 1579; x_wconf 82' lang='lat' dir='ltr'><strong>calcea-</strong></span> 
     </span>
    </p>
   </div>
   <div class='ocr_carea' id='block_1_36' title="bbox 176 1595 966 1632">
    <p class='ocr_par' dir='ltr' id='par_1_36' title="bbox 176 1595 966 1632">
     <span class='ocr_line' id='line_1_36' title="bbox 176 1595 966 1632; baseline 0.006 -10"><span class='ocrx_word' id='word_1_225' title='bbox 176 1599 329 1622; x_wconf 85' lang='lat' dir='ltr'><strong>mentorum</strong></span> <span class='ocrx_word' id='word_1_226' title='bbox 349 1595 425 1630; x_wconf 74' lang='lat' dir='ltr'><strong>eius;</strong></span> <span class='ocrx_word' id='word_1_227' title='bbox 439 1605 448 1621; x_wconf 72' lang='grc' dir='ltr'><strong>ι</strong></span> <span class='ocrx_word' id='word_1_228' title='bbox 467 1596 564 1624; x_wconf 88' lang='lat' dir='ltr'><strong>deinde</strong></span> <span class='ocrx_word' id='word_1_229' title='bbox 583 1597 616 1624; x_wconf 89' lang='lat' dir='ltr'><strong>ad</strong></span> <span class='ocrx_word' id='word_1_230' title='bbox 640 1598 810 1632; x_wconf 87' lang='lat' dir='ltr'><strong>pandendam</strong></span> <span class='ocrx_word' id='word_1_231' title='bbox 830 1599 966 1627; x_wconf 81' lang='lat' dir='ltr'><strong>Dominici</strong></span> 
     </span>
    </p>
   </div>
   <div class='ocr_carea' id='block_1_37' title="bbox 177 1640 966 1679">
    <p class='ocr_par' dir='ltr' id='par_1_37' title="bbox 177 1640 966 1679">
     <span class='ocr_line' id='line_1_37' title="bbox 177 1640 966 1679; baseline 0.006 -12"><span class='ocrx_word' id='word_1_232' title='bbox 177 1640 352 1676; x_wconf 85' lang='lat' dir='ltr'><strong>baptismatis</strong></span> <span class='ocrx_word' id='word_1_233' title='bbox 381 1642 584 1676; x_wconf 64' lang='lat' dir='ltr'><strong>praestantiam,</strong></span> <span class='ocrx_word' id='word_1_234' title='bbox 607 1652 616 1668; x_wconf 78' lang='grc' dir='ltr'><strong>ι</strong></span> <span class='ocrx_word' id='word_1_235' title='bbox 629 1642 686 1676; x_wconf 90' lang='lat' dir='ltr'><strong>ipse</strong></span> <span class='ocrx_word' id='word_1_236' title='bbox 707 1651 756 1671; x_wconf 92' lang='lat' dir='ltr'><strong>vos</strong></span> <span class='ocrx_word' id='word_1_237' title='bbox 776 1644 923 1679; x_wconf 85' lang='lat' dir='ltr'><strong>baptizabit</strong></span> <span class='ocrx_word' id='word_1_238' title='bbox 939 1645 966 1672; x_wconf 90' lang='lat' dir='ltr'><strong>in</strong></span> 
     </span>
    </p>
   </div>
   <div class='ocr_carea' id='block_1_38' title="bbox 179 1686 967 1724">
    <p class='ocr_par' dir='ltr' id='par_1_38' title="bbox 179 1686 967 1724">
     <span class='ocr_line' id='line_1_38' title="bbox 179 1686 967 1724; baseline 0.005 -10"><span class='ocrx_word' id='word_1_239' title='bbox 179 1686 280 1721; x_wconf 86' lang='lat' dir='ltr'><strong>Spiritu</strong></span> <span class='ocrx_word' id='word_1_240' title='bbox 298 1689 395 1715; x_wconf 88' lang='lat' dir='ltr'><strong>sancto</strong></span> <span class='ocrx_word' id='word_1_241' title='bbox 420 1692 447 1715; x_wconf 89' lang='lat' dir='ltr'><strong>et</strong></span> <span class='ocrx_word' id='word_1_242' title='bbox 463 1688 517 1723; x_wconf 74' lang='lat' dir='ltr'><strong>igni</strong></span> <span class='ocrx_word' id='word_1_243' title='bbox 532 1688 565 1715; x_wconf 64' lang='grc'><strong>⁸³.</strong></span> <span class='ocrx_word' id='word_1_244' title='bbox 582 1689 765 1724; x_wconf 64' lang='lat' dir='ltr'><strong>Praeterquam</strong></span> <span class='ocrx_word' id='word_1_245' title='bbox 778 1690 850 1724; x_wconf 89' lang='lat' dir='ltr'><strong>quod</strong></span> <span class='ocrx_word' id='word_1_246' title='bbox 863 1690 967 1719; x_wconf 80' lang='lat' dir='ltr'><strong>Marcus</strong></span> 
     </span>
    </p>
   </div>
   <div class='ocr_carea' id='block_1_39' title="bbox 178 1732 969 1767">
    <p class='ocr_par' dir='ltr' id='par_1_39' title="bbox 178 1732 969 1767">
     <span class='ocr_line' id='line_1_39' title="bbox 178 1732 969 1767; baseline 0.004 -9"><span class='ocrx_word' id='word_1_247' title='bbox 178 1739 299 1767; x_wconf 84' lang='lat' dir='ltr'><strong>quoque,</strong></span> <span class='ocrx_word' id='word_1_248' title='bbox 317 1737 461 1767; x_wconf 91' lang='lat' dir='ltr'><strong>postquam</strong></span> <span class='ocrx_word' id='word_1_249' title='bbox 480 1733 544 1760; x_wconf 90' lang='lat' dir='ltr'><strong>alibi</strong></span> <span class='ocrx_word' id='word_1_250' title='bbox 565 1737 706 1760; x_wconf 80' lang='lat' dir='ltr'><strong>narrasset</strong></span> <span class='ocrx_word' id='word_1_251' title='bbox 727 1732 879 1761; x_wconf 67' lang='lat' dir='ltr'><strong>Pbarisaaos</strong></span> <span class='ocrx_word' id='word_1_252' title='bbox 900 1735 969 1762; x_wconf 85' lang='lat' dir='ltr'><strong>Sad-</strong></span> 
     </span>
    </p>
   </div>
   <div class='ocr_carea' id='block_1_40' title="bbox 178 1776 968 1814">
    <p class='ocr_par' dir='ltr' id='par_1_40' title="bbox 178 1776 968 1814">
     <span class='ocr_line' id='line_1_40' title="bbox 178 1776 968 1814; baseline 0.003 -10"><span class='ocrx_word' id='word_1_253' title='bbox 178 1776 341 1812; x_wconf 66' lang='lat' dir='ltr'><strong>ducaeosque</strong></span> <span class='ocrx_word' id='word_1_254' title='bbox 353 1778 386 1805; x_wconf 90' lang='lat' dir='ltr'><strong>ab</strong></span> <span class='ocrx_word' id='word_1_255' title='bbox 398 1778 436 1805; x_wconf 92' lang='lat' dir='ltr'><strong>ira</strong></span> <span class='ocrx_word' id='word_1_256' title='bbox 452 1783 567 1806; x_wconf 80' lang='lat' dir='ltr'><strong>Ventura</strong></span> <span class='ocrx_word' id='word_1_257' title='bbox 584 1778 684 1814; x_wconf 79' lang='lat' dir='ltr'><strong>fugisse</strong></span> <span class='ocrx_word' id='word_1_258' title='bbox 699 1779 800 1814; x_wconf 89' lang='lat' dir='ltr'><strong>(neque</strong></span> <span class='ocrx_word' id='word_1_259' title='bbox 821 1779 893 1807; x_wconf 91' lang='lat' dir='ltr'><strong>aliud</strong></span> <span class='ocrx_word' id='word_1_260' title='bbox 919 1780 968 1807; x_wconf 87' lang='lat' dir='ltr'><strong>ad-</strong></span> 
     </span>
    </p>
   </div>
   <div class='ocr_carea' id='block_1_41' title="bbox 179 1823 966 1861">
    <p class='ocr_par' dir='ltr' id='par_1_41' title="bbox 179 1823 966 1861">
     <span class='ocr_line' id='line_1_41' title="bbox 179 1823 966 1861; baseline 0.005 -11"><span class='ocrx_word' id='word_1_261' title='bbox 179 1823 380 1859; x_wconf 79' lang='lat' dir='ltr'><strong>eratell‘ugium</strong></span> <span class='ocrx_word' id='word_1_262' title='bbox 393 1844 400 1856; x_wconf 87' lang='lat'><strong>,</strong></span> <span class='ocrx_word' id='word_1_263' title='bbox 422 1832 504 1859; x_wconf 89' lang='lat' dir='ltr'><strong>quam</strong></span> <span class='ocrx_word' id='word_1_264' title='bbox 522 1825 554 1852; x_wconf 90' lang='lat' dir='ltr'><strong>ad</strong></span> <span class='ocrx_word' id='word_1_265' title='bbox 577 1825 712 1860; x_wconf 86' lang='lat' dir='ltr'><strong>baptisma</strong></span> <span class='ocrx_word' id='word_1_266' title='bbox 730 1833 790 1853; x_wconf 85' lang='lat' dir='ltr'><strong>sese</strong></span> <span class='ocrx_word' id='word_1_267' title='bbox 807 1826 966 1861; x_wconf 80' lang='lat' dir='ltr'><strong>recipere):</strong></span> 
     </span>
    </p>
   </div>
   <div class='ocr_carea' id='block_1_42' title="bbox 181 1866 965 1906">
    <p class='ocr_par' dir='ltr' id='par_1_42' title="bbox 181 1866 965 1906">
     <span class='ocr_line' id='line_1_42' title="bbox 181 1866 965 1906; baseline 0.005 -12"><span class='ocrx_word' id='word_1_268' title='bbox 181 1877 192 1894; x_wconf 72' lang='grc' dir='ltr'>ἰ</span> <span class='ocrx_word' id='word_1_269' title='bbox 206 1869 316 1902; x_wconf 81' lang='lat' dir='ltr'><strong>Facite,</strong></span> <span class='ocrx_word' id='word_1_270' title='bbox 338 1866 459 1905; x_wconf 87' lang='lat' dir='ltr'><strong>subjicit,</strong></span> <span class='ocrx_word' id='word_1_271' title='bbox 485 1870 591 1898; x_wconf 81' lang='lat' dir='ltr'><strong>fructus</strong></span> <span class='ocrx_word' id='word_1_272' title='bbox 609 1871 705 1906; x_wconf 82' lang='lat' dir='ltr'><strong>dignos</strong></span> <span class='ocrx_word' id='word_1_273' title='bbox 727 1872 936 1906; x_wconf 64' lang='lat' dir='ltr'><strong>paenitentiae&quot;,</strong></span> <span class='ocrx_word' id='word_1_274' title='bbox 956 1882 965 1898; x_wconf 85' lang='grc'><strong>›</strong></span> 
     </span>
    </p>
   </div>
   <div class='ocr_carea' id='block_1_43' title="bbox 176 1915 969 1951">
    <p class='ocr_par' dir='ltr' id='par_1_43' title="bbox 176 1915 969 1951">
     <span class='ocr_line' id='line_1_43' title="bbox 176 1915 969 1951; baseline 0.003 -9"><span class='ocrx_word' id='word_1_275' title='bbox 176 1915 290 1950; x_wconf 86' lang='lat' dir='ltr'><strong>perinde</strong></span> <span class='ocrx_word' id='word_1_276' title='bbox 308 1923 339 1943; x_wconf 89' lang='lat' dir='ltr'><strong>ac</strong></span> <span class='ocrx_word' id='word_1_277' title='bbox 355 1917 508 1951; x_wconf 78' lang='lat' dir='ltr'><strong>przestitum</strong></span> <span class='ocrx_word' id='word_1_278' title='bbox 523 1916 657 1951; x_wconf 88' lang='lat' dir='ltr'><strong>baptisma</strong></span> <span class='ocrx_word' id='word_1_279' title='bbox 680 1917 746 1944; x_wconf 88' lang='lat' dir='ltr'><strong>tanti</strong></span> <span class='ocrx_word' id='word_1_280' title='bbox 763 1925 816 1943; x_wconf 93' lang='lat' dir='ltr'><strong>non</strong></span> <span class='ocrx_word' id='word_1_281' title='bbox 834 1921 922 1950; x_wconf 85' lang='lat' dir='ltr'><strong>esset,</strong></span> <span class='ocrx_word' id='word_1_282' title='bbox 940 1921 969 1944; x_wconf 92' lang='lat' dir='ltr'><strong>ut</strong></span> 
     </span>
    </p>
   </div>
   <div class='ocr_carea' id='block_1_44' title="bbox 177 1962 970 1997">
    <p class='ocr_par' dir='ltr' id='par_1_44' title="bbox 177 1962 970 1997">
     <span class='ocr_line' id='line_1_44' title="bbox 177 1962 970 1997; baseline 0.001 -8"><span class='ocrx_word' id='word_1_283' title='bbox 177 1962 330 1989; x_wconf 86' lang='lat' dir='ltr'><strong>absolutam</strong></span> <span class='ocrx_word' id='word_1_284' title='bbox 345 1968 518 1997; x_wconf 84' lang='lat' dir='ltr'><strong>peccatorum</strong></span> <span class='ocrx_word' id='word_1_285' title='bbox 529 1963 634 1990; x_wconf 83' lang='lat' dir='ltr'><strong>veniam</strong></span> <span class='ocrx_word' id='word_1_286' title='bbox 647 1967 829 1997; x_wconf 81' lang='lat' dir='ltr'><strong>compararet.</strong></span> <span class='ocrx_word' id='word_1_287' title='bbox 844 1963 879 1989; x_wconf 88' lang='lat' dir='ltr'><strong>At</strong></span> <span class='ocrx_word' id='word_1_288' title='bbox 894 1963 970 1997; x_wconf 86' lang='lat' dir='ltr'><strong>quis-</strong></span> 
     </span>
    </p>
   </div>
   <div class='ocr_carea' id='block_1_45' title="bbox 177 2007 967 2043">
    <p class='ocr_par' dir='ltr' id='par_1_45' title="bbox 177 2007 967 2043">
     <span class='ocr_line' id='line_1_45' title="bbox 177 2007 967 2043; baseline 0 -9"><span class='ocrx_word' id='word_1_289' title='bbox 177 2008 250 2043; x_wconf 89' lang='lat' dir='ltr'><strong>piam</strong></span> <span class='ocrx_word' id='word_1_290' title='bbox 268 2013 349 2042; x_wconf 90' lang='lat' dir='ltr'><strong>ponet</strong></span> <span class='ocrx_word' id='word_1_291' title='bbox 365 2007 416 2035; x_wconf 86' lang='lat' dir='ltr'><strong>hoc</strong></span> <span class='ocrx_word' id='word_1_292' title='bbox 439 2016 453 2035; x_wconf 88' lang='lat' dir='ltr'><strong>a</strong></span> <span class='ocrx_word' id='word_1_293' title='bbox 473 2007 578 2036; x_wconf 91' lang='lat' dir='ltr'><strong>Joanne</strong></span> <span class='ocrx_word' id='word_1_294' title='bbox 599 2008 701 2036; x_wconf 91' lang='lat' dir='ltr'><strong>dictum</strong></span> <span class='ocrx_word' id='word_1_295' title='bbox 719 2007 804 2036; x_wconf 59' lang='lat' dir='ltr'><strong>fuisse</strong></span> <span class='ocrx_word' id='word_1_296' title='bbox 824 2016 877 2035; x_wconf 94' lang='lat' dir='ltr'><strong>non</strong></span> <span class='ocrx_word' id='word_1_297' title='bbox 903 2008 967 2041; x_wconf 85' lang='lat' dir='ltr'><strong>illis,</strong></span> 
     </span>
    </p>
   </div>
   <div class='ocr_carea' id='block_1_46' title="bbox 179 2053 968 2088">
    <p class='ocr_par' dir='ltr' id='par_1_46' title="bbox 179 2053 968 2088">
     <span class='ocr_line' id='line_1_46' title="bbox 179 2053 968 2088; baseline 0.001 -8"><span class='ocrx_word' id='word_1_298' title='bbox 179 2062 248 2088; x_wconf 91' lang='lat' dir='ltr'><strong>quos</strong></span> <span class='ocrx_word' id='word_1_299' title='bbox 261 2061 339 2080; x_wconf 84' lang='lat' dir='ltr'><strong>sacra</strong></span> <span class='ocrx_word' id='word_1_300' title='bbox 357 2053 457 2080; x_wconf 88' lang='lat' dir='ltr'><strong>fluenta</strong></span> <span class='ocrx_word' id='word_1_301' title='bbox 470 2058 642 2088; x_wconf 83' lang='lat' dir='ltr'><strong>exceperant,</strong></span> <span class='ocrx_word' id='word_1_302' title='bbox 657 2061 690 2081; x_wconf 90' lang='lat' dir='ltr'><strong>ac</strong></span> <span class='ocrx_word' id='word_1_303' title='bbox 707 2054 834 2081; x_wconf 88' lang='lat' dir='ltr'><strong>sordibus</strong></span> <span class='ocrx_word' id='word_1_304' title='bbox 851 2054 968 2081; x_wconf 87' lang='lat' dir='ltr'><strong>munda-</strong></span> 
     </span>
    </p>
   </div>
   <div class='ocr_carea' id='block_1_47' title="bbox 179 2098 969 2133">
    <p class='ocr_par' dir='ltr' id='par_1_47' title="bbox 179 2098 969 2133">
     <span class='ocr_line' id='line_1_47' title="bbox 179 2098 969 2133; baseline -0.001 -6"><span class='ocrx_word' id='word_1_305' title='bbox 179 2103 287 2132; x_wconf 83' lang='lat' dir='ltr'><strong>verant,</strong></span> <span class='ocrx_word' id='word_1_306' title='bbox 307 2098 354 2126; x_wconf 86' lang='lat' dir='ltr'><strong>sed</strong></span> <span class='ocrx_word' id='word_1_307' title='bbox 381 2098 444 2130; x_wconf 80' lang='lat' dir='ltr'><strong>illis,</strong></span> <span class='ocrx_word' id='word_1_308' title='bbox 468 2099 513 2132; x_wconf 90' lang='lat' dir='ltr'><strong>qui</strong></span> <span class='ocrx_word' id='word_1_309' title='bbox 529 2099 730 2126; x_wconf 86' lang='lat' dir='ltr'><strong>contendebant</strong></span> <span class='ocrx_word' id='word_1_310' title='bbox 746 2099 855 2133; x_wconf 86' lang='lat' dir='ltr'><strong>quidem</strong></span> <span class='ocrx_word' id='word_1_311' title='bbox 873 2100 905 2126; x_wconf 86' lang='lat' dir='ltr'><strong>ad</strong></span> <span class='ocrx_word' id='word_1_312' title='bbox 922 2100 969 2126; x_wconf 83' lang='lat' dir='ltr'><strong>ba—</strong></span> 
     </span>
    </p>
   </div>
   <div class='ocr_carea' id='block_1_48' title="bbox 180 2144 968 2180">
    <p class='ocr_par' dir='ltr' id='par_1_48' title="bbox 180 2144 968 2180">
     <span class='ocr_line' id='line_1_48' title="bbox 180 2144 968 2180; baseline 0.001 -9"><span class='ocrx_word' id='word_1_313' title='bbox 180 2145 321 2179; x_wconf 81' lang='lat' dir='ltr'><strong>ptismum,</strong></span> <span class='ocrx_word' id='word_1_314' title='bbox 336 2145 457 2171; x_wconf 93' lang='lat' dir='ltr'><strong>nondum</strong></span> <span class='ocrx_word' id='word_1_315' title='bbox 476 2149 564 2171; x_wconf 88' lang='lat' dir='ltr'><strong>tamen</strong></span> <span class='ocrx_word' id='word_1_316' title='bbox 578 2151 610 2171; x_wconf 89' lang='lat' dir='ltr'><strong>ea</strong></span> <span class='ocrx_word' id='word_1_317' title='bbox 630 2144 770 2172; x_wconf 89' lang='lat' dir='ltr'><strong>ablutione</strong></span> <span class='ocrx_word' id='word_1_318' title='bbox 792 2145 865 2180; x_wconf 66' lang='lat' dir='ltr'><strong>digni</strong></span> <span class='ocrx_word' id='word_1_319' title='bbox 883 2145 968 2173; x_wconf 91' lang='lat' dir='ltr'><strong>babiti</strong></span> 
     </span>
    </p>
   </div>
   <div class='ocr_carea' id='block_1_49' title="bbox 181 2189 967 2224">
    <p class='ocr_par' dir='ltr' id='par_1_49' title="bbox 181 2189 967 2224">
     <span class='ocr_line' id='line_1_49' title="bbox 181 2189 967 2224; baseline 0.003 -8"><span class='ocrx_word' id='word_1_320' title='bbox 181 2189 299 2217; x_wconf 88' lang='lat' dir='ltr'><strong>fuerant.</strong></span> <span class='ocrx_word' id='word_1_321' title='bbox 316 2189 448 2217; x_wconf 77' lang='lat' dir='ltr'><strong>Caeterum</strong></span> <span class='ocrx_word' id='word_1_322' title='bbox 460 2189 510 2217; x_wconf 89' lang='lat' dir='ltr'><strong>etsi</strong></span> <span class='ocrx_word' id='word_1_323' title='bbox 524 2190 586 2224; x_wconf 90' lang='lat' dir='ltr'><strong>quis</strong></span> <span class='ocrx_word' id='word_1_324' title='bbox 598 2190 743 2224; x_wconf 86' lang='lat' dir='ltr'><strong>baptizatis</strong></span> <span class='ocrx_word' id='word_1_325' title='bbox 759 2190 840 2216; x_wconf 90' lang='lat' dir='ltr'><strong>etiam</strong></span> <span class='ocrx_word' id='word_1_326' title='bbox 856 2190 967 2218; x_wconf 90' lang='lat' dir='ltr'><strong>allatum</strong></span> 
     </span>
    </p>
   </div>
   <div class='ocr_carea' id='block_1_50' title="bbox 182 2234 968 2270">
    <p class='ocr_par' dir='ltr' id='par_1_50' title="bbox 182 2234 968 2270">
     <span class='ocr_line' id='line_1_50' title="bbox 182 2234 968 2270; baseline 0.003 -9"><span class='ocrx_word' id='word_1_327' title='bbox 182 2234 274 2262; x_wconf 88' lang='lat' dir='ltr'><strong>locum</strong></span> <span class='ocrx_word' id='word_1_328' title='bbox 289 2243 440 2270; x_wconf 74' lang='lat' dir='ltr'><strong>congruere</strong></span> <span class='ocrx_word' id='word_1_329' title='bbox 459 2235 636 2268; x_wconf 83' lang='lat' dir='ltr'><strong>concesserit,</strong></span> <span class='ocrx_word' id='word_1_330' title='bbox 650 2239 740 2262; x_wconf 89' lang='lat' dir='ltr'><strong>tamen</strong></span> <span class='ocrx_word' id='word_1_331' title='bbox 754 2243 787 2262; x_wconf 91' lang='lat' dir='ltr'><strong>ne</strong></span> <span class='ocrx_word' id='word_1_332' title='bbox 796 2235 847 2262; x_wconf 89' lang='lat' dir='ltr'><strong>hoc</strong></span> <span class='ocrx_word' id='word_1_333' title='bbox 860 2236 968 2270; x_wconf 85' lang='lat' dir='ltr'><strong>quidem</strong></span> 
     </span>
    </p>
   </div>
   <div class='ocr_carea' id='block_1_51' title="bbox 181 2280 970 2317">
    <p class='ocr_par' dir='ltr' id='par_1_51' title="bbox 181 2280 970 2317">
     <span class='ocr_line' id='line_1_51' title="bbox 181 2280 970 2317; baseline 0.001 -9"><span class='ocrx_word' id='word_1_334' title='bbox 181 2287 353 2317; x_wconf 82' lang='lat' dir='ltr'><strong>peccatorum</strong></span> <span class='ocrx_word' id='word_1_335' title='bbox 372 2281 561 2308; x_wconf 89' lang='lat' dir='ltr'><strong>remissionem</strong></span> <span class='ocrx_word' id='word_1_336' title='bbox 578 2289 592 2308; x_wconf 91' lang='lat' dir='ltr'><strong>a</strong></span> <span class='ocrx_word' id='word_1_337' title='bbox 608 2280 790 2309; x_wconf 81' lang='lat' dir='ltr'><strong>Praecnrsoris</strong></span> <span class='ocrx_word' id='word_1_338' title='bbox 805 2281 970 2316; x_wconf 88' lang='lat' dir='ltr'><strong>baptismate</strong></span> 
     </span>
    </p>
   </div>
   <div class='ocr_carea' id='block_1_52' title="bbox 181 2327 971 2362">
    <p class='ocr_par' dir='ltr' id='par_1_52' title="bbox 181 2327 971 2362">
     <span class='ocr_line' id='line_1_52' title="bbox 181 2327 971 2362; baseline -0.001 -6"><span class='ocrx_word' id='word_1_339' title='bbox 181 2328 338 2356; x_wconf 73' lang='lat' dir='ltr'><strong>necessario</strong></span> <span class='ocrx_word' id='word_1_340' title='bbox 355 2328 464 2354; x_wconf 83' lang='lat' dir='ltr'><strong>auferre</strong></span> <span class='ocrx_word' id='word_1_341' title='bbox 479 2331 670 2362; x_wconf 76' lang='lat' dir='ltr'><strong>cognoscctur.</strong></span> <span class='ocrx_word' id='word_1_342' title='bbox 691 2327 808 2355; x_wconf 87' lang='lat' dir='ltr'><strong>Fructus</strong></span> <span class='ocrx_word' id='word_1_343' title='bbox 827 2327 899 2354; x_wconf 90' lang='lat' dir='ltr'><strong>enim</strong></span> <span class='ocrx_word' id='word_1_344' title='bbox 914 2328 971 2355; x_wconf 90' lang='lat' dir='ltr'><strong>vir-</strong></span> 
     </span>
    </p>
   </div>
   <div class='ocr_carea' id='block_1_53' title="bbox 179 2373 970 2409">
    <p class='ocr_par' dir='ltr' id='par_1_53' title="bbox 179 2373 970 2409">
     <span class='ocr_line' id='line_1_53' title="bbox 179 2373 970 2409; baseline 0.001 -9"><span class='ocrx_word' id='word_1_345' title='bbox 179 2378 269 2401; x_wconf 85' lang='lat' dir='ltr'><strong>tutum</strong></span> <span class='ocrx_word' id='word_1_346' title='bbox 286 2373 367 2406; x_wconf 89' lang='lat' dir='ltr'><strong>ferre,</strong></span> <span class='ocrx_word' id='word_1_347' title='bbox 388 2373 472 2400; x_wconf 89' lang='lat' dir='ltr'><strong>animt</strong></span> <span class='ocrx_word' id='word_1_348' title='bbox 492 2373 584 2408; x_wconf 88' lang='lat' dir='ltr'><strong>potius</strong></span> <span class='ocrx_word' id='word_1_349' title='bbox 601 2373 724 2400; x_wconf 91' lang='lat' dir='ltr'><strong>mundati</strong></span> <span class='ocrx_word' id='word_1_350' title='bbox 740 2377 792 2405; x_wconf 84' lang='lat' dir='ltr'><strong>est,</strong></span> <span class='ocrx_word' id='word_1_351' title='bbox 813 2380 894 2408; x_wconf 89' lang='lat' dir='ltr'><strong>quam</strong></span> <span class='ocrx_word' id='word_1_352' title='bbox 911 2373 970 2409; x_wconf 86' lang='lat' dir='ltr'><strong>ejus</strong></span> 
     </span>
    </p>
   </div>
   <div class='ocr_carea' id='block_1_54' title="bbox 180 2417 972 2455">
    <p class='ocr_par' dir='ltr' id='par_1_54' title="bbox 180 2417 972 2455">
     <span class='ocr_line' id='line_1_54' title="bbox 180 2417 972 2455; baseline 0 -9"><span class='ocrx_word' id='word_1_353' title='bbox 180 2427 262 2455; x_wconf 79' lang='lat' dir='ltr'><strong>quem</strong></span> <span class='ocrx_word' id='word_1_354' title='bbox 276 2419 369 2446; x_wconf 63' lang='lat' dir='ltr'><strong>multm</strong></span> <span class='ocrx_word' id='word_1_355' title='bbox 387 2418 623 2454; x_wconf 88' lang='lat' dir='ltr'><strong>perturbationum</strong></span> <span class='ocrx_word' id='word_1_356' title='bbox 635 2417 731 2453; x_wconf 68' lang='lat' dir='ltr'><strong>spiam,</strong></span> <span class='ocrx_word' id='word_1_357' title='bbox 748 2423 775 2445; x_wconf 86' lang='lat' dir='ltr'><strong>et</strong></span> <span class='ocrx_word' id='word_1_358' title='bbox 792 2418 883 2445; x_wconf 88' lang='lat' dir='ltr'><strong>innata</strong></span> <span class='ocrx_word' id='word_1_359' title='bbox 899 2419 972 2446; x_wconf 82' lang='lat' dir='ltr'><strong>ziza-</strong></span> 
     </span>
    </p>
   </div>
   <div class='ocr_carea' id='block_1_55' title="bbox 181 2460 970 2499">
    <p class='ocr_par' dir='ltr' id='par_1_55' title="bbox 181 2460 970 2499">
     <span class='ocr_line' id='line_1_55' title="bbox 181 2460 970 2499; baseline -0.003 -7"><span class='ocrx_word' id='word_1_360' title='bbox 181 2466 226 2492; x_wconf 89' lang='lat' dir='ltr'><strong>nia</strong></span> <span class='ocrx_word' id='word_1_361' title='bbox 259 2464 441 2499; x_wconf 87' lang='lat' dir='ltr'><strong>iniquinatum</strong></span> <span class='ocrx_word' id='word_1_362' title='bbox 470 2460 646 2491; x_wconf 84' lang='lat' dir='ltr'><strong>reddiderunt</strong></span> <span class='ocrx_word' id='word_1_363' title='bbox 677 2467 759 2498; x_wconf 83' lang='lat' dir='ltr'><strong>atque</strong></span> <span class='ocrx_word' id='word_1_364' title='bbox 792 2468 970 2498; x_wconf 81' lang='lat' dir='ltr'><strong>corruptum;</strong></span> 
     </span>
    </p>
   </div>
   <div class='ocr_carea' id='block_1_56' title="bbox 181 2507 972 2545">
    <p class='ocr_par' dir='ltr' id='par_1_56' title="bbox 181 2507 972 2545">
     <span class='ocr_line' id='line_1_56' title="bbox 181 2507 972 2545; baseline -0.001 -8"><span class='ocrx_word' id='word_1_365' title='bbox 181 2511 238 2538; x_wconf 90' lang='lat' dir='ltr'><strong>imo</strong></span> <span class='ocrx_word' id='word_1_366' title='bbox 269 2518 315 2544; x_wconf 85' lang='lat' dir='ltr'><strong>per</strong></span> <span class='ocrx_word' id='word_1_367' title='bbox 344 2511 430 2545; x_wconf 87' lang='lat' dir='ltr'><strong>ipsam</strong></span> <span class='ocrx_word' id='word_1_368' title='bbox 458 2508 666 2545; x_wconf 89' lang='lat' dir='ltr'><strong>productionem</strong></span> <span class='ocrx_word' id='word_1_369' title='bbox 693 2508 825 2537; x_wconf 86' lang='lat' dir='ltr'><strong>sanctitas</strong></span> <span class='ocrx_word' id='word_1_370' title='bbox 853 2507 972 2537; x_wconf 84' lang='lat' dir='ltr'><strong>fortasse</strong></span> 
     </span>
    </p>
   </div>
   <div class='ocr_carea' id='block_1_57' title="bbox 181 2553 710 2589">
    <p class='ocr_par' dir='ltr' id='par_1_57' title="bbox 181 2553 710 2589">
     <span class='ocr_line' id='line_1_57' title="bbox 181 2553 710 2589; baseline -0.004 -7"><span class='ocrx_word' id='word_1_371' title='bbox 181 2554 259 2582; x_wconf 81' lang='lat' dir='ltr'><strong>brevi</strong></span> <span class='ocrx_word' id='word_1_372' title='bbox 276 2554 359 2582; x_wconf 84' lang='lat' dir='ltr'><strong>etiam</strong></span> <span class='ocrx_word' id='word_1_373' title='bbox 377 2553 526 2589; x_wconf 83' lang='lat' dir='ltr'><strong>perfectius</strong></span> <span class='ocrx_word' id='word_1_374' title='bbox 537 2557 710 2589; x_wconf 75' lang='lat' dir='ltr'><strong>agnoscctur.</strong></span> 
     </span>
    </p>
   </div>
   <div class='ocr_carea' id='block_1_58' title="bbox 219 2599 970 2634">
    <p class='ocr_par' dir='ltr' id='par_1_58' title="bbox 219 2599 970 2634">
     <span class='ocr_line' id='line_1_58' title="bbox 219 2599 970 2634; baseline -0.001 -8"><span class='ocrx_word' id='word_1_375' title='bbox 219 2599 256 2626; x_wconf 79' lang='lat' dir='ltr'><strong>At</strong></span> <span class='ocrx_word' id='word_1_376' title='bbox 269 2599 581 2634; x_wconf 79' lang='lat' dir='ltr'><strong>enim,inquiunt,quod</strong></span> <span class='ocrx_word' id='word_1_377' title='bbox 589 2599 779 2626; x_wconf 83' lang='lat' dir='ltr'><strong>remissionem</strong></span> <span class='ocrx_word' id='word_1_378' title='bbox 796 2603 970 2633; x_wconf 82' lang='lat' dir='ltr'><strong>peccatorum</strong></span> 
     </span>
    </p>
   </div>
   <div class='ocr_carea' id='block_1_59' title="bbox 182 2644 971 2681">
    <p class='ocr_par' dir='ltr' id='par_1_59' title="bbox 182 2644 971 2681">
     <span class='ocr_line' id='line_1_59' title="bbox 182 2644 971 2681; baseline -0.001 -8"><span class='ocrx_word' id='word_1_379' title='bbox 182 2652 238 2674; x_wconf 89' lang='lat' dir='ltr'><strong>non</strong></span> <span class='ocrx_word' id='word_1_380' title='bbox 250 2650 393 2681; x_wconf 64' lang='lat' dir='ltr'><strong>praestaret</strong></span> <span class='ocrx_word' id='word_1_381' title='bbox 412 2646 594 2673; x_wconf 76' lang='lat' dir='ltr'><strong>Praecursoris</strong></span> <span class='ocrx_word' id='word_1_382' title='bbox 609 2645 772 2679; x_wconf 85' lang='lat' dir='ltr'><strong>baptismus,</strong></span> <span class='ocrx_word' id='word_1_383' title='bbox 788 2644 846 2679; x_wconf 82' lang='lat' dir='ltr'><strong>ipse</strong></span> <span class='ocrx_word' id='word_1_384' title='bbox 862 2651 971 2679; x_wconf 86' lang='lat' dir='ltr'><strong>quoque</strong></span> 
     </span>
    </p>
   </div>
   <div class='ocr_carea' id='block_1_60' title="bbox 184 2688 970 2725">
    <p class='ocr_par' dir='ltr' id='par_1_60' title="bbox 184 2688 970 2725">
     <span class='ocr_line' id='line_1_60' title="bbox 184 2688 970 2725; baseline -0.004 -6"><span class='ocrx_word' id='word_1_385' title='bbox 184 2692 315 2719; x_wconf 79' lang='lat' dir='ltr'><strong>Senator</strong></span> <span class='ocrx_word' id='word_1_386' title='bbox 329 2697 392 2718; x_wconf 88' lang='lat' dir='ltr'><strong>cum</strong></span> <span class='ocrx_word' id='word_1_387' title='bbox 404 2690 554 2718; x_wconf 82' lang='lat' dir='ltr'><strong>Nicodemo</strong></span> <span class='ocrx_word' id='word_1_388' title='bbox 569 2691 603 2717; x_wconf 86' lang='lat' dir='ltr'><strong>dc</strong></span> <span class='ocrx_word' id='word_1_389' title='bbox 616 2690 820 2725; x_wconf 75' lang='lat' dir='ltr'><strong>regeneratione</strong></span> <span class='ocrx_word' id='word_1_390' title='bbox 836 2689 917 2716; x_wconf 83' lang='lat' dir='ltr'><strong>verba</strong></span> <span class='ocrx_word' id='word_1_391' title='bbox 931 2688 970 2716; x_wconf 78' lang='lat' dir='ltr'><strong>fa-</strong></span> 
     </span>
    </p>
   </div>
   <div class='ocr_carea' id='block_1_61' title="bbox 183 2734 968 2771">
    <p class='ocr_par' dir='ltr' id='par_1_61' title="bbox 183 2734 968 2771">
     <span class='ocr_line' id='line_1_61' title="bbox 183 2734 968 2771; baseline -0.005 -6"><span class='ocrx_word' id='word_1_392' title='bbox 183 2737 260 2765; x_wconf 86' lang='lat' dir='ltr'><strong>ciens</strong></span> <span class='ocrx_word' id='word_1_393' title='bbox 277 2736 406 2764; x_wconf 66' lang='lat' dir='ltr'><strong>indicaﬁt</strong></span> <span class='ocrx_word' id='word_1_394' title='bbox 421 2745 429 2764; x_wconf 88' lang='lat'><strong>:</strong></span> <span class='ocrx_word' id='word_1_395' title='bbox 448 2744 458 2762; x_wconf 83' lang='grc' dir='ltr'><strong>ι</strong></span> <span class='ocrx_word' id='word_1_396' title='bbox 473 2735 531 2764; x_wconf 80' lang='lat' dir='ltr'><strong>Nisi</strong></span> <span class='ocrx_word' id='word_1_397' title='bbox 547 2736 610 2771; x_wconf 79' lang='lat' dir='ltr'><strong>quis</strong></span> <span class='ocrx_word' id='word_1_398' title='bbox 621 2740 732 2763; x_wconf 78' lang='lat' dir='ltr'><strong>renatus</strong></span> <span class='ocrx_word' id='word_1_399' title='bbox 748 2734 839 2768; x_wconf 82' lang='lat' dir='ltr'><strong>fuerit,</strong></span> <span class='ocrx_word' id='word_1_400' title='bbox 859 2734 914 2765; x_wconf 82' lang='lat' dir='ltr'><strong>ait,</strong></span> <span class='ocrx_word' id='word_1_401' title='bbox 933 2742 968 2762; x_wconf 75' lang='lat' dir='ltr'><strong>ex</strong></span> 
     </span>
    </p>
   </div>
   <div class='ocr_carea' id='block_1_62' title="bbox 184 2780 969 2818">
    <p class='ocr_par' dir='ltr' id='par_1_62' title="bbox 184 2780 969 2818">
     <span class='ocr_line' id='line_1_62' title="bbox 184 2780 969 2818; baseline -0.004 -8"><span class='ocrx_word' id='word_1_402' title='bbox 184 2789 256 2818; x_wconf 81' lang='lat' dir='ltr'><strong>aqua</strong></span> <span class='ocrx_word' id='word_1_403' title='bbox 269 2786 296 2809; x_wconf 90' lang='lat' dir='ltr'><strong>et</strong></span> <span class='ocrx_word' id='word_1_404' title='bbox 307 2781 412 2816; x_wconf 88' lang='lat' dir='ltr'><strong>Spiritu</strong></span> <span class='ocrx_word' id='word_1_405' title='bbox 426 2785 520 2809; x_wconf 87' lang='lat' dir='ltr'><strong>sancto</strong></span> <span class='ocrx_word' id='word_1_406' title='bbox 533 2801 540 2813; x_wconf 93' lang='lat'><strong>,</strong></span> <span class='ocrx_word' id='word_1_407' title='bbox 556 2789 610 2809; x_wconf 90' lang='lat' dir='ltr'><strong>non</strong></span> <span class='ocrx_word' id='word_1_408' title='bbox 629 2785 718 2816; x_wconf 84' lang='lat' dir='ltr'><strong>potest</strong></span> <span class='ocrx_word' id='word_1_409' title='bbox 735 2780 847 2808; x_wconf 81' lang='lat' dir='ltr'><strong>introire</strong></span> <span class='ocrx_word' id='word_1_410' title='bbox 872 2781 900 2808; x_wconf 90' lang='lat' dir='ltr'><strong>in</strong></span> <span class='ocrx_word' id='word_1_411' title='bbox 923 2788 969 2807; x_wconf 85' lang='lat' dir='ltr'><strong>re-</strong></span> 
     </span>
    </p>
   </div>
   <div class='ocr_carea' id='block_1_63' title="bbox 1018 233 1810 271">
    <p class='ocr_par' dir='ltr' id='par_1_63' title="bbox 1018 233 1810 271">
     <span class='ocr_line' id='line_1_63' title="bbox 1018 233 1810 271; baseline 0.004 -11"><span class='ocrx_word' id='word_1_412' title='bbox 1018 233 1142 269; x_wconf 75' lang='grc' dir='ltr'>Ἰωάννης</span> <span class='ocrx_word' id='word_1_413' title='bbox 1154 234 1291 267; x_wconf 78' lang='grc' dir='ltr'><strong>βαπτίζων</strong></span> <span class='ocrx_word' id='word_1_414' title='bbox 1307 235 1336 261; x_wconf 82' lang='grc' dir='ltr'>ὲν</span> <span class='ocrx_word' id='word_1_415' title='bbox 1349 236 1382 270; x_wconf 87' lang='grc' dir='ltr'>τῇ</span> <span class='ocrx_word' id='word_1_416' title='bbox 1404 235 1499 270; x_wconf 76' lang='grc' dir='ltr'>ἐρήμῳ</span> <span class='ocrx_word' id='word_1_417' title='bbox 1511 243 1518 251; x_wconf 79' lang='grc'><em>’</em></span> <span class='ocrx_word' id='word_1_418' title='bbox 1536 245 1546 261; x_wconf 83' lang='grc'><strong>›</strong></span> <span class='ocrx_word' id='word_1_419' title='bbox 1563 235 1592 262; x_wconf 84' lang='grc' dir='ltr'>ὲν</span> <span class='ocrx_word' id='word_1_420' title='bbox 1604 235 1632 262; x_wconf 78' lang='grc' dir='ltr'>δὲ</span> <span class='ocrx_word' id='word_1_421' title='bbox 1648 235 1697 271; x_wconf 85' lang='grc' dir='ltr'>τῷ,</span> <span class='ocrx_word' id='word_1_422' title='bbox 1717 246 1727 262; x_wconf 76' lang='grc' dir='ltr'><strong>ι</strong></span> <span class='ocrx_word' id='word_1_423' title='bbox 1741 237 1810 271; x_wconf 75' lang='grc' dir='ltr'><strong>Κη-</strong></span> 
     </span>
    </p>
   </div>
   <div class='ocr_carea' id='block_1_64' title="bbox 1014 279 1806 317">
    <p class='ocr_par' dir='ltr' id='par_1_64' title="bbox 1014 279 1806 317">
     <span class='ocr_line' id='line_1_64' title="bbox 1014 279 1806 317; baseline 0.003 -11"><span class='ocrx_word' id='word_1_424' title='bbox 1014 279 1122 315; x_wconf 82' lang='grc' dir='ltr'>ρύσσων</span> <span class='ocrx_word' id='word_1_425' title='bbox 1138 280 1281 315; x_wconf 75' lang='grc' dir='ltr'><strong>βάπτισμα</strong></span> <span class='ocrx_word' id='word_1_426' title='bbox 1294 281 1437 315; x_wconf 82' lang='grc' dir='ltr'><strong>μετανοίας</strong></span> <span class='ocrx_word' id='word_1_427' title='bbox 1451 282 1491 312; x_wconf 88' lang='grc' dir='ltr'><strong>εἰς</strong></span> <span class='ocrx_word' id='word_1_428' title='bbox 1506 281 1603 315; x_wconf 81' lang='grc' dir='ltr'>ἄφεσιν</span> <span class='ocrx_word' id='word_1_429' title='bbox 1615 282 1770 317; x_wconf 84' lang='grc' dir='ltr'>ἁμαρτιῶν,</span> <span class='ocrx_word' id='word_1_430' title='bbox 1794 292 1806 307; x_wconf 75' lang='grc' dir='ltr'>ι</span> 
     </span>
    </p>
   </div>
   <div class='ocr_carea' id='block_1_65' title="bbox 1012 325 1811 361">
    <p class='ocr_par' dir='ltr' id='par_1_65' title="bbox 1012 325 1811 361">
     <span class='ocr_line' id='line_1_65' title="bbox 1012 325 1811 361; baseline 0.004 -10"><span class='ocrx_word' id='word_1_431' title='bbox 1012 325 1042 351; x_wconf 79' lang='grc' dir='ltr'><strong>τὸ</strong></span> <span class='ocrx_word' id='word_1_432' title='bbox 1066 326 1202 361; x_wconf 80' lang='grc' dir='ltr'><strong>Σωτήρων</strong></span> <span class='ocrx_word' id='word_1_433' title='bbox 1229 325 1428 361; x_wconf 82' lang='grc' dir='ltr'><strong>ἀνακηρύττειν</strong></span> <span class='ocrx_word' id='word_1_434' title='bbox 1454 326 1608 361; x_wconf 81' lang='grc' dir='ltr'><strong>βάπτισμα.</strong></span> <span class='ocrx_word' id='word_1_435' title='bbox 1637 328 1693 354; x_wconf 76' lang='grc' dir='ltr'><strong>Καὶ</strong></span> <span class='ocrx_word' id='word_1_436' title='bbox 1729 327 1811 354; x_wconf 82' lang='grc' dir='ltr'>οὓτω</span> 
     </span>
    </p>
   </div>
   <div class='ocr_carea' id='block_1_66' title="bbox 1014 372 1811 408">
    <p class='ocr_par' dir='ltr' id='par_1_66' title="bbox 1014 372 1811 408">
     <span class='ocr_line' id='line_1_66' title="bbox 1014 372 1811 408; baseline 0.005 -11"><span class='ocrx_word' id='word_1_437' title='bbox 1014 372 1093 405; x_wconf 82' lang='grc' dir='ltr'>φαῖεν</span> <span class='ocrx_word' id='word_1_438' title='bbox 1107 372 1140 399; x_wconf 86' lang='grc' dir='ltr'>ἆν</span> <span class='ocrx_word' id='word_1_439' title='bbox 1154 372 1200 398; x_wconf 75' lang='grc' dir='ltr'><strong>τὸν</strong></span> <span class='ocrx_word' id='word_1_440' title='bbox 1216 372 1352 407; x_wconf 82' lang='grc' dir='ltr'>μακάριον</span> <span class='ocrx_word' id='word_1_441' title='bbox 1369 372 1486 408; x_wconf 82' lang='grc' dir='ltr'>Μάρκον</span> <span class='ocrx_word' id='word_1_442' title='bbox 1494 372 1623 408; x_wconf 78' lang='grc' dir='ltr'>ἑκάτερον</span> <span class='ocrx_word' id='word_1_443' title='bbox 1635 373 1689 400; x_wconf 86' lang='grc' dir='ltr'><strong>τῶν</strong></span> <span class='ocrx_word' id='word_1_444' title='bbox 1702 373 1811 408; x_wconf 76' lang='grc' dir='ltr'>βαπτι-</span> 
     </span>
    </p>
   </div>
   <div class='ocr_carea' id='block_1_67' title="bbox 1014 417 1810 455">
    <p class='ocr_par' dir='ltr' id='par_1_67' title="bbox 1014 417 1810 455">
     <span class='ocr_line' id='line_1_67' title="bbox 1014 417 1810 455; baseline 0.003 -11"><span class='ocrx_word' id='word_1_445' title='bbox 1014 418 1126 452; x_wconf 86' lang='grc' dir='ltr'>σμάτων</span> <span class='ocrx_word' id='word_1_446' title='bbox 1140 417 1342 445; x_wconf 75' lang='grc' dir='ltr'><strong>διαστείλασθαι</strong></span> <span class='ocrx_word' id='word_1_447' title='bbox 1358 419 1633 454; x_wconf 68' lang='grc' dir='ltr'><strong>ἐπιμαρτυρούμενον</strong></span> <span class='ocrx_word' id='word_1_448' title='bbox 1652 419 1688 455; x_wconf 85' lang='grc' dir='ltr'>μὴ</span> <span class='ocrx_word' id='word_1_449' title='bbox 1705 419 1810 454; x_wconf 78' lang='grc' dir='ltr'>ἄφεσιν</span> 
     </span>
    </p>
   </div>
   <div class='ocr_carea' id='block_1_68' title="bbox 1014 464 1810 500">
    <p class='ocr_par' dir='ltr' id='par_1_68' title="bbox 1014 464 1810 500">
     <span class='ocr_line' id='line_1_68' title="bbox 1014 464 1810 500; baseline 0.003 -10"><span class='ocrx_word' id='word_1_450' title='bbox 1014 464 1158 500; x_wconf 80' lang='grc' dir='ltr'>ἁμαρτιῶν</span> <span class='ocrx_word' id='word_1_451' title='bbox 1175 464 1318 499; x_wconf 82' lang='grc' dir='ltr'>παρέχειν,</span> <span class='ocrx_word' id='word_1_452' title='bbox 1335 464 1396 499; x_wconf 71' lang='grc' dir='ltr'>μηδ’</span> <span class='ocrx_word' id='word_1_453' title='bbox 1410 464 1492 491; x_wconf 74' lang='grc' dir='ltr'>αὑτὸν</span> <span class='ocrx_word' id='word_1_454' title='bbox 1511 465 1650 499; x_wconf 78' lang='grc' dir='ltr'><strong>ὁμολογεῖν</strong></span> <span class='ocrx_word' id='word_1_455' title='bbox 1662 465 1693 492; x_wconf 80' lang='grc' dir='ltr'><strong>τὺ</strong></span> <span class='ocrx_word' id='word_1_456' title='bbox 1705 465 1810 500; x_wconf 79' lang='grc' dir='ltr'>βάπτι-</span> 
     </span>
    </p>
   </div>
   <div class='ocr_carea' id='block_1_69' title="bbox 1015 510 1809 548">
    <p class='ocr_par' dir='ltr' id='par_1_69' title="bbox 1015 510 1809 548">
     <span class='ocr_line' id='line_1_69' title="bbox 1015 510 1809 548; baseline 0.003 -11"><span class='ocrx_word' id='word_1_457' title='bbox 1015 519 1072 546; x_wconf 86' lang='grc' dir='ltr'><strong>σμα</strong></span> <span class='ocrx_word' id='word_1_458' title='bbox 1087 511 1273 546; x_wconf 79' lang='grc' dir='ltr'>παρεχόμενον</span> <span class='ocrx_word' id='word_1_459' title='bbox 1289 519 1296 526; x_wconf 94' lang='grc'><strong>·</strong></span> <span class='ocrx_word' id='word_1_460' title='bbox 1315 511 1358 538; x_wconf 83' lang='grc' dir='ltr'><strong>διὰ</strong></span> <span class='ocrx_word' id='word_1_461' title='bbox 1377 510 1456 538; x_wconf 83' lang='grc' dir='ltr'>τοῦτο</span> <span class='ocrx_word' id='word_1_462' title='bbox 1468 512 1522 547; x_wconf 80' lang='grc' dir='ltr'><strong>γὰρ</strong></span> <span class='ocrx_word' id='word_1_463' title='bbox 1540 512 1587 538; x_wconf 75' lang='grc' dir='ltr'>καὶ</span> <span class='ocrx_word' id='word_1_464' title='bbox 1598 512 1738 548; x_wconf 77' lang='grc' dir='ltr'>εἰρηκέναι</span> <span class='ocrx_word' id='word_1_465' title='bbox 1756 521 1809 547; x_wconf 84' lang='grc' dir='ltr'><strong>φι-</strong></span> 
     </span>
    </p>
   </div>
   <div class='ocr_carea' id='block_1_70' title="bbox 1013 555 1811 594">
    <p class='ocr_par' dir='ltr' id='par_1_70' title="bbox 1013 555 1811 594">
     <span class='ocr_line' id='line_1_70' title="bbox 1013 555 1811 594; baseline 0.004 -12"><span class='ocrx_word' id='word_1_466' title='bbox 1013 555 1125 590; x_wconf 88' lang='grc' dir='ltr'>λαλήθει</span> <span class='ocrx_word' id='word_1_467' title='bbox 1156 565 1185 583; x_wconf 88' lang='grc' dir='ltr'><strong>τε</strong></span> <span class='ocrx_word' id='word_1_468' title='bbox 1205 557 1252 583; x_wconf 77' lang='grc' dir='ltr'>καὶ</span> <span class='ocrx_word' id='word_1_469' title='bbox 1273 556 1470 594; x_wconf 79' lang='grc' dir='ltr'>θεοσεὸεστάτῃ</span> <span class='ocrx_word' id='word_1_470' title='bbox 1486 557 1601 593; x_wconf 84' lang='grc' dir='ltr'>γνώμῃ·</span> <span class='ocrx_word' id='word_1_471' title='bbox 1624 567 1635 583; x_wconf 73' lang='grc' dir='ltr'><strong>ι</strong></span> <span class='ocrx_word' id='word_1_472' title='bbox 1656 557 1727 592; x_wconf 81' lang='grc' dir='ltr'><strong>Ἐγὼ</strong></span> <span class='ocrx_word' id='word_1_473' title='bbox 1754 559 1811 593; x_wconf 81' lang='grc' dir='ltr'>μὲν</span> 
     </span>
    </p>
   </div>
   <div class='ocr_carea' id='block_1_71' title="bbox 1015 602 1812 640">
    <p class='ocr_par' dir='ltr' id='par_1_71' title="bbox 1015 602 1812 640">
     <span class='ocr_line' id='line_1_71' title="bbox 1015 602 1812 640; baseline 0.003 -12"><span class='ocrx_word' id='word_1_474' title='bbox 1015 602 1152 629; x_wconf 76' lang='grc' dir='ltr'>ἐϐάπτισα</span> <span class='ocrx_word' id='word_1_475' title='bbox 1168 602 1240 637; x_wconf 80' lang='grc' dir='ltr'>ὑμᾶς</span> <span class='ocrx_word' id='word_1_476' title='bbox 1252 603 1281 629; x_wconf 76' lang='grc' dir='ltr'>ἐν</span> <span class='ocrx_word' id='word_1_477' title='bbox 1302 602 1389 636; x_wconf 70' lang='grc' dir='ltr'>ὕδατι,</span> <span class='ocrx_word' id='word_1_478' title='bbox 1411 603 1492 635; x_wconf 78' lang='grc' dir='ltr'>αὐτὸς</span> <span class='ocrx_word' id='word_1_479' title='bbox 1503 603 1531 630; x_wconf 78' lang='grc' dir='ltr'>δὲ</span> <span class='ocrx_word' id='word_1_480' title='bbox 1547 603 1674 639; x_wconf 76' lang='grc' dir='ltr'>βαπτίσει</span> <span class='ocrx_word' id='word_1_481' title='bbox 1685 604 1759 640; x_wconf 76' lang='grc' dir='ltr'>ὑμᾶς</span> <span class='ocrx_word' id='word_1_482' title='bbox 1775 604 1812 631; x_wconf 81' lang='grc' dir='ltr'>ὲν</span> 
     </span>
    </p>
   </div>
   <div class='ocr_carea' id='block_1_72' title="bbox 1016 647 1278 684">
    <p class='ocr_par' dir='ltr' id='par_1_72' title="bbox 1016 647 1278 684">
     <span class='ocr_line' id='line_1_72' title="bbox 1016 647 1278 684; baseline -0.004 -9"><span class='ocrx_word' id='word_1_483' title='bbox 1016 647 1156 684; x_wconf 85' lang='grc' dir='ltr'>Πνεύματι</span> <span class='ocrx_word' id='word_1_484' title='bbox 1168 648 1248 684; x_wconf 85' lang='grc' dir='ltr'>ἁγίῳ.</span> <span class='ocrx_word' id='word_1_485' title='bbox 1269 657 1278 674; x_wconf 73' lang='grc' dir='ltr'><strong>ι</strong></span> 
     </span>
    </p>
   </div>
   <div class='ocr_carea' id='block_1_73' title="bbox 1054 776 1814 813">
    <p class='ocr_par' dir='ltr' id='par_1_73' title="bbox 1054 776 1814 813">
     <span class='ocr_line' id='line_1_73' title="bbox 1054 776 1814 813; baseline 0.001 -8"><span class='ocrx_word' id='word_1_486' title='bbox 1054 779 1085 805; x_wconf 85' lang='lat' dir='ltr'><strong>Et</strong></span> <span class='ocrx_word' id='word_1_487' title='bbox 1102 778 1124 805; x_wconf 83' lang='grc' dir='ltr'>δ’</span> <span class='ocrx_word' id='word_1_488' title='bbox 1150 779 1164 805; x_wconf 86' lang='grc' dir='ltr'><strong>ό</strong></span> <span class='ocrx_word' id='word_1_489' title='bbox 1179 779 1294 813; x_wconf 77' lang='grc' dir='ltr'>Μαρκος</span> <span class='ocrx_word' id='word_1_490' title='bbox 1319 777 1413 813; x_wconf 73' lang='grc' dir='ltr'>σαφῶς</span> <span class='ocrx_word' id='word_1_491' title='bbox 1436 776 1510 813; x_wconf 78' lang='grc' dir='ltr'>ἡμᾶς</span> <span class='ocrx_word' id='word_1_492' title='bbox 1531 777 1580 813; x_wconf 86' lang='grc' dir='ltr'>τὴν</span> <span class='ocrx_word' id='word_1_493' title='bbox 1595 778 1737 813; x_wconf 80' lang='grc' dir='ltr'>διαστολὴν</span> <span class='ocrx_word' id='word_1_494' title='bbox 1751 779 1814 806; x_wconf 85' lang='grc' dir='ltr'><strong>τῶν</strong></span> 
     </span>
    </p>
   </div>
   <div class='ocr_carea' id='block_1_74' title="bbox 1019 822 1813 859">
    <p class='ocr_par' dir='ltr' id='par_1_74' title="bbox 1019 822 1813 859">
     <span class='ocr_line' id='line_1_74' title="bbox 1019 822 1813 859; baseline 0 -9"><span class='ocrx_word' id='word_1_495' title='bbox 1019 823 1216 859; x_wconf 78' lang='grc' dir='ltr'>βαπτισμάτων</span> <span class='ocrx_word' id='word_1_496' title='bbox 1227 822 1376 856; x_wconf 73' lang='grc' dir='ltr'><strong>ἐδιδάξατο,</strong></span> <span class='ocrx_word' id='word_1_497' title='bbox 1393 822 1432 858; x_wconf 84' lang='grc' dir='ltr'>τῷ</span> <span class='ocrx_word' id='word_1_498' title='bbox 1450 823 1608 857; x_wconf 85' lang='grc' dir='ltr'>Δεσποτικῷ</span> <span class='ocrx_word' id='word_1_499' title='bbox 1634 822 1684 857; x_wconf 80' lang='grc' dir='ltr'>μὲν</span> <span class='ocrx_word' id='word_1_500' title='bbox 1706 823 1813 858; x_wconf 85' lang='grc' dir='ltr'>βαπτι-</span> 
     </span>
    </p>
   </div>
   <div class='ocr_carea' id='block_1_75' title="bbox 979 865 1811 905">
    <p class='ocr_par' dir='ltr' id='par_1_75' title="bbox 979 865 1811 905">
     <span class='ocr_line' id='line_1_75' title="bbox 979 865 1811 905; baseline -0.002 -9"><span class='ocrx_word' id='word_1_501' title='bbox 979 865 999 892; x_wconf 81' lang='grc' dir='ltr'><strong><em>Β</em></strong></span> <span class='ocrx_word' id='word_1_502' title='bbox 1015 878 1099 904; x_wconf 89' lang='grc' dir='ltr'>σματι</span> <span class='ocrx_word' id='word_1_503' title='bbox 1129 869 1179 905; x_wconf 83' lang='grc' dir='ltr'>τὴν</span> <span class='ocrx_word' id='word_1_504' title='bbox 1203 868 1257 895; x_wconf 83' lang='grc' dir='ltr'><strong>τῶν</strong></span> <span class='ocrx_word' id='word_1_505' title='bbox 1284 867 1426 904; x_wconf 82' lang='grc' dir='ltr'>ἁμαρτιῶν</span> <span class='ocrx_word' id='word_1_506' title='bbox 1444 868 1590 902; x_wconf 83' lang='grc' dir='ltr'><strong>ἀπονέμων</strong></span> <span class='ocrx_word' id='word_1_507' title='bbox 1615 868 1730 902; x_wconf 81' lang='grc' dir='ltr'>ἄφεσιν,</span> <span class='ocrx_word' id='word_1_508' title='bbox 1757 869 1811 896; x_wconf 79' lang='grc' dir='ltr'>καὶ</span> 
     </span>
    </p>
   </div>
   <div class='ocr_carea' id='block_1_76' title="bbox 1014 913 1811 948">
    <p class='ocr_par' dir='ltr' id='par_1_76' title="bbox 1014 913 1811 948">
     <span class='ocr_line' id='line_1_76' title="bbox 1014 913 1811 948; baseline 0 -8"><span class='ocrx_word' id='word_1_509' title='bbox 1014 914 1154 948; x_wconf 85' lang='grc' dir='ltr'>Πνεύματι</span> <span class='ocrx_word' id='word_1_510' title='bbox 1169 913 1237 947; x_wconf 82' lang='grc' dir='ltr'>ἁγίῳ</span> <span class='ocrx_word' id='word_1_511' title='bbox 1251 913 1546 948; x_wconf 77' lang='grc' dir='ltr'>διατελεσιουργεῖσθαι</span> <span class='ocrx_word' id='word_1_512' title='bbox 1558 922 1565 928; x_wconf 91' lang='grc'>·</span> <span class='ocrx_word' id='word_1_513' title='bbox 1582 913 1613 940; x_wconf 78' lang='grc' dir='ltr'><strong>τὸ</strong></span> <span class='ocrx_word' id='word_1_514' title='bbox 1633 913 1662 939; x_wconf 82' lang='grc' dir='ltr'>δὲ</span> <span class='ocrx_word' id='word_1_515' title='bbox 1680 914 1811 941; x_wconf 74' lang='grc' dir='ltr'>Ἰωάννου</span> 
     </span>
    </p>
   </div>
   <div class='ocr_carea' id='block_1_77' title="bbox 1015 958 1808 994">
    <p class='ocr_par' dir='ltr' id='par_1_77' title="bbox 1015 958 1808 994">
     <span class='ocr_line' id='line_1_77' title="bbox 1015 958 1808 994; baseline -0.003 -7"><span class='ocrx_word' id='word_1_516' title='bbox 1015 961 1062 988; x_wconf 80' lang='grc' dir='ltr'>καὶ</span> <span class='ocrx_word' id='word_1_517' title='bbox 1077 960 1173 992; x_wconf 75' lang='grc' dir='ltr'>ὓδατος</span> <span class='ocrx_word' id='word_1_518' title='bbox 1185 958 1267 992; x_wconf 79' lang='grc' dir='ltr'>εἶναι,</span> <span class='ocrx_word' id='word_1_519' title='bbox 1278 960 1325 987; x_wconf 75' lang='grc' dir='ltr'>καὶ</span> <span class='ocrx_word' id='word_1_520' title='bbox 1339 960 1519 994; x_wconf 78' lang='grc' dir='ltr'>ὀνομάζεσθαι</span> <span class='ocrx_word' id='word_1_521' title='bbox 1534 959 1675 994; x_wconf 82' lang='grc' dir='ltr'>βάπτισμα</span> <span class='ocrx_word' id='word_1_522' title='bbox 1690 968 1696 975; x_wconf 93' lang='grc'><strong>·</strong></span> <span class='ocrx_word' id='word_1_523' title='bbox 1713 959 1808 994; x_wconf 84' lang='grc' dir='ltr'>δῆλον,</span> 
     </span>
    </p>
   </div>
   <div class='ocr_carea' id='block_1_78' title="bbox 1016 1004 1807 1041">
    <p class='ocr_par' dir='ltr' id='par_1_78' title="bbox 1016 1004 1807 1041">
     <span class='ocr_line' id='line_1_78' title="bbox 1016 1004 1807 1041; baseline -0.004 -8"><span class='ocrx_word' id='word_1_524' title='bbox 1016 1007 1053 1038; x_wconf 81' lang='grc' dir='ltr'>ὡς</span> <span class='ocrx_word' id='word_1_525' title='bbox 1070 1007 1117 1033; x_wconf 80' lang='grc' dir='ltr'>καὶ</span> <span class='ocrx_word' id='word_1_526' title='bbox 1131 1007 1145 1033; x_wconf 82' lang='grc' dir='ltr'><strong>ὁ</strong></span> <span class='ocrx_word' id='word_1_527' title='bbox 1162 1006 1270 1037; x_wconf 80' lang='grc' dir='ltr'>Λουκᾶς</span> <span class='ocrx_word' id='word_1_528' title='bbox 1282 1005 1337 1041; x_wconf 78' lang='grc' dir='ltr'>ἄρα</span> <span class='ocrx_word' id='word_1_529' title='bbox 1350 1005 1417 1041; x_wconf 80' lang='grc' dir='ltr'>πρὸς</span> <span class='ocrx_word' id='word_1_530' title='bbox 1427 1005 1472 1031; x_wconf 81' lang='grc' dir='ltr'>τὸν</span> <span class='ocrx_word' id='word_1_531' title='bbox 1486 1004 1731 1038; x_wconf 78' lang='grc' dir='ltr'>συνευαγγελιστὴν</span> <span class='ocrx_word' id='word_1_532' title='bbox 1755 1004 1807 1030; x_wconf 76' lang='grc' dir='ltr'>καὶ</span> 
     </span>
    </p>
   </div>
   <div class='ocr_carea' id='block_1_79' title="bbox 1018 1049 1812 1087">
    <p class='ocr_par' dir='ltr' id='par_1_79' title="bbox 1018 1049 1812 1087">
     <span class='ocr_line' id='line_1_79' title="bbox 1018 1049 1812 1087; baseline -0.005 -8"><span class='ocrx_word' id='word_1_533' title='bbox 1018 1052 1158 1087; x_wconf 85' lang='grc' dir='ltr'>συνόμιλον</span> <span class='ocrx_word' id='word_1_534' title='bbox 1174 1051 1204 1078; x_wconf 84' lang='grc' dir='ltr'><strong>τὺ</strong></span> <span class='ocrx_word' id='word_1_535' title='bbox 1222 1051 1367 1086; x_wconf 70' lang='grc' dir='ltr'>σύμφωνον</span> <span class='ocrx_word' id='word_1_536' title='bbox 1389 1050 1538 1082; x_wconf 78' lang='grc' dir='ltr'>διασώζων,</span> <span class='ocrx_word' id='word_1_537' title='bbox 1555 1049 1626 1077; x_wconf 82' lang='grc' dir='ltr'>οὕτω</span> <span class='ocrx_word' id='word_1_538' title='bbox 1641 1050 1688 1076; x_wconf 79' lang='grc' dir='ltr'>καὶ</span> <span class='ocrx_word' id='word_1_539' title='bbox 1711 1049 1742 1076; x_wconf 76' lang='grc' dir='ltr'>τὸ</span> <span class='ocrx_word' id='word_1_540' title='bbox 1757 1049 1812 1084; x_wconf 84' lang='grc' dir='ltr'>τῆς</span> 
     </span>
    </p>
   </div>
   <div class='ocr_carea' id='block_1_80' title="bbox 1015 1093 1811 1132">
    <p class='ocr_par' dir='ltr' id='par_1_80' title="bbox 1015 1093 1811 1132">
     <span class='ocr_line' id='line_1_80' title="bbox 1015 1093 1811 1132; baseline -0.005 -8"><span class='ocrx_word' id='word_1_541' title='bbox 1015 1096 1143 1132; x_wconf 74' lang='grc' dir='ltr'><strong>ἀληθείας</strong></span> <span class='ocrx_word' id='word_1_542' title='bbox 1159 1096 1321 1131; x_wconf 78' lang='grc' dir='ltr'>ἀνύὸριστον</span> <span class='ocrx_word' id='word_1_543' title='bbox 1335 1094 1545 1128; x_wconf 77' lang='grc' dir='ltr'>συνδιαφυλὰξει</span> <span class='ocrx_word' id='word_1_544' title='bbox 1558 1093 1667 1128; x_wconf 78' lang='grc' dir='ltr'>ἀξίωμα</span> <span class='ocrx_word' id='word_1_545' title='bbox 1679 1103 1686 1109; x_wconf 93' lang='grc'><strong>·</strong></span> <span class='ocrx_word' id='word_1_546' title='bbox 1699 1094 1748 1120; x_wconf 76' lang='grc' dir='ltr'>καὶ</span> <span class='ocrx_word' id='word_1_547' title='bbox 1763 1094 1811 1128; x_wconf 74' lang='grc' dir='ltr'>εἴη</span> 
     </span>
    </p>
   </div>
   <div class='ocr_carea' id='block_1_81' title="bbox 1016 1137 1811 1176">
    <p class='ocr_par' dir='ltr' id='par_1_81' title="bbox 1016 1137 1811 1176">
     <span class='ocr_line' id='line_1_81' title="bbox 1016 1137 1811 1176; baseline -0.004 -8"><span class='ocrx_word' id='word_1_548' title='bbox 1016 1142 1049 1168; x_wconf 84' lang='grc' dir='ltr'>ἂν</span> <span class='ocrx_word' id='word_1_549' title='bbox 1064 1141 1139 1176; x_wconf 75' lang='grc' dir='ltr'>αὐτῷ</span> <span class='ocrx_word' id='word_1_550' title='bbox 1152 1141 1297 1176; x_wconf 81' lang='grc' dir='ltr'>εἰρημένον</span> <span class='ocrx_word' id='word_1_551' title='bbox 1314 1141 1354 1173; x_wconf 77' lang='grc' dir='ltr'><strong>τὸ,</strong></span> <span class='ocrx_word' id='word_1_552' title='bbox 1383 1150 1392 1166; x_wconf 78' lang='grc' dir='ltr'><strong>ι</strong></span> <span class='ocrx_word' id='word_1_553' title='bbox 1417 1141 1472 1167; x_wconf 75' lang='grc' dir='ltr'><strong>Καὶ</strong></span> <span class='ocrx_word' id='word_1_554' title='bbox 1498 1137 1579 1175; x_wconf 80' lang='grc' dir='ltr'>ἦλθεν</span> <span class='ocrx_word' id='word_1_555' title='bbox 1595 1140 1636 1170; x_wconf 83' lang='grc' dir='ltr'><strong>είς</strong></span> <span class='ocrx_word' id='word_1_556' title='bbox 1651 1141 1741 1166; x_wconf 73' lang='grc' dir='ltr'>πᾶσαν</span> <span class='ocrx_word' id='word_1_557' title='bbox 1756 1139 1811 1174; x_wconf 82' lang='grc' dir='ltr'>τὴν</span> 
     </span>
    </p>
   </div>
   <div class='ocr_carea' id='block_1_82' title="bbox 1016 1185 1808 1223">
    <p class='ocr_par' dir='ltr' id='par_1_82' title="bbox 1016 1185 1808 1223">
     <span class='ocr_line' id='line_1_82' title="bbox 1016 1185 1808 1223; baseline -0.003 -9"><span class='ocrx_word' id='word_1_558' title='bbox 1016 1187 1169 1223; x_wconf 83' lang='grc' dir='ltr'>περίχωρον</span> <span class='ocrx_word' id='word_1_559' title='bbox 1198 1187 1248 1213; x_wconf 81' lang='grc' dir='ltr'><strong>τοῦ</strong></span> <span class='ocrx_word' id='word_1_560' title='bbox 1267 1185 1402 1220; x_wconf 81' lang='grc' dir='ltr'>Ἰορδάνου</span> <span class='ocrx_word' id='word_1_561' title='bbox 1425 1186 1570 1221; x_wconf 81' lang='grc' dir='ltr'>κηρύσσων</span> <span class='ocrx_word' id='word_1_562' title='bbox 1588 1185 1731 1221; x_wconf 80' lang='grc' dir='ltr'>βάπτισμα</span> <span class='ocrx_word' id='word_1_563' title='bbox 1754 1194 1808 1220; x_wconf 84' lang='grc' dir='ltr'>με-</span> 
     </span>
    </p>
   </div>
   <div class='ocr_carea' id='block_1_83' title="bbox 1015 1230 1810 1266">
    <p class='ocr_par' dir='ltr' id='par_1_83' title="bbox 1015 1230 1810 1266">
     <span class='ocr_line' id='line_1_83' title="bbox 1015 1230 1810 1266; baseline -0.003 -8"><span class='ocrx_word' id='word_1_564' title='bbox 1015 1232 1124 1263; x_wconf 86' lang='grc' dir='ltr'>τανοίας</span> <span class='ocrx_word' id='word_1_565' title='bbox 1145 1233 1186 1263; x_wconf 85' lang='grc' dir='ltr'>εις</span> <span class='ocrx_word' id='word_1_566' title='bbox 1213 1232 1309 1266; x_wconf 78' lang='grc' dir='ltr'>ἄφεσιν</span> <span class='ocrx_word' id='word_1_567' title='bbox 1332 1230 1474 1266; x_wconf 83' lang='grc' dir='ltr'>ἁμαρτιῶν</span> <span class='ocrx_word' id='word_1_568' title='bbox 1488 1250 1496 1263; x_wconf 83' lang='grc'><em>,</em></span> <span class='ocrx_word' id='word_1_569' title='bbox 1521 1239 1530 1256; x_wconf 80' lang='grc' dir='ltr'><strong>ι</strong></span> <span class='ocrx_word' id='word_1_570' title='bbox 1547 1230 1578 1257; x_wconf 83' lang='grc' dir='ltr'>οὐ</span> <span class='ocrx_word' id='word_1_571' title='bbox 1606 1230 1670 1266; x_wconf 82' lang='grc' dir='ltr'>περὶ</span> <span class='ocrx_word' id='word_1_572' title='bbox 1700 1230 1810 1256; x_wconf 76' lang='grc' dir='ltr'>ἐκείνου</span> 
     </span>
    </p>
   </div>
   <div class='ocr_carea' id='block_1_84' title="bbox 1016 1276 1810 1312">
    <p class='ocr_par' dir='ltr' id='par_1_84' title="bbox 1016 1276 1810 1312">
     <span class='ocr_line' id='line_1_84' title="bbox 1016 1276 1810 1312; baseline -0.003 -8"><span class='ocrx_word' id='word_1_573' title='bbox 1016 1277 1159 1312; x_wconf 81' lang='grc' dir='ltr'>δήπουθεν,</span> <span class='ocrx_word' id='word_1_574' title='bbox 1169 1278 1237 1312; x_wconf 79' lang='grc' dir='ltr'>ὅπερ</span> <span class='ocrx_word' id='word_1_575' title='bbox 1253 1277 1280 1304; x_wconf 83' lang='grc' dir='ltr'><strong>αί</strong></span> <span class='ocrx_word' id='word_1_576' title='bbox 1295 1276 1342 1303; x_wconf 83' lang='grc' dir='ltr'><strong>τοῦ</strong></span> <span class='ocrx_word' id='word_1_577' title='bbox 1357 1276 1513 1312; x_wconf 84' lang='grc' dir='ltr'>Προδρόμου</span> <span class='ocrx_word' id='word_1_578' title='bbox 1528 1277 1617 1312; x_wconf 83' lang='grc' dir='ltr'>χεῖρες</span> <span class='ocrx_word' id='word_1_579' title='bbox 1628 1276 1790 1311; x_wconf 79' lang='grc' dir='ltr'>εἰργάζοντο</span> <span class='ocrx_word' id='word_1_580' title='bbox 1800 1295 1810 1308; x_wconf 82' lang='grc'><em>,</em></span> 
     </span>
    </p>
   </div>
   <div class='ocr_carea' id='block_1_85' title="bbox 1017 1321 1811 1358">
    <p class='ocr_par' dir='ltr' id='par_1_85' title="bbox 1017 1321 1811 1358">
     <span class='ocr_line' id='line_1_85' title="bbox 1017 1321 1811 1358; baseline -0.001 -9"><span class='ocrx_word' id='word_1_581' title='bbox 1017 1323 1084 1349; x_wconf 89' lang='grc' dir='ltr'>ἁλλά</span> <span class='ocrx_word' id='word_1_582' title='bbox 1108 1323 1171 1358; x_wconf 76' lang='grc' dir='ltr'>περὶ</span> <span class='ocrx_word' id='word_1_583' title='bbox 1192 1322 1238 1349; x_wconf 85' lang='grc' dir='ltr'>τοῦ</span> <span class='ocrx_word' id='word_1_584' title='bbox 1269 1322 1406 1357; x_wconf 84' lang='grc' dir='ltr'>Σωτηρίου</span> <span class='ocrx_word' id='word_1_585' title='bbox 1436 1322 1483 1349; x_wconf 78' lang='grc' dir='ltr'>καὶ</span> <span class='ocrx_word' id='word_1_586' title='bbox 1509 1321 1688 1355; x_wconf 83' lang='grc' dir='ltr'>Δεσποτικοῦ,</span> <span class='ocrx_word' id='word_1_587' title='bbox 1722 1322 1771 1349; x_wconf 79' lang='grc' dir='ltr'>καὶ</span> <span class='ocrx_word' id='word_1_588' title='bbox 1794 1322 1811 1348; x_wconf 82' lang='grc' dir='ltr'>ὂ</span> 
     </span>
    </p>
   </div>
   <div class='ocr_carea' id='block_1_86' title="bbox 1017 1366 1811 1402">
    <p class='ocr_par' dir='ltr' id='par_1_86' title="bbox 1017 1366 1811 1402">
     <span class='ocr_line' id='line_1_86' title="bbox 1017 1366 1811 1402; baseline 0 -8"><span class='ocrx_word' id='word_1_589' title='bbox 1017 1368 1121 1399; x_wconf 77' lang='grc' dir='ltr'>πάντας</span> <span class='ocrx_word' id='word_1_590' title='bbox 1140 1368 1203 1399; x_wconf 72' lang='grc' dir='ltr'>τοὺς</span> <span class='ocrx_word' id='word_1_591' title='bbox 1219 1366 1439 1402; x_wconf 83' lang='grc' dir='ltr'>βαπτισαμένους</span> <span class='ocrx_word' id='word_1_592' title='bbox 1453 1367 1506 1393; x_wconf 85' lang='grc' dir='ltr'>τῶν</span> <span class='ocrx_word' id='word_1_593' title='bbox 1522 1367 1646 1402; x_wconf 74' lang='grc' dir='ltr'>ψυχικῶν</span> <span class='ocrx_word' id='word_1_594' title='bbox 1666 1367 1811 1402; x_wconf 79' lang='grc' dir='ltr'>μολυσμά-</span> 
     </span>
    </p>
   </div>
   <div class='ocr_carea' id='block_1_87' title="bbox 1016 1410 1806 1446">
    <p class='ocr_par' dir='ltr' id='par_1_87' title="bbox 1016 1410 1806 1446">
     <span class='ocr_line' id='line_1_87' title="bbox 1016 1410 1806 1446; baseline -0.004 -7"><span class='ocrx_word' id='word_1_595' title='bbox 1016 1421 1070 1439; x_wconf 86' lang='grc' dir='ltr'><strong>των</strong></span> <span class='ocrx_word' id='word_1_596' title='bbox 1084 1412 1264 1446; x_wconf 77' lang='grc' dir='ltr'>ἀπεκάθαιρε.</span> <span class='ocrx_word' id='word_1_597' title='bbox 1284 1411 1337 1437; x_wconf 73' lang='grc' dir='ltr'><strong>Καὶ</strong></span> <span class='ocrx_word' id='word_1_598' title='bbox 1346 1411 1400 1446; x_wconf 81' lang='grc' dir='ltr'><strong>γὰρ</strong></span> <span class='ocrx_word' id='word_1_599' title='bbox 1415 1410 1473 1445; x_wconf 86' lang='grc' dir='ltr'>μετ’</span> <span class='ocrx_word' id='word_1_600' title='bbox 1489 1410 1577 1444; x_wconf 79' lang='grc' dir='ltr'>ὀλίγον</span> <span class='ocrx_word' id='word_1_601' title='bbox 1592 1411 1639 1437; x_wconf 78' lang='grc' dir='ltr'>καὶ</span> <span class='ocrx_word' id='word_1_602' title='bbox 1653 1410 1734 1441; x_wconf 78' lang='grc' dir='ltr'>αὐτὸς</span> <span class='ocrx_word' id='word_1_603' title='bbox 1745 1411 1806 1436; x_wconf 82' lang='grc' dir='ltr'>είσ-</span> 
     </span>
    </p>
   </div>
   <div class='ocr_carea' id='block_1_88' title="bbox 1017 1456 1810 1496">
    <p class='ocr_par' dir='ltr' id='par_1_88' title="bbox 1017 1456 1810 1496">
     <span class='ocr_line' id='line_1_88' title="bbox 1017 1456 1810 1496; baseline -0.006 -9"><span class='ocrx_word' id='word_1_604' title='bbox 1017 1461 1080 1494; x_wconf 84' lang='grc' dir='ltr'>ἀγει</span> <span class='ocrx_word' id='word_1_605' title='bbox 1107 1459 1151 1496; x_wconf 77' lang='grc' dir='ltr'>τὸν</span> <span class='ocrx_word' id='word_1_606' title='bbox 1176 1459 1303 1493; x_wconf 85' lang='grc' dir='ltr'>Ἰωάννην</span> <span class='ocrx_word' id='word_1_607' title='bbox 1328 1458 1460 1491; x_wconf 81' lang='grc' dir='ltr'>λέγοντα·</span> <span class='ocrx_word' id='word_1_608' title='bbox 1480 1467 1490 1483; x_wconf 80' lang='grc' dir='ltr'><strong>ι</strong></span> <span class='ocrx_word' id='word_1_609' title='bbox 1512 1456 1583 1490; x_wconf 86' lang='grc' dir='ltr'><strong>Ἐγὼ</strong></span> <span class='ocrx_word' id='word_1_610' title='bbox 1607 1457 1657 1491; x_wconf 80' lang='grc' dir='ltr'>μὲν</span> <span class='ocrx_word' id='word_1_611' title='bbox 1683 1457 1711 1482; x_wconf 81' lang='grc' dir='ltr'>ὲν</span> <span class='ocrx_word' id='word_1_612' title='bbox 1729 1456 1810 1483; x_wconf 75' lang='grc' dir='ltr'>ὕδατι</span> 
     </span>
    </p>
   </div>
   <div class='ocr_carea' id='block_1_89' title="bbox 1020 1500 1812 1541">
    <p class='ocr_par' dir='ltr' id='par_1_89' title="bbox 1020 1500 1812 1541">
     <span class='ocr_line' id='line_1_89' title="bbox 1020 1500 1812 1541; baseline -0.005 -8"><span class='ocrx_word' id='word_1_613' title='bbox 1020 1505 1144 1541; x_wconf 80' lang='grc' dir='ltr'>βαπτίζω</span> <span class='ocrx_word' id='word_1_614' title='bbox 1161 1505 1242 1540; x_wconf 83' lang='grc' dir='ltr'>ὑμᾶς,</span> <span class='ocrx_word' id='word_1_615' title='bbox 1257 1505 1365 1539; x_wconf 74' lang='grc' dir='ltr'>ἔρχεται</span> <span class='ocrx_word' id='word_1_616' title='bbox 1386 1503 1414 1530; x_wconf 79' lang='grc' dir='ltr'>δὲ</span> <span class='ocrx_word' id='word_1_617' title='bbox 1433 1503 1606 1538; x_wconf 78' lang='grc' dir='ltr'>ἰσχυρότερός</span> <span class='ocrx_word' id='word_1_618' title='bbox 1630 1511 1692 1538; x_wconf 87' lang='grc' dir='ltr'>μου,</span> <span class='ocrx_word' id='word_1_619' title='bbox 1710 1500 1740 1530; x_wconf 69' lang='grc' dir='ltr'><strong>οὗ</strong></span> <span class='ocrx_word' id='word_1_620' title='bbox 1757 1503 1812 1529; x_wconf 71' lang='grc' dir='ltr'>οὐκ</span> 
     </span>
    </p>
   </div>
   <div class='ocr_carea' id='block_1_90' title="bbox 1017 1549 1811 1586">
    <p class='ocr_par' dir='ltr' id='par_1_90' title="bbox 1017 1549 1811 1586">
     <span class='ocr_line' id='line_1_90' title="bbox 1017 1549 1811 1586; baseline -0.003 -8"><span class='ocrx_word' id='word_1_621' title='bbox 1017 1552 1075 1586; x_wconf 81' lang='grc' dir='ltr'><strong>εἱμὶ</strong></span> <span class='ocrx_word' id='word_1_622' title='bbox 1099 1551 1190 1582; x_wconf 82' lang='grc' dir='ltr'>ἱκανὸς</span> <span class='ocrx_word' id='word_1_623' title='bbox 1202 1550 1282 1577; x_wconf 82' lang='grc' dir='ltr'>λῦσαι</span> <span class='ocrx_word' id='word_1_624' title='bbox 1295 1550 1341 1576; x_wconf 79' lang='grc' dir='ltr'>τὸν</span> <span class='ocrx_word' id='word_1_625' title='bbox 1355 1549 1456 1584; x_wconf 68' lang='grc' dir='ltr'>ἱμάντα</span> <span class='ocrx_word' id='word_1_626' title='bbox 1481 1549 1535 1575; x_wconf 85' lang='grc' dir='ltr'><strong>τῶν</strong></span> <span class='ocrx_word' id='word_1_627' title='bbox 1553 1549 1735 1584; x_wconf 79' lang='grc' dir='ltr'>ὑποδημάτων</span> <span class='ocrx_word' id='word_1_628' title='bbox 1758 1550 1811 1576; x_wconf 80' lang='grc' dir='ltr'><strong>αὗ-</strong></span> 
     </span>
    </p>
   </div>
   <div class='ocr_carea' id='block_1_91' title="bbox 1016 1595 1813 1630">
    <p class='ocr_par' dir='ltr' id='par_1_91' title="bbox 1016 1595 1813 1630">
     <span class='ocr_line' id='line_1_91' title="bbox 1016 1595 1813 1630; baseline -0.004 -6"><span class='ocrx_word' id='word_1_629' title='bbox 1016 1598 1074 1624; x_wconf 79' lang='grc' dir='ltr'><strong>τοῦ·</strong></span> <span class='ocrx_word' id='word_1_630' title='bbox 1096 1605 1105 1623; x_wconf 77' lang='grc' dir='ltr'><strong><em>ι</em></strong></span> <span class='ocrx_word' id='word_1_631' title='bbox 1128 1595 1187 1623; x_wconf 85' lang='grc' dir='ltr'>εἶτα</span> <span class='ocrx_word' id='word_1_632' title='bbox 1199 1597 1244 1623; x_wconf 71' lang='grc' dir='ltr'>καὶ</span> <span class='ocrx_word' id='word_1_633' title='bbox 1258 1596 1288 1622; x_wconf 81' lang='grc' dir='ltr'>τὸ</span> <span class='ocrx_word' id='word_1_634' title='bbox 1300 1595 1407 1630; x_wconf 78' lang='grc' dir='ltr'>ἀξίωμα</span> <span class='ocrx_word' id='word_1_635' title='bbox 1425 1595 1472 1622; x_wconf 78' lang='grc' dir='ltr'>τοῦ</span> <span class='ocrx_word' id='word_1_636' title='bbox 1494 1595 1634 1630; x_wconf 80' lang='grc' dir='ltr'>Κνριακοῦ</span> <span class='ocrx_word' id='word_1_637' title='bbox 1655 1595 1813 1630; x_wconf 87' lang='grc' dir='ltr'>βαπτίσμα-</span> 
     </span>
    </p>
   </div>
   <div class='ocr_carea' id='block_1_92' title="bbox 1017 1640 1810 1676">
    <p class='ocr_par' dir='ltr' id='par_1_92' title="bbox 1017 1640 1810 1676">
     <span class='ocr_line' id='line_1_92' title="bbox 1017 1640 1810 1676; baseline -0.001 -7"><span class='ocrx_word' id='word_1_638' title='bbox 1017 1651 1072 1674; x_wconf 83' lang='grc' dir='ltr'>τος,</span> <span class='ocrx_word' id='word_1_639' title='bbox 1092 1652 1101 1668; x_wconf 84' lang='grc'><strong><em>‹</em></strong></span> <span class='ocrx_word' id='word_1_640' title='bbox 1125 1642 1210 1673; x_wconf 70' lang='grc' dir='ltr'>Αὐτὸς</span> <span class='ocrx_word' id='word_1_641' title='bbox 1235 1641 1305 1676; x_wconf 81' lang='grc' dir='ltr'>ὑμᾶς</span> <span class='ocrx_word' id='word_1_642' title='bbox 1323 1640 1448 1676; x_wconf 82' lang='grc' dir='ltr'>βαπτίσει</span> <span class='ocrx_word' id='word_1_643' title='bbox 1463 1642 1492 1668; x_wconf 78' lang='grc' dir='ltr'>ὲν</span> <span class='ocrx_word' id='word_1_644' title='bbox 1509 1641 1647 1676; x_wconf 87' lang='grc' dir='ltr'>Πνεύματι</span> <span class='ocrx_word' id='word_1_645' title='bbox 1661 1641 1730 1676; x_wconf 81' lang='grc' dir='ltr'>ἁγίῳ</span> <span class='ocrx_word' id='word_1_646' title='bbox 1758 1642 1810 1668; x_wconf 75' lang='grc' dir='ltr'><strong>καὶ</strong></span> 
     </span>
    </p>
   </div>
   <div class='ocr_carea' id='block_1_93' title="bbox 1018 1684 1814 1720">
    <p class='ocr_par' dir='ltr' id='par_1_93' title="bbox 1018 1684 1814 1720">
     <span class='ocr_line' id='line_1_93' title="bbox 1018 1684 1814 1720; baseline 0.001 -9"><span class='ocrx_word' id='word_1_647' title='bbox 1018 1685 1096 1720; x_wconf 79' lang='grc' dir='ltr'>πυρί.</span> <span class='ocrx_word' id='word_1_648' title='bbox 1112 1694 1121 1710; x_wconf 77' lang='grc' dir='ltr'><strong>ι</strong></span> <span class='ocrx_word' id='word_1_649' title='bbox 1138 1685 1192 1711; x_wconf 82' lang='grc' dir='ltr'><strong>Ναὶ</strong></span> <span class='ocrx_word' id='word_1_650' title='bbox 1212 1684 1265 1720; x_wconf 83' lang='grc' dir='ltr'>μὴν</span> <span class='ocrx_word' id='word_1_651' title='bbox 1283 1685 1329 1710; x_wconf 64' lang='grc' dir='ltr'><strong>καὶ¹</strong></span> <span class='ocrx_word' id='word_1_652' title='bbox 1350 1684 1463 1719; x_wconf 75' lang='grc' dir='ltr'>Μάρκος</span> <span class='ocrx_word' id='word_1_653' title='bbox 1476 1684 1558 1711; x_wconf 87' lang='grc' dir='ltr'>πάλιν</span> <span class='ocrx_word' id='word_1_654' title='bbox 1574 1684 1643 1719; x_wconf 84' lang='grc' dir='ltr'>μετὰ</span> <span class='ocrx_word' id='word_1_655' title='bbox 1661 1685 1691 1711; x_wconf 76' lang='grc' dir='ltr'>τὸ</span> <span class='ocrx_word' id='word_1_656' title='bbox 1714 1687 1814 1720; x_wconf 80' lang='grc' dir='ltr'>φυγεῖν</span> 
     </span>
    </p>
   </div>
   <div class='ocr_carea' id='block_1_94' title="bbox 1019 1730 1814 1766">
    <p class='ocr_par' dir='ltr' id='par_1_94' title="bbox 1019 1730 1814 1766">
     <span class='ocr_line' id='line_1_94' title="bbox 1019 1730 1814 1766; baseline 0.003 -10"><span class='ocrx_word' id='word_1_657' title='bbox 1019 1730 1081 1761; x_wconf 72' lang='grc' dir='ltr'>τοὺς</span> <span class='ocrx_word' id='word_1_658' title='bbox 1095 1730 1259 1764; x_wconf 78' lang='grc' dir='ltr'>Φαρισαίους</span> <span class='ocrx_word' id='word_1_659' title='bbox 1282 1731 1328 1756; x_wconf 84' lang='grc' dir='ltr'>καὶ</span> <span class='ocrx_word' id='word_1_660' title='bbox 1351 1730 1549 1762; x_wconf 81' lang='grc' dir='ltr'>Σαδδουκαίους</span> <span class='ocrx_word' id='word_1_661' title='bbox 1567 1731 1619 1758; x_wconf 83' lang='grc' dir='ltr'>ὑπὸ</span> <span class='ocrx_word' id='word_1_662' title='bbox 1634 1731 1683 1766; x_wconf 86' lang='grc' dir='ltr'>τῆς</span> <span class='ocrx_word' id='word_1_663' title='bbox 1697 1731 1814 1766; x_wconf 84' lang='grc' dir='ltr'>μελλού-</span> 
     </span>
    </p>
   </div>
   <div class='ocr_carea' id='block_1_95' title="bbox 1019 1774 1814 1813">
    <p class='ocr_par' dir='ltr' id='par_1_95' title="bbox 1019 1774 1814 1813">
     <span class='ocr_line' id='line_1_95' title="bbox 1019 1774 1814 1813; baseline 0.001 -11"><span class='ocrx_word' id='word_1_664' title='bbox 1019 1784 1069 1810; x_wconf 86' lang='grc' dir='ltr'><strong>σης</strong></span> <span class='ocrx_word' id='word_1_665' title='bbox 1081 1776 1165 1811; x_wconf 83' lang='grc' dir='ltr'>ὀργῆς</span> <span class='ocrx_word' id='word_1_666' title='bbox 1179 1776 1250 1810; x_wconf 77' lang='grc' dir='ltr'>(οὐδὲ</span> <span class='ocrx_word' id='word_1_667' title='bbox 1265 1777 1336 1811; x_wconf 82' lang='grc' dir='ltr'>φυγή</span> <span class='ocrx_word' id='word_1_668' title='bbox 1350 1785 1392 1808; x_wconf 90' lang='grc' dir='ltr'><strong>τις</strong></span> <span class='ocrx_word' id='word_1_669' title='bbox 1410 1776 1443 1802; x_wconf 80' lang='grc' dir='ltr'>ἂν</span> <span class='ocrx_word' id='word_1_670' title='bbox 1459 1774 1503 1811; x_wconf 77' lang='grc' dir='ltr'><strong>ἦν,</strong></span> <span class='ocrx_word' id='word_1_671' title='bbox 1530 1777 1555 1803; x_wconf 80' lang='grc' dir='ltr'><strong>εί</strong></span> <span class='ocrx_word' id='word_1_672' title='bbox 1573 1777 1610 1811; x_wconf 86' lang='grc' dir='ltr'>μὴ</span> <span class='ocrx_word' id='word_1_673' title='bbox 1625 1777 1654 1803; x_wconf 72' lang='grc' dir='ltr'><strong>τὺ</strong></span> <span class='ocrx_word' id='word_1_674' title='bbox 1671 1777 1814 1813; x_wconf 83' lang='grc' dir='ltr'>προσδρα-</span> 
     </span>
    </p>
   </div>
   <div class='ocr_carea' id='block_1_96' title="bbox 1020 1821 1815 1858">
    <p class='ocr_par' dir='ltr' id='par_1_96' title="bbox 1020 1821 1815 1858">
     <span class='ocr_line' id='line_1_96' title="bbox 1020 1821 1815 1858; baseline 0.004 -11"><span class='ocrx_word' id='word_1_675' title='bbox 1020 1823 1080 1857; x_wconf 84' lang='grc' dir='ltr'>μεῖν</span> <span class='ocrx_word' id='word_1_676' title='bbox 1089 1822 1128 1857; x_wconf 88' lang='grc' dir='ltr'>τῷ</span> <span class='ocrx_word' id='word_1_677' title='bbox 1142 1821 1334 1856; x_wconf 82' lang='grc' dir='ltr'>βαπτίσματι),</span> <span class='ocrx_word' id='word_1_678' title='bbox 1352 1831 1361 1848; x_wconf 82' lang='grc' dir='ltr'><strong>ι</strong></span> <span class='ocrx_word' id='word_1_679' title='bbox 1375 1822 1523 1858; x_wconf 83' lang='grc' dir='ltr'>Ποιήσατε,</span> <span class='ocrx_word' id='word_1_680' title='bbox 1538 1823 1674 1858; x_wconf 77' lang='grc' dir='ltr'>ἐπιφέρει,</span> <span class='ocrx_word' id='word_1_681' title='bbox 1686 1824 1815 1858; x_wconf 76' lang='grc' dir='ltr'>καρποὺς</span> 
     </span>
    </p>
   </div>
   <div class='ocr_carea' id='block_1_97' title="bbox 1019 1865 1815 1904">
    <p class='ocr_par' dir='ltr' id='par_1_97' title="bbox 1019 1865 1815 1904">
     <span class='ocr_line' id='line_1_97' title="bbox 1019 1865 1815 1904; baseline 0.004 -12"><span class='ocrx_word' id='word_1_682' title='bbox 1019 1865 1112 1898; x_wconf 79' lang='grc' dir='ltr'>ἀξίους</span> <span class='ocrx_word' id='word_1_683' title='bbox 1128 1867 1177 1902; x_wconf 83' lang='grc' dir='ltr'>τῆς</span> <span class='ocrx_word' id='word_1_684' title='bbox 1195 1867 1349 1901; x_wconf 83' lang='grc' dir='ltr'>μετανοίας,</span> <span class='ocrx_word' id='word_1_685' title='bbox 1368 1876 1377 1893; x_wconf 76' lang='grc' dir='ltr'><strong>ι</strong></span> <span class='ocrx_word' id='word_1_686' title='bbox 1393 1867 1431 1899; x_wconf 87' lang='grc' dir='ltr'>ὼς</span> <span class='ocrx_word' id='word_1_687' title='bbox 1452 1867 1499 1894; x_wconf 77' lang='grc' dir='ltr'>τοῦ</span> <span class='ocrx_word' id='word_1_688' title='bbox 1513 1867 1638 1899; x_wconf 75' lang='grc' dir='ltr'>δοθέντος</span> <span class='ocrx_word' id='word_1_689' title='bbox 1654 1868 1815 1904; x_wconf 83' lang='grc' dir='ltr'>βαπτίσμα-</span> 
     </span>
    </p>
   </div>
   <div class='ocr_carea' id='block_1_98' title="bbox 1019 1911 1814 1948">
    <p class='ocr_par' dir='ltr' id='par_1_98' title="bbox 1019 1911 1814 1948">
     <span class='ocr_line' id='line_1_98' title="bbox 1019 1911 1814 1948; baseline 0.003 -11"><span class='ocrx_word' id='word_1_690' title='bbox 1019 1919 1064 1943; x_wconf 83' lang='grc' dir='ltr'><strong>τος</strong></span> <span class='ocrx_word' id='word_1_691' title='bbox 1076 1912 1126 1938; x_wconf 85' lang='grc' dir='ltr'>οὐκ</span> <span class='ocrx_word' id='word_1_692' title='bbox 1141 1911 1248 1946; x_wconf 72' lang='grc' dir='ltr'>ἔχοντος</span> <span class='ocrx_word' id='word_1_693' title='bbox 1267 1912 1343 1946; x_wconf 72' lang='grc' dir='ltr'>ίσχὺν</span> <span class='ocrx_word' id='word_1_694' title='bbox 1364 1913 1514 1947; x_wconf 83' lang='grc' dir='ltr'>παρασχεῖν</span> <span class='ocrx_word' id='word_1_695' title='bbox 1529 1912 1579 1947; x_wconf 83' lang='grc' dir='ltr'>τὴν</span> <span class='ocrx_word' id='word_1_696' title='bbox 1592 1913 1697 1939; x_wconf 82' lang='grc' dir='ltr'>τελείαν</span> <span class='ocrx_word' id='word_1_697' title='bbox 1718 1913 1814 1948; x_wconf 78' lang='grc' dir='ltr'>ἁμαρ-</span> 
     </span>
    </p>
   </div>
   <div class='ocr_carea' id='block_1_99' title="bbox 1018 1955 1814 1994">
    <p class='ocr_par' dir='ltr' id='par_1_99' title="bbox 1018 1955 1814 1994">
     <span class='ocr_line' id='line_1_99' title="bbox 1018 1955 1814 1994; baseline 0.004 -12"><span class='ocrx_word' id='word_1_698' title='bbox 1018 1957 1149 1991; x_wconf 78' lang='grc' dir='ltr'>τημάτων</span> <span class='ocrx_word' id='word_1_699' title='bbox 1161 1956 1361 1991; x_wconf 83' lang='grc' dir='ltr'>ἀπολύτρωσιν.</span> <span class='ocrx_word' id='word_1_700' title='bbox 1375 1957 1409 1984; x_wconf 84' lang='grc' dir='ltr'>Ἢ</span> <span class='ocrx_word' id='word_1_701' title='bbox 1424 1955 1502 1983; x_wconf 77' lang='grc' dir='ltr'>τοῦτο</span> <span class='ocrx_word' id='word_1_702' title='bbox 1514 1958 1563 1991; x_wconf 85' lang='grc' dir='ltr'><strong>μὲν</strong></span> <span class='ocrx_word' id='word_1_703' title='bbox 1575 1957 1607 1983; x_wconf 82' lang='grc' dir='ltr'><strong>ἀν</strong></span> <span class='ocrx_word' id='word_1_704' title='bbox 1629 1966 1669 1989; x_wconf 83' lang='grc' dir='ltr'><strong>τις</strong></span> <span class='ocrx_word' id='word_1_705' title='bbox 1684 1958 1814 1994; x_wconf 76' lang='grc' dir='ltr'>εἰρῆσθαι</span> 
     </span>
    </p>
   </div>
   <div class='ocr_carea' id='block_1_100' title="bbox 1020 2002 1814 2039">
    <p class='ocr_par' dir='ltr' id='par_1_100' title="bbox 1020 2002 1814 2039">
     <span class='ocr_line' id='line_1_100' title="bbox 1020 2002 1814 2039; baseline 0.001 -10"><span class='ocrx_word' id='word_1_706' title='bbox 1020 2003 1077 2038; x_wconf 85' lang='grc' dir='ltr'>θείη</span> <span class='ocrx_word' id='word_1_707' title='bbox 1100 2003 1130 2029; x_wconf 82' lang='grc' dir='ltr'><strong>οὐ</strong></span> <span class='ocrx_word' id='word_1_708' title='bbox 1155 2002 1223 2038; x_wconf 80' lang='grc' dir='ltr'>πρὸς</span> <span class='ocrx_word' id='word_1_709' title='bbox 1250 2003 1382 2035; x_wconf 80' lang='grc' dir='ltr'>ἐκείνους,</span> <span class='ocrx_word' id='word_1_710' title='bbox 1405 2002 1452 2033; x_wconf 82' lang='grc' dir='ltr'>οὓς</span> <span class='ocrx_word' id='word_1_711' title='bbox 1470 2003 1505 2029; x_wconf 77' lang='grc' dir='ltr'><strong>τὰ</strong></span> <span class='ocrx_word' id='word_1_712' title='bbox 1526 2003 1686 2030; x_wconf 79' lang='grc' dir='ltr'>τελεσθέντα</span> <span class='ocrx_word' id='word_1_713' title='bbox 1714 2004 1814 2039; x_wconf 76' lang='grc' dir='ltr'>ῥεῖθρα</span> 
     </span>
    </p>
   </div>
   <div class='ocr_carea' id='block_1_101' title="bbox 1019 2048 1814 2083">
    <p class='ocr_par' dir='ltr' id='par_1_101' title="bbox 1019 2048 1814 2083">
     <span class='ocr_line' id='line_1_101' title="bbox 1019 2048 1814 2083; baseline 0.001 -8"><span class='ocrx_word' id='word_1_714' title='bbox 1019 2048 1152 2083; x_wconf 76' lang='grc' dir='ltr'>δεξάμενα</span> <span class='ocrx_word' id='word_1_715' title='bbox 1181 2048 1235 2075; x_wconf 87' lang='grc' dir='ltr'>τῶν</span> <span class='ocrx_word' id='word_1_716' title='bbox 1265 2048 1446 2083; x_wconf 83' lang='grc' dir='ltr'>μολυσμάτων</span> <span class='ocrx_word' id='word_1_717' title='bbox 1475 2048 1629 2075; x_wconf 75' lang='grc' dir='ltr'>ἐπλύνατο·</span> <span class='ocrx_word' id='word_1_718' title='bbox 1657 2049 1726 2077; x_wconf 76' lang='grc' dir='ltr'>ἀλλὰ</span> <span class='ocrx_word' id='word_1_719' title='bbox 1753 2051 1814 2082; x_wconf 77' lang='grc' dir='ltr'>τοῖς</span> 
     </span>
    </p>
   </div>
   <div class='ocr_carea' id='block_1_102' title="bbox 1019 2093 1811 2130">
    <p class='ocr_par' dir='ltr' id='par_1_102' title="bbox 1019 2093 1811 2130">
     <span class='ocr_line' id='line_1_102' title="bbox 1019 2093 1811 2130; baseline 0.003 -10"><span class='ocrx_word' id='word_1_720' title='bbox 1019 2093 1193 2130; x_wconf 79' lang='grc' dir='ltr'>ὡρμημένοις</span> <span class='ocrx_word' id='word_1_721' title='bbox 1211 2095 1259 2129; x_wconf 82' lang='grc' dir='ltr'>μὲν</span> <span class='ocrx_word' id='word_1_722' title='bbox 1270 2095 1316 2120; x_wconf 77' lang='grc' dir='ltr'><strong>ἐπὶ</strong></span> <span class='ocrx_word' id='word_1_723' title='bbox 1330 2094 1368 2130; x_wconf 80' lang='grc' dir='ltr'>τῷ</span> <span class='ocrx_word' id='word_1_724' title='bbox 1389 2094 1567 2130; x_wconf 85' lang='grc' dir='ltr'>βαπτίσματι,</span> <span class='ocrx_word' id='word_1_725' title='bbox 1583 2095 1660 2122; x_wconf 81' lang='grc' dir='ltr'>οῠπω</span> <span class='ocrx_word' id='word_1_726' title='bbox 1683 2096 1712 2122; x_wconf 68' lang='grc' dir='ltr'>δὲ</span> <span class='ocrx_word' id='word_1_727' title='bbox 1740 2105 1811 2122; x_wconf 84' lang='grc' dir='ltr'>κατ-</span> 
     </span>
    </p>
   </div>
   <div class='ocr_carea' id='block_1_103' title="bbox 1021 2139 1814 2176">
    <p class='ocr_par' dir='ltr' id='par_1_103' title="bbox 1021 2139 1814 2176">
     <span class='ocr_line' id='line_1_103' title="bbox 1021 2139 1814 2176; baseline 0.001 -10"><span class='ocrx_word' id='word_1_728' title='bbox 1021 2140 1158 2172; x_wconf 71' lang='grc' dir='ltr'>αξιωθεῖσι</span> <span class='ocrx_word' id='word_1_729' title='bbox 1175 2140 1225 2175; x_wconf 86' lang='grc' dir='ltr'>τῆς</span> <span class='ocrx_word' id='word_1_730' title='bbox 1239 2139 1410 2175; x_wconf 81' lang='grc' dir='ltr'>καθάρσεως.</span> <span class='ocrx_word' id='word_1_731' title='bbox 1422 2139 1494 2175; x_wconf 83' lang='grc' dir='ltr'>Πλὴν</span> <span class='ocrx_word' id='word_1_732' title='bbox 1510 2139 1536 2165; x_wconf 76' lang='grc' dir='ltr'>ετ</span> <span class='ocrx_word' id='word_1_733' title='bbox 1546 2148 1589 2171; x_wconf 86' lang='grc' dir='ltr'><strong>τις</strong></span> <span class='ocrx_word' id='word_1_734' title='bbox 1604 2141 1651 2166; x_wconf 73' lang='grc' dir='ltr'>καὶ</span> <span class='ocrx_word' id='word_1_735' title='bbox 1665 2141 1733 2176; x_wconf 80' lang='grc' dir='ltr'>πρὸς</span> <span class='ocrx_word' id='word_1_736' title='bbox 1747 2142 1814 2173; x_wconf 81' lang='grc' dir='ltr'>τοὺς</span> 
     </span>
    </p>
   </div>
   <div class='ocr_carea' id='block_1_104' title="bbox 986 2182 1813 2222">
    <p class='ocr_par' dir='ltr' id='par_1_104' title="bbox 986 2182 1813 2222">
     <span class='ocr_line' id='line_1_104' title="bbox 986 2182 1813 2222; baseline 0 -10"><span class='ocrx_word' id='word_1_737' title='bbox 986 2196 1007 2222; x_wconf 80' lang='grc' dir='ltr'><strong>ι)</strong></span> <span class='ocrx_word' id='word_1_738' title='bbox 1020 2182 1070 2221; x_wconf 69' lang='grc' dir='ltr'>ἤδη</span> <span class='ocrx_word' id='word_1_739' title='bbox 1088 2185 1305 2220; x_wconf 80' lang='grc' dir='ltr'>βαπτισαμένους</span> <span class='ocrx_word' id='word_1_740' title='bbox 1327 2185 1374 2211; x_wconf 75' lang='grc' dir='ltr'>τὸν</span> <span class='ocrx_word' id='word_1_741' title='bbox 1398 2184 1579 2220; x_wconf 85' lang='grc' dir='ltr'>προκείμενον</span> <span class='ocrx_word' id='word_1_742' title='bbox 1601 2185 1679 2220; x_wconf 86' lang='grc' dir='ltr'>λόγον</span> <span class='ocrx_word' id='word_1_743' title='bbox 1706 2187 1813 2221; x_wconf 77' lang='grc' dir='ltr'>ἁρμότ-</span> 
     </span>
    </p>
   </div>
   <div class='ocr_carea' id='block_1_105' title="bbox 1019 2229 1814 2266">
    <p class='ocr_par' dir='ltr' id='par_1_105' title="bbox 1019 2229 1814 2266">
     <span class='ocr_line' id='line_1_105' title="bbox 1019 2229 1814 2266; baseline 0.003 -10"><span class='ocrx_word' id='word_1_744' title='bbox 1019 2230 1151 2265; x_wconf 61' lang='lat' dir='ltr'><strong>«cavsam,</strong></span> <span class='ocrx_word' id='word_1_745' title='bbox 1163 2230 1223 2257; x_wconf 74' lang='grc' dir='ltr'>οὐδὲ</span> <span class='ocrx_word' id='word_1_746' title='bbox 1240 2230 1311 2256; x_wconf 84' lang='grc' dir='ltr'>τοῦτ’</span> <span class='ocrx_word' id='word_1_747' title='bbox 1325 2229 1358 2257; x_wconf 78' lang='grc' dir='ltr'>ἂν</span> <span class='ocrx_word' id='word_1_748' title='bbox 1370 2229 1399 2262; x_wconf 77' lang='grc' dir='ltr'>ἐξ</span> <span class='ocrx_word' id='word_1_749' title='bbox 1408 2230 1530 2264; x_wconf 76' lang='grc' dir='ltr'>ἀνάγκης</span> <span class='ocrx_word' id='word_1_750' title='bbox 1544 2229 1638 2265; x_wconf 83' lang='grc' dir='ltr'>ὀφθείη</span> <span class='ocrx_word' id='word_1_751' title='bbox 1654 2231 1703 2266; x_wconf 80' lang='grc' dir='ltr'>τὴν</span> <span class='ocrx_word' id='word_1_752' title='bbox 1714 2232 1814 2265; x_wconf 78' lang='grc' dir='ltr'>ἄφεσιν</span> 
     </span>
    </p>
   </div>
   <div class='ocr_carea' id='block_1_106' title="bbox 1020 2275 1812 2312">
    <p class='ocr_par' dir='ltr' id='par_1_106' title="bbox 1020 2275 1812 2312">
     <span class='ocr_line' id='line_1_106' title="bbox 1020 2275 1812 2312; baseline 0.001 -10"><span class='ocrx_word' id='word_1_753' title='bbox 1020 2276 1075 2302; x_wconf 82' lang='grc' dir='ltr'><strong>τῶν</strong></span> <span class='ocrx_word' id='word_1_754' title='bbox 1092 2276 1234 2310; x_wconf 75' lang='grc' dir='ltr'>ἁμαρτιῶν</span> <span class='ocrx_word' id='word_1_755' title='bbox 1251 2275 1297 2301; x_wconf 85' lang='grc' dir='ltr'>τοῦ</span> <span class='ocrx_word' id='word_1_756' title='bbox 1322 2275 1394 2301; x_wconf 79' lang='grc' dir='ltr'>κατὰ</span> <span class='ocrx_word' id='word_1_757' title='bbox 1415 2275 1462 2301; x_wconf 79' lang='grc' dir='ltr'><strong>τὸν</strong></span> <span class='ocrx_word' id='word_1_758' title='bbox 1477 2275 1634 2310; x_wconf 83' lang='grc' dir='ltr'>Πρόδρομον</span> <span class='ocrx_word' id='word_1_759' title='bbox 1653 2275 1812 2312; x_wconf 79' lang='grc' dir='ltr'>βαπτίσμα-</span> 
     </span>
    </p>
   </div>
   <div class='ocr_carea' id='block_1_107' title="bbox 1019 2320 1812 2357">
    <p class='ocr_par' dir='ltr' id='par_1_107' title="bbox 1019 2320 1812 2357">
     <span class='ocr_line' id='line_1_107' title="bbox 1019 2320 1812 2357; baseline 0.004 -10"><span class='ocrx_word' id='word_1_760' title='bbox 1019 2329 1064 2352; x_wconf 85' lang='grc' dir='ltr'><strong>τος</strong></span> <span class='ocrx_word' id='word_1_761' title='bbox 1084 2320 1294 2356; x_wconf 82' lang='grc' dir='ltr'>ἀφαιρούμενον.</span> <span class='ocrx_word' id='word_1_762' title='bbox 1313 2321 1346 2347; x_wconf 83' lang='grc' dir='ltr'><strong><em>Ἦ</em></strong></span> <span class='ocrx_word' id='word_1_763' title='bbox 1363 2321 1417 2356; x_wconf 84' lang='grc' dir='ltr'><strong>γὰρ</strong></span> <span class='ocrx_word' id='word_1_764' title='bbox 1438 2321 1613 2356; x_wconf 81' lang='grc' dir='ltr'>καρποφορία</span> <span class='ocrx_word' id='word_1_765' title='bbox 1633 2322 1688 2348; x_wconf 86' lang='grc' dir='ltr'>τῶν</span> <span class='ocrx_word' id='word_1_766' title='bbox 1704 2322 1812 2357; x_wconf 81' lang='grc' dir='ltr'>ἀρετῶν</span> 
     </span>
    </p>
   </div>
   <div class='ocr_carea' id='block_1_108' title="bbox 1020 2366 1811 2404">
    <p class='ocr_par' dir='ltr' id='par_1_108' title="bbox 1020 2366 1811 2404">
     <span class='ocr_line' id='line_1_108' title="bbox 1020 2366 1811 2404; baseline 0.001 -11"><span class='ocrx_word' id='word_1_767' title='bbox 1020 2366 1161 2402; x_wconf 76' lang='grc' dir='ltr'>ἐγγυτέρω</span> <span class='ocrx_word' id='word_1_768' title='bbox 1170 2366 1271 2400; x_wconf 78' lang='grc' dir='ltr'>μᾶλλόν</span> <span class='ocrx_word' id='word_1_769' title='bbox 1282 2367 1341 2392; x_wconf 74' lang='grc' dir='ltr'>ἔστι</span> <span class='ocrx_word' id='word_1_770' title='bbox 1349 2366 1400 2401; x_wconf 84' lang='grc' dir='ltr'>τῆς</span> <span class='ocrx_word' id='word_1_771' title='bbox 1408 2367 1620 2402; x_wconf 81' lang='grc' dir='ltr'>κεκαθαρμένης</span> <span class='ocrx_word' id='word_1_772' title='bbox 1630 2367 1730 2402; x_wconf 73' lang='grc' dir='ltr'>ψυχῆς,</span> <span class='ocrx_word' id='word_1_773' title='bbox 1738 2369 1811 2404; x_wconf 77' lang='grc' dir='ltr'>ἥπερ</span> 
     </span>
    </p>
   </div>
   <div class='ocr_carea' id='block_1_109' title="bbox 1021 2411 1812 2449">
    <p class='ocr_par' dir='ltr' id='par_1_109' title="bbox 1021 2411 1812 2449">
     <span class='ocr_line' id='line_1_109' title="bbox 1021 2411 1812 2449; baseline 0.003 -11"><span class='ocrx_word' id='word_1_774' title='bbox 1021 2413 1054 2447; x_wconf 76' lang='grc' dir='ltr'>ἢν</span> <span class='ocrx_word' id='word_1_775' title='bbox 1077 2412 1173 2438; x_wconf 68' lang='grc' dir='ltr'><strong>πολλαὶ⁹</strong></span> <span class='ocrx_word' id='word_1_776' title='bbox 1190 2411 1286 2439; x_wconf 83' lang='grc' dir='ltr'>παθῶν</span> <span class='ocrx_word' id='word_1_777' title='bbox 1318 2412 1434 2439; x_wconf 82' lang='grc' dir='ltr'>ἄκανθαι</span> <span class='ocrx_word' id='word_1_778' title='bbox 1454 2413 1502 2439; x_wconf 78' lang='grc' dir='ltr'>καὶ</span> <span class='ocrx_word' id='word_1_779' title='bbox 1526 2413 1702 2449; x_wconf 76' lang='grc' dir='ltr'>παραῳυάδες</span> <span class='ocrx_word' id='word_1_780' title='bbox 1730 2414 1812 2447; x_wconf 80' lang='grc' dir='ltr'>ζιζα-</span> 
     </span>
    </p>
   </div>
   <div class='ocr_carea' id='block_1_110' title="bbox 1021 2457 1810 2493">
    <p class='ocr_par' dir='ltr' id='par_1_110' title="bbox 1021 2457 1810 2493">
     <span class='ocr_line' id='line_1_110' title="bbox 1021 2457 1810 2493; baseline 0.003 -9"><span class='ocrx_word' id='word_1_781' title='bbox 1021 2458 1097 2490; x_wconf 87' lang='grc' dir='ltr'>νίων,</span> <span class='ocrx_word' id='word_1_782' title='bbox 1119 2457 1328 2493; x_wconf 82' lang='grc' dir='ltr'>λελυμασμένην</span> <span class='ocrx_word' id='word_1_783' title='bbox 1345 2466 1374 2484; x_wconf 88' lang='grc' dir='ltr'><strong>τε</strong></span> <span class='ocrx_word' id='word_1_784' title='bbox 1392 2459 1439 2484; x_wconf 76' lang='grc' dir='ltr'><strong>καὶ</strong></span> <span class='ocrx_word' id='word_1_785' title='bbox 1453 2458 1581 2493; x_wconf 82' lang='grc' dir='ltr'>ῥυπῶσαν</span> <span class='ocrx_word' id='word_1_786' title='bbox 1595 2459 1792 2493; x_wconf 76' lang='grc' dir='ltr'>ἐξειργάσαντο</span> <span class='ocrx_word' id='word_1_787' title='bbox 1803 2469 1810 2476; x_wconf 91' lang='grc'>·</span> 
     </span>
    </p>
   </div>
   <div class='ocr_carea' id='block_1_111' title="bbox 1020 2502 1812 2541">
    <p class='ocr_par' dir='ltr' id='par_1_111' title="bbox 1020 2502 1812 2541">
     <span class='ocr_line' id='line_1_111' title="bbox 1020 2502 1812 2541; baseline 0.004 -11"><span class='ocrx_word' id='word_1_788' title='bbox 1020 2503 1089 2530; x_wconf 84' lang='grc' dir='ltr'>ἀλλὰ</span> <span class='ocrx_word' id='word_1_789' title='bbox 1112 2502 1182 2538; x_wconf 80' lang='grc' dir='ltr'>αὕτη</span> <span class='ocrx_word' id='word_1_790' title='bbox 1204 2503 1254 2538; x_wconf 78' lang='grc' dir='ltr'>μὲν</span> <span class='ocrx_word' id='word_1_791' title='bbox 1272 2503 1289 2538; x_wconf 78' lang='grc' dir='ltr'>ἡ</span> <span class='ocrx_word' id='word_1_792' title='bbox 1308 2503 1407 2539; x_wconf 77' lang='grc' dir='ltr'>ἐκϐολὴ</span> <span class='ocrx_word' id='word_1_793' title='bbox 1432 2504 1480 2530; x_wconf 77' lang='grc' dir='ltr'>καὶ</span> <span class='ocrx_word' id='word_1_794' title='bbox 1509 2504 1569 2539; x_wconf 78' lang='grc' dir='ltr'>μετ’</span> <span class='ocrx_word' id='word_1_795' title='bbox 1580 2504 1670 2539; x_wconf 84' lang='grc' dir='ltr'>ὀλίγον</span> <span class='ocrx_word' id='word_1_796' title='bbox 1692 2506 1763 2541; x_wconf 83' lang='grc' dir='ltr'>τάχα</span> <span class='ocrx_word' id='word_1_797' title='bbox 1779 2506 1812 2533; x_wconf 88' lang='grc' dir='ltr'>ἂν</span> 
     </span>
    </p>
   </div>
   <div class='ocr_carea' id='block_1_112' title="bbox 1020 2548 1524 2585">
    <p class='ocr_par' dir='ltr' id='par_1_112' title="bbox 1020 2548 1524 2585">
     <span class='ocr_line' id='line_1_112' title="bbox 1020 2548 1524 2585; baseline 0.004 -10"><span class='ocrx_word' id='word_1_798' title='bbox 1020 2548 1089 2584; x_wconf 84' lang='grc' dir='ltr'>τύχῃ</span> <span class='ocrx_word' id='word_1_799' title='bbox 1104 2549 1152 2575; x_wconf 78' lang='grc' dir='ltr'>καὶ</span> <span class='ocrx_word' id='word_1_800' title='bbox 1164 2548 1333 2584; x_wconf 78' lang='grc' dir='ltr'>τελειοτέρας</span> <span class='ocrx_word' id='word_1_801' title='bbox 1351 2548 1524 2585; x_wconf 77' lang='grc' dir='ltr'>διακρίσεως.</span> 
     </span>
    </p>
   </div>
   <div class='ocr_carea' id='block_1_113' title="bbox 1057 2593 1812 2633">
    <p class='ocr_par' dir='ltr' id='par_1_113' title="bbox 1057 2593 1812 2633">
     <span class='ocr_line' id='line_1_113' title="bbox 1057 2593 1812 2633; baseline 0.005 -13"><span class='ocrx_word' id='word_1_802' title='bbox 1057 2594 1156 2620; x_wconf 82' lang='grc' dir='ltr'>Ὀτιδὲ</span> <span class='ocrx_word' id='word_1_803' title='bbox 1168 2594 1205 2629; x_wconf 84' lang='grc' dir='ltr'>μὴ</span> <span class='ocrx_word' id='word_1_804' title='bbox 1215 2594 1346 2629; x_wconf 84' lang='grc' dir='ltr'>παρεῖχεν</span> <span class='ocrx_word' id='word_1_805' title='bbox 1360 2593 1457 2628; x_wconf 78' lang='grc' dir='ltr'>ἄφεσιν</span> <span class='ocrx_word' id='word_1_806' title='bbox 1470 2594 1615 2630; x_wconf 81' lang='grc' dir='ltr'>ἁμαρτιῶν</span> <span class='ocrx_word' id='word_1_807' title='bbox 1629 2595 1659 2622; x_wconf 72' lang='grc' dir='ltr'>τὸ</span> <span class='ocrx_word' id='word_1_808' title='bbox 1675 2596 1722 2622; x_wconf 71' lang='grc' dir='ltr'><strong>τοῦ</strong></span> <span class='ocrx_word' id='word_1_809' title='bbox 1739 2598 1812 2633; x_wconf 80' lang='grc' dir='ltr'>Προ-</span> 
     </span>
    </p>
   </div>
   <div class='ocr_carea' id='block_1_114' title="bbox 1019 2639 1808 2678">
    <p class='ocr_par' dir='ltr' id='par_1_114' title="bbox 1019 2639 1808 2678">
     <span class='ocr_line' id='line_1_114' title="bbox 1019 2639 1808 2678; baseline 0.003 -11"><span class='ocrx_word' id='word_1_810' title='bbox 1019 2639 1119 2675; x_wconf 71' lang='grc' dir='ltr'>δρὸμου</span> <span class='ocrx_word' id='word_1_811' title='bbox 1131 2639 1281 2674; x_wconf 77' lang='grc' dir='ltr'>βάπτισμα,</span> <span class='ocrx_word' id='word_1_812' title='bbox 1298 2639 1344 2665; x_wconf 80' lang='grc' dir='ltr'>καὶ</span> <span class='ocrx_word' id='word_1_813' title='bbox 1358 2640 1372 2665; x_wconf 84' lang='grc' dir='ltr'>ὁ</span> <span class='ocrx_word' id='word_1_814' title='bbox 1386 2639 1491 2675; x_wconf 82' lang='grc' dir='ltr'>Σωτὴρ,</span> <span class='ocrx_word' id='word_1_815' title='bbox 1513 2640 1588 2674; x_wconf 78' lang='grc' dir='ltr'>φασὶ,</span> <span class='ocrx_word' id='word_1_816' title='bbox 1606 2640 1673 2675; x_wconf 78' lang='grc' dir='ltr'>πρὸς</span> <span class='ocrx_word' id='word_1_817' title='bbox 1687 2642 1808 2678; x_wconf 76' lang='grc' dir='ltr'>Νικόδη-</span> 
     </span>
    </p>
   </div>
   <div class='ocr_carea' id='block_1_115' title="bbox 1022 2683 1810 2722">
    <p class='ocr_par' dir='ltr' id='par_1_115' title="bbox 1022 2683 1810 2722">
     <span class='ocr_line' id='line_1_115' title="bbox 1022 2683 1810 2722; baseline 0.004 -11"><span class='ocrx_word' id='word_1_818' title='bbox 1022 2694 1072 2720; x_wconf 90' lang='grc' dir='ltr'><strong>μον</strong></span> <span class='ocrx_word' id='word_1_819' title='bbox 1095 2685 1285 2719; x_wconf 76' lang='grc' dir='ltr'>διαλεγὸμενος</span> <span class='ocrx_word' id='word_1_820' title='bbox 1306 2683 1372 2719; x_wconf 77' lang='grc' dir='ltr'>περὶ</span> <span class='ocrx_word' id='word_1_821' title='bbox 1393 2684 1601 2719; x_wconf 76' lang='grc' dir='ltr'>παλιγγενεσίας</span> <span class='ocrx_word' id='word_1_822' title='bbox 1624 2686 1810 2722; x_wconf 83' lang='grc' dir='ltr'>ὑπεδήλωσεν·</span> 
     </span>
    </p>
   </div>
   <div class='ocr_carea' id='block_1_116' title="bbox 1026 2729 1810 2767">
    <p class='ocr_par' dir='ltr' id='par_1_116' title="bbox 1026 2729 1810 2767">
     <span class='ocr_line' id='line_1_116' title="bbox 1026 2729 1810 2767; baseline 0.003 -9"><span class='ocrx_word' id='word_1_823' title='bbox 1026 2740 1036 2757; x_wconf 76' lang='lat' dir='ltr'><strong>t</strong></span> <span class='ocrx_word' id='word_1_824' title='bbox 1058 2731 1121 2758; x_wconf 70' lang='grc' dir='ltr'><strong>Ἐάν</strong></span> <span class='ocrx_word' id='word_1_825' title='bbox 1135 2739 1177 2762; x_wconf 82' lang='grc' dir='ltr'><strong>τις</strong></span> <span class='ocrx_word' id='word_1_826' title='bbox 1199 2730 1236 2766; x_wconf 84' lang='grc' dir='ltr'>μὴ</span> <span class='ocrx_word' id='word_1_827' title='bbox 1251 2730 1368 2765; x_wconf 86' lang='grc' dir='ltr'>γεννηθῇ</span> <span class='ocrx_word' id='word_1_828' title='bbox 1391 2729 1420 2762; x_wconf 70' lang='grc' dir='ltr'><strong>ἐξ</strong></span> <span class='ocrx_word' id='word_1_829' title='bbox 1450 2730 1543 2762; x_wconf 83' lang='grc' dir='ltr'>ὓδατος</span> <span class='ocrx_word' id='word_1_830' title='bbox 1571 2731 1618 2758; x_wconf 76' lang='grc' dir='ltr'>καὶ</span> <span class='ocrx_word' id='word_1_831' title='bbox 1639 2732 1810 2767; x_wconf 76' lang='grc' dir='ltr'>Πνεύματος,</span> 
     </span>
    </p>
   </div>
   <div class='ocr_carea' id='block_1_117' title="bbox 1022 2777 1811 2814">
    <p class='ocr_par' dir='ltr' id='par_1_117' title="bbox 1022 2777 1811 2814">
     <span class='ocr_line' id='line_1_117' title="bbox 1022 2777 1811 2814; baseline 0.003 -8"><span class='ocrx_word' id='word_1_832' title='bbox 1022 2779 1247 2814; x_wconf 67' lang='grc' dir='ltr'>ἀποφαινόμενος,</span> <span class='ocrx_word' id='word_1_833' title='bbox 1260 2778 1291 2805; x_wconf 77' lang='grc' dir='ltr'><strong>οὐ</strong></span> <span class='ocrx_word' id='word_1_834' title='bbox 1308 2778 1345 2814; x_wconf 82' lang='grc' dir='ltr'>μὴ</span> <span class='ocrx_word' id='word_1_835' title='bbox 1360 2777 1469 2814; x_wconf 73' lang='grc' dir='ltr'>εισέλθῃ</span> <span class='ocrx_word' id='word_1_836' title='bbox 1487 2779 1526 2810; x_wconf 82' lang='grc' dir='ltr'>εις</span> <span class='ocrx_word' id='word_1_837' title='bbox 1539 2778 1588 2814; x_wconf 78' lang='grc' dir='ltr'>τὴν</span> <span class='ocrx_word' id='word_1_838' title='bbox 1602 2778 1742 2814; x_wconf 82' lang='grc' dir='ltr'>βασιλείαν</span> <span class='ocrx_word' id='word_1_839' title='bbox 1756 2781 1811 2809; x_wconf 79' lang='grc' dir='ltr'><strong>τῶν</strong></span> 
     </span>
    </p>
   </div>
   <div class='ocr_carea' id='block_1_118' title="bbox 219 2836 967 2870">
    <p class='ocr_par' dir='ltr' id='par_1_118' title="bbox 219 2836 958 2870">
     <span class='ocr_line' id='line_1_118' title="bbox 219 2836 958 2870; baseline -0.001 -5"><span class='ocrx_word' id='word_1_840' title='bbox 219 2837 243 2854; x_wconf 76' lang='grc' dir='ltr'><strong>³ο</strong></span> <span class='ocrx_word' id='word_1_841' title='bbox 260 2836 343 2865; x_wconf 72' lang='lat' dir='ltr'><strong>Marc.</strong></span> <span class='ocrx_word' id='word_1_842' title='bbox 362 2845 381 2870; x_wconf 82' lang='grc' dir='ltr'>ι,</span> <span class='ocrx_word' id='word_1_843' title='bbox 397 2837 424 2865; x_wconf 89' lang='lat'><strong>8.</strong></span> <span class='ocrx_word' id='word_1_844' title='bbox 461 2837 483 2854; x_wconf 74' lang='lat'><strong>”</strong></span> <span class='ocrx_word' id='word_1_845' title='bbox 503 2837 568 2865; x_wconf 90' lang='lat' dir='ltr'><strong>Luc.</strong></span> <span class='ocrx_word' id='word_1_846' title='bbox 586 2846 626 2870; x_wconf 87' lang='grc' dir='ltr'>ιιι,</span> <span class='ocrx_word' id='word_1_847' title='bbox 642 2837 668 2865; x_wconf 78' lang='grc'><strong>5.</strong></span> <span class='ocrx_word' id='word_1_848' title='bbox 707 2838 729 2853; x_wconf 87' lang='grc'><strong>³²</strong></span> <span class='ocrx_word' id='word_1_849' title='bbox 748 2837 814 2865; x_wconf 89' lang='lat' dir='ltr'><strong>ibid.</strong></span> <span class='ocrx_word' id='word_1_850' title='bbox 853 2837 875 2853; x_wconf 87' lang='lat'>&quot;</span> <span class='ocrx_word' id='word_1_851' title='bbox 893 2836 958 2864; x_wconf 86' lang='lat' dir='ltr'><strong>ibid.</strong></span> 
     </span>
    </p>
   </div>
   <div class='ocr_carea' id='block_1_119' title="bbox 1055 2836 1169 2870">
    <p class='ocr_par' dir='ltr' id='par_1_119' title="bbox 1055 2836 1169 2864">
     <span class='ocr_line' id='line_1_119' title="bbox 1055 2836 1169 2864; baseline -0.009 -1"><span class='ocrx_word' id='word_1_852' title='bbox 1055 2845 1059 2863; x_wconf 92' lang='lat' dir='ltr'><strong>I</strong></span> <span class='ocrx_word' id='word_1_853' title='bbox 1078 2836 1169 2864; x_wconf 80' lang='lat' dir='ltr'><strong>lllarci.</strong></span> 
     </span>
    </p>
   </div>
  </div>
