  <div class='ocr_page' id='page_1' title='image "/cluster/home/n/w/nwhite01/storage/ocr_20150623/101/njp.32101077772877/172.png"; bbox 0 0 1882 3075; ppageno 0'>
   <div class='ocr_carea' id='block_1_1' title="bbox 78 143 116 175">
    <p class='ocr_par' dir='ltr' id='par_1_1' title="bbox 78 143 116 175">
     <span class='ocr_line' id='line_1_1' title="bbox 78 143 116 175; baseline -0.053 0"><span class='ocrx_word' id='word_1_1' title='bbox 78 143 116 175; x_wconf 70' lang='grc' dir='ltr'><strong>ΞΠ</strong></span> 
     </span>
    </p>
   </div>
   <div class='ocr_carea' id='block_1_2' title="bbox 513 136 1186 173">
    <p class='ocr_par' dir='ltr' id='par_1_2' title="bbox 513 136 1186 173">
     <span class='ocr_line' id='line_1_2' title="bbox 513 136 1186 173; baseline -0.003 -5"><span class='ocrx_word' id='word_1_2' title='bbox 513 138 563 168; x_wconf 85' lang='grc' dir='ltr'><strong>ΑΙ)</strong></span> <span class='ocrx_word' id='word_1_3' title='bbox 582 137 880 172; x_wconf 76' lang='lat' dir='ltr'><strong>AMPHILOCHIUM</strong></span> <span class='ocrx_word' id='word_1_4' title='bbox 891 136 1064 173; x_wconf 68' lang='lat' dir='ltr'><strong>QUIESTIO</strong></span> <span class='ocrx_word' id='word_1_5' title='bbox 1078 136 1186 166; x_wconf 76' lang='lat' dir='ltr'><strong>XXIX.</strong></span> 
     </span>
    </p>
   </div>
   <div class='ocr_carea' id='block_1_3' title="bbox 1603 133 1658 166">
    <p class='ocr_par' dir='ltr' id='par_1_3' title="bbox 1603 133 1658 166">
     <span class='ocr_line' id='line_1_3' title="bbox 1603 133 1658 166; baseline 0 0"><span class='ocrx_word' id='word_1_6' title='bbox 1603 133 1658 166; x_wconf 79' lang='grc'><strong>218</strong></span> 
     </span>
    </p>
   </div>
   <div class='ocr_carea' id='block_1_4' title="bbox 75 191 832 234">
    <p class='ocr_par' dir='ltr' id='par_1_4' title="bbox 75 193 825 234">
     <span class='ocr_line' id='line_1_4' title="bbox 75 193 825 234; baseline -0.005 -8"><span class='ocrx_word' id='word_1_7' title='bbox 75 197 179 234; x_wconf 72' lang='grc' dir='ltr'>οὐρανῶν.</span> <span class='ocrx_word' id='word_1_8' title='bbox 197 204 206 221; x_wconf 75' lang='grc' dir='ltr'><strong>ι</strong></span> <span class='ocrx_word' id='word_1_9' title='bbox 227 196 277 223; x_wconf 79' lang='grc' dir='ltr'><strong>Καὶ</strong></span> <span class='ocrx_word' id='word_1_10' title='bbox 300 194 354 230; x_wconf 76' lang='grc' dir='ltr'>μὴν</span> <span class='ocrx_word' id='word_1_11' title='bbox 376 195 391 221; x_wconf 86' lang='grc' dir='ltr'><strong>ὁ</strong></span> <span class='ocrx_word' id='word_1_12' title='bbox 404 193 532 228; x_wconf 82' lang='grc' dir='ltr'>Ἰωάννης</span> <span class='ocrx_word' id='word_1_13' title='bbox 550 196 585 220; x_wconf 65' lang='grc' dir='ltr'>ἐν</span> <span class='ocrx_word' id='word_1_14' title='bbox 609 195 748 230; x_wconf 82' lang='grc' dir='ltr'>Πνεύματι</span> <span class='ocrx_word' id='word_1_15' title='bbox 774 195 825 222; x_wconf 81' lang='grc' dir='ltr'>οὐκ</span> 
     </span>
    </p>
   </div>
   <div class='ocr_carea' id='block_1_5' title="bbox 920 191 1659 234">
    <p class='ocr_par' dir='ltr' id='par_1_5' title="bbox 920 191 1659 227">
     <span class='ocr_line' id='line_1_5' title="bbox 920 191 1659 227; baseline -0.001 -5"><span class='ocrx_word' id='word_1_16' title='bbox 920 201 959 222; x_wconf 81' lang='lat' dir='ltr'><strong>im</strong></span> <span class='ocrx_word' id='word_1_17' title='bbox 977 193 1108 222; x_wconf 54' lang='lat' dir='ltr'><strong>caelorum</strong></span> <span class='ocrx_word' id='word_1_18' title='bbox 1121 193 1154 220; x_wconf 79' lang='lat'><strong>“.</strong></span> <span class='ocrx_word' id='word_1_19' title='bbox 1170 202 1179 220; x_wconf 81' lang='grc' dir='ltr'><strong>ι</strong></span> <span class='ocrx_word' id='word_1_20' title='bbox 1206 193 1238 220; x_wconf 83' lang='lat' dir='ltr'><strong>Et</strong></span> <span class='ocrx_word' id='word_1_21' title='bbox 1250 191 1368 222; x_wconf 69' lang='lat' dir='ltr'><strong>Ioannes</strong></span> <span class='ocrx_word' id='word_1_22' title='bbox 1381 191 1490 227; x_wconf 82' lang='lat' dir='ltr'><strong>quidem</strong></span> <span class='ocrx_word' id='word_1_23' title='bbox 1514 191 1543 219; x_wconf 87' lang='lat' dir='ltr'><strong>in</strong></span> <span class='ocrx_word' id='word_1_24' title='bbox 1556 191 1659 227; x_wconf 84' lang='lat' dir='ltr'><strong>Spiritu</strong></span> 
     </span>
    </p>
   </div>
   <div class='ocr_carea' id='block_1_6' title="bbox 75 240 823 276">
    <p class='ocr_par' dir='ltr' id='par_1_6' title="bbox 75 240 823 276">
     <span class='ocr_line' id='line_1_6' title="bbox 75 240 823 276; baseline -0.007 -5"><span class='ocrx_word' id='word_1_25' title='bbox 75 244 201 275; x_wconf 73' lang='grc' dir='ltr'>ὲεάπτιζεν,</span> <span class='ocrx_word' id='word_1_26' title='bbox 223 241 315 268; x_wconf 78' lang='grc' dir='ltr'>οὐκοῦν</span> <span class='ocrx_word' id='word_1_27' title='bbox 341 241 402 267; x_wconf 75' lang='grc' dir='ltr'>οὐδὲ</span> <span class='ocrx_word' id='word_1_28' title='bbox 430 241 471 272; x_wconf 81' lang='grc' dir='ltr'><strong>εις</strong></span> <span class='ocrx_word' id='word_1_29' title='bbox 496 241 547 276; x_wconf 86' lang='grc' dir='ltr'>τὴν</span> <span class='ocrx_word' id='word_1_30' title='bbox 581 240 721 276; x_wconf 75' lang='grc' dir='ltr'>βασιλείαν</span> <span class='ocrx_word' id='word_1_31' title='bbox 750 249 823 276; x_wconf 87' lang='grc' dir='ltr'>παρ-</span> 
     </span>
    </p>
   </div>
   <div class='ocr_carea' id='block_1_7' title="bbox 75 286 823 324">
    <p class='ocr_par' dir='ltr' id='par_1_7' title="bbox 75 286 823 324">
     <span class='ocr_line' id='line_1_7' title="bbox 75 286 823 324; baseline -0.005 -8"><span class='ocrx_word' id='word_1_32' title='bbox 75 291 159 324; x_wconf 79' lang='grc' dir='ltr'>έπεμπε</span> <span class='ocrx_word' id='word_1_33' title='bbox 179 288 226 314; x_wconf 86' lang='grc' dir='ltr'>τῶν</span> <span class='ocrx_word' id='word_1_34' title='bbox 248 286 367 322; x_wconf 81' lang='grc' dir='ltr'>οὐρανῶν</span> <span class='ocrx_word' id='word_1_35' title='bbox 378 294 385 302; x_wconf 87' lang='grc'>·</span> <span class='ocrx_word' id='word_1_36' title='bbox 398 287 422 313; x_wconf 79' lang='grc' dir='ltr'>εἰ</span> <span class='ocrx_word' id='word_1_37' title='bbox 439 286 468 312; x_wconf 80' lang='grc' dir='ltr'><strong>δὲ</strong></span> <span class='ocrx_word' id='word_1_38' title='bbox 494 287 531 322; x_wconf 86' lang='grc' dir='ltr'>μὴ</span> <span class='ocrx_word' id='word_1_39' title='bbox 548 287 744 321; x_wconf 82' lang='grc' dir='ltr'>παρέπεμπεν,</span> <span class='ocrx_word' id='word_1_40' title='bbox 762 286 823 313; x_wconf 74' lang='grc' dir='ltr'><strong>οὐδὲ</strong></span> 
     </span>
    </p>
   </div>
   <div class='ocr_carea' id='block_1_8' title="bbox 77 331 728 370">
    <p class='ocr_par' dir='ltr' id='par_1_8' title="bbox 77 331 728 370">
     <span class='ocr_line' id='line_1_8' title="bbox 77 331 728 370; baseline -0.003 -10"><span class='ocrx_word' id='word_1_41' title='bbox 77 335 113 370; x_wconf 75' lang='grc' dir='ltr'>τὴν</span> <span class='ocrx_word' id='word_1_42' title='bbox 121 335 202 367; x_wconf 72' lang='grc' dir='ltr'>ἄφεσιν</span> <span class='ocrx_word' id='word_1_43' title='bbox 213 332 293 358; x_wconf 78' lang='grc' dir='ltr'><strong>ἐδίδου</strong></span> <span class='ocrx_word' id='word_1_44' title='bbox 306 331 360 358; x_wconf 81' lang='grc' dir='ltr'><strong>τῶν</strong></span> <span class='ocrx_word' id='word_1_45' title='bbox 374 331 535 358; x_wconf 76' lang='grc' dir='ltr'><strong>κωλυόντων</strong></span> <span class='ocrx_word' id='word_1_46' title='bbox 547 332 597 367; x_wconf 84' lang='grc' dir='ltr'><strong>τὴν</strong></span> <span class='ocrx_word' id='word_1_47' title='bbox 615 332 728 358; x_wconf 73' lang='grc' dir='ltr'>εἴσοδον.</span> 
     </span>
    </p>
   </div>
   <div class='ocr_carea' id='block_1_9' title="bbox 104 374 824 412">
    <p class='ocr_par' dir='ltr' id='par_1_9' title="bbox 104 374 824 412">
     <span class='ocr_line' id='line_1_9' title="bbox 104 374 824 412; baseline -0.001 -9"><span class='ocrx_word' id='word_1_48' title='bbox 104 378 140 410; x_wconf 74' lang='grc' dir='ltr'><strong>Ἐξ</strong></span> <span class='ocrx_word' id='word_1_49' title='bbox 153 377 193 404; x_wconf 74' lang='grc' dir='ltr'>οὖν</span> <span class='ocrx_word' id='word_1_50' title='bbox 206 376 255 402; x_wconf 85' lang='grc' dir='ltr'>τῶν</span> <span class='ocrx_word' id='word_1_51' title='bbox 269 376 432 412; x_wconf 80' lang='grc' dir='ltr'><strong>εἰρημένων,</strong></span> <span class='ocrx_word' id='word_1_52' title='bbox 452 377 500 403; x_wconf 75' lang='grc' dir='ltr'><strong>καὶ</strong></span> <span class='ocrx_word' id='word_1_53' title='bbox 521 376 555 403; x_wconf 82' lang='grc' dir='ltr'><strong>δι’</strong></span> <span class='ocrx_word' id='word_1_54' title='bbox 581 374 620 403; x_wconf 86' lang='grc' dir='ltr'>ὧν</span> <span class='ocrx_word' id='word_1_55' title='bbox 650 376 784 412; x_wconf 74' lang='grc' dir='ltr'><strong>προῆλθεν</strong></span> <span class='ocrx_word' id='word_1_56' title='bbox 807 376 824 410; x_wconf 82' lang='grc' dir='ltr'>ἡ</span> 
     </span>
    </p>
   </div>
   <div class='ocr_carea' id='block_1_10' title="bbox 74 421 826 458">
    <p class='ocr_par' dir='ltr' id='par_1_10' title="bbox 74 421 826 458">
     <span class='ocr_line' id='line_1_10' title="bbox 74 421 826 458; baseline -0.001 -9"><span class='ocrx_word' id='word_1_57' title='bbox 74 421 295 458; x_wconf 76' lang='grc' dir='ltr'>ἁμφισὸητημάτων</span> <span class='ocrx_word' id='word_1_58' title='bbox 310 421 477 456; x_wconf 80' lang='grc' dir='ltr'><strong>παράθεσις,</strong></span> <span class='ocrx_word' id='word_1_59' title='bbox 496 421 565 456; x_wconf 83' lang='grc' dir='ltr'>πρός</span> <span class='ocrx_word' id='word_1_60' title='bbox 580 429 610 447; x_wconf 83' lang='grc' dir='ltr'><strong>τε</strong></span> <span class='ocrx_word' id='word_1_61' title='bbox 627 421 678 456; x_wconf 83' lang='grc' dir='ltr'>τὴν</span> <span class='ocrx_word' id='word_1_62' title='bbox 691 421 796 447; x_wconf 82' lang='grc' dir='ltr'>δίαιταν</span> <span class='ocrx_word' id='word_1_63' title='bbox 811 422 826 448; x_wconf 86' lang='grc' dir='ltr'>ὁ</span> 
     </span>
    </p>
   </div>
   <div class='ocr_carea' id='block_1_11' title="bbox 73 465 825 502">
    <p class='ocr_par' dir='ltr' id='par_1_11' title="bbox 73 465 825 502">
     <span class='ocr_line' id='line_1_11' title="bbox 73 465 825 502; baseline -0.001 -9"><span class='ocrx_word' id='word_1_64' title='bbox 73 468 134 501; x_wconf 77' lang='grc' dir='ltr'>λόγος</span> <span class='ocrx_word' id='word_1_65' title='bbox 148 466 299 502; x_wconf 81' lang='grc' dir='ltr'><strong>ὡρμημένος</strong></span> <span class='ocrx_word' id='word_1_66' title='bbox 313 466 427 501; x_wconf 79' lang='grc' dir='ltr'><strong>ἐφέρετο</strong></span> <span class='ocrx_word' id='word_1_67' title='bbox 438 487 446 499; x_wconf 90' lang='grc'><strong>,</strong></span> <span class='ocrx_word' id='word_1_68' title='bbox 469 467 580 492; x_wconf 80' lang='grc' dir='ltr'><strong>σκοπεῖν</strong></span> <span class='ocrx_word' id='word_1_69' title='bbox 605 466 726 501; x_wconf 83' lang='grc' dir='ltr'>προσῆκε</span> <span class='ocrx_word' id='word_1_70' title='bbox 753 465 825 498; x_wconf 82' lang='grc' dir='ltr'>τινος</span> 
     </span>
    </p>
   </div>
   <div class='ocr_carea' id='block_1_12' title="bbox 74 510 825 547">
    <p class='ocr_par' dir='ltr' id='par_1_12' title="bbox 74 510 825 547">
     <span class='ocr_line' id='line_1_12' title="bbox 74 510 825 547; baseline -0.003 -9"><span class='ocrx_word' id='word_1_71' title='bbox 74 513 111 547; x_wconf 79' lang='grc' dir='ltr'>μὲν</span> <span class='ocrx_word' id='word_1_72' title='bbox 125 512 150 538; x_wconf 79' lang='grc' dir='ltr'>ὲν</span> <span class='ocrx_word' id='word_1_73' title='bbox 164 511 244 546; x_wconf 78' lang='grc' dir='ltr'>κέρδει</span> <span class='ocrx_word' id='word_1_74' title='bbox 260 510 479 546; x_wconf 79' lang='grc' dir='ltr'><strong>καταστήσομεν·</strong></span> <span class='ocrx_word' id='word_1_75' title='bbox 498 510 549 536; x_wconf 81' lang='grc' dir='ltr'>ποῦ</span> <span class='ocrx_word' id='word_1_76' title='bbox 563 510 591 536; x_wconf 82' lang='grc' dir='ltr'><strong>δὲ</strong></span> <span class='ocrx_word' id='word_1_77' title='bbox 605 510 760 546; x_wconf 83' lang='grc' dir='ltr'><strong>στησόμεθα</strong></span> <span class='ocrx_word' id='word_1_78' title='bbox 777 510 825 537; x_wconf 76' lang='grc' dir='ltr'>τοῦ</span> 
     </span>
    </p>
   </div>
   <div class='ocr_carea' id='block_1_13' title="bbox 73 556 826 592">
    <p class='ocr_par' dir='ltr' id='par_1_13' title="bbox 73 556 826 592">
     <span class='ocr_line' id='line_1_13' title="bbox 73 556 826 592; baseline -0.001 -9"><span class='ocrx_word' id='word_1_79' title='bbox 73 558 209 592; x_wconf 75' lang='grc' dir='ltr'><strong>ζητήματος,</strong></span> <span class='ocrx_word' id='word_1_80' title='bbox 228 557 273 582; x_wconf 80' lang='grc' dir='ltr'>καὶ</span> <span class='ocrx_word' id='word_1_81' title='bbox 300 556 367 591; x_wconf 80' lang='grc' dir='ltr'>πρὸς</span> <span class='ocrx_word' id='word_1_82' title='bbox 389 556 420 582; x_wconf 75' lang='grc' dir='ltr'>τὸ</span> <span class='ocrx_word' id='word_1_83' title='bbox 440 556 590 583; x_wconf 83' lang='grc' dir='ltr'>ἀσάλευτον</span> <span class='ocrx_word' id='word_1_84' title='bbox 605 557 621 591; x_wconf 84' lang='grc' dir='ltr'><strong>ἡ</strong></span> <span class='ocrx_word' id='word_1_85' title='bbox 635 556 739 583; x_wconf 79' lang='grc' dir='ltr'><strong>διάνοια</strong></span> <span class='ocrx_word' id='word_1_86' title='bbox 760 565 826 591; x_wconf 76' lang='grc' dir='ltr'>στη-</span> 
     </span>
    </p>
   </div>
   <div class='ocr_carea' id='block_1_14' title="bbox 73 601 826 638">
    <p class='ocr_par' dir='ltr' id='par_1_14' title="bbox 73 601 826 638">
     <span class='ocr_line' id='line_1_14' title="bbox 73 601 826 638; baseline 0.001 -10"><span class='ocrx_word' id='word_1_87' title='bbox 73 603 220 638; x_wconf 75' lang='grc' dir='ltr'>ριχθήσεται;</span> <span class='ocrx_word' id='word_1_88' title='bbox 247 602 327 628; x_wconf 79' lang='grc' dir='ltr'>Ἀλλὰ</span> <span class='ocrx_word' id='word_1_89' title='bbox 352 602 406 637; x_wconf 82' lang='grc' dir='ltr'>γὰρ</span> <span class='ocrx_word' id='word_1_90' title='bbox 421 601 474 637; x_wconf 85' lang='grc' dir='ltr'>πρό</span> <span class='ocrx_word' id='word_1_91' title='bbox 495 610 527 636; x_wconf 83' lang='grc' dir='ltr'><strong>γε</strong></span> <span class='ocrx_word' id='word_1_92' title='bbox 547 602 595 628; x_wconf 81' lang='grc' dir='ltr'>τοῦ</span> <span class='ocrx_word' id='word_1_93' title='bbox 616 602 709 634; x_wconf 79' lang='grc' dir='ltr'>τέλους</span> <span class='ocrx_word' id='word_1_94' title='bbox 723 602 826 637; x_wconf 80' lang='grc' dir='ltr'>βραχύς</span> 
     </span>
    </p>
   </div>
   <div class='ocr_carea' id='block_1_15' title="bbox 72 648 826 684">
    <p class='ocr_par' dir='ltr' id='par_1_15' title="bbox 72 648 826 684">
     <span class='ocr_line' id='line_1_15' title="bbox 72 648 826 684; baseline 0.001 -10"><span class='ocrx_word' id='word_1_95' title='bbox 72 657 103 679; x_wconf 76' lang='grc' dir='ltr'><strong>τις</strong></span> <span class='ocrx_word' id='word_1_96' title='bbox 112 648 264 683; x_wconf 65' lang='grc' dir='ltr'>προηγείσθω</span> <span class='ocrx_word' id='word_1_97' title='bbox 276 648 327 682; x_wconf 84' lang='grc' dir='ltr'>τῆς</span> <span class='ocrx_word' id='word_1_98' title='bbox 340 648 446 683; x_wconf 78' lang='grc' dir='ltr'><strong>διαίτης</strong></span> <span class='ocrx_word' id='word_1_99' title='bbox 460 648 539 682; x_wconf 80' lang='grc' dir='ltr'>λόγος</span> <span class='ocrx_word' id='word_1_100' title='bbox 556 649 636 684; x_wconf 84' lang='grc' dir='ltr'>μέχρι</span> <span class='ocrx_word' id='word_1_101' title='bbox 652 648 700 675; x_wconf 81' lang='grc' dir='ltr'>νῦν</span> <span class='ocrx_word' id='word_1_102' title='bbox 717 648 826 675; x_wconf 83' lang='grc' dir='ltr'>ὑπολει-</span> 
     </span>
    </p>
   </div>
   <div class='ocr_carea' id='block_1_16' title="bbox 72 693 827 730">
    <p class='ocr_par' dir='ltr' id='par_1_16' title="bbox 72 693 827 730">
     <span class='ocr_line' id='line_1_16' title="bbox 72 693 827 730; baseline 0.001 -11"><span class='ocrx_word' id='word_1_103' title='bbox 72 695 173 728; x_wconf 62' lang='lat' dir='ltr'><strong>stipam.</strong></span> <span class='ocrx_word' id='word_1_104' title='bbox 193 694 226 720; x_wconf 86' lang='grc' dir='ltr'><strong>Τό</strong></span> <span class='ocrx_word' id='word_1_105' title='bbox 244 702 272 720; x_wconf 83' lang='grc' dir='ltr'><strong>τε</strong></span> <span class='ocrx_word' id='word_1_106' title='bbox 295 693 350 729; x_wconf 76' lang='grc' dir='ltr'>γὰρ</span> <span class='ocrx_word' id='word_1_107' title='bbox 371 693 418 720; x_wconf 82' lang='grc' dir='ltr'><strong>τοῦ</strong></span> <span class='ocrx_word' id='word_1_108' title='bbox 436 693 581 720; x_wconf 77' lang='grc' dir='ltr'><strong>θεσπεσίου</strong></span> <span class='ocrx_word' id='word_1_109' title='bbox 600 694 715 730; x_wconf 78' lang='grc' dir='ltr'>Μάρκου</span> <span class='ocrx_word' id='word_1_110' title='bbox 738 694 827 727; x_wconf 75' lang='grc' dir='ltr'>λόγιον</span> 
     </span>
    </p>
   </div>
   <div class='ocr_carea' id='block_1_17' title="bbox 72 739 827 775">
    <p class='ocr_par' dir='ltr' id='par_1_17' title="bbox 72 739 827 775">
     <span class='ocr_line' id='line_1_17' title="bbox 72 739 827 775; baseline 0.001 -10"><span class='ocrx_word' id='word_1_111' title='bbox 72 739 132 775; x_wconf 79' lang='grc' dir='ltr'>διπλῇ</span> <span class='ocrx_word' id='word_1_112' title='bbox 152 739 338 772; x_wconf 77' lang='grc' dir='ltr'>ἀναὸαπτίζειν</span> <span class='ocrx_word' id='word_1_113' title='bbox 367 739 557 774; x_wconf 76' lang='grc' dir='ltr'><strong>βαπτίσματος</strong></span> <span class='ocrx_word' id='word_1_114' title='bbox 580 739 674 775; x_wconf 82' lang='grc' dir='ltr'>χρείαν</span> <span class='ocrx_word' id='word_1_115' title='bbox 703 739 827 771; x_wconf 73' lang='grc' dir='ltr'>ὲκῆιάζε-</span> 
     </span>
    </p>
   </div>
   <div class='ocr_carea' id='block_1_18' title="bbox 73 783 827 819">
    <p class='ocr_par' dir='ltr' id='par_1_18' title="bbox 73 783 827 819">
     <span class='ocr_line' id='line_1_18' title="bbox 73 783 827 819; baseline 0.001 -10"><span class='ocrx_word' id='word_1_116' title='bbox 73 784 118 809; x_wconf 85' lang='grc' dir='ltr'>σθαι</span> <span class='ocrx_word' id='word_1_117' title='bbox 133 783 181 818; x_wconf 68' lang='lat'><strong>(57)</strong></span> <span class='ocrx_word' id='word_1_118' title='bbox 199 784 237 819; x_wconf 84' lang='grc' dir='ltr'>(τὺ</span> <span class='ocrx_word' id='word_1_119' title='bbox 251 784 306 818; x_wconf 81' lang='grc' dir='ltr'><strong>γὰρ</strong></span> <span class='ocrx_word' id='word_1_120' title='bbox 322 784 378 819; x_wconf 83' lang='grc'><strong>(58)</strong></span> <span class='ocrx_word' id='word_1_121' title='bbox 393 784 440 810; x_wconf 83' lang='grc' dir='ltr'>τοῦ</span> <span class='ocrx_word' id='word_1_122' title='bbox 462 785 586 810; x_wconf 81' lang='grc' dir='ltr'>Ἰωάννου</span> <span class='ocrx_word' id='word_1_123' title='bbox 606 785 686 819; x_wconf 86' lang='grc' dir='ltr'>μόνον</span> <span class='ocrx_word' id='word_1_124' title='bbox 704 785 827 819; x_wconf 75' lang='grc' dir='ltr'>ἀὸιάστῳ</span> 
     </span>
    </p>
   </div>
   <div class='ocr_carea' id='block_1_19' title="bbox 72 829 824 866">
    <p class='ocr_par' dir='ltr' id='par_1_19' title="bbox 72 829 824 866">
     <span class='ocr_line' id='line_1_19' title="bbox 72 829 824 866; baseline 0.003 -13"><span class='ocrx_word' id='word_1_125' title='bbox 72 829 151 863; x_wconf 78' lang='grc' dir='ltr'>κρίσει,</span> <span class='ocrx_word' id='word_1_126' title='bbox 177 830 219 856; x_wconf 77' lang='grc' dir='ltr'>καὶ</span> <span class='ocrx_word' id='word_1_127' title='bbox 236 830 403 865; x_wconf 74' lang='grc' dir='ltr'>ἁποστολικῇ</span> <span class='ocrx_word' id='word_1_128' title='bbox 433 830 552 865; x_wconf 83' lang='grc' dir='ltr'><strong>φράσει,</strong></span> <span class='ocrx_word' id='word_1_129' title='bbox 583 830 824 866; x_wconf 71' lang='grc' dir='ltr'>ὲπισημαὶνεται)¹</span> 
     </span>
    </p>
   </div>
   <div class='ocr_carea' id='block_1_20' title="bbox 71 865 862 910">
    <p class='ocr_par' dir='ltr' id='par_1_20' title="bbox 71 865 862 910">
     <span class='ocr_line' id='line_1_20' title="bbox 71 865 862 910; baseline 0.003 -11"><span class='ocrx_word' id='word_1_130' title='bbox 71 874 106 899; x_wconf 78' lang='grc' dir='ltr'>καὶ</span> <span class='ocrx_word' id='word_1_131' title='bbox 117 873 144 908; x_wconf 75' lang='grc' dir='ltr'><strong>δὴ</strong></span> <span class='ocrx_word' id='word_1_132' title='bbox 158 875 198 900; x_wconf 84' lang='grc' dir='ltr'><strong>καὶ</strong></span> <span class='ocrx_word' id='word_1_133' title='bbox 209 874 237 900; x_wconf 80' lang='grc' dir='ltr'><strong>τὸ</strong></span> <span class='ocrx_word' id='word_1_134' title='bbox 253 874 491 909; x_wconf 80' lang='grc' dir='ltr'>ἀμφιϐαλλόμενον</span> <span class='ocrx_word' id='word_1_135' title='bbox 503 876 543 906; x_wconf 83' lang='grc' dir='ltr'><strong>εἰς</strong></span> <span class='ocrx_word' id='word_1_136' title='bbox 554 875 727 910; x_wconf 84' lang='grc' dir='ltr'>κατασκευὴν</span> <span class='ocrx_word' id='word_1_137' title='bbox 743 884 826 910; x_wconf 84' lang='grc' dir='ltr'>μετα·</span> <span class='ocrx_word' id='word_1_138' title='bbox 842 865 862 892; x_wconf 71' lang='grc' dir='ltr'>Β</span> 
     </span>
    </p>
   </div>
   <div class='ocr_carea' id='block_1_21' title="bbox 70 919 826 958">
    <p class='ocr_par' dir='ltr' id='par_1_21' title="bbox 70 919 826 958">
     <span class='ocr_line' id='line_1_21' title="bbox 70 919 826 958; baseline 0.005 -13"><span class='ocrx_word' id='word_1_139' title='bbox 70 919 189 954; x_wconf 62' lang='grc' dir='ltr'>λαμὸάνειν</span> <span class='ocrx_word' id='word_1_140' title='bbox 201 920 317 953; x_wconf 79' lang='grc' dir='ltr'>διανοίας</span> <span class='ocrx_word' id='word_1_141' title='bbox 330 921 398 956; x_wconf 77' lang='grc' dir='ltr'>πρὸς</span> <span class='ocrx_word' id='word_1_142' title='bbox 408 921 537 956; x_wconf 85' lang='grc' dir='ltr'>διάφορον</span> <span class='ocrx_word' id='word_1_143' title='bbox 549 921 694 956; x_wconf 80' lang='grc' dir='ltr'>ὁμολογίαν</span> <span class='ocrx_word' id='word_1_144' title='bbox 708 923 826 958; x_wconf 70' lang='grc' dir='ltr'>ἐναρμο-</span> 
     </span>
    </p>
   </div>
   <div class='ocr_carea' id='block_1_22' title="bbox 70 964 828 1003">
    <p class='ocr_par' dir='ltr' id='par_1_22' title="bbox 70 964 828 1003">
     <span class='ocr_line' id='line_1_22' title="bbox 70 964 828 1003; baseline 0.005 -12"><span class='ocrx_word' id='word_1_145' title='bbox 70 964 174 1000; x_wconf 82' lang='grc' dir='ltr'>ζομένης,</span> <span class='ocrx_word' id='word_1_146' title='bbox 186 966 363 993; x_wconf 78' lang='grc' dir='ltr'>ἀνακόλουθον</span> <span class='ocrx_word' id='word_1_147' title='bbox 373 975 380 981; x_wconf 88' lang='grc'><strong>·</strong></span> <span class='ocrx_word' id='word_1_148' title='bbox 393 967 548 994; x_wconf 81' lang='grc' dir='ltr'>τούναντίον</span> <span class='ocrx_word' id='word_1_149' title='bbox 561 967 614 1002; x_wconf 85' lang='grc' dir='ltr'><strong>γὰρ</strong></span> <span class='ocrx_word' id='word_1_150' title='bbox 626 967 698 994; x_wconf 82' lang='grc' dir='ltr'>ἆπαν</span> <span class='ocrx_word' id='word_1_151' title='bbox 708 967 739 994; x_wconf 87' lang='grc' dir='ltr'>τδ</span> <span class='ocrx_word' id='word_1_152' title='bbox 752 970 828 1003; x_wconf 75' lang='grc' dir='ltr'>μονό·</span> 
     </span>
    </p>
   </div>
   <div class='ocr_carea' id='block_1_23' title="bbox 69 1011 828 1047">
    <p class='ocr_par' dir='ltr' id='par_1_23' title="bbox 69 1011 828 1047">
     <span class='ocr_line' id='line_1_23' title="bbox 69 1011 828 1047; baseline 0.005 -11"><span class='ocrx_word' id='word_1_153' title='bbox 69 1018 148 1044; x_wconf 79' lang='grc' dir='ltr'>τροπον</span> <span class='ocrx_word' id='word_1_154' title='bbox 161 1011 210 1037; x_wconf 87' lang='grc' dir='ltr'>τῶν</span> <span class='ocrx_word' id='word_1_155' title='bbox 235 1011 315 1047; x_wconf 75' lang='grc' dir='ltr'>ιερῶν</span> <span class='ocrx_word' id='word_1_156' title='bbox 343 1012 473 1047; x_wconf 76' lang='grc' dir='ltr'>ῥημάτων</span> <span class='ocrx_word' id='word_1_157' title='bbox 497 1012 545 1039; x_wconf 81' lang='grc' dir='ltr'><strong>τοῦ</strong></span> <span class='ocrx_word' id='word_1_158' title='bbox 561 1013 665 1045; x_wconf 82' lang='grc' dir='ltr'>Λουκᾶ,</span> <span class='ocrx_word' id='word_1_159' title='bbox 691 1013 726 1040; x_wconf 83' lang='grc' dir='ltr'><strong>δι’</strong></span> <span class='ocrx_word' id='word_1_160' title='bbox 748 1011 785 1040; x_wconf 78' lang='grc' dir='ltr'>ὧν</span> <span class='ocrx_word' id='word_1_161' title='bbox 799 1014 828 1040; x_wconf 82' lang='grc' dir='ltr'>ἓν</span> 
     </span>
    </p>
   </div>
   <div class='ocr_carea' id='block_1_24' title="bbox 71 1055 828 1094">
    <p class='ocr_par' dir='ltr' id='par_1_24' title="bbox 71 1055 828 1094">
     <span class='ocr_line' id='line_1_24' title="bbox 71 1055 828 1094; baseline 0.005 -12"><span class='ocrx_word' id='word_1_162' title='bbox 71 1055 187 1091; x_wconf 76' lang='grc' dir='ltr'>βάπτισμα</span> <span class='ocrx_word' id='word_1_163' title='bbox 200 1057 229 1083; x_wconf 83' lang='grc' dir='ltr'><strong>τὺ</strong></span> <span class='ocrx_word' id='word_1_164' title='bbox 243 1057 290 1084; x_wconf 83' lang='grc' dir='ltr'>τοῦ</span> <span class='ocrx_word' id='word_1_165' title='bbox 312 1058 435 1085; x_wconf 84' lang='grc' dir='ltr'>Ἰωάννου</span> <span class='ocrx_word' id='word_1_166' title='bbox 447 1060 528 1093; x_wconf 74' lang='grc' dir='ltr'>μόνον</span> <span class='ocrx_word' id='word_1_167' title='bbox 535 1058 642 1094; x_wconf 82' lang='grc' dir='ltr'>τρανῶς</span> <span class='ocrx_word' id='word_1_168' title='bbox 657 1059 828 1094; x_wconf 83' lang='grc' dir='ltr'>ἀπαγγέλλε-</span> 
     </span>
    </p>
   </div>
   <div class='ocr_carea' id='block_1_25' title="bbox 70 1103 828 1141">
    <p class='ocr_par' dir='ltr' id='par_1_25' title="bbox 70 1103 828 1141">
     <span class='ocr_line' id='line_1_25' title="bbox 70 1103 828 1141; baseline 0.005 -13"><span class='ocrx_word' id='word_1_169' title='bbox 70 1110 111 1134; x_wconf 81' lang='grc' dir='ltr'>ται,</span> <span class='ocrx_word' id='word_1_170' title='bbox 126 1104 166 1129; x_wconf 79' lang='grc' dir='ltr'>καὶ</span> <span class='ocrx_word' id='word_1_171' title='bbox 183 1103 235 1130; x_wconf 79' lang='grc' dir='ltr'><strong>τῶν</strong></span> <span class='ocrx_word' id='word_1_172' title='bbox 251 1104 460 1139; x_wconf 81' lang='grc' dir='ltr'>ἁμαρτημάτων</span> <span class='ocrx_word' id='word_1_173' title='bbox 476 1105 493 1140; x_wconf 80' lang='grc' dir='ltr'>ἡ</span> <span class='ocrx_word' id='word_1_174' title='bbox 515 1104 612 1139; x_wconf 79' lang='grc' dir='ltr'>ἄφεσις</span> <span class='ocrx_word' id='word_1_175' title='bbox 638 1105 828 1141; x_wconf 83' lang='grc' dir='ltr'>παραδίδοται.</span> 
     </span>
    </p>
   </div>
   <div class='ocr_carea' id='block_1_26' title="bbox 71 1147 828 1187">
    <p class='ocr_par' dir='ltr' id='par_1_26' title="bbox 71 1147 828 1187">
     <span class='ocr_line' id='line_1_26' title="bbox 71 1147 828 1187; baseline 0.005 -14"><span class='ocrx_word' id='word_1_176' title='bbox 71 1147 137 1174; x_wconf 76' lang='grc' dir='ltr'>Τοῦτο</span> <span class='ocrx_word' id='word_1_177' title='bbox 154 1149 247 1183; x_wconf 85' lang='grc' dir='ltr'>μᾶλλον</span> <span class='ocrx_word' id='word_1_178' title='bbox 263 1149 345 1184; x_wconf 72' lang='grc' dir='ltr'>εἴπερ</span> <span class='ocrx_word' id='word_1_179' title='bbox 359 1149 421 1175; x_wconf 81' lang='grc' dir='ltr'>τινὰ</span> <span class='ocrx_word' id='word_1_180' title='bbox 442 1150 490 1176; x_wconf 75' lang='grc' dir='ltr'>καὶ</span> <span class='ocrx_word' id='word_1_181' title='bbox 510 1150 675 1185; x_wconf 71' lang='grc' dir='ltr'>ἀμφιϐολίαν</span> <span class='ocrx_word' id='word_1_182' title='bbox 694 1151 828 1187; x_wconf 77' lang='grc' dir='ltr'>μερισμοῦ</span> 
     </span>
    </p>
   </div>
   <div class='ocr_carea' id='block_1_27' title="bbox 71 1195 830 1232">
    <p class='ocr_par' dir='ltr' id='par_1_27' title="bbox 71 1195 830 1232">
     <span class='ocr_line' id='line_1_27' title="bbox 71 1195 830 1232; baseline 0.005 -13"><span class='ocrx_word' id='word_1_183' title='bbox 71 1195 174 1229; x_wconf 79' lang='grc' dir='ltr'>παρεῖχεν</span> <span class='ocrx_word' id='word_1_184' title='bbox 191 1195 223 1221; x_wconf 74' lang='grc' dir='ltr'><strong>τὰ</strong></span> <span class='ocrx_word' id='word_1_185' title='bbox 236 1195 282 1222; x_wconf 85' lang='grc' dir='ltr'>τοῦ</span> <span class='ocrx_word' id='word_1_186' title='bbox 300 1196 437 1230; x_wconf 84' lang='grc' dir='ltr'>μακαρίου</span> <span class='ocrx_word' id='word_1_187' title='bbox 455 1196 569 1231; x_wconf 90' lang='grc' dir='ltr'>Μάρκου</span> <span class='ocrx_word' id='word_1_188' title='bbox 584 1197 706 1232; x_wconf 76' lang='grc' dir='ltr'>ῥήματα,</span> <span class='ocrx_word' id='word_1_189' title='bbox 727 1198 767 1228; x_wconf 83' lang='grc' dir='ltr'><strong>εις</strong></span> <span class='ocrx_word' id='word_1_190' title='bbox 780 1197 830 1232; x_wconf 83' lang='grc' dir='ltr'>τὴν</span> 
     </span>
    </p>
   </div>
   <div class='ocr_carea' id='block_1_28' title="bbox 70 1238 830 1278">
    <p class='ocr_par' dir='ltr' id='par_1_28' title="bbox 70 1238 830 1278">
     <span class='ocr_line' id='line_1_28' title="bbox 70 1238 830 1278; baseline 0.007 -14"><span class='ocrx_word' id='word_1_191' title='bbox 70 1238 105 1264; x_wconf 79' lang='grc' dir='ltr'>τοῦ</span> <span class='ocrx_word' id='word_1_192' title='bbox 117 1240 167 1271; x_wconf 75' lang='grc' dir='ltr'>ὲνος</span> <span class='ocrx_word' id='word_1_193' title='bbox 180 1240 210 1267; x_wconf 79' lang='grc' dir='ltr'>ἂν</span> <span class='ocrx_word' id='word_1_194' title='bbox 220 1240 324 1267; x_wconf 80' lang='grc' dir='ltr'>ίθύνετό</span> <span class='ocrx_word' id='word_1_195' title='bbox 335 1249 363 1267; x_wconf 88' lang='grc' dir='ltr'><strong>τε</strong></span> <span class='ocrx_word' id='word_1_196' title='bbox 382 1241 431 1268; x_wconf 75' lang='grc' dir='ltr'>καὶ</span> <span class='ocrx_word' id='word_1_197' title='bbox 442 1241 659 1276; x_wconf 81' lang='grc' dir='ltr'>συναπηρτίζετο</span> <span class='ocrx_word' id='word_1_198' title='bbox 674 1243 830 1278; x_wconf 84' lang='grc' dir='ltr'>βαπτίσμα-</span> 
     </span>
    </p>
   </div>
   <div class='ocr_carea' id='block_1_29' title="bbox 70 1283 831 1321">
    <p class='ocr_par' dir='ltr' id='par_1_29' title="bbox 70 1283 831 1321">
     <span class='ocr_line' id='line_1_29' title="bbox 70 1283 831 1321; baseline 0.008 -12"><span class='ocrx_word' id='word_1_199' title='bbox 70 1291 103 1314; x_wconf 79' lang='grc' dir='ltr'><strong>τος</strong></span> <span class='ocrx_word' id='word_1_200' title='bbox 113 1283 224 1319; x_wconf 75' lang='grc' dir='ltr'>δήλωσιν.</span> <span class='ocrx_word' id='word_1_201' title='bbox 237 1285 321 1312; x_wconf 78' lang='grc' dir='ltr'>Ἀλλὰ</span> <span class='ocrx_word' id='word_1_202' title='bbox 332 1286 386 1321; x_wconf 81' lang='grc' dir='ltr'><strong>γὰρ</strong></span> <span class='ocrx_word' id='word_1_203' title='bbox 396 1286 444 1312; x_wconf 79' lang='grc' dir='ltr'>καὶ</span> <span class='ocrx_word' id='word_1_204' title='bbox 458 1287 489 1312; x_wconf 80' lang='grc' dir='ltr'>τὸ</span> <span class='ocrx_word' id='word_1_205' title='bbox 505 1287 534 1312; x_wconf 86' lang='grc' dir='ltr'>ὲν</span> <span class='ocrx_word' id='word_1_206' title='bbox 546 1287 623 1313; x_wconf 83' lang='grc' dir='ltr'>ὕδατι</span> <span class='ocrx_word' id='word_1_207' title='bbox 634 1287 773 1321; x_wconf 80' lang='grc' dir='ltr'>βαπτίζειν</span> <span class='ocrx_word' id='word_1_208' title='bbox 785 1288 831 1315; x_wconf 80' lang='grc' dir='ltr'>τὸν</span> 
     </span>
    </p>
   </div>
   <div class='ocr_carea' id='block_1_30' title="bbox 75 1329 832 1368">
    <p class='ocr_par' dir='ltr' id='par_1_30' title="bbox 75 1329 832 1368">
     <span class='ocr_line' id='line_1_30' title="bbox 75 1329 832 1368; baseline 0.007 -13"><span class='ocrx_word' id='word_1_209' title='bbox 75 1329 227 1365; x_wconf 71' lang='grc' dir='ltr'>ἰωάννην,ὲν</span> <span class='ocrx_word' id='word_1_210' title='bbox 237 1332 380 1367; x_wconf 77' lang='grc' dir='ltr'>Πνεύματι</span> <span class='ocrx_word' id='word_1_211' title='bbox 400 1332 427 1359; x_wconf 81' lang='grc' dir='ltr'><strong>δὲ</strong></span> <span class='ocrx_word' id='word_1_212' title='bbox 450 1333 496 1359; x_wconf 77' lang='grc' dir='ltr'><strong>τὸν</strong></span> <span class='ocrx_word' id='word_1_213' title='bbox 528 1333 641 1368; x_wconf 84' lang='grc' dir='ltr'>Ἰησοῦν,</span> <span class='ocrx_word' id='word_1_214' title='bbox 670 1333 700 1360; x_wconf 84' lang='grc' dir='ltr'>τὸ</span> <span class='ocrx_word' id='word_1_215' title='bbox 718 1333 832 1368; x_wconf 82' lang='grc' dir='ltr'>μέγεθος</span> 
     </span>
    </p>
   </div>
   <div class='ocr_carea' id='block_1_31' title="bbox 69 1375 832 1415">
    <p class='ocr_par' dir='ltr' id='par_1_31' title="bbox 69 1375 832 1415">
     <span class='ocr_line' id='line_1_31' title="bbox 69 1375 832 1415; baseline 0.007 -14"><span class='ocrx_word' id='word_1_216' title='bbox 69 1375 132 1410; x_wconf 77' lang='grc' dir='ltr'>ἴσμεν</span> <span class='ocrx_word' id='word_1_217' title='bbox 140 1377 184 1411; x_wconf 88' lang='grc' dir='ltr'>τῆς</span> <span class='ocrx_word' id='word_1_218' title='bbox 197 1378 343 1412; x_wconf 74' lang='grc' dir='ltr'>διαφορᾶς,</span> <span class='ocrx_word' id='word_1_219' title='bbox 360 1378 407 1405; x_wconf 76' lang='grc' dir='ltr'>καὶ</span> <span class='ocrx_word' id='word_1_220' title='bbox 421 1379 451 1405; x_wconf 78' lang='grc' dir='ltr'>τὸ</span> <span class='ocrx_word' id='word_1_221' title='bbox 464 1379 536 1406; x_wconf 79' lang='grc' dir='ltr'>κατὰ</span> <span class='ocrx_word' id='word_1_222' title='bbox 560 1380 722 1415; x_wconf 78' lang='grc' dir='ltr'>παραδολὴν</span> <span class='ocrx_word' id='word_1_223' title='bbox 745 1380 832 1414; x_wconf 83' lang='grc' dir='ltr'><strong>ἀσύγ-</strong></span> 
     </span>
    </p>
   </div>
   <div class='ocr_carea' id='block_1_32' title="bbox 68 1421 834 1460">
    <p class='ocr_par' dir='ltr' id='par_1_32' title="bbox 68 1421 834 1460">
     <span class='ocr_line' id='line_1_32' title="bbox 68 1421 834 1460; baseline 0.007 -13"><span class='ocrx_word' id='word_1_224' title='bbox 68 1430 142 1456; x_wconf 79' lang='grc' dir='ltr'>κριτον</span> <span class='ocrx_word' id='word_1_225' title='bbox 148 1422 322 1457; x_wconf 73' lang='grc' dir='ltr'>ἀπαγγέλλει,</span> <span class='ocrx_word' id='word_1_226' title='bbox 328 1421 360 1451; x_wconf 72' lang='grc' dir='ltr'>οὗ</span> <span class='ocrx_word' id='word_1_227' title='bbox 372 1424 420 1459; x_wconf 83' lang='grc' dir='ltr'>τὴν</span> <span class='ocrx_word' id='word_1_228' title='bbox 433 1424 531 1458; x_wconf 73' lang='grc' dir='ltr'>ἄφεσιν</span> <span class='ocrx_word' id='word_1_229' title='bbox 539 1425 593 1451; x_wconf 84' lang='grc' dir='ltr'>τῶν</span> <span class='ocrx_word' id='word_1_230' title='bbox 601 1425 742 1460; x_wconf 80' lang='grc' dir='ltr'>ἁμαρτιῶν</span> <span class='ocrx_word' id='word_1_231' title='bbox 749 1427 834 1460; x_wconf 79' lang='grc' dir='ltr'>άφαιο</span> 
     </span>
    </p>
   </div>
   <div class='ocr_carea' id='block_1_33' title="bbox 69 1468 834 1505">
    <p class='ocr_par' dir='ltr' id='par_1_33' title="bbox 69 1468 834 1505">
     <span class='ocr_line' id='line_1_33' title="bbox 69 1468 834 1505; baseline 0.007 -13"><span class='ocrx_word' id='word_1_232' title='bbox 69 1468 138 1501; x_wconf 68' lang='lat' dir='ltr'><strong>ptitur.</strong></span> <span class='ocrx_word' id='word_1_233' title='bbox 146 1469 190 1504; x_wconf 81' lang='grc' dir='ltr'>τῆς</span> <span class='ocrx_word' id='word_1_234' title='bbox 205 1469 363 1504; x_wconf 84' lang='grc' dir='ltr'>ἱερουργίας</span> <span class='ocrx_word' id='word_1_235' title='bbox 382 1469 520 1497; x_wconf 84' lang='grc' dir='ltr'>Ἰωάννου.</span> <span class='ocrx_word' id='word_1_236' title='bbox 538 1471 593 1496; x_wconf 65' lang='grc' dir='ltr'>Ναὶ</span> <span class='ocrx_word' id='word_1_237' title='bbox 610 1471 638 1497; x_wconf 75' lang='grc' dir='ltr'><strong>δὲ</strong></span> <span class='ocrx_word' id='word_1_238' title='bbox 656 1470 746 1497; x_wconf 82' lang='grc' dir='ltr'>καὶτὸ</span> <span class='ocrx_word' id='word_1_239' title='bbox 764 1471 834 1505; x_wconf 71' lang='grc' dir='ltr'>μετὰ</span> 
     </span>
    </p>
   </div>
   <div class='ocr_carea' id='block_1_34' title="bbox 875 239 1658 275">
    <p class='ocr_par' dir='ltr' id='par_1_34' title="bbox 875 239 1658 275">
     <span class='ocr_line' id='line_1_34' title="bbox 875 239 1658 275; baseline -0.004 -6"><span class='ocrx_word' id='word_1_240' title='bbox 875 249 930 269; x_wconf 87' lang='lat' dir='ltr'><strong>non</strong></span> <span class='ocrx_word' id='word_1_241' title='bbox 948 241 1100 275; x_wconf 70' lang='lat' dir='ltr'><strong>baptizabat</strong></span> <span class='ocrx_word' id='word_1_242' title='bbox 1114 263 1123 273; x_wconf 96' lang='lat'><strong>,</strong></span> <span class='ocrx_word' id='word_1_243' title='bbox 1147 239 1220 273; x_wconf 78' lang='lat' dir='ltr'><strong>unde</strong></span> <span class='ocrx_word' id='word_1_244' title='bbox 1237 246 1288 266; x_wconf 85' lang='lat' dir='ltr'><strong>nec</strong></span> <span class='ocrx_word' id='word_1_245' title='bbox 1307 239 1471 266; x_wconf 85' lang='lat' dir='ltr'><strong>immittebat</strong></span> <span class='ocrx_word' id='word_1_246' title='bbox 1495 239 1521 266; x_wconf 90' lang='lat' dir='ltr'><strong>in</strong></span> <span class='ocrx_word' id='word_1_247' title='bbox 1546 247 1658 274; x_wconf 79' lang='lat' dir='ltr'><strong>regnum</strong></span> 
     </span>
    </p>
   </div>
   <div class='ocr_carea' id='block_1_35' title="bbox 876 285 1660 321">
    <p class='ocr_par' dir='ltr' id='par_1_35' title="bbox 876 285 1660 321">
     <span class='ocr_line' id='line_1_35' title="bbox 876 285 1660 321; baseline -0.001 -8"><span class='ocrx_word' id='word_1_248' title='bbox 876 286 1008 314; x_wconf 71' lang='lat' dir='ltr'><strong>cmlorum</strong></span> <span class='ocrx_word' id='word_1_249' title='bbox 1026 295 1032 313; x_wconf 89' lang='lat'><strong>:</strong></span> <span class='ocrx_word' id='word_1_250' title='bbox 1046 287 1117 321; x_wconf 88' lang='lat' dir='ltr'><strong>quod</strong></span> <span class='ocrx_word' id='word_1_251' title='bbox 1137 286 1161 313; x_wconf 89' lang='lat' dir='ltr'><strong>si</strong></span> <span class='ocrx_word' id='word_1_252' title='bbox 1178 293 1232 312; x_wconf 83' lang='lat' dir='ltr'><strong>non</strong></span> <span class='ocrx_word' id='word_1_253' title='bbox 1249 285 1420 317; x_wconf 72' lang='lat' dir='ltr'><strong>inminebat,</strong></span> <span class='ocrx_word' id='word_1_254' title='bbox 1431 290 1503 312; x_wconf 87' lang='lat' dir='ltr'><strong>certe</strong></span> <span class='ocrx_word' id='word_1_255' title='bbox 1516 292 1604 320; x_wconf 86' lang='lat' dir='ltr'><strong>neque</strong></span> <span class='ocrx_word' id='word_1_256' title='bbox 1615 285 1660 312; x_wconf 82' lang='lat' dir='ltr'><strong>illa</strong></span> 
     </span>
    </p>
   </div>
   <div class='ocr_carea' id='block_1_36' title="bbox 875 331 1577 368">
    <p class='ocr_par' dir='ltr' id='par_1_36' title="bbox 875 331 1577 368">
     <span class='ocr_line' id='line_1_36' title="bbox 875 331 1577 368; baseline -0.001 -9"><span class='ocrx_word' id='word_1_257' title='bbox 875 332 1039 365; x_wconf 82' lang='lat' dir='ltr'><strong>dimittebat,</strong></span> <span class='ocrx_word' id='word_1_258' title='bbox 1057 339 1071 359; x_wconf 72' lang='grc' dir='ltr'>ι</span> <span class='ocrx_word' id='word_1_259' title='bbox 1089 332 1188 368; x_wconf 80' lang='lat' dir='ltr'><strong>quibus</strong></span> <span class='ocrx_word' id='word_1_260' title='bbox 1199 332 1340 367; x_wconf 76' lang='lat' dir='ltr'><strong>ingressus</strong></span> <span class='ocrx_word' id='word_1_261' title='bbox 1353 331 1577 365; x_wconf 69' lang='lat' dir='ltr'><strong>praeludebatur.</strong></span> 
     </span>
    </p>
   </div>
   <div class='ocr_carea' id='block_1_37' title="bbox 911 378 1660 413">
    <p class='ocr_par' dir='ltr' id='par_1_37' title="bbox 911 378 1660 413">
     <span class='ocr_line' id='line_1_37' title="bbox 911 378 1660 413; baseline -0.001 -7"><span class='ocrx_word' id='word_1_262' title='bbox 911 378 950 406; x_wconf 77' lang='lat' dir='ltr'><strong>Ex</strong></span> <span class='ocrx_word' id='word_1_263' title='bbox 966 379 1008 406; x_wconf 80' lang='lat' dir='ltr'><strong>bis</strong></span> <span class='ocrx_word' id='word_1_264' title='bbox 1024 378 1114 413; x_wconf 80' lang='lat' dir='ltr'><strong>igitur,</strong></span> <span class='ocrx_word' id='word_1_265' title='bbox 1126 386 1186 413; x_wconf 68' lang='lat' dir='ltr'><strong>quat</strong></span> <span class='ocrx_word' id='word_1_266' title='bbox 1196 378 1270 406; x_wconf 81' lang='lat' dir='ltr'><strong>dicta</strong></span> <span class='ocrx_word' id='word_1_267' title='bbox 1284 382 1358 409; x_wconf 89' lang='lat' dir='ltr'><strong>sunt,</strong></span> <span class='ocrx_word' id='word_1_268' title='bbox 1373 383 1400 404; x_wconf 88' lang='lat' dir='ltr'><strong>et</strong></span> <span class='ocrx_word' id='word_1_269' title='bbox 1413 385 1460 412; x_wconf 87' lang='lat' dir='ltr'><strong>per</strong></span> <span class='ocrx_word' id='word_1_270' title='bbox 1472 385 1532 412; x_wconf 73' lang='lat' dir='ltr'><strong>qua:</strong></span> <span class='ocrx_word' id='word_1_271' title='bbox 1553 378 1660 405; x_wconf 87' lang='lat' dir='ltr'><strong>luctan-</strong></span> 
     </span>
    </p>
   </div>
   <div class='ocr_carea' id='block_1_38' title="bbox 877 423 1661 459">
    <p class='ocr_par' dir='ltr' id='par_1_38' title="bbox 877 423 1661 459">
     <span class='ocr_line' id='line_1_38' title="bbox 877 423 1661 459; baseline 0 -8"><span class='ocrx_word' id='word_1_272' title='bbox 877 423 944 452; x_wconf 86' lang='lat' dir='ltr'><strong>tium</strong></span> <span class='ocrx_word' id='word_1_273' title='bbox 961 428 1185 459; x_wconf 77' lang='lat' dir='ltr'><strong>argumentorum</strong></span> <span class='ocrx_word' id='word_1_274' title='bbox 1206 424 1292 451; x_wconf 82' lang='lat' dir='ltr'><strong>crevit</strong></span> <span class='ocrx_word' id='word_1_275' title='bbox 1305 423 1445 459; x_wconf 74' lang='lat' dir='ltr'><strong>congeries</strong></span> <span class='ocrx_word' id='word_1_276' title='bbox 1455 443 1462 455; x_wconf 91' lang='lat'><strong>,</strong></span> <span class='ocrx_word' id='word_1_277' title='bbox 1479 428 1506 451; x_wconf 93' lang='lat' dir='ltr'><strong>et</strong></span> <span class='ocrx_word' id='word_1_278' title='bbox 1521 432 1611 451; x_wconf 86' lang='lat' dir='ltr'><strong>sermo</strong></span> <span class='ocrx_word' id='word_1_279' title='bbox 1627 424 1661 451; x_wconf 89' lang='lat' dir='ltr'><strong>ad</strong></span> 
     </span>
    </p>
   </div>
   <div class='ocr_carea' id='block_1_39' title="bbox 877 469 1661 504">
    <p class='ocr_par' dir='ltr' id='par_1_39' title="bbox 877 469 1661 504">
     <span class='ocr_line' id='line_1_39' title="bbox 877 469 1661 504; baseline 0.001 -7"><span class='ocrx_word' id='word_1_280' title='bbox 877 478 927 497; x_wconf 82' lang='lat' dir='ltr'><strong>nos</strong></span> <span class='ocrx_word' id='word_1_281' title='bbox 939 470 1033 497; x_wconf 88' lang='lat' dir='ltr'><strong>tandiu</strong></span> <span class='ocrx_word' id='word_1_282' title='bbox 1046 469 1217 497; x_wconf 86' lang='lat' dir='ltr'><strong>distinendos</strong></span> <span class='ocrx_word' id='word_1_283' title='bbox 1232 471 1382 504; x_wconf 86' lang='lat' dir='ltr'><strong>processit,</strong></span> <span class='ocrx_word' id='word_1_284' title='bbox 1403 477 1471 504; x_wconf 86' lang='lat' dir='ltr'><strong>opus</strong></span> <span class='ocrx_word' id='word_1_285' title='bbox 1488 475 1559 498; x_wconf 80' lang='lat' dir='ltr'><strong>esset</strong></span> <span class='ocrx_word' id='word_1_286' title='bbox 1574 471 1661 504; x_wconf 79' lang='lat' dir='ltr'><strong>inspi-</strong></span> 
     </span>
    </p>
   </div>
   <div class='ocr_carea' id='block_1_40' title="bbox 877 515 1663 550">
    <p class='ocr_par' dir='ltr' id='par_1_40' title="bbox 877 515 1663 550">
     <span class='ocr_line' id='line_1_40' title="bbox 877 515 1663 550; baseline 0.001 -8"><span class='ocrx_word' id='word_1_287' title='bbox 877 523 940 543; x_wconf 88' lang='lat' dir='ltr'><strong>cere</strong></span> <span class='ocrx_word' id='word_1_288' title='bbox 953 516 1046 550; x_wconf 82' lang='lat' dir='ltr'><strong>quanti</strong></span> <span class='ocrx_word' id='word_1_289' title='bbox 1063 523 1112 550; x_wconf 84' lang='lat' dir='ltr'><strong>pro</strong></span> <span class='ocrx_word' id='word_1_290' title='bbox 1134 523 1184 543; x_wconf 85' lang='lat' dir='ltr'><strong>sua</strong></span> <span class='ocrx_word' id='word_1_291' title='bbox 1207 516 1323 543; x_wconf 81' lang='lat' dir='ltr'><strong>utilitate</strong></span> <span class='ocrx_word' id='word_1_292' title='bbox 1342 515 1408 542; x_wconf 80' lang='lat' dir='ltr'><strong>illud</strong></span> <span class='ocrx_word' id='word_1_293' title='bbox 1435 516 1568 550; x_wconf 85' lang='lat' dir='ltr'><strong>baptisma</strong></span> <span class='ocrx_word' id='word_1_294' title='bbox 1590 517 1663 543; x_wconf 77' lang='lat' dir='ltr'><strong>:esti-</strong></span> 
     </span>
    </p>
   </div>
   <div class='ocr_carea' id='block_1_41' title="bbox 876 562 1662 597">
    <p class='ocr_par' dir='ltr' id='par_1_41' title="bbox 876 562 1662 597">
     <span class='ocr_line' id='line_1_41' title="bbox 876 562 1662 597; baseline -0.001 -7"><span class='ocrx_word' id='word_1_295' title='bbox 876 563 1006 590; x_wconf 85' lang='lat' dir='ltr'><strong>iuandum</strong></span> <span class='ocrx_word' id='word_1_296' title='bbox 1022 563 1067 590; x_wconf 85' lang='lat' dir='ltr'><strong>sit.</strong></span> <span class='ocrx_word' id='word_1_297' title='bbox 1083 562 1198 595; x_wconf 79' lang='lat' dir='ltr'><strong>Quando</strong></span> <span class='ocrx_word' id='word_1_298' title='bbox 1213 570 1277 590; x_wconf 89' lang='lat' dir='ltr'><strong>vero</strong></span> <span class='ocrx_word' id='word_1_299' title='bbox 1299 569 1313 588; x_wconf 91' lang='lat' dir='ltr'><strong>a</strong></span> <span class='ocrx_word' id='word_1_300' title='bbox 1339 563 1523 597; x_wconf 81' lang='lat' dir='ltr'><strong>disputatione</strong></span> <span class='ocrx_word' id='word_1_301' title='bbox 1544 562 1662 590; x_wconf 84' lang='lat' dir='ltr'><strong>desiste—</strong></span> 
     </span>
    </p>
   </div>
   <div class='ocr_carea' id='block_1_42' title="bbox 877 609 1663 643">
    <p class='ocr_par' dir='ltr' id='par_1_42' title="bbox 877 609 1663 643">
     <span class='ocr_line' id='line_1_42' title="bbox 877 609 1663 643; baseline 0 -8"><span class='ocrx_word' id='word_1_302' title='bbox 877 617 948 640; x_wconf 77' lang='lat' dir='ltr'><strong>mus,</strong></span> <span class='ocrx_word' id='word_1_303' title='bbox 962 613 989 635; x_wconf 85' lang='lat' dir='ltr'><strong>et</strong></span> <span class='ocrx_word' id='word_1_304' title='bbox 1002 616 1079 635; x_wconf 79' lang='lat' dir='ltr'><strong>mens</strong></span> <span class='ocrx_word' id='word_1_305' title='bbox 1093 609 1119 635; x_wconf 89' lang='lat' dir='ltr'><strong>in</strong></span> <span class='ocrx_word' id='word_1_306' title='bbox 1131 609 1248 643; x_wconf 84' lang='lat' dir='ltr'><strong>quadam</strong></span> <span class='ocrx_word' id='word_1_307' title='bbox 1261 609 1423 635; x_wconf 88' lang='lat' dir='ltr'><strong>certitudine</strong></span> <span class='ocrx_word' id='word_1_308' title='bbox 1436 609 1663 636; x_wconf 82' lang='lat' dir='ltr'><strong>conﬁrmabitur?</strong></span> 
     </span>
    </p>
   </div>
   <div class='ocr_carea' id='block_1_43' title="bbox 876 652 1664 686">
    <p class='ocr_par' dir='ltr' id='par_1_43' title="bbox 876 652 1664 686">
     <span class='ocr_line' id='line_1_43' title="bbox 876 652 1664 686; baseline 0.001 -7"><span class='ocrx_word' id='word_1_309' title='bbox 876 653 911 679; x_wconf 83' lang='lat' dir='ltr'><strong>At</strong></span> <span class='ocrx_word' id='word_1_310' title='bbox 925 653 998 680; x_wconf 84' lang='lat' dir='ltr'><strong>enim</strong></span> <span class='ocrx_word' id='word_1_311' title='bbox 1015 653 1072 679; x_wconf 54' lang='lat' dir='ltr'><strong>hac</strong></span> <span class='ocrx_word' id='word_1_312' title='bbox 1083 657 1141 679; x_wconf 86' lang='lat' dir='ltr'><strong>esto</strong></span> <span class='ocrx_word' id='word_1_313' title='bbox 1163 652 1236 679; x_wconf 77' lang='lat' dir='ltr'><strong>velut</strong></span> <span class='ocrx_word' id='word_1_314' title='bbox 1252 652 1342 679; x_wconf 83' lang='lat' dir='ltr'><strong>brevis</strong></span> <span class='ocrx_word' id='word_1_315' title='bbox 1359 653 1482 686; x_wconf 69' lang='lat' dir='ltr'><strong>quaedam</strong></span> <span class='ocrx_word' id='word_1_316' title='bbox 1507 657 1570 680; x_wconf 83' lang='lat' dir='ltr'><strong>ante</strong></span> <span class='ocrx_word' id='word_1_317' title='bbox 1591 653 1664 680; x_wconf 89' lang='lat' dir='ltr'><strong>solu-</strong></span> 
     </span>
    </p>
   </div>
   <div class='ocr_carea' id='block_1_44' title="bbox 877 697 1664 732">
    <p class='ocr_par' dir='ltr' id='par_1_44' title="bbox 877 697 1664 732">
     <span class='ocr_line' id='line_1_44' title="bbox 877 697 1664 732; baseline 0.003 -9"><span class='ocrx_word' id='word_1_318' title='bbox 877 697 979 724; x_wconf 86' lang='lat' dir='ltr'><strong>tionem</strong></span> <span class='ocrx_word' id='word_1_319' title='bbox 994 697 1134 731; x_wconf 80' lang='lat' dir='ltr'><strong>pr:emissa</strong></span> <span class='ocrx_word' id='word_1_320' title='bbox 1149 697 1276 729; x_wconf 67' lang='lat' dir='ltr'><strong>diatriba,</strong></span> <span class='ocrx_word' id='word_1_321' title='bbox 1292 705 1353 732; x_wconf 66' lang='lat' dir='ltr'><strong>qum</strong></span> <span class='ocrx_word' id='word_1_322' title='bbox 1366 697 1418 724; x_wconf 86' lang='lat' dir='ltr'><strong>huc</strong></span> <span class='ocrx_word' id='word_1_323' title='bbox 1431 705 1518 732; x_wconf 91' lang='lat' dir='ltr'><strong>usque</strong></span> <span class='ocrx_word' id='word_1_324' title='bbox 1532 698 1664 732; x_wconf 84' lang='lat' dir='ltr'><strong>producta</strong></span> 
     </span>
    </p>
   </div>
   <div class='ocr_carea' id='block_1_45' title="bbox 877 743 1664 778">
    <p class='ocr_par' dir='ltr' id='par_1_45' title="bbox 877 743 1664 778">
     <span class='ocr_line' id='line_1_45' title="bbox 877 743 1664 778; baseline 0 -8"><span class='ocrx_word' id='word_1_325' title='bbox 877 748 928 771; x_wconf 84' lang='lat' dir='ltr'><strong>est.</strong></span> <span class='ocrx_word' id='word_1_326' title='bbox 952 743 1077 770; x_wconf 81' lang='lat' dir='ltr'><strong>Profecto</strong></span> <span class='ocrx_word' id='word_1_327' title='bbox 1095 751 1145 771; x_wconf 82' lang='lat' dir='ltr'><strong>nec</strong></span> <span class='ocrx_word' id='word_1_328' title='bbox 1162 744 1194 771; x_wconf 85' lang='lat' dir='ltr'><strong>ad</strong></span> <span class='ocrx_word' id='word_1_329' title='bbox 1220 744 1392 778; x_wconf 83' lang='lat' dir='ltr'><strong>baptismatis</strong></span> <span class='ocrx_word' id='word_1_330' title='bbox 1408 744 1550 770; x_wconf 87' lang='lat' dir='ltr'><strong>utilitatem</strong></span> <span class='ocrx_word' id='word_1_331' title='bbox 1571 745 1664 771; x_wconf 81' lang='lat' dir='ltr'><strong>exclu-</strong></span> 
     </span>
    </p>
   </div>
   <div class='ocr_carea' id='block_1_46' title="bbox 877 789 1664 824">
    <p class='ocr_par' dir='ltr' id='par_1_46' title="bbox 877 789 1664 824">
     <span class='ocr_line' id='line_1_46' title="bbox 877 789 1664 824; baseline 0.001 -9"><span class='ocrx_word' id='word_1_332' title='bbox 877 789 992 816; x_wconf 85' lang='lat' dir='ltr'><strong>dendam</strong></span> <span class='ocrx_word' id='word_1_333' title='bbox 1012 789 1082 815; x_wconf 86' lang='lat' dir='ltr'><strong>valet</strong></span> <span class='ocrx_word' id='word_1_334' title='bbox 1110 789 1174 816; x_wconf 88' lang='lat' dir='ltr'><strong>illud</strong></span> <span class='ocrx_word' id='word_1_335' title='bbox 1197 789 1252 816; x_wconf 90' lang='lat' dir='ltr'><strong>divi</strong></span> <span class='ocrx_word' id='word_1_336' title='bbox 1277 789 1359 817; x_wconf 81' lang='lat' dir='ltr'><strong>Marci</strong></span> <span class='ocrx_word' id='word_1_337' title='bbox 1385 789 1583 821; x_wconf 82' lang='lat' dir='ltr'><strong>testiinonium,</strong></span> <span class='ocrx_word' id='word_1_338' title='bbox 1608 797 1664 824; x_wconf 86' lang='lat' dir='ltr'><strong>quo</strong></span> 
     </span>
    </p>
   </div>
   <div class='ocr_carea' id='block_1_47' title="bbox 878 834 1665 870">
    <p class='ocr_par' dir='ltr' id='par_1_47' title="bbox 878 834 1665 870">
     <span class='ocr_line' id='line_1_47' title="bbox 878 834 1665 870; baseline 0.003 -10"><span class='ocrx_word' id='word_1_339' title='bbox 878 834 966 861; x_wconf 82' lang='lat' dir='ltr'><strong>denuo</strong></span> <span class='ocrx_word' id='word_1_340' title='bbox 982 835 1111 869; x_wconf 82' lang='lat' dir='ltr'><strong>baptizari</strong></span> <span class='ocrx_word' id='word_1_341' title='bbox 1122 835 1306 870; x_wconf 70' lang='lat' dir='ltr'><strong>praescribitur</strong></span> <span class='ocrx_word' id='word_1_342' title='bbox 1319 836 1397 870; x_wconf 83' lang='lat' dir='ltr'><strong>(nam</strong></span> <span class='ocrx_word' id='word_1_343' title='bbox 1417 835 1442 862; x_wconf 89' lang='lat' dir='ltr'><strong>id</strong></span> <span class='ocrx_word' id='word_1_344' title='bbox 1455 836 1542 862; x_wconf 88' lang='lat' dir='ltr'><strong>solum</strong></span> <span class='ocrx_word' id='word_1_345' title='bbox 1554 843 1569 862; x_wconf 87' lang='lat' dir='ltr'><strong>a</strong></span> <span class='ocrx_word' id='word_1_346' title='bbox 1582 834 1665 862; x_wconf 84' lang='lat' dir='ltr'><strong>Joan-</strong></span> 
     </span>
    </p>
   </div>
   <div class='ocr_carea' id='block_1_48' title="bbox 878 880 1665 916">
    <p class='ocr_par' dir='ltr' id='par_1_48' title="bbox 878 880 1665 916">
     <span class='ocr_line' id='line_1_48' title="bbox 878 880 1665 916; baseline -0.001 -8"><span class='ocrx_word' id='word_1_347' title='bbox 878 889 912 908; x_wconf 91' lang='lat' dir='ltr'><strong>ne</strong></span> <span class='ocrx_word' id='word_1_348' title='bbox 936 880 1057 916; x_wconf 83' lang='lat' dir='ltr'><strong>Baptista</strong></span> <span class='ocrx_word' id='word_1_349' title='bbox 1073 881 1253 916; x_wconf 76' lang='lat' dir='ltr'><strong>irrefragabili</strong></span> <span class='ocrx_word' id='word_1_350' title='bbox 1283 881 1330 908; x_wconf 91' lang='lat' dir='ltr'><strong>illo</strong></span> <span class='ocrx_word' id='word_1_351' title='bbox 1353 881 1485 913; x_wconf 80' lang='lat' dir='ltr'><strong>oraculo,</strong></span> <span class='ocrx_word' id='word_1_352' title='bbox 1508 885 1535 907; x_wconf 89' lang='lat' dir='ltr'><strong>et</strong></span> <span class='ocrx_word' id='word_1_353' title='bbox 1551 885 1665 915; x_wconf 84' lang='lat' dir='ltr'><strong>aposto-</strong></span> 
     </span>
    </p>
   </div>
   <div class='ocr_carea' id='block_1_49' title="bbox 877 927 1664 963">
    <p class='ocr_par' dir='ltr' id='par_1_49' title="bbox 877 927 1664 963">
     <span class='ocr_line' id='line_1_49' title="bbox 877 927 1664 963; baseline 0 -9"><span class='ocrx_word' id='word_1_354' title='bbox 877 927 929 954; x_wconf 89' lang='lat' dir='ltr'><strong>lica</strong></span> <span class='ocrx_word' id='word_1_355' title='bbox 943 928 1075 955; x_wconf 84' lang='lat' dir='ltr'><strong>sententia</strong></span> <span class='ocrx_word' id='word_1_356' title='bbox 1083 928 1268 963; x_wconf 75' lang='lat' dir='ltr'><strong>signiﬁcatur)</strong></span> <span class='ocrx_word' id='word_1_357' title='bbox 1280 936 1286 954; x_wconf 92' lang='lat'><strong>:</strong></span> <span class='ocrx_word' id='word_1_358' title='bbox 1296 935 1345 954; x_wconf 90' lang='lat' dir='ltr'><strong>nec</strong></span> <span class='ocrx_word' id='word_1_359' title='bbox 1356 927 1488 962; x_wconf 83' lang='lat' dir='ltr'><strong>quidquid</strong></span> <span class='ocrx_word' id='word_1_360' title='bbox 1503 932 1664 962; x_wconf 78' lang='lat' dir='ltr'><strong>congestum</strong></span> 
     </span>
    </p>
   </div>
   <div class='ocr_carea' id='block_1_50' title="bbox 877 971 1664 1007">
    <p class='ocr_par' dir='ltr' id='par_1_50' title="bbox 877 971 1664 1007">
     <span class='ocr_line' id='line_1_50' title="bbox 877 971 1664 1007; baseline -0.001 -7"><span class='ocrx_word' id='word_1_361' title='bbox 877 977 936 1005; x_wconf 81' lang='lat' dir='ltr'><strong>est,</strong></span> <span class='ocrx_word' id='word_1_362' title='bbox 963 977 991 1000; x_wconf 85' lang='lat' dir='ltr'><strong>ut</strong></span> <span class='ocrx_word' id='word_1_363' title='bbox 1011 973 1095 999; x_wconf 86' lang='lat' dir='ltr'><strong>animi</strong></span> <span class='ocrx_word' id='word_1_364' title='bbox 1111 972 1233 1007; x_wconf 89' lang='lat' dir='ltr'><strong>opinioni</strong></span> <span class='ocrx_word' id='word_1_365' title='bbox 1252 972 1319 999; x_wconf 87' lang='lat' dir='ltr'><strong>mihi</strong></span> <span class='ocrx_word' id='word_1_366' title='bbox 1334 971 1477 998; x_wconf 68' lang='lat' dir='ltr'><strong>contraria:</strong></span> <span class='ocrx_word' id='word_1_367' title='bbox 1499 971 1664 999; x_wconf 70' lang='lat' dir='ltr'><strong>adhaerentis</strong></span> 
     </span>
    </p>
   </div>
   <div class='ocr_carea' id='block_1_51' title="bbox 878 1016 1666 1053">
    <p class='ocr_par' dir='ltr' id='par_1_51' title="bbox 878 1016 1666 1053">
     <span class='ocr_line' id='line_1_51' title="bbox 878 1016 1666 1053; baseline -0.004 -8"><span class='ocrx_word' id='word_1_368' title='bbox 878 1023 1073 1045; x_wconf 85' lang='lat' dir='ltr'><strong>astruerentur</strong></span> <span class='ocrx_word' id='word_1_369' title='bbox 1091 1023 1263 1053; x_wconf 79' lang='lat' dir='ltr'><strong>argumenta,</strong></span> <span class='ocrx_word' id='word_1_370' title='bbox 1279 1022 1320 1045; x_wconf 84' lang='lat' dir='ltr'><strong>est</strong></span> <span class='ocrx_word' id='word_1_371' title='bbox 1336 1023 1565 1044; x_wconf 83' lang='lat' dir='ltr'><strong>consentaneum:</strong></span> <span class='ocrx_word' id='word_1_372' title='bbox 1580 1016 1666 1051; x_wconf 88' lang='lat' dir='ltr'><strong>siqni-</strong></span> 
     </span>
    </p>
   </div>
   <div class='ocr_carea' id='block_1_52' title="bbox 878 1061 1664 1091">
    <p class='ocr_par' dir='ltr' id='par_1_52' title="bbox 878 1061 1664 1091">
     <span class='ocr_line' id='line_1_52' title="bbox 878 1061 1664 1091; baseline -0.005 0"><span class='ocrx_word' id='word_1_373' title='bbox 878 1064 940 1091; x_wconf 92' lang='lat' dir='ltr'><strong>dem</strong></span> <span class='ocrx_word' id='word_1_374' title='bbox 959 1068 1055 1091; x_wconf 83' lang='lat' dir='ltr'><strong>contra</strong></span> <span class='ocrx_word' id='word_1_375' title='bbox 1081 1068 1124 1090; x_wconf 90' lang='lat' dir='ltr'><strong>est</strong></span> <span class='ocrx_word' id='word_1_376' title='bbox 1147 1068 1219 1090; x_wconf 86' lang='lat' dir='ltr'><strong>totus</strong></span> <span class='ocrx_word' id='word_1_377' title='bbox 1247 1070 1388 1090; x_wconf 85' lang='lat' dir='ltr'><strong>sacrorum</strong></span> <span class='ocrx_word' id='word_1_378' title='bbox 1409 1062 1490 1089; x_wconf 69' lang='lat' dir='ltr'><strong>Luca:</strong></span> <span class='ocrx_word' id='word_1_379' title='bbox 1517 1061 1664 1089; x_wconf 82' lang='lat' dir='ltr'><strong>verborum</strong></span> 
     </span>
    </p>
   </div>
   <div class='ocr_carea' id='block_1_53' title="bbox 879 1105 1666 1142">
    <p class='ocr_par' dir='ltr' id='par_1_53' title="bbox 879 1105 1666 1142">
     <span class='ocr_line' id='line_1_53' title="bbox 879 1105 1666 1142; baseline -0.005 -6"><span class='ocrx_word' id='word_1_380' title='bbox 879 1109 1025 1136; x_wconf 80' lang='lat' dir='ltr'><strong>uniformis</strong></span> <span class='ocrx_word' id='word_1_381' title='bbox 1041 1113 1196 1139; x_wconf 81' lang='lat' dir='ltr'><strong>contextus.</strong></span> <span class='ocrx_word' id='word_1_382' title='bbox 1214 1108 1240 1135; x_wconf 91' lang='lat' dir='ltr'><strong>in</strong></span> <span class='ocrx_word' id='word_1_383' title='bbox 1253 1108 1353 1142; x_wconf 89' lang='lat' dir='ltr'><strong>quibus</strong></span> <span class='ocrx_word' id='word_1_384' title='bbox 1364 1108 1397 1134; x_wconf 86' lang='lat' dir='ltr'><strong>de</strong></span> <span class='ocrx_word' id='word_1_385' title='bbox 1412 1114 1466 1134; x_wconf 90' lang='lat' dir='ltr'><strong>uno</strong></span> <span class='ocrx_word' id='word_1_386' title='bbox 1474 1105 1666 1134; x_wconf 85' lang='lat' dir='ltr'><strong>tantumJoau-</strong></span> 
     </span>
    </p>
   </div>
   <div class='ocr_carea' id='block_1_54' title="bbox 880 1151 1666 1188">
    <p class='ocr_par' dir='ltr' id='par_1_54' title="bbox 880 1151 1666 1188">
     <span class='ocr_line' id='line_1_54' title="bbox 880 1151 1666 1188; baseline -0.006 -6"><span class='ocrx_word' id='word_1_387' title='bbox 880 1155 924 1182; x_wconf 89' lang='lat' dir='ltr'><strong>nis</strong></span> <span class='ocrx_word' id='word_1_388' title='bbox 937 1154 1073 1188; x_wconf 82' lang='lat' dir='ltr'><strong>baptismo</strong></span> <span class='ocrx_word' id='word_1_389' title='bbox 1087 1153 1189 1180; x_wconf 88' lang='lat' dir='ltr'><strong>diserte</strong></span> <span class='ocrx_word' id='word_1_390' title='bbox 1202 1154 1231 1180; x_wconf 88' lang='lat' dir='ltr'><strong>fit</strong></span> <span class='ocrx_word' id='word_1_391' title='bbox 1245 1161 1346 1184; x_wconf 83' lang='lat' dir='ltr'><strong>sermo,</strong></span> <span class='ocrx_word' id='word_1_392' title='bbox 1369 1157 1396 1179; x_wconf 87' lang='lat' dir='ltr'><strong>et</strong></span> <span class='ocrx_word' id='word_1_393' title='bbox 1409 1152 1550 1186; x_wconf 86' lang='lat' dir='ltr'><strong>culparum</strong></span> <span class='ocrx_word' id='word_1_394' title='bbox 1568 1151 1666 1178; x_wconf 55' lang='lat' dir='ltr'><strong>remisé</strong></span> 
     </span>
    </p>
   </div>
   <div class='ocr_carea' id='block_1_55' title="bbox 880 1196 1666 1234">
    <p class='ocr_par' dir='ltr' id='par_1_55' title="bbox 880 1196 1666 1234">
     <span class='ocr_line' id='line_1_55' title="bbox 880 1196 1666 1234; baseline -0.006 -6"><span class='ocrx_word' id='word_1_395' title='bbox 880 1201 922 1228; x_wconf 88' lang='lat' dir='ltr'><strong>sio</strong></span> <span class='ocrx_word' id='word_1_396' title='bbox 937 1201 1064 1228; x_wconf 87' lang='lat' dir='ltr'><strong>traditur.</strong></span> <span class='ocrx_word' id='word_1_397' title='bbox 1078 1199 1161 1234; x_wconf 83' lang='lat' dir='ltr'><strong>idque</strong></span> <span class='ocrx_word' id='word_1_398' title='bbox 1182 1207 1215 1226; x_wconf 85' lang='lat' dir='ltr'><strong>eo</strong></span> <span class='ocrx_word' id='word_1_399' title='bbox 1229 1199 1326 1233; x_wconf 78' lang='lat' dir='ltr'><strong>magis.</strong></span> <span class='ocrx_word' id='word_1_400' title='bbox 1349 1198 1424 1233; x_wconf 83' lang='lat' dir='ltr'><strong>quia,</strong></span> <span class='ocrx_word' id='word_1_401' title='bbox 1447 1199 1468 1224; x_wconf 87' lang='lat' dir='ltr'><strong>si</strong></span> <span class='ocrx_word' id='word_1_402' title='bbox 1492 1198 1561 1224; x_wconf 79' lang='lat' dir='ltr'><strong>beati</strong></span> <span class='ocrx_word' id='word_1_403' title='bbox 1583 1196 1666 1224; x_wconf 82' lang='lat' dir='ltr'><strong>Marci</strong></span> 
     </span>
    </p>
   </div>
   <div class='ocr_carea' id='block_1_56' title="bbox 880 1242 1667 1280">
    <p class='ocr_par' dir='ltr' id='par_1_56' title="bbox 880 1242 1667 1280">
     <span class='ocr_line' id='line_1_56' title="bbox 880 1242 1667 1280; baseline -0.005 -8"><span class='ocrx_word' id='word_1_404' title='bbox 880 1246 963 1274; x_wconf 78' lang='lat' dir='ltr'><strong>verba</strong></span> <span class='ocrx_word' id='word_1_405' title='bbox 981 1245 1128 1280; x_wconf 86' lang='lat' dir='ltr'><strong>quamdam</strong></span> <span class='ocrx_word' id='word_1_406' title='bbox 1142 1244 1328 1272; x_wconf 77' lang='lat' dir='ltr'><strong>distinctimiis</strong></span> <span class='ocrx_word' id='word_1_407' title='bbox 1341 1243 1548 1278; x_wconf 82' lang='lat' dir='ltr'><strong>ambiguitatem</strong></span> <span class='ocrx_word' id='word_1_408' title='bbox 1569 1242 1667 1269; x_wconf 72' lang='lat' dir='ltr'><strong>afferre</strong></span> 
     </span>
    </p>
   </div>
   <div class='ocr_carea' id='block_1_57' title="bbox 882 1288 1668 1324">
    <p class='ocr_par' dir='ltr' id='par_1_57' title="bbox 882 1288 1668 1324">
     <span class='ocr_line' id='line_1_57' title="bbox 882 1288 1668 1324; baseline -0.005 -6"><span class='ocrx_word' id='word_1_409' title='bbox 882 1291 1055 1322; x_wconf 77' lang='lat' dir='ltr'><strong>videbantur,</strong></span> <span class='ocrx_word' id='word_1_410' title='bbox 1067 1299 1097 1317; x_wconf 83' lang='lat' dir='ltr'><strong>ea</strong></span> <span class='ocrx_word' id='word_1_411' title='bbox 1119 1291 1152 1318; x_wconf 82' lang='lat' dir='ltr'><strong>ad</strong></span> <span class='ocrx_word' id='word_1_412' title='bbox 1167 1298 1250 1317; x_wconf 88' lang='lat' dir='ltr'><strong>unum</strong></span> <span class='ocrx_word' id='word_1_413' title='bbox 1262 1290 1376 1317; x_wconf 80' lang='lat' dir='ltr'><strong>Joannis</strong></span> <span class='ocrx_word' id='word_1_414' title='bbox 1396 1289 1529 1324; x_wconf 79' lang='lat' dir='ltr'><strong>baptisma</strong></span> <span class='ocrx_word' id='word_1_415' title='bbox 1545 1288 1668 1315; x_wconf 57' lang='lat' dir='ltr'><strong>indican-</strong></span> 
     </span>
    </p>
   </div>
   <div class='ocr_carea' id='block_1_58' title="bbox 882 1333 1669 1374">
    <p class='ocr_par' dir='ltr' id='par_1_58' title="bbox 882 1333 1669 1374">
     <span class='ocr_line' id='line_1_58' title="bbox 882 1333 1669 1374; baseline -0.005 -11"><span class='ocrx_word' id='word_1_416' title='bbox 882 1337 946 1364; x_wconf 88' lang='lat' dir='ltr'><strong>dum</strong></span> <span class='ocrx_word' id='word_1_417' title='bbox 963 1336 1055 1363; x_wconf 82' lang='lat' dir='ltr'><strong>referri</strong></span> <span class='ocrx_word' id='word_1_418' title='bbox 1077 1342 1158 1374; x_wconf 85' lang='lat' dir='ltr'><strong>atque</strong></span> <span class='ocrx_word' id='word_1_419' title='bbox 1170 1335 1372 1363; x_wconf 83' lang='lat' dir='ltr'><strong>accommodari</strong></span> <span class='ocrx_word' id='word_1_420' title='bbox 1393 1334 1537 1361; x_wconf 83' lang='lat' dir='ltr'><strong>debebant.</strong></span> <span class='ocrx_word' id='word_1_421' title='bbox 1557 1333 1592 1360; x_wconf 80' lang='lat' dir='ltr'><strong>At</strong></span> <span class='ocrx_word' id='word_1_422' title='bbox 1603 1337 1669 1360; x_wconf 84' lang='lat' dir='ltr'><strong>vero</strong></span> 
     </span>
    </p>
   </div>
   <div class='ocr_carea' id='block_1_59' title="bbox 883 1377 1668 1416">
    <p class='ocr_par' dir='ltr' id='par_1_59' title="bbox 883 1377 1668 1416">
     <span class='ocr_line' id='line_1_59' title="bbox 883 1377 1668 1416; baseline -0.005 -8"><span class='ocrx_word' id='word_1_423' title='bbox 883 1382 956 1416; x_wconf 80' lang='lat' dir='ltr'><strong>quod</strong></span> <span class='ocrx_word' id='word_1_424' title='bbox 970 1382 1038 1410; x_wconf 82' lang='lat' dir='ltr'><strong>etin</strong></span> <span class='ocrx_word' id='word_1_425' title='bbox 1055 1389 1124 1416; x_wconf 84' lang='lat' dir='ltr'><strong>aqua</strong></span> <span class='ocrx_word' id='word_1_426' title='bbox 1142 1381 1294 1415; x_wconf 83' lang='lat' dir='ltr'><strong>baptizaret</strong></span> <span class='ocrx_word' id='word_1_427' title='bbox 1306 1379 1444 1412; x_wconf 76' lang='lat' dir='ltr'><strong>Joannes,</strong></span> <span class='ocrx_word' id='word_1_428' title='bbox 1467 1383 1495 1405; x_wconf 91' lang='lat' dir='ltr'><strong>et</strong></span> <span class='ocrx_word' id='word_1_429' title='bbox 1512 1378 1539 1405; x_wconf 90' lang='lat' dir='ltr'><strong>in</strong></span> <span class='ocrx_word' id='word_1_430' title='bbox 1563 1377 1668 1412; x_wconf 81' lang='lat' dir='ltr'><strong>Spiritu</strong></span> 
     </span>
    </p>
   </div>
   <div class='ocr_carea' id='block_1_60' title="bbox 883 1424 1667 1459">
    <p class='ocr_par' dir='ltr' id='par_1_60' title="bbox 883 1424 1667 1459">
     <span class='ocr_line' id='line_1_60' title="bbox 883 1424 1667 1459; baseline -0.006 -5"><span class='ocrx_word' id='word_1_431' title='bbox 883 1426 973 1457; x_wconf 75' lang='lat' dir='ltr'><strong>Jesus.</strong></span> <span class='ocrx_word' id='word_1_432' title='bbox 991 1427 1043 1454; x_wconf 89' lang='lat' dir='ltr'><strong>hoc</strong></span> <span class='ocrx_word' id='word_1_433' title='bbox 1067 1434 1201 1453; x_wconf 85' lang='lat' dir='ltr'><strong>summam</strong></span> <span class='ocrx_word' id='word_1_434' title='bbox 1223 1433 1284 1454; x_wconf 84' lang='lat' dir='ltr'><strong>esse</strong></span> <span class='ocrx_word' id='word_1_435' title='bbox 1298 1425 1467 1452; x_wconf 77' lang='lat' dir='ltr'><strong>diversitatis</strong></span> <span class='ocrx_word' id='word_1_436' title='bbox 1483 1424 1667 1459; x_wconf 76' lang='lat' dir='ltr'><strong>agnoscimus,</strong></span> 
     </span>
    </p>
   </div>
   <div class='ocr_carea' id='block_1_61' title="bbox 885 1469 1671 1507">
    <p class='ocr_par' dir='ltr' id='par_1_61' title="bbox 885 1469 1671 1507">
     <span class='ocr_line' id='line_1_61' title="bbox 885 1469 1671 1507; baseline -0.006 -7"><span class='ocrx_word' id='word_1_437' title='bbox 885 1478 912 1500; x_wconf 89' lang='lat' dir='ltr'><strong>et</strong></span> <span class='ocrx_word' id='word_1_438' title='bbox 939 1472 1011 1507; x_wconf 88' lang='lat' dir='ltr'><strong>quod</strong></span> <span class='ocrx_word' id='word_1_439' title='bbox 1040 1472 1067 1498; x_wconf 90' lang='lat' dir='ltr'><strong>in</strong></span> <span class='ocrx_word' id='word_1_440' title='bbox 1091 1472 1295 1506; x_wconf 87' lang='lat' dir='ltr'><strong>comparatione</strong></span> <span class='ocrx_word' id='word_1_441' title='bbox 1320 1471 1502 1506; x_wconf 83' lang='lat' dir='ltr'><strong>imparitatem</strong></span> <span class='ocrx_word' id='word_1_442' title='bbox 1526 1469 1625 1504; x_wconf 86' lang='lat' dir='ltr'><strong>prodit,</strong></span> <span class='ocrx_word' id='word_1_443' title='bbox 1643 1473 1671 1495; x_wconf 84' lang='lat' dir='ltr'><strong>at</strong></span> 
     </span>
    </p>
   </div>
   <div class='ocr_carea' id='block_1_62' title="bbox 67 1513 832 1557">
    <p class='ocr_par' dir='ltr' id='par_1_62' title="bbox 67 1513 832 1552">
     <span class='ocr_line' id='line_1_62' title="bbox 67 1513 832 1552; baseline 0.005 -13"><span class='ocrx_word' id='word_1_444' title='bbox 67 1513 91 1538; x_wconf 73' lang='grc' dir='ltr'><strong>τὸ</strong></span> <span class='ocrx_word' id='word_1_445' title='bbox 106 1513 232 1550; x_wconf 79' lang='grc' dir='ltr'>βάπτισμα</span> <span class='ocrx_word' id='word_1_446' title='bbox 247 1517 373 1552; x_wconf 87' lang='grc' dir='ltr'>καρποὺς</span> <span class='ocrx_word' id='word_1_447' title='bbox 385 1517 476 1550; x_wconf 79' lang='grc' dir='ltr'>ἀξίους</span> <span class='ocrx_word' id='word_1_448' title='bbox 487 1517 537 1552; x_wconf 84' lang='grc' dir='ltr'>τῆς</span> <span class='ocrx_word' id='word_1_449' title='bbox 547 1516 737 1552; x_wconf 75' lang='grc' dir='ltr'>προλαϐούσης</span> <span class='ocrx_word' id='word_1_450' title='bbox 752 1525 832 1552; x_wconf 86' lang='grc' dir='ltr'>μετα-</span> 
     </span>
    </p>
   </div>
   <div class='ocr_carea' id='block_1_63' title="bbox 920 1513 1670 1557">
    <p class='ocr_par' dir='ltr' id='par_1_63' title="bbox 920 1515 1670 1553">
     <span class='ocr_line' id='line_1_63' title="bbox 920 1515 1670 1553; baseline -0.008 -7"><span class='ocrx_word' id='word_1_451' title='bbox 920 1519 1075 1546; x_wconf 81' lang='lat' dir='ltr'><strong>missionem</strong></span> <span class='ocrx_word' id='word_1_452' title='bbox 1092 1523 1265 1553; x_wconf 82' lang='lat' dir='ltr'><strong>peccatorum</strong></span> <span class='ocrx_word' id='word_1_453' title='bbox 1292 1525 1370 1544; x_wconf 85' lang='lat' dir='ltr'><strong>sacro</strong></span> <span class='ocrx_word' id='word_1_454' title='bbox 1393 1516 1508 1543; x_wconf 80' lang='lat' dir='ltr'><strong>Joannis</strong></span> <span class='ocrx_word' id='word_1_455' title='bbox 1531 1515 1594 1542; x_wconf 74' lang='lat' dir='ltr'><strong>ritui</strong></span> <span class='ocrx_word' id='word_1_456' title='bbox 1615 1521 1670 1541; x_wconf 90' lang='lat' dir='ltr'><strong>non</strong></span> 
     </span>
    </p>
   </div>
   <div class='ocr_carea' id='block_1_64' title="bbox 68 1559 835 1598">
    <p class='ocr_par' dir='ltr' id='par_1_64' title="bbox 68 1559 835 1598">
     <span class='ocr_line' id='line_1_64' title="bbox 68 1559 835 1598; baseline 0.005 -13"><span class='ocrx_word' id='word_1_457' title='bbox 68 1559 126 1591; x_wconf 72' lang='grc' dir='ltr'>νοίας</span> <span class='ocrx_word' id='word_1_458' title='bbox 140 1561 271 1596; x_wconf 74' lang='grc' dir='ltr'>ἐπιζητεῖν</span> <span class='ocrx_word' id='word_1_459' title='bbox 285 1570 316 1588; x_wconf 89' lang='grc' dir='ltr'><strong>τε</strong></span> <span class='ocrx_word' id='word_1_460' title='bbox 332 1562 406 1597; x_wconf 84' lang='grc' dir='ltr'>παρὰ.</span> <span class='ocrx_word' id='word_1_461' title='bbox 420 1563 475 1589; x_wconf 85' lang='grc' dir='ltr'>τῶν</span> <span class='ocrx_word' id='word_1_462' title='bbox 484 1563 707 1598; x_wconf 77' lang='grc' dir='ltr'>βαπτισαμένων,</span> <span class='ocrx_word' id='word_1_463' title='bbox 722 1563 770 1589; x_wconf 73' lang='grc' dir='ltr'>καὶ</span> <span class='ocrx_word' id='word_1_464' title='bbox 781 1571 835 1590; x_wconf 88' lang='grc' dir='ltr'>πα-</span> 
     </span>
    </p>
   </div>
   <div class='ocr_carea' id='block_1_65' title="bbox 70 1607 835 1644">
    <p class='ocr_par' dir='ltr' id='par_1_65' title="bbox 70 1607 835 1644">
     <span class='ocr_line' id='line_1_65' title="bbox 70 1607 835 1644; baseline 0.005 -13"><span class='ocrx_word' id='word_1_465' title='bbox 70 1607 151 1638; x_wconf 72' lang='grc' dir='ltr'>ραινεῖν</span> <span class='ocrx_word' id='word_1_466' title='bbox 161 1607 373 1641; x_wconf 70' lang='grc' dir='ltr'>ἐπιδείκνυσθαι,</span> <span class='ocrx_word' id='word_1_467' title='bbox 388 1607 455 1634; x_wconf 76' lang='grc' dir='ltr'>ἀλλὰ</span> <span class='ocrx_word' id='word_1_468' title='bbox 467 1608 505 1644; x_wconf 84' lang='grc' dir='ltr'>μὴ</span> <span class='ocrx_word' id='word_1_469' title='bbox 521 1607 713 1643; x_wconf 80' lang='grc' dir='ltr'>καταισχύνειν</span> <span class='ocrx_word' id='word_1_470' title='bbox 723 1608 767 1635; x_wconf 80' lang='grc' dir='ltr'><strong>διά</strong></span> <span class='ocrx_word' id='word_1_471' title='bbox 781 1608 835 1635; x_wconf 84' lang='grc' dir='ltr'><strong>τῶν</strong></span> 
     </span>
    </p>
   </div>
   <div class='ocr_carea' id='block_1_66' title="bbox 70 1652 835 1690">
    <p class='ocr_par' dir='ltr' id='par_1_66' title="bbox 70 1652 835 1690">
     <span class='ocr_line' id='line_1_66' title="bbox 70 1652 835 1690; baseline 0.005 -13"><span class='ocrx_word' id='word_1_472' title='bbox 70 1652 170 1688; x_wconf 81' lang='grc' dir='ltr'>ὑστέρων</span> <span class='ocrx_word' id='word_1_473' title='bbox 182 1654 214 1681; x_wconf 87' lang='grc' dir='ltr'><strong>τὰ</strong></span> <span class='ocrx_word' id='word_1_474' title='bbox 230 1654 375 1688; x_wconf 71' lang='grc' dir='ltr'>φθάσαντα</span> <span class='ocrx_word' id='word_1_475' title='bbox 387 1662 394 1669; x_wconf 83' lang='grc'><em>”</em></span> <span class='ocrx_word' id='word_1_476' title='bbox 419 1654 596 1689; x_wconf 75' lang='grc' dir='ltr'>βεϐαιωτικὸν</span> <span class='ocrx_word' id='word_1_477' title='bbox 623 1655 722 1689; x_wconf 80' lang='grc' dir='ltr'>μᾶλλον</span> <span class='ocrx_word' id='word_1_478' title='bbox 738 1655 771 1682; x_wconf 85' lang='grc' dir='ltr'>ἂν</span> <span class='ocrx_word' id='word_1_479' title='bbox 792 1655 835 1690; x_wconf 82' lang='grc' dir='ltr'><strong>εἴη</strong></span> 
     </span>
    </p>
   </div>
   <div class='ocr_carea' id='block_1_67' title="bbox 70 1698 836 1736">
    <p class='ocr_par' dir='ltr' id='par_1_67' title="bbox 70 1698 836 1736">
     <span class='ocr_line' id='line_1_67' title="bbox 70 1698 836 1736; baseline 0.007 -14"><span class='ocrx_word' id='word_1_480' title='bbox 70 1698 105 1723; x_wconf 80' lang='grc' dir='ltr'>καὶ</span> <span class='ocrx_word' id='word_1_481' title='bbox 116 1700 313 1734; x_wconf 72' lang='grc' dir='ltr'>παραστατικὸν</span> <span class='ocrx_word' id='word_1_482' title='bbox 337 1701 369 1726; x_wconf 83' lang='grc' dir='ltr'>ὲκ</span> <span class='ocrx_word' id='word_1_483' title='bbox 394 1700 448 1734; x_wconf 70' lang='lat'><strong>(59)</strong></span> <span class='ocrx_word' id='word_1_484' title='bbox 464 1700 512 1726; x_wconf 79' lang='grc' dir='ltr'>τοῦ</span> <span class='ocrx_word' id='word_1_485' title='bbox 533 1700 704 1735; x_wconf 82' lang='grc' dir='ltr'>κεκαθάρθαι</span> <span class='ocrx_word' id='word_1_486' title='bbox 719 1700 764 1727; x_wconf 79' lang='grc' dir='ltr'><strong>διὰ</strong></span> <span class='ocrx_word' id='word_1_487' title='bbox 785 1700 836 1736; x_wconf 80' lang='grc' dir='ltr'>τῆς</span> 
     </span>
    </p>
   </div>
   <div class='ocr_carea' id='block_1_68' title="bbox 70 1743 834 1782">
    <p class='ocr_par' dir='ltr' id='par_1_68' title="bbox 70 1743 834 1782">
     <span class='ocr_line' id='line_1_68' title="bbox 70 1743 834 1782; baseline 0.004 -12"><span class='ocrx_word' id='word_1_488' title='bbox 70 1743 202 1779; x_wconf 80' lang='grc' dir='ltr'>ἱερουργίας</span> <span class='ocrx_word' id='word_1_489' title='bbox 225 1745 352 1772; x_wconf 76' lang='grc' dir='ltr'>Ἰωάννου</span> <span class='ocrx_word' id='word_1_490' title='bbox 366 1747 422 1777; x_wconf 87' lang='grc' dir='ltr'>τοῖς</span> <span class='ocrx_word' id='word_1_491' title='bbox 441 1746 573 1782; x_wconf 83' lang='grc' dir='ltr'>Ἰορδάνου</span> <span class='ocrx_word' id='word_1_492' title='bbox 587 1746 689 1781; x_wconf 85' lang='grc' dir='ltr'>νάμασι</span> <span class='ocrx_word' id='word_1_493' title='bbox 706 1746 771 1778; x_wconf 74' lang='grc' dir='ltr'>τοὺς</span> <span class='ocrx_word' id='word_1_494' title='bbox 789 1746 834 1772; x_wconf 82' lang='grc' dir='ltr'>λε-</span> 
     </span>
    </p>
   </div>
   <div class='ocr_carea' id='block_1_69' title="bbox 69 1787 836 1828">
    <p class='ocr_par' dir='ltr' id='par_1_69' title="bbox 69 1787 836 1828">
     <span class='ocr_line' id='line_1_69' title="bbox 69 1787 836 1828; baseline 0.005 -13"><span class='ocrx_word' id='word_1_495' title='bbox 69 1787 193 1823; x_wconf 71' lang='grc' dir='ltr'>λουμένους</span> <span class='ocrx_word' id='word_1_496' title='bbox 207 1800 215 1808; x_wconf 87' lang='grc'><strong>·</strong></span> <span class='ocrx_word' id='word_1_497' title='bbox 234 1791 307 1818; x_wconf 81' lang='grc' dir='ltr'>ἀλλὰ</span> <span class='ocrx_word' id='word_1_498' title='bbox 332 1792 382 1818; x_wconf 88' lang='grc' dir='ltr'>οὐκ</span> <span class='ocrx_word' id='word_1_499' title='bbox 410 1792 549 1828; x_wconf 76' lang='grc' dir='ltr'>ἀναίρεσις</span> <span class='ocrx_word' id='word_1_500' title='bbox 570 1793 602 1819; x_wconf 76' lang='grc' dir='ltr'>οὺ</span> <span class='ocrx_word' id='word_1_501' title='bbox 633 1792 683 1827; x_wconf 81' lang='grc' dir='ltr'>μὲν</span> <span class='ocrx_word' id='word_1_502' title='bbox 707 1790 754 1819; x_wconf 75' lang='grc' dir='ltr'>οὖν</span> <span class='ocrx_word' id='word_1_503' title='bbox 779 1793 836 1824; x_wconf 83' lang='grc' dir='ltr'>τοῖς</span> 
     </span>
    </p>
   </div>
   <div class='ocr_carea' id='block_1_70' title="bbox 71 1833 409 1873">
    <p class='ocr_par' dir='ltr' id='par_1_70' title="bbox 71 1833 409 1873">
     <span class='ocr_line' id='line_1_70' title="bbox 71 1833 409 1873; baseline 0.015 -14"><span class='ocrx_word' id='word_1_504' title='bbox 71 1833 220 1871; x_wconf 82' lang='grc' dir='ltr'>λελουμένοις</span> <span class='ocrx_word' id='word_1_505' title='bbox 234 1837 409 1873; x_wconf 85' lang='grc' dir='ltr'>καθάρσεως.</span> 
     </span>
    </p>
   </div>
   <div class='ocr_carea' id='block_1_71' title="bbox 94 1930 836 1964">
    <p class='ocr_par' dir='ltr' id='par_1_71' title="bbox 94 1930 836 1964">
     <span class='ocr_line' id='line_1_71' title="bbox 94 1930 836 1964; baseline 0.001 -8"><span class='ocrx_word' id='word_1_506' title='bbox 94 1930 190 1958; x_wconf 77' lang='grc' dir='ltr'>Τούτων</span> <span class='ocrx_word' id='word_1_507' title='bbox 202 1931 273 1958; x_wconf 81' lang='grc' dir='ltr'>οὕτω</span> <span class='ocrx_word' id='word_1_508' title='bbox 285 1931 520 1964; x_wconf 80' lang='grc' dir='ltr'>διατυπωθέντων,</span> <span class='ocrx_word' id='word_1_509' title='bbox 531 1931 578 1958; x_wconf 80' lang='grc' dir='ltr'>καὶ</span> <span class='ocrx_word' id='word_1_510' title='bbox 594 1931 649 1958; x_wconf 83' lang='grc' dir='ltr'>τῶν</span> <span class='ocrx_word' id='word_1_511' title='bbox 665 1931 836 1958; x_wconf 81' lang='grc' dir='ltr'>ἀντιπίπτειν</span> 
     </span>
    </p>
   </div>
   <div class='ocr_carea' id='block_1_72' title="bbox 67 1977 838 2014">
    <p class='ocr_par' dir='ltr' id='par_1_72' title="bbox 67 1977 838 2014">
     <span class='ocr_line' id='line_1_72' title="bbox 67 1977 838 2014; baseline 0.003 -11"><span class='ocrx_word' id='word_1_512' title='bbox 67 1977 195 2006; x_wconf 76' lang='grc' dir='ltr'>δοκούντων</span> <span class='ocrx_word' id='word_1_513' title='bbox 210 1980 266 2006; x_wconf 85' lang='grc' dir='ltr'>τῶν</span> <span class='ocrx_word' id='word_1_514' title='bbox 285 1979 337 2014; x_wconf 79' lang='grc' dir='ltr'>μὲν</span> <span class='ocrx_word' id='word_1_515' title='bbox 347 1979 582 2014; x_wconf 79' lang='grc' dir='ltr'>ὲκκαθαρθέντων,</span> <span class='ocrx_word' id='word_1_516' title='bbox 597 1979 651 2005; x_wconf 84' lang='grc' dir='ltr'>τῶν</span> <span class='ocrx_word' id='word_1_517' title='bbox 667 1979 695 2005; x_wconf 79' lang='grc' dir='ltr'><strong>δὲ</strong></span> <span class='ocrx_word' id='word_1_518' title='bbox 708 1979 757 2014; x_wconf 84' lang='grc' dir='ltr'>τὴν</span> <span class='ocrx_word' id='word_1_519' title='bbox 770 1988 838 2014; x_wconf 88' lang='grc' dir='ltr'>συμ-</span> 
     </span>
    </p>
   </div>
   <div class='ocr_carea' id='block_1_73' title="bbox 67 2024 836 2060">
    <p class='ocr_par' dir='ltr' id='par_1_73' title="bbox 67 2024 836 2060">
     <span class='ocr_line' id='line_1_73' title="bbox 67 2024 836 2060; baseline 0.001 -11"><span class='ocrx_word' id='word_1_520' title='bbox 67 2024 151 2055; x_wconf 66' lang='grc' dir='ltr'>φωνίαν</span> <span class='ocrx_word' id='word_1_521' title='bbox 167 2025 367 2060; x_wconf 82' lang='grc' dir='ltr'>ἀνθελομένων,</span> <span class='ocrx_word' id='word_1_522' title='bbox 394 2026 463 2060; x_wconf 82' lang='grc' dir='ltr'>μετὰ</span> <span class='ocrx_word' id='word_1_523' title='bbox 491 2025 648 2060; x_wconf 73' lang='grc' dir='ltr'>παρρησίας</span> <span class='ocrx_word' id='word_1_524' title='bbox 661 2025 836 2060; x_wconf 83' lang='grc' dir='ltr'>φιλαλήθους,</span> 
     </span>
    </p>
   </div>
   <div class='ocr_carea' id='block_1_74' title="bbox 66 2068 837 2106">
    <p class='ocr_par' dir='ltr' id='par_1_74' title="bbox 66 2068 837 2106">
     <span class='ocr_line' id='line_1_74' title="bbox 66 2068 837 2106; baseline 0.001 -12"><span class='ocrx_word' id='word_1_525' title='bbox 66 2068 103 2094; x_wconf 74' lang='grc' dir='ltr'><strong>καὶ</strong></span> <span class='ocrx_word' id='word_1_526' title='bbox 128 2069 264 2104; x_wconf 70' lang='grc' dir='ltr'>θεοφιλοῦς</span> <span class='ocrx_word' id='word_1_527' title='bbox 292 2069 380 2103; x_wconf 76' lang='grc' dir='ltr'>ἔξεστι</span> <span class='ocrx_word' id='word_1_528' title='bbox 395 2070 443 2097; x_wconf 77' lang='grc' dir='ltr'>καὶ</span> <span class='ocrx_word' id='word_1_529' title='bbox 466 2071 584 2106; x_wconf 84' lang='grc' dir='ltr'>φρονεῖν,</span> <span class='ocrx_word' id='word_1_530' title='bbox 611 2070 659 2096; x_wconf 78' lang='grc' dir='ltr'>καὶ</span> <span class='ocrx_word' id='word_1_531' title='bbox 682 2070 782 2104; x_wconf 83' lang='grc' dir='ltr'>λέγειν,</span> <span class='ocrx_word' id='word_1_532' title='bbox 799 2070 837 2101; x_wconf 86' lang='grc' dir='ltr'>ὡς</span> 
     </span>
    </p>
   </div>
   <div class='ocr_carea' id='block_1_75' title="bbox 67 2115 838 2151">
    <p class='ocr_par' dir='ltr' id='par_1_75' title="bbox 67 2115 838 2151">
     <span class='ocr_line' id='line_1_75' title="bbox 67 2115 838 2151; baseline 0.003 -11"><span class='ocrx_word' id='word_1_533' title='bbox 67 2115 164 2148; x_wconf 71' lang='grc' dir='ltr'>παρεῖχε</span> <span class='ocrx_word' id='word_1_534' title='bbox 196 2116 246 2150; x_wconf 78' lang='grc' dir='ltr'>μὲν</span> <span class='ocrx_word' id='word_1_535' title='bbox 272 2115 416 2150; x_wconf 80' lang='grc' dir='ltr'>ἁμαρτιῶν</span> <span class='ocrx_word' id='word_1_536' title='bbox 441 2115 537 2150; x_wconf 78' lang='grc' dir='ltr'>ἄφεσιν</span> <span class='ocrx_word' id='word_1_537' title='bbox 560 2115 590 2142; x_wconf 77' lang='grc' dir='ltr'>τὸ</span> <span class='ocrx_word' id='word_1_538' title='bbox 608 2115 653 2142; x_wconf 82' lang='grc' dir='ltr'>τοῦ</span> <span class='ocrx_word' id='word_1_539' title='bbox 678 2116 838 2151; x_wconf 83' lang='grc' dir='ltr'>Προδρὸμου</span> 
     </span>
    </p>
   </div>
   <div class='ocr_carea' id='block_1_76' title="bbox 66 2158 838 2199">
    <p class='ocr_par' dir='ltr' id='par_1_76' title="bbox 66 2158 838 2199">
     <span class='ocr_line' id='line_1_76' title="bbox 66 2158 838 2199; baseline 0.003 -13"><span class='ocrx_word' id='word_1_540' title='bbox 66 2158 200 2196; x_wconf 76' lang='grc' dir='ltr'>βάπτισμα,</span> <span class='ocrx_word' id='word_1_541' title='bbox 218 2163 249 2189; x_wconf 83' lang='grc' dir='ltr'>οὐ</span> <span class='ocrx_word' id='word_1_542' title='bbox 266 2163 377 2188; x_wconf 86' lang='grc' dir='ltr'>πάντων</span> <span class='ocrx_word' id='word_1_543' title='bbox 391 2162 429 2194; x_wconf 78' lang='grc' dir='ltr'><strong>δὲ,</strong></span> <span class='ocrx_word' id='word_1_544' title='bbox 445 2161 537 2196; x_wconf 81' lang='grc' dir='ltr'>ὥσπερ</span> <span class='ocrx_word' id='word_1_545' title='bbox 551 2162 612 2188; x_wconf 79' lang='grc' dir='ltr'><strong>οὐδὲ</strong></span> <span class='ocrx_word' id='word_1_546' title='bbox 624 2163 650 2188; x_wconf 84' lang='grc' dir='ltr'>αἰ</span> <span class='ocrx_word' id='word_1_547' title='bbox 668 2163 777 2197; x_wconf 73' lang='grc' dir='ltr'>νομικαὶ</span> <span class='ocrx_word' id='word_1_548' title='bbox 792 2171 838 2199; x_wconf 62' lang='lat' dir='ltr'><strong>ce-</strong></span> 
     </span>
    </p>
   </div>
   <div class='ocr_carea' id='block_1_77' title="bbox 66 2204 837 2243">
    <p class='ocr_par' dir='ltr' id='par_1_77' title="bbox 66 2204 837 2243">
     <span class='ocr_line' id='line_1_77' title="bbox 66 2204 837 2243; baseline 0.003 -11"><span class='ocrx_word' id='word_1_549' title='bbox 66 2204 128 2232; x_wconf 69' lang='grc' dir='ltr'>λιταὶ</span> <span class='ocrx_word' id='word_1_550' title='bbox 147 2208 192 2234; x_wconf 55' lang='grc' dir='ltr'>καὶ</span> <span class='ocrx_word' id='word_1_551' title='bbox 209 2208 316 2235; x_wconf 83' lang='grc' dir='ltr'>θυσίαι.</span> <span class='ocrx_word' id='word_1_552' title='bbox 343 2207 411 2234; x_wconf 77' lang='grc' dir='ltr'><strong>οὐδὲ</strong></span> <span class='ocrx_word' id='word_1_553' title='bbox 426 2207 480 2243; x_wconf 78' lang='grc' dir='ltr'><strong>γὰρ</strong></span> <span class='ocrx_word' id='word_1_554' title='bbox 495 2207 555 2234; x_wconf 79' lang='grc' dir='ltr'><strong>οὐδὲ</strong></span> <span class='ocrx_word' id='word_1_555' title='bbox 580 2207 632 2234; x_wconf 85' lang='grc' dir='ltr'>τῶν</span> <span class='ocrx_word' id='word_1_556' title='bbox 654 2209 686 2234; x_wconf 82' lang='grc' dir='ltr'>ἐκ</span> <span class='ocrx_word' id='word_1_557' title='bbox 708 2208 837 2243; x_wconf 84' lang='grc' dir='ltr'>προνοίας</span> 
     </span>
    </p>
   </div>
   <div class='ocr_carea' id='block_1_78' title="bbox 66 2250 837 2288">
    <p class='ocr_par' dir='ltr' id='par_1_78' title="bbox 66 2250 837 2288">
     <span class='ocr_line' id='line_1_78' title="bbox 66 2250 837 2288; baseline 0 -12"><span class='ocrx_word' id='word_1_558' title='bbox 66 2250 148 2283; x_wconf 79' lang='grc' dir='ltr'>φόνων,</span> <span class='ocrx_word' id='word_1_559' title='bbox 164 2252 194 2278; x_wconf 75' lang='grc' dir='ltr'>οὐ</span> <span class='ocrx_word' id='word_1_560' title='bbox 210 2252 265 2288; x_wconf 81' lang='grc' dir='ltr'>μὴν</span> <span class='ocrx_word' id='word_1_561' title='bbox 279 2251 334 2279; x_wconf 82' lang='grc' dir='ltr'><strong>οὐδ’</strong></span> <span class='ocrx_word' id='word_1_562' title='bbox 349 2251 376 2278; x_wconf 75' lang='lat' dir='ltr'><strong>ef</strong></span> <span class='ocrx_word' id='word_1_563' title='bbox 389 2260 429 2282; x_wconf 85' lang='grc' dir='ltr'><strong>τις</strong></span> <span class='ocrx_word' id='word_1_564' title='bbox 441 2251 596 2285; x_wconf 81' lang='grc' dir='ltr'>ἀλλοτρίους</span> <span class='ocrx_word' id='word_1_565' title='bbox 621 2251 726 2286; x_wconf 83' lang='grc' dir='ltr'>γάμους</span> <span class='ocrx_word' id='word_1_566' title='bbox 738 2250 837 2285; x_wconf 80' lang='grc' dir='ltr'>διώρυ-</span> 
     </span>
    </p>
   </div>
   <div class='ocr_carea' id='block_1_79' title="bbox 66 2295 838 2332">
    <p class='ocr_par' dir='ltr' id='par_1_79' title="bbox 66 2295 838 2332">
     <span class='ocr_line' id='line_1_79' title="bbox 66 2295 838 2332; baseline 0.001 -11"><span class='ocrx_word' id='word_1_567' title='bbox 66 2295 110 2328; x_wconf 81' lang='grc' dir='ltr'>ξεν,</span> <span class='ocrx_word' id='word_1_568' title='bbox 126 2297 239 2324; x_wconf 67' lang='grc' dir='ltr'>οὺδ¹ὂσα</span> <span class='ocrx_word' id='word_1_569' title='bbox 264 2298 297 2324; x_wconf 77' lang='grc' dir='ltr'>τὸ</span> <span class='ocrx_word' id='word_1_570' title='bbox 325 2297 437 2332; x_wconf 78' lang='grc' dir='ltr'>φρικτὸν</span> <span class='ocrx_word' id='word_1_571' title='bbox 463 2297 551 2323; x_wconf 68' lang='grc' dir='ltr'>ἐκεῖνο</span> <span class='ocrx_word' id='word_1_572' title='bbox 572 2297 619 2323; x_wconf 78' lang='grc' dir='ltr'>καὶ</span> <span class='ocrx_word' id='word_1_573' title='bbox 643 2297 767 2331; x_wconf 83' lang='grc' dir='ltr'>οὐράνιον</span> <span class='ocrx_word' id='word_1_574' title='bbox 781 2295 838 2332; x_wconf 81' lang='grc' dir='ltr'>πῦρ</span> 
     </span>
    </p>
   </div>
   <div class='ocr_carea' id='block_1_80' title="bbox 66 2341 837 2378">
    <p class='ocr_par' dir='ltr' id='par_1_80' title="bbox 66 2341 837 2378">
     <span class='ocr_line' id='line_1_80' title="bbox 66 2341 837 2378; baseline 0.004 -12"><span class='ocrx_word' id='word_1_575' title='bbox 66 2342 111 2372; x_wconf 78' lang='grc' dir='ltr'>τοῖς</span> <span class='ocrx_word' id='word_1_576' title='bbox 128 2343 227 2378; x_wconf 75' lang='grc' dir='ltr'>ἐνόχοις</span> <span class='ocrx_word' id='word_1_577' title='bbox 246 2343 350 2378; x_wconf 81' lang='grc' dir='ltr'>ζημίαν</span> <span class='ocrx_word' id='word_1_578' title='bbox 380 2341 542 2368; x_wconf 73' lang='grc' dir='ltr'>ἐπέϐαλλον·</span> <span class='ocrx_word' id='word_1_579' title='bbox 559 2341 606 2368; x_wconf 66' lang='grc' dir='ltr'>οὐδ</span> <span class='ocrx_word' id='word_1_580' title='bbox 626 2342 715 2368; x_wconf 85' lang='grc' dir='ltr'>ἄλλων</span> <span class='ocrx_word' id='word_1_581' title='bbox 731 2342 837 2369; x_wconf 87' lang='grc' dir='ltr'>πολλῶν</span> 
     </span>
    </p>
   </div>
   <div class='ocr_carea' id='block_1_81' title="bbox 66 2385 840 2422">
    <p class='ocr_par' dir='ltr' id='par_1_81' title="bbox 66 2385 840 2422">
     <span class='ocr_line' id='line_1_81' title="bbox 66 2385 840 2422; baseline -0.001 -10"><span class='ocrx_word' id='word_1_582' title='bbox 66 2385 200 2420; x_wconf 74' lang='grc' dir='ltr'>ἐξαγίστων</span> <span class='ocrx_word' id='word_1_583' title='bbox 227 2388 278 2414; x_wconf 76' lang='grc' dir='ltr'>καὶ</span> <span class='ocrx_word' id='word_1_584' title='bbox 308 2386 504 2422; x_wconf 80' lang='grc' dir='ltr'>παραπλησίων</span> <span class='ocrx_word' id='word_1_585' title='bbox 531 2385 619 2421; x_wconf 76' lang='grc' dir='ltr'>ἔργων</span> <span class='ocrx_word' id='word_1_586' title='bbox 640 2385 690 2419; x_wconf 86' lang='grc' dir='ltr'>τὴν</span> <span class='ocrx_word' id='word_1_587' title='bbox 707 2385 840 2420; x_wconf 85' lang='grc' dir='ltr'>κάθαρσιν</span> 
     </span>
    </p>
   </div>
   <div class='ocr_carea' id='block_1_82' title="bbox 66 2431 838 2467">
    <p class='ocr_par' dir='ltr' id='par_1_82' title="bbox 66 2431 838 2467">
     <span class='ocr_line' id='line_1_82' title="bbox 66 2431 838 2467; baseline 0.001 -11"><span class='ocrx_word' id='word_1_588' title='bbox 66 2431 136 2458; x_wconf 72' lang='grc' dir='ltr'>οὗτεό</span> <span class='ocrx_word' id='word_1_589' title='bbox 149 2433 240 2467; x_wconf 71' lang='grc' dir='ltr'>νόμος,</span> <span class='ocrx_word' id='word_1_590' title='bbox 250 2432 315 2460; x_wconf 71' lang='grc' dir='ltr'>οὔτε</span> <span class='ocrx_word' id='word_1_591' title='bbox 328 2432 489 2461; x_wconf 80' lang='grc' dir='ltr'>τὺἸωάννου</span> <span class='ocrx_word' id='word_1_592' title='bbox 500 2431 676 2465; x_wconf 79' lang='grc' dir='ltr'>διεπράττετο</span> <span class='ocrx_word' id='word_1_593' title='bbox 687 2431 838 2466; x_wconf 84' lang='grc' dir='ltr'>βάπτισμα.</span> 
     </span>
    </p>
   </div>
   <div class='ocr_carea' id='block_1_83' title="bbox 72 2476 841 2512">
    <p class='ocr_par' dir='ltr' id='par_1_83' title="bbox 72 2476 841 2512">
     <span class='ocr_line' id='line_1_83' title="bbox 72 2476 841 2512; baseline 0.001 -10"><span class='ocrx_word' id='word_1_594' title='bbox 72 2476 141 2504; x_wconf 73' lang='grc' dir='ltr'>Ἀλλά</span> <span class='ocrx_word' id='word_1_595' title='bbox 152 2478 257 2505; x_wconf 86' lang='grc' dir='ltr'>τούτων</span> <span class='ocrx_word' id='word_1_596' title='bbox 274 2478 400 2505; x_wconf 85' lang='grc' dir='ltr'>ἁπάντων</span> <span class='ocrx_word' id='word_1_597' title='bbox 414 2477 428 2503; x_wconf 78' lang='grc' dir='ltr'>ὁ</span> <span class='ocrx_word' id='word_1_598' title='bbox 447 2477 496 2512; x_wconf 84' lang='grc' dir='ltr'>μὲν</span> <span class='ocrx_word' id='word_1_599' title='bbox 518 2476 610 2510; x_wconf 81' lang='grc' dir='ltr'>νόμος,</span> <span class='ocrx_word' id='word_1_600' title='bbox 625 2476 674 2503; x_wconf 80' lang='grc' dir='ltr'>ὅσα</span> <span class='ocrx_word' id='word_1_601' title='bbox 688 2477 725 2512; x_wconf 85' lang='grc' dir='ltr'>μὴ</span> <span class='ocrx_word' id='word_1_602' title='bbox 739 2477 841 2512; x_wconf 90' lang='grc' dir='ltr'>προλα-</span> 
     </span>
    </p>
   </div>
   <div class='ocr_carea' id='block_1_84' title="bbox 68 2520 841 2558">
    <p class='ocr_par' dir='ltr' id='par_1_84' title="bbox 68 2520 841 2558">
     <span class='ocr_line' id='line_1_84' title="bbox 68 2520 841 2558; baseline -0.001 -8"><span class='ocrx_word' id='word_1_603' title='bbox 68 2520 133 2549; x_wconf 74' lang='grc' dir='ltr'><strong>6ὼνὸ</strong></span> <span class='ocrx_word' id='word_1_604' title='bbox 150 2523 258 2558; x_wconf 86' lang='grc' dir='ltr'>πρῶτος</span> <span class='ocrx_word' id='word_1_605' title='bbox 282 2523 430 2558; x_wconf 77' lang='grc' dir='ltr'>νομοθέτης</span> <span class='ocrx_word' id='word_1_606' title='bbox 446 2523 651 2557; x_wconf 75' lang='grc' dir='ltr'>εἰσεπράττετο,</span> <span class='ocrx_word' id='word_1_607' title='bbox 665 2521 796 2557; x_wconf 79' lang='grc' dir='ltr'>δικαστὴν</span> <span class='ocrx_word' id='word_1_608' title='bbox 809 2522 841 2549; x_wconf 86' lang='grc' dir='ltr'>τδ</span> 
     </span>
    </p>
   </div>
   <div class='ocr_carea' id='block_1_85' title="bbox 69 2564 841 2603">
    <p class='ocr_par' dir='ltr' id='par_1_85' title="bbox 69 2564 841 2603">
     <span class='ocr_line' id='line_1_85' title="bbox 69 2564 841 2603; baseline -0.001 -8"><span class='ocrx_word' id='word_1_609' title='bbox 69 2564 132 2600; x_wconf 63' lang='grc' dir='ltr'>ξίφος</span> <span class='ocrx_word' id='word_1_610' title='bbox 148 2568 261 2601; x_wconf 71' lang='grc' dir='ltr'>ἐκάθιζε</span> <span class='ocrx_word' id='word_1_611' title='bbox 271 2576 280 2583; x_wconf 73' lang='grc'><strong>⁸</strong></span> <span class='ocrx_word' id='word_1_612' title='bbox 297 2569 329 2595; x_wconf 82' lang='grc' dir='ltr'><strong>τὺ</strong></span> <span class='ocrx_word' id='word_1_613' title='bbox 344 2568 374 2595; x_wconf 74' lang='grc' dir='ltr'><strong>δὲ</strong></span> <span class='ocrx_word' id='word_1_614' title='bbox 396 2568 518 2596; x_wconf 71' lang='grc' dir='ltr'>Ἰωάννου</span> <span class='ocrx_word' id='word_1_615' title='bbox 530 2567 672 2603; x_wconf 82' lang='grc' dir='ltr'>βάπτισμα</span> <span class='ocrx_word' id='word_1_616' title='bbox 686 2569 724 2599; x_wconf 74' lang='grc' dir='ltr'>εἰς</span> <span class='ocrx_word' id='word_1_617' title='bbox 738 2569 769 2594; x_wconf 79' lang='grc' dir='ltr'><strong>τὸ</strong></span> <span class='ocrx_word' id='word_1_618' title='bbox 782 2576 841 2595; x_wconf 82' lang='grc' dir='ltr'>κοι-</span> 
     </span>
    </p>
   </div>
   <div class='ocr_carea' id='block_1_86' title="bbox 96 2623 313 2659">
    <p class='ocr_par' dir='ltr' id='par_1_86' title="bbox 96 2623 313 2659">
     <span class='ocr_line' id='line_1_86' title="bbox 96 2623 313 2659; baseline 0 -6"><span class='ocrx_word' id='word_1_619' title='bbox 96 2623 116 2639; x_wconf 82' lang='lat'>&quot;</span> <span class='ocrx_word' id='word_1_620' title='bbox 129 2624 266 2659; x_wconf 66' lang='lat' dir='ltr'><strong>Joan.,m,</strong></span> <span class='ocrx_word' id='word_1_621' title='bbox 285 2625 313 2654; x_wconf 82' lang='lat'><strong>5.</strong></span> 
     </span>
    </p>
   </div>
   <div class='ocr_carea' id='block_1_87' title="bbox 885 1561 1672 1598">
    <p class='ocr_par' dir='ltr' id='par_1_87' title="bbox 885 1561 1672 1598">
     <span class='ocr_line' id='line_1_87' title="bbox 885 1561 1672 1598; baseline -0.006 -6"><span class='ocrx_word' id='word_1_622' title='bbox 885 1566 993 1593; x_wconf 79' lang='lat' dir='ltr'><strong>adimit.</strong></span> <span class='ocrx_word' id='word_1_623' title='bbox 1011 1564 1146 1592; x_wconf 62' lang='lat' dir='ltr'><strong>Praeterea</strong></span> <span class='ocrx_word' id='word_1_624' title='bbox 1166 1564 1188 1592; x_wconf 86' lang='lat' dir='ltr'><strong>si</strong></span> <span class='ocrx_word' id='word_1_625' title='bbox 1205 1572 1220 1591; x_wconf 89' lang='lat' dir='ltr'><strong>a</strong></span> <span class='ocrx_word' id='word_1_626' title='bbox 1237 1563 1382 1598; x_wconf 78' lang='lat' dir='ltr'><strong>baptizatis</strong></span> <span class='ocrx_word' id='word_1_627' title='bbox 1400 1561 1504 1589; x_wconf 87' lang='lat' dir='ltr'><strong>fructus</strong></span> <span class='ocrx_word' id='word_1_628' title='bbox 1521 1561 1597 1595; x_wconf 82' lang='lat' dir='ltr'><strong>digni</strong></span> <span class='ocrx_word' id='word_1_629' title='bbox 1610 1567 1672 1588; x_wconf 84' lang='lat' dir='ltr'><strong>sus-</strong></span> 
     </span>
    </p>
   </div>
   <div class='ocr_carea' id='block_1_88' title="bbox 885 1609 1672 1646">
    <p class='ocr_par' dir='ltr' id='par_1_88' title="bbox 885 1609 1672 1646">
     <span class='ocr_line' id='line_1_88' title="bbox 885 1609 1672 1646; baseline -0.006 -8"><span class='ocrx_word' id='word_1_630' title='bbox 885 1616 971 1646; x_wconf 74' lang='lat' dir='ltr'><strong>cepta:</strong></span> <span class='ocrx_word' id='word_1_631' title='bbox 990 1611 1158 1646; x_wconf 64' lang='lat' dir='ltr'><strong>pmuitentia:</strong></span> <span class='ocrx_word' id='word_1_632' title='bbox 1184 1609 1405 1644; x_wconf 81' lang='lat' dir='ltr'><strong>requirebaotur,</strong></span> <span class='ocrx_word' id='word_1_633' title='bbox 1429 1615 1579 1642; x_wconf 91' lang='lat' dir='ltr'><strong>eorumque</strong></span> <span class='ocrx_word' id='word_1_634' title='bbox 1600 1614 1672 1641; x_wconf 76' lang='lat' dir='ltr'><strong>pra:-</strong></span> 
     </span>
    </p>
   </div>
   <div class='ocr_carea' id='block_1_89' title="bbox 886 1653 1673 1689">
    <p class='ocr_par' dir='ltr' id='par_1_89' title="bbox 886 1653 1673 1689">
     <span class='ocr_line' id='line_1_89' title="bbox 886 1653 1673 1689; baseline -0.006 -5"><span class='ocrx_word' id='word_1_635' title='bbox 886 1656 1279 1687; x_wconf 81' lang='lat' dir='ltr'><strong>scribebaturdemonstratio,</strong></span> <span class='ocrx_word' id='word_1_636' title='bbox 1294 1663 1328 1682; x_wconf 88' lang='lat' dir='ltr'><strong>ne</strong></span> <span class='ocrx_word' id='word_1_637' title='bbox 1342 1662 1390 1689; x_wconf 90' lang='lat' dir='ltr'><strong>per</strong></span> <span class='ocrx_word' id='word_1_638' title='bbox 1407 1657 1564 1689; x_wconf 79' lang='lat' dir='ltr'><strong>sequentem</strong></span> <span class='ocrx_word' id='word_1_639' title='bbox 1581 1653 1673 1688; x_wconf 80' lang='lat' dir='ltr'><strong>pravi-‘</strong></span> 
     </span>
    </p>
   </div>
   <div class='ocr_carea' id='block_1_90' title="bbox 887 1698 1673 1736">
    <p class='ocr_par' dir='ltr' id='par_1_90' title="bbox 887 1698 1673 1736">
     <span class='ocr_line' id='line_1_90' title="bbox 887 1698 1673 1736; baseline -0.005 -8"><span class='ocrx_word' id='word_1_640' title='bbox 887 1706 968 1729; x_wconf 87' lang='lat' dir='ltr'><strong>talem</strong></span> <span class='ocrx_word' id='word_1_641' title='bbox 981 1702 1072 1736; x_wconf 81' lang='lat' dir='ltr'><strong>priora</strong></span> <span class='ocrx_word' id='word_1_642' title='bbox 1083 1703 1153 1728; x_wconf 80' lang='lat' dir='ltr'><strong>bona</strong></span> <span class='ocrx_word' id='word_1_643' title='bbox 1170 1701 1355 1733; x_wconf 74' lang='lat' dir='ltr'><strong>fmdarentnr;</strong></span> <span class='ocrx_word' id='word_1_644' title='bbox 1371 1700 1421 1726; x_wconf 89' lang='lat' dir='ltr'><strong>hoc</strong></span> <span class='ocrx_word' id='word_1_645' title='bbox 1437 1700 1505 1726; x_wconf 77' lang='lat' dir='ltr'><strong>adeo</strong></span> <span class='ocrx_word' id='word_1_646' title='bbox 1521 1698 1673 1733; x_wconf 80' lang='lat' dir='ltr'><strong>baptizatos</strong></span> 
     </span>
    </p>
   </div>
   <div class='ocr_carea' id='block_1_91' title="bbox 886 1744 1672 1779">
    <p class='ocr_par' dir='ltr' id='par_1_91' title="bbox 886 1744 1672 1779">
     <span class='ocr_line' id='line_1_91' title="bbox 886 1744 1672 1779; baseline -0.008 -4"><span class='ocrx_word' id='word_1_647' title='bbox 886 1757 935 1776; x_wconf 82' lang='lat' dir='ltr'><strong>sua</strong></span> <span class='ocrx_word' id='word_1_648' title='bbox 947 1748 1126 1775; x_wconf 84' lang='lat' dir='ltr'><strong>mundalione</strong></span> <span class='ocrx_word' id='word_1_649' title='bbox 1140 1755 1193 1774; x_wconf 90' lang='lat' dir='ltr'><strong>non</strong></span> <span class='ocrx_word' id='word_1_650' title='bbox 1208 1746 1341 1776; x_wconf 86' lang='lat' dir='ltr'><strong>destituit.</strong></span> <span class='ocrx_word' id='word_1_651' title='bbox 1351 1751 1380 1772; x_wconf 92' lang='lat' dir='ltr'><strong>ut</strong></span> <span class='ocrx_word' id='word_1_652' title='bbox 1395 1745 1558 1773; x_wconf 81' lang='lat' dir='ltr'><strong>continuare</strong></span> <span class='ocrx_word' id='word_1_653' title='bbox 1572 1744 1672 1779; x_wconf 78' lang='lat' dir='ltr'><strong>potius,</strong></span> 
     </span>
    </p>
   </div>
   <div class='ocr_carea' id='block_1_92' title="bbox 886 1789 1673 1827">
    <p class='ocr_par' dir='ltr' id='par_1_92' title="bbox 886 1789 1673 1827">
     <span class='ocr_line' id='line_1_92' title="bbox 886 1789 1673 1827; baseline -0.008 -5"><span class='ocrx_word' id='word_1_654' title='bbox 886 1799 913 1822; x_wconf 89' lang='lat' dir='ltr'><strong>et</strong></span> <span class='ocrx_word' id='word_1_655' title='bbox 940 1799 1065 1821; x_wconf 76' lang='lat' dir='ltr'><strong>astruere</strong></span> <span class='ocrx_word' id='word_1_656' title='bbox 1085 1794 1228 1824; x_wconf 81' lang='lat' dir='ltr'><strong>videatur,</strong></span> <span class='ocrx_word' id='word_1_657' title='bbox 1250 1793 1323 1827; x_wconf 87' lang='lat' dir='ltr'><strong>quod</strong></span> <span class='ocrx_word' id='word_1_658' title='bbox 1351 1799 1399 1826; x_wconf 86' lang='lat' dir='ltr'><strong>per</strong></span> <span class='ocrx_word' id='word_1_659' title='bbox 1429 1798 1534 1818; x_wconf 86' lang='lat' dir='ltr'><strong>sacram</strong></span> <span class='ocrx_word' id='word_1_660' title='bbox 1560 1789 1673 1816; x_wconf 74' lang='lat' dir='ltr'><strong>Joannis</strong></span> 
     </span>
    </p>
   </div>
   <div class='ocr_carea' id='block_1_93' title="bbox 886 1835 1673 1868">
    <p class='ocr_par' dir='ltr' id='par_1_93' title="bbox 886 1835 1673 1868">
     <span class='ocr_line' id='line_1_93' title="bbox 886 1835 1673 1868; baseline -0.009 0"><span class='ocrx_word' id='word_1_661' title='bbox 886 1841 1076 1868; x_wconf 69' lang='lat' dir='ltr'><strong>cwremoniam</strong></span> <span class='ocrx_word' id='word_1_662' title='bbox 1095 1839 1238 1866; x_wconf 85' lang='lat' dir='ltr'><strong>hominum</strong></span> <span class='ocrx_word' id='word_1_663' title='bbox 1253 1839 1323 1865; x_wconf 82' lang='lat' dir='ltr'><strong>inter</strong></span> <span class='ocrx_word' id='word_1_664' title='bbox 1334 1837 1434 1864; x_wconf 81' lang='lat' dir='ltr'><strong>fluenta</strong></span> <span class='ocrx_word' id='word_1_665' title='bbox 1450 1836 1578 1863; x_wconf 79' lang='lat' dir='ltr'><strong>Jordanis</strong></span> <span class='ocrx_word' id='word_1_666' title='bbox 1593 1835 1673 1862; x_wconf 75' lang='lat' dir='ltr'><strong>ablu-</strong></span> 
     </span>
    </p>
   </div>
   <div class='ocr_carea' id='block_1_94' title="bbox 888 1886 1312 1919">
    <p class='ocr_par' dir='ltr' id='par_1_94' title="bbox 888 1886 1312 1919">
     <span class='ocr_line' id='line_1_94' title="bbox 888 1886 1312 1919; baseline -0.007 -6"><span class='ocrx_word' id='word_1_667' title='bbox 888 1891 947 1914; x_wconf 77' lang='lat' dir='ltr'><strong>IOI‘U</strong></span> <span class='ocrx_word' id='word_1_668' title='bbox 953 1894 977 1912; x_wconf 87' lang='lat' dir='ltr'><strong>III</strong></span> <span class='ocrx_word' id='word_1_669' title='bbox 998 1886 1082 1912; x_wconf 81' lang='lat' dir='ltr'><strong>corda</strong></span> <span class='ocrx_word' id='word_1_670' title='bbox 1096 1889 1285 1919; x_wconf 80' lang='lat' dir='ltr'><strong>extergerentu</strong></span> <span class='ocrx_word' id='word_1_671' title='bbox 1291 1893 1312 1910; x_wconf 86' lang='grc' dir='ltr'><strong>Γ.</strong></span> 
     </span>
    </p>
   </div>
   <div class='ocr_carea' id='block_1_95' title="bbox 922 1928 1674 1964">
    <p class='ocr_par' dir='ltr' id='par_1_95' title="bbox 922 1928 1674 1964">
     <span class='ocr_line' id='line_1_95' title="bbox 922 1928 1674 1964; baseline -0.008 -6"><span class='ocrx_word' id='word_1_672' title='bbox 922 1931 969 1959; x_wconf 87' lang='lat' dir='ltr'><strong>His</strong></span> <span class='ocrx_word' id='word_1_673' title='bbox 982 1935 1072 1958; x_wconf 84' lang='lat' dir='ltr'><strong>autem</strong></span> <span class='ocrx_word' id='word_1_674' title='bbox 1103 1931 1139 1958; x_wconf 87' lang='lat' dir='ltr'><strong>ita</strong></span> <span class='ocrx_word' id='word_1_675' title='bbox 1165 1930 1324 1961; x_wconf 79' lang='lat' dir='ltr'><strong>enucleatis.</strong></span> <span class='ocrx_word' id='word_1_676' title='bbox 1339 1934 1366 1956; x_wconf 88' lang='lat' dir='ltr'><strong>et</strong></span> <span class='ocrx_word' id='word_1_677' title='bbox 1392 1928 1553 1964; x_wconf 89' lang='lat' dir='ltr'><strong>quibusdam</strong></span> <span class='ocrx_word' id='word_1_678' title='bbox 1566 1935 1674 1959; x_wconf 66' lang='lat' dir='ltr'><strong>eorum,</strong></span> 
     </span>
    </p>
   </div>
   <div class='ocr_carea' id='block_1_96' title="bbox 887 1972 1674 2012">
    <p class='ocr_par' dir='ltr' id='par_1_96' title="bbox 887 1972 1674 2012">
     <span class='ocr_line' id='line_1_96' title="bbox 887 1972 1674 2012; baseline -0.008 -8"><span class='ocrx_word' id='word_1_679' title='bbox 887 1985 947 2012; x_wconf 74' lang='lat' dir='ltr'><strong>qua:</strong></span> <span class='ocrx_word' id='word_1_680' title='bbox 977 1977 1092 2004; x_wconf 82' lang='lat' dir='ltr'><strong>invicem</strong></span> <span class='ocrx_word' id='word_1_681' title='bbox 1122 1974 1260 2002; x_wconf 84' lang='lat' dir='ltr'><strong>adversari</strong></span> <span class='ocrx_word' id='word_1_682' title='bbox 1285 1974 1457 2005; x_wconf 86' lang='lat' dir='ltr'><strong>videbantur,</strong></span> <span class='ocrx_word' id='word_1_683' title='bbox 1482 1973 1600 2006; x_wconf 84' lang='lat' dir='ltr'><strong>rejectis.</strong></span> <span class='ocrx_word' id='word_1_684' title='bbox 1613 1972 1674 1999; x_wconf 87' lang='lat' dir='ltr'><strong>aliis</strong></span> 
     </span>
    </p>
   </div>
   <div class='ocr_carea' id='block_1_97' title="bbox 887 2018 1675 2053">
    <p class='ocr_par' dir='ltr' id='par_1_97' title="bbox 887 2018 1675 2053">
     <span class='ocr_line' id='line_1_97' title="bbox 887 2018 1675 2053; baseline -0.008 -4"><span class='ocrx_word' id='word_1_685' title='bbox 887 2028 977 2050; x_wconf 85' lang='lat' dir='ltr'><strong>autem</strong></span> <span class='ocrx_word' id='word_1_686' title='bbox 1002 2022 1034 2048; x_wconf 87' lang='lat' dir='ltr'><strong>ad</strong></span> <span class='ocrx_word' id='word_1_687' title='bbox 1061 2021 1235 2048; x_wconf 88' lang='lat' dir='ltr'><strong>concordiam</strong></span> <span class='ocrx_word' id='word_1_688' title='bbox 1265 2020 1394 2051; x_wconf 78' lang='lat' dir='ltr'><strong>redactis.</strong></span> <span class='ocrx_word' id='word_1_689' title='bbox 1410 2022 1527 2053; x_wconf 80' lang='lat' dir='ltr'><strong>oportet,</strong></span> <span class='ocrx_word' id='word_1_690' title='bbox 1544 2023 1572 2045; x_wconf 89' lang='lat' dir='ltr'><strong>ut</strong></span> <span class='ocrx_word' id='word_1_691' title='bbox 1585 2018 1630 2052; x_wconf 93' lang='lat' dir='ltr'><strong>qui</strong></span> <span class='ocrx_word' id='word_1_692' title='bbox 1648 2021 1675 2043; x_wconf 86' lang='lat' dir='ltr'><strong>et</strong></span> 
     </span>
    </p>
   </div>
   <div class='ocr_carea' id='block_1_98' title="bbox 888 2065 1674 2099">
    <p class='ocr_par' dir='ltr' id='par_1_98' title="bbox 888 2065 1674 2099">
     <span class='ocr_line' id='line_1_98' title="bbox 888 2065 1674 2099; baseline -0.008 -3"><span class='ocrx_word' id='word_1_693' title='bbox 888 2069 1028 2096; x_wconf 84' lang='lat' dir='ltr'><strong>veritatem</strong></span> <span class='ocrx_word' id='word_1_694' title='bbox 1051 2072 1078 2095; x_wconf 86' lang='lat' dir='ltr'><strong>et</strong></span> <span class='ocrx_word' id='word_1_695' title='bbox 1098 2067 1182 2094; x_wconf 89' lang='lat' dir='ltr'><strong>Deum</strong></span> <span class='ocrx_word' id='word_1_696' title='bbox 1201 2067 1317 2099; x_wconf 80' lang='lat' dir='ltr'><strong>diligunt</strong></span> <span class='ocrx_word' id='word_1_697' title='bbox 1332 2071 1390 2093; x_wconf 91' lang='lat' dir='ltr'><strong>tuto</strong></span> <span class='ocrx_word' id='word_1_698' title='bbox 1406 2065 1457 2092; x_wconf 87' lang='lat' dir='ltr'><strong>sibi</strong></span> <span class='ocrx_word' id='word_1_699' title='bbox 1482 2065 1674 2099; x_wconf 73' lang='lat' dir='ltr'><strong>persuadeant,</strong></span> 
     </span>
    </p>
   </div>
   <div class='ocr_carea' id='block_1_99' title="bbox 888 2110 1674 2150">
    <p class='ocr_par' dir='ltr' id='par_1_99' title="bbox 888 2110 1674 2150">
     <span class='ocr_line' id='line_1_99' title="bbox 888 2110 1674 2150; baseline -0.008 -8"><span class='ocrx_word' id='word_1_700' title='bbox 888 2121 968 2150; x_wconf 87' lang='lat' dir='ltr'><strong>atque</strong></span> <span class='ocrx_word' id='word_1_701' title='bbox 994 2114 1130 2141; x_wconf 78' lang='lat' dir='ltr'><strong>fateantur</strong></span> <span class='ocrx_word' id='word_1_702' title='bbox 1157 2113 1345 2140; x_wconf 85' lang='lat' dir='ltr'><strong>remissionem</strong></span> <span class='ocrx_word' id='word_1_703' title='bbox 1369 2117 1541 2146; x_wconf 74' lang='lat' dir='ltr'><strong>peccatorum</strong></span> <span class='ocrx_word' id='word_1_704' title='bbox 1562 2110 1674 2137; x_wconf 85' lang='lat' dir='ltr'><strong>Joannis</strong></span> 
     </span>
    </p>
   </div>
   <div class='ocr_carea' id='block_1_100' title="bbox 888 2155 1676 2195">
    <p class='ocr_par' dir='ltr' id='par_1_100' title="bbox 888 2155 1676 2195">
     <span class='ocr_line' id='line_1_100' title="bbox 888 2155 1676 2195; baseline -0.009 -7"><span class='ocrx_word' id='word_1_705' title='bbox 888 2161 1021 2195; x_wconf 85' lang='lat' dir='ltr'><strong>baptisma</strong></span> <span class='ocrx_word' id='word_1_706' title='bbox 1040 2165 1194 2194; x_wconf 70' lang='lat' dir='ltr'><strong>praestasse,</strong></span> <span class='ocrx_word' id='word_1_707' title='bbox 1211 2167 1263 2186; x_wconf 92' lang='lat' dir='ltr'><strong>non</strong></span> <span class='ocrx_word' id='word_1_708' title='bbox 1282 2158 1405 2185; x_wconf 89' lang='lat' dir='ltr'><strong>omnium</strong></span> <span class='ocrx_word' id='word_1_709' title='bbox 1426 2162 1527 2189; x_wconf 89' lang='lat' dir='ltr'><strong>tamen,</strong></span> <span class='ocrx_word' id='word_1_710' title='bbox 1544 2155 1676 2191; x_wconf 87' lang='lat' dir='ltr'><strong>quemad-</strong></span> 
     </span>
    </p>
   </div>
   <div class='ocr_carea' id='block_1_101' title="bbox 891 2202 1677 2240">
    <p class='ocr_par' dir='ltr' id='par_1_101' title="bbox 891 2202 1677 2240">
     <span class='ocr_line' id='line_1_101' title="bbox 891 2202 1677 2240; baseline -0.008 -7"><span class='ocrx_word' id='word_1_711' title='bbox 891 2207 1001 2233; x_wconf 88' lang='lat' dir='ltr'><strong>modum</strong></span> <span class='ocrx_word' id='word_1_712' title='bbox 1019 2206 1128 2240; x_wconf 71' lang='lat' dir='ltr'><strong>neipsaa</strong></span> <span class='ocrx_word' id='word_1_713' title='bbox 1141 2205 1248 2240; x_wconf 86' lang='lat' dir='ltr'><strong>quidem</strong></span> <span class='ocrx_word' id='word_1_714' title='bbox 1272 2204 1372 2238; x_wconf 77' lang='lat' dir='ltr'><strong>legales</strong></span> <span class='ocrx_word' id='word_1_715' title='bbox 1397 2202 1566 2230; x_wconf 66' lang='lat' dir='ltr'><strong>cmremoniaa</strong></span> <span class='ocrx_word' id='word_1_716' title='bbox 1581 2206 1608 2228; x_wconf 89' lang='lat' dir='ltr'><strong>et</strong></span> <span class='ocrx_word' id='word_1_717' title='bbox 1634 2208 1677 2227; x_wconf 82' lang='lat' dir='ltr'><strong>sa-</strong></span> 
     </span>
    </p>
   </div>
   <div class='ocr_carea' id='block_1_102' title="bbox 890 2249 1677 2282">
    <p class='ocr_par' dir='ltr' id='par_1_102' title="bbox 890 2249 1677 2282">
     <span class='ocr_line' id='line_1_102' title="bbox 890 2249 1677 2282; baseline -0.01 -3"><span class='ocrx_word' id='word_1_718' title='bbox 890 2252 1002 2280; x_wconf 78' lang='lat' dir='ltr'><strong>criﬁcia.</strong></span> <span class='ocrx_word' id='word_1_719' title='bbox 1019 2251 1143 2278; x_wconf 80' lang='lat' dir='ltr'><strong>Profecto</strong></span> <span class='ocrx_word' id='word_1_720' title='bbox 1157 2257 1207 2278; x_wconf 86' lang='lat' dir='ltr'><strong>nec</strong></span> <span class='ocrx_word' id='word_1_721' title='bbox 1221 2249 1367 2277; x_wconf 84' lang='lat' dir='ltr'><strong>homicidia</strong></span> <span class='ocrx_word' id='word_1_722' title='bbox 1381 2249 1472 2276; x_wconf 85' lang='lat' dir='ltr'><strong>dedita</strong></span> <span class='ocrx_word' id='word_1_723' title='bbox 1487 2255 1567 2282; x_wconf 83' lang='lat' dir='ltr'><strong>opera</strong></span> <span class='ocrx_word' id='word_1_724' title='bbox 1585 2250 1677 2281; x_wconf 81' lang='lat' dir='ltr'><strong>patra—</strong></span> 
     </span>
    </p>
   </div>
   <div class='ocr_carea' id='block_1_103' title="bbox 891 2295 1678 2330">
    <p class='ocr_par' dir='ltr' id='par_1_103' title="bbox 891 2295 1678 2330">
     <span class='ocr_line' id='line_1_103' title="bbox 891 2295 1678 2330; baseline -0.009 -6"><span class='ocrx_word' id='word_1_725' title='bbox 891 2302 928 2329; x_wconf 83' lang='lat' dir='ltr'><strong>ta,</strong></span> <span class='ocrx_word' id='word_1_726' title='bbox 956 2305 1007 2324; x_wconf 88' lang='lat' dir='ltr'><strong>nec</strong></span> <span class='ocrx_word' id='word_1_727' title='bbox 1034 2296 1115 2323; x_wconf 88' lang='lat' dir='ltr'><strong>alieni</strong></span> <span class='ocrx_word' id='word_1_728' title='bbox 1147 2295 1264 2330; x_wconf 75' lang='lat' dir='ltr'><strong>conjugii</strong></span> <span class='ocrx_word' id='word_1_729' title='bbox 1285 2295 1456 2326; x_wconf 77' lang='lat' dir='ltr'><strong>vuolationes,</strong></span> <span class='ocrx_word' id='word_1_730' title='bbox 1486 2300 1536 2320; x_wconf 87' lang='lat' dir='ltr'><strong>nec</strong></span> <span class='ocrx_word' id='word_1_731' title='bbox 1560 2299 1678 2325; x_wconf 72' lang='lat' dir='ltr'><strong>ea.qua:</strong></span> 
     </span>
    </p>
   </div>
   <div class='ocr_carea' id='block_1_104' title="bbox 891 2338 1678 2374">
    <p class='ocr_par' dir='ltr' id='par_1_104' title="bbox 891 2338 1678 2374">
     <span class='ocr_line' id='line_1_104' title="bbox 891 2338 1678 2374; baseline -0.009 -5"><span class='ocrx_word' id='word_1_732' title='bbox 891 2341 1060 2370; x_wconf 85' lang='lat' dir='ltr'><strong>horrendum</strong></span> <span class='ocrx_word' id='word_1_733' title='bbox 1081 2341 1167 2371; x_wconf 82' lang='lat' dir='ltr'><strong>illum,</strong></span> <span class='ocrx_word' id='word_1_734' title='bbox 1195 2346 1223 2368; x_wconf 89' lang='lat' dir='ltr'><strong>et</strong></span> <span class='ocrx_word' id='word_1_735' title='bbox 1236 2340 1375 2368; x_wconf 57' lang='lat' dir='ltr'><strong>caelestem</strong></span> <span class='ocrx_word' id='word_1_736' title='bbox 1399 2340 1488 2374; x_wconf 74' lang='lat' dir='ltr'><strong>ignem</strong></span> <span class='ocrx_word' id='word_1_737' title='bbox 1509 2338 1535 2364; x_wconf 92' lang='lat' dir='ltr'><strong>in</strong></span> <span class='ocrx_word' id='word_1_738' title='bbox 1553 2344 1615 2364; x_wconf 84' lang='lat' dir='ltr'><strong>reos</strong></span> <span class='ocrx_word' id='word_1_739' title='bbox 1629 2343 1678 2370; x_wconf 89' lang='lat' dir='ltr'><strong>pro</strong></span> 
     </span>
    </p>
   </div>
   <div class='ocr_carea' id='block_1_105' title="bbox 890 2384 1678 2422">
    <p class='ocr_par' dir='ltr' id='par_1_105' title="bbox 890 2384 1678 2422">
     <span class='ocr_line' id='line_1_105' title="bbox 890 2384 1678 2422; baseline -0.01 -7"><span class='ocrx_word' id='word_1_740' title='bbox 890 2395 970 2422; x_wconf 87' lang='lat' dir='ltr'><strong>poena</strong></span> <span class='ocrx_word' id='word_1_741' title='bbox 998 2387 1184 2419; x_wconf 85' lang='lat' dir='ltr'><strong>demittebant,</strong></span> <span class='ocrx_word' id='word_1_742' title='bbox 1205 2395 1255 2414; x_wconf 88' lang='lat' dir='ltr'><strong>nec</strong></span> <span class='ocrx_word' id='word_1_743' title='bbox 1279 2387 1396 2420; x_wconf 88' lang='lat' dir='ltr'><strong>denique</strong></span> <span class='ocrx_word' id='word_1_744' title='bbox 1425 2385 1477 2412; x_wconf 86' lang='lat' dir='ltr'><strong>alia</strong></span> <span class='ocrx_word' id='word_1_745' title='bbox 1502 2384 1584 2410; x_wconf 89' lang='lat' dir='ltr'><strong>multa</strong></span> <span class='ocrx_word' id='word_1_746' title='bbox 1600 2389 1678 2409; x_wconf 88' lang='lat' dir='ltr'><strong>exse-</strong></span> 
     </span>
    </p>
   </div>
   <div class='ocr_carea' id='block_1_106' title="bbox 892 2427 1678 2466">
    <p class='ocr_par' dir='ltr' id='par_1_106' title="bbox 892 2427 1678 2466">
     <span class='ocr_line' id='line_1_106' title="bbox 892 2427 1678 2466; baseline -0.004 -6"><span class='ocrx_word' id='word_1_747' title='bbox 892 2433 1001 2466; x_wconf 87' lang='lat' dir='ltr'><strong>cranda,</strong></span> <span class='ocrx_word' id='word_1_748' title='bbox 1019 2436 1045 2460; x_wconf 90' lang='lat' dir='ltr'><strong>et</strong></span> <span class='ocrx_word' id='word_1_749' title='bbox 1061 2432 1158 2460; x_wconf 82' lang='lat' dir='ltr'><strong>similia</strong></span> <span class='ocrx_word' id='word_1_750' title='bbox 1179 2439 1261 2466; x_wconf 87' lang='lat' dir='ltr'><strong>opera</strong></span> <span class='ocrx_word' id='word_1_751' title='bbox 1287 2431 1476 2459; x_wconf 85' lang='lat' dir='ltr'><strong>remissionem</strong></span> <span class='ocrx_word' id='word_1_752' title='bbox 1502 2429 1544 2456; x_wconf 85' lang='lat' dir='ltr'><strong>vel</strong></span> <span class='ocrx_word' id='word_1_753' title='bbox 1557 2436 1591 2455; x_wconf 80' lang='lat' dir='ltr'><strong>ex</strong></span> <span class='ocrx_word' id='word_1_754' title='bbox 1610 2427 1678 2461; x_wconf 76' lang='lat' dir='ltr'><strong>lege.</strong></span> 
     </span>
    </p>
   </div>
   <div class='ocr_carea' id='block_1_107' title="bbox 891 2473 1678 2513">
    <p class='ocr_par' dir='ltr' id='par_1_107' title="bbox 891 2473 1678 2513">
     <span class='ocr_line' id='line_1_107' title="bbox 891 2473 1678 2513; baseline -0.009 -7"><span class='ocrx_word' id='word_1_755' title='bbox 891 2479 934 2507; x_wconf 86' lang='lat' dir='ltr'><strong>vel</strong></span> <span class='ocrx_word' id='word_1_756' title='bbox 948 2487 980 2506; x_wconf 84' lang='lat' dir='ltr'><strong>ex</strong></span> <span class='ocrx_word' id='word_1_757' title='bbox 999 2478 1113 2507; x_wconf 80' lang='lat' dir='ltr'><strong>Joannis</strong></span> <span class='ocrx_word' id='word_1_758' title='bbox 1127 2479 1288 2513; x_wconf 81' lang='lat' dir='ltr'><strong>baptismate</strong></span> <span class='ocrx_word' id='word_1_759' title='bbox 1303 2476 1546 2512; x_wconf 85' lang='lat' dir='ltr'><strong>consequebantur.</strong></span> <span class='ocrx_word' id='word_1_760' title='bbox 1564 2473 1616 2501; x_wconf 89' lang='lat' dir='ltr'><strong>Sed</strong></span> <span class='ocrx_word' id='word_1_761' title='bbox 1629 2479 1678 2507; x_wconf 85' lang='lat' dir='ltr'><strong>pro</strong></span> 
     </span>
    </p>
   </div>
   <div class='ocr_carea' id='block_1_108' title="bbox 893 2518 1681 2560">
    <p class='ocr_par' dir='ltr' id='par_1_108' title="bbox 893 2518 1681 2560">
     <span class='ocr_line' id='line_1_108' title="bbox 893 2518 1681 2560; baseline -0.01 -8"><span class='ocrx_word' id='word_1_762' title='bbox 893 2524 1019 2552; x_wconf 80' lang='lat' dir='ltr'><strong>omnibus</strong></span> <span class='ocrx_word' id='word_1_763' title='bbox 1036 2525 1079 2552; x_wconf 87' lang='lat' dir='ltr'><strong>his</strong></span> <span class='ocrx_word' id='word_1_764' title='bbox 1105 2525 1191 2560; x_wconf 88' lang='lat' dir='ltr'><strong>culpis</strong></span> <span class='ocrx_word' id='word_1_765' title='bbox 1210 2525 1251 2551; x_wconf 85' lang='lat' dir='ltr'><strong>lex</strong></span> <span class='ocrx_word' id='word_1_766' title='bbox 1266 2523 1388 2559; x_wconf 84' lang='lat' dir='ltr'><strong>quidem,</strong></span> <span class='ocrx_word' id='word_1_767' title='bbox 1410 2522 1454 2548; x_wconf 84' lang='lat' dir='ltr'><strong>ubi</strong></span> <span class='ocrx_word' id='word_1_768' title='bbox 1473 2520 1553 2556; x_wconf 88' lang='lat' dir='ltr'><strong>primi</strong></span> <span class='ocrx_word' id='word_1_769' title='bbox 1572 2518 1681 2553; x_wconf 84' lang='lat' dir='ltr'><strong>legisla-</strong></span> 
     </span>
    </p>
   </div>
   <div class='ocr_carea' id='block_1_109' title="bbox 894 2564 1680 2606">
    <p class='ocr_par' dir='ltr' id='par_1_109' title="bbox 894 2564 1680 2606">
     <span class='ocr_line' id='line_1_109' title="bbox 894 2564 1680 2606; baseline -0.009 -9"><span class='ocrx_word' id='word_1_770' title='bbox 894 2571 960 2598; x_wconf 88' lang='lat' dir='ltr'><strong>toris</strong></span> <span class='ocrx_word' id='word_1_771' title='bbox 977 2570 1146 2606; x_wconf 86' lang='lat' dir='ltr'><strong>providentia</strong></span> <span class='ocrx_word' id='word_1_772' title='bbox 1164 2570 1277 2598; x_wconf 86' lang='lat' dir='ltr'><strong>multam</strong></span> <span class='ocrx_word' id='word_1_773' title='bbox 1295 2577 1349 2597; x_wconf 91' lang='lat' dir='ltr'><strong>non</strong></span> <span class='ocrx_word' id='word_1_774' title='bbox 1366 2569 1537 2599; x_wconf 86' lang='lat' dir='ltr'><strong>decreverat,</strong></span> <span class='ocrx_word' id='word_1_775' title='bbox 1560 2564 1680 2602; x_wconf 77' lang='lat' dir='ltr'><strong>gladium</strong></span> 
     </span>
    </p>
   </div>
   <div class='ocr_carea' id='block_1_110' title="bbox 813 2692 930 2723">
    <p class='ocr_par' dir='ltr' id='par_1_110' title="bbox 813 2692 930 2723">
     <span class='ocr_line' id='line_1_110' title="bbox 813 2692 930 2723; baseline 0.009 -1"><span class='ocrx_word' id='word_1_776' title='bbox 813 2692 930 2723; x_wconf 69' lang='lat' dir='ltr'><strong>NOTE.</strong></span> 
     </span>
    </p>
   </div>
   <div class='ocr_carea' id='block_1_111' title="bbox 99 2761 568 2799">
    <p class='ocr_par' dir='ltr' id='par_1_111' title="bbox 99 2761 568 2799">
     <span class='ocr_line' id='line_1_111' title="bbox 99 2761 568 2799; baseline 0.006 -11"><span class='ocrx_word' id='word_1_777' title='bbox 99 2761 149 2799; x_wconf 65' lang='lat'><strong>(5&#39;1)</strong></span> <span class='ocrx_word' id='word_1_778' title='bbox 163 2763 202 2790; x_wconf 87' lang='lat' dir='ltr'><strong>Ita</strong></span> <span class='ocrx_word' id='word_1_779' title='bbox 217 2764 310 2792; x_wconf 85' lang='lat' dir='ltr'><strong>scribo</strong></span> <span class='ocrx_word' id='word_1_780' title='bbox 325 2771 375 2798; x_wconf 91' lang='lat' dir='ltr'><strong>pro</strong></span> <span class='ocrx_word' id='word_1_781' title='bbox 392 2763 568 2799; x_wconf 79' lang='grc' dir='ltr'>ὲκὸεὸιάσθη.</span> 
     </span>
    </p>
   </div>
   <div class='ocr_carea' id='block_1_112' title="bbox 71 2798 843 2867">
    <p class='ocr_par' dir='ltr' id='par_1_112' title="bbox 71 2798 843 2867">
     <span class='ocr_line' id='line_1_112' title="bbox 71 2798 843 2867; baseline 0.001 -42"><span class='ocrx_word' id='word_1_782' title='bbox 71 2798 272 2867; x_wconf 46' lang='grc' dir='ltr'>ωέἓῇὲῃῗιιρριο</span> <span class='ocrx_word' id='word_1_783' title='bbox 287 2800 352 2834; x_wconf 80' lang='grc' dir='ltr'>ἀπὸ,</span> <span class='ocrx_word' id='word_1_784' title='bbox 369 2807 404 2827; x_wconf 88' lang='lat' dir='ltr'><strong>ne</strong></span> <span class='ocrx_word' id='word_1_785' title='bbox 420 2803 474 2827; x_wconf 87' lang='lat' dir='ltr'><strong>tota</strong></span> <span class='ocrx_word' id='word_1_786' title='bbox 487 2799 536 2827; x_wconf 83' lang='lat' dir='ltr'><strong>ista</strong></span> <span class='ocrx_word' id='word_1_787' title='bbox 549 2798 676 2834; x_wconf 85' lang='lat' dir='ltr'><strong>periodus</strong></span> <span class='ocrx_word' id='word_1_788' title='bbox 692 2801 717 2826; x_wconf 84' lang='lat' dir='ltr'><strong>te</strong></span> <span class='ocrx_word' id='word_1_789' title='bbox 734 2805 843 2834; x_wconf 86' lang='lat' dir='ltr'><strong>quoque</strong></span> 
     </span>
    </p>
   </div>
   <div class='ocr_carea' id='block_1_113' title="bbox 929 2762 1691 2802">
    <p class='ocr_par' dir='ltr' id='par_1_113' title="bbox 929 2762 1691 2802">
     <span class='ocr_line' id='line_1_113' title="bbox 929 2762 1691 2802; baseline -0.004 -9"><span class='ocrx_word' id='word_1_790' title='bbox 929 2765 986 2801; x_wconf 68' lang='lat'><strong>(59)</strong></span> <span class='ocrx_word' id='word_1_791' title='bbox 1005 2766 1135 2802; x_wconf 76' lang='lat' dir='ltr'><strong>Expunge</strong></span> <span class='ocrx_word' id='word_1_792' title='bbox 1151 2765 1183 2793; x_wconf 84' lang='grc' dir='ltr'>τὸ</span> <span class='ocrx_word' id='word_1_793' title='bbox 1198 2765 1240 2799; x_wconf 63' lang='grc' dir='ltr'>ἐκ,</span> <span class='ocrx_word' id='word_1_794' title='bbox 1254 2768 1283 2793; x_wconf 88' lang='lat' dir='ltr'><strong>et</strong></span> <span class='ocrx_word' id='word_1_795' title='bbox 1303 2771 1414 2793; x_wconf 87' lang='lat' dir='ltr'><strong>sensum</strong></span> <span class='ocrx_word' id='word_1_796' title='bbox 1447 2763 1561 2792; x_wconf 78' lang='lat' dir='ltr'><strong>habebis</strong></span> <span class='ocrx_word' id='word_1_797' title='bbox 1574 2762 1691 2798; x_wconf 74' lang='lat' dir='ltr'><strong>&#39;ptanio-</strong></span> 
     </span>
    </p>
   </div>
   <div class='ocr_carea' id='block_1_114' title="bbox 897 2810 964 2830">
    <p class='ocr_par' dir='ltr' id='par_1_114' title="bbox 897 2810 964 2830">
     <span class='ocr_line' id='line_1_114' title="bbox 897 2810 964 2830; baseline 0 0"><span class='ocrx_word' id='word_1_798' title='bbox 897 2810 964 2830; x_wconf 90' lang='lat' dir='ltr'><strong>rem.</strong></span> 
     </span>
    </p>
   </div>
  </div>
