1882 3075
51 164 87 197 921

266 217 432 245 sparum
445 218 475 245 A'
488 219 557 253 (δι).

49 265 101 298 Πῶς
111 265 159 292 τοῦ
178 263 308 298 Σωτῆρος
333 264 421 298 ἡμῶν
452 264 597 300 λέγοντος
608 274 615 280 ·
630 275 640 291 ι
655 265 729 300 οὐχι
756 264 812 300 δύο

74 300 201 334 στρουθία
216 300 364 333 ἀσσαρίου
380 299 533 330 πωλεῖται,
549 300 598 326 καὶ
611 300 649 327 ἓν
661 300 696 332 ἐξ
712 299 813 327 αὐτῶν

75 337 104 362 οὐ
113 335 238 362 πεσεῖται
253 334 326 361 tiret:
334 334 389 360 τοῦ
403 335 519 367 Πατρός
536 343 597 369 μου
611 335 664 362 τοῦ
675 335 709 361 ἐν
720 336 809 368 οὐρα-

74 370 137 401 νοῖς,
152 379 160 394 ι
171 369 297 401 Παῦλος,
309 371 325 395 ὁ
341 369 394 395 τὸν
407 370 537 401 Χριστὸν
555 370 635 403 ἔχων
656 369 812 396 λαλοῦντα

74 405 103 431 ἐν
112 403 198 436 ἐαυτῷ
212 412 286 438 φησι
296 412 303 418 ·
318 413 327 430 ι
342 403 389 436 Μὴ
401 403 459 430 τῶν
467 403 552 436 βοῶν
561 404 643 436 μέλει
660 404 700 436 τῷ
714 403 774 436 Θεῷ
784 411 808 434 ;›

80 440 318 473 Ἀντιςρθέγτεσθαι
332 439 387 472 γὰρ
410 439 429 472 ἠ
443 439 496 465 τοῦ
513 439 647 472 μαθητοῦ
670 440 745 473 πρὸς
758 439 812 465 τὸν

74 474 243 501 διδάσκαλον
256 474 428 508 φαντασίαν
443 475 605 508 παρέχεται
618 474 715 508 φωνή.

492 163 543 194 AD
562 162 859 194 AMPHILOCHIUM
874 162 1050 198 QUIESTIO
1061 162 1154 195 XXX.

829 223 854 250 Δ

1599 165 1655 198 222

1042 220 1208 254 οωεετιο
1223 219 1296 247 xxx
1310 219 1359 258 [αι.
1376 220 1486 258 XXIX].

864 264 1012 298 Quomodo.
1028 274 1085 292 cum
1101 264 1225 292 Salvator
1240 270 1329 292 noster
1342 266 1435 294 dicat:
1462 276 1471 291 ι
1486 264 1580 292 Nonne
1601 266 1655 292 duo

899 309 1018 335 passeres
1047 308 1105 327 asse
1130 305 1249 330 veneunt.
1275 305 1299 327 et
1315 309 1383 328 unus
1396 309 1429 328 ea:
1439 300 1494 328 illis
1515 309 1566 327 non
1580 301 1656 327 cadet

899 336 956 362 sine
972 335 1054 362 Patre
1067 343 1134 364 meo.
1146 336 1191 370 qui
1210 336 1236 362 in
1250 335 1322 362 uelis
1336 341 1375 362 est
1388 337 1428 362 ³⁸2
1443 345 1453 361 ι
1478 335 1590 366 Paulus,
1610 336 1656 369 qui

899 370 1034 398 Christum
1050 371 1077 397 in
1093 379 1119 397 se
1134 370 1278 404 loquentem
1305 370 1392 400 habet,
1417 371 1501 405 inquit
1515 378 1524 397 :
1540 380 1549 396 ι
1571 370 1656 396 Νιιηι-

900 406 963 440 quid
976 407 1008 432 de
1019 406 1100 432 bobus
1110 414 1174 432 cura
1187 410 1224 432 est
1237 405 1316 431 Deo"
1328 405 1340 431 ?
1350 414 1359 430 ›
1373 404 1507 432 Nimirum
1516 413 1565 432 vox
1576 405 1658 432 disci-

900 441 957 475 puli
979 441 1105 475 magistro
1119 441 1257 467 adversari
1270 440 1383 467 videtur.

73 522 86 534 ”
111 531 173 557 Edita
183 531 213 556 ab
222 530 329 556 Antonio
341 531 435 560 Scotto,
447 531 465 555 ι.
483 538 549 562 c.,p.
564 531 603 556 45.
616 531 653 556 De
666 533 802 562 apparente
817 528 1012 556 contradictione
1029 528 1095 553 inter
1109 529 1190 553 locum
1201 528 1287 553 Matth.
1300 535 1326 558 x,
1337 528 1367 552 29
1381 530 1408 553 et
1423 528 1434 552 Ι
1445 527 1501 553 Cor.
1510 534 1545 557 rx,
1554 526 1580 551 9.

75 575 124 602 Ὀτι
140 576 185 610 μὲν
199 576 214 610 ἠ
229 575 274 601 τοῦ
288 575 356 601 Θεοῦ
372 575 485 610 πρόνοια
501 576 549 601 καὶ
559 575 640 610 μέχρι
647 575 702 601 τῶν
719 583 819 611 στρου-

49 621 100 648 Βίων
112 621 202 655 διήκει,
218 621 265 647 καὶ
276 621 337 647 οὐδὲ
349 621 378 647 ὲν
386 621 478 652 αὐτοῖς
490 621 539 656 τὴν
554 622 637 648 αὑτοῦ
652 622 819 656 περιγράφει

50 666 198 702 κηδεμονίαν,
221 666 279 693 ἀλλ’
295 667 345 702 ἢδη
368 666 416 693 καὶ
435 667 539 700 φυτῶν,
556 667 603 694 καὶ
623 667 754 702 βοτανῶν,
769 668 816 694 καὶ

51 713 134 744 ἁπλῶς,
147 709 181 739 ὧν
195 712 319 748 ὲγνώσοη
342 713 547 748 γενεσιουργὺς,
572 713 676 740 τούτων
702 713 815 748 καὶτῆς

50 759 166 793 διαμονῆς,
184 759 230 784 καὶ
244 759 401 793 οἰκονομίας
412 759 594 785 ἀναλλοίωτόν
615 768 656 791 τε,
671 759 720 786 καὶ
734 759 812 786 ἀδιά-

50 804 110 838 δοχον
125 805 194 839 φέρει
209 805 258 838 τὴν
285 804 423 839 φροντίδα,
439 805 472 831 αῖ
481 813 509 831 τε
524 805 603 832 ἄλλαι
621 805 728 840 τρανῶς
740 805 813 840 ἡμᾶς
831 796 851 823 Β

51 850 223 877 ἑκδιδάσκουσιν
249 851 322 885 ἱεραὶ
336 850 453 885 Γραφαὶ,
470 851 518 877 καὶ
544 851 576 886 δὴ
592 851 641 877 καὶ
663 852 677 877 ὁ
693 851 813 885 ἔμφυτος

51 895 166 929 λογισμὸς,
180 895 207 926 ὂς
221 895 266 922 τὸν
290 896 497 931 παραγαγόντα,
511 897 560 923 καὶ
580 897 772 931 ὑποστήσαντα
783 897 816 923 ὲκ

52 941 79 976 μὴ
92 941 165 967 ὄντων
179 942 224 968 καὶ
237 942 361 976 συνέχειν
380 942 411 968 τὺ
428 943 668 977 παραγαγόμενον,
689 943 734 969 καὶ
749 951 817 978 προ-

51 988 146 1013 νοεῖσθαι
167 988 234 1014 κατὰ
258 989 308 1014 τὸν
325 988 433 1024 ἑκάστῳ
456 989 598 1024 πρέποντα
617 990 666 1024 τῆς
685 990 817 1025 Προνοίας

51 1031 111 1065 λόγον
120 1033 232 1060 ἀπαιτεῖ.
256 1033 335 1059 Ἐπεὶ
353 1033 399 1061 καὶ
416 1033 497 1065 αὐτὸς
511 1034 525 1060 ὁ
541 1034 636 1070 Σωτὴρ
653 1034 731 1069 ήμῶν
755 1035 817 1069 φιλ-

51 1077 177 1112 ανθρώπως
194 1079 311 1112 ἀπάγων
323 1080 398 1113 ἡμᾶς
406 1080 456 1113 τῆς
468 1080 571 1114 πολλῆς
588 1081 652 1115 περὶ
668 1081 701 1107 τὰ
714 1080 819 1116 ἀνθρώ-

52 1132 101 1149 πινι
111 1124 218 1157 σπουδῆς
226 1133 255 1151 τε
271 1125 321 1152 καὶ
334 1125 511 1160 κατατριῦἦς·
523 1126 569 1151 καὶ
581 1126 634 1151 τῶν
644 1125 759 1160 ῥεόντων
770 1126 818 1152 καὶ

52 1168 208 1204 διαλυομένων
222 1171 272 1205 τῆς
287 1170 386 1205 σχολῆς
401 1170 559 1204 ἐλευθερίαν
583 1179 613 1196 τε
629 1171 676 1196 καὶ
695 1170 818 1197 ἀπαλλα-

53 1214 92 1249 γὴν
104 1215 300 1250 εἰσηγούμενος,
323 1216 373 1242 οὐκ
401 1215 456 1242 ἀπὸ
478 1215 533 1242 τῶν
568 1215 719 1249 στρουθίων
739 1216 818 1251 μόνον

53 1261 87 1286 καὶ
100 1260 147 1287 τῶν
155 1261 239 1288 ἄλλων
251 1261 361 1296 πτηνῶν
372 1262 422 1296 τὴν
436 1262 554 1296 ἀρίστην
569 1262 672 1296 ταύτην
701 1262 818 1297 εἰσήγη-

54 1314 86 1332 σιν
101 1308 218 1338 ποιεῖται.
234 1308 304 1334 ἀλλὰ
331 1308 363 1343 δὴ
377 1307 424 1334 καὶ
444 1307 491 1334 ἀπ’
516 1306 606 1333 αὐτῶν
622 1315 654 1341 γε
672 1307 726 1333 τῶν
738 1306 819 1341 βοτα-

53 1351 102 1379 νῶν.
114 1362 122 1378 ι
135 1353 328 1388 Κατανοήσατε
343 1353 408 1387 γὰρ,
423 1353 502 1387 φησὶ,
513 1352 547 1378 τὰ
567 1353 648 1387 κρίνα
661 1351 708 1378 τοῦ
724 1352 818 1386 ἀγροῦ,

54 1398 222 1431 πῶςαύξάνει·
243 1400 275 1426 οὐ
291 1399 386 1434 κοπιᾷ,
412 1398 473 1425 οὐδὲ
489 1398 585 1433 νήθει·
603 1407 612 1423 ι
626 1396 686 1424 εἶτα
703 1397 751 1424 τοῦ
763 1398 818 1432 ἀμ-

53 1443 181 1479 φιάσματος
204 1445 236 1472 τὸ
263 1445 375 1476 κάλλος,
396 1445 443 1471 καὶ
466 1444 497 1471 τὸ
520 1444 645 1480 ἀξίωμα·
671 1453 680 1469 ι
699 1443 778 1478 Λέγω
791 1443 819 1469 δὲ

53 1491 111 1525 ὒμῖν,
134 1491 170 1518 ὅτι
195 1491 256 1517 οὐδὲ
284 1490 410 1525 Σολομῶν
434 1490 463 1516 ὲν
494 1490 569 1524 πάσῃ
595 1491 627 1524 τῇ
651 1489 715 1525 δόξῃ
736 1490 819 1516 αὑτοῦ

53 1537 234 1572 περιεϐάλλετο,
243 1537 284 1568 ὡς
297 1536 326 1562 ἓν
338 1535 451 1567 τούτων,
472 1535 558 1562 ποιῶν
580 1535 683 1561 τούτων
695 1535 749 1562 τῶν
762 1536 820 1570 μετ’

53 1581 123 1616 ὀλίγον
133 1582 341 1617 ἐμϐαλλομένων
364 1581 404 1612 εἰς
418 1581 544 1615 κάμινον.
562 1590 572 1606 ›
586 1581 617 1607 Εἰ
631 1580 660 1607 δὲ
683 1580 737 1607 τῶν
750 1580 821 1607 οὓτω

54 1628 135 1662 μικράν
154 1636 212 1654 ¹τινα
237 1626 419 1662 πληρούντων
441 1625 597 1662 ἀνθρώποις
617 1625 711 1661 χρείαν
726 1626 821 1661 (πόσον

53 1675 93 1710 γὰρ
104 1677 191 1710 ἁνάφει
203 1676 259 1712 πῦρ
277 1677 294 1711 ή
311 1675 420 1711 καλάμη
433 1675 487 1702 τῶν
501 1676 618 1711 κρίνωνς
635 1675 670 1702 Ἦ
687 1675 734 1701 τοῦ
749 1673 822 1709 χρώ-

55 1729 119 1754 ματος
131 1722 158 1748 τὸ
171 1722 250 1752 ἄνθος
264 1722 314 1748 ἐπὶ
338 1721 421 1748 πόσον
445 1722 583 1756 χαριεῖται
605 1719 655 1756 τὴν
669 1719 766 1755 τέρψιν
782 1719 821 1755 τῷ

53 1764 162 1800 ὄμματι),
189 1766 327 1801 τοσαύτην
350 1767 363 1792 ὁ
388 1766 454 1797 Θεὸς
471 1766 521 1801 τὴν
535 1766 663 1801 πρόνοιαν
682 1765 750 1800 ἔχει,
763 1765 822 1797 πῶς

53 1810 100 1844 οὐχὶ
112 1811 193 1847 πολλῷ
210 1811 325 1846 μᾶλλον,
338 1811 385 1838 καὶ
393 1812 555 1846 ἁσυγκρίτῳ
566 1811 694 1846 διαφορᾷ,
708 1812 762 1837 τῶν
773 1811 821 1837 ἀν-

54 1855 165 1890 θρώπωνς
195 1857 278 1883 Οὕτω
294 1855 360 1890 γοῦν
388 1856 419 1883 οὗ
451 1856 563 1891 μόνονὴ
584 1856 639 1882 τῶν
671 1855 822 1890 στρουθίων

53 1902 250 1937 ἀνεῖταιγένεσίς
263 1911 307 1934 τε.
318 1903 364 1929 καὶ
372 1902 496 1937 αῠξησις,
513 1903 560 1929 καὶ
571 1902 686 1937 διαμονὴ
697 1901 737 1937 ςῷ
751 1901 821 1935 Θεῷ,

53 1948 89 1972 ni
102 1934 174 1974 πάλιν
191 1950 207 1983 ή
222 1948 295 1975 κατὰ
313 1949 375 1979 τοὺς
387 1934 505 1978 οἰκείους
523 1934 636 1981 καιροίλς
649 1934 738 1978 λύ-σῖς,
754 1934 823 1973 ἀλλὰ

53 1994 174 2029 καὶήτῶν
200 1996 229 2022 ὲν
247 1995 289 2029 τῷ
314 1994 391 2029 ἀγρῷ
406 1994 526 2029 βοτανῶν
537 2001 544 2009 ·
567 1993 621 2019 ἀπὸ
635 1993 689 2027 γὰρ
701 1992 747 2019 τοῦ
764 1992 822 2024 ἑνὸς

54 2040 125 2072 simu;
140 2042 184 2068 καὶ
198 2043 263 2077 περὶ
279 2041 335 2067 τῶν
351 2041 438 2066 ἄλλων
452 2040 505 2066 τῶν
515 2039 653 2075 ὁμογενῶν
668 2040 682 2066 ό
703 2039 783 2070 αὐτὸς
791 2039 823 2064 ἂν

51 2086 90 2120 τῆς
111 2088 268 2120 ἀκολουθίας
296 2087 428 2114 διαΰαίνει
459 2087 557 2119 λόγος·
581 2086 667 2117 οὕτως
688 2085 719 2112 οὐ
743 2085 823 2120 μόνον

903 574 982 607 Quod
998 573 1044 600 Dei
1057 573 1229 608 providentia
1243 573 1275 600 ad
1287 580 1414 608 passeres
1426 579 1512 607 usque
1522 571 1659 606 pertingat

866 624 895 647 et
907 627 957 647 nec
973 619 1017 646 his
1044 619 1180 646 limitibus
1205 619 1264 653 eius
1290 617 1430 653 vigilantia
1456 617 1658 650 concludatur;

866 667 914 694 scd
930 670 958 693 et
975 666 1116 699 arborum,
1130 669 1158 692 et
1173 665 1330 697 herbarum,
1359 668 1387 691 et
1407 663 1528 690 omnium
1544 663 1659 690 omnino

866 720 969 744 rerum,
985 719 1101 746 quarum
1121 715 1228 738 creator
1249 709 1418 745 agnoscitur,
1442 709 1658 741 conservationi,

865 759 1109 794 gubernationique
1129 757 1302 790 immutabili,
1321 764 1352 784 ac
1367 761 1495 791 perpetua
1515 763 1580 784 cura
1593 763 1659 791 pro-

864 807 978 841 spiciat,
995 806 1099 833 diserte
1113 813 1164 832 nos
1174 806 1272 832 docent
1287 808 1344 831 tum
1354 803 1405 830 alia
1423 811 1562 830 sacrarum
1575 801 1659 829 Litte-

866 858 959 878 rarum
995 851 1064 882 loca,
1090 853 1148 876 tum
1171 849 1229 884 ipsa
1243 848 1322 875 insita
1336 847 1495 875 hominibus
1510 847 1581 874 ratio
1598 855 1660 882 qua:

865 896 996 932 postulat.
1011 901 1049 927 nt,
1077 895 1122 930 qui
1140 903 1184 922 res
1196 902 1212 921 e
1234 894 1322 921 nihilo
1338 893 1444 926 eduxit,
1466 897 1549 928 atque
1563 893 1660 928 dispo-

867 943 930 975 suit,
954 942 1012 977 ipse
1035 942 1180 976 productas
1206 940 1354 968 secundum
1383 938 1559 974 providentiae
1574 937 1660 964 ratio-

867 998 928 1017 nem
942 989 1087 1023 unicuique
1103 991 1314 1015 consentaneam
1335 989 1490 1017 conservet,
1505 989 1588 1018 atque
1608 991 1659 1018 gn-

867 1037 973 1064 bernet.
1000 1036 1133 1069 Quoniam
1163 1040 1192 1061 et
1219 1033 1276 1068 ipse
1290 1032 1454 1066 Redemptor
1477 1035 1581 1061 noster,
1595 1037 1659 1057 cum

868 1089 919 1108 nos
929 1089 961 1107 ex
979 1081 1159 1107 humanarum
1175 1085 1266 1105 rerum
1288 1076 1373 1103 nimio
1398 1075 1500 1107 studio,
1519 1075 1660 1109 nimiaque

868 1127 1008 1154 curatione
1031 1128 1203 1160 peramauter
1230 1127 1374 1155 avocaret;
1402 1128 1484 1158 atque
1500 1125 1526 1148 nl
1543 1128 1558 1147 a
1573 1120 1660 1147 ﬂuxo-

868 1178 929 1198 rum
948 1170 1168 1203 caducorumque
1188 1168 1322 1195 bonorum
1349 1166 1533 1194 sollicitudine
1559 1166 1660 1193 libere-

869 1224 932 1243 mur
954 1219 1176 1249 avertamurquc,
1192 1214 1272 1240 nobis
1294 1212 1438 1246 suaderet;
1459 1219 1513 1239 non
1530 1219 1545 1238 a
1567 1218 1660 1246 passe-

868 1263 945 1290 ribus
970 1261 1159 1289 tantummodo
1182 1264 1209 1287 et
1223 1260 1284 1287 aliis
1301 1259 1457 1286 volatilibus
1484 1257 1659 1285 utilissimam

869 1309 940 1336 hanc
951 1307 1167 1336 collorlntionem
1188 1313 1305 1333 exorsus
1320 1309 1374 1335 est,
1395 1304 1443 1331 sed
1457 1304 1491 1331 ab
1506 1303 1572 1338 ipsis
1588 1311 1658 1337 quo-

869 1363 922 1390 que
944 1355 1058 1382 herbis:
1093 1353 1198 1380 Etenim
1229 1362 1239 1378 ‹
1257 1351 1444 1382 Considerate,
1470 1350 1581 1385 inquit,
1602 1348 1657 1375 lilia

870 1399 939 1434 agri,
959 1397 1096 1433 quomodo
1126 1400 1271 1428 crescunt;
1312 1403 1367 1422 non
1403 1395 1538 1425 laborant,
1570 1399 1660 1427 neque

870 1449 953 1472 nent:
974 1454 983 1470 ι
1012 1444 1109 1471 deinde
1123 1443 1157 1470 de
1185 1441 1340 1469 vestimenti
1365 1441 1498 1476 elegantia
1519 1444 1547 1467 et
1563 1440 1662 1467 decore

871 1491 996 1524 adjecit:
1022 1501 1031 1516 ι
1051 1490 1116 1517 Dico
1143 1494 1246 1519 autem,
1272 1487 1344 1522 quod
1372 1494 1461 1521 neque
1482 1485 1612 1513 Salomon
1632 1485 1661 1512 in

871 1536 944 1564 omni
955 1536 1037 1572 gloria
1055 1543 1105 1562 sua
1125 1539 1273 1568 coopertus
1295 1537 1337 1559 est
1361 1532 1432 1558 sicut
1453 1539 1523 1557 unus
1539 1537 1570 1557 ex
1590 1529 1660 1562 istis,

870 1583 915 1617 qui
931 1582 1011 1617 paulo
1032 1585 1092 1616 post
1108 1581 1135 1608 in
1155 1579 1293 1607 caminum
1314 1577 1538 1605 immittuntur”.
1559 1585 1569 1602 ι
1583 1575 1662 1609 Quod

870 1627 892 1655 si
921 1628 1011 1658 rebus,
1030 1634 1091 1662 qua:
1107 1629 1162 1652 tam
1189 1629 1298 1652 tenuem
1325 1623 1471 1650 utilitatem
1499 1625 1663 1654 comparant

871 1673 1030 1701 hominibus
1059 1671 1191 1707 (quandin
1215 1671 1287 1698 enim
1309 1670 1446 1697 ﬂammam
1471 1668 1517 1695 alit
1543 1668 1663 1695 li‘iornm

871 1717 975 1745 caulis?
988 1718 1040 1743 Ant
1057 1716 1177 1751 qnandiu
1192 1715 1320 1743 ﬂosculus
1332 1714 1487 1748 variegatus
1499 1713 1580 1740 oculo
1588 1713 1664 1740 oblc-

872 1767 1038 1791 ctamentum
1061 1763 1161 1796 creat?)
1183 1761 1265 1795 Deus,
1283 1761 1352 1788 adeo
1368 1760 1502 1794 providet,
1523 1759 1664 1793 quomodo

872 1817 927 1837 non
940 1810 1027 1836 multo
1041 1808 1138 1843 magis,
1153 1812 1182 1835 et
1197 1807 1331 1835 immenso
1343 1806 1503 1834 discrimine
1521 1805 1661 1832 hominum

872 1863 966 1883 curam
985 1854 1074 1890 gerit?
1094 1854 1134 1881 lta
1153 1860 1220 1880 sane
1238 1860 1291 1879 non
1314 1859 1438 1886 passeres
1451 1851 1598 1881 duntaxat,
1615 1850 1662 1877 sed

873 1901 998 1929 other-hae
1008 1900 1096 1934 campi
1113 1904 1142 1927 ut
1157 1902 1315 1930 nascantur,
1343 1901 1478 1929 Crescant,
1503 1901 1530 1923 et
1548 1903 1662 1923 conser-

873 1951 979 1978 ventur,
999 1952 1027 1973 et
1038 1953 1133 1972 rursus
1158 1951 1207 1972 suo
1223 1948 1344 1977 tempore
1364 1942 1509 1973 intereant,
1531 1941 1564 1968 ad
1578 1939 1663 1967 Deum

874 1992 1006 2027 pertinet,
1023 1989 1244 2023 quandoquidem
1258 1988 1292 2015 ab
1308 1995 1360 2014 una
1375 1986 1467 2021 specie
1481 1986 1514 2013 ad
1535 1993 1578 2013 res
1593 1985 1664 2019 pari-

875 2043 916 2066 ter
937 2037 1060 2072 ejusdem
1085 2041 1191 2063 naturce
1220 2035 1290 2061 idem
1317 2040 1350 2060 ex
1363 2032 1558 2067 coasequentia
1572 2038 1663 2058 sermo

875 2084 998 2120 procedit
1010 2093 1016 2111 :
1029 2087 1111 2117 atque
1125 2082 1163 2108 ita
1180 2088 1233 2108 non
1250 2079 1330 2107 modo
1345 2079 1437 2110 boves,
1451 2079 1497 2105 sed
1507 2078 1581 2112 ipsas
1594 2085 1664 2112 quo-

52 2132 94 2158 τῶν
106 2133 180 2167 βοῶν,
192 2134 262 2160 ἀλλὰ
278 2134 326 2160 καὶ
338 2133 427 2159 αὐτῶν
435 2133 489 2159 τῶν
501 2132 629 2167 ἀπαρχῆς
641 2131 819 2166 ἀτελεστὲρας

901 2140 927 2159 ιθ
953 2139 1007 2163 res,
1037 2137 1099 2164 quae
1128 2128 1162 2155 ab
1188 2131 1247 2154 ortu
1261 2133 1311 2153 suo
1322 2126 1413 2152 minus
1429 2125 1547 2152 nobilem
1562 2125 1664 2151 sortitae

53 2178 142 2211 φύσεως
155 2179 345 2216 τετυχηκότων
357 2180 374 2214 ἡ
386 2178 534 2214 κηδεμονία
555 2178 605 2212 τῆς
619 2176 693 2208 θείας
706 2176 821 2212 ὲξῆπται

53 2225 132 2260 ῥοπῆς.

79 2271 107 2296 Τί
117 2270 160 2298 οὖν
172 2271 257 2302 ἐστιν,
266 2270 281 2297 ὃ
288 2270 361 2304 λέγει
375 2268 479 2299 Παῦλος
486 2268 501 2295 ὁ
509 2268 654 2303 μετάρσιος
667 2266 821 2302 ἄνθρωπος,

53 2315 176 2349 ἠγλῶσαα
198 2316 246 2343 τοῦ
270 2315 439 2350 Πνεύματος,
454 2314 486 2349 ἣν
510 2313 585 2339 οὐδὲν
606 2312 746 2347 δυσχερὲς,
761 2311 822 2337 οὐδὲ

53 2360 134 2387 πολλοῦ
149 2362 187 2388 δεῖ
195 2361 287 2396 μάχης
304 2361 472 2394 ἁπτόμενονς
486 2358 619 2393 Νομίμων
631 2358 685 2392 γὰρ
700 2357 822 2383 παλαιῶν

52 2409 82 2440 εἰς
94 2410 198 2445 μνήμην
215 2409 368 2440 καταστὰς,
383 2408 401 2435 ἃ
410 2407 495 2434 πολλὰ
505 2405 581 2441 παρὰ
591 2405 645 2432 τῶν
659 2404 764 2438 ἀλόγων
779 2411 823 2430 νο-

54 2455 144 2483 νοθετεῖ
156 2456 244 2489 ζώων,
252 2457 288 2483 δι’
299 2455 411 2482 ἐκείνων
428 2452 653 2488 παιδαγωγοῦντα
659 2451 690 2478 τὸ
704 2451 822 2486 λογικόν·

95 2545 114 2561 ³⁶
124 2545 216 2573 Matth.
234 2554 264 2577 Χ,
278 2543 324 2572 29.
385 2543 407 2559 ³’
426 2542 552 2575 lCoer,
564 2542 592 2569 9.

871 2182 935 2207 sunt
962 2182 1099 2204 naturam.
1126 2176 1212 2202 dlvml
1235 2171 1376 2206 vigilantia
1397 2170 1492 2198 auxilii
1507 2178 1562 2198 non
1582 2169 1665 2197 dese-

870 2223 916 2250 rit.

907 2266 977 2300 Quid
992 2266 1083 2300 itaque
1095 2269 1146 2297 est,
1160 2263 1233 2299 quod
1246 2262 1348 2290 Paulus
1362 2261 1452 2293 docet,
1466 2260 1508 2287 vir
1520 2259 1563 2286 ille
1576 2259 1665 2287 excel.

872 2320 929 2344 sus,
949 2311 1036 2338 sancti
1052 2310 1171 2345 Spiritus
1197 2308 1301 2342 lingua,
1327 2314 1408 2341 quam
1438 2304 1504 2332 nihil
1519 2305 1662 2336 absonum,

874 2362 922 2384 aut
937 2356 1083 2390 litigiosum
1097 2355 1174 2382 decet
1185 2352 1287 2389 profari
1297 2353 1310 2379 ’ί
1323 2351 1394 2379 Sane
1405 2352 1469 2378 dum
1486 2350 1529 2377 ille
1542 2353 1663 2376 veterum

876 2403 972 2439 legalis
994 2405 1130 2437 praecepta
1145 2400 1173 2427 in
1193 2404 1312 2427 mentem
1338 2401 1489 2428 revocaret,
1504 2403 1564 2430 qua-
1580 2394 1664 2421 multa

875 2450 908 2477 de
925 2449 1012 2477 brutis
1025 2447 1211 2475 animantibus
1225 2449 1359 2476 statuunt,
1376 2448 1405 2470 ut
1416 2450 1464 2478 per
1478 2449 1510 2469 ea
1528 2440 1664 2468 hominem

649 2541 671 2558 ³⁸
688 2540 784 2569 Matth.
811 2548 848 2571 v1,
865 2540 910 2568 28.

813 2601 917 2630 ΝΟΤΙΕ
923 2621 932 2629 .

70 2650 131 2691 ⁸(61)
148 2651 247 2691 Noster
261 2651 412 2691 exscriptor
424 2651 495 2691 hanc
507 2649 684 2691 quaestionem
699 2649 726 2675 in
736 2649 830 2691 codice

54 2684 90 2711 his
98 2690 226 2720 exaravit;
242 2691 270 2712 et
284 2684 370 2721 primo
384 2686 493 2718 quidem
517 2686 577 2721 loco
593 2684 732 2721 mutilam,
744 2685 829 2721 altero

56 2725 129 2748 autem
155 2718 290 2756 integram
310 2725 337 2747 et
352 2720 504 2756 absolutam
525 2720 666 2756 eahihuit.
683 2718 769 2751 Hujus
788 2719 827 2756 rei

57 2760 125 2782 causa
152 2754 279 2787 iuitfnisi
293 2755 458 2789 coniecturis
486 2754 626 2788 indulgere
642 2754 683 2780 fas
696 2759 747 2781 est.
758 2754 827 2789 quia

58 2792 109 2815 tunc
119 2792 148 2818 ad
163 2799 257 2818 vocem
285 2788 360 2825 μέλει
376 2798 425 2825 pro
443 2789 534 2816 μέλλει
546 2788 644 2825 oculos
661 2788 786 2825 advertit,
801 2793 829 2815 et

59 2831 165 2859 magnam
191 2823 325 2853 orationis
359 2823 461 2860 partem
476 2824 568 2860 \jerhis
582 2824 641 2850 istis
655 2823 825 2860 interjectam

57 2858 154 2888 omisit:
175 2861 272 2889 deinde
290 2858 365 2890 vcro'
377 2859 570 2888 voeabulorum
587 2858 766 2886 similitudine
780 2859 828 2886 de-

881 2654 988 2685 ceptum
1021 2657 1050 2677 se
1077 2649 1215 2681 sentiens,
1244 2648 1364 2685 laborem
1386 2651 1465 2685 suum
1493 2641 1664 2685 instauravit,

881 2678 1040 2719 addiditque
1054 2685 1124 2711 hanc
1137 2678 1294 2717 ἐπιγραφὴν
1323 2678 1644 2719 secundm_exscriptioni
1657 2685 1665 2703 :

880 2720 955 2754 Αὕτη
969 2714 1159 2754 προγραφεῖτα
1182 2714 1260 2747 αὖθις
1272 2714 1428 2754 ’γράφε-ται.
1448 2714 1501 2754 Ego
1515 2721 1589 2742 vero,
1604 2719 1636 2754 ne
1651 2719 1667 2738 a

880 2748 1051 2787 Coislini'an'i,
1067 2748 1094 2782 et
1111 2748 1418 2781 Taurinensisucodicis
1436 2749 1531 2787 ordine
1557 2748 1668 2787 recede-

881 2799 949 2824 rem,
966 2783 1051 2824 ipsam
1067 2790 1200 2824 integram
1218 2788 1275 2815 sedi
1297 2795 1353 2816 suae
1381 2784 1500 2816 restitui,
1527 2787 1607 2818 atque
1623 2783 1669 2809 hic

879 2827 906 2854 in
922 2823 1009 2854 lucem
1022 2825 1152 2854 edendam
1166 2823 1270 2860 putavi.
