1882 3075
195 141 247 174 223

725 177 728 182 _
767 140 900 173 PHOTII
920 141 1174 183 ΡΑΤΒῙΛΒΕΗΑΞ
1192 143 1246 174 cr.

1772 145 1825 177 224

192 199 318 227 erudiant
333 197 429 234 (veluti
447 205 502 226 non
526 198 610 226 licere
627 198 665 233 ei,
680 197 726 234 qui
744 199 835 234 pullos
851 199 944 227 avium
965 207 977 228 ε

1062 209 1087 227 av
1093 201 1124 227 οὺ
1136 201 1177 228 δεῖ
1184 201 1307 233 νεοττοὺς
1316 201 1431 237 ὀρνίθων
1444 201 1495 236 τῆς
1504 202 1614 233 vocand;
1622 201 1824 238 ἀφαιρούμενον

193 246 257 273 nido
279 244 433 278 abstulerit,
459 249 587 280 parentes
612 245 694 273 simul
724 248 816 274 tenere
827 246 866 280 ³³,
892 254 942 276 nec
956 246 984 274 in

195 285 264 318 lacte
277 290 372 317 matris
385 298 442 317 suas
461 298 561 325 agnum
577 298 694 325 coquere
702 291 741 324 “;
757 291 822 323 imo.
845 291 868 318 si
887 291 983 326 placet.

193 343 244 363 nec
260 336 366 362 vineam
379 337 464 363 altero
483 337 588 363 semine
599 337 737 370 serere“;
762 345 812 364 nec
834 342 935 365 vestem
952 345 985 364 ex

192 382 276 408 variis
294 385 448 408 contextam
466 381 536 409 liciis
552 382 627 409 indui
641 384 682 414 δ’,
699 387 727 410 et
747 383 823 417 plura
843 383 868 410 id
887 391 983 417 genus,

193 427 346 460 cujusmodi
361 430 441 453 estet
456 427 522 453 illud
537 434 544 454 :
566 437 575 452 ι
593 426 653 454 Νοη
672 428 798 462 alligabis
817 435 848 455 os
864 428 923 456 bovi
937 428 985 455 tri-

193 472 333 503 tnranti“,
353 473 377 506 ι)
393 472 450 504 ille,
474 472 599 507 inquam,
615 473 657 500 vir
671 473 738 508 legis
751 474 856 505 doctor,
873 482 934 501 cum
957 474 983 500 in

193 517 275 550 hujus
294 516 360 550 legis
375 517 483 544 abolitae
499 525 548 544 usu
573 522 653 544 natus
669 523 753 550 esset,
771 526 803 545 ac
821 519 902 546 vellet
921 519 984 546 inde

195 561 413 589 cohortationem
437 562 570 595 exordiri,
592 563 665 596 quod
681 571 788 598 nempe,
809 564 855 598 qui
871 564 938 591 alios
950 564 984 590 ad

195 607 321 634 virtutem
347 608 452 639 incitat,
478 608 529 635 hac
552 608 628 642 prius
642 608 741 636 debeat
758 609 816 644 ipse
833 610 944 644 pollere,
958 614 985 637 et

195 653 235 680 sic
249 652 347 680 deinde
368 653 507 680 auditores
521 653 554 681 ad
575 654 754 683 imitationem
780 655 910 688 allicere;
929 656 984 683 imo

192 698 285 729 etiam,
314 698 385 732 quod
409 703 534 733 oporteat
559 699 713 728 laborantes
744 701 834 728 debila
860 701 984 729 mercede

192 751 245 770 non
281 743 402 772 fraudari
421 753 427 771 :
450 745 508 772 huic
535 753 568 772 ex
597 745 699 780 Moysis
724 754 833 782 quoque
848 747 906 781 lege
925 747 983 781 ipse

192 796 342 824 personans
359 791 480 818 subdidit
497 801 504 819 :
522 801 532 818 ι
557 791 616 819 Non
640 793 766 827 alligabis
780 800 811 820 os
824 793 886 820 bovi
903 793 983 820 tritu~

192 836 274 863 ranti.
293 845 302 862 I
319 836 420 864 Deinde
432 845 464 864 ne
477 838 540 872 quis
550 838 652 865 diceret
665 848 671 866 :
685 838 757 871 Quid
775 839 873 866 bovum
892 847 980 874 genus

191 881 225 909 ad
241 882 381 909 hominum
398 884 545 910 naturam?
569 883 687 919 Subjiait
703 894 710 912 :
728 884 788 911 Non
803 885 848 913 hic
865 895 875 914 ι
891 887 924 913 de
936 886 983 913 bo-

191 926 242 954 bus
260 934 326 954 cura
337 932 378 955 est
391 927 455 955 Deo.
472 937 481 957 ι
507 928 574 955 Nam
597 934 708 964 propter
723 938 773 957 nus
787 930 845 958 haec
864 931 896 958 de
912 931 980 966 ipsis

191 973 278 1007 posita
296 972 338 1000 lex
353 979 412 1007 est;
433 981 487 1001 non
510 974 582 1002 enim
595 975 656 1009 ejus
671 976 856 1011 promulgatio
870 977 979 1004 illorum

191 1018 298 1046 utilitati
331 1019 447 1047 intendit
474 1028 562 1054 neque
588 1021 731 1049 brutorum
756 1022 980 1057 gubernationem

190 1063 280 1099 legum
294 1064 476 1093 Mosaicarum
489 1066 625 1094 institutio
643 1067 692 1094 sibi
709 1075 757 1102 pro
777 1075 862 1102 scopo
878 1075 980 1103 propo-

190 1110 264 1137 suit:
279 1110 326 1137 sed
343 1118 403 1145 qua:
421 1111 494 1139 circa
508 1112 561 1140 alia
577 1117 721 1140 versantur
742 1114 903 1146 animantia,
923 1114 981 1141 haec

189 1154 276 1181 nostri
287 1155 374 1188 gratia
388 1157 491 1182 sancita
506 1162 580 1183 sunt.

224 1199 281 1228 Deo
299 1201 392 1236 itaque
408 1209 482 1229 cui-aa
498 1207 564 1230 sunt
583 1203 676 1235 boves,
693 1207 723 1231 ut
734 1207 761 1231 et
776 1203 836 1231 alia:
849 1209 981 1233 creatura:

189 1253 244 1273 non
259 1246 327 1274 adeo
338 1254 403 1274 vero
415 1251 444 1274 ut
458 1255 507 1282 pro
522 1248 575 1275 illis
592 1249 664 1283 leges
687 1256 808 1284 quoque,
824 1254 850 1277 et
867 1251 980 1285 regimi-

189 1291 360 1323 nis‘lormas,
380 1293 530 1320 secundum
552 1301 621 1327 quas
636 1294 767 1327 viverent,
791 1295 937 1328 conderet;
953 1300 980 1324 at

190 1337 291 1371 potius,
304 1338 326 1365 si
338 1338 410 1373 quod
422 1338 455 1366 de
465 1339 518 1366 illis
530 1339 632 1373 prodiit
646 1344 792 1373 statutum,
820 1341 847 1368 id
864 1349 914 1376 pro
927 1342 980 1369 hu-

189 1389 270 1410 mana
296 1383 423 1416 utilitate,
451 1387 478 1411 et
502 1384 646 1419 disciplina
673 1386 775 1412 meruit
800 1387 978 1422 promulgari.

188 1428 278 1463 Atque
287 1428 314 1456 id
330 1429 416 1464 magis
434 1430 574 1465 magisque
587 1438 620 1458 ex
633 1431 739 1459 caeteris
753 1432 859 1466 pariter
872 1434 979 1468 perspi-

189 1475 261 1501 citur
281 1475 478 1507 animautibus,
491 1475 526 1503 de
541 1475 641 1511 quibus
655 1478 729 1504 nulla
747 1478 836 1513 legum
850 1479 917 1506 latio
929 1487 980 1514 po-

1036 247 1156 278 καὶτοὺς
1181 247 1378 282 γεγεννηκότας
1398 247 1547 283 λαμϐάνειν
1559 256 1566 263 ·
1588 248 1644 274 οὐδ’
1663 248 1739 283 ἕψειν
1755 250 1826 284 ἄρνα

1036 293 1065 319 ὲν
1078 293 1194 326 γάλακτι
1211 293 1314 329 μητρὸς
1340 293 1433 326 αὑτοῦ,
1450 295 1473 320 εἰ
1486 294 1575 328 βούλει
1595 294 1634 326 δὲ,
1650 294 1718 330 μηδὲ
1731 295 1826 329 διαφό-

1037 346 1094 373 ροις
1126 338 1264 372 σπέρμασι
1291 338 1337 364 τὸν
1359 338 1508 373 ἀμπελῶνα
1535 339 1730 374 κατασπείρειν
1747 347 1754 355 ·
1769 339 1825 365 οὐδ’

1037 384 1145 418 ἱμάτιον
1158 384 1294 418 διαφόρων
1311 385 1343 410 ὲκ
1371 384 1501 419 νημάτων
1527 384 1682 419 ὑφασμένον
1699 384 1823 419 περιδύε-

1037 430 1114 456 σθαι·
1125 429 1172 456 καὶ
1188 429 1272 456 πολλὰ
1286 429 1410 459 τοιαῦτα,
1420 426 1457 455 ὧν
1469 430 1526 459 ἐστι
1540 430 1588 456 καὶ
1600 430 1639 456 τό·
1654 438 1663 455 ι
1681 430 1720 456 Οὐ
1732 429 1823 464 φιμώ-

1036 483 1093 506 σεις
1105 474 1167 509 βοῦν
1191 474 1322 502 ἀλοῶντα,
1337 483 1346 500 ι
1370 474 1414 500 Ἑν
1429 474 1507 509 χρείᾳ
1523 474 1612 500 τοίνυν
1637 475 1651 501 ὁ
1666 474 1825 509 νομομαθὴς

1035 522 1148 551 ἐκεῖνος,
1165 519 1309 555 ἄνθρωπος
1333 519 1380 546 τοῦ
1408 521 1527 555 πάρετος
1539 521 1594 555 (62)
1610 519 1726 554 νομίμου
1743 527 1824 554 γεγο-

1035 565 1099 598 νὼς,
1113 565 1240 592 κάκεῖθεν
1254 566 1374 600 ὑφαίνων
1385 566 1433 601 τὴν
1443 566 1614 600 παραίνεσιν,
1626 565 1662 596 ὡς
1675 565 1716 591 δεῖ
1723 566 1768 591 τὸν
1782 565 1824 596 είς

1035 611 1135 647 ἀρετὴν
1150 612 1260 646 ἐτέρους
1281 611 1516 646 προτρεπόμενον,
1543 611 1624 638 αὐτὸν
1637 611 1739 646 ταύτης
1752 611 1822 637 ἀπο-

1035 657 1127 684 λαύειν
1145 658 1287 693 πρότερον,
1314 655 1364 684 εἷθ’
1389 657 1477 688 οὕτως
1499 657 1546 684 ἐπὶ
1562 657 1612 693 τὴν
1630 657 1748 692 μίμησιν
1758 657 1823 688 τοὺς

1034 704 1172 739 ἀκροατὰς
1187 702 1355 738 παρακαλεῖν
1368 711 1375 719 ’
1387 702 1415 738 ἢ.
1430 704 1454 729 εἰ
1471 702 1570 737 βούλει,
1589 702 1652 734 τοὺς
1666 702 1823 733 κοπιῶντας

1034 750 1084 784 τῆς
1095 749 1149 776 ἀπὸ
1171 750 1225 776 τῶν
1254 749 1342 776 πόνων
1371 748 1550 785 παραμυθίας
1571 749 1608 784 μὴ
1628 748 1821 784 ὑστερεῖσθαι·

1033 795 1121 822 ταῦτα
1133 795 1180 821 καὶ
1192 794 1235 821 διὰ
1249 795 1298 829 τῆς
1310 793 1460 828 Μωσαῖκῆς
1470 793 1631 828 νομοθεσίας
1651 793 1821 828 συγκροτῶν,

1034 840 1198 875 ἐπήγαγεν-ι
1214 838 1251 865 Οὺ
1263 838 1397 873 φιμώσεις
1414 837 1613 873 βοῦνάλοῶντα.
1627 846 1636 863 ι
1650 836 1715 864 Εἶτα
1727 837 1774 864 ἵνα
1785 838 1821 872 μή

1031 895 1073 918 τις
1096 887 1160 921 εἴπῃ
1179 893 1186 900 ·
1211 886 1240 911 Ἡ
1254 885 1280 911 τί
1292 885 1360 919 πρὸς
1376 883 1526 919 ἀνθρώπων
1542 883 1623 918 φύσιν
1636 883 1667 909 τὸ
1683 883 1738 910 τῶν
1753 882 1822 918 βοῶν

1032 933 1124 967 γένος;
1136 941 1146 958 ι
1160 931 1197 958 Οὐ
1206 931 1259 957 τῶν
1271 930 1349 965 βοῶν,
1359 930 1452 965 φησὶν,
1467 929 1583 956 ἐνταῦθα
1600 928 1675 964 μέλει
1687 928 1819 964 τῷΘεῷ.»

1031 977 1069 1004 Δι’
1086 978 1160 1012 ἡμᾶς
1174 976 1229 1012 γὰρ
1245 977 1259 1003 ὁ
1274 975 1317 1003 ἐπ’
1334 976 1426 1007 αὐτοῖς
1441 975 1521 1010 ἐτέθη
1537 975 1619 1010 νόμος
1632 983 1639 991 ·
1653 975 1683 1002 οὐ
1696 975 1751 1010 γὰρ
1764 975 1822 1010 ἔχει

1031 1023 1242 1059 προηγουμένην
1252 1022 1301 1057 τὴν
1315 1021 1390 1048 ϐάσιν
1409 1021 1451 1048 ἐπ’
1474 1020 1586 1048 ἐκείνων
1598 1028 1605 1036 ·
1621 1020 1682 1047 οὐδὲ
1696 1020 1747 1055 τῆς
1765 1019 1822 1047 τῶν

1030 1069 1136 1103 ἀλόγων
1147 1068 1283 1099 πολιτείας
1298 1068 1315 1103 ἠ
1331 1067 1465 1103 Μωσαῖκὴ
1478 1066 1624 1102 νομοθεσία
1640 1066 1820 1101 στοχάζεται·

1030 1114 1088 1142 ἀλλ’
1104 1115 1175 1150 ειπερ
1190 1114 1296 1150 ἑτέροις
1324 1114 1469 1150 περιετέθη
1495 1112 1666 1149 προσώποις,
1682 1111 1772 1138 ταῦτα
1785 1111 1821 1138 δι’

1030 1163 1104 1197 ἡμᾶς
1119 1161 1230 1198 ἐρρέθη·

1065 1209 1150 1236 Μέλει
1165 1208 1215 1243 μὲν
1230 1208 1285 1243 γὰρ
1299 1207 1353 1234 τῶν
1370 1206 1439 1242 βοῶν
1458 1205 1497 1241 τῷ
1511 1205 1582 1241 Θεῷ,
1598 1205 1693 1240 ὥσπερ
1707 1204 1823 1232 καὶτῶν

1030 1255 1117 1281 ἄλλων
1142 1254 1318 1289 κτισμάτων
1347 1253 1416 1280 ἀλλά
1431 1252 1481 1287 οὐχ
1494 1251 1565 1278 ὥστε
1588 1251 1652 1287 περὶ
1667 1250 1757 1277 αὐτῶν
1771 1249 1822 1276 καὶ

1030 1302 1128 1335 νόμους
1145 1299 1368 1332 ὲκτίθεσθαι,καὶ
1387 1300 1438 1334 τῆς
1461 1297 1597 1329 πολιτείας
1620 1297 1732 1329 τύπους,
1755 1295 1821 1323 καθ’

1029 1347 1076 1379 οὖς
1091 1355 1123 1381 γε
1137 1346 1299 1381 βιώσονται⁹
1316 1345 1385 1372 ἀλλὰ
1403 1344 1452 1372 καὶ
1472 1341 1510 1372 ὧν
1537 1342 1655 1379 προῆλθε
1668 1342 1820 1376 διάταγμα,

1030 1393 1074 1419 διὰ
1097 1393 1146 1428 τὴν
1157 1392 1212 1419 τῶν
1223 1391 1376 1427 ἀνθρώπων
1390 1391 1485 1426 χρείαν
1506 1389 1554 1417 καὶ
1567 1388 1753 1423 παιδαγωγίαν
1767 1387 1822 1422 τὴν

1029 1438 1159 1472 εἰσφορὰν
1175 1436 1345 1464 οἰκειώσατο.
1360 1436 1416 1462 Καὶ
1427 1434 1506 1462 τοῦτο
1521 1433 1637 1470 φανερὸν
1651 1432 1728 1459 οὐδὲν
1739 1431 1822 1458 ἐλατ-

1029 1493 1075 1511 τον
1096 1484 1144 1510 καὶ
1169 1484 1202 1510 ὲκ
1230 1483 1285 1509 τῶν
1300 1482 1388 1510 ἄλλων
1415 1480 1492 1514 ζώων
1513 1480 1688 1510 καθίσταται,
1704 1478 1770 1513 περὶ
1778 1473 1820 1506 ὧν

188 1522 244 1547 test
255 1520 390 1547 exhiberi.
403 1520 534 1553 Quaenam
550 1522 680 1549 nimirum
697 1524 730 1551 de
755 1524 888 1557 leonibus,
905 1533 977 1560 quae-

1062 1530 1144 1565 δεμία
1155 1529 1245 1564 νόμων
1257 1527 1372 1564 εἰσφορὰ
1385 1528 1576 1554 διαδείκνυται.
1592 1526 1671 1556 Ποῖος
1683 1524 1737 1559 γὰρ
1752 1523 1820 1559 περὶ

189 1572 252 1593 nam
267 1566 302 1594 de
327 1565 529 1601 elephantibus.
555 1572 602 1595 aut
617 1568 652 1595 de
677 1569 864 1603 unieornibus,
884 1577 930 1598 aut
947 1571 981 1598 de

188 1610 364 1642 draconibus,
390 1615 437 1638 aut
460 1611 494 1638 de
527 1611 679 1641 innumeris
711 1614 772 1642 aliis
796 1615 980 1643 animantium

189 1655 345 1690 generibus,
361 1663 477 1690 quorum
489 1657 611 1691 quaedam
623 1659 800 1686 mansueﬁeri
815 1666 977 1694 cernuntur,

188 1705 284 1728 cetera
301 1708 365 1728 vero
382 1701 524 1729 hominum
539 1702 756 1732 familiaritatem
778 1710 805 1732 et
833 1707 980 1734 contuber-

188 1746 265 1774 nium
279 1754 391 1781 prorsus
414 1748 561 1782 rel'ugiunt,
588 1749 700 1777 inducta
713 1750 756 1778 lex
776 1752 835 1779 est?
847 1753 904 1779 Hoc
918 1761 980 1788 pro-

189 1791 260 1821 lecto
271 1799 333 1819 cum
349 1793 445 1821 beatus
467 1794 523 1826 ille,
538 1800 566 1822 et
576 1794 684 1823 divinus
707 1797 757 1830 vir,
774 1798 882 1831 melius,
896 1807 978 1835 quam

188 1837 277 1872 quivis
300 1838 381 1870 alius,
397 1840 572 1874 comperiret,
593 1845 687 1876 utpote
713 1842 780 1877 legis
803 1843 910 1878 doctor,
928 1847 979 1875 Ec-

187 1883 277 1910 clesia:
292 1885 366 1917 tuba,
380 1888 408 1912 et
425 1893 502 1913 mens
512 1886 650 1920 sublimis,
669 1892 724 1915 tulit
745 1897 836 1917 rerum
850 1892 973 1920 omnium

188 1929 385 1964 providentiam
411 1931 437 1958 in
467 1932 560 1960 multis
589 1934 712 1968 epistolis
739 1935 894 1970 frequenter
923 1938 977 1966 Deo

188 1975 388 2003 attribuendam
415 1978 554 2011 praedicat,
580 1984 635 2006 tum
659 1980 739 2008 docet
764 1983 824 2010 illas
838 1983 872 2010 de
891 1984 978 2012 brutis

187 2020 270 2055 leges,
285 2029 354 2056 quas
381 2022 499 2054 Mosaica
515 2024 605 2052 littera
629 2026 749 2060 adhibet,
778 2036 832 2055 non
854 2030 975 2064 ipsorum

188 2065 295 2093 vivendi
322 2074 445 2095 normam
469 2069 594 2102 delinire,
626 2079 715 2105 neque
745 2073 814 2100 adeo
831 2074 910 2102 bruta
928 2077 974 2104 Dei

189 2110 330 2142 interesse.
347 2116 378 2139 ut
388 2114 469 2140 etiam
481 2113 542 2148 jura
561 2115 595 2142 ad
613 2115 733 2150 ipsorum
753 2119 975 2153 gubernationem

187 2158 339 2191 spectantia
373 2160 573 2192 conscriberet;
602 2165 630 2188 at
660 2163 751 2196 potius
780 2164 836 2192 hate
866 2167 899 2194 ad
931 2168 975 2195 in-

187 2202 283 2230 docilis
307 2203 412 2232 Judaici
429 2206 520 2240 populi
547 2207 711 2241 doctrinam,
735 2210 910 2245 regimenque
931 2221 974 2241 sa-

187 2249 358 2283 pientissimo
381 2255 409 2278 et
428 2252 538 2280 occulto
553 2253 670 2281 consilio
693 2256 811 2290 prolata,
830 2262 858 2285 et
878 2259 973 2288 litteris

186 2293 288 2321 credita
299 2293 384 2323 fuisse
397 2297 490 2325 tradit.

219 2393 297 2422 Patet
309 2394 410 2430 itaque.
426 2395 498 2430 quod
521 2403 576 2423 non
598 2397 678 2424 modo
703 2398 864 2432 praedicator
890 2401 974 2429 docu—

186 2440 284 2468 mentis
296 2441 416 2476 magistri
446 2441 473 2468 in
498 2442 572 2469 nulla
603 2450 723 2478 unquam
747 2452 776 2471 re
795 2445 973 2481 adversetur;

185 2494 278 2513 verum
291 2487 372 2513 etiam
392 2494 423 2514 ea
445 2487 607 2515 documenta
623 2490 831 2518 conﬁrmatione
847 2493 973 2520 munian-

186 2536 240 2564 tur,
257 2533 392 2568 pmcipue
406 2533 471 2561 dum
487 2533 602 2562 diversis
617 2542 708 2562 rerum
723 2539 892 2570 argumentis
905 2547 971 2566 usus

183 2578 366 2607 diversitatem
377 2581 571 2608 convenienter
585 2583 784 2614 accommodat,
794 2584 855 2610 etin
871 2586 970 2618 quovis

185 2632 234 2651 usu
253 2625 391 2653 doctrinas
406 2626 477 2654 inter
493 2633 522 2654 se
536 2626 679 2655 distinctas
693 2627 804 2655 minime
815 2629 968 2664 confundit;

183 2669 338 2704 praebetque
352 2677 382 2697 se
398 2671 450 2705 piis
464 2671 532 2699 viris
549 2679 686 2704 normam,
706 2681 761 2707 quo
776 2678 855 2707 pacto
872 2675 971 2703 debeat

238 2727 261 2744 "
277 2727 355 2756 Deu’t.
381 2735 449 2761 un,
469 2727 496 2756 6.

184 2763 232 2790 vit.
253 2771 309 2796 χιιι,
327 2763 375 2796 l9;
388 2763 468 2791 Deut.
487 2764 596 2798 xxv,4;
616 2765 626 2792 Ι
645 2765 708 2792 Cor.
723 2773 762 2796 Ix.
776 2766 802 2793 9.

550 2728 575 2767 ‘f
592 2729 677 2767 Esod.
693 2738 784 2759 xxuv.
800 2730 850 2766 25;
869 2732 946 2760 Deut.
963 2741 1019 2767 xxv,
1032 2733 1077 2760 2|.

1031 1576 1145 1602 λεόντων
1158 1583 1166 1608 ;
1194 1575 1236 1606 τίς
1258 1575 1286 1601 δὲ
1302 1575 1366 1609 περὶ
1381 1573 1544 1608 ἐλεφάντων,
1559 1572 1576 1606 ἢ
1612 1568 1820 1606 μονοκερώτων⁹

1030 1622 1212 1658 ἢδρακόντων
1232 1621 1314 1655 νόμος
1339 1620 1536 1655 εἰσενήνεκται,
1559 1618 1576 1654 ἢ
1600 1617 1705 1653 μυρίων
1727 1616 1820 1643 ἄλλων

1030 1668 1128 1702 γενῶν,
1145 1666 1182 1696 ὦν
1193 1668 1227 1694 τὰ
1242 1667 1292 1703 μὲν
1307 1667 1402 1702 ὁρᾶται
1431 1665 1562 1701 χειροήθη
1589 1664 1731 1699 γινόμενα,
1739 1662 1775 1688 τὰ
1788 1661 1821 1688 δὲ

1030 1713 1169 1745 παντελῶς
1184 1713 1232 1748 τὴν
1245 1713 1314 1748 πρὸς
1322 1712 1474 1748 ἀνθρώπων
1493 1710 1611 1746 ὁμιλίαν,
1626 1708 1716 1736 καὶτὸ
1728 1708 1818 1743 ὀμοῤ-

1030 1760 1123 1795 ρόφιον
1135 1759 1353 1793 ἀποστρέφεται;
1383 1757 1470 1784 Τοῦτο
1493 1757 1559 1791 γοῦν
1583 1756 1630 1782 καὶ
1649 1755 1664 1781 ὸ
1679 1753 1819 1789 μακάριος

1029 1806 1129 1837 ἐκεῖνος
1157 1805 1203 1831 καὶ
1231 1805 1302 1836 θεῖος
1332 1804 1486 1839 ἄνθρωπος,
1506 1802 1585 1836 εῐπερ
1603 1809 1645 1832 τις
1665 1799 1755 1831 ἄλλος,
1770 1795 1819 1824 οἷα

1028 1850 1061 1886 δὴ
1081 1851 1198 1886 μάλιστα
1212 1851 1260 1877 καὶ
1271 1849 1439 1884 νομομαθὴς,
1461 1847 1552 1880 εἰδὼς,
1566 1847 1617 1881 τῆς
1650 1843 1820 1879 Ἐκκλησίας

1029 1896 1184 1935 ἡσάλπιγξ,
1210 1897 1224 1922 ὸ
1248 1894 1310 1927 νοῦς
1333 1895 1348 1921 ὸ
1376 1893 1534 1929 μετάρσιος,
1555 1893 1602 1919 καὶ
1620 1891 1669 1926 τὴν
1685 1890 1819 1925 πρόνοιαν

1027 1942 1196 1977 ἀνηρτῆσθαι
1211 1941 1320 1968 πάντων
1333 1939 1479 1974 πολλαχοῦ,
1504 1939 1551 1965 καὶ
1567 1937 1697 1968 πολλάκις
1710 1936 1820 1969 ἀνακη-

1029 1987 1120 2021 ρύττει
1135 1985 1204 2021 Θεῷ,
1224 1986 1272 2012 καὶ
1297 1986 1359 2016 τοὺς
1375 1985 1438 2019 περὶ
1452 1984 1507 2010 τῶν
1527 1983 1633 2016 ἀλόγων
1647 1981 1758 2015 νόμους,
1775 1977 1818 2010 οἷς

1027 2033 1162 2068 ἐχρήσατο
1175 2032 1206 2058 τὸ
1214 2032 1331 2066 γράμμα
1356 2030 1386 2058 τδ
1402 2029 1559 2061 Μωσαῖκὸν,
1577 2029 1607 2055 οὺ
1624 2027 1668 2054 διὰ
1681 2027 1726 2053 τὸν
1743 2025 1818 2052 ὲκεί-

1027 2087 1079 2105 νων
1096 2079 1152 2113 βίον
1171 2078 1349 2112 θεσπισθῆναι
1377 2075 1591 2112 προηγουμένως
1615 2073 1795 2107 ἀποφαίνεται
1807 2080 1815 2087 ·

1026 2123 1086 2150 οὐδὲ
1100 2123 1227 2149 τοσοῦτον
1257 2122 1347 2149 αὐτῶν
1373 2121 1480 2157 μέλλειν
1509 2120 1548 2155 τῷ
1578 2118 1647 2153 Θεῷ,
1674 2118 1745 2144 ὥστε
1767 2116 1816 2143 καὶ

1027 2169 1144 2204 θεσμοὺς
1169 2169 1210 2200 εις
1235 2168 1283 2204 τὴν
1308 2167 1419 2194 ἐκείνων
1440 2165 1578 2193 πολιτείαν
1593 2163 1816 2199 ἀναφερομένους

991 2206 1250 2250 Βάναγράφεσθαι·
1278 2213 1334 2239 ἀλλ’
1363 2213 1410 2239 ἐπὶ
1438 2211 1623 2246 παιδαγωγίᾳ,
1651 2210 1698 2236 καὶ
1731 2216 1815 2243 νομο-

1027 2261 1104 2296 θεσίᾳ
1118 2260 1165 2287 τοῦ
1178 2259 1314 2296 δυσηνίου,
1328 2259 1375 2286 καὶ
1394 2257 1540 2285 Ὶουδλῖκοῦ
1564 2257 1668 2288 ἔθνους,
1691 2255 1739 2282 καί
1764 2256 1815 2290 ρη-

1025 2308 1116 2343 θῆναι,
1144 2307 1190 2334 καὶ
1219 2305 1412 2340 ἀναγραφῆναι
1436 2304 1590 2339 σοςοωτάτῃ,
1611 2302 1659 2330 καὶ
1679 2309 1815 2329 συνεπτυ-

1023 2354 1112 2390 γμένῃ
1128 2353 1217 2388 κρίσει
1231 2352 1409 2387 παραδίδωσι.

1060 2400 1143 2434 Δῆλον
1165 2397 1222 2431 οὖν,
1249 2398 1286 2429 ὡς
1298 2398 1328 2424 οὑ
1342 2398 1421 2433 μόνον
1447 2397 1523 2423 οὐδὲν
1547 2394 1672 2430 οὐδαμῶς
1685 2394 1699 2420 ὁ
1719 2393 1814 2429 κῆρυξ

1024 2445 1235 2479 ἀντιφθέγγεται
1251 2444 1318 2479 πρὸς
1335 2444 1369 2470 τὰ
1383 2442 1545 2469 διδασκάλου
1564 2441 1729 2475 διδάγματα·
1742 2440 1815 2466 ἀλλὰ

1023 2491 1069 2517 καὶ
1082 2491 1223 2526 βεϐαίωσις
1236 2490 1326 2516 αὐτῶν
1341 2489 1515 2519 καθίσταται,
1534 2488 1653 2523 μάλιστα
1664 2488 1693 2513 ὲν
1704 2487 1743 2522 τῷ
1752 2487 1814 2513 δια-

1022 2537 1098 2572 φόρῳ
1110 2537 1165 2563 τῶν
1185 2537 1339 2563 ὑποθέσεων
1355 2536 1403 2562 καὶ
1412 2536 1463 2570 τὴν
1476 2535 1608 2569 διαφορὰν
1620 2533 1670 2568 τῆς
1684 2533 1814 2569 χρήσεως

1021 2584 1196 2619 καταλλήλως
1219 2582 1408 2618 διορθούμενος
1426 2602 1434 2614 ,
1464 2582 1510 2608 καὶ
1535 2581 1678 2616 φυλάττων
1706 2580 1812 2615 ἑκάστῃ

1022 2630 1102 2665 χρείᾳ
1117 2630 1147 2656 τὸ
1160 2630 1211 2664 τῆς
1236 2629 1353 2664 θεωρίας
1363 2628 1571 2664 διακεκριμένον
1583 2626 1746 2661 ἀσὺγχυτον,
1763 2627 1813 2652 καὶ

1026 2676 1106 2711 νόμον
1115 2677 1171 2707 τοῖς
1185 2675 1325 2702 εὖοεϐἑσιν
1337 2674 1432 2701 ἑαυτὸν
1446 2673 1595 2709 προτιθεὶς,
1608 2673 1680 2704 ὅπως
1688 2671 1743 2708 χρὴ
1755 2671 1813 2698 τῶν

1134 2733 1155 2748 ⁸¹
1173 2732 1251 2760 Deut.
1271 2739 1339 2766 mi,
1352 2732 1378 2760 9.
1427 2732 1449 2748 "
1468 2731 1548 2758 Deut.
1564 2729 1678 2764 uin“.
1717 2729 1742 2746 "
1757 2729 1812 2757 Le—

943 2812 1060 2840 NOTx‘E.

217 2855 273 2892 (οε)
289 2856 326 2884 Τὸ
342 2857 461 2894 παρέχον
494 2857 587 2888 subice
612 2858 652 2895 τῷ
665 2860 793 2896 πάρετος,
815 2863 861 2887 aut
882 2859 971 2887 scribe

1071 2859 1157 2893 ἔθνος,
1175 2859 1237 2895 legis
1255 2859 1282 2887 in
1297 2863 1370 2895 gente
1384 2867 1432 2887 sua
1448 2859 1568 2895 vigentis.
