1882 3075
81 151 127 183 225
538 152 587 182 AD
605 152 902 183 AMPHILOCHIUM
918 154 1091 190 QUIESTIO
1108 158 1199 189 XXX.

1635 164 1689 196 226

48 203 51 206 ⁴
81 210 152 245 ίερῶν
174 208 250 244 ήμῶν
269 207 374 242 Δογίων
403 207 451 234 τὸν
472 207 535 235 νοῦν
568 209 736 244 ἀνιχνεύειν·
755 210 801 236 καὶ
812 209 840 245 τᾷ

920 218 1044 240 acrarum
1063 213 1225 241 Litterarum
1243 221 1340 242 sensus
1369 214 1537 250 investigari,
1566 223 1617 244 nec
1642 225 1691 252 pro

80 255 202 291 προχείρῳ
227 253 280 281 τῶν
305 253 455 289 ῥημάτων,
479 255 529 289 τῆς
554 255 676 287 διανοίας
703 256 849 290 ἀντιφθεγ-

79 301 204 335 γομένης,
236 299 353 335 μάλιστα
378 299 416 336 μὴ
436 300 508 328 κατὰ
535 301 567 327 τὺ
594 302 661 336 ῥᾷον
691 302 850 337 παρασύρε-

79 345 141 372 σθαι.

108 391 223 417 Ἐνεστιν
235 390 281 417 οὖν
297 390 450 426 διδασκάλῳ
466 391 506 427 τῷ
516 392 598 428 κοινῷ
617 393 666 428 τῆς
687 393 850 429 Ἐκχλησίας

75 436 213 472 διδασκάλῳ
223 436 375 472 χρώμενον,
391 435 433 470 οἷς
446 438 518 474 ἔρως
533 439 583 473 μὲν
595 440 612 474 ἡ
620 439 758 470 εὐσέϐεια.
768 440 849 475 ἔργον

77 482 102 508 δὲ
128 481 218 515 σοφίας
240 482 257 517 ή
286 482 433 518 διάκρισις,
457 483 536 519 καὶὴ
555 484 659 511 ἄνωθεν
685 484 740 511 τῶν
761 485 849 520 λόγων

78 528 154 562 χάρις,
166 527 351 561 ἐναυγάζουσα
371 529 443 556 κατά
464 528 582 564 μίμησιν
596 529 642 556 τοῦ
659 529 848 564 καθηγεμόνος

76 573 247 610 μεθοδεύοντα,
275 574 466 610 φανερώτερον
487 575 527 601 ἑτι
554 575 702 608 δεικνύναι,
718 575 756 607 ὡς
772 576 848 603 οὐδὲν

75 620 196 655 ἡτοιαύτη
215 620 269 647 τῶν
285 622 415 656 ῥημάῑων
447 623 545 658 χρῆσις
566 621 627 649 οὔτε
642 631 668 649 τι
683 623 738 650 τῶν
767 623 850 658 ἱερῶν

75 665 139 699 ἡμῶν
163 665 303 700 δογμάτων
330 666 549 701 ὲπιλυμαίνεται,
577 667 639 694 οὔτε
665 669 725 695 τινὰ
750 669 846 704 μῶμον

75 710 236 746 ὲπιτρίϐεται,
253 710 323 738 ἀλλὰ
340 712 387 739 καὶ
401 713 558 740 τούναντίον
573 713 647 740 ἆπαν
657 714 688 740 τὸ
701 714 846 750 σύμφωνόν

72 763 97 781 τε
111 756 151 782 καὶ
165 755 325 792 ἀδιάϐλητον
351 756 561 792 συνεργάζεται,
579 755 641 784 υἶον
658 759 845 794 ὰσπλαγχνίας

74 809 106 832 τις
122 802 164 828 καὶ
185 802 376 838 ἀσυμπαοείας
393 803 533 838 μεθέλκων
549 804 649 840 τινά,ἢ
665 805 730 839 πρὸς
755 805 844 839 ἀπλη-

74 847 137 874 στίαν
150 847 262 882 ῥέουσαν
283 849 466 883 ἀναχαιτίζων
489 849 613 885 γνώμην,
629 850 645 885 ἢ
661 851 722 882 ταῖς
738 850 845 884 ίγνύσιν

902 256 981 284 obvia
996 258 1140 286 verborum
1156 259 1276 292 notione,
1293 259 1337 286 ubi
1354 264 1426 287 recta
1451 261 1520 287 ratio
1546 267 1687 298 repugnat,

903 301 928 328 in
943 310 972 329 re
988 304 1137 337 prmsertim
1155 304 1227 331 facili
1239 305 1265 331 in
1281 312 1402 332 errorem
1419 305 1527 333 abduci.

936 390 1020 426 Igitur
1032 391 1171 419 doctorem
1181 393 1267 426 decet,
1284 393 1423 420 communi
1439 394 1568 421 Ecclesiae
1578 393 1690 421 doctore

901 437 1032 469 utente'm,
1052 437 1096 470 iis,
1118 437 1219 472 quibus
1239 438 1315 465 cordi
1340 442 1382 466 est
1413 439 1517 473 religio,
1552 440 1691 474 sapientia

899 486 990 509 autem
1007 490 1078 517 opus
1093 487 1135 511 est
1150 483 1290 516 discretio,
1306 484 1481 519 caelestiaque
1494 484 1688 520 interpretandi

900 536 1042 557 sermones
1055 530 1153 565 gratia,
1164 538 1225 565 quat
1238 531 1378 558 hominem
1395 538 1425 558 se
1436 535 1595 565 sequentem
1609 531 1690 566 quasi

899 575 954 602 dux
974 575 1121 607 illuminat,
1149 576 1239 604 adhuc
1264 576 1416 604 evidentius
1444 576 1597 608 ostendere,
1618 577 1690 610 quod
1741 575 1743 577 ’

899 621 961 648 talis
976 629 1117 649 sacrorum
1140 623 1315 649 oraculorum
1346 630 1413 650 usus
1428 629 1479 649 nec
1498 621 1610 657 aliquod
1627 630 1691 649 san-

897 672 1004 695 ctorum
1021 668 1179 703 dogmatum
1201 673 1358 696 nostrorum
1384 669 1473 702 laedat,
1494 676 1544 697 nec
1570 669 1689 703 aliquam

898 717 992 740 notam
1006 718 1161 747 mereatur;
1178 714 1224 742 sed
1242 714 1375 749 quidquid
1402 712 1474 742 inter
1503 722 1533 742 se
1556 714 1690 749 refragari

897 759 1015 792 videtur,
1031 767 1169 787 consonos
1185 760 1323 793 veritates,
1349 764 1377 787 et
1403 760 1470 787 nulli
1501 760 1690 788 criminationi

897 805 1033 833 obnoxias
1050 805 1188 833 conficiat.
1202 806 1241 832 Ita
1255 813 1320 833 sane
1343 805 1366 833 si
1383 806 1445 840 quis
1470 806 1504 833 ah
1530 806 1690 833 inhumani-

898 856 952 878 tate
966 855 1048 886 atque
1063 851 1238 879 inclementia
1254 851 1370 878 alterum
1402 856 1554 884 revocaret,
1575 856 1602 879 et
1626 859 1689 886 pro-

73 893 231 928 ἀμτοτέραις,
247 894 279 921 τὸ
291 882 437 930 λεγόμενον
453 882 518 931 (65),
534 882 840 932 ἐπιγῶλαίνοντα-ἀνορ-

920 905 963 925 um
984 898 1015 925 ad
1032 898 1189 925 aviditatem
1202 897 1322 924 animum
1343 904 1481 928 coercere,
1500 902 1548 924 aut
1572 901 1689 932 utroque

72 938 116 965 Θῶν
129 947 165 970 τε,
177 940 222 966 καὶ
242 940 444 976 ὑποστηρίζων,
470 942 517 969 καὶ
541 942 609 977 πρὸς
628 943 678 979 τὴν
699 944 844 979 σωτήριον,

71 986 109 1012 ut
123 987 282 1023 μονότροπον
303 989 464 1016 ἀπευθύνων
484 990 589 1026 τρίϐον,
611 990 713 1017 τούτων
728 991 843 1019 ἕκαστον

70 1032 111 1066 τῆς
121 1032 212 1067 ἀλόγου
229 1034 319 1070 ῥοπῆς
334 1035 361 1062 εί
377 1045 420 1068 τις
436 1036 532 1069 ἄλλαις
547 1038 597 1074 μὲν
612 1038 725 1070 πολλαῖς
743 1048 844 1074 παραι-

69 1077 160 1105 νέσεσιν
187 1080 331 1115 ἐπέκειρεν
357 1082 528 1110 ἀνακτᾶσθαι
543 1105 551 1116 ,
576 1084 695 1120 συνείρει
718 1085 746 1112 δὲ
773 1085 844 1120 μάλα

70 1123 186 1159 εὐστόχως
203 1134 232 1152 τε
247 1128 298 1153 καὶ
324 1128 487 1164 ὲπικαίρωςυ
499 1131 529 1156 ού
545 1131 600 1166 γὰρ
611 1130 723 1166 ἔμαθες,
740 1132 844 1167 ἄνθρω-

71 1176 106 1201 πε,
115 1170 183 1206 παρὰ
192 1171 245 1199 τῶν
253 1173 412 1200 Μωσαῖκῶν
423 1176 523 1210 νόμων,
535 1176 584 1203 καὶ
592 1177 842 1212 παραγγελμάτων,

68 1214 100 1249 μὴ
113 1214 181 1250 ἕψειν
195 1217 265 1253 ἄρνα
284 1219 314 1245 ἐν
325 1219 440 1253 γάλακτι
453 1221 557 1257 μητρὸς
573 1223 667 1256 αὐτοῦ,
680 1223 748 1258 μηδὲ
764 1223 842 1251 σπεί-

69 1267 116 1293 ρειν
124 1261 165 1288 τὸν
187 1262 348 1298 ἀμπελῶνα,
368 1266 435 1301 μηδὲ
453 1267 627 1302 περιϐόλαιον
643 1269 735 1305 σαυτῷ
755 1270 841 1296 ποιεῖ-

70 1305 129 1339 σθαι,
146 1308 190 1335 καὶ
205 1309 299 1344 Mam:
315 1311 370 1347 (64)
389 1312 420 1345 ἐξ
430 1313 598 1348 ἑτερογενῶν
623 1314 752 1349 νημάτων
767 1315 842 1351 ἐρίου

67 1359 90 1378 τε
111 1353 153 1384 καὶ
174 1354 245 1382 λίνου
265 1359 491 1393 συνυφασμένονς
506 1360 540 1386 Ἣ
555 1359 585 1386 οὐ
603 1360 687 1386 πᾶσιν
703 1357 841 1396 ἐπίδηλον,

66 1397 316 1437 ὡςτὰθεσπίσματα
329 1403 416 1430 ταῦτα
440 1403 502 1431 οὔτε
523 1396 623 1439 ἀρνῶν,
644 1406 692 1432 καὶ
712 1406 841 1442 μητρῴου

67 1443 182 1477 γάλακτος
206 1447 420 1484 προηγουμένην
451 1448 509 1484 ἔχει
522 1449 573 1486 τὴν
605 1450 690 1476 θέσιν·
710 1450 768 1477 ἀλλ’
781 1451 841 1478 οὐδέ

67 1498 92 1522 γε
101 1492 156 1526 περὶ
171 1491 345 1527 ἀμπελῶνος,
359 1494 389 1520 οὐ
407 1494 460 1530 μὴν
476 1495 535 1522 οὐδὲ
550 1496 617 1531 περὶ
630 1496 685 1522 τῶν
699 1496 841 1532 διαφόροις

70 1535 158 1570 νήμασι
177 1538 392 1573 συντεθειμένων
417 1540 604 1575 ὑφασμάτωνς
628 1541 684 1568 Ποῦ
697 1541 752 1576 γὰρ
776 1542 839 1576 περὶ

67 1581 187 1615 νημάτων,
199 1582 215 1618 ἧ
227 1583 294 1620 περὶ
305 1584 487 1619 ἀμπελώνων,
503 1586 627 1622 ἢάρνῶν,
641 1587 689 1613 καὶ
703 1587 839 1621 γάλακτος

66 1626 97 1660 τῷ
118 1627 172 1662 Θεῷ
193 1629 280 1664 μέλει,
297 1629 369 1656 ὥστε
396 1632 443 1658 καὶ
472 1632 566 1667 νόμοις
595 1632 759 1659 ὑποϐάλλειν
788 1633 838 1660 αὑ-

67 1672 102 1703 τὰ,
115 1673 156 1700 καὶ
170 1674 253 1710 μηδὲν
283 1676 375 1702 αὐτῶν
387 1676 437 1711 τὴν
452 1677 626 1714 ἀνθρωπίνην
651 1679 742 1714 φύσιν,
756 1680 790 1707 δι’
805 1681 839 1716 ἣν

68 1717 156 1745 ᾶπαντα
184 1721 324 1756 προήχθη,
351 1722 502 1758 διαφέρειν.

99 1764 168 1793 Ἀλλά
176 1766 265 1802 δῆλον,
278 1768 320 1794 ὅτι
334 1767 368 1794 δι’
382 1769 456 1804 ἡμᾶς
468 1769 515 1796 καὶ
523 1769 679 1806 προύνοήθη
690 1770 740 1806 τὴν
750 1771 838 1806 ἀρχὴν

66 1810 213 1845 τὰτοιαῦτα,
249 1814 299 1840 καὶ
316 1814 463 1849 γράμμασι
480 1815 647 1850 διετυπώθη.
663 1816 700 1842 Τὸ
719 1817 768 1852 μὲν
783 1816 838 1843 τῶν

67 1857 148 1892 ἀρνῶν,
163 1860 187 1887 εί
202 1860 294 1896 βούλει
307 1861 347 1894 δὲ,
364 1862 412 1889 καὶ
435 1861 490 1889 τῶν
509 1863 668 1898 στρουθίων,
688 1864 726 1895 ὡς
742 1864 775 1890 ἂν
792 1863 838 1890 ἐπὶ

66 1904 109 1930 τῶν
131 1906 230 1941 ἀλόγων
247 1908 278 1934 τὸ
295 1908 439 1943 συμπαθὲς
469 1909 515 1935 καὶ
544 1909 731 1946 εὖσπλαγχνον
757 1910 836 1936 παιδ-

66 1952 246 1987 αγωγηθέντες,
263 1953 355 1989 πολλῷ
373 1954 474 1989 μᾶλλον
489 1955 536 1982 ἐπὶ
550 1955 604 1982 τῶν
623 1956 773 1991 ὁμογενῶν,
791 1956 837 1982 καὶ

65 1996 103 2031 τὴν
115 1998 193 2034 αὐτὴν
213 2000 353 2035 λαχόντων
379 2000 459 2035 φύσιν
477 2001 507 2028 τὸ
522 2001 713 2038 φιλάνθρωπόν
726 2011 755 2029 τε
766 2023 774 2035 ,
789 2002 837 2029 καὶ

65 2043 100 2069 τὸν
112 2045 178 2072 ἔλεον
200 2043 276 2082 ὦμεν
300 2046 524 2082 ἒπιδεδειγμένοι.
539 2047 577 2074 Τὸ
591 2048 618 2074 δὲ
634 2049 678 2075 ἵνα
710 2049 748 2084 μὴ
768 2048 837 2084 πρὸς

65 2090 196 2126 ἀπληστίαν
220 2094 369 2128 κεχηνότες
393 2094 428 2121 τά
452 2103 482 2121 τε
499 2094 566 2121 ἄλλα
587 2095 728 2129 δυστυχῶν
748 2094 837 2130 φερώ-

65 2136 131 2170 μεθα’
143 2138 244 2165 πολλῶν
261 2139 342 2175 γὰρὴ
352 2140 489 2175 ἀπληστία
501 2140 594 2167 κακῶν
606 2140 703 2172 αἴτιον,
715 2140 763 2167 καὶ
774 2149 836 2167 συνο

64 2184 185 2219 απορρεῖν,
203 2185 240 2217 ὡς
253 2186 366 2219 ἐπίπαν,
379 2185 474 2213 εἴωθεν
486 2187 554 2222 αὐτῇ
571 2187 628 2218 καὶ,
645 2186 659 2212 ὃ
673 2186 785 2217 δικαίως
802 2186 835 2212 ἃν

895 944 1007 978 poplite,
1025 947 1054 970 ut
1071 943 1157 976 aiunt,
1177 943 1375 971 claudicantem
1395 943 1511 978 erigere,
1529 949 1556 971 et
1570 944 1688 972 solidare

899 989 990 1021 vellet,
1006 996 1127 1023 eumque
1143 989 1169 1016 in
1192 988 1338 1016 salutarem
1362 993 1520 1023 vectamque
1532 989 1604 1015 viam
1620 989 1687 1016 diri-

895 1043 981 1070 gere:
998 1035 1105 1069 siquis,
1137 1035 1259 1069 inquam,
1282 1042 1505 1069 unumquemque
1531 1034 1627 1061 horum
1651 1035 1687 1062 ab

895 1079 950 1107 illis
964 1079 1063 1106 rationi
1078 1079 1201 1107 adversis
1225 1079 1455 1115 propensionibus
1473 1079 1513 1106 vel
1529 1086 1576 1114 per
1593 1079 1687 1114 plures

894 1125 963 1153 alias
1003 1125 1209 1153 adhortationes
1236 1133 1332 1153 eruere
1360 1126 1575 1161 aggrederetur,
1605 1125 1686 1154 nimis

895 1171 1021 1206 apposite
1035 1176 1244 1206 opportuneque
1258 1171 1424 1206 subjiceret:
1443 1179 1534 1198 nonne
1555 1171 1685 1205 didicisti,

894 1224 911 1244 ο
924 1217 1017 1249 homo,
1032 1217 1068 1244 ab
1084 1217 1218 1244 institutis
1245 1217 1442 1252 praeceptisque
1461 1216 1598 1250 Moesicis,
1611 1218 1685 1252 quod

894 1271 945 1290 nec
956 1263 983 1290 in
1002 1263 1072 1290 lacte
1086 1264 1182 1290 matris
1195 1271 1251 1290 suae
1264 1271 1364 1298 agnum
1379 1263 1472 1298 coqui,
1485 1271 1534 1291 nec
1550 1272 1642 1292 semen
1657 1265 1684 1291 in

894 1308 972 1335 vinea
990 1308 1080 1344 spargi
1096 1309 1187 1341 liceat,
1204 1316 1253 1336 nec
1269 1309 1458 1336 indumentum
1473 1309 1522 1336 tibi
1545 1313 1593 1336 aut
1608 1310 1684 1345 poly-

893 1355 987 1382 mitam
1003 1358 1105 1382 vestem
1118 1362 1151 1382 ex
1167 1355 1285 1382 diversis
1301 1354 1379 1389 lanae,
1396 1359 1424 1382 et
1437 1355 1485 1382 lini
1501 1355 1571 1383 liciis
1585 1356 1685 1384 debeas

893 1401 1060 1428 contexere?
1076 1400 1170 1427 Nonne
1192 1401 1321 1428 omnibus
1341 1406 1510 1435 compertum
1537 1405 1589 1434 est,
1611 1401 1685 1436 quod

893 1447 1082 1482 hujuscemodi
1097 1451 1262 1474 statutorum
1276 1447 1458 1482 promulgatio
1473 1454 1524 1474 nec
1534 1448 1624 1482 agnis,
1634 1455 1686 1475 nec

893 1496 1019 1519 materno
1047 1492 1110 1519 lacti
1127 1511 1134 1522 ,
1164 1491 1220 1519 imo
1239 1499 1289 1519 nec
1318 1493 1415 1522 vineae.
1443 1499 1493 1519 nec
1521 1492 1684 1520 vestimento

892 1537 1009 1565 diversis
1024 1537 1077 1565 illis
1091 1537 1228 1565 constanti
1255 1537 1424 1573 prospiciat!
1449 1537 1519 1565 Num
1545 1545 1578 1565 eo
1598 1546 1686 1573 usque

893 1582 948 1614 lila,
964 1587 1011 1610 aut
1024 1583 1119 1615 vinem,
1135 1587 1182 1610 aut
1193 1583 1266 1617 agni,
1280 1587 1307 1609 et
1322 1583 1365 1610 lac
1377 1582 1432 1610 Deo
1460 1587 1524 1610 sunt
1546 1590 1630 1613 curae.
1654 1587 1685 1610 ut

892 1629 998 1664 legibus
1020 1637 1130 1664 quoque
1151 1630 1203 1656 ista
1219 1629 1356 1664 subjiciat,
1375 1634 1402 1656 et
1420 1629 1547 1657 humana:
1570 1634 1684 1662 natura,

892 1675 973 1710 cujus
987 1675 1074 1710 gratia
1094 1675 1186 1702 omnia
1200 1675 1333 1710 producta
1346 1679 1420 1707 sunt,
1441 1675 1468 1702 iu
1488 1675 1561 1702 nulla
1586 1675 1683 1702 harum

893 1729 985 1749 rerum
999 1722 1160 1757 provideat?

929 1767 1011 1802 Atqui
1026 1771 1198 1802 perspectum
1209 1771 1261 1800 est,
1276 1767 1349 1802 quod
1371 1770 1481 1801 propter
1502 1774 1553 1794 nos
1567 1775 1606 1794 .ea
1625 1766 1682 1802 jam

895 1821 929 1840 an
944 1813 1023 1840 initio
1037 1814 1157 1848 provisa,
1167 1818 1194 1840 et
1205 1813 1301 1850 litteris
1312 1813 1441 1840 mandata
1459 1812 1569 1840 fuerint.
1580 1813 1680 1840 Partim

893 1859 977 1893 (quod
994 1858 1098 1885 scilicet
1114 1858 1146 1885 ad
1162 1865 1258 1893 agnos,
1275 1858 1330 1884 imo
1338 1857 1405 1884 etad
1421 1865 1546 1892 passeres
1562 1857 1680 1892 attinet).

891 1909 922 1932 ut
936 1912 986 1932 nos
1005 1905 1031 1932 in
1048 1905 1127 1932 bruta
1149 1905 1429 1936 commiserationem,
1457 1907 1484 1930 et
1508 1903 1680 1931 clementiam

891 1951 990 1983 cdocti,
1002 1951 1088 1978 multo
1101 1951 1188 1986 magis
1202 1951 1242 1978 eis
1252 1950 1298 1983 qui
1307 1957 1393 1985 genus
1407 1950 1478 1977 idem
1503 1949 1682 1984 eamdemque

891 1997 980 2024 sortiti
998 2001 1063 2024 sunt
1077 2002 1215 2028 naturam,
1243 1996 1439 2024 humanitatem
1469 1999 1497 2023 et
1523 1995 1681 2022 misericor-

891 2044 964 2070 diam
979 2043 1168 2071 exhibeamus.
1186 2042 1288 2070 Partim
1309 2050 1373 2070 vero
1395 2041 1478 2076 (quod
1509 2041 1543 2068 ad
1572 2041 1679 2068 vineam

891 2097 997 2123 nempe,
1015 2093 1042 2115 et
1056 2087 1177 2123 bovem),
1194 2095 1228 2115 ne
1244 2088 1269 2114 in
1285 2087 1444 2114 aviditatem
1457 2086 1641 2121 prolabamur,
1653 2091 1682 2113 et

889 2135 957 2162 alias
974 2134 1055 2161 simul
1073 2134 1208 2168 patiamur
1221 2140 1358 2160 :erumnas
1372 2141 1379 2158 τ
1396 2133 1544 2160 multorum
1557 2132 1680 2167 profecto

890 2182 1024 2208 malorum
1041 2188 1122 2207 causa
1139 2185 1180 2207 est
1191 2179 1318 2211 aviditas,
1333 2183 1360 2206 et
1374 2178 1458 2206 simul
1477 2186 1540 2206 cum
1565 2179 1634 2213 ipsa,
1651 2183 1680 2204 ut

64 2228 118 2262 ἡμῖν
134 2231 162 2263 ἐξ
186 2231 353 2266 αὐταρκείας
377 2232 562 2267 περιεγένετο.
589 2232 629 2259 Τὰ
649 2231 677 2258 δὲ
696 2233 835 2267 γεννήμα-

920 2227 1050 2258 urimum,
1062 2225 1184 2253 dillluere
1207 2225 1274 2253 solet
1291 2225 1316 2252 id
1330 2232 1449 2260 quoque,
1462 2225 1534 2260 quod
1545 2225 1618 2260 juste
1632 2233 1681 2252 no—

63 2275 161 2309 “(65),
176 2277 217 2304 ἱνα
231 2277 270 2314 μὴ
286 2278 454 2314 τὰςξγνώμας
470 2275 545 2313 ὦμεν
555 2277 672 2305 ποικίλοι
680 2286 721 2311 τε,
735 2279 783 2304 καὶ
792 2287 836 2305 πο-

63 2318 185 2356 λύτροποι,
193 2323 224 2350 ἐκ
233 2323 395 2360 διαφόρωνῆ
407 2325 584 2359 δογμάτων,ἢ
595 2324 690 2357 ἐθνῶν,
703 2324 838 2360 ἦβουλευ-

65 2365 164 2403 μάτωνῆ
175 2368 337 2403 ρημάτων,ἢ
345 2368 469 2403 πράξεων
483 2369 694 2404 συντεθειμένοι,
706 2369 753 2395 καὶ
768 2368 836 2404 πρὸς

64 2411 159 2445 ἑαυτοὺς
175 2415 274 2447 ἀθλίως
289 2423 319 2442 τε
332 2416 379 2443 καὶ
396 2415 607 2450 καταγελάστως
635 2415 834 2448 στασιάζοντες.

93 2503 164 2531 Ὥστε
181 2506 213 2532 οὐ
230 2507 312 2541 μόνον
331 2507 419 2539 οὐδὲν,
440 2507 456 2542 ὴ
479 2506 526 2533 τοῦ
548 2506 693 2534 θεσπεσίου
728 2506 835 2534 Παύλου

67 2548 169 2583 μέθοδος,
180 2552 234 2578 οὐδ’
251 2553 268 2587 ἡ
280 2551 311 2584 ἐξ
320 2552 402 2579 αὑτοῦ
422 2553 593 2588 προχεομένη
618 2552 673 2579 τῶν
692 2553 835 2588 δογμάτων

65 2592 131 2628 αἴγλη
143 2596 203 2628 τοὺς
215 2597 340 2628 εὐσεϐεῖς
357 2597 505 2632 λογισμοὺς
521 2598 560 2629 είς
576 2597 748 2632 διιστάμενὸν
762 2607 833 2631 τινα,

65 2639 103 2666 καὶ
111 2641 233 2677 σύγχυσιν
248 2643 414 2678 παρίστησιν
424 2652 431 2659 ·
443 2642 511 2669 ἀλλὰ
528 2643 576 2670 καὶ
584 2643 744 2671 διδασκαλία
756 2643 835 2671 δύνα-

889 2272 932 2299 bis
948 2279 996 2306 per
1011 2270 1195 2306 frugalitatem
1218 2271 1339 2298 obvenit.
1367 2270 1471 2298 Caetera
1498 2270 1616 2304 denique
1646 2270 1680 2297 de

889 2317 961 2345 liciis
978 2325 1010 2344 eo
1027 2320 1163 2352 spectant,
1185 2320 1215 2343 ut
1244 2323 1294 2343 nec
1310 2316 1403 2342 animo
1430 2315 1516 2342 simus
1541 2315 1618 2341 vario
1647 2322 1680 2342 ac

889 2363 1038 2398 versipelli,
1058 2371 1108 2390 nec
1123 2362 1239 2390 diversis
1265 2362 1412 2397 dogmatis,
1431 2361 1472 2388 vel
1490 2360 1623 2392 moribus,
1635 2361 1678 2387 vel

890 2410 1024 2441 consiliis.
1037 2409 1079 2436 vel
1095 2408 1196 2440 verbis.
1217 2408 1257 2435 vel
1271 2408 1400 2443 operihus
1431 2407 1610 2438 instruamur,
1630 2413 1680 2433 nec

890 2455 1036 2483 infeliciter
1054 2459 1080 2482 et
1095 2454 1209 2482 ridicule
1224 2461 1239 2481 a
1257 2453 1336 2481 nobis
1352 2453 1402 2488 ipsi
1420 2452 1612 2480 dissideamus.

924 2502 1096 2537 Quapropter
1109 2508 1161 2527 non
1181 2500 1262 2527 modo
1285 2499 1339 2527 divi
1355 2498 1432 2526 Pauli
1452 2497 1588 2530 doctrina,
1604 2501 1631 2524 et
1644 2497 1679 2525 ab

888 2556 920 2575 eo
935 2549 1066 2576 emissum
1083 2546 1241 2581 dogmatum
1257 2546 1349 2572 lumen
1377 2545 1404 2571 in
1425 2543 1546 2578 aliquam
1571 2543 1679 2571 dissen-

888 2595 993 2623 sionem
1015 2594 1259 2627 confusiouemque
1274 2596 1378 2619 mentes
1402 2591 1509 2626 piorum
1536 2590 1678 2618 hominum

888 2650 941 2670 non
960 2641 1065 2669 inducit
1087 2650 1094 2668 :
1112 2639 1158 2668 sed
1169 2639 1251 2666 etiam
1268 2638 1306 2672 hi,
1321 2638 1368 2673 qui
1388 2637 1451 2665 inde
1469 2637 1609 2672 sapientiae
1633 2645 1679 2664 ra-

801 2719 920 2751 ΝΟΤᾹίὶ.

101 2789 142 2828 βῦ)
152 2792 188 2818 Τὸ
199 2792 345 2828 λεγόμενον
355 2801 370 2820 e
386 2793 468 2821 tacito
490 2791 561 2819 κατὰ
580 2791 635 2827 regi
652 2790 753 2819 Grtccat
767 2799 830 2819 συν-

93 2828 152 2868 ξςως
163 2828 285 2870 analogia
301 2828 407 2856 suadet.

93 2861 142 2893 (ιιι)
151 2861 205 2891 Νιει
216 2863 313 2895 Balbo;
322 2864 451 2896 reﬁngas,
462 2862 567 2890 nullum
580 2869 690 2890 sensum
699 2862 818 2890 excudes

444 2883 451 2896 ,
462 2883 567 2890 ..κη-...-
580 2883 690 2890 ..ιι-..υ---ι
700 2883 829 2890 νηνυιιν-ιι

234 2910 369 2942 PnaoL.
390 2910 449 2941 Gn.
473 2909 523 2941 CI.

922 2790 979 2826 (65)
995 2790 1024 2818 in
1041 2786 1303 2827 prima_qursti0nia
1318 2785 1400 2822 hujus
1415 2783 1600 2819 εῖδει-ἰνίου
1619 2786 1679 2811 erat

885 2823 1004 2864 νήματα,
1020 2829 1101 2859 atque
1113 2823 1139 2851 id
1151 2823 1343 2858 opportunius.
