1882 3075
187 132 239 164 9‘27

765 129 898 159 PIIOTII
920 126 1172 158 PATRIARCH/E
1191 126 1245 157 ΟΡ.

1774 127 1825 159 228

189 191 248 218 dios
261 192 375 224 possunt
396 187 528 222 aspicere,
550 184 650 212 mirum
671 183 697 210 in
715 183 824 211 modum
839 183 975 215 ediscunt,

1067 191 1074 207 ι
1091 181 1253 217 πρὸκεισθαι
1275 180 1419 216 θαυμαστὴ
1438 181 1494 213 τοῖς
1508 181 1613 209 ἐκεῖθεν
1637 181 1686 214 τὰς
1707 181 1758 217 τῆς
1780 191 1824 209 σο-
1853 178 1856 185 ”

187 231 341 270 ιιυοίιςιοιο
372 232 460 260 sancti
477 232 595 267 Spiritus
615 230 728 258 oracula
758 237 819 257 cum
855 229 978 265 ej'usdem

187 281 307 310 oraculis
321 279 492 308 concilianda
504 278 559 306 sint
573 277 640 313 ('66).

303 375 469 409 QUASSTIO
490 375 573 402 xxxr
597 374 644 411 [aL
671 374 765 410 XXX].
796 375 852 410 (67)

186 423 323 456 Quomodo
340 423 519 457 accipiendum
536 428 572 448 est
588 422 673 453 illud,
698 431 707 447 (
739 421 828 448 Potest
853 421 921 448 Deus
945 421 977 448 de

237 459 370 493 lapidibus
386 458 444 484 istis
455 458 584 484 suscitare
604 458 674 492 ﬁlios
699 456 834 483 Abraham
846 457 888 483 δη
909 465 919 483 ι

1033 227 1097 261 φίας
1123 226 1237 258 ἀκτῖνας
1250 225 1449 260 ὲναυγάζεσθαι
1478 226 1649 262 δυναμένοις,
1682 227 1756 259 ὅπως
1773 229 1825 264 χρὴ

1033 273 1139 308 διαιτᾷν
1169 273 1238 307 μετὰ
1265 271 1312 298 τοῦ
1342 272 1501 307 Πνεύματος
1527 272 1562 299 τὰ
1587 272 1635 299 τοῦ
1666 273 1826 308 Πνεύματος

1033 319 1121 352 λόγια.

1263 384 1273 388 ‘
1312 376 1480 403 ΕΡΩΤΗΣΙΣ
1495 376 1557 403 AA'.

1030 421 1096 455 Πῶς
1119 422 1246 455 νοητέον
1260 421 1303 454 τὸ,
1325 431 1334 447 ι
1351 422 1478 449 Δύνιιται
1493 423 1510 449 ό
1525 423 1598 455 Θεὸς
1612 423 1646 449 ἐκ
1661 423 1720 450 τῶν
1731 424 1825 452 λίθων

1136 457 1251 484 τούτων
1261 456 1370 491 ἐγεῆοαι
1386 457 1477 484 τέκνα
1493 457 1533 490 τῷ
1550 458 1713 493 Ἀϐραάμ;ι

477 514 550 539 Edita
562 514 593 538 ab
601 514 660 539 Ant.
679 514 774 543 Scotto,
787 513 803 537 1.
815 520 847 543 c.,
861 514 931 544 p.53.
947 513 1146 539 Commentarius
1162 513 1187 538 in
1200 513 1259 538 an.
1274 521 1309 543 ιιι,
1323 513 1352 544 8;
1367 513 1452 538 Matth.
1471 521 1507 544 tu,
1519 513 1543 538 9.

219 569 324 596 Obvius
339 569 422 604 hujus
439 567 542 595 oraculi
557 575 664 600 sensus,
678 568 701 595 si
715 568 876 602 penitiurem
890 567 975 600 signi-

185 615 339 642 ﬁcationem
361 622 415 641 non
429 614 612 648 inquiramus,
633 613 734 648 poterit
756 614 851 648 utique
865 613 975 645 docere,

184 661 258 696 quod
274 661 505 696 quemadmodum
516 660 587 687 Deus
606 667 639 687 ex
654 659 786 687 diﬂluenti
798 659 975 694 iuformiqne,

185 714 218 734 ac
235 712 323 734 terrea
338 706 453 733 materie
465 705 543 732 tinxit
554 705 687 732 animantl
698 713 809 739 corpus,
823 705 977 740 pulverem-

1065 569 1101 594 Τὸ
1121 569 1170 603 μὲν
1185 569 1232 596 οὖν
1249 569 1395 605 πρόχειρον
1412 570 1461 605 τῆς
1487 571 1578 606 φωνῆς
1598 571 1663 598 ἄνευ
1682 570 1754 602 τινὸς
1772 570 1823 605 βα-

1030 614 1148 650 θυτέρας
1175 616 1295 647 ἐπινοίας
1312 616 1467 642 ὲκδιδάσκοι
1483 616 1528 648 ἂν,
1546 617 1587 643 ὅτι
1603 617 1704 643 καθ’ὃν
1720 617 1822 651 τρόπον

1029 661 1061 687 ὲκ
1075 661 1125 695 τῆς
1142 661 1313 696 εὐδιαχύτου,
1336 662 1384 689 καὶ
1404 661 1539 696 ἀπαγοῦς,
1560 662 1608 689 καὶ.
1635 663 1737 698 γεηρᾶς
1754 662 1822 697 ὕλης

1030 708 1183 743 συνέπηξεν
1198 709 1212 735 ὁ
1222 708 1299 741 Θεὸς,
1311 708 1350 743 τῷ
1365 708 1427 744 ζώῳ
1437 709 1468 735 τὺ
1483 709 1574 744 σῶμα,
1596 708 1644 736 καὶ
1664 711 1703 741 είς
1715 709 1822 745 ἀνθρώ-

184 761 237 788 que
251 752 286 780 ad
312 757 439 780 naturam
458 752 631 786 speciemque
648 751 796 778 humanam
819 751 975 778 conforma-

1067 762 1081 779 υ
1098 753 1179 788 φύσιν
1206 755 1254 781 καὶ
1267 752 1337 786 εἶδος
1347 755 1554 791 διεμορφώσατο
1570 755 1619 790 τὴν
1635 755 1709 782 κόνιν
1724 765 1732 772 υ
1749 756 1822 782 κατὰ

184 799 243 832 vit,
259 799 295 826 ita
323 798 402 825 facile
415 797 580 832 minimeque
596 804 741 832 operosum
759 797 794 824 sit
810 805 841 825 ex
853 797 975 825 solidiori

1064 809 1074 825 ν
1090 800 1171 827 αὑτὸν
1187 800 1289 836 τρόπον
1304 801 1368 836 ῥᾷόν
1385 809 1414 828 τε
1440 802 1487 828 καὶ
1503 801 1579 828 οὐδὲν
1595 801 1714 836 ἐργῶδες
1726 803 1757 828 ἐκ
1769 802 1820 837 τῆς

183 845 305 880 lapidum
326 847 433 876 natura,
451 843 507 871 Deo
529 844 633 871 artiﬁce
648 843 675 871 id
692 843 782 879 operis
799 845 975 879 suscipiente,

183 891 326 918 hominum
344 890 528 918 substantiam
548 889 742 925 compingere,
767 890 897 925 ipsosque
927 891 976 918 ho—

185 936 274 962 mines
293 943 327 962 ex
351 935 397 962 tali
409 942 502 962 massa
521 934 654 962 conﬂatos
679 934 796 962 Abrahae
820 935 891 963 ﬁlios
920 935 976 963 eﬂi-

184 989 256 1009 cere.
273 980 379 1008 Etenim
391 988 446 1007 non
462 980 565 1012 minus,
580 987 613 1007 ne
628 980 716 1007 dicam
733 984 760 1008 et
774 981 860 1008 multo
875 982 975 1016 magis,

183 1027 339 1055 mirandum
351 1031 393 1054 est
409 1026 547 1062 pulverem
569 1026 603 1054 ad
627 1026 748 1054 hominis
767 1034 877 1054 carnem
903 1027 975 1055 redi—

182 1080 246 1107 gere
263 1077 345 1107 atque
363 1071 583 1105 accommodare,
612 1080 694 1107 quam
725 1073 752 1100 in
779 1073 903 1107 corporis
936 1073 976 1100 vi-

182 1119 272 1147 ventis
292 1126 362 1154 opus
386 1118 483 1147 duram
512 1118 632 1152 lapidum
668 1118 865 1146 transformare
894 1124 974 1146 natu-

183 1171 254 1191 rum.

219 1211 403 1245 Praaterquam
422 1210 495 1245 quod
524 1217 579 1237 non
604 1210 686 1238 modo
711 1211 815 1245 primus
846 1210 928 1238 homo
960 1218 975 1238 e

183 1259 249 1285 limo
261 1257 450 1284 admirabilem
468 1256 546 1283 duxit
556 1255 701 1291 originem,
730 1256 777 1283 sed
800 1256 859 1283 Loti
892 1256 974 1284 etiam

183 1310 253 1331 uxor
267 1303 295 1330 in
312 1303 378 1330 salis
390 1303 546 1330 columnam
564 1302 710 1334 obdurata,
735 1302 868 1334 divinam,
890 1309 974 1337 quam

183 1356 234 1376 nec
253 1348 342 1381 eﬂ'ari,
367 1355 418 1375 nec
433 1351 522 1375 mente
537 1347 646 1381 assequi
662 1354 818 1382 possumus,
844 1348 973 1374 virtutem

183 1393 329 1428 praedicat,
359 1394 426 1421 dum
449 1401 497 1428 per
528 1391 716 1427 irrel‘ragabile
742 1393 895 1428 prodigium
922 1394 975 1428 pri~

1029 844 1215 881 στερεωτέρας
1230 844 1338 880 φύσεως
1353 845 1407 872 τῶν
1422 845 1514 877 λίθων,
1531 845 1684 881 ἀνθρώπων
1700 846 1821 872 tandem.

1028 899 1070 917 σιν
1082 890 1255 925 συντεθῆναι,
1279 890 1347 917 Θεοῦ
1372 891 1495 926 τεχνίτου
1510 891 1559 925 τὴν
1575 891 1673 918 πλάσιν
1688 891 1820 926 ἀναδεχο-

1029 936 1121 971 μένου,
1149 936 1197 963 καὶ
1208 937 1292 963 τέκνα
1308 937 1372 968 τοὺς
1382 937 1529 970 γεγονότας
1542 932 1576 963 ἒκ
1590 937 1713 964 τοιούτου
1729 937 1819 973 φυρά-

1028 990 1113 1016 ματος
1140 981 1310 1017 χρηματίσαι
1337 982 1384 1008 τοῦ
1406 982 1542 1018 ’Δόραάμ.
1566 982 1604 1009 Οὐ
1620 984 1674 1018 γὰρ
1685 980 1767 1019 ἦττον
1779 984 1820 1014 εἰς

1027 1026 1131 1062 θαῦμα,
1146 1027 1189 1053 ἵνα
1203 1027 1241 1063 μὴ
1255 1026 1328 1061 λέγω
1343 1028 1390 1054 καὶ
1404 1027 1489 1063 μείζω
1499 1034 1523 1061 α,
1535 1028 1610 1055 κόνιν
1620 1029 1661 1060 εἰς
1671 1028 1819 1064 ἀνθρώπου

1028 1073 1170 1108 συμπῆξαί
1187 1082 1228 1104 τε,
1244 1073 1290 1100 καὶ
1305 1073 1568 1109 συναρμολογῆσαιδ
1582 1075 1672 1110 σάρκα
1685 1082 1692 1089 ·
1707 1075 1754 1101 καὶ
1779 1074 1822 1101 λί-

1026 1118 1073 1145 θου
1090 1118 1171 1153 φύσιν
1202 1118 1318 1154 στερεὰν
1335 1119 1375 1150 είς
1391 1120 1519 1154 σώματος
1544 1119 1615 1152 ζώου
1642 1119 1822 1155 μεταπλάσαι

1026 1165 1133 1200 χρείαν.

1063 1211 1170 1242 ’Ᾱλλως
1197 1219 1227 1238 τε
1253 1211 1280 1238 δὲ
1296 1211 1327 1238 οὺ
1341 1210 1421 1246 μόνον
1445 1212 1460 1238 ὁ
1484 1211 1592 1246 πρῶτος
1618 1210 1763 1246 ἄνθρωπος
1787 1211 1822 1238 ὲκ

1026 1257 1088 1292 χόου
1097 1263 1107 1276 ε
1121 1257 1168 1284 καὶ
1183 1257 1340 1293 παραδόξαν
1365 1258 1429 1292 ἔσχε
1444 1256 1494 1292 τὴν
1513 1257 1621 1291 γένεσιν
1635 1264 1642 1272 ·
1655 1256 1725 1284 ἀλλὰ
1737 1257 1788 1283 καὶ
1802 1258 1820 1292 ἡ

1025 1301 1072 1328 τοῦ
1091 1300 1154 1328 Λὼτ
1170 1302 1240 1337 γυνὴ
1268 1303 1308 1334 εἰς
1327 1302 1429 1338 στήλην
1452 1302 1515 1333 ἁλὸς
1534 1301 1736 1328 άπολιθωθετσα
1768 1302 1823 1338 τὴν

1024 1347 1072 1374 τοῦ
1094 1347 1162 1374 Θεοῦ
1188 1348 1304 1383 δύναμιν
1330 1348 1478 1384 ἀδιήγητόν
1495 1357 1525 1375 τε
1550 1349 1597 1375 καὶ
1623 1349 1822 1384 ἀκατάληπτον

1025 1393 1218 1429 ἁνακηρύττει,
1239 1395 1268 1421 ὲν
1280 1394 1318 1429 τῷ
1333 1394 1470 1430 ἀδιαλύτῳ
1484 1393 1530 1420 τοῦ
1547 1394 1686 1428 θαύματος
1702 1388 1757 1428 τὴν
1769 1395 1823 1428 τῆς

183 1440 378 1467 stinenaturm
399 1439 457 1466 sine
473 1438 618 1466 manifesta
642 1439 819 1473 corruptione
840 1439 970 1474 altjectio—

1064 1447 1132 1471 σεως
1147 1439 1277 1466 ἀπόθεσιν
1305 1439 1369 1466 ἄνευ
1400 1439 1549 1474 ἐπιφανοῦς
1578 1439 1693 1475 φθορᾶς,
1720 1439 1824 1472 ἑτέρας

183 1494 246 1514 nem
264 1485 350 1514 fuisse
360 1486 472 1513 alterius
484 1484 590 1518 formae,
616 1489 644 1513 et
671 1485 833 1512 substantia;
858 1492 973 1519 genera-

183 1532 285 1559 tionem
300 1531 421 1558 ostendit
443 1530 602 1565 :illudque,
625 1530 697 1565 quod
724 1529 787 1562 fuit,
818 1535 897 1557 antea
920 1538 973 1557 non

182 1582 258 1611 erat;
275 1577 347 1612 quod
362 1581 452 1604 autem
470 1577 529 1604 ﬁeri
551 1584 605 1604 non
631 1584 713 1611 posse
738 1577 863 1604 humans:
889 1577 973 1603 menti

182 1622 339 1653 videbatur,
355 1621 380 1648 id
391 1621 482 1656 priore
494 1621 578 1655 ﬁgura
594 1628 648 1647 non
663 1621 809 1652 dissoluta,
833 1621 884 1655 ipsi
914 1620 975 1647 sub-

184 1669 280 1696 stituit.
300 1669 370 1697 Deus
386 1669 488 1703 itaque,
505 1667 552 1703 qui
564 1672 638 1695 tanta
654 1668 780 1702 patrabat
793 1667 936 1698 miracula.
948 1671 975 1695 et

183 1716 294 1751 quidem
318 1720 406 1747 tunc,
440 1723 501 1742 cum
532 1715 566 1741 ab
600 1722 652 1741 una
686 1713 846 1742 muliercula
879 1713 972 1740 violati

182 1763 310 1798 praecepti
342 1770 449 1797 postiam
480 1761 622 1794 sumebat;
646 1761 705 1795 ipse
730 1770 739 1786 ι
772 1761 820 1796 qui
847 1760 973 1788 homines

182 1809 241 1836 vult
259 1809 349 1836 salvos
374 1808 443 1840 ﬁeri,
467 1812 494 1835 et
517 1808 550 1834 ad
582 1807 747 1842 agnitionem
778 1806 902 1833 veritatis
929 1813 973 1832 ve—

183 1855 242 1881 nire
258 1854 292 1887 ",
306 1863 315 1880 ι
337 1854 402 1889 quid
418 1861 467 1888 pro
483 1861 533 1880 sua
550 1852 694 1880 clementia
709 1858 763 1878 non
784 1855 856 1886 agat,
871 1849 894 1878 si
909 1849 973 1877 ﬁliis

185 1901 301 1928 Abralue
324 1899 491 1928 suscitandis
512 1899 633 1933 lapidum
663 1897 848 1924 conditionem
874 1904 974 1931 oppor—

183 1946 299 1973 tunioris
321 1945 440 1972 futuram
468 1952 535 1972 usus
559 1943 748 1979 perspexerit?
779 1941 872 1977 Neque
899 1942 972 1968 enim

183 1997 238 2018 tam
256 1991 337 2017 facile
360 1989 413 2017 fuit
439 1989 541 2017 Judaeis
562 1989 677 2016 Abrahae
693 1988 874 2022 multiplicare
891 1987 972 2020 ﬁlios,

182 2044 299 2071 quorum
310 2036 418 2071 generis
432 2043 486 2062 non
505 2035 617 2062 minima
633 2042 696 2069 pars
709 2032 808 2068 rejecta
824 2038 876 2066 est,
890 2040 971 2068 quam

184 2082 238 2109 Deo
250 2089 298 2116 per
311 2081 415 2115 lapides
431 2081 517 2108 eidem
531 2080 632 2107 multos
651 2080 720 2107 lilios
735 2079 863 2106 condere.

1027 1485 1136 1520 μορφῆς
1151 1485 1371 1521 ἐπιδεικνυμένη,
1382 1487 1428 1513 καὶ
1440 1487 1617 1518 ὑποστάσεως
1633 1486 1742 1520 γένεσιν
1752 1494 1760 1501 ·
1773 1487 1824 1513 καί.

1025 1529 1039 1555 ὅ
1057 1530 1105 1565 μὲν
1122 1530 1244 1564 γέγονεν,
1263 1532 1314 1558 οὐκ
1338 1529 1387 1567 ἦν·
1404 1532 1418 1558 ὃ
1429 1532 1457 1559 δὲ
1471 1532 1508 1567 μὴ
1523 1529 1579 1558 οἷόν
1590 1541 1620 1558 τε
1635 1529 1668 1567 ῆν
1680 1532 1826 1567 ἀνθρωπί-

1026 1582 1082 1605 νοις
1092 1574 1233 1609 λογισμοῖς
1249 1576 1387 1610 γενέσθαι,
1400 1576 1484 1611 χωρὶς
1502 1577 1605 1611 ὑπέστη
1626 1577 1674 1612 τῆς
1690 1577 1737 1603 τοῦ
1749 1578 1825 1613 πρό-

1025 1628 1103 1655 τερον
1127 1620 1288 1652 διαλύσεως.
1313 1621 1341 1648 '0
1355 1622 1445 1648 τοίνυν
1460 1623 1526 1654 Θεὸς
1536 1624 1549 1649 ό
1562 1622 1648 1649 ταῦτα
1665 1623 1827 1657 παραδοξο-

1027 1665 1122 1698 ποιῶν,
1143 1666 1190 1692 καὶ
1221 1666 1282 1693 τότε
1303 1666 1382 1702 δίκην
1410 1668 1643 1703 εἰσπραττόμενος
1663 1668 1778 1703 γύναιον
1793 1669 1827 1696 ἓν

1025 1709 1208 1745 παραϐάσεως
1223 1710 1344 1746 ἐντολῆς,
1360 1721 1370 1738 ι
1381 1712 1395 1738 ὁ
1405 1712 1489 1739 θέλων
1504 1713 1549 1739 τὸν
1563 1713 1708 1748 ἄνθρωπον
1725 1714 1825 1749 σωθῆ-

1025 1763 1080 1788 ναι,
1099 1756 1144 1782 καὶ
1160 1757 1200 1787 εἰς
1228 1756 1377 1790 ἐπίγνωσιν
1391 1757 1520 1793 ἀληθείας
1543 1759 1641 1791 ἐλθεῖν,
1658 1768 1667 1784 ι
1685 1760 1711 1785 τί
1721 1760 1774 1785 οὐκ
1789 1761 1828 1787 ἂν

1024 1800 1133 1836 δράσειε
1156 1801 1200 1827 διὰ
1231 1802 1467 1837 φιλανθρωπίανά,
1483 1805 1506 1829 εί
1520 1804 1601 1830 λίθων
1627 1805 1722 1839 ὄψεται
1737 1805 1829 1840 φύσιν

1024 1846 1247 1882 ἐπιτηδειοτέραν
1274 1848 1448 1883 παρέχουσαν
1472 1849 1566 1883 χρείαν
1591 1850 1630 1881 εὶς
1647 1849 1678 1875 τὸ
1690 1851 1828 1883 γενέσθαι

1024 1893 1106 1918 τέκνα
1131 1892 1178 1919 τοῦ
1201 1892 1343 1928 ’Λϐραάμ;
1364 1895 1400 1921 Oti
1419 1895 1475 1930 γὰρ
1503 1895 1574 1921 οὕτω
1599 1896 1664 1930 ῥᾷον
1676 1897 1733 1928 τοῖς
1755 1897 1830 1924 Ἰου-

1024 1938 1109 1970 δαίοις
1128 1939 1176 1966 τοῦ
1195 1939 1322 1976 Ἀὄραὰμ
1340 1941 1521 1976 χρηματίζειν
1532 1943 1626 1973 τέκνα,
1645 1939 1682 1969 ὧν
1693 1943 1746 1970 οὐκ
1763 1944 1828 1971 ὸλί-

1024 1993 1071 2018 γον
1084 1985 1167 2020 μέρος
1179 1985 1227 2012 τοῦ
1239 1986 1334 2019 γένους
1341 1986 1511 2022 ἐξώσθησαν,
1521 1987 1559 2019 ὡς
1574 1988 1614 2022 τῷ
1629 1988 1690 2024 Θεῷ
1704 1989 1750 2017 διὰ
1766 1990 1829 2018 τῶν

1024 2031 1106 2058 λίθων
1116 2031 1191 2066 αὐτῷ
1212 2032 1326 2064 πολλοὺς
1341 2033 1417 2065 uici»;
1428 2034 1651 2069 ἀπεργάσασθαι,

218 2115 257 2153 Διί
268 2127 290 2153 si
307 2127 370 2162 quis
382 2127 448 2154 velit
461 2126 603 2161 quidpiam
626 2126 813 2160 propheticum
833 2126 906 2153 dicto
919 2126 971 2153 hoc

1064 2122 1131 2148 Εἱδέ
1155 2130 1197 2154 τις
1225 2122 1313 2150 ἐθέλοι
1344 2123 1391 2150 καὶ
1418 2124 1589 2160 προφητικὸν
1616 2126 1830 2162 ἀνακηρύττειν

181 2172 335 2205 enuntiari,
352 2171 467 2206 lapides,
484 2179 554 2207 quos
569 2171 726 2198 Praacursor
749 2176 814 2199 tunc
836 2179 972 2199 mentoru-

182 2218 231 2250 vit,
247 2222 273 2244 et
288 2225 319 2244 ex
337 2217 438 2252 quibus
461 2218 530 2245 ﬁlios
553 2217 671 2245 Abrahae
696 2218 870 2246 suscitandas
902 2225 972 2253 prte-

181 2264 260 2296 dixit,
282 2263 298 2290 ii
329 2263 450 2299 proiecto
468 2267 542 2295 sunt,
570 2264 627 2298 qui,
653 2271 714 2291 cum
745 2268 818 2292 esset
841 2263 971 2291 Servator

181 2317 230 2337 sua
247 2314 344 2344 sponte
357 2314 493 2342 mortuus,
514 2314 596 2344 atque
618 2310 747 2336 universo
766 2309 867 2336 mundo
897 2309 971 2337 salus

179 2360 207 2381 «ιι
223 2354 277 2382 vita
291 2354 406 2386 reddita,
424 2355 497 2390 passi
513 2354 670 2382 Conditoris
691 2355 826 2389 obsequio
849 2354 970 2389 abrupti,

180 2405 262 2435 atque
278 2400 398 2432 discissi,
417 2405 445 2428 et
466 2400 545 2434 quasi
569 2399 633 2427 iacti
661 2407 710 2434 pro
740 2399 874 2427 miraculo
902 2407 971 2434 prte-

179 2450 304 2481 gnantes.
321 2447 421 2474 multos
437 2446 564 2474 homines
589 2452 690 2473 nostra:
711 2445 835 2480 religioni
857 2449 886 2471 et
906 2452 971 2479 par-

179 2492 326 2524 turierunt,
348 2496 376 2520 ct
392 2497 566 2527 pepererunt.
583 2492 603 2518 li
626 2499 689 2518 vero
707 2499 756 2518 sua
773 2491 969 2523 commotione,

215 2549 237 2565 "
257 2549 351 2577 Matth.
370 2557 411 2583 ιιι,
426 2550 452 2577 9.
491 2549 537 2576 “l
554 2549 625 2576 Tim.
645 2558 675 2581 ιι,
696 2549 723 2575 4.

1024 2167 1104 2202 ἔργον
1118 2167 1148 2193 τὺ
1164 2167 1250 2201 ῥῆμα,
1263 2168 1357 2194 οίτότε
1374 2168 1503 2203 ῥηθέντες
1518 2169 1587 2196 λίθοι
1598 2171 1637 2205 τῷ
1654 2171 1829 2208 Προδρόμῳ,

1024 2213 1053 2246 ἐξ
1069 2210 1106 2240 ὧν
1117 2214 1156 2248 τῷ
1176 2214 1300 2249 ’Δόραὰμ
1315 2215 1512 2251 ἐχρησμῴδησε
1540 2217 1703 2244 ἀνίστασθαι
1716 2220 1822 2252 τέκνα,

1023 2256 1095 2286 οὗτοι
1107 2259 1139 2295 δὴ
1154 2261 1225 2287 κατὰ
1237 2260 1267 2286 τὸ
1282 2260 1405 2287 ἑκούσιον
1429 2261 1476 2287 τοῦ
1501 2262 1627 2298 Σωτῆρος
1652 2265 1741 2296 πάθος
1759 2265 1830 2302 [καὶ

1022 2305 1071 2341 τὴν
1083 2306 1255 2341 παγκόσμιον
1264 2307 1411 2342 σωτηρίαν,
1421 2308 1469 2334 καὶ
1478 2308 1627 2335 ἀνάστασιν
1635 2308 1655 2345 ],
1667 2309 1706 2345 τῷ
1714 2312 1831 2338 Δεσπο-

1022 2350 1090 2386 τικῴ
1106 2351 1234 2386 ραγέντες
1264 2351 1356 2384 πάθει,
1383 2351 1431 2378 καὶ
1453 2352 1669 2387 διασχισθέντες,
1699 2354 1748 2380 καὶ
1761 2353 1830 2382 οἷον

1023 2397 1176 2431 ἐγκύμονες
1195 2398 1338 2431 γεγονότες
1347 2397 1386 2433 τῷ
1401 2397 1533 2433 θαύματι,
1562 2399 1675 2430 πολλοὺς
1701 2400 1759 2426 τῶν
1773 2401 1832 2428 ἀν-

1023 2442 1140 2477 θρώπων
1167 2445 1205 2474 εἰς
1236 2443 1376 2470 εὐσέϐειαν
1390 2444 1524 2478 ὼδίνησάν
1545 2453 1575 2472 τε
1600 2446 1646 2472 καὶ
1669 2446 1831 2475 ἀπέτεκον.

1024 2490 1075 2525 Οἴα
1088 2489 1116 2516 δὲ
1127 2495 1138 2509 9
1151 2489 1267 2525 λαμπρᾷ
1278 2491 1311 2525 τῇ
1323 2492 1410 2526 φωνῇ,
1442 2492 1487 2518 καὶ
1511 2492 1630 2528 οὐρανίῳ
1656 2492 1834 2528 κηρύγματι

837 2594 954 2623 νΑιιιΑι
977 2593 1181 2622 LECTlONES.

214 2643 263 2671 'N.
282 2643 386 2679 μεῖζον.
442 2643 457 2664 δ
472 2644 505 2672 Ν.
524 2644 703 2679 συναρμόσαι.
762 2649 773 2663 ε
789 2643 822 2670 Ν,
847 2644 919 2679 χοός.

975 2643 988 2662 ἀ
1001 2643 1034 2671 Ν.
1057 2642 1158 2677 φιλίαν.

1218 2643 1273 2678 εδη
1295 2641 1327 2670 Ν.

943 2688 1062 2716 NOTAE.

216 2734 272 2769 (60)
290 2734 319 2761 Si
336 2741 416 2762 nosse
429 2734 518 2770 cupis,
535 2735 562 2761 in
570 2735 735 2769 quibusnam
745 2735 902 2762 auctoribus
921 2735 970 2762 has

180 2768 301 2803 alioquin
317 2768 491 2804 pervulgatas
507 2768 653 2805 propositae
667 2770 823 2805 ἀντιλογίας
840 2770 968 2804 explana-

182 2804 269 2839 tiones
284 2805 373 2839 possis
394 2805 527 2836 invenire,
543 2805 642 2831 \"Itlcsla'
657 2804 771 2833 Tertull.
792 2806 809 2831 Ι.
823 2813 849 2838 v,
868 2805 968 2831 Contra

180 2837 354 2875 llarcioheiu,
370 2845 396 2868 et
412 2840 575 2868 'l‘licodorct.
588 2845 684 2875 qumst.
696 2840 728 2866 Et
757 2841 782 2867 in
799 2840 966 2868 Deuterouo-

1134 2768 1196 2809 llaec
1211 2769 1267 2797 fere
1278 2775 1334 2797 tota
1348 2773 1464 2809 quasue
1482 2772 1581 2809 legitur
1592 2773 1664 2808 apud
1679 2773 1837 2809 Nicetam,

1021 2805 1123 2866 gracula
1136 2805 1162 2831 in
1179 2804 1244 2832 Luc.
1266 2813 1290 2833 c.
1310 2804 1419 2838 m,’lllai
1436 2804 1631 2836 NorfCollec't.
1645 2809 1692 2842 IX,
1709 2817 1738 2845 p.
1755 2804 1837 2844 658;
