  <div class='ocr_page' id='page_1' title='image "/cluster/home/n/w/nwhite01/storage/ocr_20150623/101/njp.32101077772877/179.png"; bbox 0 0 1882 3075; ppageno 0'>
   <div class='ocr_carea' id='block_1_1' title="bbox 177 143 226 174">
    <p class='ocr_par' dir='ltr' id='par_1_1' title="bbox 177 143 226 174">
     <span class='ocr_line' id='line_1_1' title="bbox 177 143 226 174; baseline 0 0"><span class='ocrx_word' id='word_1_1' title='bbox 177 143 226 174; x_wconf 74' lang='grc'><strong>231</strong></span> 
     </span>
    </p>
   </div>
   <div class='ocr_carea' id='block_1_2' title="bbox 753 140 1226 172">
    <p class='ocr_par' dir='ltr' id='par_1_2' title="bbox 753 140 1226 172">
     <span class='ocr_line' id='line_1_2' title="bbox 753 140 1226 172; baseline 0.006 -3"><span class='ocrx_word' id='word_1_2' title='bbox 753 140 885 170; x_wconf 85' lang='grc' dir='ltr'><strong>ΡΗΟΤΙῙ</strong></span> <span class='ocrx_word' id='word_1_3' title='bbox 902 141 1157 172; x_wconf 69' lang='lat' dir='ltr'><strong>PATRIARCH/E</strong></span> <span class='ocrx_word' id='word_1_4' title='bbox 1172 143 1226 172; x_wconf 74' lang='grc' dir='ltr'><strong>(ΣΡ.</strong></span> 
     </span>
    </p>
   </div>
   <div class='ocr_carea' id='block_1_3' title="bbox 1751 143 1805 174">
    <p class='ocr_par' dir='ltr' id='par_1_3' title="bbox 1751 143 1805 174">
     <span class='ocr_line' id='line_1_3' title="bbox 1751 143 1805 174; baseline 0 0"><span class='ocrx_word' id='word_1_5' title='bbox 1751 143 1805 174; x_wconf 74' lang='lat'><strong>232</strong></span> 
     </span>
    </p>
   </div>
   <div class='ocr_carea' id='block_1_4' title="bbox 179 192 959 234">
    <p class='ocr_par' dir='ltr' id='par_1_4' title="bbox 179 192 959 233">
     <span class='ocr_line' id='line_1_4' title="bbox 179 192 959 233; baseline 0 -8"><span class='ocrx_word' id='word_1_6' title='bbox 179 205 277 233; x_wconf 76' lang='lat' dir='ltr'><strong>agmen</strong></span> <span class='ocrx_word' id='word_1_7' title='bbox 303 201 376 223; x_wconf 89' lang='lat' dir='ltr'><strong>nunc</strong></span> <span class='ocrx_word' id='word_1_8' title='bbox 401 192 581 230; x_wconf 67' lang='lat' dir='ltr'><strong>significatur,</strong></span> <span class='ocrx_word' id='word_1_9' title='bbox 599 195 626 222; x_wconf 91' lang='lat' dir='ltr'><strong>in</strong></span> <span class='ocrx_word' id='word_1_10' title='bbox 650 202 767 230; x_wconf 82' lang='lat' dir='ltr'><strong>superna</strong></span> <span class='ocrx_word' id='word_1_11' title='bbox 783 195 880 224; x_wconf 84' lang='lat' dir='ltr'><strong>horrea</strong></span> <span class='ocrx_word' id='word_1_12' title='bbox 896 205 959 225; x_wconf 91' lang='lat' dir='ltr'><strong>con-</strong></span> 
     </span>
    </p>
   </div>
   <div class='ocr_carea' id='block_1_5' title="bbox 1049 192 1805 234">
    <p class='ocr_par' dir='ltr' id='par_1_5' title="bbox 1049 196 1805 234">
     <span class='ocr_line' id='line_1_5' title="bbox 1049 196 1805 234; baseline -0.001 -9"><span class='ocrx_word' id='word_1_13' title='bbox 1049 207 1061 230; x_wconf 79' lang='grc' dir='ltr'><strong>ς</strong></span> <span class='ocrx_word' id='word_1_14' title='bbox 1077 199 1168 234; x_wconf 75' lang='grc' dir='ltr'>χορὸς,</span> <span class='ocrx_word' id='word_1_15' title='bbox 1180 197 1220 230; x_wconf 82' lang='grc' dir='ltr'><strong>είς</strong></span> <span class='ocrx_word' id='word_1_16' title='bbox 1235 198 1285 229; x_wconf 80' lang='grc' dir='ltr'>τὰς</span> <span class='ocrx_word' id='word_1_17' title='bbox 1303 197 1360 224; x_wconf 78' lang='grc' dir='ltr'>ἄνω</span> <span class='ocrx_word' id='word_1_18' title='bbox 1380 196 1464 232; x_wconf 77' lang='grc' dir='ltr'>μονὰς</span> <span class='ocrx_word' id='word_1_19' title='bbox 1482 196 1697 233; x_wconf 76' lang='grc' dir='ltr'>ἀποθησαυρίζει</span> <span class='ocrx_word' id='word_1_20' title='bbox 1719 196 1742 231; x_wconf 83' lang='grc' dir='ltr'>ι,</span> <span class='ocrx_word' id='word_1_21' title='bbox 1762 199 1805 224; x_wconf 81' lang='grc' dir='ltr'><strong>ὲν-</strong></span> 
     </span>
    </p>
   </div>
   <div class='ocr_carea' id='block_1_6' title="bbox 176 241 964 280">
    <p class='ocr_par' dir='ltr' id='par_1_6' title="bbox 176 241 964 280">
     <span class='ocr_line' id='line_1_6' title="bbox 176 241 964 280; baseline -0.001 -9"><span class='ocrx_word' id='word_1_22' title='bbox 176 248 280 280; x_wconf 70' lang='lat' dir='ltr'><strong>gregat,</strong></span> <span class='ocrx_word' id='word_1_23' title='bbox 293 242 319 269; x_wconf 92' lang='lat' dir='ltr'><strong>in</strong></span> <span class='ocrx_word' id='word_1_24' title='bbox 340 241 441 276; x_wconf 82' lang='lat' dir='ltr'><strong>quibus</strong></span> <span class='ocrx_word' id='word_1_25' title='bbox 452 241 660 276; x_wconf 83' lang='lat' dir='ltr'><strong>prompturariis</strong></span> <span class='ocrx_word' id='word_1_26' title='bbox 676 249 725 269; x_wconf 89' lang='lat' dir='ltr'><strong>nec</strong></span> <span class='ocrx_word' id='word_1_27' title='bbox 737 242 820 274; x_wconf 86' lang='lat' dir='ltr'><strong>linea,</strong></span> <span class='ocrx_word' id='word_1_28' title='bbox 835 250 885 270; x_wconf 90' lang='lat' dir='ltr'><strong>nec</strong></span> <span class='ocrx_word' id='word_1_29' title='bbox 900 250 964 271; x_wconf 86' lang='lat' dir='ltr'><strong>esus</strong></span> 
     </span>
    </p>
   </div>
   <div class='ocr_carea' id='block_1_7' title="bbox 176 286 962 322">
    <p class='ocr_par' dir='ltr' id='par_1_7' title="bbox 176 286 962 322">
     <span class='ocr_line' id='line_1_7' title="bbox 176 286 962 322; baseline -0.003 -5"><span class='ocrx_word' id='word_1_30' title='bbox 176 288 323 321; x_wconf 72' lang='lat' dir='ltr'><strong>consumit,</strong></span> <span class='ocrx_word' id='word_1_31' title='bbox 347 294 397 314; x_wconf 86' lang='lat' dir='ltr'><strong>nec</strong></span> <span class='ocrx_word' id='word_1_32' title='bbox 422 286 497 314; x_wconf 86' lang='lat' dir='ltr'><strong>fures</strong></span> <span class='ocrx_word' id='word_1_33' title='bbox 513 287 662 320; x_wconf 74' lang='lat' dir='ltr'><strong>effodiunt,</strong></span> <span class='ocrx_word' id='word_1_34' title='bbox 684 292 766 322; x_wconf 87' lang='lat' dir='ltr'><strong>atque</strong></span> <span class='ocrx_word' id='word_1_35' title='bbox 786 288 962 322; x_wconf 71' lang='lat' dir='ltr'><strong>subripiunt:</strong></span> 
     </span>
    </p>
   </div>
   <div class='ocr_carea' id='block_1_8' title="bbox 175 331 963 367">
    <p class='ocr_par' dir='ltr' id='par_1_8' title="bbox 175 331 963 367">
     <span class='ocr_line' id='line_1_8' title="bbox 175 331 963 367; baseline -0.001 -7"><span class='ocrx_word' id='word_1_36' title='bbox 175 333 324 361; x_wconf 85' lang='lat' dir='ltr'><strong>sceleratos</strong></span> <span class='ocrx_word' id='word_1_37' title='bbox 348 335 439 358; x_wconf 91' lang='lat' dir='ltr'><strong>autem</strong></span> <span class='ocrx_word' id='word_1_38' title='bbox 470 331 607 364; x_wconf 77' lang='lat' dir='ltr'><strong>homines,</strong></span> <span class='ocrx_word' id='word_1_39' title='bbox 642 332 743 366; x_wconf 83' lang='lat' dir='ltr'><strong>quibus</strong></span> <span class='ocrx_word' id='word_1_40' title='bbox 765 333 963 367; x_wconf 78' lang='lat' dir='ltr'><strong>suppliciorum</strong></span> 
     </span>
    </p>
   </div>
   <div class='ocr_carea' id='block_1_9' title="bbox 174 377 963 414">
    <p class='ocr_par' dir='ltr' id='par_1_9' title="bbox 174 377 963 414">
     <span class='ocr_line' id='line_1_9' title="bbox 174 377 963 414; baseline -0.001 -8"><span class='ocrx_word' id='word_1_41' title='bbox 174 378 342 414; x_wconf 80' lang='lat' dir='ltr'><strong>perennitas,</strong></span> <span class='ocrx_word' id='word_1_42' title='bbox 369 380 500 412; x_wconf 86' lang='lat' dir='ltr'><strong>tanquam</strong></span> <span class='ocrx_word' id='word_1_43' title='bbox 522 377 586 404; x_wconf 85' lang='lat' dir='ltr'><strong>mali</strong></span> <span class='ocrx_word' id='word_1_44' title='bbox 601 378 720 410; x_wconf 89' lang='lat' dir='ltr'><strong>culmcn,</strong></span> <span class='ocrx_word' id='word_1_45' title='bbox 747 378 887 411; x_wconf 82' lang='lat' dir='ltr'><strong>adiicitur,</strong></span> <span class='ocrx_word' id='word_1_46' title='bbox 909 378 963 413; x_wconf 80' lang='lat' dir='ltr'><strong>igni</strong></span> 
     </span>
    </p>
   </div>
   <div class='ocr_carea' id='block_1_10' title="bbox 174 423 964 460">
    <p class='ocr_par' dir='ltr' id='par_1_10' title="bbox 174 423 964 460">
     <span class='ocr_line' id='line_1_10' title="bbox 174 423 964 460; baseline 0 -8"><span class='ocrx_word' id='word_1_47' title='bbox 174 423 388 460; x_wconf 76' lang='lat' dir='ltr'><strong>inexstinguibili</strong></span> <span class='ocrx_word' id='word_1_48' title='bbox 408 428 540 451; x_wconf 80' lang='lat' dir='ltr'><strong>aeternum</strong></span> <span class='ocrx_word' id='word_1_49' title='bbox 553 425 705 452; x_wconf 78' lang='lat' dir='ltr'><strong>cruciatum</strong></span> <span class='ocrx_word' id='word_1_50' title='bbox 730 425 881 452; x_wconf 87' lang='lat' dir='ltr'><strong>continenti</strong></span> <span class='ocrx_word' id='word_1_51' title='bbox 908 429 964 452; x_wconf 88' lang='lat' dir='ltr'><strong>tra-</strong></span> 
     </span>
    </p>
   </div>
   <div class='ocr_carea' id='block_1_11' title="bbox 174 471 346 498">
    <p class='ocr_par' dir='ltr' id='par_1_11' title="bbox 174 471 346 498">
     <span class='ocr_line' id='line_1_11' title="bbox 174 471 346 498; baseline -0.012 0"><span class='ocrx_word' id='word_1_52' title='bbox 174 471 281 498; x_wconf 89' lang='lat' dir='ltr'><strong>diturus</strong></span> <span class='ocrx_word' id='word_1_53' title='bbox 296 474 346 497; x_wconf 82' lang='lat' dir='ltr'><strong>est.</strong></span> 
     </span>
    </p>
   </div>
   <div class='ocr_carea' id='block_1_12' title="bbox 213 516 959 552">
    <p class='ocr_par' dir='ltr' id='par_1_12' title="bbox 213 516 959 552">
     <span class='ocr_line' id='line_1_12' title="bbox 213 516 959 552; baseline 0.001 -10"><span class='ocrx_word' id='word_1_54' title='bbox 213 516 411 544; x_wconf 85' lang='lat' dir='ltr'><strong>Verosimiliter</strong></span> <span class='ocrx_word' id='word_1_55' title='bbox 427 520 517 543; x_wconf 87' lang='lat' dir='ltr'><strong>autem</strong></span> <span class='ocrx_word' id='word_1_56' title='bbox 536 525 545 541; x_wconf 77' lang='grc' dir='ltr'><strong>ι</strong></span> <span class='ocrx_word' id='word_1_57' title='bbox 558 516 737 543; x_wconf 86' lang='lat' dir='ltr'><strong>ventilabrum</strong></span> <span class='ocrx_word' id='word_1_58' title='bbox 748 516 775 543; x_wconf 94' lang='lat' dir='ltr'><strong>in</strong></span> <span class='ocrx_word' id='word_1_59' title='bbox 787 524 869 544; x_wconf 85' lang='lat' dir='ltr'><strong>manu</strong></span> <span class='ocrx_word' id='word_1_60' title='bbox 885 517 959 552; x_wconf 65' lang='lat' dir='ltr'><strong>ejus»</strong></span> 
     </span>
    </p>
   </div>
   <div class='ocr_carea' id='block_1_13' title="bbox 175 561 963 596">
    <p class='ocr_par' dir='ltr' id='par_1_13' title="bbox 175 561 963 596">
     <span class='ocr_line' id='line_1_13' title="bbox 175 561 963 596; baseline 0.001 -8"><span class='ocrx_word' id='word_1_61' title='bbox 175 566 342 596; x_wconf 84' lang='lat' dir='ltr'><strong>promptam,</strong></span> <span class='ocrx_word' id='word_1_62' title='bbox 376 565 403 588; x_wconf 88' lang='lat' dir='ltr'><strong>et</strong></span> <span class='ocrx_word' id='word_1_63' title='bbox 426 561 580 595; x_wconf 77' lang='lat' dir='ltr'><strong>expeditam</strong></span> <span class='ocrx_word' id='word_1_64' title='bbox 612 561 714 589; x_wconf 80' lang='lat' dir='ltr'><strong>Christi</strong></span> <span class='ocrx_word' id='word_1_65' title='bbox 742 561 878 589; x_wconf 87' lang='lat' dir='ltr'><strong>actionem</strong></span> <span class='ocrx_word' id='word_1_66' title='bbox 911 562 963 590; x_wconf 84' lang='lat' dir='ltr'><strong>sub</strong></span> 
     </span>
    </p>
   </div>
   <div class='ocr_carea' id='block_1_14' title="bbox 176 605 961 642">
    <p class='ocr_par' dir='ltr' id='par_1_14' title="bbox 176 605 961 642">
     <span class='ocr_line' id='line_1_14' title="bbox 176 605 961 642; baseline 0.004 -10"><span class='ocrx_word' id='word_1_67' title='bbox 176 607 320 641; x_wconf 64' lang='lat' dir='ltr'><strong>aenigmate</strong></span> <span class='ocrx_word' id='word_1_68' title='bbox 332 605 467 641; x_wconf 76' lang='lat' dir='ltr'><strong>signiﬁcat</strong></span> <span class='ocrx_word' id='word_1_69' title='bbox 480 615 487 633; x_wconf 89' lang='lat'><strong>:</strong></span> <span class='ocrx_word' id='word_1_70' title='bbox 504 613 592 640; x_wconf 86' lang='lat' dir='ltr'><strong>neque</strong></span> <span class='ocrx_word' id='word_1_71' title='bbox 605 606 678 634; x_wconf 87' lang='lat' dir='ltr'><strong>enim</strong></span> <span class='ocrx_word' id='word_1_72' title='bbox 690 614 738 642; x_wconf 88' lang='lat' dir='ltr'><strong>per</strong></span> <span class='ocrx_word' id='word_1_73' title='bbox 746 607 961 641; x_wconf 85' lang='lat' dir='ltr'><strong>meditationem,</strong></span> 
     </span>
    </p>
   </div>
   <div class='ocr_carea' id='block_1_15' title="bbox 173 652 958 688">
    <p class='ocr_par' dir='ltr' id='par_1_15' title="bbox 173 652 958 688">
     <span class='ocr_line' id='line_1_15' title="bbox 173 652 958 688; baseline 0.003 -10"><span class='ocrx_word' id='word_1_74' title='bbox 173 659 263 687; x_wconf 86' lang='lat' dir='ltr'><strong>neque</strong></span> <span class='ocrx_word' id='word_1_75' title='bbox 289 659 338 686; x_wconf 85' lang='lat' dir='ltr'><strong>per</strong></span> <span class='ocrx_word' id='word_1_76' title='bbox 363 659 479 684; x_wconf 88' lang='lat' dir='ltr'><strong>moram,</strong></span> <span class='ocrx_word' id='word_1_77' title='bbox 504 659 592 687; x_wconf 86' lang='lat' dir='ltr'><strong>neque</strong></span> <span class='ocrx_word' id='word_1_78' title='bbox 614 659 662 687; x_wconf 88' lang='lat' dir='ltr'><strong>per</strong></span> <span class='ocrx_word' id='word_1_79' title='bbox 690 652 958 688; x_wconf 70' lang='lat' dir='ltr'><strong>argumentationum</strong></span> 
     </span>
    </p>
   </div>
   <div class='ocr_carea' id='block_1_16' title="bbox 174 696 962 731">
    <p class='ocr_par' dir='ltr' id='par_1_16' title="bbox 174 696 962 731">
     <span class='ocr_line' id='line_1_16' title="bbox 174 696 962 731; baseline 0.003 -7"><span class='ocrx_word' id='word_1_80' title='bbox 174 696 328 731; x_wconf 81' lang='lat' dir='ltr'><strong>indaginem</strong></span> <span class='ocrx_word' id='word_1_81' title='bbox 347 697 475 724; x_wconf 84' lang='lat' dir='ltr'><strong>meli0res</strong></span> <span class='ocrx_word' id='word_1_82' title='bbox 499 705 515 723; x_wconf 84' lang='lat' dir='ltr'><strong>a</strong></span> <span class='ocrx_word' id='word_1_83' title='bbox 529 697 712 725; x_wconf 84' lang='lat' dir='ltr'><strong>deterioribus</strong></span> <span class='ocrx_word' id='word_1_84' title='bbox 734 697 885 731; x_wconf 84' lang='lat' dir='ltr'><strong>discernit;</strong></span> <span class='ocrx_word' id='word_1_85' title='bbox 914 698 962 726; x_wconf 86' lang='lat' dir='ltr'><strong>sed</strong></span> 
     </span>
    </p>
   </div>
   <div class='ocr_carea' id='block_1_17' title="bbox 173 743 962 779">
    <p class='ocr_par' dir='ltr' id='par_1_17' title="bbox 173 743 962 779">
     <span class='ocr_line' id='line_1_17' title="bbox 173 743 962 779; baseline 0.003 -9"><span class='ocrx_word' id='word_1_86' title='bbox 173 750 189 770; x_wconf 90' lang='lat' dir='ltr'><strong>e</strong></span> <span class='ocrx_word' id='word_1_87' title='bbox 216 743 342 778; x_wconf 83' lang='lat' dir='ltr'><strong>vestigio.</strong></span> <span class='ocrx_word' id='word_1_88' title='bbox 374 747 402 770; x_wconf 87' lang='lat' dir='ltr'><strong>et</strong></span> <span class='ocrx_word' id='word_1_89' title='bbox 427 743 573 777; x_wconf 72' lang='lat' dir='ltr'><strong>derepente</strong></span> <span class='ocrx_word' id='word_1_90' title='bbox 601 743 794 771; x_wconf 81' lang='lat' dir='ltr'><strong>salvandorum</strong></span> <span class='ocrx_word' id='word_1_91' title='bbox 817 750 922 779; x_wconf 84' lang='lat' dir='ltr'><strong>partem</strong></span> <span class='ocrx_word' id='word_1_92' title='bbox 946 752 962 772; x_wconf 90' lang='lat' dir='ltr'><strong>a</strong></span> 
     </span>
    </p>
   </div>
   <div class='ocr_carea' id='block_1_18' title="bbox 173 790 962 825">
    <p class='ocr_par' dir='ltr' id='par_1_18' title="bbox 173 790 962 825">
     <span class='ocr_line' id='line_1_18' title="bbox 173 790 962 825; baseline 0.004 -9"><span class='ocrx_word' id='word_1_93' title='bbox 173 790 337 818; x_wconf 78' lang='lat' dir='ltr'><strong>damnandis</strong></span> <span class='ocrx_word' id='word_1_94' title='bbox 359 790 500 825; x_wconf 83' lang='lat' dir='ltr'><strong>dispescit.</strong></span> <span class='ocrx_word' id='word_1_95' title='bbox 539 790 649 818; x_wconf 82' lang='lat' dir='ltr'><strong>Scilicet</strong></span> <span class='ocrx_word' id='word_1_96' title='bbox 672 790 769 823; x_wconf 88' lang='lat' dir='ltr'><strong>voluit,</strong></span> <span class='ocrx_word' id='word_1_97' title='bbox 805 796 898 819; x_wconf 87' lang='lat' dir='ltr'><strong>secula</strong></span> <span class='ocrx_word' id='word_1_98' title='bbox 921 796 962 819; x_wconf 84' lang='lat' dir='ltr'><strong>est</strong></span> 
     </span>
    </p>
   </div>
   <div class='ocr_carea' id='block_1_19' title="bbox 173 836 962 871">
    <p class='ocr_par' dir='ltr' id='par_1_19' title="bbox 173 836 962 871">
     <span class='ocr_line' id='line_1_19' title="bbox 173 836 962 871; baseline 0.003 -9"><span class='ocrx_word' id='word_1_99' title='bbox 173 836 320 870; x_wconf 77' lang='lat' dir='ltr'><strong>separatio,</strong></span> <span class='ocrx_word' id='word_1_100' title='bbox 333 836 474 870; x_wconf 77' lang='lat' dir='ltr'><strong>praecessit</strong></span> <span class='ocrx_word' id='word_1_101' title='bbox 485 836 628 871; x_wconf 86' lang='lat' dir='ltr'><strong>judicium,</strong></span> <span class='ocrx_word' id='word_1_102' title='bbox 647 840 675 863; x_wconf 89' lang='lat' dir='ltr'><strong>et</strong></span> <span class='ocrx_word' id='word_1_103' title='bbox 693 843 755 863; x_wconf 90' lang='lat' dir='ltr'><strong>cum</strong></span> <span class='ocrx_word' id='word_1_104' title='bbox 773 836 878 871; x_wconf 88' lang='lat' dir='ltr'><strong>judicio</strong></span> <span class='ocrx_word' id='word_1_105' title='bbox 902 838 962 865; x_wconf 81' lang='lat' dir='ltr'><strong>vin-</strong></span> 
     </span>
    </p>
   </div>
   <div class='ocr_carea' id='block_1_20' title="bbox 173 881 960 917">
    <p class='ocr_par' dir='ltr' id='par_1_20' title="bbox 173 881 960 917">
     <span class='ocr_line' id='line_1_20' title="bbox 173 881 960 917; baseline 0.001 -9"><span class='ocrx_word' id='word_1_106' title='bbox 173 881 224 908; x_wconf 82' lang='lat' dir='ltr'><strong>dcx</strong></span> <span class='ocrx_word' id='word_1_107' title='bbox 238 881 363 915; x_wconf 86' lang='lat' dir='ltr'><strong>justitia;</strong></span> <span class='ocrx_word' id='word_1_108' title='bbox 378 882 478 917; x_wconf 85' lang='lat' dir='ltr'><strong>quippe</strong></span> <span class='ocrx_word' id='word_1_109' title='bbox 501 881 583 909; x_wconf 87' lang='lat' dir='ltr'><strong>unico</strong></span> <span class='ocrx_word' id='word_1_110' title='bbox 602 886 665 909; x_wconf 90' lang='lat' dir='ltr'><strong>actu</strong></span> <span class='ocrx_word' id='word_1_111' title='bbox 694 882 721 909; x_wconf 92' lang='lat' dir='ltr'><strong>in</strong></span> <span class='ocrx_word' id='word_1_112' title='bbox 743 886 889 917; x_wconf 83' lang='lat' dir='ltr'><strong>conspectu</strong></span> <span class='ocrx_word' id='word_1_113' title='bbox 913 882 960 909; x_wconf 88' lang='lat' dir='ltr'><strong>Dei</strong></span> 
     </span>
    </p>
   </div>
   <div class='ocr_carea' id='block_1_21' title="bbox 172 926 962 962">
    <p class='ocr_par' dir='ltr' id='par_1_21' title="bbox 172 926 962 962">
     <span class='ocr_line' id='line_1_21' title="bbox 172 926 962 962; baseline 0 -8"><span class='ocrx_word' id='word_1_114' title='bbox 172 931 237 954; x_wconf 82' lang='lat' dir='ltr'><strong>sunt</strong></span> <span class='ocrx_word' id='word_1_115' title='bbox 277 926 414 954; x_wconf 83' lang='lat' dir='ltr'><strong>universa.</strong></span> <span class='ocrx_word' id='word_1_116' title='bbox 457 927 684 962; x_wconf 84' lang='lat' dir='ltr'><strong>Quandoquidem</strong></span> <span class='ocrx_word' id='word_1_117' title='bbox 714 927 750 955; x_wconf 82' lang='lat' dir='ltr'><strong>ita</strong></span> <span class='ocrx_word' id='word_1_118' title='bbox 780 927 905 960; x_wconf 85' lang='lat' dir='ltr'><strong>astitrix,</strong></span> <span class='ocrx_word' id='word_1_119' title='bbox 935 932 962 954; x_wconf 89' lang='lat' dir='ltr'><strong>et</strong></span> 
     </span>
    </p>
   </div>
   <div class='ocr_carea' id='block_1_22' title="bbox 171 973 961 1008">
    <p class='ocr_par' dir='ltr' id='par_1_22' title="bbox 171 973 961 1008">
     <span class='ocr_line' id='line_1_22' title="bbox 171 973 961 1008; baseline 0 -8"><span class='ocrx_word' id='word_1_120' title='bbox 171 973 297 1000; x_wconf 82' lang='lat' dir='ltr'><strong>ministra</strong></span> <span class='ocrx_word' id='word_1_121' title='bbox 320 973 486 1008; x_wconf 87' lang='lat' dir='ltr'><strong>judiciorum</strong></span> <span class='ocrx_word' id='word_1_122' title='bbox 506 973 552 1000; x_wconf 87' lang='lat' dir='ltr'><strong>Dei</strong></span> <span class='ocrx_word' id='word_1_123' title='bbox 578 977 620 1001; x_wconf 85' lang='lat' dir='ltr'><strong>est</strong></span> <span class='ocrx_word' id='word_1_124' title='bbox 636 973 757 1008; x_wconf 87' lang='lat' dir='ltr'><strong>potentia</strong></span> <span class='ocrx_word' id='word_1_125' title='bbox 772 973 914 1008; x_wconf 86' lang='lat' dir='ltr'><strong>puniendi,</strong></span> <span class='ocrx_word' id='word_1_126' title='bbox 932 978 961 1001; x_wconf 87' lang='lat' dir='ltr'><strong>et</strong></span> 
     </span>
    </p>
   </div>
   <div class='ocr_carea' id='block_1_23' title="bbox 170 1019 959 1055">
    <p class='ocr_par' dir='ltr' id='par_1_23' title="bbox 170 1019 959 1055">
     <span class='ocr_line' id='line_1_23' title="bbox 170 1019 959 1055; baseline -0.001 -8"><span class='ocrx_word' id='word_1_127' title='bbox 170 1020 292 1054; x_wconf 83' lang='lat' dir='ltr'><strong>justitia;</strong></span> <span class='ocrx_word' id='word_1_128' title='bbox 320 1019 550 1055; x_wconf 84' lang='lat' dir='ltr'><strong>quemadmodum</strong></span> <span class='ocrx_word' id='word_1_129' title='bbox 577 1024 604 1047; x_wconf 81' lang='lat' dir='ltr'><strong>et</strong></span> <span class='ocrx_word' id='word_1_130' title='bbox 622 1020 745 1054; x_wconf 88' lang='lat' dir='ltr'><strong>profusa,</strong></span> <span class='ocrx_word' id='word_1_131' title='bbox 778 1024 806 1046; x_wconf 79' lang='lat' dir='ltr'><strong>et</strong></span> <span class='ocrx_word' id='word_1_132' title='bbox 833 1019 959 1054; x_wconf 75' lang='lat' dir='ltr'><strong>benigna,</strong></span> 
     </span>
    </p>
   </div>
   <div class='ocr_carea' id='block_1_24' title="bbox 171 1065 959 1101">
    <p class='ocr_par' dir='ltr' id='par_1_24' title="bbox 171 1065 959 1101">
     <span class='ocr_line' id='line_1_24' title="bbox 171 1065 959 1101; baseline -0.001 -8"><span class='ocrx_word' id='word_1_133' title='bbox 171 1074 338 1101; x_wconf 85' lang='lat' dir='ltr'><strong>omnemque</strong></span> <span class='ocrx_word' id='word_1_134' title='bbox 350 1065 685 1101; x_wconf 73' lang='lat' dir='ltr'><strong>gratitudinemexcedens</strong></span> <span class='ocrx_word' id='word_1_135' title='bbox 697 1065 893 1098; x_wconf 87' lang='lat' dir='ltr'><strong>remuneratio,</strong></span> <span class='ocrx_word' id='word_1_136' title='bbox 906 1073 959 1100; x_wconf 88' lang='lat' dir='ltr'><strong>qua</strong></span> 
     </span>
    </p>
   </div>
   <div class='ocr_carea' id='block_1_25' title="bbox 171 1110 960 1146">
    <p class='ocr_par' dir='ltr' id='par_1_25' title="bbox 171 1110 960 1146">
     <span class='ocr_line' id='line_1_25' title="bbox 171 1110 960 1146; baseline -0.001 -7"><span class='ocrx_word' id='word_1_137' title='bbox 171 1112 251 1139; x_wconf 87' lang='lat' dir='ltr'><strong>nobis</strong></span> <span class='ocrx_word' id='word_1_138' title='bbox 268 1111 381 1139; x_wconf 78' lang='lat' dir='ltr'><strong>meliora</strong></span> <span class='ocrx_word' id='word_1_139' title='bbox 397 1111 523 1146; x_wconf 77' lang='lat' dir='ltr'><strong>largitur.</strong></span> <span class='ocrx_word' id='word_1_140' title='bbox 550 1110 729 1139; x_wconf 82' lang='lat' dir='ltr'><strong>Frumentum</strong></span> <span class='ocrx_word' id='word_1_141' title='bbox 746 1112 868 1146; x_wconf 87' lang='lat' dir='ltr'><strong>profecto</strong></span> <span class='ocrx_word' id='word_1_142' title='bbox 882 1119 960 1139; x_wconf 83' lang='lat' dir='ltr'><strong>sacra</strong></span> 
     </span>
    </p>
   </div>
   <div class='ocr_carea' id='block_1_26' title="bbox 171 1157 960 1193">
    <p class='ocr_par' dir='ltr' id='par_1_26' title="bbox 171 1157 960 1193">
     <span class='ocr_line' id='line_1_26' title="bbox 171 1157 960 1193; baseline -0.001 -8"><span class='ocrx_word' id='word_1_143' title='bbox 171 1158 280 1193; x_wconf 83' lang='lat' dir='ltr'><strong>eloquia</strong></span> <span class='ocrx_word' id='word_1_144' title='bbox 302 1157 363 1184; x_wconf 89' lang='lat' dir='ltr'><strong>illos</strong></span> <span class='ocrx_word' id='word_1_145' title='bbox 380 1158 528 1192; x_wconf 85' lang='lat' dir='ltr'><strong>appellant,</strong></span> <span class='ocrx_word' id='word_1_146' title='bbox 560 1158 605 1192; x_wconf 88' lang='lat' dir='ltr'><strong>qui</strong></span> <span class='ocrx_word' id='word_1_147' title='bbox 634 1157 787 1189; x_wconf 82' lang='lat' dir='ltr'><strong>nobilitate.</strong></span> <span class='ocrx_word' id='word_1_148' title='bbox 816 1165 899 1192; x_wconf 90' lang='lat' dir='ltr'><strong>quam</strong></span> <span class='ocrx_word' id='word_1_149' title='bbox 927 1157 960 1184; x_wconf 87' lang='lat' dir='ltr'><strong>ab</strong></span> 
     </span>
    </p>
   </div>
   <div class='ocr_carea' id='block_1_27' title="bbox 171 1203 961 1238">
    <p class='ocr_par' dir='ltr' id='par_1_27' title="bbox 171 1203 961 1238">
     <span class='ocr_line' id='line_1_27' title="bbox 171 1203 961 1238; baseline 0.001 -8"><span class='ocrx_word' id='word_1_150' title='bbox 171 1204 250 1231; x_wconf 84' lang='lat' dir='ltr'><strong>initio</strong></span> <span class='ocrx_word' id='word_1_151' title='bbox 266 1203 454 1235; x_wconf 87' lang='lat' dir='ltr'><strong>obtinuerunt,</strong></span> <span class='ocrx_word' id='word_1_152' title='bbox 469 1203 616 1237; x_wconf 84' lang='lat' dir='ltr'><strong>custodita,</strong></span> <span class='ocrx_word' id='word_1_153' title='bbox 633 1204 778 1238; x_wconf 90' lang='lat' dir='ltr'><strong>pristinum</strong></span> <span class='ocrx_word' id='word_1_154' title='bbox 806 1204 900 1236; x_wconf 86' lang='lat' dir='ltr'><strong>etiam,</strong></span> <span class='ocrx_word' id='word_1_155' title='bbox 926 1211 961 1231; x_wconf 90' lang='lat' dir='ltr'><strong>ae</strong></span> 
     </span>
    </p>
   </div>
   <div class='ocr_carea' id='block_1_28' title="bbox 172 1247 960 1283">
    <p class='ocr_par' dir='ltr' id='par_1_28' title="bbox 172 1247 960 1283">
     <span class='ocr_line' id='line_1_28' title="bbox 172 1247 960 1283; baseline 0.001 -9"><span class='ocrx_word' id='word_1_156' title='bbox 172 1247 292 1275; x_wconf 84' lang='lat' dir='ltr'><strong>salutare</strong></span> <span class='ocrx_word' id='word_1_157' title='bbox 320 1255 414 1275; x_wconf 82' lang='lat' dir='ltr'><strong>semen</strong></span> <span class='ocrx_word' id='word_1_158' title='bbox 439 1255 455 1275; x_wconf 88' lang='lat' dir='ltr'><strong>a</strong></span> <span class='ocrx_word' id='word_1_159' title='bbox 478 1247 534 1275; x_wconf 82' lang='lat' dir='ltr'><strong>Deo</strong></span> <span class='ocrx_word' id='word_1_160' title='bbox 558 1253 663 1275; x_wconf 76' lang='lat' dir='ltr'><strong>natura:</strong></span> <span class='ocrx_word' id='word_1_161' title='bbox 682 1248 872 1281; x_wconf 89' lang='lat' dir='ltr'><strong>commissum,</strong></span> <span class='ocrx_word' id='word_1_162' title='bbox 898 1256 960 1283; x_wconf 80' lang='lat' dir='ltr'><strong>ger-</strong></span> 
     </span>
    </p>
   </div>
   <div class='ocr_carea' id='block_1_29' title="bbox 172 1293 961 1330">
    <p class='ocr_par' dir='ltr' id='par_1_29' title="bbox 172 1293 961 1330">
     <span class='ocr_line' id='line_1_29' title="bbox 172 1293 961 1330; baseline 0.003 -10"><span class='ocrx_word' id='word_1_163' title='bbox 172 1301 284 1320; x_wconf 87' lang='lat' dir='ltr'><strong>manum</strong></span> <span class='ocrx_word' id='word_1_164' title='bbox 310 1301 464 1329; x_wconf 88' lang='lat' dir='ltr'><strong>purumque</strong></span> <span class='ocrx_word' id='word_1_165' title='bbox 479 1302 565 1329; x_wconf 85' lang='lat' dir='ltr'><strong>usque</strong></span> <span class='ocrx_word' id='word_1_166' title='bbox 591 1294 624 1322; x_wconf 91' lang='lat' dir='ltr'><strong>ad</strong></span> <span class='ocrx_word' id='word_1_167' title='bbox 656 1294 743 1330; x_wconf 83' lang='lat' dir='ltr'><strong>ipsam</strong></span> <span class='ocrx_word' id='word_1_168' title='bbox 767 1293 874 1322; x_wconf 81' lang='lat' dir='ltr'><strong>fructus</strong></span> <span class='ocrx_word' id='word_1_169' title='bbox 897 1301 961 1329; x_wconf 88' lang='lat' dir='ltr'><strong>pro-</strong></span> 
     </span>
    </p>
   </div>
   <div class='ocr_carea' id='block_1_30' title="bbox 172 1339 962 1375">
    <p class='ocr_par' dir='ltr' id='par_1_30' title="bbox 172 1339 962 1375">
     <span class='ocr_line' id='line_1_30' title="bbox 172 1339 962 1375; baseline 0 -9"><span class='ocrx_word' id='word_1_170' title='bbox 172 1339 327 1367; x_wconf 84' lang='lat' dir='ltr'><strong>ductionem</strong></span> <span class='ocrx_word' id='word_1_171' title='bbox 353 1344 553 1368; x_wconf 84' lang='lat' dir='ltr'><strong>conservarunt</strong></span> <span class='ocrx_word' id='word_1_172' title='bbox 572 1350 580 1367; x_wconf 86' lang='lat'>:</span> <span class='ocrx_word' id='word_1_173' title='bbox 598 1339 690 1368; x_wconf 91' lang='lat' dir='ltr'><strong>fenum</strong></span> <span class='ocrx_word' id='word_1_174' title='bbox 714 1345 816 1372; x_wconf 82' lang='lat' dir='ltr'><strong>autem,</strong></span> <span class='ocrx_word' id='word_1_175' title='bbox 845 1344 872 1368; x_wconf 87' lang='lat' dir='ltr'><strong>et</strong></span> <span class='ocrx_word' id='word_1_176' title='bbox 892 1339 962 1375; x_wconf 78' lang='lat' dir='ltr'><strong>ignis</strong></span> 
     </span>
    </p>
   </div>
   <div class='ocr_carea' id='block_1_31' title="bbox 173 1385 960 1421">
    <p class='ocr_par' dir='ltr' id='par_1_31' title="bbox 173 1385 960 1421">
     <span class='ocr_line' id='line_1_31' title="bbox 173 1385 960 1421; baseline -0.001 -9"><span class='ocrx_word' id='word_1_177' title='bbox 173 1393 265 1413; x_wconf 82' lang='lat' dir='ltr'><strong>escam</strong></span> <span class='ocrx_word' id='word_1_178' title='bbox 275 1389 434 1420; x_wconf 83' lang='lat' dir='ltr'><strong>nuncupant</strong></span> <span class='ocrx_word' id='word_1_179' title='bbox 445 1393 503 1419; x_wconf 84' lang='lat' dir='ltr'><strong>eos,</strong></span> <span class='ocrx_word' id='word_1_180' title='bbox 516 1386 543 1413; x_wconf 92' lang='lat' dir='ltr'><strong>in</strong></span> <span class='ocrx_word' id='word_1_181' title='bbox 554 1386 653 1421; x_wconf 83' lang='lat' dir='ltr'><strong>quibus</strong></span> <span class='ocrx_word' id='word_1_182' title='bbox 662 1390 779 1413; x_wconf 80' lang='lat' dir='ltr'><strong>conuata</strong></span> <span class='ocrx_word' id='word_1_183' title='bbox 792 1385 960 1412; x_wconf 82' lang='lat' dir='ltr'><strong>zizaniorum</strong></span> 
     </span>
    </p>
   </div>
   <div class='ocr_carea' id='block_1_32' title="bbox 174 1430 962 1467">
    <p class='ocr_par' dir='ltr' id='par_1_32' title="bbox 174 1430 962 1467">
     <span class='ocr_line' id='line_1_32' title="bbox 174 1430 962 1467; baseline -0.001 -9"><span class='ocrx_word' id='word_1_184' title='bbox 174 1431 307 1459; x_wconf 88' lang='lat' dir='ltr'><strong>immistio</strong></span> <span class='ocrx_word' id='word_1_185' title='bbox 332 1432 445 1467; x_wconf 87' lang='lat' dir='ltr'><strong>spiritus</strong></span> <span class='ocrx_word' id='word_1_186' title='bbox 465 1432 608 1460; x_wconf 80' lang='lat' dir='ltr'><strong>suﬂ&#39;ocavit</strong></span> <span class='ocrx_word' id='word_1_187' title='bbox 627 1431 774 1465; x_wconf 84' lang='lat' dir='ltr'><strong>culturam,</strong></span> <span class='ocrx_word' id='word_1_188' title='bbox 799 1435 826 1458; x_wconf 90' lang='lat' dir='ltr'><strong>et</strong></span> <span class='ocrx_word' id='word_1_189' title='bbox 854 1430 962 1466; x_wconf 78' lang='lat' dir='ltr'><strong>frugum</strong></span> 
     </span>
    </p>
   </div>
   <div class='ocr_carea' id='block_1_33' title="bbox 1015 241 1804 279">
    <p class='ocr_par' dir='ltr' id='par_1_33' title="bbox 1015 241 1804 279">
     <span class='ocr_line' id='line_1_33' title="bbox 1015 241 1804 279; baseline 0 -9"><span class='ocrx_word' id='word_1_190' title='bbox 1015 241 1059 275; x_wconf 76' lang='grc' dir='ltr'>αἷς</span> <span class='ocrx_word' id='word_1_191' title='bbox 1078 244 1233 278; x_wconf 79' lang='grc' dir='ltr'>ἀποῦήκαις</span> <span class='ocrx_word' id='word_1_192' title='bbox 1244 243 1307 271; x_wconf 79' lang='grc' dir='ltr'>οὔτε</span> <span class='ocrx_word' id='word_1_193' title='bbox 1322 243 1370 278; x_wconf 83' lang='grc' dir='ltr'>σὴς</span> <span class='ocrx_word' id='word_1_194' title='bbox 1387 242 1450 270; x_wconf 81' lang='grc' dir='ltr'>οὕτε</span> <span class='ocrx_word' id='word_1_195' title='bbox 1468 243 1568 279; x_wconf 82' lang='grc' dir='ltr'>βρῶσις</span> <span class='ocrx_word' id='word_1_196' title='bbox 1590 242 1727 277; x_wconf 76' lang='grc' dir='ltr'><strong>ἀφανίζει,</strong></span> <span class='ocrx_word' id='word_1_197' title='bbox 1739 243 1804 270; x_wconf 69' lang='grc' dir='ltr'>οὔτε</span> 
     </span>
    </p>
   </div>
   <div class='ocr_carea' id='block_1_34' title="bbox 1015 285 1806 323">
    <p class='ocr_par' dir='ltr' id='par_1_34' title="bbox 1015 285 1806 323">
     <span class='ocr_line' id='line_1_34' title="bbox 1015 285 1806 323; baseline -0.001 -8"><span class='ocrx_word' id='word_1_198' title='bbox 1015 288 1131 316; x_wconf 80' lang='grc' dir='ltr'>κλέπται</span> <span class='ocrx_word' id='word_1_199' title='bbox 1146 287 1330 323; x_wconf 85' lang='grc' dir='ltr'>διορύσσουσι,</span> <span class='ocrx_word' id='word_1_200' title='bbox 1346 288 1394 315; x_wconf 79' lang='grc' dir='ltr'>καὶ</span> <span class='ocrx_word' id='word_1_201' title='bbox 1408 288 1556 315; x_wconf 80' lang='grc' dir='ltr'><strong>κλέπτουσι</strong></span> <span class='ocrx_word' id='word_1_202' title='bbox 1568 296 1575 304; x_wconf 91' lang='grc'><strong>·</strong></span> <span class='ocrx_word' id='word_1_203' title='bbox 1590 285 1630 319; x_wconf 73' lang='grc' dir='ltr'>οἷς</span> <span class='ocrx_word' id='word_1_204' title='bbox 1643 288 1672 314; x_wconf 81' lang='grc' dir='ltr'><strong>δὲ</strong></span> <span class='ocrx_word' id='word_1_205' title='bbox 1684 287 1716 314; x_wconf 85' lang='grc' dir='ltr'>τδ</span> <span class='ocrx_word' id='word_1_206' title='bbox 1734 288 1806 322; x_wconf 84' lang='grc' dir='ltr'>ἀμε-</span> 
     </span>
    </p>
   </div>
   <div class='ocr_carea' id='block_1_35' title="bbox 1014 335 1805 370">
    <p class='ocr_par' dir='ltr' id='par_1_35' title="bbox 1014 335 1805 370">
     <span class='ocr_line' id='line_1_35' title="bbox 1014 335 1805 370; baseline -0.001 -7"><span class='ocrx_word' id='word_1_207' title='bbox 1014 335 1147 370; x_wconf 79' lang='grc' dir='ltr'>τάΰλητον</span> <span class='ocrx_word' id='word_1_208' title='bbox 1173 340 1204 367; x_wconf 72' lang='grc' dir='ltr'>ω,</span> <span class='ocrx_word' id='word_1_209' title='bbox 1221 335 1308 362; x_wconf 79' lang='grc' dir='ltr'>κακοῦ</span> <span class='ocrx_word' id='word_1_210' title='bbox 1334 335 1489 370; x_wconf 84' lang='grc' dir='ltr'>προσθήκη,</span> <span class='ocrx_word' id='word_1_211' title='bbox 1517 336 1574 367; x_wconf 82' lang='grc' dir='ltr'>τοῖς</span> <span class='ocrx_word' id='word_1_212' title='bbox 1596 335 1805 370; x_wconf 79' lang='grc' dir='ltr'><strong>ἡμαρτημένοις</strong></span> 
     </span>
    </p>
   </div>
   <div class='ocr_carea' id='block_1_36' title="bbox 1015 380 1804 416">
    <p class='ocr_par' dir='ltr' id='par_1_36' title="bbox 1015 380 1804 416">
     <span class='ocr_line' id='line_1_36' title="bbox 1015 380 1804 416; baseline -0.003 -8"><span class='ocrx_word' id='word_1_213' title='bbox 1015 381 1222 416; x_wconf 82' lang='grc' dir='ltr'><strong>συνεφέλκεται,</strong></span> <span class='ocrx_word' id='word_1_214' title='bbox 1234 381 1300 416; x_wconf 79' lang='grc' dir='ltr'>πυρὶ</span> <span class='ocrx_word' id='word_1_215' title='bbox 1312 381 1436 416; x_wconf 78' lang='grc' dir='ltr'>ἀσϐέστῳ</span> <span class='ocrx_word' id='word_1_216' title='bbox 1448 381 1497 416; x_wconf 82' lang='grc' dir='ltr'>τὴν</span> <span class='ocrx_word' id='word_1_217' title='bbox 1508 380 1644 416; x_wconf 80' lang='grc' dir='ltr'><strong>τιμωρίαν</strong></span> <span class='ocrx_word' id='word_1_218' title='bbox 1654 380 1704 407; x_wconf 83' lang='grc' dir='ltr'>οὐκ</span> <span class='ocrx_word' id='word_1_219' title='bbox 1714 380 1804 416; x_wconf 75' lang='grc' dir='ltr'>ἔχοντι</span> 
     </span>
    </p>
   </div>
   <div class='ocr_carea' id='block_1_37' title="bbox 1014 427 1528 464">
    <p class='ocr_par' dir='ltr' id='par_1_37' title="bbox 1014 427 1528 464">
     <span class='ocr_line' id='line_1_37' title="bbox 1014 427 1528 464; baseline -0.004 -9"><span class='ocrx_word' id='word_1_220' title='bbox 1014 428 1162 464; x_wconf 86' lang='grc' dir='ltr'><strong>λήγουσαν,</strong></span> <span class='ocrx_word' id='word_1_221' title='bbox 1177 427 1291 460; x_wconf 83' lang='grc' dir='ltr'><strong>τούτους</strong></span> <span class='ocrx_word' id='word_1_222' title='bbox 1305 427 1417 462; x_wconf 84' lang='grc' dir='ltr'>παραπέ</span> <span class='ocrx_word' id='word_1_223' title='bbox 1421 427 1474 462; x_wconf 82' lang='grc' dir='ltr'><strong>μψε</strong></span> <span class='ocrx_word' id='word_1_224' title='bbox 1479 435 1528 454; x_wconf 90' lang='grc' dir='ltr'>ιεν.</span> 
     </span>
    </p>
   </div>
   <div class='ocr_carea' id='block_1_38' title="bbox 1049 514 1805 550">
    <p class='ocr_par' dir='ltr' id='par_1_38' title="bbox 1049 514 1805 550">
     <span class='ocr_line' id='line_1_38' title="bbox 1049 514 1805 550; baseline 0.001 -9"><span class='ocrx_word' id='word_1_225' title='bbox 1049 515 1169 547; x_wconf 83' lang='grc' dir='ltr'><strong>Εἰκότως</strong></span> <span class='ocrx_word' id='word_1_226' title='bbox 1184 515 1212 542; x_wconf 72' lang='grc' dir='ltr'><strong>δὲ</strong></span> <span class='ocrx_word' id='word_1_227' title='bbox 1230 523 1239 540; x_wconf 78' lang='grc' dir='ltr'><strong>ι</strong></span> <span class='ocrx_word' id='word_1_228' title='bbox 1264 515 1295 541; x_wconf 81' lang='grc' dir='ltr'><strong>τὸ</strong></span> <span class='ocrx_word' id='word_1_229' title='bbox 1310 516 1340 541; x_wconf 74' lang='grc' dir='ltr'>ἐν</span> <span class='ocrx_word' id='word_1_230' title='bbox 1363 516 1396 550; x_wconf 84' lang='grc' dir='ltr'>τῇ</span> <span class='ocrx_word' id='word_1_231' title='bbox 1419 514 1493 550; x_wconf 81' lang='grc' dir='ltr'>χειρὶ</span> <span class='ocrx_word' id='word_1_232' title='bbox 1522 514 1605 541; x_wconf 79' lang='grc' dir='ltr'>αὐτοῦ</span> <span class='ocrx_word' id='word_1_233' title='bbox 1626 514 1721 548; x_wconf 80' lang='grc' dir='ltr'>πτύον,</span> <span class='ocrx_word' id='word_1_234' title='bbox 1738 525 1748 542; x_wconf 80' lang='grc' dir='ltr'><strong>ι</strong></span> <span class='ocrx_word' id='word_1_235' title='bbox 1772 515 1805 542; x_wconf 79' lang='grc' dir='ltr'><strong>τὸ</strong></span> 
     </span>
    </p>
   </div>
   <div class='ocr_carea' id='block_1_39' title="bbox 1013 560 1805 597">
    <p class='ocr_par' dir='ltr' id='par_1_39' title="bbox 1013 560 1805 597">
     <span class='ocr_line' id='line_1_39' title="bbox 1013 560 1805 597; baseline 0 -10"><span class='ocrx_word' id='word_1_236' title='bbox 1013 561 1162 597; x_wconf 80' lang='grc' dir='ltr'>πρόχειρον</span> <span class='ocrx_word' id='word_1_237' title='bbox 1176 560 1375 596; x_wconf 81' lang='grc' dir='ltr'>αἰνιγματίζει,</span> <span class='ocrx_word' id='word_1_238' title='bbox 1398 560 1446 587; x_wconf 76' lang='grc' dir='ltr'>καὶ</span> <span class='ocrx_word' id='word_1_239' title='bbox 1458 561 1565 596; x_wconf 72' lang='grc' dir='ltr'>ἕτοιμον</span> <span class='ocrx_word' id='word_1_240' title='bbox 1578 569 1585 576; x_wconf 92' lang='grc'><strong>·</strong></span> <span class='ocrx_word' id='word_1_241' title='bbox 1606 561 1637 587; x_wconf 87' lang='grc' dir='ltr'>οὑ</span> <span class='ocrx_word' id='word_1_242' title='bbox 1654 560 1708 596; x_wconf 78' lang='grc' dir='ltr'><strong>γάρ</strong></span> <span class='ocrx_word' id='word_1_243' title='bbox 1721 561 1805 596; x_wconf 83' lang='grc' dir='ltr'>μελέ-</span> 
     </span>
    </p>
   </div>
   <div class='ocr_carea' id='block_1_40' title="bbox 1012 605 1805 642">
    <p class='ocr_par' dir='ltr' id='par_1_40' title="bbox 1012 605 1805 642">
     <span class='ocr_line' id='line_1_40' title="bbox 1012 605 1805 642; baseline 0.001 -10"><span class='ocrx_word' id='word_1_244' title='bbox 1012 615 1056 641; x_wconf 87' lang='grc' dir='ltr'>τῃ,</span> <span class='ocrx_word' id='word_1_245' title='bbox 1072 606 1121 634; x_wconf 85' lang='grc' dir='ltr'>καὶ</span> <span class='ocrx_word' id='word_1_246' title='bbox 1137 606 1275 642; x_wconf 83' lang='grc' dir='ltr'><strong>λογισμῶν</strong></span> <span class='ocrx_word' id='word_1_247' title='bbox 1292 606 1391 642; x_wconf 73' lang='grc' dir='ltr'>ἐρεύνῃ</span> <span class='ocrx_word' id='word_1_248' title='bbox 1410 605 1567 642; x_wconf 80' lang='grc' dir='ltr'>διαχωρίζει</span> <span class='ocrx_word' id='word_1_249' title='bbox 1586 605 1642 633; x_wconf 82' lang='grc' dir='ltr'><strong>τῶν</strong></span> <span class='ocrx_word' id='word_1_250' title='bbox 1658 606 1805 641; x_wconf 80' lang='grc' dir='ltr'><strong>βελτιόνων</strong></span> 
     </span>
    </p>
   </div>
   <div class='ocr_carea' id='block_1_41' title="bbox 1012 651 1805 688">
    <p class='ocr_par' dir='ltr' id='par_1_41' title="bbox 1012 651 1805 688">
     <span class='ocr_line' id='line_1_41' title="bbox 1012 651 1805 688; baseline -0.001 -9"><span class='ocrx_word' id='word_1_251' title='bbox 1012 653 1075 684; x_wconf 78' lang='grc' dir='ltr'>τοὺς</span> <span class='ocrx_word' id='word_1_252' title='bbox 1091 651 1217 688; x_wconf 74' lang='grc' dir='ltr'><strong>χείρονας</strong></span> <span class='ocrx_word' id='word_1_253' title='bbox 1228 659 1234 666; x_wconf 92' lang='grc'><strong>·</strong></span> <span class='ocrx_word' id='word_1_254' title='bbox 1248 652 1315 679; x_wconf 81' lang='grc' dir='ltr'>ἀλλὰ</span> <span class='ocrx_word' id='word_1_255' title='bbox 1331 653 1363 678; x_wconf 79' lang='grc' dir='ltr'>ἐκ</span> <span class='ocrx_word' id='word_1_256' title='bbox 1378 651 1424 678; x_wconf 86' lang='grc' dir='ltr'>τοῦ</span> <span class='ocrx_word' id='word_1_257' title='bbox 1436 651 1547 684; x_wconf 82' lang='grc' dir='ltr'>εὐθέως,</span> <span class='ocrx_word' id='word_1_258' title='bbox 1564 652 1612 679; x_wconf 75' lang='grc' dir='ltr'>καὶ</span> <span class='ocrx_word' id='word_1_259' title='bbox 1629 652 1805 687; x_wconf 84' lang='grc' dir='ltr'>παραχρῆμα</span> 
     </span>
    </p>
   </div>
   <div class='ocr_carea' id='block_1_42' title="bbox 1012 697 1803 734">
    <p class='ocr_par' dir='ltr' id='par_1_42' title="bbox 1012 697 1803 734">
     <span class='ocr_line' id='line_1_42' title="bbox 1012 697 1803 734; baseline 0 -9"><span class='ocrx_word' id='word_1_260' title='bbox 1012 698 1161 726; x_wconf 82' lang='grc' dir='ltr'><strong>διαστέλλει</strong></span> <span class='ocrx_word' id='word_1_261' title='bbox 1175 699 1225 734; x_wconf 77' lang='grc' dir='ltr'>τῆς</span> <span class='ocrx_word' id='word_1_262' title='bbox 1248 697 1407 734; x_wconf 76' lang='grc' dir='ltr'><strong>σωζομένης</strong></span> <span class='ocrx_word' id='word_1_263' title='bbox 1422 697 1520 734; x_wconf 80' lang='grc' dir='ltr'><strong>μοίρας</strong></span> <span class='ocrx_word' id='word_1_264' title='bbox 1538 698 1569 725; x_wconf 81' lang='grc' dir='ltr'>τὸ</span> <span class='ocrx_word' id='word_1_265' title='bbox 1582 698 1803 734; x_wconf 79' lang='grc' dir='ltr'><strong>τιμωρούμενον.</strong></span> 
     </span>
    </p>
   </div>
   <div class='ocr_carea' id='block_1_43' title="bbox 1019 742 1805 780">
    <p class='ocr_par' dir='ltr' id='par_1_43' title="bbox 1019 742 1805 780">
     <span class='ocr_line' id='line_1_43' title="bbox 1019 742 1805 780; baseline -0.003 -9"><span class='ocrx_word' id='word_1_266' title='bbox 1019 743 1171 779; x_wconf 78' lang='grc' dir='ltr'>Ἦὸουλήθη</span> <span class='ocrx_word' id='word_1_267' title='bbox 1186 744 1252 780; x_wconf 76' lang='grc' dir='ltr'>γὰρ,</span> <span class='ocrx_word' id='word_1_268' title='bbox 1270 743 1454 778; x_wconf 82' lang='grc' dir='ltr'>ἠκολούθησεν</span> <span class='ocrx_word' id='word_1_269' title='bbox 1468 744 1485 778; x_wconf 76' lang='grc' dir='ltr'><strong>ἡ</strong></span> <span class='ocrx_word' id='word_1_270' title='bbox 1506 743 1654 778; x_wconf 80' lang='grc' dir='ltr'>διάκρισις,</span> <span class='ocrx_word' id='word_1_271' title='bbox 1667 742 1805 778; x_wconf 81' lang='grc' dir='ltr'>προῆλθεν</span> 
     </span>
    </p>
   </div>
   <div class='ocr_carea' id='block_1_44' title="bbox 1012 788 1805 825">
    <p class='ocr_par' dir='ltr' id='par_1_44' title="bbox 1012 788 1805 825">
     <span class='ocr_line' id='line_1_44' title="bbox 1012 788 1805 825; baseline 0 -9"><span class='ocrx_word' id='word_1_272' title='bbox 1012 790 1029 825; x_wconf 77' lang='grc' dir='ltr'><strong>ἡ</strong></span> <span class='ocrx_word' id='word_1_273' title='bbox 1046 790 1146 825; x_wconf 81' lang='grc' dir='ltr'>κρίσις,</span> <span class='ocrx_word' id='word_1_274' title='bbox 1161 790 1210 817; x_wconf 59' lang='grc' dir='ltr'><strong>καὶ⁷</strong></span> <span class='ocrx_word' id='word_1_275' title='bbox 1237 791 1254 825; x_wconf 83' lang='grc' dir='ltr'><strong>ἡ</strong></span> <span class='ocrx_word' id='word_1_276' title='bbox 1273 789 1393 825; x_wconf 80' lang='grc' dir='ltr'>τιμωρὸς</span> <span class='ocrx_word' id='word_1_277' title='bbox 1420 788 1596 825; x_wconf 83' lang='grc' dir='ltr'>συμπροῆλθε</span> <span class='ocrx_word' id='word_1_278' title='bbox 1621 788 1700 824; x_wconf 88' lang='grc' dir='ltr'>δίκη·</span> <span class='ocrx_word' id='word_1_279' title='bbox 1717 789 1805 825; x_wconf 85' lang='grc' dir='ltr'>ἀθρόα</span> 
     </span>
    </p>
   </div>
   <div class='ocr_carea' id='block_1_45' title="bbox 1012 835 1805 871">
    <p class='ocr_par' dir='ltr' id='par_1_45' title="bbox 1012 835 1805 871">
     <span class='ocr_line' id='line_1_45' title="bbox 1012 835 1805 871; baseline -0.001 -9"><span class='ocrx_word' id='word_1_280' title='bbox 1012 836 1066 871; x_wconf 85' lang='grc' dir='ltr'><strong>γάρ</strong></span> <span class='ocrx_word' id='word_1_281' title='bbox 1080 835 1196 862; x_wconf 77' lang='grc' dir='ltr'>ἐνώπιον</span> <span class='ocrx_word' id='word_1_282' title='bbox 1210 835 1278 862; x_wconf 82' lang='grc' dir='ltr'>Θεοῦ</span> <span class='ocrx_word' id='word_1_283' title='bbox 1293 835 1481 862; x_wconf 81' lang='grc' dir='ltr'>πάντα.Ἐπεὶ</span> <span class='ocrx_word' id='word_1_284' title='bbox 1493 836 1540 862; x_wconf 73' lang='grc' dir='ltr'>καὶ</span> <span class='ocrx_word' id='word_1_285' title='bbox 1555 835 1572 870; x_wconf 84' lang='grc' dir='ltr'>ἠ</span> <span class='ocrx_word' id='word_1_286' title='bbox 1582 835 1705 870; x_wconf 76' lang='grc' dir='ltr'>τιμωρὸς</span> <span class='ocrx_word' id='word_1_287' title='bbox 1723 835 1805 870; x_wconf 77' lang='grc' dir='ltr'><strong>ἐνέρ-</strong></span> 
     </span>
    </p>
   </div>
   <div class='ocr_carea' id='block_1_46' title="bbox 1015 880 1805 917">
    <p class='ocr_par' dir='ltr' id='par_1_46' title="bbox 1015 880 1805 917">
     <span class='ocr_line' id='line_1_46' title="bbox 1015 880 1805 917; baseline -0.001 -9"><span class='ocrx_word' id='word_1_288' title='bbox 1015 890 1087 916; x_wconf 88' lang='grc' dir='ltr'>γεια,</span> <span class='ocrx_word' id='word_1_289' title='bbox 1099 882 1146 908; x_wconf 79' lang='grc' dir='ltr'>καὶ</span> <span class='ocrx_word' id='word_1_290' title='bbox 1161 881 1222 917; x_wconf 87' lang='grc' dir='ltr'>δίκη</span> <span class='ocrx_word' id='word_1_291' title='bbox 1235 881 1371 916; x_wconf 87' lang='grc' dir='ltr'>πάρεδρός</span> <span class='ocrx_word' id='word_1_292' title='bbox 1385 882 1455 912; x_wconf 80' lang='grc' dir='ltr'>ἐστι,</span> <span class='ocrx_word' id='word_1_293' title='bbox 1477 881 1525 907; x_wconf 77' lang='grc' dir='ltr'>καὶ</span> <span class='ocrx_word' id='word_1_294' title='bbox 1539 880 1673 916; x_wconf 77' lang='grc' dir='ltr'>ὑπηρέτις</span> <span class='ocrx_word' id='word_1_295' title='bbox 1686 880 1740 908; x_wconf 83' lang='grc' dir='ltr'><strong>τῶν</strong></span> <span class='ocrx_word' id='word_1_296' title='bbox 1757 881 1805 907; x_wconf 81' lang='grc' dir='ltr'>τοῦ</span> 
     </span>
    </p>
   </div>
   <div class='ocr_carea' id='block_1_47' title="bbox 1016 926 1804 964">
    <p class='ocr_par' dir='ltr' id='par_1_47' title="bbox 1016 926 1804 964">
     <span class='ocr_line' id='line_1_47' title="bbox 1016 926 1804 964; baseline -0.003 -10"><span class='ocrx_word' id='word_1_297' title='bbox 1016 928 1083 954; x_wconf 79' lang='grc' dir='ltr'>Θεοῦ</span> <span class='ocrx_word' id='word_1_298' title='bbox 1094 928 1251 964; x_wconf 81' lang='grc' dir='ltr'><strong>χριμάτων·</strong></span> <span class='ocrx_word' id='word_1_299' title='bbox 1264 927 1359 962; x_wconf 82' lang='grc' dir='ltr'>ὥσπερ</span> <span class='ocrx_word' id='word_1_300' title='bbox 1374 927 1390 962; x_wconf 83' lang='grc' dir='ltr'>ἡ</span> <span class='ocrx_word' id='word_1_301' title='bbox 1405 926 1530 961; x_wconf 76' lang='grc' dir='ltr'>ἄφθονος,</span> <span class='ocrx_word' id='word_1_302' title='bbox 1543 926 1590 953; x_wconf 76' lang='grc' dir='ltr'>καὶ</span> <span class='ocrx_word' id='word_1_303' title='bbox 1601 926 1804 961; x_wconf 78' lang='grc' dir='ltr'>φιλάνθρωπος,</span> 
     </span>
    </p>
   </div>
   <div class='ocr_carea' id='block_1_48' title="bbox 1015 969 1806 1010">
    <p class='ocr_par' dir='ltr' id='par_1_48' title="bbox 1015 969 1806 1010">
     <span class='ocr_line' id='line_1_48' title="bbox 1015 969 1806 1010; baseline -0.003 -10"><span class='ocrx_word' id='word_1_304' title='bbox 1015 974 1062 1000; x_wconf 79' lang='grc' dir='ltr'>καὶ</span> <span class='ocrx_word' id='word_1_305' title='bbox 1074 974 1207 1010; x_wconf 85' lang='grc' dir='ltr'>κρείττων</span> <span class='ocrx_word' id='word_1_306' title='bbox 1228 973 1346 1008; x_wconf 76' lang='grc' dir='ltr'>ἀμοιϐῆς</span> <span class='ocrx_word' id='word_1_307' title='bbox 1371 973 1559 1005; x_wconf 84' lang='grc' dir='ltr'>ἀνταπόδοσις,</span> <span class='ocrx_word' id='word_1_308' title='bbox 1581 972 1615 999; x_wconf 76' lang='grc' dir='ltr'><strong>δι’</strong></span> <span class='ocrx_word' id='word_1_309' title='bbox 1643 969 1676 1008; x_wconf 81' lang='grc' dir='ltr'>ἧς</span> <span class='ocrx_word' id='word_1_310' title='bbox 1691 972 1758 1007; x_wconf 82' lang='grc' dir='ltr'>ἡμῖν</span> <span class='ocrx_word' id='word_1_311' title='bbox 1771 972 1806 998; x_wconf 65' lang='grc' dir='ltr'>τὰ</span> 
     </span>
    </p>
   </div>
   <div class='ocr_carea' id='block_1_49' title="bbox 1015 1018 1806 1055">
    <p class='ocr_par' dir='ltr' id='par_1_49' title="bbox 1015 1018 1806 1055">
     <span class='ocr_line' id='line_1_49' title="bbox 1015 1018 1806 1055; baseline -0.003 -8"><span class='ocrx_word' id='word_1_312' title='bbox 1015 1020 1119 1055; x_wconf 82' lang='grc' dir='ltr'>ἀμείνω</span> <span class='ocrx_word' id='word_1_313' title='bbox 1135 1019 1344 1055; x_wconf 81' lang='grc' dir='ltr'>πρυτανεύεται.</span> <span class='ocrx_word' id='word_1_314' title='bbox 1360 1020 1437 1046; x_wconf 86' lang='grc' dir='ltr'>Σῖτον</span> <span class='ocrx_word' id='word_1_315' title='bbox 1454 1019 1545 1054; x_wconf 83' lang='grc' dir='ltr'>μέντοι</span> <span class='ocrx_word' id='word_1_316' title='bbox 1570 1018 1699 1054; x_wconf 77' lang='grc' dir='ltr'>ὀνομάζει</span> <span class='ocrx_word' id='word_1_317' title='bbox 1718 1019 1752 1045; x_wconf 72' lang='grc' dir='ltr'><strong>τὰ</strong></span> <span class='ocrx_word' id='word_1_318' title='bbox 1764 1019 1806 1045; x_wconf 77' lang='lat' dir='ltr'><strong>ls-</strong></span> 
     </span>
    </p>
   </div>
   <div class='ocr_carea' id='block_1_50' title="bbox 1017 1064 1808 1101">
    <p class='ocr_par' dir='ltr' id='par_1_50' title="bbox 1017 1064 1808 1101">
     <span class='ocr_line' id='line_1_50' title="bbox 1017 1064 1808 1101; baseline -0.001 -9"><span class='ocrx_word' id='word_1_319' title='bbox 1017 1065 1053 1101; x_wconf 78' lang='grc' dir='ltr'><strong>ρὰ</strong></span> <span class='ocrx_word' id='word_1_320' title='bbox 1070 1065 1160 1099; x_wconf 87' lang='grc' dir='ltr'>λόγια,</span> <span class='ocrx_word' id='word_1_321' title='bbox 1182 1065 1281 1097; x_wconf 81' lang='grc' dir='ltr'>οἵτινες</span> <span class='ocrx_word' id='word_1_322' title='bbox 1297 1064 1346 1100; x_wconf 87' lang='grc' dir='ltr'><strong>τὴν</strong></span> <span class='ocrx_word' id='word_1_323' title='bbox 1369 1065 1398 1098; x_wconf 76' lang='grc' dir='ltr'><strong>ἐξ</strong></span> <span class='ocrx_word' id='word_1_324' title='bbox 1422 1065 1509 1100; x_wconf 82' lang='grc' dir='ltr'>ἀρχῆς</span> <span class='ocrx_word' id='word_1_325' title='bbox 1524 1064 1665 1098; x_wconf 77' lang='grc' dir='ltr'>εὐγένειαν</span> <span class='ocrx_word' id='word_1_326' title='bbox 1684 1064 1808 1098; x_wconf 77' lang='grc' dir='ltr'>φυλαξά-</span> 
     </span>
    </p>
   </div>
   <div class='ocr_carea' id='block_1_51' title="bbox 1016 1110 1807 1146">
    <p class='ocr_par' dir='ltr' id='par_1_51' title="bbox 1016 1110 1807 1146">
     <span class='ocr_line' id='line_1_51' title="bbox 1016 1110 1807 1146; baseline -0.001 -9"><span class='ocrx_word' id='word_1_327' title='bbox 1016 1119 1093 1146; x_wconf 80' lang='grc' dir='ltr'>μενοι</span> <span class='ocrx_word' id='word_1_328' title='bbox 1109 1111 1156 1138; x_wconf 76' lang='grc' dir='ltr'>καὶ</span> <span class='ocrx_word' id='word_1_329' title='bbox 1172 1111 1222 1145; x_wconf 86' lang='grc' dir='ltr'>τῆς</span> <span class='ocrx_word' id='word_1_330' title='bbox 1236 1110 1329 1138; x_wconf 81' lang='grc' dir='ltr'>θεόθεν</span> <span class='ocrx_word' id='word_1_331' title='bbox 1341 1112 1374 1146; x_wconf 77' lang='grc' dir='ltr'><strong>τῇ</strong></span> <span class='ocrx_word' id='word_1_332' title='bbox 1391 1110 1472 1144; x_wconf 81' lang='grc' dir='ltr'>φύσει</span> <span class='ocrx_word' id='word_1_333' title='bbox 1488 1110 1706 1146; x_wconf 74' lang='grc' dir='ltr'>καταϐληθείσης</span> <span class='ocrx_word' id='word_1_334' title='bbox 1721 1111 1807 1145; x_wconf 79' lang='grc' dir='ltr'>ἀρχε-</span> 
     </span>
    </p>
   </div>
   <div class='ocr_carea' id='block_1_52' title="bbox 1014 1155 1808 1191">
    <p class='ocr_par' dir='ltr' id='par_1_52' title="bbox 1014 1155 1808 1191">
     <span class='ocr_line' id='line_1_52' title="bbox 1014 1155 1808 1191; baseline 0 -8"><span class='ocrx_word' id='word_1_335' title='bbox 1014 1156 1094 1190; x_wconf 89' lang='grc' dir='ltr'>γόνου</span> <span class='ocrx_word' id='word_1_336' title='bbox 1110 1165 1151 1190; x_wconf 87' lang='grc' dir='ltr'><strong>τε,</strong></span> <span class='ocrx_word' id='word_1_337' title='bbox 1166 1156 1214 1182; x_wconf 79' lang='grc' dir='ltr'>καὶ</span> <span class='ocrx_word' id='word_1_338' title='bbox 1240 1155 1375 1191; x_wconf 77' lang='grc' dir='ltr'>σωτηρίου</span> <span class='ocrx_word' id='word_1_339' title='bbox 1394 1157 1499 1191; x_wconf 79' lang='grc' dir='ltr'>σπορᾶς</span> <span class='ocrx_word' id='word_1_340' title='bbox 1523 1156 1555 1182; x_wconf 58' lang='grc' dir='ltr'><strong>τι</strong></span> <span class='ocrx_word' id='word_1_341' title='bbox 1576 1156 1730 1189; x_wconf 79' lang='grc' dir='ltr'>ἀνόθευτον,</span> <span class='ocrx_word' id='word_1_342' title='bbox 1757 1156 1808 1183; x_wconf 71' lang='grc' dir='ltr'>καὶ</span> 
     </span>
    </p>
   </div>
   <div class='ocr_carea' id='block_1_53' title="bbox 1015 1201 1805 1238">
    <p class='ocr_par' dir='ltr' id='par_1_53' title="bbox 1015 1201 1805 1238">
     <span class='ocr_line' id='line_1_53' title="bbox 1015 1201 1805 1238; baseline 0 -9"><span class='ocrx_word' id='word_1_343' title='bbox 1015 1202 1136 1237; x_wconf 75' lang='grc' dir='ltr'>καθαρὸν</span> <span class='ocrx_word' id='word_1_344' title='bbox 1153 1203 1250 1238; x_wconf 81' lang='grc' dir='ltr'>μέχρις</span> <span class='ocrx_word' id='word_1_345' title='bbox 1266 1203 1353 1238; x_wconf 77' lang='grc' dir='ltr'>αὐτῆς</span> <span class='ocrx_word' id='word_1_346' title='bbox 1364 1203 1413 1237; x_wconf 80' lang='grc' dir='ltr'><strong>τῆς</strong></span> <span class='ocrx_word' id='word_1_347' title='bbox 1424 1202 1614 1238; x_wconf 76' lang='grc' dir='ltr'>καρποφορίας</span> <span class='ocrx_word' id='word_1_348' title='bbox 1628 1201 1805 1229; x_wconf 78' lang='grc' dir='ltr'>διεσώσαντο·</span> 
     </span>
    </p>
   </div>
   <div class='ocr_carea' id='block_1_54' title="bbox 1015 1247 1809 1286">
    <p class='ocr_par' dir='ltr' id='par_1_54' title="bbox 1015 1247 1809 1286">
     <span class='ocr_line' id='line_1_54' title="bbox 1015 1247 1809 1286; baseline -0.001 -10"><span class='ocrx_word' id='word_1_349' title='bbox 1015 1248 1117 1286; x_wconf 75' lang='grc' dir='ltr'>ἄχυρον</span> <span class='ocrx_word' id='word_1_350' title='bbox 1128 1249 1167 1282; x_wconf 81' lang='grc' dir='ltr'><strong>δὲ,</strong></span> <span class='ocrx_word' id='word_1_351' title='bbox 1182 1249 1230 1275; x_wconf 74' lang='grc' dir='ltr'>καὶ</span> <span class='ocrx_word' id='word_1_352' title='bbox 1246 1249 1332 1284; x_wconf 71' lang='grc' dir='ltr'>πυρὸς</span> <span class='ocrx_word' id='word_1_353' title='bbox 1356 1249 1491 1284; x_wconf 80' lang='grc' dir='ltr'>δαπάνην,</span> <span class='ocrx_word' id='word_1_354' title='bbox 1502 1247 1542 1280; x_wconf 79' lang='grc' dir='ltr'>οἷς</span> <span class='ocrx_word' id='word_1_355' title='bbox 1560 1250 1576 1285; x_wconf 89' lang='grc' dir='ltr'><strong>ἠ</strong></span> <span class='ocrx_word' id='word_1_356' title='bbox 1603 1249 1730 1284; x_wconf 73' lang='grc' dir='ltr'>ἐπιμιξία</span> <span class='ocrx_word' id='word_1_357' title='bbox 1749 1249 1809 1276; x_wconf 87' lang='grc' dir='ltr'><strong>τῶν</strong></span> 
     </span>
    </p>
   </div>
   <div class='ocr_carea' id='block_1_55' title="bbox 1016 1295 1809 1331">
    <p class='ocr_par' dir='ltr' id='par_1_55' title="bbox 1016 1295 1809 1331">
     <span class='ocr_line' id='line_1_55' title="bbox 1016 1295 1809 1331; baseline 0 -9"><span class='ocrx_word' id='word_1_358' title='bbox 1016 1295 1144 1327; x_wconf 81' lang='grc' dir='ltr'>ζιζανίων</span> <span class='ocrx_word' id='word_1_359' title='bbox 1159 1297 1336 1330; x_wconf 79' lang='grc' dir='ltr'>παραφυεῖσα</span> <span class='ocrx_word' id='word_1_360' title='bbox 1350 1295 1399 1331; x_wconf 87' lang='grc' dir='ltr'>τὴν</span> <span class='ocrx_word' id='word_1_361' title='bbox 1421 1295 1468 1322; x_wconf 81' lang='grc' dir='ltr'>τοῦ</span> <span class='ocrx_word' id='word_1_362' title='bbox 1489 1296 1645 1330; x_wconf 81' lang='grc' dir='ltr'>πνεύματος</span> <span class='ocrx_word' id='word_1_363' title='bbox 1668 1296 1809 1330; x_wconf 82' lang='grc' dir='ltr'>γεωργίαν</span> 
     </span>
    </p>
   </div>
   <div class='ocr_carea' id='block_1_56' title="bbox 1015 1341 1811 1378">
    <p class='ocr_par' dir='ltr' id='par_1_56' title="bbox 1015 1341 1811 1378">
     <span class='ocr_line' id='line_1_56' title="bbox 1015 1341 1811 1378; baseline 0 -10"><span class='ocrx_word' id='word_1_364' title='bbox 1015 1341 1191 1374; x_wconf 78' lang='grc' dir='ltr'>ὲναπέπνιξε,</span> <span class='ocrx_word' id='word_1_365' title='bbox 1209 1344 1256 1368; x_wconf 79' lang='grc' dir='ltr'>καὶ</span> <span class='ocrx_word' id='word_1_366' title='bbox 1286 1342 1504 1378; x_wconf 73' lang='grc' dir='ltr'>ἀτελεσφόρητον</span> <span class='ocrx_word' id='word_1_367' title='bbox 1530 1341 1729 1377; x_wconf 78' lang='grc' dir='ltr'>ἀπειργάσατο,</span> <span class='ocrx_word' id='word_1_368' title='bbox 1759 1343 1811 1368; x_wconf 73' lang='grc' dir='ltr'>καὶ</span> 
     </span>
    </p>
   </div>
   <div class='ocr_carea' id='block_1_57' title="bbox 1015 1385 1810 1422">
    <p class='ocr_par' dir='ltr' id='par_1_57' title="bbox 1015 1385 1810 1422">
     <span class='ocr_line' id='line_1_57' title="bbox 1015 1385 1810 1422; baseline -0.001 -10"><span class='ocrx_word' id='word_1_369' title='bbox 1015 1385 1083 1420; x_wconf 80' lang='grc' dir='ltr'>πρὸς</span> <span class='ocrx_word' id='word_1_370' title='bbox 1094 1385 1143 1421; x_wconf 86' lang='grc' dir='ltr'>τὴν</span> <span class='ocrx_word' id='word_1_371' title='bbox 1156 1385 1210 1412; x_wconf 86' lang='grc' dir='ltr'>τῶν</span> <span class='ocrx_word' id='word_1_372' title='bbox 1229 1385 1329 1412; x_wconf 75' lang='grc' dir='ltr'>σκυῦἀλ</span> <span class='ocrx_word' id='word_1_373' title='bbox 1335 1394 1372 1412; x_wconf 90' lang='grc' dir='ltr'><strong>ων</strong></span> <span class='ocrx_word' id='word_1_374' title='bbox 1388 1385 1539 1421; x_wconf 82' lang='grc' dir='ltr'>ἀχρηστίαν</span> <span class='ocrx_word' id='word_1_375' title='bbox 1552 1386 1600 1422; x_wconf 77' lang='grc' dir='ltr'>τὴν</span> <span class='ocrx_word' id='word_1_376' title='bbox 1622 1385 1677 1413; x_wconf 83' lang='grc' dir='ltr'><strong>τῶν</strong></span> <span class='ocrx_word' id='word_1_377' title='bbox 1691 1386 1810 1421; x_wconf 81' lang='grc' dir='ltr'>καρπῶν</span> 
     </span>
    </p>
   </div>
   <div class='ocr_carea' id='block_1_58' title="bbox 1017 1429 1576 1466">
    <p class='ocr_par' dir='ltr' id='par_1_58' title="bbox 1017 1429 1576 1466">
     <span class='ocr_line' id='line_1_58' title="bbox 1017 1429 1576 1466; baseline 0.005 -11"><span class='ocrx_word' id='word_1_378' title='bbox 1017 1429 1199 1465; x_wconf 74' lang='grc' dir='ltr'>ἐλπιζομένην</span> <span class='ocrx_word' id='word_1_379' title='bbox 1214 1429 1367 1466; x_wconf 72' lang='grc' dir='ltr'>ἀπέρριψεν</span> <span class='ocrx_word' id='word_1_380' title='bbox 1382 1435 1396 1449; x_wconf 67' lang='grc' dir='ltr'><strong>ιλ</strong></span> <span class='ocrx_word' id='word_1_381' title='bbox 1410 1430 1576 1466; x_wconf 87' lang='grc' dir='ltr'>ὡραιότητα.</span> 
     </span>
    </p>
   </div>
   <div class='ocr_carea' id='block_1_59' title="bbox 171 1475 1811 1513">
    <p class='ocr_par' dir='ltr' id='par_1_59' title="bbox 171 1475 1811 1513">
     <span class='ocr_line' id='line_1_59' title="bbox 171 1475 1811 1513; baseline 0 -9"><span class='ocrx_word' id='word_1_382' title='bbox 171 1477 366 1512; x_wconf 77' lang='lat' dir='ltr'><strong>perfectionem</strong></span> <span class='ocrx_word' id='word_1_383' title='bbox 395 1478 561 1513; x_wconf 79' lang='lat' dir='ltr'><strong>intercepit,</strong></span> <span class='ocrx_word' id='word_1_384' title='bbox 596 1479 651 1506; x_wconf 91' lang='lat' dir='ltr'><strong>imo</strong></span> <span class='ocrx_word' id='word_1_385' title='bbox 681 1483 816 1513; x_wconf 81' lang='lat' dir='ltr'><strong>speratam</strong></span> <span class='ocrx_word' id='word_1_386' title='bbox 848 1477 957 1504; x_wconf 88' lang='lat' dir='ltr'><strong>illarum</strong></span> <span class='ocrx_word' id='word_1_387' title='bbox 996 1475 1231 1510; x_wconf 87' lang='lat' dir='ltr'><strong>pulchritudinem</strong></span> <span class='ocrx_word' id='word_1_388' title='bbox 1258 1477 1293 1504; x_wconf 86' lang='lat' dir='ltr'><strong>ad</strong></span> <span class='ocrx_word' id='word_1_389' title='bbox 1319 1477 1446 1504; x_wconf 88' lang='lat' dir='ltr'><strong>inutilem</strong></span> <span class='ocrx_word' id='word_1_390' title='bbox 1479 1484 1579 1504; x_wconf 89' lang='lat' dir='ltr'><strong>acuum</strong></span> <span class='ocrx_word' id='word_1_391' title='bbox 1621 1476 1811 1509; x_wconf 85' lang='lat' dir='ltr'><strong>conditionem</strong></span> 
     </span>
    </p>
   </div>
   <div class='ocr_carea' id='block_1_60' title="bbox 174 1523 370 1560">
    <p class='ocr_par' dir='ltr' id='par_1_60' title="bbox 174 1523 370 1560">
     <span class='ocr_line' id='line_1_60' title="bbox 174 1523 370 1560; baseline -0.005 -9"><span class='ocrx_word' id='word_1_392' title='bbox 174 1523 288 1559; x_wconf 90' lang='lat' dir='ltr'><strong>projecit</strong></span> <span class='ocrx_word' id='word_1_393' title='bbox 302 1524 343 1559; x_wconf 82' lang='grc'><strong>(7-1</strong></span> <span class='ocrx_word' id='word_1_394' title='bbox 350 1525 370 1560; x_wconf 91' lang='lat'><strong>).</strong></span> 
     </span>
    </p>
   </div>
   <div class='ocr_carea' id='block_1_61' title="bbox 209 1572 420 1599">
    <p class='ocr_par' dir='ltr' id='par_1_61' title="bbox 209 1572 420 1599">
     <span class='ocr_line' id='line_1_61' title="bbox 209 1572 420 1599; baseline -0.005 0"><span class='ocrx_word' id='word_1_395' title='bbox 209 1572 276 1599; x_wconf 90' lang='lat' dir='ltr'><strong>lllud</strong></span> <span class='ocrx_word' id='word_1_396' title='bbox 296 1576 387 1599; x_wconf 88' lang='lat' dir='ltr'><strong>autem</strong></span> <span class='ocrx_word' id='word_1_397' title='bbox 414 1581 420 1598; x_wconf 95' lang='lat'>:</span> 
     </span>
    </p>
   </div>
   <div class='ocr_carea' id='block_1_62' title="bbox 173 1616 962 1652">
    <p class='ocr_par' dir='ltr' id='par_1_62' title="bbox 173 1616 962 1652">
     <span class='ocr_line' id='line_1_62' title="bbox 173 1616 962 1652; baseline -0.001 -8"><span class='ocrx_word' id='word_1_398' title='bbox 173 1617 235 1652; x_wconf 74' lang='lat' dir='ltr'><strong>igne</strong></span> <span class='ocrx_word' id='word_1_399' title='bbox 247 1626 256 1642; x_wconf 80' lang='grc' dir='ltr'><strong>ι</strong></span> <span class='ocrx_word' id='word_1_400' title='bbox 269 1637 276 1650; x_wconf 92' lang='grc'><strong>,</strong></span> <span class='ocrx_word' id='word_1_401' title='bbox 304 1617 376 1644; x_wconf 90' lang='lat' dir='ltr'><strong>haud</strong></span> <span class='ocrx_word' id='word_1_402' title='bbox 401 1617 438 1644; x_wconf 88' lang='lat' dir='ltr'><strong>ita</strong></span> <span class='ocrx_word' id='word_1_403' title='bbox 452 1616 639 1652; x_wconf 86' lang='lat' dir='ltr'><strong>accipiendum</strong></span> <span class='ocrx_word' id='word_1_404' title='bbox 654 1621 706 1649; x_wconf 89' lang='lat' dir='ltr'><strong>est,</strong></span> <span class='ocrx_word' id='word_1_405' title='bbox 725 1621 754 1644; x_wconf 93' lang='lat' dir='ltr'><strong>ut</strong></span> <span class='ocrx_word' id='word_1_406' title='bbox 764 1616 818 1644; x_wconf 91' lang='lat' dir='ltr'><strong>duo</strong></span> <span class='ocrx_word' id='word_1_407' title='bbox 839 1617 962 1652; x_wconf 65' lang='lat' dir='ltr'><strong>quaedam</strong></span> 
     </span>
    </p>
   </div>
   <div class='ocr_carea' id='block_1_63' title="bbox 174 1663 965 1698">
    <p class='ocr_par' dir='ltr' id='par_1_63' title="bbox 174 1663 965 1698">
     <span class='ocr_line' id='line_1_63' title="bbox 174 1663 965 1698; baseline -0.001 -8"><span class='ocrx_word' id='word_1_408' title='bbox 174 1663 240 1696; x_wconf 88' lang='lat' dir='ltr'><strong>sint,</strong></span> <span class='ocrx_word' id='word_1_409' title='bbox 258 1671 318 1698; x_wconf 76' lang='lat' dir='ltr'><strong>quae</strong></span> <span class='ocrx_word' id='word_1_410' title='bbox 334 1670 391 1690; x_wconf 63' lang='lat' dir='ltr'><strong>suae</strong></span> <span class='ocrx_word' id='word_1_411' title='bbox 411 1663 592 1691; x_wconf 85' lang='lat' dir='ltr'><strong>alternatione</strong></span> <span class='ocrx_word' id='word_1_412' title='bbox 608 1666 712 1690; x_wconf 79' lang='lat' dir='ltr'><strong>naturae</strong></span> <span class='ocrx_word' id='word_1_413' title='bbox 743 1664 853 1691; x_wconf 86' lang='lat' dir='ltr'><strong>unicam</strong></span> <span class='ocrx_word' id='word_1_414' title='bbox 879 1663 965 1697; x_wconf 80' lang='lat' dir='ltr'><strong>bapti-</strong></span> 
     </span>
    </p>
   </div>
   <div class='ocr_carea' id='block_1_64' title="bbox 174 1707 964 1743">
    <p class='ocr_par' dir='ltr' id='par_1_64' title="bbox 174 1707 964 1743">
     <span class='ocr_line' id='line_1_64' title="bbox 174 1707 964 1743; baseline 0 -8"><span class='ocrx_word' id='word_1_415' title='bbox 174 1708 271 1736; x_wconf 86' lang='lat' dir='ltr'><strong>smatis</strong></span> <span class='ocrx_word' id='word_1_416' title='bbox 286 1708 425 1742; x_wconf 78' lang='lat' dir='ltr'><strong>\‘irtulem,</strong></span> <span class='ocrx_word' id='word_1_417' title='bbox 447 1712 474 1736; x_wconf 84' lang='lat' dir='ltr'><strong>et</strong></span> <span class='ocrx_word' id='word_1_418' title='bbox 488 1708 686 1743; x_wconf 81' lang='lat' dir='ltr'><strong>perfectionem</strong></span> <span class='ocrx_word' id='word_1_419' title='bbox 706 1708 862 1736; x_wconf 86' lang='lat' dir='ltr'><strong>conficiant.</strong></span> <span class='ocrx_word' id='word_1_420' title='bbox 878 1707 964 1743; x_wconf 84' lang='lat' dir='ltr'><strong>Cujus</strong></span> 
     </span>
    </p>
   </div>
   <div class='ocr_carea' id='block_1_65' title="bbox 174 1753 964 1790">
    <p class='ocr_par' dir='ltr' id='par_1_65' title="bbox 174 1753 964 1790">
     <span class='ocr_line' id='line_1_65' title="bbox 174 1753 964 1790; baseline 0.001 -9"><span class='ocrx_word' id='word_1_421' title='bbox 174 1754 246 1782; x_wconf 85' lang='lat' dir='ltr'><strong>cnim</strong></span> <span class='ocrx_word' id='word_1_422' title='bbox 259 1755 298 1782; x_wconf 82' lang='lat' dir='ltr'><strong>rei</strong></span> <span class='ocrx_word' id='word_1_423' title='bbox 306 1755 499 1782; x_wconf 88' lang='lat' dir='ltr'><strong>sanctissimus</strong></span> <span class='ocrx_word' id='word_1_424' title='bbox 506 1754 626 1789; x_wconf 81' lang='lat' dir='ltr'><strong>Spiritus</strong></span> <span class='ocrx_word' id='word_1_425' title='bbox 638 1754 673 1782; x_wconf 88' lang='lat' dir='ltr'><strong>ibi</strong></span> <span class='ocrx_word' id='word_1_426' title='bbox 686 1762 735 1790; x_wconf 90' lang='lat' dir='ltr'><strong>pro</strong></span> <span class='ocrx_word' id='word_1_427' title='bbox 744 1762 793 1782; x_wconf 90' lang='lat' dir='ltr'><strong>sua</strong></span> <span class='ocrx_word' id='word_1_428' title='bbox 803 1753 964 1789; x_wconf 80' lang='lat' dir='ltr'><strong>operatione</strong></span> 
     </span>
    </p>
   </div>
   <div class='ocr_carea' id='block_1_66' title="bbox 175 1800 964 1836">
    <p class='ocr_par' dir='ltr' id='par_1_66' title="bbox 175 1800 964 1836">
     <span class='ocr_line' id='line_1_66' title="bbox 175 1800 964 1836; baseline 0 -8"><span class='ocrx_word' id='word_1_429' title='bbox 175 1801 265 1828; x_wconf 89' lang='lat' dir='ltr'><strong>adhuc</strong></span> <span class='ocrx_word' id='word_1_430' title='bbox 281 1801 435 1836; x_wconf 74' lang='lat' dir='ltr'><strong>indigebit?</strong></span> <span class='ocrx_word' id='word_1_431' title='bbox 464 1800 535 1834; x_wconf 86' lang='lat' dir='ltr'><strong>Quid</strong></span> <span class='ocrx_word' id='word_1_432' title='bbox 559 1805 648 1828; x_wconf 90' lang='lat' dir='ltr'><strong>autem</strong></span> <span class='ocrx_word' id='word_1_433' title='bbox 664 1801 716 1828; x_wconf 86' lang='lat' dir='ltr'><strong>erit</strong></span> <span class='ocrx_word' id='word_1_434' title='bbox 736 1801 781 1828; x_wconf 90' lang='lat' dir='ltr'><strong>ille</strong></span> <span class='ocrx_word' id='word_1_435' title='bbox 794 1800 864 1836; x_wconf 80' lang='lat' dir='ltr'><strong>ignis</strong></span> <span class='ocrx_word' id='word_1_436' title='bbox 882 1800 964 1828; x_wconf 85' lang='lat' dir='ltr'><strong>simul</strong></span> 
     </span>
    </p>
   </div>
   <div class='ocr_carea' id='block_1_67' title="bbox 175 1845 965 1882">
    <p class='ocr_par' dir='ltr' id='par_1_67' title="bbox 175 1845 965 1882">
     <span class='ocr_line' id='line_1_67' title="bbox 175 1845 965 1882; baseline -0.001 -8"><span class='ocrx_word' id='word_1_437' title='bbox 175 1847 331 1881; x_wconf 84' lang='lat' dir='ltr'><strong>adjunctus,</strong></span> <span class='ocrx_word' id='word_1_438' title='bbox 347 1847 394 1882; x_wconf 89' lang='lat' dir='ltr'><strong>qui</strong></span> <span class='ocrx_word' id='word_1_439' title='bbox 417 1847 569 1874; x_wconf 84' lang='lat' dir='ltr'><strong>deficientis</strong></span> <span class='ocrx_word' id='word_1_440' title='bbox 588 1854 703 1874; x_wconf 83' lang='lat' dir='ltr'><strong>vacuum</strong></span> <span class='ocrx_word' id='word_1_441' title='bbox 734 1845 903 1881; x_wconf 84' lang='lat' dir='ltr'><strong>complebit?</strong></span> <span class='ocrx_word' id='word_1_442' title='bbox 930 1846 965 1873; x_wconf 81' lang='lat' dir='ltr'><strong>At</strong></span> 
     </span>
    </p>
   </div>
   <div class='ocr_carea' id='block_1_68' title="bbox 174 1891 964 1928">
    <p class='ocr_par' dir='ltr' id='par_1_68' title="bbox 174 1891 964 1928">
     <span class='ocr_line' id='line_1_68' title="bbox 174 1891 964 1928; baseline -0.001 -9"><span class='ocrx_word' id='word_1_443' title='bbox 174 1892 240 1920; x_wconf 90' lang='lat' dir='ltr'><strong>illud</strong></span> <span class='ocrx_word' id='word_1_444' title='bbox 270 1893 298 1919; x_wconf 79' lang='lat' dir='ltr'><strong>in</strong></span> <span class='ocrx_word' id='word_1_445' title='bbox 323 1893 381 1928; x_wconf 80' lang='lat' dir='ltr'><strong>igne</strong></span> <span class='ocrx_word' id='word_1_446' title='bbox 408 1900 481 1920; x_wconf 88' lang='lat' dir='ltr'><strong>nunc</strong></span> <span class='ocrx_word' id='word_1_447' title='bbox 502 1900 555 1920; x_wconf 86' lang='lat' dir='ltr'><strong>una</strong></span> <span class='ocrx_word' id='word_1_448' title='bbox 569 1893 689 1920; x_wconf 85' lang='lat' dir='ltr'><strong>additqu</strong></span> <span class='ocrx_word' id='word_1_449' title='bbox 709 1897 760 1923; x_wconf 83' lang='lat' dir='ltr'><strong>est.</strong></span> <span class='ocrx_word' id='word_1_450' title='bbox 792 1896 821 1919; x_wconf 92' lang='lat' dir='ltr'><strong>ut</strong></span> <span class='ocrx_word' id='word_1_451' title='bbox 845 1891 964 1927; x_wconf 86' lang='lat' dir='ltr'><strong>Spiritus</strong></span> 
     </span>
    </p>
   </div>
   <div class='ocr_carea' id='block_1_69' title="bbox 173 1939 962 1973">
    <p class='ocr_par' dir='ltr' id='par_1_69' title="bbox 173 1939 962 1973">
     <span class='ocr_line' id='line_1_69' title="bbox 173 1939 962 1973; baseline 0.001 -7"><span class='ocrx_word' id='word_1_452' title='bbox 173 1940 240 1973; x_wconf 69' lang='lat' dir='ltr'><strong>vim,</strong></span> <span class='ocrx_word' id='word_1_453' title='bbox 268 1945 295 1967; x_wconf 85' lang='lat' dir='ltr'><strong>et</strong></span> <span class='ocrx_word' id='word_1_454' title='bbox 320 1939 466 1968; x_wconf 74' lang='lat' dir='ltr'><strong>efﬁcaciam</strong></span> <span class='ocrx_word' id='word_1_455' title='bbox 484 1940 634 1968; x_wconf 88' lang='lat' dir='ltr'><strong>mundandi</strong></span> <span class='ocrx_word' id='word_1_456' title='bbox 651 1939 784 1967; x_wconf 87' lang='lat' dir='ltr'><strong>enuntiet.</strong></span> <span class='ocrx_word' id='word_1_457' title='bbox 809 1939 876 1966; x_wconf 84' lang='lat' dir='ltr'><strong>Cum</strong></span> <span class='ocrx_word' id='word_1_458' title='bbox 890 1940 962 1967; x_wconf 88' lang='lat' dir='ltr'><strong>enim</strong></span> 
     </span>
    </p>
   </div>
   <div class='ocr_carea' id='block_1_70' title="bbox 175 1984 964 2020">
    <p class='ocr_par' dir='ltr' id='par_1_70' title="bbox 175 1984 964 2020">
     <span class='ocr_line' id='line_1_70' title="bbox 175 1984 964 2020; baseline -0.001 -7"><span class='ocrx_word' id='word_1_459' title='bbox 175 1986 345 2014; x_wconf 83' lang='lat' dir='ltr'><strong>sanctissimi</strong></span> <span class='ocrx_word' id='word_1_460' title='bbox 363 1985 483 2020; x_wconf 84' lang='lat' dir='ltr'><strong>Spiritus</strong></span> <span class='ocrx_word' id='word_1_461' title='bbox 498 1987 569 2014; x_wconf 83' lang='lat' dir='ltr'><strong>dona</strong></span> <span class='ocrx_word' id='word_1_462' title='bbox 597 1986 666 2013; x_wconf 86' lang='lat' dir='ltr'><strong>inter</strong></span> <span class='ocrx_word' id='word_1_463' title='bbox 683 1993 713 2013; x_wconf 90' lang='lat' dir='ltr'><strong>se</strong></span> <span class='ocrx_word' id='word_1_464' title='bbox 731 1984 874 2017; x_wconf 68' lang='lat' dir='ltr'><strong>differant,</strong></span> <span class='ocrx_word' id='word_1_465' title='bbox 910 1992 964 2012; x_wconf 80' lang='lat' dir='ltr'><strong>una</strong></span> 
     </span>
    </p>
   </div>
   <div class='ocr_carea' id='block_1_71' title="bbox 176 2030 964 2066">
    <p class='ocr_par' dir='ltr' id='par_1_71' title="bbox 176 2030 964 2066">
     <span class='ocr_line' id='line_1_71' title="bbox 176 2030 964 2066; baseline -0.001 -8"><span class='ocrx_word' id='word_1_466' title='bbox 176 2036 269 2058; x_wconf 87' lang='lat' dir='ltr'><strong>autem</strong></span> <span class='ocrx_word' id='word_1_467' title='bbox 283 2031 439 2058; x_wconf 78' lang='lat' dir='ltr'><strong>divinarum</strong></span> <span class='ocrx_word' id='word_1_468' title='bbox 455 2032 514 2066; x_wconf 87' lang='lat' dir='ltr'><strong>ejus</strong></span> <span class='ocrx_word' id='word_1_469' title='bbox 524 2031 715 2066; x_wconf 83' lang='lat' dir='ltr'><strong>operationum</strong></span> <span class='ocrx_word' id='word_1_470' title='bbox 732 2030 777 2063; x_wconf 87' lang='lat' dir='ltr'><strong>sit,</strong></span> <span class='ocrx_word' id='word_1_471' title='bbox 799 2035 829 2057; x_wconf 91' lang='lat' dir='ltr'><strong>ut</strong></span> <span class='ocrx_word' id='word_1_472' title='bbox 842 2035 869 2057; x_wconf 90' lang='lat' dir='ltr'><strong>et</strong></span> <span class='ocrx_word' id='word_1_473' title='bbox 883 2038 964 2058; x_wconf 88' lang='lat' dir='ltr'><strong>mun-</strong></span> 
     </span>
    </p>
   </div>
   <div class='ocr_carea' id='block_1_72' title="bbox 175 2076 963 2112">
    <p class='ocr_par' dir='ltr' id='par_1_72' title="bbox 175 2076 963 2112">
     <span class='ocr_line' id='line_1_72' title="bbox 175 2076 963 2112; baseline 0 -10"><span class='ocrx_word' id='word_1_474' title='bbox 175 2077 230 2107; x_wconf 89' lang='lat' dir='ltr'><strong>det,</strong></span> <span class='ocrx_word' id='word_1_475' title='bbox 245 2080 282 2109; x_wconf 86' lang='lat' dir='ltr'><strong>et,</strong></span> <span class='ocrx_word' id='word_1_476' title='bbox 309 2077 381 2110; x_wconf 89' lang='lat' dir='ltr'><strong>quod</strong></span> <span class='ocrx_word' id='word_1_477' title='bbox 400 2084 513 2111; x_wconf 79' lang='lat' dir='ltr'><strong>pravum</strong></span> <span class='ocrx_word' id='word_1_478' title='bbox 529 2081 567 2104; x_wconf 80' lang='lat' dir='ltr'><strong>est</strong></span> <span class='ocrx_word' id='word_1_479' title='bbox 581 2097 588 2108; x_wconf 84' lang='lat'>.</span> <span class='ocrx_word' id='word_1_480' title='bbox 611 2076 744 2110; x_wconf 81' lang='lat' dir='ltr'><strong>destruat,</strong></span> <span class='ocrx_word' id='word_1_481' title='bbox 775 2077 963 2112; x_wconf 86' lang='lat' dir='ltr'><strong>ipsorumque,</strong></span> 
     </span>
    </p>
   </div>
   <div class='ocr_carea' id='block_1_73' title="bbox 176 2120 965 2156">
    <p class='ocr_par' dir='ltr' id='par_1_73' title="bbox 176 2120 965 2156">
     <span class='ocr_line' id='line_1_73' title="bbox 176 2120 965 2156; baseline 0.004 -10"><span class='ocrx_word' id='word_1_482' title='bbox 176 2120 203 2147; x_wconf 92' lang='lat' dir='ltr'><strong>in</strong></span> <span class='ocrx_word' id='word_1_483' title='bbox 220 2127 289 2155; x_wconf 90' lang='lat' dir='ltr'><strong>quos</strong></span> <span class='ocrx_word' id='word_1_484' title='bbox 305 2122 502 2156; x_wconf 88' lang='lat' dir='ltr'><strong>supervenerit,</strong></span> <span class='ocrx_word' id='word_1_485' title='bbox 525 2126 608 2150; x_wconf 86' lang='lat' dir='ltr'><strong>totam</strong></span> <span class='ocrx_word' id='word_1_486' title='bbox 635 2123 748 2149; x_wconf 91' lang='lat' dir='ltr'><strong>omnino</strong></span> <span class='ocrx_word' id='word_1_487' title='bbox 778 2127 903 2150; x_wconf 86' lang='lat' dir='ltr'><strong>naturam</strong></span> <span class='ocrx_word' id='word_1_488' title='bbox 922 2130 965 2149; x_wconf 88' lang='lat' dir='ltr'><strong>re-</strong></span> 
     </span>
    </p>
   </div>
   <div class='ocr_carea' id='block_1_74' title="bbox 175 2165 964 2203">
    <p class='ocr_par' dir='ltr' id='par_1_74' title="bbox 175 2165 964 2203">
     <span class='ocr_line' id='line_1_74' title="bbox 175 2165 964 2203; baseline 0.004 -11"><span class='ocrx_word' id='word_1_489' title='bbox 175 2165 287 2199; x_wconf 83' lang='lat' dir='ltr'><strong>formel,</strong></span> <span class='ocrx_word' id='word_1_490' title='bbox 314 2167 374 2195; x_wconf 76' lang='lat' dir='ltr'><strong>fieri</strong></span> <span class='ocrx_word' id='word_1_491' title='bbox 392 2168 499 2203; x_wconf 89' lang='lat' dir='ltr'><strong>nequit,</strong></span> <span class='ocrx_word' id='word_1_492' title='bbox 510 2173 539 2195; x_wconf 90' lang='lat' dir='ltr'><strong>ut</strong></span> <span class='ocrx_word' id='word_1_493' title='bbox 554 2168 694 2203; x_wconf 86' lang='lat' dir='ltr'><strong>quidpiam</strong></span> <span class='ocrx_word' id='word_1_494' title='bbox 716 2169 839 2196; x_wconf 86' lang='lat' dir='ltr'><strong>eamdem</strong></span> <span class='ocrx_word' id='word_1_495' title='bbox 858 2169 964 2196; x_wconf 68' lang='lat' dir='ltr'><strong>foedans</strong></span> 
     </span>
    </p>
   </div>
   <div class='ocr_carea' id='block_1_75' title="bbox 175 2212 604 2241">
    <p class='ocr_par' dir='ltr' id='par_1_75' title="bbox 175 2212 604 2241">
     <span class='ocr_line' id='line_1_75' title="bbox 175 2212 604 2241; baseline 0.005 -2"><span class='ocrx_word' id='word_1_496' title='bbox 175 2212 361 2241; x_wconf 87' lang='lat' dir='ltr'><strong>abscondatur</strong></span> <span class='ocrx_word' id='word_1_497' title='bbox 372 2213 462 2241; x_wconf 89' lang='lat' dir='ltr'><strong>adhuc</strong></span> <span class='ocrx_word' id='word_1_498' title='bbox 472 2219 498 2241; x_wconf 89' lang='lat' dir='ltr'><strong>et</strong></span> <span class='ocrx_word' id='word_1_499' title='bbox 513 2215 604 2241; x_wconf 80' lang='lat' dir='ltr'><strong>lateat.</strong></span> 
     </span>
    </p>
   </div>
   <div class='ocr_carea' id='block_1_76' title="bbox 452 1570 959 1608">
    <p class='ocr_par' dir='ltr' id='par_1_76' title="bbox 452 1571 959 1607">
     <span class='ocr_line' id='line_1_76' title="bbox 452 1571 959 1607; baseline -0.004 -8"><span class='ocrx_word' id='word_1_500' title='bbox 452 1582 461 1598; x_wconf 78' lang='grc' dir='ltr'><strong>ι</strong></span> <span class='ocrx_word' id='word_1_501' title='bbox 475 1571 627 1606; x_wconf 86' lang='lat' dir='ltr'><strong>Baptizabit</strong></span> <span class='ocrx_word' id='word_1_502' title='bbox 641 1572 669 1599; x_wconf 91' lang='lat' dir='ltr'><strong>in</strong></span> <span class='ocrx_word' id='word_1_503' title='bbox 680 1571 782 1607; x_wconf 84' lang='lat' dir='ltr'><strong>Spiritu</strong></span> <span class='ocrx_word' id='word_1_504' title='bbox 802 1576 913 1604; x_wconf 87' lang='lat' dir='ltr'><strong>sancto,</strong></span> <span class='ocrx_word' id='word_1_505' title='bbox 938 1575 959 1598; x_wconf 90' lang='lat' dir='ltr'><strong>el</strong></span> 
     </span>
    </p>
   </div>
   <div class='ocr_carea' id='block_1_77' title="bbox 1049 1570 1813 1608">
    <p class='ocr_par' dir='ltr' id='par_1_77' title="bbox 1057 1570 1813 1606">
     <span class='ocr_line' id='line_1_77' title="bbox 1057 1570 1813 1606; baseline 0 -10"><span class='ocrx_word' id='word_1_506' title='bbox 1057 1570 1094 1596; x_wconf 86' lang='grc' dir='ltr'><strong>Τὸ</strong></span> <span class='ocrx_word' id='word_1_507' title='bbox 1113 1571 1141 1597; x_wconf 80' lang='grc' dir='ltr'><strong>δέ</strong></span> <span class='ocrx_word' id='word_1_508' title='bbox 1159 1579 1190 1604; x_wconf 87' lang='grc' dir='ltr'><strong>γε</strong></span> <span class='ocrx_word' id='word_1_509' title='bbox 1211 1580 1219 1596; x_wconf 77' lang='grc' dir='ltr'><strong>ι</strong></span> <span class='ocrx_word' id='word_1_510' title='bbox 1253 1570 1297 1597; x_wconf 82' lang='grc' dir='ltr'>Ἐν</span> <span class='ocrx_word' id='word_1_511' title='bbox 1324 1571 1463 1604; x_wconf 86' lang='grc' dir='ltr'>Πνεύματι</span> <span class='ocrx_word' id='word_1_512' title='bbox 1484 1570 1555 1606; x_wconf 83' lang='grc' dir='ltr'>ἁγίῳ</span> <span class='ocrx_word' id='word_1_513' title='bbox 1583 1570 1723 1605; x_wconf 82' lang='grc' dir='ltr'>βαπτίσει,</span> <span class='ocrx_word' id='word_1_514' title='bbox 1759 1570 1813 1596; x_wconf 72' lang='grc' dir='ltr'>καὶ</span> 
     </span>
    </p>
   </div>
   <div class='ocr_carea' id='block_1_78' title="bbox 1017 1615 1814 1655">
    <p class='ocr_par' dir='ltr' id='par_1_78' title="bbox 1017 1615 1814 1655">
     <span class='ocr_line' id='line_1_78' title="bbox 1017 1615 1814 1655; baseline -0.005 -9"><span class='ocrx_word' id='word_1_515' title='bbox 1017 1619 1096 1655; x_wconf 79' lang='grc' dir='ltr'>πυρὶ,</span> <span class='ocrx_word' id='word_1_516' title='bbox 1116 1630 1125 1644; x_wconf 77' lang='grc' dir='ltr'><strong>ι</strong></span> <span class='ocrx_word' id='word_1_517' title='bbox 1141 1618 1190 1653; x_wconf 78' lang='grc' dir='ltr'>οὐχ</span> <span class='ocrx_word' id='word_1_518' title='bbox 1207 1617 1244 1649; x_wconf 88' lang='grc' dir='ltr'><strong>ὡς</strong></span> <span class='ocrx_word' id='word_1_519' title='bbox 1255 1617 1301 1643; x_wconf 80' lang='grc' dir='ltr'><strong>δύο</strong></span> <span class='ocrx_word' id='word_1_520' title='bbox 1313 1616 1395 1644; x_wconf 88' lang='grc' dir='ltr'>τινῶν</span> <span class='ocrx_word' id='word_1_521' title='bbox 1407 1617 1456 1651; x_wconf 85' lang='grc' dir='ltr'>τὴν</span> <span class='ocrx_word' id='word_1_522' title='bbox 1468 1616 1549 1652; x_wconf 84' lang='grc' dir='ltr'>φύσιν</span> <span class='ocrx_word' id='word_1_523' title='bbox 1559 1615 1814 1652; x_wconf 78' lang='grc' dir='ltr'>παρηλλαγμένων,</span> 
     </span>
    </p>
   </div>
   <div class='ocr_carea' id='block_1_79' title="bbox 1018 1660 1815 1700">
    <p class='ocr_par' dir='ltr' id='par_1_79' title="bbox 1018 1660 1815 1700">
     <span class='ocr_line' id='line_1_79' title="bbox 1018 1660 1815 1700; baseline -0.004 -9"><span class='ocrx_word' id='word_1_524' title='bbox 1018 1664 1082 1700; x_wconf 86' lang='grc' dir='ltr'>μίαν</span> <span class='ocrx_word' id='word_1_525' title='bbox 1097 1663 1147 1698; x_wconf 80' lang='grc' dir='ltr'>τὴν</span> <span class='ocrx_word' id='word_1_526' title='bbox 1167 1661 1215 1688; x_wconf 79' lang='grc' dir='ltr'>τοῦ</span> <span class='ocrx_word' id='word_1_527' title='bbox 1240 1661 1427 1696; x_wconf 80' lang='grc' dir='ltr'>βαπτίσματος</span> <span class='ocrx_word' id='word_1_528' title='bbox 1453 1661 1557 1698; x_wconf 85' lang='grc' dir='ltr'>χρείαν,</span> <span class='ocrx_word' id='word_1_529' title='bbox 1585 1661 1632 1688; x_wconf 77' lang='grc' dir='ltr'><strong>καὶ</strong></span> <span class='ocrx_word' id='word_1_530' title='bbox 1650 1660 1815 1696; x_wconf 77' lang='grc' dir='ltr'>τελειότητα</span> 
     </span>
    </p>
   </div>
   <div class='ocr_carea' id='block_1_80' title="bbox 1016 1706 1813 1743">
    <p class='ocr_par' dir='ltr' id='par_1_80' title="bbox 1016 1706 1813 1743">
     <span class='ocr_line' id='line_1_80' title="bbox 1016 1706 1813 1743; baseline -0.003 -6"><span class='ocrx_word' id='word_1_531' title='bbox 1016 1708 1232 1737; x_wconf 84' lang='grc' dir='ltr'>ἀποτελούντων.</span> <span class='ocrx_word' id='word_1_532' title='bbox 1243 1708 1322 1739; x_wconf 87' lang='grc' dir='ltr'>Τίνος</span> <span class='ocrx_word' id='word_1_533' title='bbox 1335 1708 1390 1743; x_wconf 85' lang='grc' dir='ltr'><strong>γὰρ</strong></span> <span class='ocrx_word' id='word_1_534' title='bbox 1403 1708 1436 1734; x_wconf 76' lang='grc' dir='ltr'>ἂν</span> <span class='ocrx_word' id='word_1_535' title='bbox 1450 1708 1498 1734; x_wconf 68' lang='grc' dir='ltr'>καὶ</span> <span class='ocrx_word' id='word_1_536' title='bbox 1511 1707 1595 1742; x_wconf 84' lang='grc' dir='ltr'>δεήσῃ</span> <span class='ocrx_word' id='word_1_537' title='bbox 1615 1706 1681 1734; x_wconf 73' lang='grc' dir='ltr'>ἔνθα</span> <span class='ocrx_word' id='word_1_538' title='bbox 1690 1706 1721 1733; x_wconf 84' lang='grc' dir='ltr'>τδ</span> <span class='ocrx_word' id='word_1_539' title='bbox 1733 1715 1813 1735; x_wconf 83' lang='grc' dir='ltr'>παν-</span> 
     </span>
    </p>
   </div>
   <div class='ocr_carea' id='block_1_81' title="bbox 1017 1753 1854 1791">
    <p class='ocr_par' dir='ltr' id='par_1_81' title="bbox 1017 1753 1854 1791">
     <span class='ocr_line' id='line_1_81' title="bbox 1017 1753 1854 1791; baseline -0.005 -7"><span class='ocrx_word' id='word_1_540' title='bbox 1017 1756 1095 1791; x_wconf 86' lang='grc' dir='ltr'>άγιον</span> <span class='ocrx_word' id='word_1_541' title='bbox 1119 1754 1232 1790; x_wconf 84' lang='grc' dir='ltr'>Πνεῦμα</span> <span class='ocrx_word' id='word_1_542' title='bbox 1250 1755 1379 1789; x_wconf 74' lang='grc' dir='ltr'>ὲνεργεῖ;</span> <span class='ocrx_word' id='word_1_543' title='bbox 1397 1754 1429 1780; x_wconf 88' lang='grc' dir='ltr'>Τί</span> <span class='ocrx_word' id='word_1_544' title='bbox 1453 1754 1476 1781; x_wconf 79' lang='grc' dir='ltr'><strong>δ’</strong></span> <span class='ocrx_word' id='word_1_545' title='bbox 1496 1753 1530 1780; x_wconf 82' lang='grc' dir='ltr'>ἂν</span> <span class='ocrx_word' id='word_1_546' title='bbox 1543 1754 1586 1788; x_wconf 75' lang='grc' dir='ltr'><strong>εἴη</strong></span> <span class='ocrx_word' id='word_1_547' title='bbox 1604 1753 1815 1789; x_wconf 84' lang='grc' dir='ltr'>συμπαραλαμ-</span> <span class='ocrx_word' id='word_1_548' title='bbox 1851 1758 1854 1760; x_wconf 69' lang='grc'>⁷</span> 
     </span>
    </p>
   </div>
   <div class='ocr_carea' id='block_1_82' title="bbox 1018 1799 1815 1837">
    <p class='ocr_par' dir='ltr' id='par_1_82' title="bbox 1018 1799 1815 1837">
     <span class='ocr_line' id='line_1_82' title="bbox 1018 1799 1815 1837; baseline -0.004 -9"><span class='ocrx_word' id='word_1_549' title='bbox 1018 1802 1175 1837; x_wconf 78' lang='grc' dir='ltr'>δανόμενον,</span> <span class='ocrx_word' id='word_1_550' title='bbox 1191 1801 1205 1828; x_wconf 84' lang='grc' dir='ltr'><strong>ὃ</strong></span> <span class='ocrx_word' id='word_1_551' title='bbox 1219 1801 1268 1836; x_wconf 84' lang='grc' dir='ltr'>τὴν</span> <span class='ocrx_word' id='word_1_552' title='bbox 1282 1801 1375 1836; x_wconf 79' lang='grc' dir='ltr'>χώραν</span> <span class='ocrx_word' id='word_1_553' title='bbox 1383 1799 1575 1834; x_wconf 82' lang='grc' dir='ltr'>ἀναπληρώσει</span> <span class='ocrx_word' id='word_1_554' title='bbox 1591 1799 1639 1826; x_wconf 83' lang='grc' dir='ltr'>τοῦ</span> <span class='ocrx_word' id='word_1_555' title='bbox 1655 1799 1815 1832; x_wconf 58' lang='grc' dir='ltr'>λείποντος</span> 
     </span>
    </p>
   </div>
   <div class='ocr_carea' id='block_1_83' title="bbox 1024 1845 1816 1881">
    <p class='ocr_par' dir='ltr' id='par_1_83' title="bbox 1024 1845 1816 1881">
     <span class='ocr_line' id='line_1_83' title="bbox 1024 1845 1816 1881; baseline -0.001 -7"><span class='ocrx_word' id='word_1_556' title='bbox 1024 1847 1105 1874; x_wconf 81' lang='grc' dir='ltr'>Ἀλλά</span> <span class='ocrx_word' id='word_1_557' title='bbox 1118 1856 1150 1881; x_wconf 89' lang='grc' dir='ltr'><strong>γε</strong></span> <span class='ocrx_word' id='word_1_558' title='bbox 1166 1848 1196 1874; x_wconf 74' lang='grc' dir='ltr'>τὸ</span> <span class='ocrx_word' id='word_1_559' title='bbox 1211 1847 1246 1874; x_wconf 81' lang='grc' dir='ltr'>ἐν</span> <span class='ocrx_word' id='word_1_560' title='bbox 1258 1847 1330 1881; x_wconf 85' lang='grc' dir='ltr'><strong>πυρὶ</strong></span> <span class='ocrx_word' id='word_1_561' title='bbox 1350 1846 1408 1873; x_wconf 74' lang='grc' dir='ltr'>νυνὶ</span> <span class='ocrx_word' id='word_1_562' title='bbox 1425 1845 1666 1881; x_wconf 85' lang='grc' dir='ltr'>συμπαρείληπται</span> <span class='ocrx_word' id='word_1_563' title='bbox 1680 1846 1731 1880; x_wconf 80' lang='grc' dir='ltr'>τὴν</span> <span class='ocrx_word' id='word_1_564' title='bbox 1759 1855 1816 1873; x_wconf 62' lang='grc' dir='ltr'>κατ</span> 
     </span>
    </p>
   </div>
   <div class='ocr_carea' id='block_1_84' title="bbox 1018 1891 1816 1928">
    <p class='ocr_par' dir='ltr' id='par_1_84' title="bbox 1018 1891 1816 1928">
     <span class='ocr_line' id='line_1_84' title="bbox 1018 1891 1816 1928; baseline -0.001 -8"><span class='ocrx_word' id='word_1_565' title='bbox 1018 1892 1150 1928; x_wconf 82' lang='grc' dir='ltr'>θαρτικὴν</span> <span class='ocrx_word' id='word_1_566' title='bbox 1176 1892 1349 1927; x_wconf 83' lang='grc' dir='ltr'>ἁπαγγέλλον</span> <span class='ocrx_word' id='word_1_567' title='bbox 1377 1891 1425 1919; x_wconf 77' lang='grc' dir='ltr'>τοῦ</span> <span class='ocrx_word' id='word_1_568' title='bbox 1451 1891 1609 1926; x_wconf 86' lang='grc' dir='ltr'>Πνεύματος</span> <span class='ocrx_word' id='word_1_569' title='bbox 1636 1891 1753 1927; x_wconf 85' lang='grc' dir='ltr'>δύναμίν</span> <span class='ocrx_word' id='word_1_570' title='bbox 1780 1901 1816 1919; x_wconf 75' lang='grc' dir='ltr'><strong>τε</strong></span> 
     </span>
    </p>
   </div>
   <div class='ocr_carea' id='block_1_85' title="bbox 1017 1937 1818 1974">
    <p class='ocr_par' dir='ltr' id='par_1_85' title="bbox 1017 1937 1818 1974">
     <span class='ocr_line' id='line_1_85' title="bbox 1017 1937 1818 1974; baseline 0.001 -9"><span class='ocrx_word' id='word_1_571' title='bbox 1017 1939 1064 1965; x_wconf 76' lang='grc' dir='ltr'>καὶ</span> <span class='ocrx_word' id='word_1_572' title='bbox 1094 1939 1243 1974; x_wconf 82' lang='grc' dir='ltr'>ἐνέργειαν.</span> <span class='ocrx_word' id='word_1_573' title='bbox 1270 1938 1347 1965; x_wconf 79' lang='grc' dir='ltr'>Ἐπεὶ</span> <span class='ocrx_word' id='word_1_574' title='bbox 1375 1937 1428 1973; x_wconf 79' lang='grc' dir='ltr'><strong>γὰρ</strong></span> <span class='ocrx_word' id='word_1_575' title='bbox 1455 1938 1571 1974; x_wconf 78' lang='grc' dir='ltr'>διάφορα</span> <span class='ocrx_word' id='word_1_576' title='bbox 1595 1938 1642 1965; x_wconf 76' lang='grc' dir='ltr'>τοῦ</span> <span class='ocrx_word' id='word_1_577' title='bbox 1673 1939 1818 1973; x_wconf 75' lang='grc' dir='ltr'>παναγίου</span> 
     </span>
    </p>
   </div>
   <div class='ocr_carea' id='block_1_86' title="bbox 1018 1982 1817 2020">
    <p class='ocr_par' dir='ltr' id='par_1_86' title="bbox 1018 1982 1817 2020">
     <span class='ocr_line' id='line_1_86' title="bbox 1018 1982 1817 2020; baseline 0 -10"><span class='ocrx_word' id='word_1_578' title='bbox 1018 1984 1179 2019; x_wconf 72' lang='grc' dir='ltr'>Πνεῦματος</span> <span class='ocrx_word' id='word_1_579' title='bbox 1191 1984 1227 2010; x_wconf 83' lang='grc' dir='ltr'><strong>τὰ</strong></span> <span class='ocrx_word' id='word_1_580' title='bbox 1241 1983 1402 2020; x_wconf 79' lang='grc' dir='ltr'>χαρίσματα</span> <span class='ocrx_word' id='word_1_581' title='bbox 1413 1991 1420 1998; x_wconf 89' lang='grc'><strong>·</strong></span> <span class='ocrx_word' id='word_1_582' title='bbox 1440 1982 1470 2009; x_wconf 81' lang='grc' dir='ltr'>ἓν</span> <span class='ocrx_word' id='word_1_583' title='bbox 1484 1983 1513 2010; x_wconf 83' lang='grc' dir='ltr'><strong>δὲ</strong></span> <span class='ocrx_word' id='word_1_584' title='bbox 1524 1983 1607 2010; x_wconf 82' lang='grc' dir='ltr'>αὑτοῦ</span> <span class='ocrx_word' id='word_1_585' title='bbox 1621 1983 1676 2010; x_wconf 85' lang='grc' dir='ltr'>τῶν</span> <span class='ocrx_word' id='word_1_586' title='bbox 1692 1983 1817 2019; x_wconf 62' lang='lat'><strong>0:01:95-</strong></span> 
     </span>
    </p>
   </div>
   <div class='ocr_carea' id='block_1_87' title="bbox 1018 2028 1819 2064">
    <p class='ocr_par' dir='ltr' id='par_1_87' title="bbox 1018 2028 1819 2064">
     <span class='ocr_line' id='line_1_87' title="bbox 1018 2028 1819 2064; baseline -0.001 -9"><span class='ocrx_word' id='word_1_587' title='bbox 1018 2028 1077 2055; x_wconf 78' lang='grc' dir='ltr'>πῶν</span> <span class='ocrx_word' id='word_1_588' title='bbox 1091 2029 1239 2064; x_wconf 75' lang='grc' dir='ltr'>ἐνεργειῶν</span> <span class='ocrx_word' id='word_1_589' title='bbox 1256 2030 1305 2055; x_wconf 82' lang='grc' dir='ltr'>καὶ</span> <span class='ocrx_word' id='word_1_590' title='bbox 1318 2028 1348 2055; x_wconf 82' lang='grc' dir='ltr'>τὸ</span> <span class='ocrx_word' id='word_1_591' title='bbox 1359 2028 1536 2063; x_wconf 77' lang='grc' dir='ltr'>καθαρτικὸν,</span> <span class='ocrx_word' id='word_1_592' title='bbox 1556 2029 1603 2055; x_wconf 76' lang='grc' dir='ltr'>καὶ</span> <span class='ocrx_word' id='word_1_593' title='bbox 1615 2029 1664 2064; x_wconf 82' lang='grc' dir='ltr'>τῆς</span> <span class='ocrx_word' id='word_1_594' title='bbox 1686 2028 1819 2064; x_wconf 81' lang='grc' dir='ltr'>χείρονος</span> 
     </span>
    </p>
   </div>
   <div class='ocr_carea' id='block_1_88' title="bbox 1018 2074 1819 2111">
    <p class='ocr_par' dir='ltr' id='par_1_88' title="bbox 1018 2074 1819 2111">
     <span class='ocr_line' id='line_1_88' title="bbox 1018 2074 1819 2111; baseline -0.002 -9"><span class='ocrx_word' id='word_1_595' title='bbox 1018 2075 1084 2111; x_wconf 70' lang='grc' dir='ltr'>ὕλης</span> <span class='ocrx_word' id='word_1_596' title='bbox 1099 2075 1288 2109; x_wconf 81' lang='grc' dir='ltr'>ἀφανιστικδν,</span> <span class='ocrx_word' id='word_1_597' title='bbox 1308 2076 1366 2107; x_wconf 81' lang='grc' dir='ltr'>καὶ,</span> <span class='ocrx_word' id='word_1_598' title='bbox 1386 2074 1427 2107; x_wconf 75' lang='grc' dir='ltr'>οἷς</span> <span class='ocrx_word' id='word_1_599' title='bbox 1443 2076 1475 2102; x_wconf 79' lang='grc' dir='ltr'>ἂν</span> <span class='ocrx_word' id='word_1_600' title='bbox 1502 2076 1716 2109; x_wconf 78' lang='grc' dir='ltr'>ὲπιφοιτήσειεν,</span> <span class='ocrx_word' id='word_1_601' title='bbox 1744 2074 1819 2110; x_wconf 82' lang='grc' dir='ltr'>ὃλην</span> 
     </span>
    </p>
   </div>
   <div class='ocr_carea' id='block_1_89' title="bbox 1019 2121 1819 2157">
    <p class='ocr_par' dir='ltr' id='par_1_89' title="bbox 1019 2121 1819 2157">
     <span class='ocr_line' id='line_1_89' title="bbox 1019 2121 1819 2157; baseline 0.003 -10"><span class='ocrx_word' id='word_1_602' title='bbox 1019 2121 1108 2148; x_wconf 85' lang='grc' dir='ltr'>διόλου</span> <span class='ocrx_word' id='word_1_603' title='bbox 1124 2122 1173 2156; x_wconf 85' lang='grc' dir='ltr'>τὴν</span> <span class='ocrx_word' id='word_1_604' title='bbox 1184 2121 1266 2156; x_wconf 64' lang='grc' dir='ltr'>φύσιν</span> <span class='ocrx_word' id='word_1_605' title='bbox 1281 2121 1467 2156; x_wconf 82' lang='grc' dir='ltr'>ἀναχωνεύειν</span> <span class='ocrx_word' id='word_1_606' title='bbox 1480 2129 1488 2136; x_wconf 87' lang='grc'><em>’</em></span> <span class='ocrx_word' id='word_1_607' title='bbox 1505 2121 1590 2156; x_wconf 82' lang='grc' dir='ltr'>μηδὲν</span> <span class='ocrx_word' id='word_1_608' title='bbox 1602 2121 1657 2148; x_wconf 85' lang='grc' dir='ltr'><strong>τῶν</strong></span> <span class='ocrx_word' id='word_1_609' title='bbox 1669 2123 1819 2157; x_wconf 55' lang='grc' dir='ltr'>καταρῷι-</span> 
     </span>
    </p>
   </div>
   <div class='ocr_carea' id='block_1_90' title="bbox 1019 2167 1821 2202">
    <p class='ocr_par' dir='ltr' id='par_1_90' title="bbox 1019 2167 1821 2202">
     <span class='ocr_line' id='line_1_90' title="bbox 1019 2167 1821 2202; baseline 0.004 -9"><span class='ocrx_word' id='word_1_610' title='bbox 1019 2167 1144 2194; x_wconf 85' lang='grc' dir='ltr'>πούντων</span> <span class='ocrx_word' id='word_1_611' title='bbox 1158 2167 1243 2202; x_wconf 82' lang='grc' dir='ltr'>αὐτὴν</span> <span class='ocrx_word' id='word_1_612' title='bbox 1260 2167 1432 2202; x_wconf 80' lang='grc' dir='ltr'>ὲμφωλεύειν</span> <span class='ocrx_word' id='word_1_613' title='bbox 1447 2167 1501 2200; x_wconf 77' lang='grc' dir='ltr'>ἔτι,</span> <span class='ocrx_word' id='word_1_614' title='bbox 1526 2168 1572 2194; x_wconf 83' lang='grc' dir='ltr'>καὶ</span> <span class='ocrx_word' id='word_1_615' title='bbox 1600 2167 1745 2195; x_wconf 78' lang='grc' dir='ltr'>λανθάνειν</span> <span class='ocrx_word' id='word_1_616' title='bbox 1767 2170 1821 2196; x_wconf 83' lang='grc' dir='ltr'><strong>δυ-</strong></span> 
     </span>
    </p>
   </div>
   <div class='ocr_carea' id='block_1_91' title="bbox 1019 2211 1110 2238">
    <p class='ocr_par' dir='ltr' id='par_1_91' title="bbox 1019 2211 1110 2238">
     <span class='ocr_line' id='line_1_91' title="bbox 1019 2211 1110 2238; baseline -0.011 0"><span class='ocrx_word' id='word_1_617' title='bbox 1019 2211 1110 2238; x_wconf 85' lang='grc' dir='ltr'>νατόν.</span> 
     </span>
    </p>
   </div>
   <div class='ocr_carea' id='block_1_92' title="bbox 211 2256 959 2296">
    <p class='ocr_par' dir='ltr' id='par_1_92' title="bbox 211 2258 959 2296">
     <span class='ocr_line' id='line_1_92' title="bbox 211 2258 959 2296; baseline 0 -10"><span class='ocrx_word' id='word_1_618' title='bbox 211 2258 314 2292; x_wconf 87' lang='lat' dir='ltr'><strong>Quare,</strong></span> <span class='ocrx_word' id='word_1_619' title='bbox 326 2267 390 2287; x_wconf 89' lang='lat' dir='ltr'><strong>cum</strong></span> <span class='ocrx_word' id='word_1_620' title='bbox 402 2260 516 2288; x_wconf 78' lang='lat' dir='ltr'><strong>dixisset</strong></span> <span class='ocrx_word' id='word_1_621' title='bbox 534 2269 543 2286; x_wconf 78' lang='grc' dir='ltr'><strong>ι</strong></span> <span class='ocrx_word' id='word_1_622' title='bbox 553 2260 580 2287; x_wconf 94' lang='lat' dir='ltr'><strong>in</strong></span> <span class='ocrx_word' id='word_1_623' title='bbox 590 2260 692 2296; x_wconf 81' lang='lat' dir='ltr'><strong>Spiritu</strong></span> <span class='ocrx_word' id='word_1_624' title='bbox 706 2264 830 2291; x_wconf 69' lang='lat' dir='ltr'><strong>sanctor,</strong></span> <span class='ocrx_word' id='word_1_625' title='bbox 848 2260 959 2294; x_wconf 80' lang='lat' dir='ltr'><strong>subjecit</strong></span> 
     </span>
    </p>
   </div>
   <div class='ocr_carea' id='block_1_93' title="bbox 1049 2256 1822 2296">
    <p class='ocr_par' dir='ltr' id='par_1_93' title="bbox 1052 2256 1822 2293">
     <span class='ocr_line' id='line_1_93' title="bbox 1052 2256 1822 2293; baseline 0.001 -9"><span class='ocrx_word' id='word_1_626' title='bbox 1052 2257 1102 2284; x_wconf 76' lang='grc' dir='ltr'>Διὰ</span> <span class='ocrx_word' id='word_1_627' title='bbox 1133 2257 1213 2284; x_wconf 83' lang='grc' dir='ltr'>τοῦτο</span> <span class='ocrx_word' id='word_1_628' title='bbox 1244 2257 1330 2284; x_wconf 86' lang='grc' dir='ltr'>εἰπὼν</span> <span class='ocrx_word' id='word_1_629' title='bbox 1345 2267 1355 2283; x_wconf 77' lang='grc' dir='ltr'><strong>ι</strong></span> <span class='ocrx_word' id='word_1_630' title='bbox 1372 2258 1401 2284; x_wconf 82' lang='grc' dir='ltr'>ὲν</span> <span class='ocrx_word' id='word_1_631' title='bbox 1424 2256 1563 2292; x_wconf 83' lang='grc' dir='ltr'>Πνεύματι</span> <span class='ocrx_word' id='word_1_632' title='bbox 1585 2256 1665 2292; x_wconf 83' lang='grc' dir='ltr'>ἁγίῳ,</span> <span class='ocrx_word' id='word_1_633' title='bbox 1687 2265 1697 2283; x_wconf 80' lang='grc' dir='ltr'><strong>ι</strong></span> <span class='ocrx_word' id='word_1_634' title='bbox 1726 2266 1822 2293; x_wconf 64' lang='grc' dir='ltr'>προσ.</span> 
     </span>
    </p>
   </div>
   <div class='ocr_carea' id='block_1_94' title="bbox 178 2306 965 2345">
    <p class='ocr_par' dir='ltr' id='par_1_94' title="bbox 178 2306 965 2345">
     <span class='ocr_line' id='line_1_94' title="bbox 178 2306 965 2345; baseline -0.005 -9"><span class='ocrx_word' id='word_1_635' title='bbox 178 2316 220 2338; x_wconf 71' lang='grc' dir='ltr'>«οι</span> <span class='ocrx_word' id='word_1_636' title='bbox 238 2310 340 2345; x_wconf 67' lang='lat' dir='ltr'><strong>igne»,</strong></span> <span class='ocrx_word' id='word_1_637' title='bbox 373 2307 412 2334; x_wconf 90' lang='lat' dir='ltr'><strong>uti</strong></span> <span class='ocrx_word' id='word_1_638' title='bbox 440 2307 542 2334; x_wconf 82' lang='lat' dir='ltr'><strong>dixeris</strong></span> <span class='ocrx_word' id='word_1_639' title='bbox 567 2306 594 2334; x_wconf 92' lang='lat' dir='ltr'><strong>in</strong></span> <span class='ocrx_word' id='word_1_640' title='bbox 616 2306 718 2341; x_wconf 86' lang='lat' dir='ltr'><strong>Spiritu</strong></span> <span class='ocrx_word' id='word_1_641' title='bbox 739 2310 844 2339; x_wconf 87' lang='lat' dir='ltr'><strong>sancto,</strong></span> <span class='ocrx_word' id='word_1_642' title='bbox 856 2307 902 2341; x_wconf 90' lang='lat' dir='ltr'><strong>qui</strong></span> <span class='ocrx_word' id='word_1_643' title='bbox 917 2306 965 2333; x_wconf 90' lang='lat' dir='ltr'><strong>de-</strong></span> 
     </span>
    </p>
   </div>
   <div class='ocr_carea' id='block_1_95' title="bbox 176 2352 966 2392">
    <p class='ocr_par' dir='ltr' id='par_1_95' title="bbox 176 2352 966 2392">
     <span class='ocr_line' id='line_1_95' title="bbox 176 2352 966 2392; baseline -0.008 -8"><span class='ocrx_word' id='word_1_644' title='bbox 176 2363 289 2392; x_wconf 78' lang='lat' dir='ltr'><strong>generes</strong></span> <span class='ocrx_word' id='word_1_645' title='bbox 308 2358 416 2382; x_wconf 89' lang='lat' dir='ltr'><strong>nostras</strong></span> <span class='ocrx_word' id='word_1_646' title='bbox 429 2352 592 2388; x_wconf 82' lang='lat' dir='ltr'><strong>cupiditates</strong></span> <span class='ocrx_word' id='word_1_647' title='bbox 615 2352 765 2387; x_wconf 76' lang='lat' dir='ltr'><strong>depurgat,</strong></span> <span class='ocrx_word' id='word_1_648' title='bbox 792 2356 875 2387; x_wconf 83' lang='lat' dir='ltr'><strong>atque</strong></span> <span class='ocrx_word' id='word_1_649' title='bbox 899 2360 966 2379; x_wconf 89' lang='lat' dir='ltr'><strong>con-</strong></span> 
     </span>
    </p>
   </div>
   <div class='ocr_carea' id='block_1_96' title="bbox 177 2399 965 2436">
    <p class='ocr_par' dir='ltr' id='par_1_96' title="bbox 177 2399 965 2436">
     <span class='ocr_line' id='line_1_96' title="bbox 177 2399 965 2436; baseline -0.005 -7"><span class='ocrx_word' id='word_1_650' title='bbox 177 2402 277 2435; x_wconf 83' lang='lat' dir='ltr'><strong>sumit;</strong></span> <span class='ocrx_word' id='word_1_651' title='bbox 290 2409 305 2428; x_wconf 86' lang='lat' dir='ltr'><strong>a</strong></span> <span class='ocrx_word' id='word_1_652' title='bbox 322 2400 423 2436; x_wconf 85' lang='lat' dir='ltr'><strong>quibus</strong></span> <span class='ocrx_word' id='word_1_653' title='bbox 436 2407 484 2434; x_wconf 88' lang='lat' dir='ltr'><strong>per</strong></span> <span class='ocrx_word' id='word_1_654' title='bbox 497 2399 685 2434; x_wconf 85' lang='lat' dir='ltr'><strong>operationem</strong></span> <span class='ocrx_word' id='word_1_655' title='bbox 702 2399 794 2432; x_wconf 81' lang='lat' dir='ltr'><strong>illam,</strong></span> <span class='ocrx_word' id='word_1_656' title='bbox 809 2406 868 2433; x_wconf 71' lang='lat' dir='ltr'><strong>quae</strong></span> <span class='ocrx_word' id='word_1_657' title='bbox 887 2399 965 2433; x_wconf 76' lang='lat' dir='ltr'><strong>ignea</strong></span> 
     </span>
    </p>
   </div>
   <div class='ocr_carea' id='block_1_97' title="bbox 176 2443 966 2479">
    <p class='ocr_par' dir='ltr' id='par_1_97' title="bbox 176 2443 966 2479">
     <span class='ocr_line' id='line_1_97' title="bbox 176 2443 966 2479; baseline -0.006 -4"><span class='ocrx_word' id='word_1_658' title='bbox 176 2454 205 2475; x_wconf 89' lang='lat' dir='ltr'><strong>ct</strong></span> <span class='ocrx_word' id='word_1_659' title='bbox 217 2447 310 2475; x_wconf 77' lang='lat' dir='ltr'><strong>efficax</strong></span> <span class='ocrx_word' id='word_1_660' title='bbox 326 2446 409 2474; x_wconf 86' lang='lat' dir='ltr'><strong>simul</strong></span> <span class='ocrx_word' id='word_1_661' title='bbox 423 2450 476 2479; x_wconf 88' lang='lat' dir='ltr'><strong>est,</strong></span> <span class='ocrx_word' id='word_1_662' title='bbox 486 2449 513 2472; x_wconf 88' lang='lat' dir='ltr'><strong>et</strong></span> <span class='ocrx_word' id='word_1_663' title='bbox 522 2445 548 2472; x_wconf 86' lang='lat' dir='ltr'><strong>vi</strong></span> <span class='ocrx_word' id='word_1_664' title='bbox 566 2443 732 2472; x_wconf 80' lang='lat' dir='ltr'><strong>reconﬂandi</strong></span> <span class='ocrx_word' id='word_1_665' title='bbox 748 2444 872 2479; x_wconf 68' lang='lat' dir='ltr'><strong>praedita,</strong></span> <span class='ocrx_word' id='word_1_666' title='bbox 899 2452 966 2479; x_wconf 91' lang='lat' dir='ltr'><strong>pur-</strong></span> 
     </span>
    </p>
   </div>
   <div class='ocr_carea' id='block_1_98' title="bbox 180 2488 966 2528">
    <p class='ocr_par' dir='ltr' id='par_1_98' title="bbox 180 2488 966 2528">
     <span class='ocr_line' id='line_1_98' title="bbox 180 2488 966 2528; baseline -0.003 -9"><span class='ocrx_word' id='word_1_667' title='bbox 180 2493 246 2528; x_wconf 72' lang='lat' dir='ltr'><strong>gati,</strong></span> <span class='ocrx_word' id='word_1_668' title='bbox 261 2492 433 2520; x_wconf 81' lang='lat' dir='ltr'><strong>sanctitatem</strong></span> <span class='ocrx_word' id='word_1_669' title='bbox 454 2490 562 2525; x_wconf 81' lang='lat' dir='ltr'><strong>assequi</strong></span> <span class='ocrx_word' id='word_1_670' title='bbox 580 2497 728 2516; x_wconf 87' lang='lat' dir='ltr'><strong>meremur.</strong></span> <span class='ocrx_word' id='word_1_671' title='bbox 750 2498 758 2514; x_wconf 78' lang='grc' dir='ltr'><strong>ι</strong></span> <span class='ocrx_word' id='word_1_672' title='bbox 772 2488 878 2517; x_wconf 87' lang='lat' dir='ltr'><strong>Etenim</strong></span> <span class='ocrx_word' id='word_1_673' title='bbox 896 2490 966 2517; x_wconf 84' lang='lat' dir='ltr'><strong>Deus</strong></span> 
     </span>
    </p>
   </div>
   <div class='ocr_carea' id='block_1_99' title="bbox 1018 2302 1825 2339">
    <p class='ocr_par' dir='ltr' id='par_1_99' title="bbox 1018 2302 1825 2339">
     <span class='ocr_line' id='line_1_99' title="bbox 1018 2302 1825 2339; baseline 0 -9"><span class='ocrx_word' id='word_1_674' title='bbox 1018 2304 1101 2339; x_wconf 84' lang='grc' dir='ltr'>έθηκε</span> <span class='ocrx_word' id='word_1_675' title='bbox 1120 2314 1129 2330; x_wconf 76' lang='grc' dir='ltr'><strong>ι</strong></span> <span class='ocrx_word' id='word_1_676' title='bbox 1146 2304 1193 2330; x_wconf 70' lang='grc' dir='ltr'>καὶ</span> <span class='ocrx_word' id='word_1_677' title='bbox 1211 2305 1298 2339; x_wconf 80' lang='grc' dir='ltr'>πυρὶ,</span> <span class='ocrx_word' id='word_1_678' title='bbox 1317 2313 1326 2329; x_wconf 80' lang='grc' dir='ltr'><strong>ι</strong></span> <span class='ocrx_word' id='word_1_679' title='bbox 1345 2303 1389 2330; x_wconf 73' lang='grc' dir='ltr'><strong>ἵνα</strong></span> <span class='ocrx_word' id='word_1_680' title='bbox 1413 2303 1493 2339; x_wconf 73' lang='grc' dir='ltr'>εἴπῃς</span> <span class='ocrx_word' id='word_1_681' title='bbox 1517 2304 1547 2330; x_wconf 71' lang='grc' dir='ltr'>ὲν</span> <span class='ocrx_word' id='word_1_682' title='bbox 1572 2302 1712 2338; x_wconf 80' lang='grc' dir='ltr'>Πνεύματι</span> <span class='ocrx_word' id='word_1_683' title='bbox 1741 2303 1825 2339; x_wconf 79' lang='grc' dir='ltr'>ἁγίῳ</span> 
     </span>
    </p>
   </div>
   <div class='ocr_carea' id='block_1_100' title="bbox 1018 2349 1823 2385">
    <p class='ocr_par' dir='ltr' id='par_1_100' title="bbox 1018 2349 1823 2385">
     <span class='ocr_line' id='line_1_100' title="bbox 1018 2349 1823 2385; baseline -0.001 -9"><span class='ocrx_word' id='word_1_684' title='bbox 1018 2350 1057 2385; x_wconf 84' lang='grc' dir='ltr'>τῷ</span> <span class='ocrx_word' id='word_1_685' title='bbox 1076 2349 1235 2385; x_wconf 71' lang='grc' dir='ltr'>καθαρτικῷ</span> <span class='ocrx_word' id='word_1_686' title='bbox 1260 2358 1290 2376; x_wconf 85' lang='grc' dir='ltr'><strong>τε</strong></span> <span class='ocrx_word' id='word_1_687' title='bbox 1306 2350 1355 2377; x_wconf 83' lang='grc' dir='ltr'>καὶ</span> <span class='ocrx_word' id='word_1_688' title='bbox 1370 2349 1549 2385; x_wconf 83' lang='grc' dir='ltr'>δαπανητικῷ</span> <span class='ocrx_word' id='word_1_689' title='bbox 1560 2349 1615 2376; x_wconf 87' lang='grc' dir='ltr'>τῶν</span> <span class='ocrx_word' id='word_1_690' title='bbox 1630 2350 1660 2375; x_wconf 84' lang='grc' dir='ltr'>ὲν</span> <span class='ocrx_word' id='word_1_691' title='bbox 1673 2349 1743 2384; x_wconf 79' lang='grc' dir='ltr'>ἡμῖν</span> <span class='ocrx_word' id='word_1_692' title='bbox 1763 2351 1823 2384; x_wconf 74' lang='grc' dir='ltr'>τῆς</span> 
     </span>
    </p>
   </div>
   <div class='ocr_carea' id='block_1_101' title="bbox 1018 2393 1825 2430">
    <p class='ocr_par' dir='ltr' id='par_1_101' title="bbox 1018 2393 1825 2430">
     <span class='ocr_line' id='line_1_101' title="bbox 1018 2393 1825 2430; baseline -0.001 -7"><span class='ocrx_word' id='word_1_693' title='bbox 1018 2395 1118 2427; x_wconf 79' lang='grc' dir='ltr'>κακίας</span> <span class='ocrx_word' id='word_1_694' title='bbox 1132 2396 1226 2422; x_wconf 82' lang='grc' dir='ltr'>παθῶν</span> <span class='ocrx_word' id='word_1_695' title='bbox 1238 2404 1245 2412; x_wconf 86' lang='grc'>·</span> <span class='ocrx_word' id='word_1_696' title='bbox 1265 2393 1303 2423; x_wconf 77' lang='grc' dir='ltr'><strong>ὢν</strong></span> <span class='ocrx_word' id='word_1_697' title='bbox 1317 2395 1360 2422; x_wconf 76' lang='grc' dir='ltr'><strong>διὰ</strong></span> <span class='ocrx_word' id='word_1_698' title='bbox 1374 2395 1423 2430; x_wconf 81' lang='grc' dir='ltr'>τῆς</span> <span class='ocrx_word' id='word_1_699' title='bbox 1438 2395 1574 2430; x_wconf 73' lang='grc' dir='ltr'>ἐμπύρου,</span> <span class='ocrx_word' id='word_1_700' title='bbox 1596 2395 1643 2422; x_wconf 73' lang='grc' dir='ltr'>καὶ</span> <span class='ocrx_word' id='word_1_701' title='bbox 1661 2394 1825 2430; x_wconf 54' lang='lat' dir='ltr'><strong>apati-cmi;</strong></span> 
     </span>
    </p>
   </div>
   <div class='ocr_carea' id='block_1_102' title="bbox 1019 2440 1825 2477">
    <p class='ocr_par' dir='ltr' id='par_1_102' title="bbox 1019 2440 1825 2477">
     <span class='ocr_line' id='line_1_102' title="bbox 1019 2440 1825 2477; baseline -0.002 -8"><span class='ocrx_word' id='word_1_702' title='bbox 1019 2443 1088 2477; x_wconf 72' lang='grc' dir='ltr'>ἅμα,</span> <span class='ocrx_word' id='word_1_703' title='bbox 1105 2443 1152 2469; x_wconf 78' lang='grc' dir='ltr'>καὶ</span> <span class='ocrx_word' id='word_1_704' title='bbox 1170 2443 1394 2477; x_wconf 78' lang='grc' dir='ltr'>ἀναχωνευτικῆς</span> <span class='ocrx_word' id='word_1_705' title='bbox 1404 2442 1546 2476; x_wconf 75' lang='grc' dir='ltr'>ἐνεργείας</span> <span class='ocrx_word' id='word_1_706' title='bbox 1567 2440 1825 2476; x_wconf 74' lang='grc' dir='ltr'>ἁποκαθαιρούμε-</span> 
     </span>
    </p>
   </div>
   <div class='ocr_carea' id='block_1_103' title="bbox 1019 2486 1824 2524">
    <p class='ocr_par' dir='ltr' id='par_1_103' title="bbox 1019 2486 1824 2524">
     <span class='ocr_line' id='line_1_103' title="bbox 1019 2486 1824 2524; baseline 0 -10"><span class='ocrx_word' id='word_1_707' title='bbox 1019 2497 1061 2515; x_wconf 85' lang='lat' dir='ltr'><strong>vot</strong></span> <span class='ocrx_word' id='word_1_708' title='bbox 1068 2489 1116 2524; x_wconf 83' lang='grc' dir='ltr'>τῆς</span> <span class='ocrx_word' id='word_1_709' title='bbox 1132 2489 1276 2524; x_wconf 77' lang='grc' dir='ltr'>ἁγιότητος</span> <span class='ocrx_word' id='word_1_710' title='bbox 1288 2488 1449 2524; x_wconf 65' lang='grc' dir='ltr'>ἁξιούμεθα»</span> <span class='ocrx_word' id='word_1_711' title='bbox 1462 2498 1471 2514; x_wconf 81' lang='grc' dir='ltr'><strong>ι</strong></span> <span class='ocrx_word' id='word_1_712' title='bbox 1487 2487 1542 2515; x_wconf 74' lang='grc' dir='ltr'><strong>Καὶ</strong></span> <span class='ocrx_word' id='word_1_713' title='bbox 1557 2487 1612 2524; x_wconf 84' lang='grc' dir='ltr'><strong>γὰρ</strong></span> <span class='ocrx_word' id='word_1_714' title='bbox 1629 2488 1643 2514; x_wconf 81' lang='grc' dir='ltr'>ὁ</span> <span class='ocrx_word' id='word_1_715' title='bbox 1656 2486 1722 2519; x_wconf 72' lang='grc' dir='ltr'>Θεὸς</span> <span class='ocrx_word' id='word_1_716' title='bbox 1733 2488 1824 2522; x_wconf 68' lang='grc' dir='ltr'>ἡμῶν</span> 
     </span>
    </p>
   </div>
   <div class='ocr_carea' id='block_1_104' title="bbox 851 2566 1190 2595">
    <p class='ocr_par' dir='ltr' id='par_1_104' title="bbox 851 2566 1190 2595">
     <span class='ocr_line' id='line_1_104' title="bbox 851 2566 1190 2595; baseline 0.003 -2"><span class='ocrx_word' id='word_1_717' title='bbox 851 2566 967 2595; x_wconf 65' lang='grc' dir='ltr'>νΑιιιΑᾱ</span> <span class='ocrx_word' id='word_1_718' title='bbox 988 2566 1190 2595; x_wconf 75' lang='lat' dir='ltr'><strong>LECTIONES.</strong></span> 
     </span>
    </p>
   </div>
   <div class='ocr_carea' id='block_1_105' title="bbox 234 2636 844 2671">
    <p class='ocr_par' dir='ltr' id='par_1_105' title="bbox 234 2636 844 2671">
     <span class='ocr_line' id='line_1_105' title="bbox 234 2636 844 2671; baseline -0.008 -5"><span class='ocrx_word' id='word_1_719' title='bbox 234 2639 242 2659; x_wconf 82' lang='grc' dir='ltr'>ι</span> <span class='ocrx_word' id='word_1_720' title='bbox 256 2639 289 2667; x_wconf 78' lang='grc' dir='ltr'>Ν.</span> <span class='ocrx_word' id='word_1_721' title='bbox 301 2639 351 2670; x_wconf 67' lang='grc' dir='ltr'>τὰς</span> <span class='ocrx_word' id='word_1_722' title='bbox 363 2638 484 2669; x_wconf 84' lang='grc' dir='ltr'>αίωνίας.</span> <span class='ocrx_word' id='word_1_723' title='bbox 541 2643 558 2653; x_wconf 89' lang='grc'><strong>··</strong></span> <span class='ocrx_word' id='word_1_724' title='bbox 577 2637 609 2663; x_wconf 86' lang='grc' dir='ltr'>Ν.</span> <span class='ocrx_word' id='word_1_725' title='bbox 628 2636 844 2671; x_wconf 73' lang='grc' dir='ltr'>ἀμεταμέλητον.</span> 
     </span>
    </p>
   </div>
   <div class='ocr_carea' id='block_1_106' title="bbox 900 2635 1274 2670">
    <p class='ocr_par' dir='ltr' id='par_1_106' title="bbox 900 2635 1274 2670">
     <span class='ocr_line' id='line_1_106' title="bbox 900 2635 1274 2670; baseline -0.003 -7"><span class='ocrx_word' id='word_1_726' title='bbox 900 2640 913 2653; x_wconf 69' lang='grc' dir='ltr'><strong>τι</strong></span> <span class='ocrx_word' id='word_1_727' title='bbox 925 2637 958 2663; x_wconf 77' lang='grc' dir='ltr'>ἄν</span> <span class='ocrx_word' id='word_1_728' title='bbox 973 2635 1033 2663; x_wconf 81' lang='lat' dir='ltr'><strong>Nic.</strong></span> <span class='ocrx_word' id='word_1_729' title='bbox 1051 2635 1198 2670; x_wconf 73' lang='lat' dir='ltr'><strong>litterisque</strong></span> <span class='ocrx_word' id='word_1_730' title='bbox 1215 2636 1274 2662; x_wconf 78' lang='lat' dir='ltr'><strong>Lat.</strong></span> 
     </span>
    </p>
   </div>
   <div class='ocr_carea' id='block_1_107' title="bbox 945 2723 1059 2752">
    <p class='ocr_par' dir='ltr' id='par_1_107' title="bbox 945 2723 1059 2752">
     <span class='ocr_line' id='line_1_107' title="bbox 945 2723 1059 2752; baseline 0.009 -2"><span class='ocrx_word' id='word_1_731' title='bbox 945 2723 1059 2752; x_wconf 68' lang='lat' dir='ltr'><strong>NOTAE.</strong></span> 
     </span>
    </p>
   </div>
   <div class='ocr_carea' id='block_1_108' title="bbox 214 2819 965 2859">
    <p class='ocr_par' dir='ltr' id='par_1_108' title="bbox 214 2819 965 2859">
     <span class='ocr_line' id='line_1_108' title="bbox 214 2819 965 2859; baseline -0.007 -8"><span class='ocrx_word' id='word_1_732' title='bbox 214 2823 272 2859; x_wconf 82' lang='grc' dir='ltr'><strong>(Ἠ)</strong></span> <span class='ocrx_word' id='word_1_733' title='bbox 297 2823 363 2857; x_wconf 66' lang='lat' dir='ltr'><strong>Quae</strong></span> <span class='ocrx_word' id='word_1_734' title='bbox 378 2821 838 2859; x_wconf 48' lang='lat' dir='ltr'><strong>Photiushactenus“disputavitL</strong></span> <span class='ocrx_word' id='word_1_735' title='bbox 863 2819 965 2859; x_wconf 75' lang='lat' dir='ltr'><strong>nemini</strong></span> 
     </span>
    </p>
   </div>
   <div class='ocr_carea' id='block_1_109' title="bbox 179 2854 963 2893">
    <p class='ocr_par' dir='ltr' id='par_1_109' title="bbox 179 2854 963 2893">
     <span class='ocr_line' id='line_1_109' title="bbox 179 2854 963 2893; baseline -0.006 -6"><span class='ocrx_word' id='word_1_736' title='bbox 179 2854 399 2892; x_wconf 50' lang='lat' dir='ltr'><strong>videntur-nova,</strong></span> <span class='ocrx_word' id='word_1_737' title='bbox 416 2859 439 2886; x_wconf 89' lang='lat' dir='ltr'><strong>si</strong></span> <span class='ocrx_word' id='word_1_738' title='bbox 455 2858 603 2893; x_wconf 89' lang='lat' dir='ltr'><strong>scriptores</strong></span> <span class='ocrx_word' id='word_1_739' title='bbox 619 2857 686 2889; x_wconf 85' lang='lat' dir='ltr'><strong>adit,</strong></span> <span class='ocrx_word' id='word_1_740' title='bbox 700 2854 747 2891; x_wconf 75' lang='lat' dir='ltr'><strong>qui</strong></span> <span class='ocrx_word' id='word_1_741' title='bbox 765 2857 790 2884; x_wconf 89' lang='lat' dir='ltr'><strong>in</strong></span> <span class='ocrx_word' id='word_1_742' title='bbox 809 2854 908 2883; x_wconf 65' lang='lat' dir='ltr'><strong>Matth.</strong></span> <span class='ocrx_word' id='word_1_743' title='bbox 922 2863 963 2887; x_wconf 89' lang='grc' dir='ltr'>ιιι,</span> 
     </span>
    </p>
   </div>
   <div class='ocr_carea' id='block_1_110' title="bbox 1021 2817 1830 2854">
    <p class='ocr_par' dir='ltr' id='par_1_110' title="bbox 1021 2817 1830 2854">
     <span class='ocr_line' id='line_1_110' title="bbox 1021 2817 1830 2854; baseline -0.001 -6"><span class='ocrx_word' id='word_1_744' title='bbox 1021 2821 1065 2854; x_wconf 66' lang='lat' dir='ltr'><strong>te,</strong></span> <span class='ocrx_word' id='word_1_745' title='bbox 1082 2825 1304 2850; x_wconf 80' lang='lat' dir='ltr'><strong>commcntantur</strong></span> <span class='ocrx_word' id='word_1_746' title='bbox 1328 2831 1334 2849; x_wconf 92' lang='lat'><strong>:</strong></span> <span class='ocrx_word' id='word_1_747' title='bbox 1356 2821 1445 2848; x_wconf 74' lang='lat' dir='ltr'><strong>fusius</strong></span> <span class='ocrx_word' id='word_1_748' title='bbox 1462 2825 1564 2851; x_wconf 77' lang='lat' dir='ltr'><strong>tamen.</strong></span> <span class='ocrx_word' id='word_1_749' title='bbox 1594 2823 1633 2848; x_wconf 86' lang='lat' dir='ltr'><strong>uti</strong></span> <span class='ocrx_word' id='word_1_750' title='bbox 1645 2818 1727 2851; x_wconf 82' lang='lat' dir='ltr'><strong>solet,</strong></span> <span class='ocrx_word' id='word_1_751' title='bbox 1748 2817 1830 2847; x_wconf 81' lang='lat' dir='ltr'><strong>Cor-</strong></span> 
     </span>
    </p>
   </div>
   <div class='ocr_carea' id='block_1_111' title="bbox 1020 2855 1526 2899">
    <p class='ocr_par' dir='ltr' id='par_1_111' title="bbox 1020 2855 1526 2892">
     <span class='ocr_line' id='line_1_111' title="bbox 1020 2855 1526 2892; baseline -0.002 -9"><span class='ocrx_word' id='word_1_752' title='bbox 1020 2858 1109 2885; x_wconf 84' lang='lat' dir='ltr'><strong>nelius</strong></span> <span class='ocrx_word' id='word_1_753' title='bbox 1123 2865 1142 2885; x_wconf 67' lang='grc' dir='ltr'><strong>ιι</strong></span> <span class='ocrx_word' id='word_1_754' title='bbox 1154 2857 1255 2892; x_wconf 83' lang='lat' dir='ltr'><strong>Lapide</strong></span> <span class='ocrx_word' id='word_1_755' title='bbox 1270 2858 1322 2886; x_wconf 84' lang='lat' dir='ltr'><strong>ista</strong></span> <span class='ocrx_word' id='word_1_756' title='bbox 1341 2855 1526 2892; x_wconf 83' lang='lat' dir='ltr'><strong>persequitur.</strong></span> 
     </span>
    </p>
   </div>
  </div>
