1882 3075
161 152 216 186 Ἐὸ

742 155 873 187 ΡΗΟΤΙΙ
891 156 1145 187 ΡᾹΤΒΙΑΗΟΗΕ
1162 157 1215 188 CP.

1744 156 1800 188 236

160 209 272 237 tentiam
285 210 444 245 suscipere?
469 210 494 239 Is
507 211 650 245 nimirum,
671 212 718 247 qui
736 214 844 241 modica
859 214 951 249 aliqua

1052 213 1087 238 ιό
1103 213 1153 248 μὲν
1173 213 1212 248 τῷ
1235 212 1339 248 μετρίῳ
1365 213 1414 248 τῆς
1443 212 1578 248 τιμωρίας
1600 211 1638 247 μὴ
1662 220 1802 248 σωφρονι-

161 255 339 291 rastigatione
364 265 419 284 non
454 258 581 294 resipuit,
609 266 685 294 spem
712 259 884 295 relinquitse
895 260 952 288 for-

161 307 235 329 tasse
249 302 347 329 acriori
368 304 421 331 alia
437 311 517 338 posse
534 304 568 331 ad
591 305 810 333 emendationem
827 307 952 341 perduci.

161 349 196 374 At
209 349 256 383 qui
272 357 305 377 ne
322 358 370 384 per
382 350 453 378 lianc
466 351 574 386 quidem
589 353 746 388 corrigitur,
757 360 846 387 neque
859 361 954 387 sapere

162 395 261 421 melius
275 403 335 422 esse
351 396 436 427 ducit,
464 404 545 431 quam
557 397 696 431 insanire;
724 399 768 426 hic
785 399 883 426 mentis
897 406 954 427 sua).

161 439 262 467 vulnus
293 439 394 468 fatetur
417 448 479 468 esse
501 442 665 470 insanabile.
708 443 759 476 Qui
784 449 875 471 autem
901 452 954 471 non

164 486 278 512 tumloiu
290 486 428 513 meliorem
440 486 546 519 frugem
560 495 619 516 Sese
627 496 681 516 non
697 490 802 524 recipit,
815 490 861 518 sed
871 490 954 518 etiam

164 532 196 558 ad
205 532 368 559 deteriorem
381 533 472 568 potius
480 534 599 567 devenit,
629 535 686 569 ipse
699 536 803 570 reliqua
817 536 952 571 supplicia

164 586 219 605 non
234 578 347 605 nimiam
354 586 414 607 esse
428 581 608 615 punitionem,
618 582 664 609 sed
679 583 909 617 complementum
921 583 955 610 ad

163 624 265 658 justam
275 632 442 659 mensuram,
452 626 474 654 si
483 634 537 654 non
546 627 647 663 lingua,
656 628 752 656 saltem
764 636 855 664 opere,
865 630 957 657 decer-

165 678 232 698 nere
255 671 369 698 videtur.
387 681 396 697 ι
409 671 541 705 Peccasti,
558 673 596 700 ait
619 673 761 707 Dominus,
772 675 883 710 quiesce
895 675 928 701 ".
945 684 954 701 ι

200 738 283 772 Atqui
310 738 414 765 llebrwi
434 743 490 766 tum
504 739 556 765 alia
580 743 691 773 peccata
717 745 869 774 patrantes,
900 745 957 768 tum

167 791 217 818 pro
242 784 400 812 ltominihus
422 787 534 813 meritas
550 793 646 821 poenas
673 787 812 814 luenlibus
838 787 956 814 nimium

167 831 300 864 dolentes,
319 840 373 859 non
398 833 486 860 solttm
514 840 568 860 non
597 833 724 860 tacebant
754 834 863 869 (neque
886 834 957 861 enim

1006 259 1090 291 σθεὶς,
1107 259 1179 294 τάχα
1196 258 1230 286 ἂν
1248 259 1287 294 τῷ
1303 258 1408 294 μείζονι
1428 258 1495 294 πρὸς
1510 258 1559 293 τὴν
1572 258 1716 294 διόρθωσιν
1734 260 1802 285 πολ-

1005 305 1055 337 λὰς
1071 305 1185 336 ἐλπίδας
1196 305 1334 341 παράσχοι
1352 304 1593 340 συνελαθήσεσθαι.
1613 304 1644 331 '0
1657 305 1686 332 δέ
1702 305 1740 341 μὴ
1754 304 1803 332 διὰ

1005 350 1102 377 τούτου
1118 351 1324 385 παιδευόμενος,
1344 351 1414 386 μηδέ
1430 351 1460 378 τὸ
1478 352 1628 386 σωφρονεῖν
1649 351 1799 387 αἱρετώτε-

1007 405 1053 432 ρον
1073 395 1119 422 τοῦ
1149 397 1334 432 παραφρονεῖν
1358 396 1512 432 τιθέμενος,
1536 397 1647 424 ἀνίατον
1671 397 1803 432 ὁμολογεῖ

1006 443 1037 469 τὸ
1048 442 1249 477 πλημμέλημα.
1269 442 1298 469 Ὀ
1314 442 1342 469 δέ
1359 442 1397 478 μὴ
1415 442 1496 478 μόνον
1518 442 1586 478 πρὸς
1598 443 1629 469 τὸ
1648 442 1752 476 βέλτιον
1767 443 1801 469 οὐ

1009 487 1232 523 μετατιθέμενος,
1252 487 1320 514 ἀλλὰ
1334 488 1382 514 καὶ
1401 487 1448 514 τοῦ
1463 488 1584 523 χείρονος
1611 487 1712 523 μᾶλλον
1726 487 1803 521 γινό-

1010 540 1102 566 μενος,
1118 532 1148 558 τὸ
1163 531 1255 559 λεῖπον
1274 532 1324 567 τῆς
1340 532 1477 567 τιμωρίας
1487 532 1537 567 οὐχ
1552 531 1706 567 ὑπερϐολῆς
1717 531 1802 559 κόλα-

1010 587 1061 610 σιν,
1076 578 1144 606 ἀλλὰ
1155 579 1195 610 είς
1210 578 1259 614 τὴν
1272 578 1319 605 τοῦ
1343 578 1451 605 δικαίου
1468 578 1549 614 φύσιν
1574 578 1802 614 προστιθέμενον.

1009 624 1062 651 κᾶν
1083 625 1121 660 μὴ
1138 625 1169 660 τῇ
1185 624 1306 660 γλώσσῃ,
1321 626 1357 660 τῇ
1373 625 1474 660 πράξει
1488 624 1579 660 δέιτὴν
1587 623 1677 659 ψῆφον
1692 624 1804 659 ἐλέγχε-

1009 679 1054 697 ται
1068 670 1170 706 φέρων.
1189 679 1199 696 ι
1221 670 1374 706 Ἦμαρτες,
1391 671 1483 705 φησὶν,
1498 669 1646 705 ήσύχασον.
1663 679 1672 696 ›

1046 736 1078 763 υι
1092 736 1120 762 δὲ
1135 736 1339 772 ἁμαρτάνοντες
1354 737 1390 764 τά
1405 745 1434 763 τε
1449 736 1529 769 ἄλλα,
1557 736 1606 763 καὶ
1627 733 1669 768 οἷς
1684 735 1738 762 τῶν
1764 736 1808 762 διέ

1010 781 1097 813 καίως
1110 781 1159 817 τὴν
1180 782 1259 816 δίκην
1278 782 1433 809 δεδωκότων
1459 782 1645 818 ὑπερήλγουν,
1671 782 1701 810 οὐ
1722 782 1807 817 μόνον

1010 828 1062 854 οὐκ
1077 827 1176 862 ἐσίγων
1191 826 1262 863 (οὐδὲ
1277 828 1332 863 γάρ
1347 828 1391 854 εἷα
1405 827 1461 863 (75)
1479 828 1533 855 τῶν
1555 828 1766 864 ἁμαρτημάτων
1787 828 1807 862 ἡ

167 877 337 905 facinoribus
350 885 398 912 par
412 878 707 912 eratanimatlversio),
734 879 780 906 sed
794 884 820 907 ct
834 879 960 916 insurgea

1052 874 1165 910 κότης)·
1182 873 1251 900 ἀλλὰ
1277 874 1324 900 καὶ
1339 875 1408 910 πρδς
1423 874 1581 909 γογγυσμὸν
1596 872 1644 899 τοῦ
1662 872 1790 908 παιδαγω

168 921 234 948 hant
254 922 286 949 ad
304 917 532 950 murmurantium
554 923 588 951 de
602 931 652 951 suo
669 924 749 956 duce.
773 929 800 952 et
819 933 867 960 per
886 926 959 954 hunc

167 966 194 992 in
212 973 383 993 communem
397 967 554 999 Dominum,
574 968 761 1004 hortorumque
787 969 958 1006 Largitorem

166 1012 365 1047 irrumpebaut,
392 1013 506 1041 crimine
522 1014 625 1047 majore
648 1016 738 1043 minus
753 1016 827 1044 aliud
841 1017 959 1045 abscon-

166 1057 232 1085 dere
251 1058 457 1086 contendentes.
475 1058 623 1094 Propterea
639 1060 729 1088 simile
744 1062 805 1088 aiiis
821 1061 960 1096 prioribus

166 1104 338 1138 etet-pissent
351 1104 500 1136 excidium,
517 1109 544 1132 et
560 1106 593 1132 ad
608 1113 691 1132 unum
711 1107 857 1140 periissent
869 1128 876 1140 ,
907 1107 958 1134 nisi

167 1149 250 1178 Musis
273 1151 440 1185 placationes
452 1157 478 1179 et
491 1153 774 1186 precescalamitatem
781 1155 958 1182 stitissent”.

202 1218 279 1252 Quod
296 1219 317 1246 si
347 1220 473 1254 populus,
491 1220 537 1255 qui
557 1220 644 1256 legem
668 1226 821 1257 acceperat,
847 1222 958 1251 virtutis

167 1271 200 1291 ac
214 1264 354 1300 religionis
378 1266 561 1300 legislatorem
575 1268 748 1295 cantionibus
766 1269 956 1304 pngstigiosis.

168 1308 309 1344 Deumque
331 1308 503 1338 ﬂectentibus
526 1311 718 1345 suspicabatur
736 1313 904 1346 incumbere,
919 1318 961 1341 at-

168 1362 221 1390 que
241 1362 288 1389 per
308 1363 355 1382 eas
370 1363 384 1382 a
399 1357 504 1384 vexatis
523 1356 684 1385 hominibus
701 1365 798 1393 poenas
815 1359 886 1394 exigi
900 1379 908 1391 ,
934 1365 962 1387 et

170 1401 221 1427 hoc
237 1401 411 1435 potissimum
436 1407 515 1436 pacto
543 1402 628 1430 Dcum
651 1407 678 1430 et
701 1403 859 1432 Creatorem
887 1405 960 1434 facta

170 1446 312 1472 hominum
329 1446 441 1479 itttueri,
457 1451 484 1474 ct
500 1455 627 1476 coercere
640 1454 772 1483 peccata;
801 1450 884 1478 habet
900 1452 961 1486 qui-

170 1493 232 1518 dem
241 1492 393 1526 expeditam
405 1494 542 1528 proposita
552 1494 669 1528 quaestio
676 1495 852 1523 solutionem.
871 1497 960 1525 Aliam

172 1543 235 1564 rero
246 1537 316 1564 haud
333 1538 444 1566 levioris
457 1535 587 1566 momenti
603 1539 770 1575 impietatem
783 1541 843 1576 ipsa
858 1543 960 1571 solutio
975 1557 996 1586 α

171 1582 311 1617 patefacit,
327 1588 354 1611 et
369 1584 463 1618 turbae,
499 1585 521 1612 si
548 1585 618 1613 forte
645 1587 745 1620 talibus
761 1588 964 1622 suspicionibus

171 1630 292 1664 deeeptaa
307 1636 479 1664 erraverunt,
511 1640 566 1659 non
585 1641 639 1660 una
657 1642 755 1668 morte,
770 1636 817 1663 sed
837 1637 964 1671 pluribus

172 1674 261 1710 digna:
287 1679 352 1703 sunt
373 1676 469 1711 :qnod
498 1678 649 1712 prazsertim
684 1679 768 1715 Magis
793 1681 820 1708 in
848 1681 966 1719 {Egypto

174 1727 227 1748 non
242 1721 337 1754 semel,
349 1722 395 1749 sed
411 1722 502 1758 decies
515 1723 650 1757 confusis,
660 1732 810 1760 eorumque
824 1727 967 1756 fraudibus

174 1774 222 1801 per
235 1766 319 1794 Mosis
343 1767 466 1803 prodigia
491 1776 574 1804 quam
597 1770 808 1800 evidentissime
838 1773 965 1808 detectis,

174 1813 208 1841 de
228 1813 270 1840 his
281 1814 361 1840 etiam
379 1815 474 1842 oculos
493 1816 558 1850 ipsae
569 1824 633 1844 suos
646 1817 782 1846 itnmttnes
799 1819 967 1854 deceptionis

175 1865 258 1887 testes
275 1858 419 1888 haberent.
442 1860 626 1896 Praeterquam
642 1863 716 1897 quod
733 1871 781 1898 per
801 1865 967 1893 incantatio-

176 1916 236 1940 nes,
264 1913 292 1936 et
317 1908 454 1944 praestigia
475 1908 602 1942 quianam
622 1916 697 1936 mare
712 1909 858 1943 divideret,
876 1916 903 1938 et
917 1899 966 1946 po-

175 1956 241 1989 pulo
269 1955 379 1990 quidem
406 1962 457 1982 suo
488 1954 560 1980 viam
591 1962 642 1981 nec
664 1955 968 1990 vestigialtumiditatis

175 2002 339 2028 retinentem
360 2005 505 2033 sterneret,
525 2001 650 2029 hostibus
675 2006 767 2029 autem
794 2007 968 2039 extempora—

177 2054 258 2074 neum
273 2047 428 2081 sepulcrum
444 2046 582 2080 aperiret?
595 2046 680 2074 Porro
696 2048 835 2082 quomodo
850 2054 941 2083 posset
953 2057 969 2078 e

176 2094 248 2119 creto
271 2099 432 2126 comparare
448 2091 551 2124 cilium,
580 2096 607 2119 et
625 2100 747 2121 mensam
774 2101 922 2129 apponere,
941 2101 968 2123 et

177 2143 275 2166 caetera
293 2143 410 2173 patrare,
433 2146 493 2173 quae
508 2138 598 2166 Moses
612 2139 703 2166 divina
715 2139 801 2167 frctus
816 2141 916 2169 virtute
933 2143 967 2169 ad

177 2184 288 2212 lsraelis
297 2185 411 2212 salutem
421 2185 537 2220 placato.
548 2191 718 2221 exoratoque
727 2185 843 2215 Numine
855 2189 968 2223 agebat?

1010 920 1122 953 γοῦντος
1135 919 1339 952 ὰντανίσταντο,
1362 920 1410 946 καὶ
1421 919 1460 946 δι’
1475 919 1558 946 αὑτὸν
1576 918 1615 954 τῷ
1635 919 1719 953 κοινῷ
1753 920 1807 945 Δι-

1012 966 1108 1002 σπότῃ,
1119 966 1166 993 καὶ
1181 966 1314 1002 εὐεργέτῃ
1324 974 1408 1001 προσε
1412 967 1427 1001 ρ
1431 965 1573 1001 ῥήγνυντο,
1579 965 1656 1000 κακῷ
1664 964 1769 1000 μείζονι
1776 965 1809 991 τὸ

1010 1012 1121 1039 ἔλαττον
1142 1011 1358 1046 φιλονεικοῦντες
1383 1011 1610 1048 ἀποκρύψασθαι.
1631 1012 1678 1038 Διὸ
1699 1011 1809 1038 καὶτὸν

1010 1060 1120 1095 ὖλεθρον
1137 1058 1331 1094 παραπλήσιον
1341 1058 1395 1085 τῶν
1406 1058 1617 1093 προδεδωκότων
1634 1057 1808 1093 ἀνεδέχοντο,
1855 1054 1859 1057 ’

1010 1107 1058 1133 καὶ
1073 1106 1206 1140 παγγενεὶ
1221 1105 1347 1132 διώλοντο
1361 1105 1393 1132 ἄν
1404 1112 1411 1120 ·
1426 1104 1451 1130 εἰ
1467 1104 1506 1139 μὴ
1517 1103 1562 1130 τοῦ
1583 1103 1705 1136 Μωσέως
1719 1105 1734 1131 ὁ
1763 1102 1811 1135 ἐξ·

1011 1152 1136 1188 ιλασμδς,
1147 1153 1195 1179 καὶ
1208 1152 1225 1187 ἡ
1241 1151 1334 1186 δέησις
1347 1151 1398 1186 τῆν
1412 1149 1527 1186 Θραῦσιν
1539 1149 1664 1185 ἔστησεν.

1047 1220 1078 1247 Εἰ
1106 1220 1134 1246 δέ
1163 1220 1306 1255 γοητικαῖς
1335 1219 1533 1254 μαγγανείαις,
1568 1219 1616 1246 καὶ
1653 1217 1810 1252 θειοδάμοις

1010 1266 1056 1293 τὸν
1089 1266 1139 1300 τῆς
1172 1266 1295 1300 ἀρετῆς,
1325 1266 1372 1292 καὶ
1411 1265 1576 1300 θεογνωσίας
1607 1263 1758 1299 νομοθέτην
1794 1263 1811 1289 ὁ

1011 1311 1240 1348 νομοθετούμενος
1267 1310 1429 1339 ἀνακεῖσθαι
1451 1310 1638 1346 ὑπελάμϐανε,
1672 1310 1721 1336 καὶ
1740 1308 1812 1335 ταύ-

1010 1366 1071 1389 ταις
1086 1357 1299 1394 εἰσπράττεσθαι
1312 1357 1362 1388 τὰς
1377 1357 1514 1392 τιμωρίας
1536 1357 1599 1388 τοὺς
1613 1355 1812 1391 παραλυποῦν-

1011 1412 1060 1435 τας
1080 1401 1137 1438 εἷχε
1151 1404 1291 1438 φρόνημα,
1316 1402 1402 1435 οὕτως
1421 1403 1478 1438 (74)
1494 1403 1539 1432 ἐπὶ
1551 1403 1661 1429 πάντων
1684 1401 1712 1427 δέ
1729 1400 1809 1434 Θεὸνλ

1012 1450 1059 1477 καὶ
1070 1449 1243 1485 Δημιουργὸν
1271 1449 1374 1484 ἐφορᾷν
1398 1448 1432 1475 τὰ
1456 1448 1596 1484 δρώμενα,
1625 1446 1674 1474 καὶ
1699 1446 1814 1481 ἐπέχειν

1011 1495 1066 1522 τῶν
1082 1495 1313 1532 παραπτωμάτων
1327 1494 1530 1530 ἐκκαλούμενον
1543 1501 1549 1508 ·
1576 1494 1593 1528 ἡ
1611 1492 1661 1528 μὲν
1681 1491 1814 1527 ἐξαρχῆς

1013 1541 1116 1576 ἀπορία
1129 1540 1198 1567 κατὰ
1212 1541 1242 1567 τὸ
1255 1540 1345 1576 ῥᾴδιον
1359 1539 1408 1576 τὴν
1420 1539 1496 1566 λύσιν
1512 1539 1569 1574 ἔχει
1581 1548 1588 1554 ·
1617 1538 1668 1565 οὐκ
1680 1537 1815 1565 ἐλάττονα

1015 1587 1044 1614 δὲ
1059 1588 1075 1622 ἠ
1091 1586 1169 1618 λύσις
1185 1586 1268 1621 ἄλλην
1281 1585 1397 1612 ἀτοπίαν
1410 1585 1564 1618 ἀποτίκτει,
1585 1584 1633 1612 καὶ
1646 1584 1676 1610 τὺ
1691 1582 1814 1618 πλῆθος.

1016 1633 1041 1659 εὶ
1057 1634 1115 1663 ταῖς
1126 1631 1215 1664 δόξαις
1229 1631 1341 1663 ταύταις
1355 1631 1475 1658 ἑάλωκεν
1502 1631 1546 1665 ἂν,
1558 1631 1608 1665 οὐχ
1629 1630 1713 1662 ἃπκξ,
1737 1628 1814 1655 ἀλλὰ

1017 1678 1065 1704 καὶ
1079 1676 1211 1708 πολλάκις
1229 1676 1432 1703 ἀπολωλεκέναι
1461 1675 1560 1703 δίκαιοί
1575 1677 1646 1702 εἰσιν
1657 1684 1664 1690 ·
1690 1675 1818 1710 μάλιστά

1017 1731 1048 1757 γε
1056 1722 1111 1749 τῶν
1122 1723 1150 1749 ἐν
1157 1722 1290 1757 Αἰγύπτῳ
1302 1723 1409 1757 γοήτων
1419 1722 1658 1758 καταισχυνθέτων
1666 1721 1716 1756 οὺχ
1724 1720 1816 1754 ἅπαξ.

1017 1768 1086 1796 ἀλλὰ
1100 1768 1148 1795 καὶ
1159 1768 1283 1802 δεκάκις,
1300 1769 1349 1795 καὶ
1373 1769 1424 1804 τῆς
1442 1769 1614 1804 κακουργίας
1640 1767 1734 1795 αὐτῶν
1762 1766 1817 1793 τοῦ

1017 1815 1139 1847 Μωσέως
1154 1814 1429 1850 θαυματουργοῦντος
1446 1816 1486 1846 εἰς
1500 1815 1530 1842 τδ
1543 1814 1736 1850 λαμπρότατον
1769 1812 1820 1846 ἐξ-

1019 1862 1217 1898 εληλεγμένης,
1243 1862 1291 1888 καὶ
1302 1861 1390 1889 ταῦτα
1418 1861 1482 1893 τοὺς
1510 1861 1628 1893 οἰκείους
1651 1859 1820 1895 ὀφθαλμοὺς

1020 1908 1161 1943 μάρτυρας
1197 1907 1316 1943 ἔχοντες,
1347 1907 1536 1943 παραγραφὴν
1569 1907 1600 1933 οὔ
1642 1906 1821 1941 δυναμένους

1018 1953 1100 1989 ἔχειν.
1125 1954 1186 1980 Ἔτι
1201 1953 1229 1980 δέ
1246 1954 1385 1990 τερατείᾳ,
1400 1954 1448 1981 καὶ
1474 1953 1630 1989 μαγγανεία
1647 1953 1690 1984 τίς
1704 1953 1738 1979 ἂν
1752 1952 1819 1979 δια-

1018 2001 1097 2036 τέμοι
1114 2001 1263 2033 θάλασσαν,
1291 2000 1406 2032 καὶτοῖς
1424 2000 1474 2035 μὲν
1505 1999 1639 2034 ὑπηκόοις
1666 1998 1726 2025 ὁδὸν
1745 1998 1820 2034 μηδὲ

1018 2047 1121 2079 νοτίδος
1135 2048 1197 2082 ῐχνη
1216 2048 1355 2081 φέρουσαν
1370 2046 1582 2077 κατασκευάσοι,
1595 2046 1652 2078 τοῖς
1662 2044 1772 2080 ἐχθροῖς
1788 2046 1821 2072 δέ

1017 2094 1103 2128 τάφον
1118 2093 1292 2128 αὐτοσχέδιον
1301 2092 1471 2125 ἀποδείξειεν
1484 2101 1492 2125 ;
1513 2091 1558 2124 Ἐξ
1571 2090 1689 2126 οὐρανοῦ
1706 2090 1736 2117 δὲ
1753 2092 1819 2123 πῶς

1019 2139 1051 2166 ἂν
1068 2139 1171 2174 τροφὴν
1189 2139 1406 2174 παρασκευάσαι,
1427 2138 1475 2165 καὶ
1491 2136 1633 2172 τράπεζαν
1656 2137 1817 2172 ἐτοιμάσοι,

1019 2186 1066 2212 καὶ
1074 2186 1108 2212 τὰ
1115 2185 1193 2219 ἄλλα,
1205 2186 1256 2212 ὅσα
1268 2185 1405 2221 θεουργῶν
1417 2186 1431 2211 ὁ
1441 2184 1545 2219 Μωσῆς
1556 2185 1596 2215 είς
1612 2183 1750 2218 σωτηρίαν
1765 2183 1820 2210 τοῦ

983 2228 1005 2255 ι)
1027 2231 1134 2266 Ἰσραὴλ
1149 2231 1180 2257 τὸ
1192 2232 1269 2258 Θεῖον
1279 2230 1520 2265 ὲξευμενιζόμενός
1535 2238 1575 2262 τε,
1592 2229 1640 2256 καὶ
1654 2229 1823 2263 ἱλεούμενος

225 2318 259 2344 At
275 2316 312 2344 illi
327 2315 436 2351 quidem
467 2323 522 2342 non
542 2315 678 2344 immerita
695 2323 751 2344 suae
768 2316 967 2344 murmuratio-

178 2363 222 2390 nis
234 2370 312 2398 poena
339 2362 445 2389 multati
459 2366 533 2389 sunt.
554 2363 631 2397 Apud
662 2362 781 2397 majores
807 2367 897 2390 autem
919 2370 971 2389 no-

179 2414 250 2437 stros
273 2410 305 2437 de
324 2409 376 2440 his.
403 2417 464 2444 qua:
493 2410 564 2437 dicta
581 2414 655 2441 sunt,
683 2409 746 2444 quia
775 2409 887 2443 quzcstio
917 2416 970 2436 non

178 2457 292 2488 exstitit,
309 2455 369 2483 ideo
383 2463 433 2482 nec
448 2455 548 2483 solutio
566 2455 720 2490 excogitata
740 2455 800 2481 fuit.
817 2455 905 2481 Tuum
920 2462 971 2482 au-

179 2506 234 2530 tem
261 2507 302 2530 est
338 2502 500 2536 expendere,
531 2507 622 2530 utrum
649 2501 707 2528 ha‘c
734 2501 792 2536 ipsa
805 2501 932 2528 enodatio
957 2509 971 2527 a

179 2556 244 2576 vera
256 2549 449 2583 speculatione,
466 2556 501 2576 an
521 2556 536 2575 a
561 2548 727 2583 loquacitate
743 2547 882 2575 silentium
906 2555 970 2574 eru-

180 2595 307 2623 bescente
322 2595 436 2622 oriatur.

200 2684 224 2701 ⁸⁹
242 2683 309 2712 Gen.
327 2691 365 2716 ix,
381 2683 409 2716 Ἰ,
424 2691 458 2711 ex
475 2690 547 2710 vers.
561 2681 643 2714 LXX,
659 2689 721 2709 nam
737 2681 813 2710 deest
826 2682 852 2708 in
869 2680 994 2716 Vulgata.

1022 2275 1211 2311 διεπράττετοι

1065 2321 1145 2348 Ἀλλὰ
1161 2322 1258 2347 ἐκεῖνοι
1273 2321 1323 2357 μὲν
1340 2321 1389 2356 τῆς
1406 2320 1618 2351 ἐπαναστάσεως
1639 2319 1670 2346 οὐ
1683 2320 1823 2355 μεμπτὴν

1021 2366 1072 2402 τὴν
1098 2367 1177 2402 δίκην
1207 2366 1446 2402 εἰσεπράχθησαν·
1463 2366 1517 2393 τῶν
1546 2366 1574 2392 δέ
1587 2365 1640 2400 πρὸ
1662 2365 1755 2400 ἡμῶν,
1774 2366 1822 2392 ὅτι

1024 2413 1093 2448 μηδέ
1106 2413 1271 2448 διηπόρηται
1285 2413 1361 2439 οὐδὲν
1378 2412 1433 2439 τῶν
1457 2411 1622 2447 εἰρημένων,
1640 2410 1695 2437 οὐδ’
1710 2411 1753 2442 είς
1765 2410 1824 2438 λύ-

1024 2468 1066 2486 σιν
1083 2460 1263 2494 ἐπινενόηται.
1279 2459 1328 2485 xw
1339 2459 1360 2485 δ’
1377 2458 1435 2485 ἐστὶ
1447 2458 1572 2494 συνορᾷν,
1584 2457 1639 2483 εἴτε
1654 2465 1824 2492 πραγματι-

1023 2506 1074 2541 κῆς
1089 2507 1161 2532 ἐστιν
1177 2507 1194 2540 ἡ
1209 2505 1286 2537 λύσις
1300 2505 1418 2541 θεωρίας
1440 2504 1532 2540 ἔργον,
1549 2504 1605 2530 εἴτε
1618 2503 1716 2535 λαλιᾶς
1734 2503 1824 2539 σιγᾷν

1024 2551 1233 2586 αἰσχυνομένης.

1028 2682 1050 2698 ⁵⁵
1066 2681 1147 2709 Num.
1169 2688 1225 2708 ut.
1243 2679 1279 2706 22
1290 2681 1316 2706 et
1330 2679 1375 2706 66.

943 2779 1059 2808 NOT/E.

217 2841 275 2877 (75)
290 2839 352 2867 Sive
368 2840 422 2874 εἴη,
442 2840 499 2877 sive
514 2836 557 2877 οἷα
574 2843 732 2874 reponatur,
755 2842 849 2866 nostra
879 2838 963 2865 inter-

182 2875 298 2913 pretatio
309 2880 384 2904 recto
398 2875 479 2903 stabit
497 2875 563 2902 talo.

1055 2839 1111 2875 (74)
1127 2838 1222 2872 Οΰτως
1238 2847 1287 2875 pro
1300 2838 1387 2867 οὓτων
1400 2838 1482 2867 obvia
1498 2837 1653 2866 emendatio
1665 2840 1718 2866 est.
