1882 3075
66 158 110 190 Zi‘l

327 214 496 242 ΕΡΩΤΗΣΙΣ
516 216 574 241 ΛΔ¹.

70 262 110 289 'Er
123 260 161 294 τῷ
171 261 362 295 Εὐαγγελικῷ
368 260 450 294 ῥητῷ
473 261 542 287 τίνα
559 259 607 286 δεῖ
622 260 705 286 νοεῖν
727 258 840 291 παιδία,

94 297 110 324 ἆ
122 296 181 329 τοῖς
194 296 510 329 Ἰουδαίοιςηῦλησαν,
524 296 572 322 καὶ
585 296 640 322 οὐκ
652 295 839 329 (Σιοχήσιιντο,

94 332 273 364 ἐθρήνησαν,
290 332 336 358 καὶ
358 332 414 358 οὐκ
432 331 603 365 ἐκόψαντο;
622 330 677 356 Ίῖιν
698 330 753 364 γὰρ
770 330 844 365 Πρό-

94 367 216 400 δρομον,
247 367 297 393 καὶ
324 366 377 393 τὸν
410 366 515 392 κοινὸν
548 365 705 396 Δεσπότην
723 364 844 400 inuidia

92 399 178 432 γίοεῗν,
190 401 232 436 μὴ
247 402 289 434 τῷ
298 401 398 432 ἀτόπῳ
409 401 625 427 συνδιαλύεται
637 399 685 436 καί
698 399 758 426 τῶν
770 400 844 436 Ἰορ-

92 436 176 462 datur
190 434 222 462 τὸ
240 437 378 471 ἔγκλημα
386 444 396 467 ;
407 435 540 469 Παιδίοις
552 436 606 472 γὰρ
617 434 660 470 μὴ
673 434 846 469 πειθαρχεῖν

91 472 141 505 οὐχ
153 471 332 498 ὑπεύθυνον.
396 504 405 513 .

421 530 493 555 Edita
505 530 536 555 ab
545 532 601 555 Ant.
614 530 709 559 Scotto,
721 530 740 557 Ι,
753 535 786 559 c.,
802 536 826 560 p.
839 528 879 553 66.

95 575 168 602 ’Δλλο
186 574 236 610 μὲν
248 575 283 602 ἄν
298 583 339 606 τις
354 575 407 602 τῶν
423 575 597 611 παραϐολῶν,
615 576 661 602 καὶ
682 575 840 610 ὁμοιώσεων

64 621 104 655 τῆς
119 619 245 655 ἰδιότητος
259 620 306 646 τὸν
319 619 406 646 τύπον
429 620 593 654 φυλάττειν,
611 621 641 647 οὐ
658 620 767 649 πάντως
784 620 842 655 ἐρεῖ

55 666 251 701 -παραδέχεσθαι
266 665 328 692 καθ’
345 666 461 693 ἕκαστον
475 667 594 702 πρᾶγμα
601 667 647 693 τὸν
656 667 841 702 ἑπιμερισμδν

64 711 109 738 τῶν
122 712 270 746 ὀνομάτων.
291 711 359 739 οὐδὲ
373 711 516 747 βιάζεσθαι
526 713 559 740 τὰ
571 713 707 749 πρόσωπα
717 714 772 740 τῶν
785 722 840 740 πα-

66 757 267 792 ραϐαλλομένων,
282 759 330 784 καὶ
344 754 384 789 οἷς
400 757 617 793 παραϐάλλεται,
633 758 704 785 κατὰ
718 757 749 785 τὺ
765 759 839 785 ἀπα-

66 803 186 837 ράληπτον
197 803 263 838 περὶ
287 803 357 829 πόδα
371 804 470 835 ποιεῖν,
483 803 531 830 καὶ
543 803 572 829 τὸ
601 804 653 838 τῆς
680 803 846 844 ὁμοιότητος,

64 847 190 879 διασώζειν
207 849 422 883 ἀπαράλλακτον
434 857 441 865 ⁸
452 848 515 875 οὔτε
532 849 585 884 μὴν
598 849 648 884 τὴν
663 849 747 885 ἀλλην
760 850 838 883 τάξιν

64 894 109 920 τῶν
123 894 261 929 ῥημάτων,
277 895 326 921 καὶ
350 894 404 920 τῶν
430 883 603 930 πραγμάτων
626 883 762 930 ἑκατέρας
780 896 841 923 δια·
857 883 877 911 Β

63 939 125 972 νοίας
136 940 224 973 ζητεῖν
240 940 400 975 ἀδιάφορον.
413 940 508 976 Μηδὲν
525 940 554 967 δὲ
575 941 644 976 μήτε
660 941 695 968 τά
712 941 780 976 πρὸς
791 942 840 977 τὴν

64 986 205 1021 παραϐολὴν
221 986 400 1021 είκαζόμενα,
423 987 492 1022 μήτε
515 987 564 1022 τῆς
578 987 736 1022 παραϐολῆς
754 987 841 1022 μηδα-

65 1030 114 1065 μῶς
125 1030 181 1057 ὅλον
204 1030 289 1065 μέρος
315 1032 477 1066 παραχωρεῖ
501 1031 770 1067 προσλαμβάνεσθαι,
793 1034 841 1059 καὶ

65 1076 111 1111 (75}
124 1077 209 1103 συνδεῖ
217 1077 287 1112 πρὸς
296 1077 399 1113 ἄλληλα
407 1077 505 1110 ταῦτα,
519 1078 566 1104 καὶ
581 1078 649 1114 πρὸς
663 1078 840 1114 λεπτολογίαν

64 1122 162 1150 ἕκαστον
174 1124 283 1159 ἑκάστῳ
298 1123 515 1151 ἀνταποδίδοται.

98 1250 123 1277 '0
138 1251 184 1286 μὲν
197 1251 252 1287 γὰρ
268 1252 320 1287 τῆς
335 1252 456 1288 ἱστορίας
467 1252 556 1287 λόγος,
573 1254 622 1280 καὶ
637 1254 684 1281 τοῦ
703 1255 841 1291 διηγήμα-

65 1304 110 1328 τος,
125 1297 222 1333 καίπερ
246 1298 278 1324 ὃν
296 1299 312 1333 ή
335 1298 469 1334 ἐκφρασις
490 1300 669 1334 ἀναφέρεται,
694 1299 772 1334 οὗτος
792 1303 839 1329 καὶ

66 1342 108 1369 ¹τῶν
121 1344 249 1378 ῥημάτων
267 1343 319 1379 τὴν
337 1344 411 1371 θέσιν
433 1345 502 1380 πρὸς
529 1346 645 1373 ἕκαστον
673 1347 758 1382 ὄνομα
785 1348 840 1375 τῶν

66 1387 235 1422 ὑποκειμένων
271 1389 488 1424 ὲναρμόττεσθαι
524 1390 769 1427 πολυπραγμονετ·
793 1394 840 1420 καὶ

65 1434 127 1460 οὐδὲν
143 1434 203 1461 οὗτε
225 1435 480 1470 συνεπινοούμενον,
506 1436 568 1463 οὔτε
595 1438 838 1473 παρεντιθέμενον,

65 1479 148 1514 ἄριστα
171 1480 271 1514 λέγειν,
297 1480 423 1516 ἀνέχεται
451 1473 662 1510 ὑποϐάλλεσδαι.
683 1483 712 1510 ’0
733 1483 762 1510 δὲ
790 1485 840 1518 τῆς

66 1526 220 1561 παραϐολῆς,
240 1527 290 1553 καὶ
309 1526 465 1562 ὁμοιώσεως
478 1528 526 1555 οὐκ
548 1528 636 1555 ἐθέλει
653 1529 791 1556 δουλεύειν
809 1529 839 1563 ἐξ

66 1571 171 1606 ἀνάγκης
182 1574 238 1605 τοῖς
255 1573 350 1604 αὐτοῖς
372 1573 484 1608 Θεσμοῖς
497 1594 504 1606 ,
525 1574 580 1601 οὐδ’
597 1575 758 1603 ὑπόκεισθαι
784 1577 839 1607 τοῖς

67 1617 272 1652 παραγγέλμασι.
304 1618 401 1650 Διατί;
417 1618 488 1645 Διότι
506 1620 522 1652 ἡ
542 1619 591 1653 μὲν
614 1620 728 1655 ἱστορία,
745 1619 793 1647 καὶ
807 1620 842 1647 τὰ

68 1662 239 1698 παραπλήσια,
260 1663 310 1690 καὶ
328 1663 358 1689 τὸ
369 1663 502 1699 διήγημα,
518 1664 573 1690 τῶν
588 1665 778 1700 ἀγνοουμένων
793 1665 841 1692 ἐκ·

67 1707 170 1735 διδάσκει
180 1709 228 1750 τὴν
247 1709 378 1744 μάθησιν,
394 1709 442 1736 καὶ
463 1709 513 1744 τὴν
534 1709 620 1744 ἀρχὴν
642 1710 691 1744 τῆς
713 1709 842 1743 γνώσεως

68 1755 112 1786 τοῖς
126 1755 271 1790 ἀκροαταῖς
286 1755 475 1790 παρεχόμενα,
495 1755 567 1782 κατὰ
594 1755 624 1782 τὸ
645 1755 842 1791 ἀκριϐέστατον

68 1800 204 1827 ἁπαιτεῖται
219 1802 269 1832 τὰς
285 1801 377 1835 φωνὰς
397 1801 452 1828 τῶν
468 1801 640 1836 πραγμάτων
658 1801 840 1836 περιάπτειν⁸

69 1849 182 1875 κα.οὺδὲν
195 1848 258 1875 οὗτε
271 1848 349 1884 ῥῆμα
365 1848 403 1884 μὴ
422 1847 482 1875 λίαν
496 1848 619 1884 συνᾷδον,
637 1847 699 1874 οὔτε
725 1848 841 1883 πρᾶγμα

68 1893 110 1920 τῶν
122 1894 323 1929 ἁσυναρτήτων,
338 1893 400 1920 οὔτε
412 1893 571 1928 βιαζόμενον
584 1893 633 1928 τὴν
644 1893 737 1928 νόησιν
752 1902 841 1929 παρα-

68 1938 177 1973 δέχεται·
200 1940 345 1974 ἀναίρεσις
381 1939 436 1974 γὰρ
464 1938 551 1965 ταῦτα
584 1941 634 1974 τῆς
661 1939 842 1973 προτεθείσης

69 1983 213 2018 ὑποθέσεως,
229 1985 281 2011 καὶ
296 1984 483 2017 διδασκαλίας,
497 1984 593 2011 ἀλλὀὐ
609 1985 768 2019 κατασκευὴ
783 1984 841 2011 δια-

69 2029 187 2062 γνώσεως.
210 2031 244 2058 Ἦ
256 2031 287 2057 δὲ
300 2031 452 2066 παραϐολὴ,
466 2031 513 2057 καὶ
527 2030 657 2066 ὁμοίωσις
670 2029 778 2065 πρῶτον
790 2030 841 2065 μὲν

69 2075 143 2109 ᾶῆλον,
156 2077 191 2108 ὡς
203 2078 234 2103 ὲκ
249 2076 486 2112 προεγνωσμένων
504 2077 676 2112 πραγμάτων
694 2075 842 2111 παραλαμ-

69 2119 172 2154 ﬁve-rat,
185 2123 231 2148 καὶ
246 2121 419 2157 παραϐαλεῖν
437 2121 612 2157 ἀμωσγέπως
629 2121 664 2147 τὰ
680 2121 841 2155 ἐγνωσμένα

69 2167 113 2197 τοῖς
126 2167 377 2202 παρασκευάζουσιν
389 2168 459 2195 αὐτὰ
472 2169 647 2203 προαιρεῖται
660 2167 839 2202 πιθανότερα·

70 2212 108 2237 καὶ
119 2213 212 2245 σκοπὸς
226 2214 278 2240 οὐκ
294 2213 367 2240 ἐστιν
384 2214 462 2245 ἄλλος
476 2214 684 2250 προηγούμενος
699 2216 755 2246 τοῖς
768 2223 841 2249 χρω-
857 2227 879 2254 D

71 2260 147 2292 μένοις
166 2261 199 2296 τῇ
217 2260 324 2296 μεθόδῳ
347 2261 444 2297 ταύτῃ,
463 2261 480 2296 ἢ
499 2261 588 2287 πειθὼ
609 2262 760 2296 παρασχεῖν
781 2262 842 2293 ταῖς

70 2303 163 2340 ψυχαῖς,
179 2307 225 2332 καὶ
242 2306 312 2341 πρὸς
331 2306 530 2339 συγκατάθεσιν
549 2307 627 2340 ἄγειν
643 2307 689 2333 τὸν
702 2307 841 2342 ἀκροατὴν

71 2349 100 2380 ὡς
114 2352 242 2387 σωτηρίας
258 2353 390 2388 πρόξενον
405 2352 576 2384 ἀσπάζεσθαι
594 2352 643 2388 τὴν
659 2353 820 2388 παραίνεσιν
834 2360 840 2368 ·

72 2395 121 2428 ῆτό
135 2405 163 2430 γε
182 2399 392 2433 προτεινόμενον
409 2399 501 2430 ἁπλῶς
516 2399 554 2430 ὡς
570 2398 718 2433 συμφέρον,
733 2399 754 2433 ἢ·
767 2398 843 2425 δυναο

73 2440 108 2466 τὸν
121 2443 307 2480 ἀποδέχεσθαι.
325 2446 409 2472 Ἐπὰν
421 2445 449 2472 δὲ
462 2446 503 2477 εἰς
511 2445 590 2472 τοῦτο
601 2445 656 2471 τῶν
668 2445 840 2479 παραϐολῶν,

75 2487 111 2513 καὶ
126 2490 276 2523 ἐμοιώσεων
288 2492 305 2526 ἡ
319 2491 398 2526 χρεία
412 2490 451 2526 τῷ
470 2491 542 2526 λόγῳ
561 2491 778 2526 κατεσκευάσθη,
793 2491 843 2526 τὴν

75 2531 242 2570 λεπτολογίαν,
273 2537 320 2563 καὶ
341 2537 386 2563 τὸν
411 2537 473 2564 καθ’
491 2537 605 2563 ἕκαστον
628 2536 761 2572 ἑκατέρας
786 2537 844 2562 δια‹

77 2579 137 2611 νηίπις
150 2581 339 2617 ὲπιμερισμδν,
356 2583 462 2614 καὶτὰς
476 2582 547 2609 κατὰ
567 2581 664 2608 λεπτὸν
684 2581 842 2615 συναφείας,

78 2625 116 2650 καὶ
127 2627 312 2660 ἀνταποδόσεις
331 2628 348 2663 ἢ
362 2628 477 2664 δευτέρᾳ
498 2628 628 2664 φροντίδιν
646 2627 663 2662 ἦ
681 2627 794 2662 οὐδεμιᾷ
811 2635 843 2661 Υε

78 2673 283 2707 παραπέμπεται.

109 2773 128 2788 ⁸⁸
142 2773 230 2803 Matth.
246 2785 284 2809 ιιι,
301 2777 344 2803 Π.

515 158 566 188 AD
583 157 880 188 AMPHILOCHIUM
892 156 1066 194 QUAESTIO
1084 158 1216 191 XXXIV.

859 218 882 245 Α

1637 161 1688 191 Ξ38

1020 213 1183 247 Quazsrto
1206 213 1317 242 xxxw
1344 215 1392 252 [αί.
1413 216 1546 253 xxxm].

899 258 931 285 In
963 259 1011 299 illo
1046 259 1186 299 Euangelii
1217 261 1273 299 loco
1304 263 1410 296 quinam
1435 263 1598 299 intelligendi
1628 266 1690 288 sunt

933 295 1022 328 pueri.
1039 295 1083 328 qui
1097 293 1199 322 Jitdreis
1218 293 1376 329 cecinerunt,
1391 303 1414 324 et
1430 298 1471 324 illi
1483 293 1533 324 ηοῆ
1545 297 1688 326 saltat-unt.

933 330 1154 366 Larnenlaverunl,
1172 335 1195 356 et
1212 331 1322 366 illium;
1336 334 1495 366 planxerunt
1504 333 1545 358 “5?
1566 332 1688 366 Profecto

932 365 1140 392 Prwcursorem.
1156 373 1186 391 ac
1209 365 1241 391 ι).
1259 365 1294 392 Ν.
1313 365 1454 400 puerorum
1472 368 1575 394 nomine
1590 365 1689 393 intelli-

933 408 1004 436 gere,
1025 400 1266 436 nonneloculiouis
1281 401 1445 428 absurditate
1466 402 1569 436 culpam
1587 409 1689 436 quoque

933 435 1088 462 Judaaorum
1102 435 1201 472 diluit?
1218 435 1309 472 Pueris
1324 437 1393 463 enim
1405 445 1455 463 non
1475 435 1579 472 obsequi
1592 435 1689 471 nequa-

934 478 1011 504 quam
1025 470 1178 504 reprehendi
1193 470 1275 498 debet.

897 529 926 554 in
940 528 1027 553 Matth.
1043 535 1075 558 tu,
1088 528 1132 558 t7;
1146 529 1264 560 Luc.‘vu,
1274 530 1312 555 ΒΞ.

931 572 1067 600 Nimirum
1094 573 1223 601 fatebitur
1247 575 1395 610 quispiam,
1422 575 1494 610 quod
1511 575 1602 610 aliqua
1624 583 1688 610 pars

895 619 1097 654 parabolarum,
1121 623 1149 647 et
1171 620 1382 649 similitudinum
1395 626 1488 657 typum
1508 622 1625 656 propriae
1637 629 1687 657 ap-

895 666 1051 701 plicationis
1067 670 1167 698 servet,
1185 674 1240 694 non
1269 667 1342 702 quod
1364 667 1416 694 illa).
1433 669 1460 694 in
1478 667 1606 694 omnibus
1629 674 1689 695 om~

895 711 959 738 nino
975 710 1056 738 rebus
1072 711 1183 738 nomina
1206 711 1363 739 nominibus
1381 711 1573 746 respondentia
1599 711 1687 739 conti-

891 760 994 789 nteant;
1019 763 1069 784 nec
1089 757 1161 792 qllOd
1176 764 1308 792 personae,
1337 764 1398 792 quae
1421 761 1625 792 comparantur,
1660 761 1687 784 et

890 809 945 834 eae,
962 809 1024 829 cum
1054 802 1155 837 quibus
1174 807 1378 838 comparantur,
1403 803 1472 830 adeo
1493 803 1686 838 detorquendte

892 848 958 881 sint,
989 853 1029 880 ut,
1059 848 1086 875 in
1107 856 1162 883 quo
1182 855 1237 875 non
1264 848 1416 876 instituitur
1435 849 1613 883 comparatio,
1651 848 1693 875 ad-

893 902 1010 930 unguem
1051 899 1217 930 congruant,
1246 899 1274 921 et
1305 895 1510 923 similitudinem
1545 902 1685 929 nunquam

891 940 1075 975 perturbatam
1092 940 1247 967 custodiant
1269 948 1343 968 :nec
1364 939 1437 975 quod
1463 940 1565 974 reliqua
1586 940 1685 967 verbo-

890 993 951 1013 rum
973 991 1000 1013 et
1026 993 1118 1013 rerum
1133 993 1197 1020 pars
1212 985 1239 1013 iu
1255 986 1384 1012 alterutra
1404 985 1513 1012 notione
1538 985 1622 1020 quaeri
1640 985 1685 1013 de-

891 1028 953 1056 beat
964 1028 1127 1058 conformis.
1158 1028 1245 1056 Porro
1269 1029 1336 1056 nihil
1351 1036 1470 1063 unquam
1487 1029 1592 1064 copiam
1616 1037 1684 1064 pra:-

891 1075 936 1102 bet
952 1074 1104 1109 appiicandi
1134 1079 1182 1102 aut
1197 1082 1241 1102 res
1258 1082 1318 1109 quae
1339 1082 1401 1102 cum
1428 1074 1556 1109 parabola
1588 1074 1683 1102 confe-

891 1124 1000 1153 runtur,
1031 1124 1078 1147 aut
1101 1127 1209 1148 omnem
1225 1128 1338 1155 prorsus
1354 1121 1490 1155 parabolae
1515 1124 1640 1155 partem;
1656 1125 1684 1148 et

891 1166 957 1194 nihil
975 1166 1027 1194 ista
1046 1166 1162 1194 invicem
1180 1166 1317 1199 conciliat,
1331 1171 1358 1193 et
1369 1166 1447 1201 jubet
1456 1174 1543 1202 usque
1553 1166 1587 1194 ad
1603 1166 1683 1194 mini-

891 1220 966 1239 mum
983 1212 1099 1239 alterum
1113 1212 1190 1239 alteri
1207 1213 1383 1247 respondere.

927 1257 1052 1285 Historiae
1062 1257 1146 1291 enim,
1162 1262 1188 1285 et
1203 1258 1368 1286 narrationis
1387 1265 1489 1291 sermo,
1510 1258 1533 1286 is
1562 1265 1681 1293 quoque,-

890 1303 937 1338 qui
954 1303 1015 1330 viva
1042 1310 1108 1330 voce
1127 1303 1282 1334 coniicitur,
1304 1308 1427 1339 satagere
1446 1304 1536 1336 debet,
1555 1308 1585 1331 ut
1599 1304 1682 1331 verba

890 1354 1073 1385 apponantur,
1101 1357 1162 1384 quae
1175 1357 1238 1376 cum
1257 1350 1373 1385 singulis
1392 1349 1578 1384 subiectorum
1595 1350 1669 1378 nom:

890 1396 971 1424 uibus
983 1395 1137 1423 cohaereant
1149 1404 1156 1428 ;
1173 1403 1235 1427 nec,
1249 1403 1304 1430 quo
1323 1395 1444 1423 numeris
1456 1395 1582 1422 omnibus
1593 1395 1683 1422 absol—

890 1447 968 1470 vatur
980 1441 1078 1473 oratio,
1095 1441 1206 1476 patitur,
1220 1441 1403 1476 utiquidpiam
1417 1441 1458 1468 vel
1469 1441 1683 1469 simulanimad-

890 1495 1011 1519 versum,
1036 1487 1077 1514 vel
1090 1486 1364 1514 obiterinterscrtum
1381 1487 1521 1520 subrepat.
1543 1486 1683 1514 Parabolas

891 1537 993 1566 autem,
1029 1541 1062 1561 ac
1088 1533 1274 1561 similitudinis
1306 1533 1424 1561 elocutio
1456 1532 1553 1560 iisdem
1578 1533 1687 1568 legibus

893 1579 1204 1611 necessarioinservire,
1223 1580 1420 1614 praeceptisque
1437 1578 1535 1614 subjici
1555 1586 1609 1606 non
1636 1586 1683 1613 pa-

893 1626 971 1653 titur.
992 1625 1063 1658 Quid
1093 1625 1150 1652 ita?
1166 1624 1236 1657 Quia
1259 1624 1373 1652 historia
1393 1623 1513 1659 quidem,
1536 1627 1563 1651 et
1586 1629 1683 1651 caetera

893 1668 1062 1704 hujusmodi,
1075 1668 1188 1703 ipsaque
1201 1667 1339 1696 enarratio
1357 1667 1480 1696 notitiam
1501 1674 1592 1694 rerum
1607 1667 1684 1702 igne--

891 1720 993 1747 tarum,
1027 1715 1235 1750 impertiuntur,
1260 1719 1285 1742 et
1327 1715 1489 1750 cognitionis
1519 1713 1683 1749 principium

892 1761 1067 1789 audientibus
1093 1761 1226 1793 tradunt;
1256 1760 1358 1788 idcirco
1382 1760 1522 1795 postulant
1536 1767 1617 1794 quam
1637 1768 1683 1787 ac-

892 1806 1067 1834 curatissime
1089 1814 1171 1833 voccs
1182 1813 1244 1833 cum
1261 1805 1344 1833 rebus
1361 1805 1485 1833 connecti
1500 1813 1507 1837 ;
1525 1805 1684 1839 nullumque.

894 1856 942 1879 aut
953 1852 1065 1879 verbum
1082 1852 1174 1879 minus
1187 1859 1349 1882 consonum,
1362 1855 1410 1878 aut
1424 1851 1526 1878 factum
1540 1858 1681 1885 perperam

892 1898 1066 1932 dispositum,
1087 1897 1128 1924 vel
1146 1897 1283 1924 intellectu
1305 1896 1413 1924 diﬂicile
1439 1895 1586 1923 admittunt
1603 1904 1608 1922 :
1626 1896 1684 1922 hinc

892 1942 964 1969 enim
978 1941 1070 1973 liuent,
1085 1941 1322 1975 eruziitionemquc
1339 1939 1391 1967 sibi
1418 1940 1584 1974 propositam
1606 1947 1684 1966 ever-

892 1990 990 2016 terent,
1004 1993 1094 2012 rerum
1111 1990 1200 2012 autem
1219 1985 1345 2012 notitiam
1373 1992 1427 2011 non
1443 1984 1601 2018 prmberent.
1632 1983 1684 2011 Pa-

892 2031 985 2058 rabola
1009 2035 1111 2063 autem,
1127 2035 1153 2057 et
1177 2030 1327 2058 similitudo
1348 2030 1467 2064 primum
1484 2029 1593 2064 quidem
1624 2037 1684 2062 per—

893 2078 1016 2112 spicuqu
1031 2081 1083 2109 est,
1098 2076 1169 2111 quod
1185 2084 1200 2103 e
1219 2076 1300 2103 rebus
1313 2075 1368 2110 jam
1381 2075 1528 2110 compertis
1542 2083 1685 2103 assuman-

894 2127 949 2156 tur,
964 2126 991 2149 et
1010 2121 1092 2156 quod,
1107 2120 1153 2155 qui
1168 2120 1242 2154 ipsas
1261 2120 1392 2151 condunt,
1409 2127 1453 2146 res
1472 2126 1581 2154 quoquo
1604 2118 1688 2145 modo

893 2170 1060 2203 perspectas,
1088 2169 1183 2200 utpote
1207 2164 1377 2199 persuasioni
1397 2163 1608 2198 opportuniores
1625 2171 1685 2189 ma-

893 2215 942 2241 lint
970 2213 1093 2247 eligere:
1122 2215 1149 2239 et
1170 2210 1255 2246 quod,
1283 2210 1329 2245 qui
1351 2210 1397 2237 tali
1429 2209 1557 2244 loquendi
1587 2216 1684 2244 genere

897 2263 1020 2291 uttmtur,
1048 2257 1151 2284 nullum
1185 2257 1268 2283 alium
1297 2262 1409 2290 scopum
1433 2255 1484 2282 sibi
1505 2254 1682 2287 constituant,

896 2309 976 2337 quam
997 2301 1100 2336 aliquid
1118 2300 1218 2337 animis
1234 2299 1396 2334 persuadere
1422 2303 1504 2333 atque
1529 2298 1682 2325 auditorem

896 2336 922 2376 in
940 2354 1083 2375 assensum
1103 2336 1243 2377 inducere,
1270 2350 1300 2372 ut
1329 2345 1475 2371 salutarem
1504 2343 1684 2378 amplectatur

896 2393 1121 2424 cobortationem,
1142 2396 1188 2419 aut
1210 2392 1246 2425 id,
1271 2391 1343 2426 quod
1361 2391 1529 2425 propositum
1551 2393 1604 2420 est,
1618 2390 1683 2415 sim-

896 2439 1003 2475 pliciter
1016 2443 1145 2473 tanquam
1170 2437 1247 2469 mile,
1277 2436 1318 2463 vel
1342 2435 1470 2470 possibile
1499 2434 1681 2469 aggrediatur.

896 2486 1030 2519 Quoniam
1045 2491 1109 2511 vero
1130 2483 1317 2518 parabolarum
1331 2489 1363 2508 ac
1377 2480 1587 2508 similitudinum
1616 2487 1684 2507 usus

896 2533 967 2559 hanc
985 2531 1020 2558 ob
1037 2537 1147 2557 causam
1174 2529 1199 2555 in
1218 2535 1370 2555 sermonem
1391 2527 1510 2553 invectus
1538 2530 1588 2556 εει,
1604 2533 1684 2559 ιιι-ειισ

899 2578 970 2604 tulas
996 2574 1256 2605 animadversiones,
1280 2578 1307 2600 et
1333 2572 1499 2607 singularum
1525 2571 1683 2598 alterutrius

898 2622 1017 2650 notionis
1031 2621 1147 2655 partium
1162 2619 1392 2649 distributionem,
1406 2625 1510 2644 necnon
1526 2621 1553 2644 et
1567 2617 1685 2646 minutas

900 2666 1096 2702 applicationcs
1116 2669 1280 2699 mutuasque
1305 2663 1461 2697 relationes,
1485 2667 1533 2690 aut
1552 2662 1685 2690 secunda.

900 2718 947 2741 aut
967 2713 1038 2740 nulla
1051 2719 1116 2740 cura
1129 2714 1315 2746 persequetur.

814 2820 928 2848 ΝΟΤᾸΕ.

112 2866 160 2901 (75)
176 2868 210 2895 Μ
226 2871 380 2905 potbrcvcm
396 2872 521 2898 lacunam
552 2869 713 2904 explendam
745 2868 839 2895 σύνδεσ

928 2874 961 2893 uc
979 2865 1075 2900 tujcci-
