1882 3075
151 145 206 177 239

186 201 275 236 Atque
293 199 318 227 id
337 207 391 228 non
420 199 446 226 in
463 198 566 227 nostris
577 198 776 227 'tantummodo
788 199 876 228 sacris
891 199 944 226 Lit-
961 201 986 229 Α

152 247 229 278 teris,
245 247 291 274 sed
312 247 338 273 in
351 246 465 281 reliquis
496 245 589 277 etiam,
617 245 718 280 quibus
733 245 867 279 divinum,
895 253 947 280 pu-

155 301 272 327 rumque
286 292 425 328 religionis
450 297 557 327 septum
587 292 772 324 concluditur,
810 293 948 320 invenitur

156 339 302 366 identidem
331 338 484 365 factitatum
508 348 514 365 :
535 338 635 373 quippe
654 338 714 365 talis
733 338 858 373 loquendi
877 339 947 366 ratio

155 384 269 410 multum
291 385 431 418 sapientia;
448 391 539 410 secum
561 383 621 411 fert.
639 385 723 418 igitur
745 384 819 410 nulla
836 384 877 411 lex
903 391 950 411 c0-

155 430 202 463 git,
216 434 245 456 ut
265 430 382 456 deliuitis
411 437 557 464 puerorum
574 430 708 464 personis,
744 437 836 457 earum
867 429 948 457 etiam

156 476 320 511 peculiarem
332 476 365 502 ad
378 475 447 503 alios
459 476 582 503 bomiues
591 476 747 503 relationem
757 476 928 510 inquiramus
941 485 948 503 :

157 520 300 548 sufficiunt
314 521 387 547 enim
414 529 445 548 ea
462 529 582 556 quoque,
598 530 659 556 qua:
686 522 888 549 indelinitarum
902 529 950 549 or-

157 566 248 594 dinem
273 566 427 601 designant,
447 568 480 593 ad
495 567 632 601 paraboltc
657 567 737 594 ﬁnem
759 567 948 595 obtinendum.

205 611 311 645 Scopas
328 611 418 646 itaque
443 611 591 639 Dominicte
605 612 750 647 parabolae,
762 619 794 640 ac
823 612 952 640 similitu-

159 657 232 685 dinis
253 658 398 684 admodum
425 659 587 692 perspicuus
608 664 649 685 est
672 665 754 694 atque
770 658 951 691 manifestus,

159 703 230 738 quod
252 702 404 730 Judazorum
418 708 525 737 gentem
549 704 654 736 innuat,
678 711 739 739 qua:
761 712 851 739 neque
866 704 953 732 voluit

157 757 207 784 per
226 757 270 776 res
291 749 458 777 hilaritatem
495 750 657 783 excitantes,
686 751 792 778 scilicet
813 758 859 786 per
874 758 953 778 com-

159 803 270 822 munem
288 796 455 830 minimeque
479 804 599 823 severam
628 797 734 824 vivendi
759 797 893 825 rationem
909 798 954 833 (li-

159 846 201 868 cet
216 841 394 869 similitudine.
405 842 466 869 vitae
481 842 553 869 allici
572 850 604 870 ac
617 842 686 870 ﬂecti
712 844 891 878 oportuisset)
905 844 929 871 id
944 864 952 878 ,

159 887 233 920 quod
248 887 418 922 expediebat,
433 888 571 923 suscipere
584 897 591 916 :
608 896 697 924 neque
716 891 764 924 per
783 890 867 916 vitam
876 897 953 918 com-

159 932 249 959 modis
269 932 394 967 pluribus
408 938 557 964 carentem.
574 942 606 961 ac
622 934 737 968 rigidam
754 935 876 970 (tametsi
902 935 955 963 hoc

160 979 235 1012 ipsos
248 985 357 1014 quoque
369 979 551 1014 religiosiores
569 980 695 1009 homines
710 989 819 1009 movere
843 981 955 1009 debuis-

160 1024 212 1058 set)
234 1024 273 1056 id,
304 1025 376 1059 quod
411 1033 466 1052 suat
489 1026 660 1061 repugnabat
679 1027 815 1062 opinioni,
843 1028 955 1063 exsequi

160 1070 243 1104 coepit
261 1079 268 1096 :
284 1075 313 1097 at
332 1071 404 1105 quod
419 1072 516 1098 horum
544 1078 643 1100 neutro
668 1073 700 1100 ad
715 1074 837 1101 animant
853 1079 957 1109 proter-

160 1122 224 1142 vum
242 1119 268 1143 et
290 1116 415 1152 religioni
437 1122 626 1145 contumacem
651 1118 851 1154 deponendum,
874 1128 957 1148 excu-

161 1161 340 1196 tiendumque
356 1163 472 1191 adducta
487 1164 533 1191 sit.
562 1165 652 1199 Atque
673 1172 737 1192 vero
766 1165 861 1192 eadem
876 1173 957 1200 para-

160 1207 221 1234 bola
234 1209 438 1242 persuasionem
455 1216 517 1236 eum
531 1209 717 1244 increpatione
732 1211 862 1243 contexit,
884 1211 956 1245 quod

161 1252 488 1286 populus‘Judaicusuun
507 1255 612 1290 agendo
626 1255 825 1290 pmniteutiam,
849 1264 958 1284 omnem

163 1299 214 1326 sibi
227 1301 428 1328 excusationem
445 1302 608 1336 veniamque
621 1302 789 1335 praecideret.

968 882 989 909 Β

201 1345 337 1373 Parabola
353 1353 416 1372 vero
445 1346 480 1373 ab
509 1346 554 1378 iis,
588 1347 634 1381 qui
657 1347 693 1374 ita
718 1353 958 1381 commentantur,

164 1391 290 1421 nomina.
317 1396 346 1418 et
361 1399 414 1424 res,
431 1399 493 1427 quae
514 1392 615 1420 nullius
632 1393 816 1426 necessitatis,
837 1395 961 1422 admoiii-

165 1437 282 1464 Iionisve
306 1437 436 1465 salutaris
474 1445 555 1472 sunt,
587 1440 695 1466 curiose
725 1440 882 1476 investigari
906 1449 961 1468 non

165 1488 253 1510 curat.
267 1482 383 1516 Quinam
393 1484 464 1511 enim
478 1491 552 1516 sunt,
569 1485 615 1520 qui
641 1491 735 1513 aestum
749 1486 802 1513 dici
819 1488 962 1522 noctisque

167 1526 281 1560 glaciem
298 1527 325 1553 in
341 1528 427 1555 sacris
453 1528 594 1557 laboribus
608 1530 731 1558 animose
748 1531 913 1559 invenerunt
927 1532 959 1559 ἐι
976 1549 998 1578 c

166 1575 194 1597 rt
221 1570 249 1598 in
268 1571 336 1598 alios
352 1576 413 1606 post
429 1580 464 1606 se,
484 1573 517 1600 ad
531 1573 645 1600 similem
660 1574 782 1602 laborem
800 1576 960 1609 conductos,

168 1617 215 1651 qui
248 1625 342 1652 parem
372 1619 527 1646 mercedem
560 1624 731 1654 acceperant,
781 1621 901 1648 invidum
937 1626 964 1648 et

168 1670 286 1698 nequam
301 1664 410 1691 oculum
422 1664 598 1700 conjecerunt
610 1675 620 1691 ι
629 1666 664 1692 ⁸⁷2
677 1665 745 1700 Quis
759 1671 848 1694 autem
860 1671 902 1696 est
917 1668 962 1695 ille

173 1709 499 1745 rjudexiniquitatis,qui
515 1710 599 1740 Deum
616 1719 670 1738 non
690 1712 812 1744 timebat,
827 1717 854 1739 et
869 1713 960 1740 homio

171 1762 233 1781 nem
246 1762 298 1782 non
315 1756 491 1783 reverebatur
506 1756 544 1788 ¹⁸;
557 1764 589 1784 ac
600 1757 698 1784 deinde
705 1757 783 1784 vidua
795 1757 965 1786 declamante

169 1807 298 1828 vesanam
314 1802 469 1836 superbiam
487 1802 514 1832 in
536 1802 750 1829 misericordiam
770 1803 906 1830 convertit
921 1804 965 1831 "?

169 1846 295 1874 Profecto
317 1847 413 1875 borum
427 1848 587 1875 alterutrum
615 1856 649 1876 ne
663 1856 710 1883 per
719 1849 834 1876 multum
855 1849 964 1884 quidem

171 1895 372 1923 aberratiouem
408 1904 423 1923 a
451 1897 604 1932 proposito,
638 1902 720 1933 atque
764 1897 964 1933 nugacitatem,

171 1942 252 1970 alicui
291 1943 423 1978 peculiari
459 1951 582 1978 personae
610 1951 721 1978 quoquo
750 1944 831 1970 modo
874 1948 966 1978 posset

172 1989 270 2024 aptari.

204 2038 262 2066 Jam
290 2048 355 2066 vero
373 2040 426 2068 illae
448 2041 592 2076 (virgines,
613 2048 728 2075 quarum
746 2041 868 2076 quinque
888 2045 968 2069 erant

172 2085 262 2118 fatuat,
282 2090 308 2113 et
329 2087 450 2121 quinque
480 2087 627 2122 prudentes
642 2087 665 2102 θ⁰
682 2096 706 2119 ,ι
729 2087 873 2122 cujusnam
899 2088 967 2115 deli-

172 2133 236 2160 nitaa
253 2140 376 2167 persoute
393 2133 538 2169 imaginem
556 2133 697 2160 referent?
726 2133 847 2168 Tempus
862 2139 966 2167 autem,

172 2186 228 2213 quo
254 2178 297 2206 hae
314 2179 424 2213 quidem
450 2175 632 2212 intraverunt,
660 2179 713 2206 illa:
735 2187 799 2206 vero
820 2187 834 2206 ιι
858 2179 966 2214 Sponso

172 2225 290 2253 exclusa;
309 2231 374 2253 Sunt
403 2226 425 2241 “
439 2247 446 2259 ,
466 2226 603 2262 quodnam
629 2233 691 2253 esse
714 2225 832 2261 poterit?
860 2226 965 2253 Etenim

173 2272 328 2299 communis
344 2272 441 2306 judicii
457 2277 564 2308 tempus
581 2272 702 2300 nondum
728 2272 811 2299 venit.
835 2272 926 2307 Atque
941 2273 969 2299 in

173 2317 266 2345 multis
279 2317 340 2344 aliis
357 2318 379 2345 si
398 2318 460 2352 quis
477 2323 564 2346 certas
582 2326 725 2354 personas,
753 2326 786 2346 ac
802 2326 845 2346 res
870 2318 968 2353 exqui-

174 2369 256 2396 reret,
277 2364 475 2399 parabolasque
490 2372 575 2399 usque
587 2364 619 2391 ad
647 2365 762 2392 minima
790 2365 966 2392 subdividere

172 2410 316 2442 niteretur,
338 2410 361 2437 is
383 2409 574 2444 perpendenda
596 2418 627 2437 ac
645 2409 804 2442 ﬂuctuando
830 2417 967 2445 torquere-

173 2461 236 2489 tur;
266 2465 319 2484 non
349 2461 402 2484 tam
421 2457 483 2491 quia
517 2457 653 2492 parabohe
673 2457 795 2484 conditio
817 2456 842 2483 id
873 2463 966 2483 secum

173 2502 238 2535 fert,
249 2510 331 2537 quam
350 2503 412 2537 quia
428 2502 586 2533 curiositas.
607 2502 760 2536 ineptzequc
776 2500 891 2535 argutia;
919 2508 968 2535 p0-

174 2549 229 2576 tius
245 2549 272 2575 in
290 2549 501 2584 ignei-ationem,
516 2556 598 2585 quam
615 2547 643 2575 in
656 2547 841 2575 inventionem
866 2547 970 2574 verita-

176 2593 211 2620 tis
227 2593 354 2620 desinere
371 2594 470 2621 solent.

210 2639 317 2668 ltursus
337 2641 450 2675 quinam
478 2644 543 2667 sunt
564 2640 610 2675 qui
631 2648 665 2668 ne
677 2640 792 2676 siliquas
808 2639 919 2674 quidem
934 2639 967 2667 ad

176 2686 348 2713 saturitatem
362 2685 509 2718 dabantei,
525 2695 534 2711 ‹
549 2686 596 2721 qui
607 2694 719 2721 peregre
730 2685 872 2719 profectus
884 2690 925 2713 est
941 2684 969 2711 in

176 2731 316 2767 regionem
341 2730 529 2767 longinquam,
547 2736 575 2758 et
606 2732 750 2767 dissipavit
786 2731 969 2759 substantiam

983 2201 1006 2229 D

212 2844 236 2860 “
254 2843 349 2872 Matth.
385 2852 430 2876 xx,
458 2844 502 2871 12.

178 2885 206 2907 ct
223 2879 269 2906 Η..

608 2844 675 2872 ibid.
694 2844 740 2871 13.
782 2844 804 2861 ³⁸
828 2843 894 2872 Luc.
930 2851 1005 2877 xvui,

733 142 865 173 PHOTII
884 143 1139 175 PATRIARCHE
1155 144 1211 176 CP.

1736 140 1793 172 2H)

1035 200 1091 226 Καὶ
1101 199 1180 227 τοῦτο
1191 199 1222 226 οὐ
1237 200 1318 235 μόνον
1333 199 1405 227 κατά
1419 199 1481 232 τοὺς
1495 199 1585 235 ίεροῦς
1594 199 1610 234 ἡ
1615 198 1674 234 μῶν
1685 198 1792 233 Λόγους

998 246 1130 277 πολλάκις
1144 246 1243 281 ὁρᾶται
1257 245 1454 281 πραττόμενον,
1471 245 1541 273 ἀλλὰ
1553 245 1603 272 καὶ
1618 245 1694 276 ὅσοις
1706 245 1792 277 αὐτὸς

998 292 1012 318 ὁ
1026 291 1106 324 θεῖος,
1127 292 1173 318 καὶ
1189 291 1308 327 καθαρὸς
1322 291 1372 326 τῆς
1390 291 1533 323 εὐσεϐείας
1558 290 1702 325 περίϐολος
1726 298 1792 317 συν-

998 338 1118 373 τηρῆται
1130 345 1137 352 ·
1152 337 1240 364 καίτοι
1273 337 1339 371 περὶ
1362 336 1459 363 πολλοῦ
1479 336 1534 364 τῶν
1548 336 1638 371 λόγων
1657 332 1795 373 οὖτοιτὴν

1001 384 1098 419 σοφίαν
1123 384 1194 410 εἰσὶν
1221 383 1346 418 ἄγοντες.
1372 382 1481 410 Οὐκοῦν
1508 383 1569 410 οὐδὲ
1590 382 1626 409 τὰ
1642 382 1739 410 παιδία
1751 391 1796 414 τις

1001 432 1141 459 ἐπιτάττει
1156 431 1238 466 νόμος
1252 430 1415 466 ὡρισμένων
1431 428 1597 465 προσώπων,
1611 428 1659 455 καὶ
1667 428 1717 464 τὴν
1726 427 1797 462 πρὸς

1000 478 1063 510 τοὺς
1074 477 1171 508 ἄλλους
1184 476 1408 512 ἀποκεκριμένην
1426 475 1567 510 ἐπιζητεῖν
1591 474 1776 502 ἀνταπόδοσιν
1787 483 1794 488 ·

1003 522 1083 549 ἱκανὰ
1098 522 1154 557 γὰρ
1166 521 1214 548 καὶ
1224 521 1273 556 τὴν
1286 521 1340 548 τῶν
1349 520 1484 556 ἀορίστων
1493 520 1706 555 ὰναδεδειγμένα
1717 519 1798 552 τάξιν

1002 568 1051 603 τῆς
1065 567 1226 603 παραϐολῆς
1236 566 1435 602 ἀναπληρῶσαι
1453 566 1484 592 τὺ
1499 565 1633 601 βούλημα.

1046 614 1075 641 '0
1090 613 1138 649 μὲν
1157 610 1205 640 οὖν
1228 612 1328 645 σκοπὸς
1349 612 1400 647 τῆς
1426 612 1596 645 Δεσποτικῆς
1623 611 1797 647 παραϐολῆς,

1002 661 1051 688 καὶ¹
1067 659 1224 695 ὁμοιώσεως
1239 656 1327 694 σαφής
1346 667 1376 685 τε
1399 658 1469 691 λίαν,
1485 658 1533 685 καὶ
1558 658 1647 694 δῆλος,
1665 658 1703 690 ὡς
1717 657 1749 684 τό
1763 665 1798 693 γε

1010 705 1145 732 Ἰουδαίων
1160 705 1235 736 sevo;
1250 704 1382 737 ἐπιδείξαι
1396 703 1530 739 βούλεται,
1550 703 1565 731 δ
1582 704 1651 740 μήτε
1664 705 1721 735 τοῖς
1731 703 1799 730 θέλ.

1004 760 1083 786 γουσι
1096 752 1143 778 καὶ
1158 751 1328 786 εὐφραίνειν,
1344 750 1417 777 τοῦτ’
1437 750 1495 777 ἔστι
1511 751 1544 786 τῇ
1562 751 1662 786 ἐθιμῳ,
1677 751 1727 777 καὶ
1737 751 1801 776 ἐπι-

1004 796 1159 833 πολαζούσῃ
1174 796 1262 832 διαίτῃ
1290 796 1392 831 (καίτοι
1411 795 1472 822 δέον
1491 795 1530 831 τῷ
1557 795 1643 831 ὁμοίῳ
1666 795 1800 822 ἐπικλίνε-

1005 843 1068 870 σθαί
1084 852 1125 875 τε,
1143 843 1192 869 καὶ
1208 841 1432 876 συνεφέλκεσθαι)
1454 841 1485 868 τὸ
1507 840 1666 867 λυσιτελοῦν
1678 841 1800 876 ἠθέλησε

1003 890 1156 926 δρέψασθαι
1168 898 1175 905 ·
1192 888 1254 916 οὔτε
1269 887 1314 914 διὰ
1328 887 1375 915 τοῦ
1399 887 1646 923 ἀνακεχωρηκότας
1662 886 1718 913 τῶν
1733 886 1802 913 πολ-

1005 937 1070 970 λῶν,
1090 936 1137 963 καὶ
1152 934 1370 970 συνεσταλμένου
1388 933 1446 969 βίου
1459 933 1572 969 (καίπερ
1585 933 1722 959 δυσωπεῖν
1743 930 1801 959 οῐδι

1005 983 1054 1010 καὶ
1077 980 1302 1016 εὐλαϐεστέρους)
1333 979 1538 1015 ἀπεργάζεσθαι
1568 979 1600 1005 τὸ
1627 978 1801 1014 παράδοξον

1007 1028 1075 1056 ἀλλὰ
1086 1028 1123 1060 ὡς
1137 1028 1182 1054 ὑπ’
1200 1027 1307 1059 οὐδενὸς
1322 1028 1425 1054 τούτων
1451 1025 1675 1061 ἐπεστράφησαν,
1690 1025 1720 1051 τὸ
1735 1025 1804 1051 ἀκό-

1007 1075 1105 1102 λαστον
1121 1074 1222 1107 αὐτῶν,
1240 1073 1287 1100 καὶ
1306 1073 1465 1107 δυσάγωγον
1489 1071 1557 1106 πρὸς
1574 1071 1717 1098 εὐσέϐειαν
1734 1071 1793 1098 ἀπο

1009 1121 1101 1149 θέσθαι
1116 1121 1162 1148 καὶ
1185 1119 1395 1147 ἀποσείσασοαι.
1426 1119 1482 1145 Καὶ⁸
1502 1118 1552 1154 τὴν
1575 1117 1662 1144 πειθὼ
1680 1118 1710 1144 δέ
1736 1126 1804 1145 συν-

1009 1167 1116 1202 υφαίνει
1131 1167 1178 1193 τὸν
1192 1166 1303 1201 ἔλεγχον
1321 1165 1515 1200 ἐπιφέρουσαν,
1529 1164 1567 1195 ὡς
1583 1164 1620 1199 μὴ
1640 1162 1805 1198 μετανοοῦν-

1009 1223 1054 1246 τες
1075 1213 1129 1239 τῶν
1153 1211 1287 1238 Ἰουδαίων
1313 1211 1327 1237 ὸ
1347 1210 1433 1245 δῆμος
1460 1210 1552 1236 πᾶσαν
1570 1208 1728 1243 ἀπολογίαν1
1754 1208 1806 1235 καὶ

1011 1259 1177 1295 συγγνώμην
1197 1258 1304 1289 ἑαυτοῖς
1318 1255 1526 1292 περικόπτουσι.

1011 1357 1025 1378 ς.
1047 1351 1140 1377 Ταῦτα
1161 1349 1210 1384 μὲν
1232 1348 1265 1384 δὴ
1291 1348 1456 1384 πράττουσιν
1471 1347 1487 1382 ἡ
1504 1345 1647 1382 παραϐολὴ
1665 1345 1699 1372 τὰ
1721 1345 1808 1373 λοιπὰ

1011 1397 1066 1425 τῶν
1080 1396 1221 1431 ὀνομάτων
1239 1404 1270 1422 τε
1300 1395 1347 1421 καὶ
1370 1393 1551 1429 πραγμάτων,
1576 1393 1625 1420 ὅσα
1647 1392 1731 1428 μηδὲν
1749 1392 1808 1419 τῶν

1012 1443 1182 1477 ἀναγκαίων,
1199 1441 1246 1468 καὶ
1260 1440 1328 1475 πρὸς
1344 1439 1482 1475 σωτηρίαν
1503 1438 1713 1473 ἐκκαλουμένων
1735 1446 1809 1472 προ-

1013 1489 1094 1523 ξενεῖ,
1109 1489 1170 1515 οὐδὲ
1186 1486 1349 1522 σεμνύνεται
1368 1485 1618 1521 πολυπραγμονεῖν.
1637 1484 1714 1511 Ἐπεί
1729 1492 1808 1515 τινες

1013 1536 1038 1562 οἱ
1057 1535 1103 1562 τὸν
1119 1534 1247 1562 καύσωνα
1268 1534 1316 1568 τῆς
1334 1532 1453 1568 ἡμέρας,
1478 1532 1526 1558 καὶ
1547 1531 1592 1558 τὸν
1613 1530 1732 1565 παγετὸν
1755 1530 1810 1565 τῆς

1014 1580 1110 1613 νυκτὺς
1123 1581 1169 1607 ἐπὶ
1183 1580 1239 1611 τοῖς
1257 1577 1341 1610 θείοις
1360 1578 1452 1614 ἔργοις
1462 1577 1593 1612 ἐμψύχως
1600 1575 1788 1611 διενεγκόντες
1800 1584 1810 1591 ’

1014 1628 1069 1659 τοῖς
1082 1627 1109 1653 δὲ
1130 1626 1189 1661 μετ’
1206 1625 1305 1656 αὐτοὺς
1328 1623 1440 1650 ἐλθοῦσι
1464 1623 1636 1658 μιμήσασθαι
1659 1622 1810 1657 βάσκανον,

1015 1674 1062 1700 καὶ
1079 1672 1197 1707 πονηρὴν
1211 1671 1362 1706 ὀφθαλμὸν,
1390 1670 1432 1703 ἐφ’
1449 1667 1489 1702 οἷς
1513 1669 1643 1704 μετέσχον
1657 1668 1712 1695 τῶν
1728 1669 1812 1699 ῐσων.

1016 1719 1208 1750 ἐπιϐάλλοντες
1221 1727 1228 1751 ;
1243 1718 1292 1749 Τίς
1307 1717 1335 1744 δὲ
1353 1726 1362 1742 ι
1381 1718 1396 1743 ὁ
1408 1716 1458 1751 τῆς
1480 1716 1588 1747 ἀδικίας
1601 1715 1699 1751 κριτὴς
1709 1715 1724 1740 ὁ
1738 1715 1813 1741 Θεὸν

1017 1767 1055 1802 μὴ
1072 1765 1250 1801 φοϐούμενος,
1271 1765 1319 1791 καὶ
1341 1763 1484 1799 ἄνθρωπον
1503 1763 1541 1798 μὴ
1560 1763 1761 1797 ἐντρεπόμενος
1774 1769 1783 1776 ·
1799 1771 1810 1787 ›

1017 1810 1075 1839 εἶτα
1091 1812 1141 1847 τῆς
1158 1812 1245 1846 χήρας
1262 1808 1442 1844 καταϐοώσης
1456 1808 1496 1840 είς
1509 1807 1669 1843 οίκτιρμοὺς
1689 1807 1813 1834 διαλύων

1016 1858 1065 1894 τὴν
1079 1858 1208 1885 ἀπόνοιαν
1221 1865 1228 1890 ;
1245 1856 1354 1882 Τούτων
1374 1854 1429 1890 γὰρ
1445 1855 1574 1890 ἑκάτερον
1594 1854 1631 1890 μὴ
1658 1853 1728 1889 μετά
1744 1853 1814 1880 πολ-

1017 1904 1066 1940 λῆς
1093 1905 1144 1939 τῆς
1170 1901 1343 1937 παρεκϐολῆς
1367 1900 1414 1927 καὶ
1437 1900 1609 1935 ἀδολεσχίας,
1638 1900 1669 1926 οὐ
1693 1899 1745 1934 μὲν
1764 1897 1815 1926 οὗν

1017 1951 1066 1978 οὐκ
1101 1949 1161 1976 ἐστι
1202 1948 1342 1984 προσώπῳ
1388 1947 1602 1982 περιωρισμένῳ
1645 1945 1815 1981 ἐναρμόσα-

1019 1996 1091 2023 σθαι.

1059 2041 1140 2068 Ἀλλὰ
1156 2050 1165 2066 ι
1180 2041 1209 2067 αἱ
1223 2039 1368 2075 παρθένοι,
1383 2040 1411 2066 αἱ
1428 2038 1477 2074 μὲν
1505 2037 1587 2064 πέντε
1612 2036 1715 2072 μωραὶ,
1735 2037 1764 2064 at
1785 2037 1816 2064 δὲ

1019 2088 1100 2114 πέντε
1112 2087 1251 2123 φρόνιμοι,
1270 2095 1279 2112 ι
1296 2086 1369 2117 τίνος
1395 2083 1543 2120 προσώπου
1568 2083 1723 2119 ὡρισμένου
1738 2083 1817 2110 εἰκο-

1019 2134 1157 2166 νίσουσινς
1177 2132 1206 2158 '0
1220 2132 1316 2167 χρόνος
1330 2131 1369 2164 δὲ,
1392 2130 1454 2157 καθ’
1468 2130 1498 2156 ὃν
1514 2131 1542 2157 αι
1559 2130 1607 2165 μὲν
1633 2129 1771 2164 εἰσῆλθον,
1787 2130 1816 2156 αἱ

1019 2179 1048 2206 δὲ
1063 2178 1109 2205 τοῦ
1129 2178 1272 2213 νυμφῶνος
1285 2176 1518 2211 ἀπεκλείσθησαν,
1531 2175 1574 2207 τίς
1586 2176 1647 2201 ποτ’
1661 2175 1694 2202 ἂν
1706 2176 1749 2211 εἰη
1762 2184 1769 2208 ;
1786 2176 1818 2202 ὐ

1020 2226 1074 2262 γὰρ
1088 2225 1137 2261 τῆς
1151 2224 1245 2259 κοινῆς
1271 2223 1389 2259 κρίσεως
1409 2223 1486 2249 οὔπω
1504 2222 1666 2258 ἐφέστηκεν.
1682 2222 1739 2248 Καὶ
1753 2222 1818 2249 πολ-

1017 2271 1073 2302 λοῖς
1086 2269 1177 2300 ἄλλοις
1191 2270 1206 2296 ὁ
1219 2268 1310 2304 ζητῶν
1336 2268 1479 2303 ὡρισμένα
1495 2267 1641 2302 πρόσωπα,
1658 2267 1707 2293 καὶ
1721 2268 1817 2302 πράγ-

1020 2324 1105 2353 ματα,
1121 2315 1169 2342 καὶ
1182 2313 1371 2349 κατατεμαχίζ
1375 2322 1414 2339 ειν
1426 2312 1654 2348 φιλοτιμούμενος
1662 2312 1712 2344 τὰς
1723 2321 1818 2347 παρα-

1021 2362 1111 2394 ϐολὰς,
1121 2361 1310 2396 περιενεχθείη
1321 2360 1355 2386 ἂν
1365 2360 1414 2394 τὴν
1425 2359 1556 2391 διάνοιαν,
1568 2359 1617 2386 καὶ
1633 2359 1818 2394 ἀπορήματα,

1020 2409 1050 2436 ού
1070 2408 1197 2435 τοσοῦτον
1222 2407 1277 2433 τῶν
1302 2405 1467 2441 παραϐολῶν
1489 2405 1569 2431 τοῦτο
1603 2405 1819 2440 παρεχομένων,

1021 2456 1083 2482 ὅσον
1107 2454 1158 2489 τῆς
1184 2452 1356 2489 περιεργίας,
1371 2451 1418 2478 καὶ
1445 2450 1548 2477 ἀτόπου
1567 2451 1750 2485 λεπτολογίας
1777 2451 1820 2482 εἰς

1022 2499 1143 2535 ἀμαθίαν
1175 2498 1284 2534 μᾶλλον,
1305 2496 1374 2525 ἀλλὰ
1398 2496 1449 2523 οὐκ
1470 2496 1512 2528 είς
1536 2496 1647 2532 εὕρεσιν
1668 2495 1822 2522 ἀποτελευ-

1021 2554 1122 2582 τωσης.

1059 2637 1138 2667 Τίνες
1150 2635 1178 2662 δὲ
1190 2635 1270 2662 πάλιν
1281 2635 1306 2661 oi.
1322 2635 1360 2670 μὴ
1368 2633 1486 2665 διδόντες
1502 2632 1557 2659 τῶν
1584 2631 1721 2667 κερατίων
1734 2639 1819 2665 μετα-

1027 2683 1101 2718 σχεῖν
1120 2691 1129 2708 ι
1147 2681 1186 2717 τῷ
1197 2682 1237 2712 είς
1257 2681 1364 2716 μακρὰν
1384 2680 1595 2714 ἁποδημήσαντι
1616 2676 1707 2709 πόλιν,
1722 2676 1772 2703 καὶ
1786 2675 1821 2701 τὰ

1027 2728 1143 2764 πατρῷα
1165 2727 1388 2755 καταναλώσαντι
1421 2725 1551 2759 ἀσώτως;
1572 2734 1581 2750 ι
1602 2725 1634 2751 οι
1650 2723 1770 2758 μίσθιοι
1793 2722 1822 2748 δέ

1032 2843 1049 2859 I.)

1035 2860 1060 2870 ..ο-

1102 2843 1124 2858 ³⁹
1149 2842 1214 2871 ibid.
1250 2841 1277 2869 5.
1341 2841 1363 2857 ⁵⁸³
1380 2839 1475 2868 Matth.
1508 2846 1576 2872 xxv,
1594 2837 1620 2865 2.
1679 2836 1700 2853 "
1716 2834 1784 2864 ibid.
1800 2831 1817 2860 6
