  <div class='ocr_page' id='page_1' title='image "/cluster/home/n/w/nwhite01/storage/ocr_20150623/101/njp.32101077772877/184.png"; bbox 0 0 1882 3075; ppageno 0'>
   <div class='ocr_carea' id='block_1_1' title="bbox 69 154 110 186">
    <p class='ocr_par' dir='ltr' id='par_1_1' title="bbox 69 154 110 186">
     <span class='ocr_line' id='line_1_1' title="bbox 69 154 110 186; baseline 0.024 -1"><span class='ocrx_word' id='word_1_1' title='bbox 69 154 110 186; x_wconf 74' lang='grc'><strong>241</strong></span> 
     </span>
    </p>
   </div>
   <div class='ocr_carea' id='block_1_2' title="bbox 523 150 1219 187">
    <p class='ocr_par' dir='ltr' id='par_1_2' title="bbox 523 150 1219 187">
     <span class='ocr_line' id='line_1_2' title="bbox 523 150 1219 187; baseline -0.001 -5"><span class='ocrx_word' id='word_1_2' title='bbox 523 152 573 182; x_wconf 81' lang='grc' dir='ltr'><strong>ΑΒ</strong></span> <span class='ocrx_word' id='word_1_3' title='bbox 591 150 890 182; x_wconf 85' lang='lat' dir='ltr'><strong>AMPHILOCHIUM</strong></span> <span class='ocrx_word' id='word_1_4' title='bbox 907 150 1081 187; x_wconf 65' lang='lat' dir='ltr'><strong>QUESTIO</strong></span> <span class='ocrx_word' id='word_1_5' title='bbox 1099 151 1219 181; x_wconf 73' lang='lat' dir='ltr'><strong>XXXIV</strong></span> 
     </span>
    </p>
   </div>
   <div class='ocr_carea' id='block_1_3' title="bbox 69 204 844 243">
    <p class='ocr_par' dir='ltr' id='par_1_3' title="bbox 69 206 844 243">
     <span class='ocr_line' id='line_1_3' title="bbox 69 206 844 243; baseline -0.005 -7"><span class='ocrx_word' id='word_1_6' title='bbox 69 210 142 237; x_wconf 76' lang='grc' dir='ltr'>πάλιν</span> <span class='ocrx_word' id='word_1_7' title='bbox 155 208 228 240; x_wconf 81' lang='grc' dir='ltr'>τίνες</span> <span class='ocrx_word' id='word_1_8' title='bbox 240 216 248 240; x_wconf 83' lang='grc'>;</span> <span class='ocrx_word' id='word_1_9' title='bbox 260 208 346 243; x_wconf 74' lang='grc' dir='ltr'>Εἴπερ</span> <span class='ocrx_word' id='word_1_10' title='bbox 359 206 572 242; x_wconf 64' lang='grc' dir='ltr'>τὺ¹ἁνθρώπινον</span> <span class='ocrx_word' id='word_1_11' title='bbox 586 207 665 241; x_wconf 76' lang='grc' dir='ltr'>γένος</span> <span class='ocrx_word' id='word_1_12' title='bbox 675 207 716 238; x_wconf 86' lang='grc' dir='ltr'><strong>είς</strong></span> <span class='ocrx_word' id='word_1_13' title='bbox 728 206 844 237; x_wconf 70' lang='grc' dir='ltr'>δικαίους</span> 
     </span>
    </p>
   </div>
   <div class='ocr_carea' id='block_1_4' title="bbox 931 204 1693 243">
    <p class='ocr_par' dir='ltr' id='par_1_4' title="bbox 931 204 1693 240">
     <span class='ocr_line' id='line_1_4' title="bbox 931 204 1693 240; baseline 0.001 -8"><span class='ocrx_word' id='word_1_14' title='bbox 931 214 979 234; x_wconf 65' lang='lat' dir='ltr'><strong>iam</strong></span> <span class='ocrx_word' id='word_1_15' title='bbox 996 205 1113 234; x_wconf 89' lang='lat' dir='ltr'><strong>vivendo</strong></span> <span class='ocrx_word' id='word_1_16' title='bbox 1130 206 1270 234; x_wconf 79' lang='lat' dir='ltr'><strong>luxuriose</strong></span> <span class='ocrx_word' id='word_1_17' title='bbox 1285 206 1306 221; x_wconf 84' lang='lat'><strong>&quot;</strong></span> <span class='ocrx_word' id='word_1_18' title='bbox 1321 205 1333 233; x_wconf 86' lang='lat'><strong>?</strong></span> <span class='ocrx_word' id='word_1_19' title='bbox 1351 215 1360 232; x_wconf 73' lang='grc' dir='ltr'><strong>ι</strong></span> <span class='ocrx_word' id='word_1_20' title='bbox 1377 204 1537 232; x_wconf 73' lang='lat' dir='ltr'><strong>Mercenarii</strong></span> <span class='ocrx_word' id='word_1_21' title='bbox 1557 212 1622 233; x_wconf 87' lang='lat' dir='ltr'><strong>vero</strong></span> <span class='ocrx_word' id='word_1_22' title='bbox 1631 207 1693 240; x_wconf 83' lang='lat' dir='ltr'><strong>qui-</strong></span> 
     </span>
    </p>
   </div>
   <div class='ocr_carea' id='block_1_5' title="bbox 70 251 849 289">
    <p class='ocr_par' dir='ltr' id='par_1_5' title="bbox 70 251 849 289">
     <span class='ocr_line' id='line_1_5' title="bbox 70 251 849 289; baseline -0.006 -7"><span class='ocrx_word' id='word_1_23' title='bbox 70 256 110 282; x_wconf 77' lang='grc' dir='ltr'>καὶ</span> <span class='ocrx_word' id='word_1_24' title='bbox 124 254 304 289; x_wconf 77' lang='grc' dir='ltr'>ἁμαρτωλοὺς</span> <span class='ocrx_word' id='word_1_25' title='bbox 319 251 517 288; x_wconf 82' lang='grc' dir='ltr'>διαιρούμενον,</span> <span class='ocrx_word' id='word_1_26' title='bbox 533 252 577 279; x_wconf 75' lang='grc' dir='ltr'>διὰ</span> <span class='ocrx_word' id='word_1_27' title='bbox 592 252 648 278; x_wconf 87' lang='grc' dir='ltr'><strong>τῶν</strong></span> <span class='ocrx_word' id='word_1_28' title='bbox 663 253 692 278; x_wconf 77' lang='grc' dir='ltr'>ὲν</span> <span class='ocrx_word' id='word_1_29' title='bbox 709 253 742 287; x_wconf 84' lang='grc' dir='ltr'>τῇ</span> <span class='ocrx_word' id='word_1_30' title='bbox 759 260 849 286; x_wconf 79' lang='grc' dir='ltr'>παρα-</span> 
     </span>
    </p>
   </div>
   <div class='ocr_carea' id='block_1_6' title="bbox 70 297 849 336">
    <p class='ocr_par' dir='ltr' id='par_1_6' title="bbox 70 297 849 336">
     <span class='ocr_line' id='line_1_6' title="bbox 70 297 849 336; baseline -0.006 -8"><span class='ocrx_word' id='word_1_31' title='bbox 70 301 126 336; x_wconf 72' lang='grc' dir='ltr'>εολῇ</span> <span class='ocrx_word' id='word_1_32' title='bbox 148 300 193 326; x_wconf 78' lang='grc' dir='ltr'><strong>δύο</strong></span> <span class='ocrx_word' id='word_1_33' title='bbox 215 297 432 334; x_wconf 72' lang='grc' dir='ltr'>λαμϐανομένων</span> <span class='ocrx_word' id='word_1_34' title='bbox 461 297 527 324; x_wconf 88' lang='grc' dir='ltr'><strong>υίῶν</strong></span> <span class='ocrx_word' id='word_1_35' title='bbox 558 297 774 333; x_wconf 82' lang='grc' dir='ltr'>παραδηλοῦται,</span> <span class='ocrx_word' id='word_1_36' title='bbox 800 298 849 323; x_wconf 74' lang='grc' dir='ltr'>καὶ</span> 
     </span>
    </p>
   </div>
   <div class='ocr_carea' id='block_1_7' title="bbox 70 341 851 379">
    <p class='ocr_par' dir='ltr' id='par_1_7' title="bbox 70 341 851 379">
     <span class='ocr_line' id='line_1_7' title="bbox 70 341 851 379; baseline -0.004 -7"><span class='ocrx_word' id='word_1_37' title='bbox 70 341 217 378; x_wconf 68' lang='grc' dir='ltr'>πῶςοῦτος,</span> <span class='ocrx_word' id='word_1_38' title='bbox 236 344 276 376; x_wconf 77' lang='grc' dir='ltr'><strong>ὡς</strong></span> <span class='ocrx_word' id='word_1_39' title='bbox 300 342 340 376; x_wconf 82' lang='grc' dir='ltr'>εἷς</span> <span class='ocrx_word' id='word_1_40' title='bbox 361 343 401 379; x_wconf 80' lang='grc' dir='ltr'>τῷ</span> <span class='ocrx_word' id='word_1_41' title='bbox 416 344 500 379; x_wconf 81' lang='grc' dir='ltr'>πατρὶ</span> <span class='ocrx_word' id='word_1_42' title='bbox 519 343 574 370; x_wconf 85' lang='grc' dir='ltr'>τῶν</span> <span class='ocrx_word' id='word_1_43' title='bbox 595 343 723 378; x_wconf 78' lang='grc' dir='ltr'><strong>μισθίων,</strong></span> <span class='ocrx_word' id='word_1_44' title='bbox 739 353 748 369; x_wconf 82' lang='grc' dir='ltr'><strong>ι</strong></span> <span class='ocrx_word' id='word_1_45' title='bbox 776 351 851 378; x_wconf 87' lang='grc' dir='ltr'>νομι-</span> 
     </span>
    </p>
   </div>
   <div class='ocr_carea' id='block_1_8' title="bbox 70 388 850 426">
    <p class='ocr_par' dir='ltr' id='par_1_8' title="bbox 70 388 850 426">
     <span class='ocr_line' id='line_1_8' title="bbox 70 388 850 426; baseline -0.003 -9"><span class='ocrx_word' id='word_1_46' title='bbox 70 392 155 426; x_wconf 71' lang='grc' dir='ltr'>σθῆναι</span> <span class='ocrx_word' id='word_1_47' title='bbox 174 390 323 424; x_wconf 79' lang='grc' dir='ltr'>ὲξαιτείται</span> <span class='ocrx_word' id='word_1_48' title='bbox 336 398 344 423; x_wconf 88' lang='grc'><strong>;</strong></span> <span class='ocrx_word' id='word_1_49' title='bbox 379 390 408 417; x_wconf 93' lang='lat'><strong>&#39;0</strong></span> <span class='ocrx_word' id='word_1_50' title='bbox 424 390 482 421; x_wconf 74' lang='grc' dir='ltr'>υἱὸς</span> <span class='ocrx_word' id='word_1_51' title='bbox 496 390 510 416; x_wconf 81' lang='grc' dir='ltr'>ὁ</span> <span class='ocrx_word' id='word_1_52' title='bbox 527 389 724 425; x_wconf 75' lang='grc' dir='ltr'>πρεσὸύτερος,</span> <span class='ocrx_word' id='word_1_53' title='bbox 737 390 752 416; x_wconf 84' lang='grc' dir='ltr'><strong><em>ὁ</em></strong></span> <span class='ocrx_word' id='word_1_54' title='bbox 761 389 791 415; x_wconf 80' lang='grc' dir='ltr'>τὸ</span> <span class='ocrx_word' id='word_1_55' title='bbox 802 388 850 415; x_wconf 78' lang='grc' dir='ltr'><strong>τοῦ</strong></span> 
     </span>
    </p>
   </div>
   <div class='ocr_carea' id='block_1_9' title="bbox 71 432 850 472">
    <p class='ocr_par' dir='ltr' id='par_1_9' title="bbox 71 432 850 472">
     <span class='ocr_line' id='line_1_9' title="bbox 71 432 850 472; baseline -0.005 -9"><span class='ocrx_word' id='word_1_56' title='bbox 71 436 161 472; x_wconf 71' lang='grc' dir='ltr'>πατρὸς</span> <span class='ocrx_word' id='word_1_57' title='bbox 177 435 287 471; x_wconf 72' lang='grc' dir='ltr'>θέλημα</span> <span class='ocrx_word' id='word_1_58' title='bbox 294 434 416 470; x_wconf 82' lang='grc' dir='ltr'>πληρῶν,</span> <span class='ocrx_word' id='word_1_59' title='bbox 429 432 489 461; x_wconf 73' lang='grc' dir='ltr'>εἶτα</span> <span class='ocrx_word' id='word_1_60' title='bbox 507 434 650 470; x_wconf 75' lang='grc' dir='ltr'>φθονεροῖς</span> <span class='ocrx_word' id='word_1_61' title='bbox 663 434 769 468; x_wconf 77' lang='grc' dir='ltr'>ὄμμασι</span> <span class='ocrx_word' id='word_1_62' title='bbox 781 433 850 460; x_wconf 86' lang='grc' dir='ltr'>θεω-</span> 
     </span>
    </p>
   </div>
   <div class='ocr_carea' id='block_1_10' title="bbox 72 479 850 516">
    <p class='ocr_par' dir='ltr' id='par_1_10' title="bbox 72 479 850 516">
     <span class='ocr_line' id='line_1_10' title="bbox 72 479 850 516; baseline -0.003 -9"><span class='ocrx_word' id='word_1_63' title='bbox 72 481 119 515; x_wconf 85' lang='grc' dir='ltr'><strong>ρῶν</strong></span> <span class='ocrx_word' id='word_1_64' title='bbox 131 480 177 515; x_wconf 77' lang='grc' dir='ltr'>τὴν</span> <span class='ocrx_word' id='word_1_65' title='bbox 190 481 373 516; x_wconf 77' lang='grc' dir='ltr'>ἐπιστροφὴν,</span> <span class='ocrx_word' id='word_1_66' title='bbox 388 480 437 507; x_wconf 77' lang='grc' dir='ltr'>καὶ</span> <span class='ocrx_word' id='word_1_67' title='bbox 452 479 589 515; x_wconf 81' lang='grc' dir='ltr'><strong>σωτηρίαν</strong></span> <span class='ocrx_word' id='word_1_68' title='bbox 604 479 652 506; x_wconf 88' lang='grc' dir='ltr'>τοῦ</span> <span class='ocrx_word' id='word_1_69' title='bbox 663 479 790 514; x_wconf 78' lang='grc' dir='ltr'>ἀδελφοῦ,</span> <span class='ocrx_word' id='word_1_70' title='bbox 802 479 850 506; x_wconf 73' lang='grc' dir='ltr'>καὶ</span> 
     </span>
    </p>
   </div>
   <div class='ocr_carea' id='block_1_11' title="bbox 69 525 849 561">
    <p class='ocr_par' dir='ltr' id='par_1_11' title="bbox 69 525 849 561">
     <span class='ocr_line' id='line_1_11' title="bbox 69 525 849 561; baseline -0.001 -8"><span class='ocrx_word' id='word_1_71' title='bbox 69 525 285 560; x_wconf 73' lang='grc' dir='ltr'><strong>δικαιολογεῖσθαι</strong></span> <span class='ocrx_word' id='word_1_72' title='bbox 307 525 526 561; x_wconf 72' lang='grc' dir='ltr'>παροξυνόμενος</span> <span class='ocrx_word' id='word_1_73' title='bbox 550 525 590 561; x_wconf 80' lang='grc' dir='ltr'>τῷ</span> <span class='ocrx_word' id='word_1_74' title='bbox 612 526 707 560; x_wconf 77' lang='grc' dir='ltr'>πατρὶ,</span> <span class='ocrx_word' id='word_1_75' title='bbox 729 525 788 557; x_wconf 84' lang='grc' dir='ltr'><strong>πῶς</strong></span> <span class='ocrx_word' id='word_1_76' title='bbox 815 525 849 552; x_wconf 78' lang='grc' dir='ltr'>ἂν</span> 
     </span>
    </p>
   </div>
   <div class='ocr_carea' id='block_1_12' title="bbox 69 570 848 607">
    <p class='ocr_par' dir='ltr' id='par_1_12' title="bbox 69 570 848 607">
     <span class='ocr_line' id='line_1_12' title="bbox 69 570 848 607; baseline 0 -10"><span class='ocrx_word' id='word_1_77' title='bbox 69 571 203 606; x_wconf 78' lang='grc' dir='ltr'><strong>ὡρισμένῳ</strong></span> <span class='ocrx_word' id='word_1_78' title='bbox 213 571 268 597; x_wconf 77' lang='grc' dir='ltr'>τινὶ</span> <span class='ocrx_word' id='word_1_79' title='bbox 276 570 417 607; x_wconf 82' lang='grc' dir='ltr'><strong>προσώπῳ</strong></span> <span class='ocrx_word' id='word_1_80' title='bbox 428 571 598 606; x_wconf 78' lang='grc' dir='ltr'><strong>παρατεθείη</strong></span> <span class='ocrx_word' id='word_1_81' title='bbox 609 580 616 603; x_wconf 86' lang='lat'><strong>;</strong></span> <span class='ocrx_word' id='word_1_82' title='bbox 628 572 710 597; x_wconf 85' lang='grc' dir='ltr'>Ὣστε</span> <span class='ocrx_word' id='word_1_83' title='bbox 720 570 848 605; x_wconf 80' lang='grc' dir='ltr'>φανερὸν,</span> 
     </span>
    </p>
   </div>
   <div class='ocr_carea' id='block_1_13' title="bbox 69 616 850 653">
    <p class='ocr_par' dir='ltr' id='par_1_13' title="bbox 69 616 850 653">
     <span class='ocr_line' id='line_1_13' title="bbox 69 616 850 653; baseline 0 -10"><span class='ocrx_word' id='word_1_84' title='bbox 69 616 101 648; x_wconf 79' lang='grc' dir='ltr'>ὡς</span> <span class='ocrx_word' id='word_1_85' title='bbox 115 616 160 650; x_wconf 79' lang='grc' dir='ltr'>οὐχ</span> <span class='ocrx_word' id='word_1_86' title='bbox 173 616 284 643; x_wconf 73' lang='grc' dir='ltr'>ἅπαντα</span> <span class='ocrx_word' id='word_1_87' title='bbox 304 617 354 652; x_wconf 86' lang='grc' dir='ltr'>τῆς</span> <span class='ocrx_word' id='word_1_88' title='bbox 375 617 534 652; x_wconf 77' lang='grc' dir='ltr'>παραϐολῆς</span> <span class='ocrx_word' id='word_1_89' title='bbox 551 617 584 644; x_wconf 83' lang='grc' dir='ltr'><strong>τὰ</strong></span> <span class='ocrx_word' id='word_1_90' title='bbox 607 617 679 653; x_wconf 86' lang='grc' dir='ltr'>μέρη</span> <span class='ocrx_word' id='word_1_91' title='bbox 694 617 850 652; x_wconf 82' lang='grc' dir='ltr'>πολυπραγ-</span> 
     </span>
    </p>
   </div>
   <div class='ocr_carea' id='block_1_14' title="bbox 70 663 850 699">
    <p class='ocr_par' dir='ltr' id='par_1_14' title="bbox 70 663 850 699">
     <span class='ocr_line' id='line_1_14' title="bbox 70 663 850 699; baseline 0.001 -11"><span class='ocrx_word' id='word_1_92' title='bbox 70 663 159 697; x_wconf 77' lang='grc' dir='ltr'>μονεῖν,</span> <span class='ocrx_word' id='word_1_93' title='bbox 173 663 220 689; x_wconf 82' lang='grc' dir='ltr'><strong>καὶ</strong></span> <span class='ocrx_word' id='word_1_94' title='bbox 233 663 389 697; x_wconf 74' lang='grc' dir='ltr'>λογοθατεῐν</span> <span class='ocrx_word' id='word_1_95' title='bbox 408 664 556 699; x_wconf 86' lang='grc' dir='ltr'>προσήκει,</span> <span class='ocrx_word' id='word_1_96' title='bbox 576 663 644 698; x_wconf 82' lang='grc' dir='ltr'>πρὸς</span> <span class='ocrx_word' id='word_1_97' title='bbox 658 664 738 698; x_wconf 80' lang='grc' dir='ltr'>μόνον</span> <span class='ocrx_word' id='word_1_98' title='bbox 754 663 782 690; x_wconf 81' lang='grc' dir='ltr'><strong>δὲ</strong></span> <span class='ocrx_word' id='word_1_99' title='bbox 797 664 850 698; x_wconf 85' lang='grc' dir='ltr'>άφ-</span> 
     </span>
    </p>
   </div>
   <div class='ocr_carea' id='block_1_15' title="bbox 69 708 848 745">
    <p class='ocr_par' dir='ltr' id='par_1_15' title="bbox 69 708 848 745">
     <span class='ocr_line' id='line_1_15' title="bbox 69 708 848 745; baseline 0.003 -11"><span class='ocrx_word' id='word_1_100' title='bbox 69 709 124 743; x_wconf 73' lang='grc' dir='ltr'>ορᾷν</span> <span class='ocrx_word' id='word_1_101' title='bbox 143 708 173 734; x_wconf 80' lang='grc' dir='ltr'><strong>τὸ</strong></span> <span class='ocrx_word' id='word_1_102' title='bbox 196 708 241 735; x_wconf 83' lang='grc' dir='ltr'><strong>διὰ</strong></span> <span class='ocrx_word' id='word_1_103' title='bbox 275 708 328 744; x_wconf 87' lang='grc' dir='ltr'>τῆς</span> <span class='ocrx_word' id='word_1_104' title='bbox 356 708 519 744; x_wconf 78' lang='grc' dir='ltr'>ὁλοκληρίας</span> <span class='ocrx_word' id='word_1_105' title='bbox 550 709 654 744; x_wconf 83' lang='grc' dir='ltr'>ταύτης</span> <span class='ocrx_word' id='word_1_106' title='bbox 678 709 848 745; x_wconf 79' lang='grc' dir='ltr'>σημαινόμε-</span> 
     </span>
    </p>
   </div>
   <div class='ocr_carea' id='block_1_16' title="bbox 69 758 213 781">
    <p class='ocr_par' dir='ltr' id='par_1_16' title="bbox 69 758 213 781">
     <span class='ocr_line' id='line_1_16' title="bbox 69 758 213 781; baseline 0.007 -1"><span class='ocrx_word' id='word_1_107' title='bbox 69 762 114 781; x_wconf 80' lang='grc' dir='ltr'>νον.</span> <span class='ocrx_word' id='word_1_108' title='bbox 211 758 213 762; x_wconf 88' lang='grc'><strong><em>“</em></strong></span> 
     </span>
    </p>
   </div>
   <div class='ocr_carea' id='block_1_17' title="bbox 96 843 848 880">
    <p class='ocr_par' dir='ltr' id='par_1_17' title="bbox 96 843 848 880">
     <span class='ocr_line' id='line_1_17' title="bbox 96 843 848 880; baseline -0.001 -9"><span class='ocrx_word' id='word_1_109' title='bbox 96 844 143 871; x_wconf 76' lang='grc' dir='ltr'><strong>Τὸν</strong></span> <span class='ocrx_word' id='word_1_110' title='bbox 157 844 185 871; x_wconf 74' lang='grc' dir='ltr'><strong>δὲ</strong></span> <span class='ocrx_word' id='word_1_111' title='bbox 197 844 330 871; x_wconf 79' lang='grc' dir='ltr'>πλούσιον</span> <span class='ocrx_word' id='word_1_112' title='bbox 345 843 499 880; x_wconf 78' lang='grc' dir='ltr'>ἄνθρωπον,</span> <span class='ocrx_word' id='word_1_113' title='bbox 513 845 552 876; x_wconf 84' lang='grc' dir='ltr'>ὼς</span> <span class='ocrx_word' id='word_1_114' title='bbox 575 844 621 871; x_wconf 80' lang='grc' dir='ltr'><strong>τὸν</strong></span> <span class='ocrx_word' id='word_1_115' title='bbox 634 843 848 879; x_wconf 74' lang='grc' dir='ltr'>διαὸεὸλημένον</span> 
     </span>
    </p>
   </div>
   <div class='ocr_carea' id='block_1_18' title="bbox 68 889 845 925">
    <p class='ocr_par' dir='ltr' id='par_1_18' title="bbox 68 889 845 925">
     <span class='ocr_line' id='line_1_18' title="bbox 68 889 845 925; baseline 0 -9"><span class='ocrx_word' id='word_1_116' title='bbox 68 889 195 925; x_wconf 75' lang='grc' dir='ltr'>οἰκονόμον</span> <span class='ocrx_word' id='word_1_117' title='bbox 204 890 255 924; x_wconf 74' lang='grc' dir='ltr'>τῆς</span> <span class='ocrx_word' id='word_1_118' title='bbox 268 890 360 921; x_wconf 77' lang='grc' dir='ltr'><strong>οἰκίας</strong></span> <span class='ocrx_word' id='word_1_119' title='bbox 371 890 572 925; x_wconf 80' lang='grc' dir='ltr'>προεστήσατο,</span> <span class='ocrx_word' id='word_1_120' title='bbox 586 890 640 917; x_wconf 86' lang='grc' dir='ltr'>τίνι</span> <span class='ocrx_word' id='word_1_121' title='bbox 657 890 689 917; x_wconf 76' lang='grc' dir='ltr'>ἄν</span> <span class='ocrx_word' id='word_1_122' title='bbox 703 898 745 921; x_wconf 85' lang='grc' dir='ltr'><strong>τις</strong></span> <span class='ocrx_word' id='word_1_123' title='bbox 759 898 845 925; x_wconf 83' lang='grc' dir='ltr'>προσ-</span> 
     </span>
    </p>
   </div>
   <div class='ocr_carea' id='block_1_19' title="bbox 68 934 844 970">
    <p class='ocr_par' dir='ltr' id='par_1_19' title="bbox 68 934 844 970">
     <span class='ocr_line' id='line_1_19' title="bbox 68 934 844 970; baseline 0 -10"><span class='ocrx_word' id='word_1_124' title='bbox 68 935 125 970; x_wconf 80' lang='grc' dir='ltr'><strong>ώπῳ</strong></span> <span class='ocrx_word' id='word_1_125' title='bbox 137 934 320 968; x_wconf 76' lang='grc' dir='ltr'>ὲξιδιώσαιτος</span> <span class='ocrx_word' id='word_1_126' title='bbox 334 934 417 966; x_wconf 86' lang='grc' dir='ltr'>Τίνας</span> <span class='ocrx_word' id='word_1_127' title='bbox 432 934 455 961; x_wconf 85' lang='grc' dir='ltr'>δ’</span> <span class='ocrx_word' id='word_1_128' title='bbox 467 934 500 962; x_wconf 78' lang='grc' dir='ltr'>ἂν</span> <span class='ocrx_word' id='word_1_129' title='bbox 516 934 587 961; x_wconf 78' lang='grc' dir='ltr'>εἴποι</span> <span class='ocrx_word' id='word_1_130' title='bbox 602 934 666 966; x_wconf 78' lang='grc' dir='ltr'>τοὺς</span> <span class='ocrx_word' id='word_1_131' title='bbox 686 935 844 961; x_wconf 80' lang='grc' dir='ltr'>διαὸἀλλον-</span> 
     </span>
    </p>
   </div>
   <div class='ocr_carea' id='block_1_20' title="bbox 68 978 845 1014">
    <p class='ocr_par' dir='ltr' id='par_1_20' title="bbox 68 978 845 1014">
     <span class='ocr_line' id='line_1_20' title="bbox 68 978 845 1014; baseline 0.003 -10"><span class='ocrx_word' id='word_1_132' title='bbox 68 985 123 1010; x_wconf 82' lang='grc' dir='ltr'>τας;</span> <span class='ocrx_word' id='word_1_133' title='bbox 141 978 171 1004; x_wconf 83' lang='grc' dir='ltr'><strong>Ἦ</strong></span> <span class='ocrx_word' id='word_1_134' title='bbox 182 978 209 1005; x_wconf 80' lang='grc' dir='ltr'><strong>δὲ</strong></span> <span class='ocrx_word' id='word_1_135' title='bbox 218 978 399 1010; x_wconf 71' lang='grc' dir='ltr'>ἁνταπόδοσις</span> <span class='ocrx_word' id='word_1_136' title='bbox 411 978 466 1005; x_wconf 87' lang='grc' dir='ltr'>τῶν</span> <span class='ocrx_word' id='word_1_137' title='bbox 480 979 528 1013; x_wconf 81' lang='grc' dir='ltr'>μὲν</span> <span class='ocrx_word' id='word_1_138' title='bbox 541 978 653 1013; x_wconf 82' lang='grc' dir='ltr'><strong>ἀγαθῶν</strong></span> <span class='ocrx_word' id='word_1_139' title='bbox 665 979 704 1013; x_wconf 86' lang='grc' dir='ltr'>τῷ</span> <span class='ocrx_word' id='word_1_140' title='bbox 713 979 845 1014; x_wconf 77' lang='grc' dir='ltr'>Λαζάρῳ,</span> 
     </span>
    </p>
   </div>
   <div class='ocr_carea' id='block_1_21' title="bbox 68 1023 844 1060">
    <p class='ocr_par' dir='ltr' id='par_1_21' title="bbox 68 1023 844 1060">
     <span class='ocr_line' id='line_1_21' title="bbox 68 1023 844 1060; baseline 0.001 -10"><span class='ocrx_word' id='word_1_141' title='bbox 68 1024 114 1050; x_wconf 81' lang='grc' dir='ltr'><strong>τῶν</strong></span> <span class='ocrx_word' id='word_1_142' title='bbox 125 1023 151 1050; x_wconf 78' lang='grc' dir='ltr'>δὲ</span> <span class='ocrx_word' id='word_1_143' title='bbox 163 1024 282 1051; x_wconf 79' lang='grc' dir='ltr'>ἀνιάτων</span> <span class='ocrx_word' id='word_1_144' title='bbox 293 1024 387 1051; x_wconf 81' lang='grc' dir='ltr'>κακῶν</span> <span class='ocrx_word' id='word_1_145' title='bbox 401 1024 441 1060; x_wconf 86' lang='grc' dir='ltr'>τῷ</span> <span class='ocrx_word' id='word_1_146' title='bbox 455 1024 585 1060; x_wconf 80' lang='grc' dir='ltr'><strong>πλουσίῳ,</strong></span> <span class='ocrx_word' id='word_1_147' title='bbox 603 1024 662 1056; x_wconf 80' lang='grc' dir='ltr'><strong>πῶς</strong></span> <span class='ocrx_word' id='word_1_148' title='bbox 678 1024 711 1052; x_wconf 80' lang='grc' dir='ltr'>ἂν</span> <span class='ocrx_word' id='word_1_149' title='bbox 737 1024 780 1060; x_wconf 78' lang='grc' dir='ltr'>εἴη</span> <span class='ocrx_word' id='word_1_150' title='bbox 797 1033 844 1059; x_wconf 89' lang='grc' dir='ltr'>γε-</span> 
     </span>
    </p>
   </div>
   <div class='ocr_carea' id='block_1_22' title="bbox 69 1070 844 1106">
    <p class='ocr_par' dir='ltr' id='par_1_22' title="bbox 69 1070 844 1106">
     <span class='ocr_line' id='line_1_22' title="bbox 69 1070 844 1106; baseline 0.003 -11"><span class='ocrx_word' id='word_1_151' title='bbox 69 1070 189 1105; x_wconf 70' lang='grc' dir='ltr'>γενημένη</span> <span class='ocrx_word' id='word_1_152' title='bbox 214 1070 294 1098; x_wconf 77' lang='grc' dir='ltr'>οὔπω</span> <span class='ocrx_word' id='word_1_153' title='bbox 316 1071 366 1105; x_wconf 86' lang='grc' dir='ltr'>τῆς</span> <span class='ocrx_word' id='word_1_154' title='bbox 383 1071 477 1106; x_wconf 81' lang='grc' dir='ltr'>κοινῆς</span> <span class='ocrx_word' id='word_1_155' title='bbox 504 1072 622 1106; x_wconf 82' lang='grc' dir='ltr'>κρίσεως</span> <span class='ocrx_word' id='word_1_156' title='bbox 651 1070 844 1106; x_wconf 73' lang='grc' dir='ltr'>συνεστώσηςς</span> 
     </span>
    </p>
   </div>
   <div class='ocr_carea' id='block_1_23' title="bbox 69 1115 843 1152">
    <p class='ocr_par' dir='ltr' id='par_1_23' title="bbox 69 1115 843 1152">
     <span class='ocr_line' id='line_1_23' title="bbox 69 1115 843 1152; baseline 0.004 -11"><span class='ocrx_word' id='word_1_157' title='bbox 69 1115 114 1142; x_wconf 76' lang='grc' dir='ltr'><strong>Καὶ</strong></span> <span class='ocrx_word' id='word_1_158' title='bbox 125 1116 151 1142; x_wconf 80' lang='grc' dir='ltr'>αἱ</span> <span class='ocrx_word' id='word_1_159' title='bbox 167 1115 302 1148; x_wconf 73' lang='grc' dir='ltr'><strong>διαλέξεις</strong></span> <span class='ocrx_word' id='word_1_160' title='bbox 315 1116 353 1148; x_wconf 80' lang='grc' dir='ltr'>δὲ,</span> <span class='ocrx_word' id='word_1_161' title='bbox 367 1116 399 1148; x_wconf 67' lang='grc' dir='ltr'>ἃς</span> <span class='ocrx_word' id='word_1_162' title='bbox 411 1116 592 1144; x_wconf 77' lang='grc' dir='ltr'>ὑποδάλλεται</span> <span class='ocrx_word' id='word_1_163' title='bbox 607 1118 623 1152; x_wconf 88' lang='grc' dir='ltr'><strong>ἡ</strong></span> <span class='ocrx_word' id='word_1_164' title='bbox 639 1116 782 1152; x_wconf 75' lang='grc' dir='ltr'>παραϐολὴ</span> <span class='ocrx_word' id='word_1_165' title='bbox 795 1117 843 1144; x_wconf 82' lang='grc' dir='ltr'>τοῦ</span> 
     </span>
    </p>
   </div>
   <div class='ocr_carea' id='block_1_24' title="bbox 73 1161 845 1198">
    <p class='ocr_par' dir='ltr' id='par_1_24' title="bbox 73 1161 845 1198">
     <span class='ocr_line' id='line_1_24' title="bbox 73 1161 845 1198; baseline 0.004 -11"><span class='ocrx_word' id='word_1_166' title='bbox 73 1161 255 1196; x_wconf 76' lang='grc' dir='ltr'>’Δὸραὰμ,καὶ</span> <span class='ocrx_word' id='word_1_167' title='bbox 281 1161 330 1188; x_wconf 84' lang='grc' dir='ltr'>τοῦ</span> <span class='ocrx_word' id='word_1_168' title='bbox 353 1162 463 1189; x_wconf 83' lang='grc' dir='ltr'><strong>κολάσει</strong></span> <span class='ocrx_word' id='word_1_169' title='bbox 488 1162 764 1198; x_wconf 79' lang='grc' dir='ltr'>καταδεδικασμένου,</span> <span class='ocrx_word' id='word_1_170' title='bbox 785 1163 845 1195; x_wconf 83' lang='grc' dir='ltr'><strong>πῶς</strong></span> 
     </span>
    </p>
   </div>
   <div class='ocr_carea' id='block_1_25' title="bbox 70 1207 843 1244">
    <p class='ocr_par' dir='ltr' id='par_1_25' title="bbox 70 1207 843 1244">
     <span class='ocr_line' id='line_1_25' title="bbox 70 1207 843 1244; baseline 0.006 -12"><span class='ocrx_word' id='word_1_171' title='bbox 70 1207 96 1233; x_wconf 83' lang='grc' dir='ltr'>ἂν</span> <span class='ocrx_word' id='word_1_172' title='bbox 106 1208 202 1241; x_wconf 80' lang='grc' dir='ltr'>γένοιτο</span> <span class='ocrx_word' id='word_1_173' title='bbox 217 1208 257 1243; x_wconf 82' lang='grc' dir='ltr'>τῷ</span> <span class='ocrx_word' id='word_1_174' title='bbox 272 1208 324 1243; x_wconf 72' lang='grc' dir='ltr'>μὲν</span> <span class='ocrx_word' id='word_1_175' title='bbox 340 1209 419 1244; x_wconf 75' lang='grc' dir='ltr'>σιγὴν</span> <span class='ocrx_word' id='word_1_176' title='bbox 434 1208 488 1235; x_wconf 85' lang='grc' dir='ltr'>τῶν</span> <span class='ocrx_word' id='word_1_177' title='bbox 503 1208 628 1244; x_wconf 76' lang='grc' dir='ltr'>βασάνων</span> <span class='ocrx_word' id='word_1_178' title='bbox 640 1209 843 1237; x_wconf 78' lang='grc' dir='ltr'>ἐπιταττόντων</span> 
     </span>
    </p>
   </div>
   <div class='ocr_carea' id='block_1_26' title="bbox 71 1253 845 1292">
    <p class='ocr_par' dir='ltr' id='par_1_26' title="bbox 71 1253 845 1292">
     <span class='ocr_line' id='line_1_26' title="bbox 71 1253 845 1292; baseline 0.003 -12"><span class='ocrx_word' id='word_1_179' title='bbox 71 1253 118 1287; x_wconf 71' lang='grc' dir='ltr'>(καὶ</span> <span class='ocrx_word' id='word_1_180' title='bbox 133 1253 198 1289; x_wconf 86' lang='grc' dir='ltr'>πλὴν</span> <span class='ocrx_word' id='word_1_181' title='bbox 211 1254 267 1281; x_wconf 77' lang='grc' dir='ltr'>τῶν</span> <span class='ocrx_word' id='word_1_182' title='bbox 287 1254 350 1281; x_wconf 80' lang='grc' dir='ltr'>καθ’</span> <span class='ocrx_word' id='word_1_183' title='bbox 366 1254 463 1281; x_wconf 76' lang='grc' dir='ltr'>ἑαυτὸν</span> <span class='ocrx_word' id='word_1_184' title='bbox 478 1255 643 1290; x_wconf 80' lang='grc' dir='ltr'>στεναγμῶν</span> <span class='ocrx_word' id='word_1_185' title='bbox 662 1264 691 1282; x_wconf 87' lang='grc' dir='ltr'><strong>τε</strong></span> <span class='ocrx_word' id='word_1_186' title='bbox 704 1256 751 1282; x_wconf 82' lang='grc' dir='ltr'>καὶ</span> <span class='ocrx_word' id='word_1_187' title='bbox 763 1255 845 1292; x_wconf 84' lang='grc' dir='ltr'>ὀδυρ-</span> 
     </span>
    </p>
   </div>
   <div class='ocr_carea' id='block_1_27' title="bbox 71 1299 845 1338">
    <p class='ocr_par' dir='ltr' id='par_1_27' title="bbox 71 1299 845 1338">
     <span class='ocr_line' id='line_1_27' title="bbox 71 1299 845 1338; baseline 0.005 -12"><span class='ocrx_word' id='word_1_188' title='bbox 71 1299 120 1333; x_wconf 81' lang='grc' dir='ltr'>μῶν</span> <span class='ocrx_word' id='word_1_189' title='bbox 130 1300 235 1334; x_wconf 83' lang='grc' dir='ltr'>χαλινὸν</span> <span class='ocrx_word' id='word_1_190' title='bbox 248 1301 308 1333; x_wconf 79' lang='grc' dir='ltr'>τοῖς</span> <span class='ocrx_word' id='word_1_191' title='bbox 324 1301 415 1332; x_wconf 86' lang='grc' dir='ltr'>άλλοις</span> <span class='ocrx_word' id='word_1_192' title='bbox 432 1302 646 1338; x_wconf 76' lang='grc' dir='ltr'>ἐπιϐαλλόντων)</span> <span class='ocrx_word' id='word_1_193' title='bbox 660 1310 667 1317; x_wconf 90' lang='grc'>·</span> <span class='ocrx_word' id='word_1_194' title='bbox 681 1302 728 1329; x_wconf 85' lang='grc' dir='ltr'>τοῦ</span> <span class='ocrx_word' id='word_1_195' title='bbox 745 1303 774 1329; x_wconf 77' lang='grc' dir='ltr'><strong>δὲ</strong></span> <span class='ocrx_word' id='word_1_196' title='bbox 791 1311 845 1338; x_wconf 87' lang='grc' dir='ltr'><strong>μη-</strong></span> 
     </span>
    </p>
   </div>
   <div class='ocr_carea' id='block_1_28' title="bbox 70 1345 844 1383">
    <p class='ocr_par' dir='ltr' id='par_1_28' title="bbox 70 1345 844 1383">
     <span class='ocr_line' id='line_1_28' title="bbox 70 1345 844 1383; baseline 0.006 -13"><span class='ocrx_word' id='word_1_197' title='bbox 70 1345 117 1371; x_wconf 75' lang='grc' dir='ltr'>κέτι</span> <span class='ocrx_word' id='word_1_198' title='bbox 129 1346 194 1380; x_wconf 79' lang='grc' dir='ltr'>μετὰ</span> <span class='ocrx_word' id='word_1_199' title='bbox 206 1346 255 1381; x_wconf 72' lang='grc' dir='ltr'><strong>¹ιιὴν</strong></span> <span class='ocrx_word' id='word_1_200' title='bbox 270 1347 363 1382; x_wconf 79' lang='grc' dir='ltr'>κρίσιν</span> <span class='ocrx_word' id='word_1_201' title='bbox 376 1347 445 1383; x_wconf 81' lang='grc' dir='ltr'>πρὸς</span> <span class='ocrx_word' id='word_1_202' title='bbox 459 1347 505 1374; x_wconf 79' lang='grc' dir='ltr'><strong>τὸν</strong></span> <span class='ocrx_word' id='word_1_203' title='bbox 529 1348 638 1382; x_wconf 75' lang='grc' dir='ltr'>ἐφάπαξ</span> <span class='ocrx_word' id='word_1_204' title='bbox 663 1348 844 1375; x_wconf 83' lang='grc' dir='ltr'>καταδεδικα-</span> 
     </span>
    </p>
   </div>
   <div class='ocr_carea' id='block_1_29' title="bbox 71 1391 844 1428">
    <p class='ocr_par' dir='ltr' id='par_1_29' title="bbox 71 1391 844 1428">
     <span class='ocr_line' id='line_1_29' title="bbox 71 1391 844 1428; baseline 0.005 -12"><span class='ocrx_word' id='word_1_205' title='bbox 71 1391 155 1424; x_wconf 81' lang='grc' dir='ltr'>σμένον</span> <span class='ocrx_word' id='word_1_206' title='bbox 168 1392 247 1418; x_wconf 60' lang='lat' dir='ltr'><strong>tmen:</strong></span> <span class='ocrx_word' id='word_1_207' title='bbox 253 1393 405 1428; x_wconf 78' lang='grc' dir='ltr'>ρεφομένου</span> <span class='ocrx_word' id='word_1_208' title='bbox 419 1401 427 1426; x_wconf 87' lang='lat'><strong>;</strong></span> <span class='ocrx_word' id='word_1_209' title='bbox 441 1393 519 1420; x_wconf 83' lang='grc' dir='ltr'>Κατὰ</span> <span class='ocrx_word' id='word_1_210' title='bbox 534 1394 580 1420; x_wconf 81' lang='grc' dir='ltr'><strong>τὸν</strong></span> <span class='ocrx_word' id='word_1_211' title='bbox 593 1393 675 1421; x_wconf 73' lang='grc' dir='ltr'>αὐτον</span> <span class='ocrx_word' id='word_1_212' title='bbox 689 1392 736 1421; x_wconf 85' lang='grc' dir='ltr'>οὖν</span> <span class='ocrx_word' id='word_1_213' title='bbox 748 1394 844 1427; x_wconf 80' lang='grc' dir='ltr'><strong>τύπον,</strong></span> 
     </span>
    </p>
   </div>
   <div class='ocr_carea' id='block_1_30' title="bbox 70 1437 844 1476">
    <p class='ocr_par' dir='ltr' id='par_1_30' title="bbox 70 1437 844 1476">
     <span class='ocr_line' id='line_1_30' title="bbox 70 1437 844 1476; baseline 0.006 -14"><span class='ocrx_word' id='word_1_214' title='bbox 70 1438 106 1463; x_wconf 62' lang='grc' dir='ltr'>καὶ</span> <span class='ocrx_word' id='word_1_215' title='bbox 125 1437 202 1472; x_wconf 80' lang='grc' dir='ltr'>νόμον</span> <span class='ocrx_word' id='word_1_216' title='bbox 219 1439 282 1465; x_wconf 75' lang='grc' dir='ltr'>οὐδὲ</span> <span class='ocrx_word' id='word_1_217' title='bbox 306 1439 340 1466; x_wconf 82' lang='grc' dir='ltr'>τὰ</span> <span class='ocrx_word' id='word_1_218' title='bbox 363 1440 396 1474; x_wconf 83' lang='grc' dir='ltr'>τῇ</span> <span class='ocrx_word' id='word_1_219' title='bbox 426 1439 569 1475; x_wconf 78' lang='grc' dir='ltr'>παραϐολῇ</span> <span class='ocrx_word' id='word_1_220' title='bbox 597 1440 692 1467; x_wconf 84' lang='grc' dir='ltr'>παιδία</span> <span class='ocrx_word' id='word_1_221' title='bbox 718 1441 844 1476; x_wconf 79' lang='grc' dir='ltr'><strong>ζητήσειε</strong></span> 
     </span>
    </p>
   </div>
   <div class='ocr_carea' id='block_1_31' title="bbox 70 1482 843 1520">
    <p class='ocr_par' dir='ltr' id='par_1_31' title="bbox 70 1482 843 1520">
     <span class='ocr_line' id='line_1_31' title="bbox 70 1482 843 1520; baseline 0.005 -12"><span class='ocrx_word' id='word_1_222' title='bbox 70 1483 323 1518; x_wconf 81' lang='grc' dir='ltr'>περιγεγραμμένων</span> <span class='ocrx_word' id='word_1_223' title='bbox 332 1482 487 1519; x_wconf 71' lang='grc' dir='ltr'>προσώπων</span> <span class='ocrx_word' id='word_1_224' title='bbox 496 1485 679 1519; x_wconf 79' lang='grc' dir='ltr'>ἀπαγγέλλειν</span> <span class='ocrx_word' id='word_1_225' title='bbox 690 1485 824 1520; x_wconf 77' lang='grc' dir='ltr'>ἰδιότητας</span> <span class='ocrx_word' id='word_1_226' title='bbox 836 1494 843 1501; x_wconf 88' lang='grc'><strong>·</strong></span> 
     </span>
    </p>
   </div>
   <div class='ocr_carea' id='block_1_32' title="bbox 70 1528 879 1580">
    <p class='ocr_par' dir='ltr' id='par_1_32' title="bbox 70 1528 879 1580">
     <span class='ocr_line' id='line_1_32' title="bbox 70 1528 879 1580; baseline 0.005 -26"><span class='ocrx_word' id='word_1_227' title='bbox 70 1528 125 1555; x_wconf 74' lang='grc' dir='ltr'><strong>ἀλλά</strong></span> <span class='ocrx_word' id='word_1_228' title='bbox 136 1529 187 1564; x_wconf 85' lang='grc' dir='ltr'><strong>γὰρ</strong></span> <span class='ocrx_word' id='word_1_229' title='bbox 199 1529 242 1557; x_wconf 78' lang='grc' dir='ltr'><strong>διὰ</strong></span> <span class='ocrx_word' id='word_1_230' title='bbox 256 1529 314 1556; x_wconf 86' lang='grc' dir='ltr'>τῶν</span> <span class='ocrx_word' id='word_1_231' title='bbox 335 1530 386 1565; x_wconf 83' lang='grc' dir='ltr'>τῆς</span> <span class='ocrx_word' id='word_1_232' title='bbox 415 1530 574 1566; x_wconf 80' lang='grc' dir='ltr'>καινοτέρας</span> <span class='ocrx_word' id='word_1_233' title='bbox 604 1532 696 1566; x_wconf 83' lang='grc' dir='ltr'>φωνῆς</span> <span class='ocrx_word' id='word_1_234' title='bbox 731 1532 844 1566; x_wconf 87' lang='grc' dir='ltr'>ίδιωμά-</span> <span class='ocrx_word' id='word_1_235' title='bbox 858 1550 879 1580; x_wconf 78' lang='lat' dir='ltr'><strong>C</strong></span> 
     </span>
    </p>
   </div>
   <div class='ocr_carea' id='block_1_33' title="bbox 70 1575 844 1612">
    <p class='ocr_par' dir='ltr' id='par_1_33' title="bbox 70 1575 844 1612">
     <span class='ocr_line' id='line_1_33' title="bbox 70 1575 844 1612; baseline 0.005 -12"><span class='ocrx_word' id='word_1_236' title='bbox 70 1582 113 1600; x_wconf 83' lang='grc' dir='ltr'><strong>των</strong></span> <span class='ocrx_word' id='word_1_237' title='bbox 123 1575 166 1601; x_wconf 73' lang='grc' dir='ltr'>καὶ</span> <span class='ocrx_word' id='word_1_238' title='bbox 185 1575 249 1611; x_wconf 74' lang='grc' dir='ltr'>περὶ</span> <span class='ocrx_word' id='word_1_239' title='bbox 285 1575 338 1611; x_wconf 83' lang='grc' dir='ltr'>τῆς</span> <span class='ocrx_word' id='word_1_240' title='bbox 365 1576 554 1611; x_wconf 80' lang='grc' dir='ltr'>προκειμένης</span> <span class='ocrx_word' id='word_1_241' title='bbox 576 1577 734 1612; x_wconf 70' lang='grc' dir='ltr'>παραϐολῆς</span> <span class='ocrx_word' id='word_1_242' title='bbox 761 1577 844 1604; x_wconf 79' lang='grc' dir='ltr'>ἐπέλ-</span> 
     </span>
    </p>
   </div>
   <div class='ocr_carea' id='block_1_34' title="bbox 71 1618 112 1645">
    <p class='ocr_par' dir='ltr' id='par_1_34' title="bbox 71 1618 112 1645">
     <span class='ocr_line' id='line_1_34' title="bbox 71 1618 112 1645; baseline 0.024 -1"><span class='ocrx_word' id='word_1_243' title='bbox 71 1618 112 1645; x_wconf 80' lang='grc' dir='ltr'>θοι.</span> 
     </span>
    </p>
   </div>
   <div class='ocr_carea' id='block_1_35' title="bbox 97 1665 845 1703">
    <p class='ocr_par' dir='ltr' id='par_1_35' title="bbox 97 1665 845 1703">
     <span class='ocr_line' id='line_1_35' title="bbox 97 1665 845 1703; baseline 0.005 -12"><span class='ocrx_word' id='word_1_244' title='bbox 97 1665 145 1692; x_wconf 73' lang='grc' dir='ltr'><strong>Καὶ</strong></span> <span class='ocrx_word' id='word_1_245' title='bbox 156 1665 312 1701; x_wconf 77' lang='grc' dir='ltr'>ὁμοιώσεως</span> <span class='ocrx_word' id='word_1_246' title='bbox 326 1665 414 1693; x_wconf 82' lang='grc' dir='ltr'>ταῦτα</span> <span class='ocrx_word' id='word_1_247' title='bbox 433 1666 466 1694; x_wconf 79' lang='grc' dir='ltr'>ἂν</span> <span class='ocrx_word' id='word_1_248' title='bbox 488 1667 531 1702; x_wconf 77' lang='grc' dir='ltr'><strong>εἴη</strong></span> <span class='ocrx_word' id='word_1_249' title='bbox 545 1675 552 1681; x_wconf 92' lang='grc'><strong>·</strong></span> <span class='ocrx_word' id='word_1_250' title='bbox 567 1667 629 1694; x_wconf 74' lang='grc' dir='ltr'>ἐπεὶ</span> <span class='ocrx_word' id='word_1_251' title='bbox 648 1668 678 1694; x_wconf 84' lang='grc' dir='ltr'>τό</span> <span class='ocrx_word' id='word_1_252' title='bbox 699 1676 731 1702; x_wconf 83' lang='grc' dir='ltr'><strong>γε</strong></span> <span class='ocrx_word' id='word_1_253' title='bbox 756 1669 845 1703; x_wconf 84' lang='grc' dir='ltr'>αίνιγ-</span> 
     </span>
    </p>
   </div>
   <div class='ocr_carea' id='block_1_36' title="bbox 73 1708 844 1749">
    <p class='ocr_par' dir='ltr' id='par_1_36' title="bbox 73 1708 844 1749">
     <span class='ocr_line' id='line_1_36' title="bbox 73 1708 844 1749; baseline 0.005 -14"><span class='ocrx_word' id='word_1_254' title='bbox 73 1710 168 1742; x_wconf 62' lang='lat' dir='ltr'><strong>parum</strong></span> <span class='ocrx_word' id='word_1_255' title='bbox 191 1708 261 1743; x_wconf 80' lang='grc' dir='ltr'>είδος</span> <span class='ocrx_word' id='word_1_256' title='bbox 290 1711 376 1745; x_wconf 78' lang='grc' dir='ltr'>αὐτῆς</span> <span class='ocrx_word' id='word_1_257' title='bbox 387 1731 394 1743; x_wconf 85' lang='grc'><strong>,</strong></span> <span class='ocrx_word' id='word_1_258' title='bbox 409 1711 471 1738; x_wconf 83' lang='grc' dir='ltr'>καθ’</span> <span class='ocrx_word' id='word_1_259' title='bbox 487 1711 501 1737; x_wconf 83' lang='grc' dir='ltr'><strong>ὃ</strong></span> <span class='ocrx_word' id='word_1_260' title='bbox 517 1712 593 1748; x_wconf 80' lang='grc' dir='ltr'>καὶὴ</span> <span class='ocrx_word' id='word_1_261' title='bbox 617 1711 666 1738; x_wconf 82' lang='grc' dir='ltr'>νῦν</span> <span class='ocrx_word' id='word_1_262' title='bbox 692 1711 844 1749; x_wconf 80' lang='grc' dir='ltr'>ἐταζομένη</span> 
     </span>
    </p>
   </div>
   <div class='ocr_carea' id='block_1_37' title="bbox 72 1755 844 1792">
    <p class='ocr_par' dir='ltr' id='par_1_37' title="bbox 72 1755 844 1792">
     <span class='ocr_line' id='line_1_37' title="bbox 72 1755 844 1792; baseline 0.006 -12"><span class='ocrx_word' id='word_1_263' title='bbox 72 1755 267 1791; x_wconf 80' lang='grc' dir='ltr'>προενήνεκται,</span> <span class='ocrx_word' id='word_1_264' title='bbox 294 1757 342 1784; x_wconf 79' lang='grc' dir='ltr'>καὶ</span> <span class='ocrx_word' id='word_1_265' title='bbox 362 1757 471 1792; x_wconf 73' lang='grc' dir='ltr'>ἑτέραις</span> <span class='ocrx_word' id='word_1_266' title='bbox 502 1757 655 1792; x_wconf 83' lang='grc' dir='ltr'>περινοίαις</span> <span class='ocrx_word' id='word_1_267' title='bbox 684 1758 730 1784; x_wconf 85' lang='grc' dir='ltr'>τδν</span> <span class='ocrx_word' id='word_1_268' title='bbox 759 1758 844 1786; x_wconf 76' lang='grc' dir='ltr'>πολὺν</span> 
     </span>
    </p>
   </div>
   <div class='ocr_carea' id='block_1_38' title="bbox 73 1801 845 1839">
    <p class='ocr_par' dir='ltr' id='par_1_38' title="bbox 73 1801 845 1839">
     <span class='ocr_line' id='line_1_38' title="bbox 73 1801 845 1839; baseline 0.004 -12"><span class='ocrx_word' id='word_1_269' title='bbox 73 1801 188 1838; x_wconf 78' lang='grc' dir='ltr'>ἀκροατὴν</span> <span class='ocrx_word' id='word_1_270' title='bbox 226 1804 257 1830; x_wconf 86' lang='grc' dir='ltr'><strong>οὐ</strong></span> <span class='ocrx_word' id='word_1_271' title='bbox 284 1803 521 1839; x_wconf 78' lang='grc' dir='ltr'>παραδεχομέναις</span> <span class='ocrx_word' id='word_1_272' title='bbox 555 1803 768 1839; x_wconf 83' lang='grc' dir='ltr'>θαλαμεύεσθαι.</span> <span class='ocrx_word' id='word_1_273' title='bbox 790 1805 845 1831; x_wconf 83' lang='grc' dir='ltr'><strong>Καὶ</strong></span> 
     </span>
    </p>
   </div>
   <div class='ocr_carea' id='block_1_39' title="bbox 72 1847 843 1885">
    <p class='ocr_par' dir='ltr' id='par_1_39' title="bbox 72 1847 843 1885">
     <span class='ocr_line' id='line_1_39' title="bbox 72 1847 843 1885; baseline 0.008 -14"><span class='ocrx_word' id='word_1_274' title='bbox 72 1847 136 1875; x_wconf 83' lang='grc' dir='ltr'>τοῦτο</span> <span class='ocrx_word' id='word_1_275' title='bbox 146 1849 206 1884; x_wconf 76' lang='grc' dir='ltr'>ἄρα,</span> <span class='ocrx_word' id='word_1_276' title='bbox 222 1850 271 1876; x_wconf 78' lang='grc' dir='ltr'><strong>καὶ</strong></span> <span class='ocrx_word' id='word_1_277' title='bbox 290 1850 305 1875; x_wconf 84' lang='grc' dir='ltr'><strong>ὸ</strong></span> <span class='ocrx_word' id='word_1_278' title='bbox 326 1849 463 1885; x_wconf 86' lang='grc' dir='ltr'>Σωτήριος</span> <span class='ocrx_word' id='word_1_279' title='bbox 472 1849 552 1883; x_wconf 80' lang='grc' dir='ltr'>λόγος</span> <span class='ocrx_word' id='word_1_280' title='bbox 571 1850 826 1885; x_wconf 81' lang='grc' dir='ltr'>ὐποσημαινόμενος</span> <span class='ocrx_word' id='word_1_281' title='bbox 836 1858 843 1865; x_wconf 91' lang='grc'><strong>·</strong></span> 
     </span>
    </p>
   </div>
   <div class='ocr_carea' id='block_1_40' title="bbox 75 1893 846 1932">
    <p class='ocr_par' dir='ltr' id='par_1_40' title="bbox 75 1893 846 1932">
     <span class='ocr_line' id='line_1_40' title="bbox 75 1893 846 1932; baseline 0.003 -11"><span class='ocrx_word' id='word_1_282' title='bbox 75 1902 82 1918; x_wconf 78' lang='lat' dir='ltr'><strong>I</strong></span> <span class='ocrx_word' id='word_1_283' title='bbox 97 1893 176 1930; x_wconf 82' lang='grc' dir='ltr'>Ὑμῖν,</span> <span class='ocrx_word' id='word_1_284' title='bbox 185 1905 208 1926; x_wconf 55' lang='grc' dir='ltr'><strong>ι)</strong></span> <span class='ocrx_word' id='word_1_285' title='bbox 223 1895 305 1929; x_wconf 76' lang='grc' dir='ltr'>ἔλεγε</span> <span class='ocrx_word' id='word_1_286' title='bbox 322 1895 390 1931; x_wconf 78' lang='grc' dir='ltr'>πρὸς</span> <span class='ocrx_word' id='word_1_287' title='bbox 404 1897 467 1927; x_wconf 81' lang='grc' dir='ltr'>τοὺς</span> <span class='ocrx_word' id='word_1_288' title='bbox 480 1896 615 1932; x_wconf 77' lang='grc' dir='ltr'>μαθητὰς,</span> <span class='ocrx_word' id='word_1_289' title='bbox 631 1906 640 1922; x_wconf 82' lang='grc' dir='ltr'><strong>ι</strong></span> <span class='ocrx_word' id='word_1_290' title='bbox 654 1896 759 1923; x_wconf 81' lang='grc' dir='ltr'>δέδοται</span> <span class='ocrx_word' id='word_1_291' title='bbox 775 1897 846 1931; x_wconf 89' lang='grc' dir='ltr'>γνῶ-</span> 
     </span>
    </p>
   </div>
   <div class='ocr_carea' id='block_1_41' title="bbox 77 1942 843 1978">
    <p class='ocr_par' dir='ltr' id='par_1_41' title="bbox 77 1942 843 1978">
     <span class='ocr_line' id='line_1_41' title="bbox 77 1942 843 1978; baseline 0.004 -12"><span class='ocrx_word' id='word_1_292' title='bbox 77 1948 108 1966; x_wconf 60' lang='lat' dir='ltr'><strong>aut</strong></span> <span class='ocrx_word' id='word_1_293' title='bbox 128 1942 158 1968; x_wconf 84' lang='grc' dir='ltr'><strong>τά</strong></span> <span class='ocrx_word' id='word_1_294' title='bbox 181 1942 336 1977; x_wconf 82' lang='grc' dir='ltr'>μυστήρια,</span> <span class='ocrx_word' id='word_1_295' title='bbox 357 1942 471 1974; x_wconf 73' lang='grc' dir='ltr'>ὲκείνοις</span> <span class='ocrx_word' id='word_1_296' title='bbox 492 1942 521 1969; x_wconf 80' lang='grc' dir='ltr'><strong>δὲ</strong></span> <span class='ocrx_word' id='word_1_297' title='bbox 534 1943 563 1968; x_wconf 74' lang='grc' dir='ltr'>ὲν</span> <span class='ocrx_word' id='word_1_298' title='bbox 578 1942 760 1977; x_wconf 81' lang='grc' dir='ltr'>παραϐολαῖς,</span> <span class='ocrx_word' id='word_1_299' title='bbox 781 1952 789 1968; x_wconf 77' lang='grc' dir='ltr'><strong>ι</strong></span> <span class='ocrx_word' id='word_1_300' title='bbox 809 1944 843 1978; x_wconf 83' lang='grc' dir='ltr'><strong>τῇ</strong></span> 
     </span>
    </p>
   </div>
   <div class='ocr_carea' id='block_1_42' title="bbox 74 1987 845 2025">
    <p class='ocr_par' dir='ltr' id='par_1_42' title="bbox 74 1987 845 2025">
     <span class='ocr_line' id='line_1_42' title="bbox 74 1987 845 2025; baseline 0.005 -13"><span class='ocrx_word' id='word_1_301' title='bbox 74 1987 247 2025; x_wconf 73' lang='grc' dir='ltr'>ἀκριϐεστάτη,</span> <span class='ocrx_word' id='word_1_302' title='bbox 267 1989 314 2016; x_wconf 82' lang='grc' dir='ltr'>καὶ</span> <span class='ocrx_word' id='word_1_303' title='bbox 332 1989 402 2015; x_wconf 85' lang='grc' dir='ltr'>κατὰ</span> <span class='ocrx_word' id='word_1_304' title='bbox 425 1988 523 2016; x_wconf 75' lang='grc' dir='ltr'>λεπτὸν</span> <span class='ocrx_word' id='word_1_305' title='bbox 540 1987 698 2022; x_wconf 69' lang='grc' dir='ltr'>ἐπιγνώσει,</span> <span class='ocrx_word' id='word_1_306' title='bbox 715 1990 763 2016; x_wconf 81' lang='grc' dir='ltr'>καὶ</span> <span class='ocrx_word' id='word_1_307' title='bbox 777 1989 845 2016; x_wconf 77' lang='grc' dir='ltr'>ἀνα-</span> 
     </span>
    </p>
   </div>
   <div class='ocr_carea' id='block_1_43' title="bbox 73 2033 843 2071">
    <p class='ocr_par' dir='ltr' id='par_1_43' title="bbox 73 2033 843 2071">
     <span class='ocr_line' id='line_1_43' title="bbox 73 2033 843 2071; baseline 0.005 -12"><span class='ocrx_word' id='word_1_308' title='bbox 73 2033 169 2069; x_wconf 74' lang='grc' dir='ltr'>καλύψει</span> <span class='ocrx_word' id='word_1_309' title='bbox 183 2036 229 2063; x_wconf 78' lang='grc' dir='ltr'>τοῦ</span> <span class='ocrx_word' id='word_1_310' title='bbox 240 2035 403 2071; x_wconf 81' lang='grc' dir='ltr'>μυστηρίου,</span> <span class='ocrx_word' id='word_1_311' title='bbox 412 2035 462 2071; x_wconf 82' lang='grc' dir='ltr'><strong>τὴν</strong></span> <span class='ocrx_word' id='word_1_312' title='bbox 476 2035 548 2063; x_wconf 85' lang='grc' dir='ltr'>κατὰ</span> <span class='ocrx_word' id='word_1_313' title='bbox 557 2035 608 2067; x_wconf 70' lang='grc' dir='ltr'><strong>τὰς</strong></span> <span class='ocrx_word' id='word_1_314' title='bbox 621 2035 782 2071; x_wconf 74' lang='grc' dir='ltr'>παραϐολὰς</span> <span class='ocrx_word' id='word_1_315' title='bbox 795 2036 843 2063; x_wconf 80' lang='grc' dir='ltr'>άν-</span> 
     </span>
    </p>
   </div>
   <div class='ocr_carea' id='block_1_44' title="bbox 73 2079 425 2115">
    <p class='ocr_par' dir='ltr' id='par_1_44' title="bbox 73 2079 425 2115">
     <span class='ocr_line' id='line_1_44' title="bbox 73 2079 425 2115; baseline 0.009 -11"><span class='ocrx_word' id='word_1_316' title='bbox 73 2079 243 2107; x_wconf 78' lang='grc' dir='ltr'>τιδιαστέλλειν</span> <span class='ocrx_word' id='word_1_317' title='bbox 261 2079 425 2115; x_wconf 78' lang='grc' dir='ltr'>κατάληψιν.</span> 
     </span>
    </p>
   </div>
   <div class='ocr_carea' id='block_1_45' title="bbox 99 2169 842 2207">
    <p class='ocr_par' dir='ltr' id='par_1_45' title="bbox 99 2169 842 2207">
     <span class='ocr_line' id='line_1_45' title="bbox 99 2169 842 2207; baseline 0.003 -11"><span class='ocrx_word' id='word_1_318' title='bbox 99 2169 138 2196; x_wconf 84' lang='grc' dir='ltr'>Διὺ</span> <span class='ocrx_word' id='word_1_319' title='bbox 153 2171 197 2197; x_wconf 73' lang='grc' dir='ltr'>καὶ</span> <span class='ocrx_word' id='word_1_320' title='bbox 212 2179 222 2196; x_wconf 81' lang='grc' dir='ltr'><strong>ι</strong></span> <span class='ocrx_word' id='word_1_321' title='bbox 240 2171 347 2205; x_wconf 81' lang='grc' dir='ltr'>Φράσον</span> <span class='ocrx_word' id='word_1_322' title='bbox 358 2171 434 2206; x_wconf 84' lang='grc' dir='ltr'>ἡμῖν.</span> <span class='ocrx_word' id='word_1_323' title='bbox 451 2179 460 2196; x_wconf 74' lang='lat' dir='ltr'><strong>i</strong></span> <span class='ocrx_word' id='word_1_324' title='bbox 476 2170 569 2204; x_wconf 75' lang='grc' dir='ltr'>ἔλεγον</span> <span class='ocrx_word' id='word_1_325' title='bbox 584 2172 609 2197; x_wconf 87' lang='grc' dir='ltr'><strong>οι</strong></span> <span class='ocrx_word' id='word_1_326' title='bbox 619 2171 774 2202; x_wconf 79' lang='grc' dir='ltr'>ἀπόστολοι,</span> <span class='ocrx_word' id='word_1_327' title='bbox 792 2171 842 2207; x_wconf 80' lang='grc' dir='ltr'>τὴν</span> 
     </span>
    </p>
   </div>
   <div class='ocr_carea' id='block_1_46' title="bbox 73 2216 878 2254">
    <p class='ocr_par' dir='ltr' id='par_1_46' title="bbox 73 2216 878 2254">
     <span class='ocr_line' id='line_1_46' title="bbox 73 2216 878 2254; baseline 0.004 -13"><span class='ocrx_word' id='word_1_328' title='bbox 73 2216 210 2251; x_wconf 58' lang='grc' dir='ltr'>παραϐολὴν</span> <span class='ocrx_word' id='word_1_329' title='bbox 229 2216 334 2252; x_wconf 84' lang='grc' dir='ltr'>ταύτην</span> <span class='ocrx_word' id='word_1_330' title='bbox 346 2224 354 2231; x_wconf 78' lang='grc'><strong><em>⁸</em></strong></span> <span class='ocrx_word' id='word_1_331' title='bbox 375 2225 384 2242; x_wconf 75' lang='grc' dir='ltr'><strong>ι</strong></span> <span class='ocrx_word' id='word_1_332' title='bbox 398 2217 503 2251; x_wconf 87' lang='grc' dir='ltr'>ταύτην</span> <span class='ocrx_word' id='word_1_333' title='bbox 518 2217 572 2252; x_wconf 79' lang='grc' dir='ltr'>ἄρα</span> <span class='ocrx_word' id='word_1_334' title='bbox 595 2217 642 2243; x_wconf 78' lang='grc' dir='ltr'><strong>καὶ</strong></span> <span class='ocrx_word' id='word_1_335' title='bbox 656 2216 710 2243; x_wconf 80' lang='grc' dir='ltr'>τῶν</span> <span class='ocrx_word' id='word_1_336' title='bbox 729 2217 840 2244; x_wconf 80' lang='grc' dir='ltr'>ἁπειθε-</span> <span class='ocrx_word' id='word_1_337' title='bbox 857 2226 878 2254; x_wconf 78' lang='grc' dir='ltr'>ι)</span> 
     </span>
    </p>
   </div>
   <div class='ocr_carea' id='block_1_47' title="bbox 74 2261 843 2298">
    <p class='ocr_par' dir='ltr' id='par_1_47' title="bbox 74 2261 843 2298">
     <span class='ocr_line' id='line_1_47' title="bbox 74 2261 843 2298; baseline 0.007 -13"><span class='ocrx_word' id='word_1_338' title='bbox 74 2261 162 2287; x_wconf 66' lang='lat' dir='ltr'><strong>sti-mw</strong></span> <span class='ocrx_word' id='word_1_339' title='bbox 188 2262 321 2289; x_wconf 82' lang='grc' dir='ltr'>Ἰουδαίων</span> <span class='ocrx_word' id='word_1_340' title='bbox 345 2263 361 2297; x_wconf 84' lang='grc' dir='ltr'>ἡ</span> <span class='ocrx_word' id='word_1_341' title='bbox 394 2262 544 2298; x_wconf 75' lang='grc' dir='ltr'>Συναγωγή</span> <span class='ocrx_word' id='word_1_342' title='bbox 574 2273 583 2289; x_wconf 82' lang='grc' dir='ltr'><strong>ι</strong></span> <span class='ocrx_word' id='word_1_343' title='bbox 607 2262 669 2289; x_wconf 77' lang='grc' dir='ltr'>οὔτε</span> <span class='ocrx_word' id='word_1_344' title='bbox 696 2262 843 2298; x_wconf 77' lang='grc' dir='ltr'>βλέποντες</span> 
     </span>
    </p>
   </div>
   <div class='ocr_carea' id='block_1_48' title="bbox 73 2304 843 2343">
    <p class='ocr_par' dir='ltr' id='par_1_48' title="bbox 73 2304 843 2343">
     <span class='ocr_line' id='line_1_48' title="bbox 73 2304 843 2343; baseline 0.005 -12"><span class='ocrx_word' id='word_1_345' title='bbox 73 2304 177 2338; x_wconf 71' lang='grc' dir='ltr'>ἔϐλεπον,</span> <span class='ocrx_word' id='word_1_346' title='bbox 189 2308 234 2334; x_wconf 77' lang='grc' dir='ltr'>καὶ</span> <span class='ocrx_word' id='word_1_347' title='bbox 247 2307 395 2339; x_wconf 80' lang='grc' dir='ltr'>ἀκούοντες</span> <span class='ocrx_word' id='word_1_348' title='bbox 406 2309 457 2335; x_wconf 87' lang='grc' dir='ltr'>οὐκ</span> <span class='ocrx_word' id='word_1_349' title='bbox 466 2308 590 2343; x_wconf 77' lang='grc' dir='ltr'>ἤκουον’»</span> <span class='ocrx_word' id='word_1_350' title='bbox 601 2308 638 2340; x_wconf 85' lang='grc' dir='ltr'><strong>ὡς</strong></span> <span class='ocrx_word' id='word_1_351' title='bbox 652 2308 706 2335; x_wconf 87' lang='grc' dir='ltr'>τῶν</span> <span class='ocrx_word' id='word_1_352' title='bbox 713 2308 843 2335; x_wconf 86' lang='grc' dir='ltr'>τοιούτων</span> 
     </span>
    </p>
   </div>
   <div class='ocr_carea' id='block_1_49' title="bbox 74 2353 842 2389">
    <p class='ocr_par' dir='ltr' id='par_1_49' title="bbox 74 2353 842 2389">
     <span class='ocr_line' id='line_1_49' title="bbox 74 2353 842 2389; baseline 0.005 -13"><span class='ocrx_word' id='word_1_353' title='bbox 74 2353 226 2387; x_wconf 74' lang='grc' dir='ltr'>παραδολῶν,</span> <span class='ocrx_word' id='word_1_354' title='bbox 240 2354 288 2380; x_wconf 85' lang='grc' dir='ltr'>καὶ</span> <span class='ocrx_word' id='word_1_355' title='bbox 301 2353 460 2389; x_wconf 82' lang='grc' dir='ltr'>ὸμοιώσεων</span> <span class='ocrx_word' id='word_1_356' title='bbox 474 2353 553 2380; x_wconf 85' lang='grc' dir='ltr'>τοῦτο</span> <span class='ocrx_word' id='word_1_357' title='bbox 571 2354 619 2388; x_wconf 77' lang='grc' dir='ltr'>μὲν</span> <span class='ocrx_word' id='word_1_358' title='bbox 635 2353 777 2388; x_wconf 74' lang='grc' dir='ltr'>καθορᾶν,</span> <span class='ocrx_word' id='word_1_359' title='bbox 793 2355 842 2381; x_wconf 75' lang='grc' dir='ltr'><strong>καὶ</strong></span> 
     </span>
    </p>
   </div>
   <div class='ocr_carea' id='block_1_50' title="bbox 74 2396 843 2438">
    <p class='ocr_par' dir='ltr' id='par_1_50' title="bbox 74 2396 843 2438">
     <span class='ocr_line' id='line_1_50' title="bbox 74 2396 843 2438; baseline 0.004 -12"><span class='ocrx_word' id='word_1_360' title='bbox 74 2396 175 2426; x_wconf 71' lang='grc' dir='ltr'>ἀκούειν</span> <span class='ocrx_word' id='word_1_361' title='bbox 185 2401 388 2436; x_wconf 78' lang='grc' dir='ltr'>παρεχομένων.</span> <span class='ocrx_word' id='word_1_362' title='bbox 398 2401 429 2427; x_wconf 86' lang='lat' dir='ltr'><strong>El</strong></span> <span class='ocrx_word' id='word_1_363' title='bbox 444 2401 498 2436; x_wconf 79' lang='grc' dir='ltr'><strong>γὰρ</strong></span> <span class='ocrx_word' id='word_1_364' title='bbox 510 2401 559 2427; x_wconf 77' lang='grc' dir='ltr'>καὶ</span> <span class='ocrx_word' id='word_1_365' title='bbox 573 2400 701 2436; x_wconf 80' lang='grc' dir='ltr'>πωρώσει</span> <span class='ocrx_word' id='word_1_366' title='bbox 715 2401 765 2436; x_wconf 84' lang='grc' dir='ltr'>τῆς</span> <span class='ocrx_word' id='word_1_367' title='bbox 774 2411 843 2438; x_wconf 84' lang='grc' dir='ltr'>καρ-</span> 
     </span>
    </p>
   </div>
   <div class='ocr_carea' id='block_1_51' title="bbox 75 2441 845 2482">
    <p class='ocr_par' dir='ltr' id='par_1_51' title="bbox 75 2441 845 2482">
     <span class='ocr_line' id='line_1_51' title="bbox 75 2441 845 2482; baseline 0.01 -16"><span class='ocrx_word' id='word_1_368' title='bbox 75 2441 120 2473; x_wconf 76' lang='grc' dir='ltr'>δίας</span> <span class='ocrx_word' id='word_1_369' title='bbox 131 2445 158 2470; x_wconf 77' lang='grc' dir='ltr'>τὸ</span> <span class='ocrx_word' id='word_1_370' title='bbox 171 2445 223 2472; x_wconf 80' lang='grc' dir='ltr'><strong>τῶν</strong></span> <span class='ocrx_word' id='word_1_371' title='bbox 239 2447 373 2474; x_wconf 72' lang='grc' dir='ltr'>Ἰουδαίων</span> <span class='ocrx_word' id='word_1_372' title='bbox 382 2447 494 2481; x_wconf 74' lang='grc' dir='ltr'>πλῆῦος,</span> <span class='ocrx_word' id='word_1_373' title='bbox 511 2447 560 2473; x_wconf 78' lang='grc' dir='ltr'>καὶ</span> <span class='ocrx_word' id='word_1_374' title='bbox 576 2447 643 2481; x_wconf 85' lang='grc' dir='ltr'>πρὸς</span> <span class='ocrx_word' id='word_1_375' title='bbox 658 2447 689 2473; x_wconf 77' lang='grc' dir='ltr'>τὸ</span> <span class='ocrx_word' id='word_1_376' title='bbox 701 2448 751 2482; x_wconf 80' lang='grc' dir='ltr'>τῆς</span> <span class='ocrx_word' id='word_1_377' title='bbox 767 2449 845 2474; x_wconf 80' lang='grc' dir='ltr'>εὐσε-</span> 
     </span>
    </p>
   </div>
   <div class='ocr_carea' id='block_1_52' title="bbox 76 2486 844 2527">
    <p class='ocr_par' dir='ltr' id='par_1_52' title="bbox 76 2486 844 2527">
     <span class='ocr_line' id='line_1_52' title="bbox 76 2486 844 2527; baseline 0.005 -10"><span class='ocrx_word' id='word_1_378' title='bbox 76 2486 135 2520; x_wconf 70' lang='grc' dir='ltr'><strong>εεῖεις</strong></span> <span class='ocrx_word' id='word_1_379' title='bbox 156 2491 209 2524; x_wconf 81' lang='grc' dir='ltr'>φῶς</span> <span class='ocrx_word' id='word_1_380' title='bbox 230 2493 362 2524; x_wconf 80' lang='grc' dir='ltr'>ἑκουσίως</span> <span class='ocrx_word' id='word_1_381' title='bbox 393 2492 597 2527; x_wconf 80' lang='grc' dir='ltr'>καταμύοντες·</span> <span class='ocrx_word' id='word_1_382' title='bbox 621 2502 630 2518; x_wconf 78' lang='grc' dir='ltr'><strong>ι</strong></span> <span class='ocrx_word' id='word_1_383' title='bbox 645 2493 702 2520; x_wconf 86' lang='grc' dir='ltr'><strong>οὐκ</strong></span> <span class='ocrx_word' id='word_1_384' title='bbox 729 2494 844 2521; x_wconf 77' lang='grc' dir='ltr'>ἔϐλεπον</span> 
     </span>
    </p>
   </div>
   <div class='ocr_carea' id='block_1_53' title="bbox 77 2531 844 2571">
    <p class='ocr_par' dir='ltr' id='par_1_53' title="bbox 77 2531 844 2571">
     <span class='ocr_line' id='line_1_53' title="bbox 77 2531 844 2571; baseline 0.008 -14"><span class='ocrx_word' id='word_1_385' title='bbox 77 2531 208 2567; x_wconf 79' lang='grc' dir='ltr'>βλέποντες,</span> <span class='ocrx_word' id='word_1_386' title='bbox 221 2536 281 2562; x_wconf 72' lang='grc' dir='ltr'>οὐδὲ</span> <span class='ocrx_word' id='word_1_387' title='bbox 293 2537 438 2568; x_wconf 77' lang='grc' dir='ltr'>ἀκούοντες</span> <span class='ocrx_word' id='word_1_388' title='bbox 450 2537 548 2571; x_wconf 74' lang='grc' dir='ltr'>ἤκουον</span> <span class='ocrx_word' id='word_1_389' title='bbox 558 2544 565 2551; x_wconf 89' lang='grc'>·</span> <span class='ocrx_word' id='word_1_390' title='bbox 579 2545 588 2562; x_wconf 71' lang='grc' dir='ltr'><strong>ι</strong></span> <span class='ocrx_word' id='word_1_391' title='bbox 602 2535 671 2571; x_wconf 84' lang='grc' dir='ltr'>πλὴν</span> <span class='ocrx_word' id='word_1_392' title='bbox 681 2536 748 2563; x_wconf 81' lang='grc' dir='ltr'><strong>ἁλλά</strong></span> <span class='ocrx_word' id='word_1_393' title='bbox 756 2546 787 2570; x_wconf 89' lang='grc' dir='ltr'><strong>γε</strong></span> <span class='ocrx_word' id='word_1_394' title='bbox 797 2537 844 2564; x_wconf 78' lang='grc' dir='ltr'><strong>καὶ</strong></span> 
     </span>
    </p>
   </div>
   <div class='ocr_carea' id='block_1_54' title="bbox 77 2579 843 2619">
    <p class='ocr_par' dir='ltr' id='par_1_54' title="bbox 77 2579 843 2619">
     <span class='ocr_line' id='line_1_54' title="bbox 77 2579 843 2619; baseline 0.001 -11"><span class='ocrx_word' id='word_1_395' title='bbox 77 2579 229 2617; x_wconf 71' lang='grc' dir='ltr'>ἠπαραὸολὴ</span> <span class='ocrx_word' id='word_1_396' title='bbox 254 2583 338 2618; x_wconf 82' lang='grc' dir='ltr'>μηδὲν</span> <span class='ocrx_word' id='word_1_397' title='bbox 361 2583 430 2617; x_wconf 75' lang='grc' dir='ltr'>πρὸς</span> <span class='ocrx_word' id='word_1_398' title='bbox 453 2582 503 2618; x_wconf 75' lang='grc' dir='ltr'>τὴν</span> <span class='ocrx_word' id='word_1_399' title='bbox 530 2582 620 2609; x_wconf 82' lang='grc' dir='ltr'>αὐτῶν</span> <span class='ocrx_word' id='word_1_400' title='bbox 641 2582 843 2619; x_wconf 81' lang='grc' dir='ltr'>άνθισταμένην</span> 
     </span>
    </p>
   </div>
   <div class='ocr_carea' id='block_1_55' title="bbox 77 2622 842 2664">
    <p class='ocr_par' dir='ltr' id='par_1_55' title="bbox 77 2622 842 2664">
     <span class='ocr_line' id='line_1_55' title="bbox 77 2622 842 2664; baseline 0.008 -16"><span class='ocrx_word' id='word_1_401' title='bbox 77 2622 175 2652; x_wconf 76' lang='grc' dir='ltr'>διάθεσιν</span> <span class='ocrx_word' id='word_1_402' title='bbox 187 2629 228 2664; x_wconf 83' lang='grc' dir='ltr'><strong>(τῇ</strong></span> <span class='ocrx_word' id='word_1_403' title='bbox 241 2629 294 2663; x_wconf 84' lang='grc' dir='ltr'><strong>γὰρ</strong></span> <span class='ocrx_word' id='word_1_404' title='bbox 306 2628 427 2664; x_wconf 76' lang='grc' dir='ltr'>ἀσαφείᾳ</span> <span class='ocrx_word' id='word_1_405' title='bbox 441 2628 618 2664; x_wconf 82' lang='grc' dir='ltr'>ὲπεσκίαστο)</span> <span class='ocrx_word' id='word_1_406' title='bbox 633 2627 695 2655; x_wconf 79' lang='grc' dir='ltr'>οὔτε</span> <span class='ocrx_word' id='word_1_407' title='bbox 714 2629 842 2664; x_wconf 81' lang='grc' dir='ltr'>ἀγνωμο-</span> 
     </span>
    </p>
   </div>
   <div class='ocr_carea' id='block_1_56' title="bbox 79 2668 842 2711">
    <p class='ocr_par' dir='ltr' id='par_1_56' title="bbox 79 2668 842 2711">
     <span class='ocr_line' id='line_1_56' title="bbox 79 2668 842 2711; baseline -0.007 -6"><span class='ocrx_word' id='word_1_408' title='bbox 79 2668 143 2705; x_wconf 77' lang='grc' dir='ltr'><strong>σύνης</strong></span> <span class='ocrx_word' id='word_1_409' title='bbox 157 2672 279 2711; x_wconf 75' lang='grc' dir='ltr'>ἀφορμήν</span> <span class='ocrx_word' id='word_1_410' title='bbox 295 2684 356 2702; x_wconf 86' lang='grc' dir='ltr'>τινα</span> <span class='ocrx_word' id='word_1_411' title='bbox 370 2675 534 2710; x_wconf 78' lang='grc' dir='ltr'>παρέχεται·</span> <span class='ocrx_word' id='word_1_412' title='bbox 549 2674 618 2702; x_wconf 80' lang='grc' dir='ltr'>ἀλλὰ</span> <span class='ocrx_word' id='word_1_413' title='bbox 631 2675 678 2701; x_wconf 84' lang='grc' dir='ltr'><strong>καί</strong></span> <span class='ocrx_word' id='word_1_414' title='bbox 688 2674 733 2701; x_wconf 75' lang='grc' dir='ltr'><strong>τὸν</strong></span> <span class='ocrx_word' id='word_1_415' title='bbox 741 2674 842 2708; x_wconf 85' lang='grc' dir='ltr'>τρόπον</span> 
     </span>
    </p>
   </div>
   <div class='ocr_carea' id='block_1_57' title="bbox 78 2713 842 2756">
    <p class='ocr_par' dir='ltr' id='par_1_57' title="bbox 78 2713 842 2756">
     <span class='ocr_line' id='line_1_57' title="bbox 78 2713 842 2756; baseline 0.01 -18"><span class='ocrx_word' id='word_1_416' title='bbox 78 2713 149 2742; x_wconf 68' lang='grc' dir='ltr'>αὐτῶν</span> <span class='ocrx_word' id='word_1_417' title='bbox 162 2718 206 2754; x_wconf 80' lang='grc' dir='ltr'>τῆς</span> <span class='ocrx_word' id='word_1_418' title='bbox 221 2720 355 2752; x_wconf 80' lang='grc' dir='ltr'>ἀπαθείας</span> <span class='ocrx_word' id='word_1_419' title='bbox 369 2720 472 2755; x_wconf 81' lang='grc' dir='ltr'>μᾶλλον</span> <span class='ocrx_word' id='word_1_420' title='bbox 491 2720 626 2755; x_wconf 84' lang='grc' dir='ltr'>διελέγχει</span> <span class='ocrx_word' id='word_1_421' title='bbox 636 2727 643 2735; x_wconf 74' lang='grc' dir='ltr'>ο</span> <span class='ocrx_word' id='word_1_422' title='bbox 659 2720 700 2746; x_wconf 74' lang='grc' dir='ltr'>ὅτι</span> <span class='ocrx_word' id='word_1_423' title='bbox 718 2720 778 2746; x_wconf 77' lang='grc' dir='ltr'>δέον</span> <span class='ocrx_word' id='word_1_424' title='bbox 794 2719 842 2756; x_wconf 86' lang='grc' dir='ltr'><strong>ζη-</strong></span> 
     </span>
    </p>
   </div>
   <div class='ocr_carea' id='block_1_58' title="bbox 106 2835 341 2874">
    <p class='ocr_par' dir='ltr' id='par_1_58' title="bbox 106 2835 341 2874">
     <span class='ocr_line' id='line_1_58' title="bbox 106 2835 341 2874; baseline 0.017 -9"><span class='ocrx_word' id='word_1_425' title='bbox 106 2835 124 2852; x_wconf 81' lang='grc'><strong>¹¹</strong></span> <span class='ocrx_word' id='word_1_426' title='bbox 141 2837 200 2866; x_wconf 82' lang='lat' dir='ltr'><strong>Luc.</strong></span> <span class='ocrx_word' id='word_1_427' title='bbox 226 2849 268 2874; x_wconf 79' lang='lat' dir='ltr'><strong>xv,</strong></span> <span class='ocrx_word' id='word_1_428' title='bbox 296 2842 341 2869; x_wconf 77' lang='lat' dir='ltr'><strong>l5.</strong></span> 
     </span>
    </p>
   </div>
   <div class='ocr_carea' id='block_1_59' title="bbox 388 2843 859 2877">
    <p class='ocr_par' dir='ltr' id='par_1_59' title="bbox 388 2843 859 2877">
     <span class='ocr_line' id='line_1_59' title="bbox 388 2843 859 2877; baseline 0.004 -7"><span class='ocrx_word' id='word_1_429' title='bbox 388 2843 410 2860; x_wconf 80' lang='lat'>“</span> <span class='ocrx_word' id='word_1_430' title='bbox 439 2843 505 2871; x_wconf 82' lang='lat' dir='ltr'><strong>ibid.</strong></span> <span class='ocrx_word' id='word_1_431' title='bbox 533 2843 625 2877; x_wconf 62' lang='lat'><strong>17,“).</strong></span> <span class='ocrx_word' id='word_1_432' title='bbox 676 2843 699 2859; x_wconf 62' lang='grc' dir='ltr'>’λ</span> <span class='ocrx_word' id='word_1_433' title='bbox 724 2843 790 2871; x_wconf 85' lang='lat' dir='ltr'><strong>ibid.</strong></span> <span class='ocrx_word' id='word_1_434' title='bbox 814 2844 859 2872; x_wconf 68' lang='grc'><strong>28.</strong></span> 
     </span>
    </p>
   </div>
   <div class='ocr_carea' id='block_1_60' title="bbox 901 251 1693 287">
    <p class='ocr_par' dir='ltr' id='par_1_60' title="bbox 901 251 1693 287">
     <span class='ocr_line' id='line_1_60' title="bbox 901 251 1693 287; baseline 0.001 -9"><span class='ocrx_word' id='word_1_435' title='bbox 901 260 964 279; x_wconf 90' lang='lat' dir='ltr'><strong>nam</strong></span> <span class='ocrx_word' id='word_1_436' title='bbox 990 257 1055 279; x_wconf 88' lang='lat' dir='ltr'><strong>sunt</strong></span> <span class='ocrx_word' id='word_1_437' title='bbox 1081 252 1171 278; x_wconf 76' lang='lat' dir='ltr'><strong>&quot;1Si</strong></span> <span class='ocrx_word' id='word_1_438' title='bbox 1201 252 1349 278; x_wconf 88' lang='lat' dir='ltr'><strong>humanum</strong></span> <span class='ocrx_word' id='word_1_439' title='bbox 1377 259 1463 287; x_wconf 71' lang='lat' dir='ltr'><strong>genus</strong></span> <span class='ocrx_word' id='word_1_440' title='bbox 1492 251 1519 278; x_wconf 93' lang='lat' dir='ltr'><strong>in</strong></span> <span class='ocrx_word' id='word_1_441' title='bbox 1552 251 1642 285; x_wconf 85' lang='lat' dir='ltr'><strong>justos</strong></span> <span class='ocrx_word' id='word_1_442' title='bbox 1665 256 1693 279; x_wconf 86' lang='lat' dir='ltr'><strong>et</strong></span> 
     </span>
    </p>
   </div>
   <div class='ocr_carea' id='block_1_61' title="bbox 900 297 1690 332">
    <p class='ocr_par' dir='ltr' id='par_1_61' title="bbox 900 297 1690 332">
     <span class='ocr_line' id='line_1_61' title="bbox 900 297 1690 332; baseline 0 -8"><span class='ocrx_word' id='word_1_443' title='bbox 900 302 1058 332; x_wconf 86' lang='lat' dir='ltr'><strong>peccatores</strong></span> <span class='ocrx_word' id='word_1_444' title='bbox 1074 298 1253 332; x_wconf 80' lang='lat' dir='ltr'><strong>discerptum,</strong></span> <span class='ocrx_word' id='word_1_445' title='bbox 1271 297 1379 324; x_wconf 87' lang='lat' dir='ltr'><strong>duobus</strong></span> <span class='ocrx_word' id='word_1_446' title='bbox 1408 297 1471 324; x_wconf 78' lang='lat' dir='ltr'><strong>(iliis</strong></span> <span class='ocrx_word' id='word_1_447' title='bbox 1491 297 1518 324; x_wconf 93' lang='lat' dir='ltr'><strong>in</strong></span> <span class='ocrx_word' id='word_1_448' title='bbox 1533 297 1690 332; x_wconf 89' lang='lat' dir='ltr'><strong>parabolam</strong></span> 
     </span>
    </p>
   </div>
   <div class='ocr_carea' id='block_1_62' title="bbox 899 342 1690 378">
    <p class='ocr_par' dir='ltr' id='par_1_62' title="bbox 899 342 1690 378">
     <span class='ocr_line' id='line_1_62' title="bbox 899 342 1690 378; baseline -0.001 -8"><span class='ocrx_word' id='word_1_449' title='bbox 899 343 1019 371; x_wconf 89' lang='lat' dir='ltr'><strong>inductis</strong></span> <span class='ocrx_word' id='word_1_450' title='bbox 1043 344 1221 378; x_wconf 79' lang='lat' dir='ltr'><strong>signiticatur,</strong></span> <span class='ocrx_word' id='word_1_451' title='bbox 1251 343 1391 377; x_wconf 85' lang='lat' dir='ltr'><strong>quomodo</strong></span> <span class='ocrx_word' id='word_1_452' title='bbox 1406 343 1517 378; x_wconf 85' lang='lat' dir='ltr'><strong>juvenis</strong></span> <span class='ocrx_word' id='word_1_453' title='bbox 1541 343 1593 370; x_wconf 88' lang='lat' dir='ltr'><strong>iste</strong></span> <span class='ocrx_word' id='word_1_454' title='bbox 1618 342 1690 370; x_wconf 81' lang='lat' dir='ltr'><strong>sicut</strong></span> 
     </span>
    </p>
   </div>
   <div class='ocr_carea' id='block_1_63' title="bbox 901 388 1689 423">
    <p class='ocr_par' dir='ltr' id='par_1_63' title="bbox 901 388 1689 423">
     <span class='ocr_line' id='line_1_63' title="bbox 901 388 1689 423; baseline 0 -7"><span class='ocrx_word' id='word_1_455' title='bbox 901 397 971 416; x_wconf 84' lang='lat' dir='ltr'><strong>unus</strong></span> <span class='ocrx_word' id='word_1_456' title='bbox 994 397 1028 415; x_wconf 64' lang='lat' dir='ltr'><strong>er</strong></span> <span class='ocrx_word' id='word_1_457' title='bbox 1049 390 1225 416; x_wconf 84' lang='lat' dir='ltr'><strong>mercenariis</strong></span> <span class='ocrx_word' id='word_1_458' title='bbox 1242 389 1327 423; x_wconf 87' lang='lat' dir='ltr'><strong>patris</strong></span> <span class='ocrx_word' id='word_1_459' title='bbox 1351 396 1412 416; x_wconf 86' lang='lat' dir='ltr'><strong>esse</strong></span> <span class='ocrx_word' id='word_1_460' title='bbox 1441 389 1588 423; x_wconf 79' lang='lat' dir='ltr'><strong>cupiebat?</strong></span> <span class='ocrx_word' id='word_1_461' title='bbox 1603 388 1689 416; x_wconf 78' lang='lat' dir='ltr'><strong>Filius</strong></span> 
     </span>
    </p>
   </div>
   <div class='ocr_carea' id='block_1_64' title="bbox 900 434 1689 469">
    <p class='ocr_par' dir='ltr' id='par_1_64' title="bbox 900 434 1689 469">
     <span class='ocr_line' id='line_1_64' title="bbox 900 434 1689 469; baseline 0 -8"><span class='ocrx_word' id='word_1_462' title='bbox 900 439 989 462; x_wconf 82' lang='lat' dir='ltr'><strong>autem</strong></span> <span class='ocrx_word' id='word_1_463' title='bbox 1009 435 1111 467; x_wconf 77' lang='lat' dir='ltr'><strong>senior,</strong></span> <span class='ocrx_word' id='word_1_464' title='bbox 1125 435 1171 469; x_wconf 88' lang='lat' dir='ltr'><strong>qui</strong></span> <span class='ocrx_word' id='word_1_465' title='bbox 1192 435 1263 469; x_wconf 88' lang='lat' dir='ltr'><strong>patri</strong></span> <span class='ocrx_word' id='word_1_466' title='bbox 1281 434 1308 460; x_wconf 90' lang='lat' dir='ltr'><strong>in</strong></span> <span class='ocrx_word' id='word_1_467' title='bbox 1326 435 1457 461; x_wconf 88' lang='lat' dir='ltr'><strong>omnibus</strong></span> <span class='ocrx_word' id='word_1_468' title='bbox 1475 435 1689 468; x_wconf 72' lang='lat' dir='ltr'><strong>obsequebatur,</strong></span> 
     </span>
    </p>
   </div>
   <div class='ocr_carea' id='block_1_65' title="bbox 899 480 1690 515">
    <p class='ocr_par' dir='ltr' id='par_1_65' title="bbox 899 480 1690 515">
     <span class='ocr_line' id='line_1_65' title="bbox 899 480 1690 515; baseline 0.001 -8"><span class='ocrx_word' id='word_1_469' title='bbox 899 486 927 508; x_wconf 92' lang='lat' dir='ltr'><strong>et</strong></span> <span class='ocrx_word' id='word_1_470' title='bbox 944 485 1037 515; x_wconf 84' lang='lat' dir='ltr'><strong>postea</strong></span> <span class='ocrx_word' id='word_1_471' title='bbox 1052 480 1151 507; x_wconf 83' lang='lat' dir='ltr'><strong>invidis</strong></span> <span class='ocrx_word' id='word_1_472' title='bbox 1167 481 1255 507; x_wconf 90' lang='lat' dir='ltr'><strong>oculis</strong></span> <span class='ocrx_word' id='word_1_473' title='bbox 1273 481 1480 510; x_wconf 86' lang='lat' dir='ltr'><strong>coaversionem</strong></span> <span class='ocrx_word' id='word_1_474' title='bbox 1518 481 1690 515; x_wconf 73' lang='lat' dir='ltr'><strong>salutemque</strong></span> 
     </span>
    </p>
   </div>
   <div class='ocr_carea' id='block_1_66' title="bbox 898 525 1690 560">
    <p class='ocr_par' dir='ltr' id='par_1_66' title="bbox 898 525 1690 560">
     <span class='ocr_line' id='line_1_66' title="bbox 898 525 1690 560; baseline 0 -8"><span class='ocrx_word' id='word_1_475' title='bbox 898 525 992 552; x_wconf 77' lang='lat' dir='ltr'><strong>fratris</strong></span> <span class='ocrx_word' id='word_1_476' title='bbox 1012 526 1204 560; x_wconf 86' lang='lat' dir='ltr'><strong>conspiciebat,</strong></span> <span class='ocrx_word' id='word_1_477' title='bbox 1221 533 1253 552; x_wconf 89' lang='lat' dir='ltr'><strong>ac</strong></span> <span class='ocrx_word' id='word_1_478' title='bbox 1275 526 1307 552; x_wconf 89' lang='lat' dir='ltr'><strong>de</strong></span> <span class='ocrx_word' id='word_1_479' title='bbox 1332 525 1617 560; x_wconf 77' lang='lat' dir='ltr'><strong>hujusjustiﬁcatione</strong></span> <span class='ocrx_word' id='word_1_480' title='bbox 1634 526 1690 552; x_wconf 88' lang='lat' dir='ltr'><strong>ira-</strong></span> 
     </span>
    </p>
   </div>
   <div class='ocr_carea' id='block_1_67' title="bbox 899 572 1690 606">
    <p class='ocr_par' dir='ltr' id='par_1_67' title="bbox 899 572 1690 606">
     <span class='ocr_line' id='line_1_67' title="bbox 899 572 1690 606; baseline 0.003 -8"><span class='ocrx_word' id='word_1_481' title='bbox 899 572 1026 599; x_wconf 82' lang='lat' dir='ltr'><strong>scebatur</strong></span> <span class='ocrx_word' id='word_1_482' title='bbox 1053 572 1079 598; x_wconf 90' lang='lat' dir='ltr'><strong>in</strong></span> <span class='ocrx_word' id='word_1_483' title='bbox 1116 572 1272 606; x_wconf 80' lang='lat' dir='ltr'><strong>patrem“,</strong></span> <span class='ocrx_word' id='word_1_484' title='bbox 1298 572 1449 606; x_wconf 88' lang='lat' dir='ltr'><strong>quomodo,</strong></span> <span class='ocrx_word' id='word_1_485' title='bbox 1476 579 1581 606; x_wconf 68' lang='lat' dir='ltr'><strong>quaeso,</strong></span> <span class='ocrx_word' id='word_1_486' title='bbox 1608 572 1690 600; x_wconf 80' lang='lat' dir='ltr'><strong>alicui</strong></span> 
     </span>
    </p>
   </div>
   <div class='ocr_carea' id='block_1_68' title="bbox 898 617 1691 652">
    <p class='ocr_par' dir='ltr' id='par_1_68' title="bbox 898 617 1691 652">
     <span class='ocr_line' id='line_1_68' title="bbox 898 617 1691 652; baseline 0 -7"><span class='ocrx_word' id='word_1_487' title='bbox 898 618 1010 646; x_wconf 77' lang='lat' dir='ltr'><strong>deﬁnito</strong></span> <span class='ocrx_word' id='word_1_488' title='bbox 1025 618 1128 645; x_wconf 88' lang='lat' dir='ltr'><strong>homini</strong></span> <span class='ocrx_word' id='word_1_489' title='bbox 1142 622 1235 652; x_wconf 83' lang='lat' dir='ltr'><strong>posset</strong></span> <span class='ocrx_word' id='word_1_490' title='bbox 1259 618 1390 652; x_wconf 80' lang='lat' dir='ltr'><strong>applicari</strong></span> <span class='ocrx_word' id='word_1_491' title='bbox 1408 617 1419 644; x_wconf 89' lang='lat'><strong>?</strong></span> <span class='ocrx_word' id='word_1_492' title='bbox 1437 617 1475 644; x_wconf 83' lang='lat' dir='ltr'><strong>Ex</strong></span> <span class='ocrx_word' id='word_1_493' title='bbox 1508 625 1563 652; x_wconf 89' lang='lat' dir='ltr'><strong>quo</strong></span> <span class='ocrx_word' id='word_1_494' title='bbox 1585 618 1691 652; x_wconf 84' lang='lat' dir='ltr'><strong>perspi-</strong></span> 
     </span>
    </p>
   </div>
   <div class='ocr_carea' id='block_1_69' title="bbox 899 663 1691 699">
    <p class='ocr_par' dir='ltr' id='par_1_69' title="bbox 899 663 1691 699">
     <span class='ocr_line' id='line_1_69' title="bbox 899 663 1691 699; baseline -0.001 -8"><span class='ocrx_word' id='word_1_495' title='bbox 899 664 980 697; x_wconf 82' lang='lat' dir='ltr'><strong>citur,</strong></span> <span class='ocrx_word' id='word_1_496' title='bbox 996 665 1067 699; x_wconf 89' lang='lat' dir='ltr'><strong>quod</strong></span> <span class='ocrx_word' id='word_1_497' title='bbox 1088 672 1144 691; x_wconf 86' lang='lat' dir='ltr'><strong>non</strong></span> <span class='ocrx_word' id='word_1_498' title='bbox 1160 665 1239 691; x_wconf 84' lang='lat' dir='ltr'><strong>liceat</strong></span> <span class='ocrx_word' id='word_1_499' title='bbox 1250 671 1347 691; x_wconf 89' lang='lat' dir='ltr'><strong>omnes</strong></span> <span class='ocrx_word' id='word_1_500' title='bbox 1363 663 1500 698; x_wconf 64' lang='lat' dir='ltr'><strong>parabolae</strong></span> <span class='ocrx_word' id='word_1_501' title='bbox 1512 668 1603 698; x_wconf 86' lang='lat' dir='ltr'><strong>partes</strong></span> <span class='ocrx_word' id='word_1_502' title='bbox 1616 664 1691 691; x_wconf 89' lang='lat' dir='ltr'><strong>solli-</strong></span> 
     </span>
    </p>
   </div>
   <div class='ocr_carea' id='block_1_70' title="bbox 900 710 1690 746">
    <p class='ocr_par' dir='ltr' id='par_1_70' title="bbox 900 710 1690 746">
     <span class='ocr_line' id='line_1_70' title="bbox 900 710 1690 746; baseline -0.003 -8"><span class='ocrx_word' id='word_1_503' title='bbox 900 711 952 738; x_wconf 88' lang='lat' dir='ltr'><strong>cite</strong></span> <span class='ocrx_word' id='word_1_504' title='bbox 967 710 1135 746; x_wconf 69' lang='lat' dir='ltr'><strong>perquirere,</strong></span> <span class='ocrx_word' id='word_1_505' title='bbox 1163 711 1341 743; x_wconf 87' lang='lat' dir='ltr'><strong>omniumque</strong></span> <span class='ocrx_word' id='word_1_506' title='bbox 1364 710 1497 737; x_wconf 85' lang='lat' dir='ltr'><strong>rationem</strong></span> <span class='ocrx_word' id='word_1_507' title='bbox 1517 717 1665 744; x_wconf 80' lang='lat' dir='ltr'><strong>exposcere</strong></span> <span class='ocrx_word' id='word_1_508' title='bbox 1681 729 1690 743; x_wconf 86' lang='lat'><strong>,</strong></span> 
     </span>
    </p>
   </div>
   <div class='ocr_carea' id='block_1_71' title="bbox 899 756 1689 791">
    <p class='ocr_par' dir='ltr' id='par_1_71' title="bbox 899 756 1689 791">
     <span class='ocr_line' id='line_1_71' title="bbox 899 756 1689 791; baseline -0.001 -7"><span class='ocrx_word' id='word_1_509' title='bbox 899 756 946 784; x_wconf 82' lang='lat' dir='ltr'><strong>sed</strong></span> <span class='ocrx_word' id='word_1_510' title='bbox 966 757 999 784; x_wconf 87' lang='lat' dir='ltr'><strong>ad</strong></span> <span class='ocrx_word' id='word_1_511' title='bbox 1025 757 1091 784; x_wconf 88' lang='lat' dir='ltr'><strong>illud</strong></span> <span class='ocrx_word' id='word_1_512' title='bbox 1112 756 1300 784; x_wconf 78' lang='lat' dir='ltr'><strong>tantummodo</strong></span> <span class='ocrx_word' id='word_1_513' title='bbox 1311 756 1433 784; x_wconf 88' lang='lat' dir='ltr'><strong>animum</strong></span> <span class='ocrx_word' id='word_1_514' title='bbox 1448 756 1604 788; x_wconf 84' lang='lat' dir='ltr'><strong>admovere.</strong></span> <span class='ocrx_word' id='word_1_515' title='bbox 1617 756 1689 791; x_wconf 91' lang='lat' dir='ltr'><strong>quod</strong></span> 
     </span>
    </p>
   </div>
   <div class='ocr_carea' id='block_1_72' title="bbox 900 802 1322 837">
    <p class='ocr_par' dir='ltr' id='par_1_72' title="bbox 900 802 1322 837">
     <span class='ocr_line' id='line_1_72' title="bbox 900 802 1322 837; baseline 0.002 -9"><span class='ocrx_word' id='word_1_516' title='bbox 900 809 948 837; x_wconf 90' lang='lat' dir='ltr'><strong>per</strong></span> <span class='ocrx_word' id='word_1_517' title='bbox 963 802 1001 829; x_wconf 87' lang='lat' dir='ltr'><strong>rei</strong></span> <span class='ocrx_word' id='word_1_518' title='bbox 1018 810 1154 829; x_wconf 81' lang='lat' dir='ltr'><strong>summam</strong></span> <span class='ocrx_word' id='word_1_519' title='bbox 1174 802 1322 829; x_wconf 82' lang='lat' dir='ltr'><strong>indicatur-</strong></span> 
     </span>
    </p>
   </div>
   <div class='ocr_carea' id='block_1_73' title="bbox 936 847 1689 882">
    <p class='ocr_par' dir='ltr' id='par_1_73' title="bbox 936 847 1689 882">
     <span class='ocr_line' id='line_1_73' title="bbox 936 847 1689 882; baseline 0 -7"><span class='ocrx_word' id='word_1_520' title='bbox 936 848 1068 875; x_wconf 71' lang='lat' dir='ltr'><strong>Przeterea</strong></span> <span class='ocrx_word' id='word_1_521' title='bbox 1098 848 1207 875; x_wconf 91' lang='lat' dir='ltr'><strong>cuinam</strong></span> <span class='ocrx_word' id='word_1_522' title='bbox 1231 855 1355 882; x_wconf 66' lang='lat' dir='ltr'><strong>personae</strong></span> <span class='ocrx_word' id='word_1_523' title='bbox 1380 847 1489 875; x_wconf 84' lang='lat' dir='ltr'><strong>divitem</strong></span> <span class='ocrx_word' id='word_1_524' title='bbox 1525 848 1613 879; x_wconf 87' lang='lat' dir='ltr'><strong>illum,</strong></span> <span class='ocrx_word' id='word_1_525' title='bbox 1642 848 1689 882; x_wconf 87' lang='lat' dir='ltr'><strong>qni</strong></span> 
     </span>
    </p>
   </div>
   <div class='ocr_carea' id='block_1_74' title="bbox 896 892 1690 928">
    <p class='ocr_par' dir='ltr' id='par_1_74' title="bbox 896 892 1690 928">
     <span class='ocr_line' id='line_1_74' title="bbox 896 892 1690 928; baseline 0.003 -10"><span class='ocrx_word' id='word_1_526' title='bbox 896 892 1014 920; x_wconf 71' lang='lat' dir='ltr'><strong>villicum</strong></span> <span class='ocrx_word' id='word_1_527' title='bbox 1036 892 1206 920; x_wconf 81' lang='lat' dir='ltr'><strong>dill&#39;amatum</strong></span> <span class='ocrx_word' id='word_1_528' title='bbox 1231 900 1288 920; x_wconf 64' lang='lat' dir='ltr'><strong>suae</strong></span> <span class='ocrx_word' id='word_1_529' title='bbox 1313 893 1386 920; x_wconf 90' lang='lat' dir='ltr'><strong>domi</strong></span> <span class='ocrx_word' id='word_1_530' title='bbox 1417 892 1575 928; x_wconf 68' lang='lat' dir='ltr'><strong>praefectum</strong></span> <span class='ocrx_word' id='word_1_531' title='bbox 1605 893 1690 920; x_wconf 91' lang='lat' dir='ltr'><strong>habe-</strong></span> 
     </span>
    </p>
   </div>
   <div class='ocr_carea' id='block_1_75' title="bbox 895 939 1690 974">
    <p class='ocr_par' dir='ltr' id='par_1_75' title="bbox 895 939 1690 974">
     <span class='ocr_line' id='line_1_75' title="bbox 895 939 1690 974; baseline 0 -8"><span class='ocrx_word' id='word_1_532' title='bbox 895 939 942 966; x_wconf 84' lang='lat' dir='ltr'><strong>bat</strong></span> <span class='ocrx_word' id='word_1_533' title='bbox 957 939 990 971; x_wconf 82' lang='lat'><strong>&quot;’,</strong></span> <span class='ocrx_word' id='word_1_534' title='bbox 1007 939 1144 974; x_wconf 82' lang='lat' dir='ltr'><strong>quispiam</strong></span> <span class='ocrx_word' id='word_1_535' title='bbox 1164 940 1370 974; x_wconf 85' lang='lat' dir='ltr'><strong>appropriarit?</strong></span> <span class='ocrx_word' id='word_1_536' title='bbox 1392 939 1530 972; x_wconf 82' lang='lat' dir='ltr'><strong>Quosnam</strong></span> <span class='ocrx_word' id='word_1_537' title='bbox 1551 947 1616 967; x_wconf 87' lang='lat' dir='ltr'><strong>vero</strong></span> <span class='ocrx_word' id='word_1_538' title='bbox 1627 947 1690 967; x_wconf 85' lang='lat' dir='ltr'><strong>esse</strong></span> 
     </span>
    </p>
   </div>
   <div class='ocr_carea' id='block_1_76' title="bbox 895 984 1691 1013">
    <p class='ocr_par' dir='ltr' id='par_1_76' title="bbox 895 984 1691 1013">
     <span class='ocr_line' id='line_1_76' title="bbox 895 984 1691 1013; baseline 0 -1"><span class='ocrx_word' id='word_1_539' title='bbox 895 984 994 1013; x_wconf 80' lang='lat' dir='ltr'><strong>dixerit</strong></span> <span class='ocrx_word' id='word_1_540' title='bbox 1007 985 1080 1013; x_wconf 86' lang='lat' dir='ltr'><strong>illius</strong></span> <span class='ocrx_word' id='word_1_541' title='bbox 1094 986 1288 1013; x_wconf 82' lang='lat' dir='ltr'><strong>accusatores?</strong></span> <span class='ocrx_word' id='word_1_542' title='bbox 1307 985 1391 1012; x_wconf 90' lang='lat' dir='ltr'><strong>Porro</strong></span> <span class='ocrx_word' id='word_1_543' title='bbox 1410 985 1554 1013; x_wconf 79' lang='lat' dir='ltr'><strong>retributio</strong></span> <span class='ocrx_word' id='word_1_544' title='bbox 1577 985 1691 1012; x_wconf 76' lang='lat' dir='ltr'><strong>felicita-</strong></span> 
     </span>
    </p>
   </div>
   <div class='ocr_carea' id='block_1_77' title="bbox 897 1030 1687 1062">
    <p class='ocr_par' dir='ltr' id='par_1_77' title="bbox 897 1030 1687 1062">
     <span class='ocr_line' id='line_1_77' title="bbox 897 1030 1687 1062; baseline -0.001 -5"><span class='ocrx_word' id='word_1_545' title='bbox 897 1031 932 1058; x_wconf 84' lang='lat' dir='ltr'><strong>tis</strong></span> <span class='ocrx_word' id='word_1_546' title='bbox 948 1030 1062 1062; x_wconf 81' lang='lat' dir='ltr'><strong>Lazaro,</strong></span> <span class='ocrx_word' id='word_1_547' title='bbox 1082 1035 1110 1058; x_wconf 88' lang='lat' dir='ltr'><strong>et</strong></span> <span class='ocrx_word' id='word_1_548' title='bbox 1123 1030 1318 1058; x_wconf 78' lang='lat' dir='ltr'><strong>insanabilium</strong></span> <span class='ocrx_word' id='word_1_549' title='bbox 1344 1038 1526 1058; x_wconf 63' lang='lat' dir='ltr'><strong>aerumnarum</strong></span> <span class='ocrx_word' id='word_1_550' title='bbox 1554 1031 1631 1058; x_wconf 91' lang='lat' dir='ltr'><strong>diviti</strong></span> <span class='ocrx_word' id='word_1_551' title='bbox 1649 1031 1687 1062; x_wconf 88' lang='lat'><strong>“,</strong></span> 
     </span>
    </p>
   </div>
   <div class='ocr_carea' id='block_1_78' title="bbox 896 1075 1688 1111">
    <p class='ocr_par' dir='ltr' id='par_1_78' title="bbox 896 1075 1688 1111">
     <span class='ocr_line' id='line_1_78' title="bbox 896 1075 1688 1111; baseline 0.001 -8"><span class='ocrx_word' id='word_1_552' title='bbox 896 1076 1033 1111; x_wconf 88' lang='lat' dir='ltr'><strong>quomodo</strong></span> <span class='ocrx_word' id='word_1_553' title='bbox 1046 1075 1116 1103; x_wconf 77' lang='lat' dir='ltr'><strong>facta</strong></span> <span class='ocrx_word' id='word_1_554' title='bbox 1143 1083 1203 1104; x_wconf 89' lang='lat' dir='ltr'><strong>esse</strong></span> <span class='ocrx_word' id='word_1_555' title='bbox 1229 1076 1339 1111; x_wconf 88' lang='lat' dir='ltr'><strong>poterit,</strong></span> <span class='ocrx_word' id='word_1_556' title='bbox 1366 1084 1429 1104; x_wconf 89' lang='lat' dir='ltr'><strong>cum</strong></span> <span class='ocrx_word' id='word_1_557' title='bbox 1460 1076 1688 1111; x_wconf 86' lang='lat' dir='ltr'><strong>commnnejndi-</strong></span> 
     </span>
    </p>
   </div>
   <div class='ocr_carea' id='block_1_79' title="bbox 895 1119 1688 1152">
    <p class='ocr_par' dir='ltr' id='par_1_79' title="bbox 895 1119 1688 1152">
     <span class='ocr_line' id='line_1_79' title="bbox 895 1119 1688 1152; baseline 0.003 -6"><span class='ocrx_word' id='word_1_558' title='bbox 895 1120 967 1147; x_wconf 90' lang='lat' dir='ltr'><strong>cium</strong></span> <span class='ocrx_word' id='word_1_559' title='bbox 984 1120 1105 1147; x_wconf 90' lang='lat' dir='ltr'><strong>nondum</strong></span> <span class='ocrx_word' id='word_1_560' title='bbox 1121 1119 1263 1147; x_wconf 85' lang='lat' dir='ltr'><strong>advenerit</strong></span> <span class='ocrx_word' id='word_1_561' title='bbox 1280 1120 1290 1146; x_wconf 79' lang='lat'><strong>.’</strong></span> <span class='ocrx_word' id='word_1_562' title='bbox 1304 1119 1420 1148; x_wconf 69' lang='lat' dir='ltr'><strong>Abrahae</strong></span> <span class='ocrx_word' id='word_1_563' title='bbox 1437 1128 1512 1152; x_wconf 88' lang='lat' dir='ltr'><strong>vero,</strong></span> <span class='ocrx_word' id='word_1_564' title='bbox 1524 1125 1552 1148; x_wconf 87' lang='lat' dir='ltr'><strong>et</strong></span> <span class='ocrx_word' id='word_1_565' title='bbox 1570 1121 1688 1148; x_wconf 84' lang='lat' dir='ltr'><strong>hominis</strong></span> 
     </span>
    </p>
   </div>
   <div class='ocr_carea' id='block_1_80' title="bbox 896 1164 1687 1200">
    <p class='ocr_par' dir='ltr' id='par_1_80' title="bbox 896 1164 1687 1200">
     <span class='ocr_line' id='line_1_80' title="bbox 896 1164 1687 1200; baseline 0.001 -9"><span class='ocrx_word' id='word_1_566' title='bbox 896 1164 1030 1200; x_wconf 88' lang='lat' dir='ltr'><strong>supplicio</strong></span> <span class='ocrx_word' id='word_1_567' title='bbox 1046 1164 1146 1192; x_wconf 82' lang='lat' dir='ltr'><strong>addicti</strong></span> <span class='ocrx_word' id='word_1_568' title='bbox 1159 1164 1305 1200; x_wconf 87' lang='lat' dir='ltr'><strong>colloquia,</strong></span> <span class='ocrx_word' id='word_1_569' title='bbox 1320 1172 1380 1199; x_wconf 76' lang='lat' dir='ltr'><strong>qu:e</strong></span> <span class='ocrx_word' id='word_1_570' title='bbox 1392 1165 1503 1199; x_wconf 86' lang='lat' dir='ltr'><strong>subjicit</strong></span> <span class='ocrx_word' id='word_1_571' title='bbox 1515 1165 1643 1200; x_wconf 89' lang='lat' dir='ltr'><strong>parabola</strong></span> <span class='ocrx_word' id='word_1_572' title='bbox 1652 1165 1687 1199; x_wconf 84' lang='grc'><strong>⁸⁷,</strong></span> 
     </span>
    </p>
   </div>
   <div class='ocr_carea' id='block_1_81' title="bbox 895 1210 1688 1246">
    <p class='ocr_par' dir='ltr' id='par_1_81' title="bbox 895 1210 1688 1246">
     <span class='ocr_line' id='line_1_81' title="bbox 895 1210 1688 1246; baseline 0.003 -10"><span class='ocrx_word' id='word_1_573' title='bbox 895 1210 1032 1246; x_wconf 86' lang='lat' dir='ltr'><strong>quomodo</strong></span> <span class='ocrx_word' id='word_1_574' title='bbox 1059 1211 1263 1246; x_wconf 73' lang='lat' dir='ltr'><strong>contingebant,</strong></span> <span class='ocrx_word' id='word_1_575' title='bbox 1295 1211 1361 1238; x_wconf 89' lang='lat' dir='ltr'><strong>dum</strong></span> <span class='ocrx_word' id='word_1_576' title='bbox 1380 1211 1457 1238; x_wconf 90' lang='lat' dir='ltr'><strong>diviti</strong></span> <span class='ocrx_word' id='word_1_577' title='bbox 1484 1211 1620 1238; x_wconf 86' lang='lat' dir='ltr'><strong>silentium</strong></span> <span class='ocrx_word' id='word_1_578' title='bbox 1636 1211 1688 1238; x_wconf 87' lang='lat' dir='ltr'><strong>im-</strong></span> 
     </span>
    </p>
   </div>
   <div class='ocr_carea' id='block_1_82' title="bbox 895 1258 1686 1294">
    <p class='ocr_par' dir='ltr' id='par_1_82' title="bbox 895 1258 1686 1294">
     <span class='ocr_line' id='line_1_82' title="bbox 895 1258 1686 1294; baseline 0.001 -9"><span class='ocrx_word' id='word_1_579' title='bbox 895 1259 1033 1294; x_wconf 87' lang='lat' dir='ltr'><strong>ponebant</strong></span> <span class='ocrx_word' id='word_1_580' title='bbox 1058 1263 1192 1286; x_wconf 88' lang='lat' dir='ltr'><strong>tormenta</strong></span> <span class='ocrx_word' id='word_1_581' title='bbox 1217 1259 1255 1293; x_wconf 90' lang='lat' dir='ltr'><strong>(et</strong></span> <span class='ocrx_word' id='word_1_582' title='bbox 1269 1259 1378 1293; x_wconf 82' lang='lat' dir='ltr'><strong>quidem</strong></span> <span class='ocrx_word' id='word_1_583' title='bbox 1399 1258 1451 1294; x_wconf 87' lang='lat' dir='ltr'><strong>ipsi</strong></span> <span class='ocrx_word' id='word_1_584' title='bbox 1474 1258 1533 1293; x_wconf 83' lang='lat' dir='ltr'><strong>ejus</strong></span> <span class='ocrx_word' id='word_1_585' title='bbox 1558 1258 1686 1294; x_wconf 71' lang='lat' dir='ltr'><strong>gemitus,</strong></span> 
     </span>
    </p>
   </div>
   <div class='ocr_carea' id='block_1_83' title="bbox 896 1304 1689 1340">
    <p class='ocr_par' dir='ltr' id='par_1_83' title="bbox 896 1304 1689 1340">
     <span class='ocr_line' id='line_1_83' title="bbox 896 1304 1689 1340; baseline -0.003 -7"><span class='ocrx_word' id='word_1_586' title='bbox 896 1311 923 1333; x_wconf 81' lang='lat' dir='ltr'><strong>et</strong></span> <span class='ocrx_word' id='word_1_587' title='bbox 941 1305 1065 1340; x_wconf 85' lang='lat' dir='ltr'><strong>ploratus</strong></span> <span class='ocrx_word' id='word_1_588' title='bbox 1081 1304 1142 1332; x_wconf 87' lang='lat' dir='ltr'><strong>aliis</strong></span> <span class='ocrx_word' id='word_1_589' title='bbox 1159 1305 1275 1333; x_wconf 84' lang='lat' dir='ltr'><strong>vocibus</strong></span> <span class='ocrx_word' id='word_1_590' title='bbox 1290 1304 1396 1332; x_wconf 85' lang='lat' dir='ltr'><strong>frenum</strong></span> <span class='ocrx_word' id='word_1_591' title='bbox 1423 1304 1613 1339; x_wconf 86' lang='lat' dir='ltr'><strong>injiciebant);</strong></span> <span class='ocrx_word' id='word_1_592' title='bbox 1636 1305 1689 1332; x_wconf 83' lang='lat' dir='ltr'><strong>La-</strong></span> 
     </span>
    </p>
   </div>
   <div class='ocr_carea' id='block_1_84' title="bbox 896 1350 1687 1386">
    <p class='ocr_par' dir='ltr' id='par_1_84' title="bbox 896 1350 1687 1386">
     <span class='ocr_line' id='line_1_84' title="bbox 896 1350 1687 1386; baseline -0.001 -8"><span class='ocrx_word' id='word_1_593' title='bbox 896 1359 977 1379; x_wconf 83' lang='lat' dir='ltr'><strong>zarus</strong></span> <span class='ocrx_word' id='word_1_594' title='bbox 994 1359 1059 1378; x_wconf 90' lang='lat' dir='ltr'><strong>vero</strong></span> <span class='ocrx_word' id='word_1_595' title='bbox 1087 1350 1192 1378; x_wconf 87' lang='lat' dir='ltr'><strong>homini</strong></span> <span class='ocrx_word' id='word_1_596' title='bbox 1215 1352 1272 1386; x_wconf 85' lang='lat' dir='ltr'><strong>jam</strong></span> <span class='ocrx_word' id='word_1_597' title='bbox 1296 1351 1381 1378; x_wconf 84' lang='lat' dir='ltr'><strong>semel</strong></span> <span class='ocrx_word' id='word_1_598' title='bbox 1409 1351 1590 1378; x_wconf 84' lang='lat' dir='ltr'><strong>condemnato</strong></span> <span class='ocrx_word' id='word_1_599' title='bbox 1606 1350 1687 1377; x_wconf 85' lang='lat' dir='ltr'><strong>verba</strong></span> 
     </span>
    </p>
   </div>
   <div class='ocr_carea' id='block_1_85' title="bbox 896 1395 1689 1433">
    <p class='ocr_par' dir='ltr' id='par_1_85' title="bbox 896 1395 1689 1433">
     <span class='ocr_line' id='line_1_85' title="bbox 896 1395 1689 1433; baseline -0.004 -7"><span class='ocrx_word' id='word_1_600' title='bbox 896 1399 1014 1433; x_wconf 80' lang='lat' dir='ltr'><strong>dirigere</strong></span> <span class='ocrx_word' id='word_1_601' title='bbox 1027 1405 1081 1425; x_wconf 87' lang='lat' dir='ltr'><strong>non</strong></span> <span class='ocrx_word' id='word_1_602' title='bbox 1097 1397 1224 1425; x_wconf 83' lang='lat' dir='ltr'><strong>debebat.</strong></span> <span class='ocrx_word' id='word_1_603' title='bbox 1248 1396 1352 1425; x_wconf 88' lang='lat' dir='ltr'><strong>Eodem</strong></span> <span class='ocrx_word' id='word_1_604' title='bbox 1364 1397 1455 1432; x_wconf 81' lang='lat' dir='ltr'><strong>itaque</strong></span> <span class='ocrx_word' id='word_1_605' title='bbox 1468 1401 1558 1432; x_wconf 86' lang='lat' dir='ltr'><strong>pacto,</strong></span> <span class='ocrx_word' id='word_1_606' title='bbox 1578 1395 1689 1424; x_wconf 81' lang='lat' dir='ltr'><strong>eadem-</strong></span> 
     </span>
    </p>
   </div>
   <div class='ocr_carea' id='block_1_86' title="bbox 895 1441 1686 1477">
    <p class='ocr_par' dir='ltr' id='par_1_86' title="bbox 895 1441 1686 1477">
     <span class='ocr_line' id='line_1_86' title="bbox 895 1441 1686 1477; baseline -0.004 -8"><span class='ocrx_word' id='word_1_607' title='bbox 895 1450 949 1477; x_wconf 91' lang='lat' dir='ltr'><strong>que</strong></span> <span class='ocrx_word' id='word_1_608' title='bbox 962 1442 1021 1477; x_wconf 81' lang='lat' dir='ltr'><strong>lege</strong></span> <span class='ocrx_word' id='word_1_609' title='bbox 1038 1449 1087 1469; x_wconf 90' lang='lat' dir='ltr'><strong>nec</strong></span> <span class='ocrx_word' id='word_1_610' title='bbox 1097 1442 1174 1476; x_wconf 89' lang='lat' dir='ltr'><strong>pueri</strong></span> <span class='ocrx_word' id='word_1_611' title='bbox 1190 1441 1217 1469; x_wconf 93' lang='lat' dir='ltr'><strong>in</strong></span> <span class='ocrx_word' id='word_1_612' title='bbox 1236 1447 1330 1469; x_wconf 88' lang='lat' dir='ltr'><strong>nostra</strong></span> <span class='ocrx_word' id='word_1_613' title='bbox 1344 1441 1474 1476; x_wconf 75' lang='lat' dir='ltr'><strong>parabole</strong></span> <span class='ocrx_word' id='word_1_614' title='bbox 1494 1441 1686 1476; x_wconf 78' lang='lat' dir='ltr'><strong>proprietatem</strong></span> 
     </span>
    </p>
   </div>
   <div class='ocr_carea' id='block_1_87' title="bbox 896 1485 1685 1522">
    <p class='ocr_par' dir='ltr' id='par_1_87' title="bbox 896 1485 1685 1522">
     <span class='ocr_line' id='line_1_87' title="bbox 896 1485 1685 1522; baseline -0.004 -7"><span class='ocrx_word' id='word_1_615' title='bbox 896 1487 1075 1522; x_wconf 79' lang='lat' dir='ltr'><strong>peculiarium</strong></span> <span class='ocrx_word' id='word_1_616' title='bbox 1104 1495 1283 1522; x_wconf 88' lang='lat' dir='ltr'><strong>personarum</strong></span> <span class='ocrx_word' id='word_1_617' title='bbox 1315 1486 1502 1521; x_wconf 86' lang='lat' dir='ltr'><strong>poteruntsibi</strong></span> <span class='ocrx_word' id='word_1_618' title='bbox 1523 1485 1685 1512; x_wconf 83' lang='lat' dir='ltr'><strong>vindicare:</strong></span> 
     </span>
    </p>
   </div>
   <div class='ocr_carea' id='block_1_88' title="bbox 896 1531 1687 1569">
    <p class='ocr_par' dir='ltr' id='par_1_88' title="bbox 896 1531 1687 1569">
     <span class='ocr_line' id='line_1_88' title="bbox 896 1531 1687 1569; baseline -0.006 -7"><span class='ocrx_word' id='word_1_619' title='bbox 896 1540 924 1562; x_wconf 87' lang='lat' dir='ltr'><strong>at</strong></span> <span class='ocrx_word' id='word_1_620' title='bbox 937 1535 1018 1562; x_wconf 89' lang='lat' dir='ltr'><strong>etiam</strong></span> <span class='ocrx_word' id='word_1_621' title='bbox 1033 1542 1082 1569; x_wconf 92' lang='lat' dir='ltr'><strong>pro</strong></span> <span class='ocrx_word' id='word_1_622' title='bbox 1101 1533 1226 1561; x_wconf 84' lang='lat' dir='ltr'><strong>vocabuli</strong></span> <span class='ocrx_word' id='word_1_623' title='bbox 1237 1533 1351 1560; x_wconf 88' lang='lat' dir='ltr'><strong>notioris</strong></span> <span class='ocrx_word' id='word_1_624' title='bbox 1360 1532 1575 1568; x_wconf 86' lang='lat' dir='ltr'><strong>proprietatibus</strong></span> <span class='ocrx_word' id='word_1_625' title='bbox 1589 1531 1617 1559; x_wconf 91' lang='lat' dir='ltr'><strong>in</strong></span> <span class='ocrx_word' id='word_1_626' title='bbox 1630 1539 1687 1558; x_wconf 87' lang='lat' dir='ltr'><strong>me-</strong></span> 
     </span>
    </p>
   </div>
   <div class='ocr_carea' id='block_1_89' title="bbox 896 1578 1438 1615">
    <p class='ocr_par' dir='ltr' id='par_1_89' title="bbox 896 1578 1438 1615">
     <span class='ocr_line' id='line_1_89' title="bbox 896 1578 1438 1615; baseline -0.006 -8"><span class='ocrx_word' id='word_1_627' title='bbox 896 1583 1003 1607; x_wconf 85' lang='lat' dir='ltr'><strong>morata</strong></span> <span class='ocrx_word' id='word_1_628' title='bbox 1019 1580 1150 1615; x_wconf 85' lang='lat' dir='ltr'><strong>parabola</strong></span> <span class='ocrx_word' id='word_1_629' title='bbox 1166 1579 1258 1606; x_wconf 90' lang='lat' dir='ltr'><strong>locum</strong></span> <span class='ocrx_word' id='word_1_630' title='bbox 1273 1578 1438 1605; x_wconf 85' lang='lat' dir='ltr'><strong>habuerunt.</strong></span> 
     </span>
    </p>
   </div>
   <div class='ocr_carea' id='block_1_90' title="bbox 930 1663 1687 1702">
    <p class='ocr_par' dir='ltr' id='par_1_90' title="bbox 930 1663 1687 1702">
     <span class='ocr_line' id='line_1_90' title="bbox 930 1663 1687 1702; baseline -0.008 -7"><span class='ocrx_word' id='word_1_631' title='bbox 930 1668 1018 1702; x_wconf 82' lang='lat' dir='ltr'><strong>Atque</strong></span> <span class='ocrx_word' id='word_1_632' title='bbox 1033 1666 1090 1694; x_wconf 65' lang='grc' dir='ltr'><strong>ιιωο</strong></span> <span class='ocrx_word' id='word_1_633' title='bbox 1104 1665 1241 1701; x_wconf 68' lang='lat' dir='ltr'><strong>parabolae</strong></span> <span class='ocrx_word' id='word_1_634' title='bbox 1266 1664 1374 1700; x_wconf 89' lang='lat' dir='ltr'><strong>propria</strong></span> <span class='ocrx_word' id='word_1_635' title='bbox 1404 1672 1466 1692; x_wconf 87' lang='lat' dir='ltr'><strong>esse</strong></span> <span class='ocrx_word' id='word_1_636' title='bbox 1485 1663 1632 1696; x_wconf 87' lang='lat' dir='ltr'><strong>videntur;</strong></span> <span class='ocrx_word' id='word_1_637' title='bbox 1647 1663 1687 1690; x_wconf 86' lang='lat' dir='ltr'><strong>si-</strong></span> 
     </span>
    </p>
   </div>
   <div class='ocr_carea' id='block_1_91' title="bbox 895 1709 1687 1748">
    <p class='ocr_par' dir='ltr' id='par_1_91' title="bbox 895 1709 1687 1748">
     <span class='ocr_line' id='line_1_91' title="bbox 895 1709 1687 1748; baseline -0.005 -8"><span class='ocrx_word' id='word_1_638' title='bbox 895 1713 1005 1748; x_wconf 87' lang='lat' dir='ltr'><strong>quidem</strong></span> <span class='ocrx_word' id='word_1_639' title='bbox 1027 1713 1060 1740; x_wconf 90' lang='lat' dir='ltr'><strong>ad</strong></span> <span class='ocrx_word' id='word_1_640' title='bbox 1079 1712 1165 1746; x_wconf 84' lang='lat' dir='ltr'><strong>ipsam</strong></span> <span class='ocrx_word' id='word_1_641' title='bbox 1184 1711 1382 1746; x_wconf 78' lang='lat' dir='ltr'><strong>:enigmaticam</strong></span> <span class='ocrx_word' id='word_1_642' title='bbox 1402 1709 1462 1744; x_wconf 86' lang='lat' dir='ltr'><strong>ejus</strong></span> <span class='ocrx_word' id='word_1_643' title='bbox 1484 1710 1613 1744; x_wconf 84' lang='lat' dir='ltr'><strong>speciem,</strong></span> <span class='ocrx_word' id='word_1_644' title='bbox 1633 1716 1687 1744; x_wconf 88' lang='lat' dir='ltr'><strong>qua</strong></span> 
     </span>
    </p>
   </div>
   <div class='ocr_carea' id='block_1_92' title="bbox 894 1757 1688 1792">
    <p class='ocr_par' dir='ltr' id='par_1_92' title="bbox 894 1757 1688 1792">
     <span class='ocr_line' id='line_1_92' title="bbox 894 1757 1688 1792; baseline -0.006 -5"><span class='ocrx_word' id='word_1_645' title='bbox 894 1760 977 1787; x_wconf 88' lang='lat' dir='ltr'><strong>etiam</strong></span> <span class='ocrx_word' id='word_1_646' title='bbox 996 1760 1052 1786; x_wconf 78' lang='lat' dir='ltr'><strong>haec</strong></span> <span class='ocrx_word' id='word_1_647' title='bbox 1069 1762 1160 1785; x_wconf 84' lang='lat' dir='ltr'><strong>nostra</strong></span> <span class='ocrx_word' id='word_1_648' title='bbox 1186 1757 1290 1792; x_wconf 87' lang='lat' dir='ltr'><strong>prolata</strong></span> <span class='ocrx_word' id='word_1_649' title='bbox 1305 1761 1356 1789; x_wconf 79' lang='lat' dir='ltr'><strong>est,</strong></span> <span class='ocrx_word' id='word_1_650' title='bbox 1381 1757 1499 1791; x_wconf 90' lang='lat' dir='ltr'><strong>pertinet</strong></span> <span class='ocrx_word' id='word_1_651' title='bbox 1524 1763 1634 1791; x_wconf 88' lang='lat' dir='ltr'><strong>quoque</strong></span> <span class='ocrx_word' id='word_1_652' title='bbox 1658 1759 1688 1782; x_wconf 88' lang='lat' dir='ltr'><strong>ut</strong></span> 
     </span>
    </p>
   </div>
   <div class='ocr_carea' id='block_1_93' title="bbox 895 1800 1686 1835">
    <p class='ocr_par' dir='ltr' id='par_1_93' title="bbox 895 1800 1686 1835">
     <span class='ocr_line' id='line_1_93' title="bbox 895 1800 1686 1835; baseline -0.006 -3"><span class='ocrx_word' id='word_1_653' title='bbox 895 1812 958 1832; x_wconf 85' lang='lat' dir='ltr'><strong>sese</strong></span> <span class='ocrx_word' id='word_1_654' title='bbox 976 1804 1117 1831; x_wconf 82' lang='lat' dir='ltr'><strong>contineat</strong></span> <span class='ocrx_word' id='word_1_655' title='bbox 1144 1803 1216 1830; x_wconf 87' lang='lat' dir='ltr'><strong>inter</strong></span> <span class='ocrx_word' id='word_1_656' title='bbox 1239 1803 1308 1829; x_wconf 87' lang='lat' dir='ltr'><strong>alios</strong></span> <span class='ocrx_word' id='word_1_657' title='bbox 1330 1802 1429 1829; x_wconf 89' lang='lat' dir='ltr'><strong>mentis</strong></span> <span class='ocrx_word' id='word_1_658' title='bbox 1457 1805 1616 1834; x_wconf 81' lang='lat' dir='ltr'><strong>conceptus.</strong></span> <span class='ocrx_word' id='word_1_659' title='bbox 1638 1800 1686 1835; x_wconf 88' lang='lat' dir='ltr'><strong>qui</strong></span> 
     </span>
    </p>
   </div>
   <div class='ocr_carea' id='block_1_94' title="bbox 896 1846 1687 1882">
    <p class='ocr_par' dir='ltr' id='par_1_94' title="bbox 896 1846 1687 1882">
     <span class='ocr_line' id='line_1_94' title="bbox 896 1846 1687 1882; baseline -0.005 -6"><span class='ocrx_word' id='word_1_660' title='bbox 896 1857 911 1877; x_wconf 90' lang='lat' dir='ltr'><strong>a</strong></span> <span class='ocrx_word' id='word_1_661' title='bbox 927 1850 1019 1876; x_wconf 87' lang='lat' dir='ltr'><strong>multis</strong></span> <span class='ocrx_word' id='word_1_662' title='bbox 1029 1849 1201 1876; x_wconf 86' lang='lat' dir='ltr'><strong>auditoribus</strong></span> <span class='ocrx_word' id='word_1_663' title='bbox 1218 1856 1271 1875; x_wconf 94' lang='lat' dir='ltr'><strong>non</strong></span> <span class='ocrx_word' id='word_1_664' title='bbox 1293 1847 1492 1882; x_wconf 78' lang='lat' dir='ltr'><strong>intelliguntur.</strong></span> <span class='ocrx_word' id='word_1_665' title='bbox 1510 1846 1543 1873; x_wconf 87' lang='lat' dir='ltr'><strong>Et</strong></span> <span class='ocrx_word' id='word_1_666' title='bbox 1564 1847 1589 1874; x_wconf 89' lang='lat' dir='ltr'><strong>id</strong></span> <span class='ocrx_word' id='word_1_667' title='bbox 1605 1846 1687 1873; x_wconf 90' lang='lat' dir='ltr'><strong>nimi-</strong></span> 
     </span>
    </p>
   </div>
   <div class='ocr_carea' id='block_1_95' title="bbox 896 1893 1686 1930">
    <p class='ocr_par' dir='ltr' id='par_1_95' title="bbox 896 1893 1686 1930">
     <span class='ocr_line' id='line_1_95' title="bbox 896 1893 1686 1930; baseline -0.008 -6"><span class='ocrx_word' id='word_1_668' title='bbox 896 1905 956 1924; x_wconf 90' lang='lat' dir='ltr'><strong>rum</strong></span> <span class='ocrx_word' id='word_1_669' title='bbox 981 1896 1023 1924; x_wconf 82' lang='lat' dir='ltr'><strong>vel</strong></span> <span class='ocrx_word' id='word_1_670' title='bbox 1040 1898 1097 1930; x_wconf 84' lang='lat' dir='ltr'><strong>ipsa</strong></span> <span class='ocrx_word' id='word_1_671' title='bbox 1124 1894 1280 1923; x_wconf 88' lang='lat' dir='ltr'><strong>Servatoris</strong></span> <span class='ocrx_word' id='word_1_672' title='bbox 1311 1894 1443 1922; x_wconf 87' lang='lat' dir='ltr'><strong>sententia</strong></span> <span class='ocrx_word' id='word_1_673' title='bbox 1471 1893 1568 1924; x_wconf 90' lang='lat' dir='ltr'><strong>innuit,</strong></span> <span class='ocrx_word' id='word_1_674' title='bbox 1595 1900 1657 1920; x_wconf 87' lang='lat' dir='ltr'><strong>cum</strong></span> <span class='ocrx_word' id='word_1_675' title='bbox 1677 1912 1686 1924; x_wconf 89' lang='lat'><strong>,</strong></span> 
     </span>
    </p>
   </div>
   <div class='ocr_carea' id='block_1_96' title="bbox 899 1940 1688 1977">
    <p class='ocr_par' dir='ltr' id='par_1_96' title="bbox 899 1940 1688 1977">
     <span class='ocr_line' id='line_1_96' title="bbox 899 1940 1688 1977; baseline -0.005 -7"><span class='ocrx_word' id='word_1_676' title='bbox 899 1943 1024 1974; x_wconf 64' lang='lat' dir='ltr'><strong>Nobis.)</strong></span> <span class='ocrx_word' id='word_1_677' title='bbox 1044 1942 1134 1977; x_wconf 90' lang='lat' dir='ltr'><strong>inquit</strong></span> <span class='ocrx_word' id='word_1_678' title='bbox 1162 1941 1314 1976; x_wconf 86' lang='lat' dir='ltr'><strong>discipulis,</strong></span> <span class='ocrx_word' id='word_1_679' title='bbox 1334 1949 1343 1966; x_wconf 81' lang='grc' dir='ltr'><strong>ι</strong></span> <span class='ocrx_word' id='word_1_680' title='bbox 1357 1940 1449 1968; x_wconf 89' lang='lat' dir='ltr'><strong>datum</strong></span> <span class='ocrx_word' id='word_1_681' title='bbox 1470 1945 1512 1967; x_wconf 77' lang='lat' dir='ltr'><strong>est</strong></span> <span class='ocrx_word' id='word_1_682' title='bbox 1532 1947 1614 1967; x_wconf 90' lang='lat' dir='ltr'><strong>nosse</strong></span> <span class='ocrx_word' id='word_1_683' title='bbox 1629 1947 1688 1974; x_wconf 86' lang='lat' dir='ltr'><strong>my-</strong></span> 
     </span>
    </p>
   </div>
   <div class='ocr_carea' id='block_1_97' title="bbox 895 1984 1691 2022">
    <p class='ocr_par' dir='ltr' id='par_1_97' title="bbox 895 1984 1691 2022">
     <span class='ocr_line' id='line_1_97' title="bbox 895 1984 1691 2022; baseline -0.009 -5"><span class='ocrx_word' id='word_1_684' title='bbox 895 1989 987 2022; x_wconf 86' lang='lat' dir='ltr'><strong>steria,</strong></span> <span class='ocrx_word' id='word_1_685' title='bbox 999 1989 1052 2016; x_wconf 88' lang='lat' dir='ltr'><strong>illis</strong></span> <span class='ocrx_word' id='word_1_686' title='bbox 1067 1995 1131 2015; x_wconf 88' lang='lat' dir='ltr'><strong>vero</strong></span> <span class='ocrx_word' id='word_1_687' title='bbox 1147 1988 1173 2014; x_wconf 94' lang='lat' dir='ltr'><strong>in</strong></span> <span class='ocrx_word' id='word_1_688' title='bbox 1186 1986 1351 2022; x_wconf 79' lang='lat' dir='ltr'><strong>parabolis”</strong></span> <span class='ocrx_word' id='word_1_689' title='bbox 1364 1995 1371 2013; x_wconf 87' lang='lat'><strong>:</strong></span> <span class='ocrx_word' id='word_1_690' title='bbox 1385 1995 1394 2012; x_wconf 75' lang='grc' dir='ltr'><strong>ι</strong></span> <span class='ocrx_word' id='word_1_691' title='bbox 1413 1985 1490 2012; x_wconf 87' lang='lat' dir='ltr'><strong>vobis</strong></span> <span class='ocrx_word' id='word_1_692' title='bbox 1505 1985 1629 2012; x_wconf 82' lang='lat' dir='ltr'><strong>videlicet</strong></span> <span class='ocrx_word' id='word_1_693' title='bbox 1646 1984 1691 2013; x_wconf 67' lang='lat' dir='ltr'><strong>fas</strong></span> 
     </span>
    </p>
   </div>
   <div class='ocr_carea' id='block_1_98' title="bbox 893 2031 1689 2069">
    <p class='ocr_par' dir='ltr' id='par_1_98' title="bbox 893 2031 1689 2069">
     <span class='ocr_line' id='line_1_98' title="bbox 893 2031 1689 2069; baseline -0.009 -5"><span class='ocrx_word' id='word_1_694' title='bbox 893 2041 947 2069; x_wconf 81' lang='lat' dir='ltr'><strong>est,</strong></span> <span class='ocrx_word' id='word_1_695' title='bbox 966 2041 994 2063; x_wconf 92' lang='lat' dir='ltr'><strong>ut</strong></span> <span class='ocrx_word' id='word_1_696' title='bbox 1008 2033 1227 2064; x_wconf 83' lang='lat' dir='ltr'><strong>accuratissima,</strong></span> <span class='ocrx_word' id='word_1_697' title='bbox 1243 2036 1270 2059; x_wconf 87' lang='lat' dir='ltr'><strong>et</strong></span> <span class='ocrx_word' id='word_1_698' title='bbox 1288 2040 1376 2067; x_wconf 87' lang='lat' dir='ltr'><strong>usque</strong></span> <span class='ocrx_word' id='word_1_699' title='bbox 1390 2032 1423 2059; x_wconf 90' lang='lat' dir='ltr'><strong>ad</strong></span> <span class='ocrx_word' id='word_1_700' title='bbox 1443 2032 1586 2058; x_wconf 88' lang='lat' dir='ltr'><strong>minimum</strong></span> <span class='ocrx_word' id='word_1_701' title='bbox 1600 2031 1689 2058; x_wconf 85' lang='lat' dir='ltr'><strong>dedu-</strong></span> 
     </span>
    </p>
   </div>
   <div class='ocr_carea' id='block_1_99' title="bbox 893 2077 1689 2117">
    <p class='ocr_par' dir='ltr' id='par_1_99' title="bbox 893 2077 1689 2117">
     <span class='ocr_line' id='line_1_99' title="bbox 893 2077 1689 2117; baseline -0.009 -7"><span class='ocrx_word' id='word_1_702' title='bbox 893 2088 938 2111; x_wconf 88' lang='lat' dir='ltr'><strong>cta</strong></span> <span class='ocrx_word' id='word_1_703' title='bbox 954 2082 1102 2117; x_wconf 82' lang='lat' dir='ltr'><strong>agnitione,</strong></span> <span class='ocrx_word' id='word_1_704' title='bbox 1117 2084 1144 2107; x_wconf 87' lang='lat' dir='ltr'><strong>et</strong></span> <span class='ocrx_word' id='word_1_705' title='bbox 1165 2079 1332 2107; x_wconf 81' lang='lat' dir='ltr'><strong>revelatione</strong></span> <span class='ocrx_word' id='word_1_706' title='bbox 1344 2078 1464 2114; x_wconf 82' lang='lat' dir='ltr'><strong>mysterii</strong></span> <span class='ocrx_word' id='word_1_707' title='bbox 1477 2077 1689 2113; x_wconf 76' lang='lat' dir='ltr'><strong>intelligentiam</strong></span> 
     </span>
    </p>
   </div>
   <div class='ocr_carea' id='block_1_100' title="bbox 893 2125 1228 2164">
    <p class='ocr_par' dir='ltr' id='par_1_100' title="bbox 893 2125 1228 2164">
     <span class='ocr_line' id='line_1_100' title="bbox 893 2125 1228 2164; baseline -0.012 -8"><span class='ocrx_word' id='word_1_708' title='bbox 893 2128 1086 2164; x_wconf 81' lang='lat' dir='ltr'><strong>parabolarum</strong></span> <span class='ocrx_word' id='word_1_709' title='bbox 1099 2125 1228 2153; x_wconf 88' lang='lat' dir='ltr'><strong>dilatetis.</strong></span> 
     </span>
    </p>
   </div>
   <div class='ocr_carea' id='block_1_101' title="bbox 929 2167 1690 2208">
    <p class='ocr_par' dir='ltr' id='par_1_101' title="bbox 929 2167 1690 2208">
     <span class='ocr_line' id='line_1_101' title="bbox 929 2167 1690 2208; baseline -0.009 -7"><span class='ocrx_word' id='word_1_710' title='bbox 929 2174 1020 2208; x_wconf 84' lang='lat' dir='ltr'><strong>Quare</strong></span> <span class='ocrx_word' id='word_1_711' title='bbox 1043 2177 1070 2200; x_wconf 87' lang='lat' dir='ltr'><strong>et</strong></span> <span class='ocrx_word' id='word_1_712' title='bbox 1099 2181 1108 2198; x_wconf 84' lang='grc'><strong>‹</strong></span> <span class='ocrx_word' id='word_1_713' title='bbox 1126 2172 1253 2199; x_wconf 87' lang='lat' dir='ltr'><strong>Edissere</strong></span> <span class='ocrx_word' id='word_1_714' title='bbox 1274 2170 1370 2203; x_wconf 88' lang='lat' dir='ltr'><strong>nobis,</strong></span> <span class='ocrx_word' id='word_1_715' title='bbox 1386 2179 1396 2195; x_wconf 85' lang='grc'><strong>›</strong></span> <span class='ocrx_word' id='word_1_716' title='bbox 1422 2169 1530 2196; x_wconf 90' lang='lat' dir='ltr'><strong>aiebant</strong></span> <span class='ocrx_word' id='word_1_717' title='bbox 1553 2167 1690 2204; x_wconf 76' lang='lat' dir='ltr'><strong>apostoli,</strong></span> 
     </span>
    </p>
   </div>
   <div class='ocr_carea' id='block_1_102' title="bbox 895 2215 1689 2255">
    <p class='ocr_par' dir='ltr' id='par_1_102' title="bbox 895 2215 1689 2255">
     <span class='ocr_line' id='line_1_102' title="bbox 895 2215 1689 2255; baseline -0.009 -8"><span class='ocrx_word' id='word_1_718' title='bbox 895 2230 906 2247; x_wconf 70' lang='grc' dir='ltr'><strong>ι</strong></span> <span class='ocrx_word' id='word_1_719' title='bbox 917 2219 1072 2255; x_wconf 88' lang='lat' dir='ltr'><strong>parabolam</strong></span> <span class='ocrx_word' id='word_1_720' title='bbox 1083 2218 1162 2246; x_wconf 84' lang='lat' dir='ltr'><strong>istam</strong></span> <span class='ocrx_word' id='word_1_721' title='bbox 1175 2226 1184 2243; x_wconf 72' lang='grc' dir='ltr'><strong>ι</strong></span> <span class='ocrx_word' id='word_1_722' title='bbox 1193 2217 1216 2232; x_wconf 77' lang='grc'><strong>⁶⁹</strong></span> <span class='ocrx_word' id='word_1_723' title='bbox 1229 2225 1235 2249; x_wconf 85' lang='grc'><strong>;</strong></span> <span class='ocrx_word' id='word_1_724' title='bbox 1252 2222 1278 2244; x_wconf 87' lang='lat' dir='ltr'><strong>et</strong></span> <span class='ocrx_word' id='word_1_725' title='bbox 1291 2217 1370 2243; x_wconf 87' lang='lat' dir='ltr'><strong>istam</strong></span> <span class='ocrx_word' id='word_1_726' title='bbox 1382 2216 1474 2250; x_wconf 90' lang='lat' dir='ltr'><strong>utique</strong></span> <span class='ocrx_word' id='word_1_727' title='bbox 1483 2215 1689 2242; x_wconf 88' lang='lat' dir='ltr'><strong>contumacium</strong></span> 
     </span>
    </p>
   </div>
   <div class='ocr_carea' id='block_1_103' title="bbox 898 2259 1691 2301">
    <p class='ocr_par' dir='ltr' id='par_1_103' title="bbox 898 2259 1691 2301">
     <span class='ocr_line' id='line_1_103' title="bbox 898 2259 1691 2301; baseline -0.011 -8"><span class='ocrx_word' id='word_1_728' title='bbox 898 2265 1039 2301; x_wconf 78' lang='lat' dir='ltr'><strong>Synagoga</strong></span> <span class='ocrx_word' id='word_1_729' title='bbox 1054 2262 1215 2291; x_wconf 77' lang='lat' dir='ltr'><strong>Judaeorum</strong></span> <span class='ocrx_word' id='word_1_730' title='bbox 1236 2270 1246 2286; x_wconf 76' lang='grc' dir='ltr'><strong>ι</strong></span> <span class='ocrx_word' id='word_1_731' title='bbox 1266 2261 1388 2288; x_wconf 88' lang='lat' dir='ltr'><strong>videntes</strong></span> <span class='ocrx_word' id='word_1_732' title='bbox 1414 2268 1468 2287; x_wconf 94' lang='lat' dir='ltr'><strong>non</strong></span> <span class='ocrx_word' id='word_1_733' title='bbox 1488 2259 1636 2290; x_wconf 78' lang='lat' dir='ltr'><strong>videbant,</strong></span> <span class='ocrx_word' id='word_1_734' title='bbox 1659 2261 1691 2284; x_wconf 73' lang='lat' dir='ltr'><strong>et</strong></span> 
     </span>
    </p>
   </div>
   <div class='ocr_carea' id='block_1_104' title="bbox 896 2303 1689 2340">
    <p class='ocr_par' dir='ltr' id='par_1_104' title="bbox 896 2303 1689 2340">
     <span class='ocr_line' id='line_1_104' title="bbox 896 2303 1689 2340; baseline -0.011 -2"><span class='ocrx_word' id='word_1_735' title='bbox 896 2311 1037 2338; x_wconf 85' lang='lat' dir='ltr'><strong>audientes</strong></span> <span class='ocrx_word' id='word_1_736' title='bbox 1064 2316 1118 2336; x_wconf 89' lang='lat' dir='ltr'><strong>non</strong></span> <span class='ocrx_word' id='word_1_737' title='bbox 1139 2307 1288 2335; x_wconf 88' lang='lat' dir='ltr'><strong>audiebant</strong></span> <span class='ocrx_word' id='word_1_738' title='bbox 1310 2306 1352 2339; x_wconf 72' lang='lat'><strong>7°;</strong></span> <span class='ocrx_word' id='word_1_739' title='bbox 1370 2315 1379 2332; x_wconf 74' lang='grc' dir='ltr'><strong>ι</strong></span> <span class='ocrx_word' id='word_1_740' title='bbox 1401 2305 1502 2340; x_wconf 88' lang='lat' dir='ltr'><strong>quippe</strong></span> <span class='ocrx_word' id='word_1_741' title='bbox 1530 2303 1689 2339; x_wconf 73' lang='lat' dir='ltr'><strong>huiusmodi</strong></span> 
     </span>
    </p>
   </div>
   <div class='ocr_carea' id='block_1_105' title="bbox 896 2351 1692 2389">
    <p class='ocr_par' dir='ltr' id='par_1_105' title="bbox 896 2351 1692 2389">
     <span class='ocr_line' id='line_1_105' title="bbox 896 2351 1692 2389; baseline -0.01 -5"><span class='ocrx_word' id='word_1_742' title='bbox 896 2357 993 2386; x_wconf 75' lang='lat' dir='ltr'><strong>videre.</strong></span> <span class='ocrx_word' id='word_1_743' title='bbox 1011 2360 1038 2382; x_wconf 86' lang='lat' dir='ltr'><strong>et</strong></span> <span class='ocrx_word' id='word_1_744' title='bbox 1055 2355 1149 2381; x_wconf 83' lang='lat' dir='ltr'><strong>audire</strong></span> <span class='ocrx_word' id='word_1_745' title='bbox 1164 2353 1300 2389; x_wconf 66' lang='lat' dir='ltr'><strong>parabole:</strong></span> <span class='ocrx_word' id='word_1_746' title='bbox 1315 2358 1342 2379; x_wconf 92' lang='lat' dir='ltr'><strong>et</strong></span> <span class='ocrx_word' id='word_1_747' title='bbox 1358 2351 1552 2379; x_wconf 79' lang='lat' dir='ltr'><strong>similitudines</strong></span> <span class='ocrx_word' id='word_1_748' title='bbox 1576 2354 1692 2384; x_wconf 80' lang='lat' dir='ltr'><strong>praesta—</strong></span> 
     </span>
    </p>
   </div>
   <div class='ocr_carea' id='block_1_106' title="bbox 897 2396 1691 2434">
    <p class='ocr_par' dir='ltr' id='par_1_106' title="bbox 897 2396 1691 2434">
     <span class='ocr_line' id='line_1_106' title="bbox 897 2396 1691 2434; baseline -0.011 -4"><span class='ocrx_word' id='word_1_749' title='bbox 897 2403 972 2430; x_wconf 89' lang='lat' dir='ltr'><strong>bant.</strong></span> <span class='ocrx_word' id='word_1_750' title='bbox 989 2401 1046 2429; x_wconf 81' lang='lat' dir='ltr'><strong>Etsi</strong></span> <span class='ocrx_word' id='word_1_751' title='bbox 1060 2400 1133 2427; x_wconf 90' lang='lat' dir='ltr'><strong>enim</strong></span> <span class='ocrx_word' id='word_1_752' title='bbox 1148 2407 1215 2434; x_wconf 70' lang='lat' dir='ltr'><strong>gens</strong></span> <span class='ocrx_word' id='word_1_753' title='bbox 1227 2397 1384 2426; x_wconf 58' lang='lat' dir='ltr'><strong>Judieorum</strong></span> <span class='ocrx_word' id='word_1_754' title='bbox 1394 2418 1400 2430; x_wconf 86' lang='lat'><strong>,</strong></span> <span class='ocrx_word' id='word_1_755' title='bbox 1419 2405 1482 2424; x_wconf 89' lang='lat' dir='ltr'><strong>cum</strong></span> <span class='ocrx_word' id='word_1_756' title='bbox 1496 2397 1578 2424; x_wconf 88' lang='lat' dir='ltr'><strong>corde</strong></span> <span class='ocrx_word' id='word_1_757' title='bbox 1601 2396 1691 2422; x_wconf 86' lang='lat' dir='ltr'><strong>obdu-</strong></span> 
     </span>
    </p>
   </div>
   <div class='ocr_carea' id='block_1_107' title="bbox 896 2441 1690 2479">
    <p class='ocr_par' dir='ltr' id='par_1_107' title="bbox 896 2441 1690 2479">
     <span class='ocr_line' id='line_1_107' title="bbox 896 2441 1690 2479; baseline -0.009 -3"><span class='ocrx_word' id='word_1_758' title='bbox 896 2454 956 2476; x_wconf 81' lang='lat' dir='ltr'><strong>rato</strong></span> <span class='ocrx_word' id='word_1_759' title='bbox 973 2450 1067 2475; x_wconf 77' lang='lat' dir='ltr'><strong>essent</strong></span> <span class='ocrx_word' id='word_1_760' title='bbox 1080 2466 1088 2478; x_wconf 80' lang='lat'><strong>,</strong></span> <span class='ocrx_word' id='word_1_761' title='bbox 1104 2450 1131 2474; x_wconf 90' lang='lat' dir='ltr'><strong>et</strong></span> <span class='ocrx_word' id='word_1_762' title='bbox 1154 2445 1207 2472; x_wconf 87' lang='lat' dir='ltr'><strong>luci</strong></span> <span class='ocrx_word' id='word_1_763' title='bbox 1231 2444 1373 2479; x_wconf 81' lang='lat' dir='ltr'><strong>religionis</strong></span> <span class='ocrx_word' id='word_1_764' title='bbox 1396 2448 1493 2478; x_wconf 88' lang='lat' dir='ltr'><strong>sponte</strong></span> <span class='ocrx_word' id='word_1_765' title='bbox 1522 2450 1571 2469; x_wconf 86' lang='lat' dir='ltr'><strong>sua</strong></span> <span class='ocrx_word' id='word_1_766' title='bbox 1592 2441 1690 2469; x_wconf 84' lang='lat' dir='ltr'><strong>orulns</strong></span> 
     </span>
    </p>
   </div>
   <div class='ocr_carea' id='block_1_108' title="bbox 896 2487 1688 2521">
    <p class='ocr_par' dir='ltr' id='par_1_108' title="bbox 896 2487 1688 2521">
     <span class='ocr_line' id='line_1_108' title="bbox 896 2487 1688 2521; baseline -0.009 0"><span class='ocrx_word' id='word_1_767' title='bbox 896 2494 1075 2521; x_wconf 80' lang='lat' dir='ltr'><strong>clauderent:</strong></span> <span class='ocrx_word' id='word_1_768' title='bbox 1105 2502 1113 2518; x_wconf 81' lang='grc' dir='ltr'><strong>ι</strong></span> <span class='ocrx_word' id='word_1_769' title='bbox 1131 2491 1258 2519; x_wconf 79' lang='lat' dir='ltr'><strong>Videntes</strong></span> <span class='ocrx_word' id='word_1_770' title='bbox 1273 2498 1327 2517; x_wconf 90' lang='lat' dir='ltr'><strong>non</strong></span> <span class='ocrx_word' id='word_1_771' title='bbox 1343 2489 1480 2520; x_wconf 85' lang='lat' dir='ltr'><strong>videbant,</strong></span> <span class='ocrx_word' id='word_1_772' title='bbox 1502 2491 1530 2515; x_wconf 89' lang='lat' dir='ltr'><strong>et</strong></span> <span class='ocrx_word' id='word_1_773' title='bbox 1545 2487 1688 2514; x_wconf 80' lang='lat' dir='ltr'><strong>audientes</strong></span> 
     </span>
    </p>
   </div>
   <div class='ocr_carea' id='block_1_109' title="bbox 896 2534 1687 2570">
    <p class='ocr_par' dir='ltr' id='par_1_109' title="bbox 896 2534 1687 2570">
     <span class='ocr_line' id='line_1_109' title="bbox 896 2534 1687 2570; baseline -0.009 -3"><span class='ocrx_word' id='word_1_774' title='bbox 896 2547 950 2567; x_wconf 87' lang='lat' dir='ltr'><strong>non</strong></span> <span class='ocrx_word' id='word_1_775' title='bbox 974 2538 1141 2570; x_wconf 83' lang='lat' dir='ltr'><strong>audiebant;</strong></span> <span class='ocrx_word' id='word_1_776' title='bbox 1158 2547 1167 2564; x_wconf 73' lang='grc' dir='ltr'><strong>ι</strong></span> <span class='ocrx_word' id='word_1_777' title='bbox 1188 2537 1290 2564; x_wconf 88' lang='lat' dir='ltr'><strong>nullam</strong></span> <span class='ocrx_word' id='word_1_778' title='bbox 1319 2540 1409 2563; x_wconf 90' lang='lat' dir='ltr'><strong>tamen</strong></span> <span class='ocrx_word' id='word_1_779' title='bbox 1432 2534 1567 2562; x_wconf 88' lang='lat' dir='ltr'><strong>resistenti</strong></span> <span class='ocrx_word' id='word_1_780' title='bbox 1591 2542 1687 2560; x_wconf 89' lang='lat' dir='ltr'><strong>eorum</strong></span> 
     </span>
    </p>
   </div>
   <div class='ocr_carea' id='block_1_110' title="bbox 897 2578 1688 2618">
    <p class='ocr_par' dir='ltr' id='par_1_110' title="bbox 897 2578 1688 2618">
     <span class='ocr_line' id='line_1_110' title="bbox 897 2578 1688 2618; baseline -0.009 -8"><span class='ocrx_word' id='word_1_781' title='bbox 897 2584 979 2611; x_wconf 90' lang='lat' dir='ltr'><strong>indoli</strong></span> <span class='ocrx_word' id='word_1_782' title='bbox 999 2583 1127 2618; x_wconf 82' lang='lat' dir='ltr'><strong>parabnla</strong></span> <span class='ocrx_word' id='word_1_783' title='bbox 1148 2585 1264 2617; x_wconf 81' lang='lat' dir='ltr'><strong>(utpote</strong></span> <span class='ocrx_word' id='word_1_784' title='bbox 1283 2589 1343 2616; x_wconf 89' lang='lat' dir='ltr'><strong>qu:e</strong></span> <span class='ocrx_word' id='word_1_785' title='bbox 1375 2579 1543 2607; x_wconf 86' lang='lat' dir='ltr'><strong>obscuritate</strong></span> <span class='ocrx_word' id='word_1_786' title='bbox 1566 2578 1688 2605; x_wconf 86' lang='lat' dir='ltr'><strong>involve—</strong></span> 
     </span>
    </p>
   </div>
   <div class='ocr_carea' id='block_1_111' title="bbox 895 2623 1688 2662">
    <p class='ocr_par' dir='ltr' id='par_1_111' title="bbox 895 2623 1688 2662">
     <span class='ocr_line' id='line_1_111' title="bbox 895 2623 1688 2662; baseline -0.006 -7"><span class='ocrx_word' id='word_1_787' title='bbox 895 2628 997 2662; x_wconf 83' lang='lat' dir='ltr'><strong>batur)</strong></span> <span class='ocrx_word' id='word_1_788' title='bbox 1023 2627 1183 2662; x_wconf 76' lang='lat' dir='ltr'><strong>ignorantia:</strong></span> <span class='ocrx_word' id='word_1_789' title='bbox 1201 2626 1373 2653; x_wconf 88' lang='lat' dir='ltr'><strong>occasionem</strong></span> <span class='ocrx_word' id='word_1_790' title='bbox 1387 2625 1507 2659; x_wconf 84' lang='lat' dir='ltr'><strong>praebet,</strong></span> <span class='ocrx_word' id='word_1_791' title='bbox 1534 2625 1579 2651; x_wconf 86' lang='lat' dir='ltr'><strong>sed</strong></span> <span class='ocrx_word' id='word_1_792' title='bbox 1596 2623 1688 2658; x_wconf 89' lang='lat' dir='ltr'><strong>potius</strong></span> 
     </span>
    </p>
   </div>
   <div class='ocr_carea' id='block_1_112' title="bbox 896 2669 1687 2709">
    <p class='ocr_par' dir='ltr' id='par_1_112' title="bbox 896 2669 1687 2709">
     <span class='ocr_line' id='line_1_112' title="bbox 896 2669 1687 2709; baseline -0.006 -8"><span class='ocrx_word' id='word_1_793' title='bbox 896 2674 1018 2709; x_wconf 89' lang='lat' dir='ltr'><strong>ipsorum</strong></span> <span class='ocrx_word' id='word_1_794' title='bbox 1034 2681 1125 2701; x_wconf 84' lang='lat' dir='ltr'><strong>mores</strong></span> <span class='ocrx_word' id='word_1_795' title='bbox 1144 2671 1298 2700; x_wconf 64' lang='lat' dir='ltr'><strong>indolentia!</strong></span> <span class='ocrx_word' id='word_1_796' title='bbox 1310 2671 1425 2699; x_wconf 88' lang='lat' dir='ltr'><strong>crimine</strong></span> <span class='ocrx_word' id='word_1_797' title='bbox 1439 2670 1597 2704; x_wconf 81' lang='lat' dir='ltr'><strong>redarguit;</strong></span> <span class='ocrx_word' id='word_1_798' title='bbox 1614 2669 1687 2705; x_wconf 84' lang='lat' dir='ltr'><strong>quod</strong></span> 
     </span>
    </p>
   </div>
   <div class='ocr_carea' id='block_1_113' title="bbox 896 2717 1687 2755">
    <p class='ocr_par' dir='ltr' id='par_1_113' title="bbox 896 2717 1687 2755">
     <span class='ocr_line' id='line_1_113' title="bbox 896 2717 1687 2755; baseline -0.006 -7"><span class='ocrx_word' id='word_1_799' title='bbox 896 2728 940 2748; x_wconf 86' lang='lat' dir='ltr'><strong>res</strong></span> <span class='ocrx_word' id='word_1_800' title='bbox 956 2727 1010 2748; x_wconf 91' lang='lat' dir='ltr'><strong>non</strong></span> <span class='ocrx_word' id='word_1_801' title='bbox 1033 2725 1190 2755; x_wconf 80' lang='lat' dir='ltr'><strong>perspectas</strong></span> <span class='ocrx_word' id='word_1_802' title='bbox 1203 2726 1236 2746; x_wconf 84' lang='lat' dir='ltr'><strong>cx</strong></span> <span class='ocrx_word' id='word_1_803' title='bbox 1253 2719 1312 2751; x_wconf 87' lang='lat' dir='ltr'><strong>his,</strong></span> <span class='ocrx_word' id='word_1_804' title='bbox 1329 2725 1391 2753; x_wconf 80' lang='lat' dir='ltr'><strong>quae</strong></span> <span class='ocrx_word' id='word_1_805' title='bbox 1405 2717 1462 2752; x_wconf 90' lang='lat' dir='ltr'><strong>jam</strong></span> <span class='ocrx_word' id='word_1_806' title='bbox 1476 2717 1687 2749; x_wconf 82' lang='lat' dir='ltr'><strong>intellexerant,</strong></span> 
     </span>
    </p>
   </div>
   <div class='ocr_carea' id='block_1_114' title="bbox 903 2838 1687 2876">
    <p class='ocr_par' dir='ltr' id='par_1_114' title="bbox 903 2838 1687 2876">
     <span class='ocr_line' id='line_1_114' title="bbox 903 2838 1687 2876; baseline -0.005 -5"><span class='ocrx_word' id='word_1_807' title='bbox 903 2845 925 2861; x_wconf 69' lang='grc'><strong>⁸⁵</strong></span> <span class='ocrx_word' id='word_1_808' title='bbox 944 2843 1008 2872; x_wconf 69' lang='lat' dir='ltr'><strong>ibid.</strong></span> <span class='ocrx_word' id='word_1_809' title='bbox 1050 2851 1106 2876; x_wconf 81' lang='lat' dir='ltr'><strong>xw,</strong></span> <span class='ocrx_word' id='word_1_810' title='bbox 1133 2843 1158 2871; x_wconf 82' lang='grc'><strong>1.</strong></span> <span class='ocrx_word' id='word_1_811' title='bbox 1211 2842 1315 2872; x_wconf 81' lang='lat' dir='ltr'><strong>“ibid.</strong></span> <span class='ocrx_word' id='word_1_812' title='bbox 1341 2841 1377 2871; x_wconf 75' lang='grc'><strong>22</strong></span> <span class='ocrx_word' id='word_1_813' title='bbox 1401 2849 1479 2876; x_wconf 84' lang='lat' dir='ltr'><strong>seqq.</strong></span> <span class='ocrx_word' id='word_1_814' title='bbox 1527 2841 1550 2858; x_wconf 82' lang='lat'>&quot;</span> <span class='ocrx_word' id='word_1_815' title='bbox 1563 2840 1629 2869; x_wconf 87' lang='lat' dir='ltr'><strong>ibid.</strong></span> <span class='ocrx_word' id='word_1_816' title='bbox 1651 2838 1687 2866; x_wconf 74' lang='grc'><strong>24</strong></span> 
     </span>
    </p>
   </div>
   <div class='ocr_carea' id='block_1_115' title="bbox 1211 2841 1479 2878">
    <p class='ocr_par' dir='ltr' id='par_1_115' title="bbox 1211 2841 1479 2878">
     <span class='ocr_line' id='line_1_115' title="bbox 1211 2841 1479 2878; baseline -0.011 -6"><span class='ocrx_word' id='word_1_817' title='bbox 1211 2843 1234 2858; x_wconf 74' lang='grc'><strong>⁸⁸</strong></span> <span class='ocrx_word' id='word_1_818' title='bbox 1248 2842 1315 2872; x_wconf 86' lang='lat' dir='ltr'><strong>ibid.</strong></span> <span class='ocrx_word' id='word_1_819' title='bbox 1341 2841 1377 2871; x_wconf 76' lang='lat'><strong>22</strong></span> <span class='ocrx_word' id='word_1_820' title='bbox 1401 2849 1479 2878; x_wconf 86' lang='lat' dir='ltr'><strong>seqq.</strong></span> 
     </span>
    </p>
   </div>
   <div class='ocr_carea' id='block_1_116' title="bbox 81 2875 844 2913">
    <p class='ocr_par' dir='ltr' id='par_1_116' title="bbox 81 2875 844 2913">
     <span class='ocr_line' id='line_1_116' title="bbox 81 2875 844 2913; baseline 0.007 -11"><span class='ocrx_word' id='word_1_821' title='bbox 81 2876 142 2907; x_wconf 62' lang='lat' dir='ltr'><strong>WM-</strong></span> <span class='ocrx_word' id='word_1_822' title='bbox 175 2875 267 2906; x_wconf 74' lang='lat' dir='ltr'><strong>“ibid.</strong></span> <span class='ocrx_word' id='word_1_823' title='bbox 287 2885 346 2913; x_wconf 82' lang='lat' dir='ltr'><strong>vni,</strong></span> <span class='ocrx_word' id='word_1_824' title='bbox 364 2878 407 2906; x_wconf 73' lang='lat' dir='ltr'><strong>i0.</strong></span> <span class='ocrx_word' id='word_1_825' title='bbox 446 2879 467 2896; x_wconf 77' lang='grc'><strong><em>⁵⁸</em></strong></span> <span class='ocrx_word' id='word_1_826' title='bbox 482 2875 578 2907; x_wconf 64' lang='lat' dir='ltr'><strong>Matth.</strong></span> <span class='ocrx_word' id='word_1_827' title='bbox 594 2886 653 2913; x_wconf 84' lang='lat' dir='ltr'><strong>xm,</strong></span> <span class='ocrx_word' id='word_1_828' title='bbox 671 2878 725 2913; x_wconf 77' lang='lat'><strong>36;</strong></span> <span class='ocrx_word' id='word_1_829' title='bbox 744 2887 788 2912; x_wconf 79' lang='lat' dir='ltr'><strong>xv,</strong></span> <span class='ocrx_word' id='word_1_830' title='bbox 806 2879 844 2907; x_wconf 77' lang='grc'><strong>15.</strong></span> 
     </span>
    </p>
   </div>
   <div class='ocr_carea' id='block_1_117' title="bbox 931 2875 1129 2913">
    <p class='ocr_par' dir='ltr' id='par_1_117' title="bbox 931 2879 1129 2912">
     <span class='ocr_line' id='line_1_117' title="bbox 931 2879 1129 2912; baseline -0.01 -4"><span class='ocrx_word' id='word_1_831' title='bbox 931 2879 990 2908; x_wconf 49' lang='lat' dir='ltr'><strong>.bid.</strong></span> <span class='ocrx_word' id='word_1_832' title='bbox 1008 2887 1067 2912; x_wconf 84' lang='lat' dir='ltr'><strong>xui,</strong></span> <span class='ocrx_word' id='word_1_833' title='bbox 1086 2879 1129 2906; x_wconf 75' lang='grc'><strong>15.</strong></span> 
     </span>
    </p>
   </div>
   <div class='ocr_carea' id='block_1_118' title="bbox 1637 147 1754 191">
    <p class='ocr_par' dir='ltr' id='par_1_118' title="bbox 1637 147 1754 191">
     <span class='ocr_line' id='line_1_118' title="bbox 1637 147 1754 191; baseline 0.017 -11"><span class='ocrx_word' id='word_1_834' title='bbox 1637 147 1693 182; x_wconf 71' lang='lat'><strong>242</strong></span> <span class='ocrx_word' id='word_1_835' title='bbox 1750 188 1754 191; x_wconf 19' lang='grc' dir='ltr'>δ</span> 
     </span>
    </p>
   </div>
  </div>
