1878 3057
160 153 214 186 243

737 149 871 180 ΡΗΟΤΙΙ
890 146 1146 180 ΡΑΤΒῙΑΒΟΗᾸΞ
1163 146 1217 177 CP.

1753 137 1811 170 244

161 212 200 239 nti
228 209 352 239 solebant
374 207 492 243 apostoli
505 207 521 240 ,'
538 206 704 242 investigare
727 206 906 239 debuissem;
929 206 955 233 hi

1048 207 1076 237 ἲν,
1092 204 1121 237 ἐξ
1134 201 1171 231 ὧν
1184 202 1323 235 συνίεσαν,
1334 200 1352 228 ἃ
1366 200 1403 236 μὴ
1415 198 1653 233 συνίεσαν,ῶσπερ
1670 197 1809 234 ἔπραττον

161 262 252 285 autem
277 255 382 283 nullum
402 261 558 282 sermonem
583 261 637 281 non
660 254 712 281 rite
735 253 903 281 intellectum
928 253 955 280 in

162 304 253 331 animo
264 301 466 329 Tecondebant.

199 350 275 376 llanc
294 355 359 375 vero
386 345 577 382 parabolarum
610 349 637 373 et
656 344 866 372 similitudinum
884 344 955 372 dilli-

163 394 291 422 cullatem
314 393 355 420 vel
373 393 431 427 ipse
447 392 577 419 Salomon
600 391 626 418 in
653 391 723 418 libro
740 390 953 419 Proverbiorum

163 437 303 469 indicavit,
314 437 378 464 dum
391 436 474 463 verbo
486 435 620 469 parabolae
637 442 717 462 voces
732 435 865 470 quasdam
879 442 956 470 aeque

161 482 297 517 pollentes
313 480 424 515 apponit
436 487 443 512 ;
458 479 503 506 ubi
517 480 667 513 sapientem
681 479 838 513 quemdam,
850 483 877 505 et
888 486 956 513 pru-

162 525 294 555 dentem,
324 524 370 558 qui
397 528 513 549 mentem
540 530 618 550 suam
643 522 795 558 proverbiis
817 521 956 555 excoluit,

163 571 321 599 describens
346 578 353 597 :
382 579 391 594 ι
406 569 558 604 Exquirct,
582 569 691 604 inquit,
718 569 875 603 parabolam
891 588 898 599 .
922 568 951 595 et

163 618 281 646 obscura
297 617 376 643 verba
393 616 572 650 sapientium,
591 620 616 642 ct
638 615 782 650 aenigmata
799 615 832 642 τί.
853 623 862 639 ι

200 661 301 688 Verum
324 661 382 688 haec
408 661 531 688 doctrina
544 667 559 686 a
574 660 710 694 parabolas
729 664 757 687 et
768 658 957 687 similitudinis

163 707 377 742 proprietatibus
393 707 446 733 huc
465 713 519 733 non
536 707 620 733 invite
636 705 764 738 deducta,
782 705 844 732 aliis
875 708 957 739 atque

163 753 226 780 aliis
244 753 444 787 quzestionibus
456 752 596 778 solvendis
609 751 715 778 ratione
730 751 819 777 adhuc
835 750 957 784 exposita

164 803 254 834 potest
280 799 423 826 inservire.
449 798 477 825 ιιι
503 805 589 831 vero,
618 797 690 832 quod
717 798 809 832 potius
835 797 957 831 dicetur,

164 849 269 879 quanto
284 844 442 871 accuratius
458 843 595 875 notiones,
613 847 641 870 et
657 843 739 870 verba
757 842 889 869 doctrinm
903 842 957 876 jam

1009 253 1033 279 οἰ
1043 251 1203 279 ἀπόστολοι·
1220 251 1244 276 oi
1262 249 1290 276 δὲ
1316 248 1396 283 λόγον
1425 247 1522 273 οὐδένα
1546 246 1602 273 τῶν
1613 245 1809 281 ἀγνοουμένων

1010 298 1141 324 ἐτίθεντο.

1045 343 1082 370 Τὸ
1095 343 1124 370 δὲ
1138 342 1186 377 τῆς
1201 339 1373 377 παραϐολῆς.
1387 339 1435 366 καὶ
1445 337 1602 373 ὁμοιώσεως
1617 336 1810 373 δυσθεώρητον

1010 389 1059 416 καὶ
1069 389 1083 415 ό
1098 387 1306 424 Παροιμιαστὴξ
1321 387 1354 422 τῇ
1380 384 1532 420 παραθέσει
1548 383 1603 410 τῶν
1623 382 1809 418 παραλλήλων

1010 434 1107 470 φωνῶν
1120 434 1307 470 ὑπεσήμηνεν,
1320 432 1402 467 ἡνίκα
1417 431 1462 458 τδν
1474 431 1534 462 ταῖς
1551 429 1713 464 παροιμίαις
1727 428 1810 455 τελε-

1011 482 1108 509 σθέντα
1123 481 1172 517 τὴν
1185 481 1305 507 διάνοιαν
1322 479 1403 512 σοφόν
1422 485 1483 504 τινα
1496 476 1666 510 διαγράφων,
1681 476 1729 502 καὶ
1742 475 1811 509 νοή-

1013 536 1095 564 μονα,
1118 536 1127 553 ι
1148 527 1250 562 Νοήσει
1267 534 1297 552 τε
1319 523 1487 560 παραδολὴν,
1520 522 1598 557 φησί,
1622 522 1670 549 καὶ
1702 529 1811 548 σκοτειο

1010 574 1064 601 νῶν
1082 573 1138 609 (76)
1155 574 1249 609 ῥήσεις
1270 580 1300 598 τε
1313 570 1413 606 σοφῶν,
1426 569 1474 596 καὶ
1489 569 1651 603 αἰνίγματα.
1669 576 1679 593 ι

1052 663 1133 690 Ἀλλὰ
1148 658 1226 693 οὗτος
1240 661 1289 696 μὲν
1309 661 1323 687 ό
1338 660 1419 694 λόγος
1428 659 1442 685 ὁ
1451 658 1505 686 ἀπὺ
1518 658 1575 685 τῶν
1587 656 1742 692 ἰδιωμάτων
1757 655 1812 690 τῆς

1013 709 1182 745 παραϐολῆς,
1197 708 1244 735 καὶ
1259 707 1418 742 ὁμοιώσεως
1428 706 1458 732 οὒ
1479 705 1619 735 παντελῶς
1636 702 1811 737 καθελκόμε-

1012 765 1067 789 νος,
1083 754 1201 787 πολλῶν,
1219 753 1266 780 καὶ
1281 752 1370 780 ἄλλων
1384 751 1456 778 κατὰ
1478 750 1523 777 τὸν
1546 749 1692 785 εἰρημένον
1705 748 1810 783 τρόπον

1012 799 1202 836 ὲξευμαρίζειν
1216 799 1363 834 ζητήματα
1374 797 1497 824 δύναται.
1514 796 1547 823 Ὃ
1563 795 1591 822 δὲ
1605 793 1706 830 μᾶλλον
1722 793 1810 829 ῥηθή-

1014 856 1103 879 σεται,
1117 848 1178 873 ὃσον
1192 846 1242 881 τῆς
1251 843 1479 879 προτεταγμένης
1490 842 1606 878 θεωρίας
1618 841 1718 877 μᾶλλον
1727 841 1810 875 ἀκρι-

165 895 273 919 statuta":
299 890 446 923 enueleat,
475 894 551 917 tanto
574 889 661 924 magis
685 889 823 924 propriam
849 884 958 915 solutio-

1048 895 1165 928 λογεῖται
1182 893 1216 919 τά
1230 901 1259 919 τε
1276 892 1439 927 πράγματα,
1456 890 1504 917 καὶ
1523 889 1558 916 τὰ
1573 889 1696 924 ῥήματα,
1712 886 1811 914 τοσοῦ-

165 943 226 963 nem
253 935 398 970 proponit,
422 942 539 970 eamque
560 938 662 962 nostrae
679 934 727 961 uni
751 934 870 969 applicat
886 941 962 969 quaa-

167 981 263 1008 lﬁonL

201 1026 306 1061 Duplici
330 1031 420 1053 autem
447 1033 529 1054 sensu
562 1033 640 1053 sacra
674 1025 784 1053 oracula
813 1032 962 1060 puerorum

166 1079 265 1100 nomen
292 1076 448 1106 usurpant:
470 1071 595 1105 scilicet,
625 1080 634 1097 ι
661 1070 747 1098 Sinite
772 1071 919 1105 parvulos,
936 1075 963 1098 et

166 1117 250 1144 nolite
271 1124 318 1144 eos
343 1117 487 1150 prohibere
507 1115 541 1142 ad
565 1123 609 1142 me
629 1116 721 1142 venire
741 1115 785 1149 7';
802 1125 811 1140 ι
835 1115 963 1149 quodque

166 1163 201 1189 ab
215 1162 266 1189 hac
288 1162 486 1198 significatione
501 1170 554 1189 non
572 1162 650 1195 longe
670 1161 768 1191 distat.
796 1170 806 1187 ι
823 1161 878 1188 Nisi
893 1168 960 1188 con-

164 1209 237 1236 versi
253 1208 369 1239 fueritis.
386 1213 413 1235 et
429 1207 584 1236 eﬂiciamini
616 1207 687 1235 sicut
701 1207 807 1242 parvuli
821 1227 828 1238 ,
848 1215 901 1234 non
921 1207 962 1233 in-

166 1255 275 1282 trabitis
297 1254 324 1281 in
350 1262 464 1289 regnum
491 1254 623 1282 caelorum
649 1254 683 1279 ⁷³.
704 1263 714 1280 ι
746 1253 849 1281 Deinde
874 1260 960 1280 vero:

168 1311 178 1327 ι
197 1300 306 1328 Fratres
318 1322 325 1334 ,
340 1301 425 1328 nolite
444 1301 521 1335 pueri
540 1300 608 1328 edici
633 1300 775 1332 sensibus,
799 1300 844 1327 sed
859 1299 962 1327 malitia

165 1347 272 1382 parvuli
290 1351 377 1374 estote
391 1347 426 1373 ⁷⁸.
443 1356 452 1372 ι
479 1346 570 1379 Quare
589 1354 654 1381 puer
672 1346 726 1373 duo
748 1345 899 1380 signiﬁcat,
916 1351 964 1372 aut

166 1391 258 1426 potius
278 1391 349 1424 tria;
370 1391 506 1426 siquidem
539 1391 651 1423 Paulus,
670 1391 713 1418 vir
740 1391 783 1418 ille
806 1391 832 1418 in
857 1391 958 1419 divinis

168 1437 354 1472 humanisque
370 1437 453 1464 rebus
472 1437 593 1471 quolibet
618 1437 672 1464 alio
688 1437 837 1471 sapientior
849 1459 856 1470 ,
875 1441 902 1464 et
916 1437 962 1472 qui

167 1488 248 1509 norat
263 1487 464 1510 consentaneas
477 1490 557 1510 voces
570 1483 694 1517 cognatis
710 1483 867 1510 notionihus
884 1487 962 1518 apta-

168 1535 198 1556 re
209 1548 217 1561 ,
236 1527 357 1563 profatus
372 1532 414 1555 est
429 1537 436 1555 :
456 1538 465 1554 ι
481 1528 550 1561 Quia
567 1536 631 1563 ergo
646 1529 722 1563 pueri
739 1529 962 1556 communicave-

168 1579 234 1602 runt
262 1574 338 1601 carni
359 1579 386 1601 et
402 1574 540 1608 sanguini,
557 1579 584 1602 et
598 1574 657 1609 ipse
673 1574 801 1601 similiter
816 1575 962 1609 participa-
975 1566 997 1596 C-

168 1621 207 1649 vit
217 1621 331 1651 eisdem.
350 1626 379 1648 ut
396 1629 444 1656 per
459 1625 574 1648 mortem
604 1621 758 1648 destrueret
773 1628 835 1648 eum
854 1621 900 1656 qui
915 1621 962 1648 ha-

169 1665 251 1693 bebat
266 1666 361 1692 mortis
378 1666 521 1700 imperium
538 1666 569 1693 "'.
591 1675 600 1691 ι
617 1665 695 1694 Patet
710 1666 782 1693 enim
799 1686 806 1698 ,
828 1665 902 1700 quod
919 1666 963 1693 hic

169 1719 222 1739 vox
249 1720 314 1744 puer
337 1719 423 1746 neque
442 1711 554 1746 simplex
567 1732 575 1745 ,
595 1719 684 1747 neque
701 1713 825 1739 innocens
838 1732 846 1744 .
875 1720 964 1746 neque

169 1756 328 1784 calliditatis
353 1765 466 1791 expers,
492 1757 548 1784 imo
567 1765 637 1792 neqe
664 1757 793 1789 stultum,
814 1763 838 1785 et
859 1759 963 1792 patiens

170 1803 250 1838 facile
276 1803 476 1831 circumversari
501 1803 587 1838 possit
610 1803 745 1838 intelligi,
769 1803 817 1832 sed
839 1810 963 1831 naturam

173 1848 318 1874 humanam
331 1849 492 1883 simpliciter
506 1848 649 1883 signiticet.

206 1894 294 1928 Quam
309 1895 344 1922 ob
355 1902 467 1922 causam
485 1894 653 1928 Pratcursor,
668 1899 695 1922 et
706 1894 871 1929 Redemptor
887 1895 965 1930 pueri

170 1942 274 1977 optimo
293 1942 355 1976 jure
376 1941 468 1968 vocari
490 1946 657 1976 potuerunt,
678 1941 742 1976 quia
765 1945 792 1968 et
817 1949 964 1976 puerorum

170 1993 277 2015 natum.
291 1988 553 2020 connnunicarunt;
574 1992 601 2014 et
613 1987 686 2022 quod
705 1987 791 2022 magis
807 1987 943 2022 peculiare
957 2007 964 2020 ,

171 2037 198 2059 et
213 2032 354 2066 proprium
371 2035 429 2064 est,
450 2031 515 2066 quia
532 2031 645 2058 multam
667 2031 808 2058 lenitatem
821 2050 828 2064 ,
848 2035 875 2058 ct
895 2032 966 2058 inter

172 2078 339 2112 multiplices
365 2078 555 2112 perpessiones
576 2077 814 2104 mansuetudinem
829 2096 837 2108 .
859 2085 966 2104 mores-

172 2131 226 2159 que
249 2123 341 2159 pneris
357 2130 410 2150 non
432 2123 571 2151 absimiles
587 2131 642 2158 prae
655 2130 685 2151 se
700 2123 836 2150 ferebant.
859 2122 966 2150 Etenim

171 2179 320 2207 puerorum
346 2179 435 2199 mores
455 2172 506 2206 ipsi
530 2172 556 2199 in
577 2179 607 2199 se
625 2170 782 2198 referebant
801 2178 964 2205 ειμι-θείω.

172 2218 237 2245 dum
256 2225 304 2245 nec
322 2218 408 2251 ignem
426 2217 597 2244 deducebant
614 2224 630 2244 e
645 2217 733 2249 εωίο,
756 2224 805 2244 nec
828 2216 966 2251 improbos

173 2264 265 2299 gladio
280 2264 430 2299 plectebant
445 2284 453 2296 ,
469 2271 520 2290 nec
539 2267 620 2290 terras
639 2263 758 2290 hiatibus
776 2263 964 2297 castigabant,

172 2318 223 2338 nec
243 2311 391 2337 oluluralos
419 2309 612 2344 demerge-bant
631 2309 657 2335 in
676 2316 771 2341 mare;
790 2308 836 2335 sed
851 2308 963 2335 lenitate

173 2365 205 2384 ac
231 2357 387 2391 placiditate
415 2356 442 2383 in
467 2363 614 2391 puerorum
640 2355 820 2382 similitudine
836 2362 865 2382 se
881 2354 968 2381 collo-

172 2408 266 2429 cantes
279 2423 286 2433 .
306 2401 480 2429 sermonibus
500 2401 596 2436 puerili
622 2400 732 2436 ingenio
753 2400 969 2428 accommodatis

172 2448 326 2476 edocendos
338 2449 509 2479 erudiebant.
523 2447 674 2475 secundum
689 2447 753 2474 illud
769 2455 776 2474 :
791 2456 800 2472 ι
821 2447 875 2473 Lac
893 2446 970 2473 vobis

172 2499 266 2528 potum
278 2494 352 2527 dedi,
365 2501 419 2521 non
431 2501 524 2521 escam
533 2494 571 2526 7°;
588 2502 596 2518 ι
611 2497 637 2520 et
649 2497 779 2528 pt'zelerea
792 2501 801 2516 ι
815 2491 898 2518 Multa
914 2491 969 2518 alia

173 2540 260 2568 habeo
275 2541 375 2573 dicere,
392 2541 439 2568 sed
454 2548 508 2568 non
526 2541 641 2575 potestis
657 2544 767 2574 portare
783 2538 863 2565 modo
879 2538 912 2564 ⁷⁷.
934 2547 943 2563 ι

209 2586 361 2614 Luculione
383 2587 476 2621 itaque
497 2594 586 2620 neque
608 2585 738 2617 absurda,
765 2592 853 2619 neque
870 2590 969 2611 contu-

172 2633 287 2660 meliosa
302 2634 378 2668 pueri
396 2634 490 2668 utiquc
508 2631 602 2660 haberi
620 2635 766 2667 poterunt,
780 2636 807 2657 et
822 2630 875 2657 dici
886 2650 893 2663 ,
909 2635 966 2656 tum

208 2691 230 2706 '”
247 2691 328 2718 Prov.
341 2699 361 2722 ι,
378 2690 404 2718 6.
421 2690 471 2717 llic
485 2697 585 2724 sequor
601 2689 762 2724 versionem
774 2688 855 2716 LXX.
895 2688 917 2703 τ’
933 2687 1029 2714 Matth.
1047 2695 1103 2719 xui,
1122 2687 1164 2714 Η.
1203 2686 1227 2702 ⁷³
1244 2685 1340 2712 Matth.
1359 2692 1425 2711 xvnl
1437 2704 1444 2716 ,
1468 2684 1494 2710 5.

173 2727 197 2743 ⁷⁵
211 2725 294 2754 Hebr.
311 2734 343 2754 ll.
362 2726 406 2753 Μ.
444 2726 467 2741 ⁷⁸
484 2723 571 2753 lCor.
590 2733 631 2758 ιιι,
647 2725 675 2751 2.
713 2724 736 2740 ⁷⁷
749 2723 830 2751 Joan.
849 2731 904 2756 xu,
923 2723 966 2749 1‘2.

1012 949 1058 967 τον
1072 939 1226 971 ἰδιάζουσαν
1242 938 1393 972 ἀποφαῖνον
1404 937 1446 970 ἐφ’
1464 935 1505 962 ἑνὶ
1519 935 1657 970 ζητήματι
1669 933 1810 969 περιγρά-

1013 995 1058 1021 φει
1069 986 1119 1021 τὴν
1134 985 1268 1012 ἐπίλυσιν.

1048 1032 1141 1059 Διττόν
1154 1039 1195 1058 τοι
1221 1031 1277 1066 γὰρ
1297 1026 1344 1056 οὖν
1369 1027 1447 1064 παρᾶ
1468 1027 1526 1058 τοῖς
1545 1026 1628 1062 ἱεροῖς
1645 1024 1725 1060 ἡμῶν
1740 1033 1811 1060 χρη-

1014 1078 1093 1112 σμοῖς
1103 1076 1137 1103 τὰ
1152 1075 1247 1102 παιδία
1258 1083 1266 1090 ο
1281 1084 1290 1099 ι
1310 1075 1412 1108 ’Δφετε
1438 1073 1494 1108 γὰρ
1524 1072 1558 1099 τὰ
1581 1071 1686 1102 παιδία,
1705 1071 1756 1096 καὶ
1771 1070 1810 1105 μὴ

1014 1123 1131 1151 κωλύετε
1145 1121 1216 1148 αὐτὰ
1229 1120 1359 1156 ἔρχεσθαι
1376 1119 1446 1155 πρός
1461 1127 1494 1154 με
1504 1127 1512 1135 ·
1527 1127 1537 1144 ι
1546 1117 1594 1145 καλ⁸
1608 1117 1658 1152 τῆς
1667 1117 1753 1151 αὐτῆς
1765 1117 1812 1142 ὲνο

1013 1169 1086 1200 νοίας
1101 1168 1132 1196 οὗ
1147 1168 1252 1204 πόρρω,
1267 1176 1287 1192 ιν
1300 1166 1364 1193 Ἐὰν
1386 1164 1423 1201 μὴ
1441 1164 1589 1200 στραφῆτε,
1605 1163 1652 1189 καὶ
1677 1161 1810 1197 γένησθε,

1013 1216 1050 1248 ὼς
1061 1215 1095 1242 τὰ
1104 1214 1208 1246 παιδία,
1227 1213 1256 1239 οὐ
1274 1213 1311 1248 μὴ
1327 1211 1467 1246 εἰσέλθητε
1482 1211 1522 1241 εἰς
1537 1210 1587 1245 τὴν
1601 1208 1741 1244 βασιλείαν
1754 1208 1811 1234 τῶν

1013 1261 1136 1298 οὐρανῶν
1149 1269 1156 1276 ·
1178 1270 1186 1286 ι
1205 1257 1277 1291 εἶτα,
1290 1268 1301 1285 ι
1321 1257 1454 1292 Ἀδελφοὶ,
1473 1256 1510 1292 μὴ
1523 1255 1618 1283 παιδία
1630 1253 1740 1289 γίνεσθε
1749 1255 1812 1285 ταῖς

1015 1308 1123 1343 φρεσὶν,
1140 1305 1208 1332 ἀλλὰ
1220 1307 1252 1340 τῇ
1264 1304 1349 1339 κακίᾳ
1365 1302 1525 1337 νηπιάζετε.
1542 1312 1552 1327 ι
1572 1301 1654 1327 Ὥστε
1675 1299 1764 1326 διττὸν
1777 1299 1813 1327 ἂν

1014 1355 1057 1389 εἴη
1072 1353 1103 1380 τὸ
1119 1351 1250 1382 παιδίον,
1264 1349 1363 1385 μᾶλλον
1375 1348 1403 1374 δὲ
1415 1348 1462 1374 καὶ
1473 1346 1566 1382 τριτόν
1577 1354 1584 1361 ·
1600 1347 1679 1381 εἴπερ
1692 1347 1706 1372 ό
1718 1345 1805 1379 σοφὸς

1014 1399 1040 1425 εἴ
1066 1406 1107 1429 τις
1129 1396 1209 1427 ἄλλος
1234 1395 1270 1421 τὰ
1300 1394 1360 1420 θεῖα
1379 1392 1428 1420 καὶ
1452 1391 1487 1418 τὰ
1499 1390 1670 1425 ἀνθρώπινα,
1689 1390 1811 1422 Παῦλος,

1014 1443 1182 1480 ἐφαρμόζειν
1213 1449 1244 1468 τε
1274 1439 1353 1472 εἰδὼς
1367 1439 1416 1471 τὰς
1445 1437 1617 1472 καταλλήλας
1642 1435 1734 1471 φωνὰς
1749 1437 1814 1480 ταῖς

1016 1479 1246 1524 συγγενεστάταις
1264 1486 1391 1517 ἐννοίαις,
1410 1484 1611 1519 διακέκραγεν·
1627 1492 1637 1509 ‹
1661 1481 1740 1509 Ἐπεὶ
1765 1479 1814 1508 οὖν

1014 1538 1048 1564 τὰ
1060 1536 1154 1563 παιδία
1168 1533 1353 1569 κεκοινώνηκε
1370 1531 1471 1567 σαρκὸς
1483 1530 1530 1557 καὶ
1547 1529 1675 1566 αἵματος,
1699 1527 1748 1554 καὶ
1760 1528 1813 1554 αὺ-

1013 1583 1059 1614 τδς
1090 1580 1293 1617 παραπλησίως
1316 1578 1432 1613 μετέσχε
1450 1576 1505 1603 τῶν
1518 1575 1676 1607 αὑτῶν,ῖνα
1690 1573 1735 1601 διὰ
1765 1573 1814 1600 τοῦ

1014 1629 1128 1656 θανάτου
1142 1627 1309 1662 καταργήσῃ
1333 1625 1378 1652 τὸν
1394 1623 1424 1651 τὸ
1439 1623 1542 1658 κράτος
1557 1621 1652 1657 ἔχοντα
1664 1620 1711 1647 τοῦ
1726 1620 1814 1647 θανά-

1013 1682 1070 1701 του.
1092 1683 1101 1698 ι
1119 1672 1204 1708 Δῆλον
1221 1671 1286 1706 γὰρ,
1306 1670 1344 1701 ὡς
1358 1669 1387 1695 τὸ
1403 1668 1524 1695 παιδίον
1552 1665 1681 1698 ἐνταῦθα,
1702 1664 1768 1691 οὔτε
1784 1664 1817 1691 τὺ

1015 1719 1147 1751 ἁπλοῦν,
1163 1719 1211 1745 καὶ
1225 1717 1352 1748 damnor,
1367 1715 1415 1742 καὶ
1437 1713 1625 1748 πανουργίας
1638 1711 1815 1744 ἐλεύθερον,

1015 1765 1194 1800 ἀπαγγέλλει,
1214 1763 1278 1791 οὔτε
1308 1763 1361 1798 μὴν
1376 1762 1408 1789 τδ
1423 1761 1586 1792 ἀσύνετον,
1606 1758 1657 1786 καί
1679 1757 1738 1792 τὴν
1753 1756 1819 1783 διά-

1014 1820 1102 1840 νοιαν
1120 1808 1414 1845 εὐπερίφωρον,τάλλά
1436 1807 1492 1841 τὴν
1505 1805 1699 1840 ἀνθρωπίνην
1719 1803 1818 1834 ἁπλῶς

1015 1858 1227 1893 ἐπισημαίνεται
1244 1856 1349 1890 φύσιν.

1051 1904 1152 1938 Διόπερ
1164 1903 1178 1928 ὀ
1190 1901 1346 1937 Πρόδρομος
1373 1900 1420 1926 καὶ
1446 1899 1460 1925 ό
1477 1897 1584 1933 Σωτὴρ,
1611 1896 1706 1924 παιδία
1716 1895 1749 1923 ἂν
1767 1895 1820 1922 οὐκ

1016 1949 1170 1979 ἀπεικότως
1191 1946 1316 1982 κληθείη,
1341 1946 1382 1972 ὅτι
1395 1954 1425 1971 τε
1443 1944 1493 1980 τῆς
1522 1943 1614 1970 αὐτῶν
1630 1943 1699 1970 εἰσιν
1719 1942 1817 1973 οὐσίας

1017 1993 1247 2029 κεκοινωνηκότες
1257 2001 1263 2007 ·
1280 1992 1327 2019 καὶ
1342 1991 1572 2027 προσεχέστερον,
1584 1989 1633 2016 καὶ
1648 1988 1819 2022 οἰκειότερον

1016 2041 1061 2068 διὰ
1075 2041 1124 2076 τὴν
1136 2039 1237 2074 πολλὴν
1251 2038 1421 2074 ἡμερότητα,
1432 2037 1480 2063 καὶ
1495 2036 1639 2071 πραότητα
1662 2034 1717 2060 τῶν
1735 2033 1820 2060 πολυ-

1016 2087 1124 2122 τλήτων
1140 2085 1247 2117 παθῶν,
1262 2084 1310 2111 καὶ
1322 2083 1397 2118 ὴθῶν
1411 2082 1463 2117 τὴν
1480 2081 1549 2116 πρὸς
1565 2080 1600 2107 τὰ
1614 2079 1709 2106 παιδία
1726 2079 1819 2114 όμοιό›

1017 2141 1097 2166 τητα.
1114 2131 1169 2158 Καὶ
1182 2130 1236 2166 γὰρ
1250 2131 1279 2156 ὲν
1292 2129 1399 2160 ἑαυτοῖς
1423 2127 1562 2154 ἐδείκνυον
1577 2125 1818 2162 διαμορφούμενα,

1019 2177 1080 2205 οὒτε
1106 2177 1162 2213 πῦρ
1184 2177 1213 2209 ei
1236 2174 1354 2211 οὐρανοῦ
1387 2173 1633 2206 καταόιὸἀζοντες,
1659 2171 1722 2199 οὔτε
1746 2171 1820 2206 ξίφει

1020 2224 1082 2255 τοὺς
1095 2222 1256 2253 ἀδικοῦντας
1271 2219 1445 2253 κολάζοντες,
1459 2218 1521 2246 οὐδὲ
1537 2219 1660 2254 χάσμασι
1677 2217 1820 2253 τιμωρού-

1022 2278 1109 2305 μενοι,
1125 2269 1186 2296 οὐδὲ
1202 2266 1451 2298 καταποντίζοντες
1474 2266 1552 2292 ὕδατι
1568 2265 1632 2296 τοὺς
1648 2263 1801 2294 ἀπειοότας
1814 2270 1820 2276 “

1020 2313 1089 2339 ἀλλὰ
1103 2312 1206 2338 παίδων
1220 2311 1275 2346 (77)
1294 2312 1333 2342 εἰς
1353 2310 1501 2345 epoto-mm
1522 2309 1568 2336 διὰ
1585 2309 1636 2343 τῆς
1653 2308 1820 2344 πραότητος,

1022 2359 1070 2385 καὶ
1082 2357 1236 2393 ἀοργησίας
1248 2356 1435 2387 καθιστῶντες
1445 2355 1570 2387 ἑαυτοὺς,
1584 2354 1720 2385 παιδικοῖς
1730 2353 1821 2387 λόγοις,

1021 2404 1085 2436 τοὺς
1103 2403 1311 2438 μαθησομένους
1324 2401 1472 2438 ὲρύθμιζον
1486 2401 1557 2428 κατὰ
1569 2401 1612 2431 τὺ,
1631 2409 1640 2426 ι
1657 2399 1732 2426 Γάλα
1748 2399 1821 2434 ὑμᾶς

1023 2451 1149 2481 ἐπότισα,
1162 2450 1208 2476 καὶ
1218 2450 1248 2475 οὐ
1260 2449 1360 2484 βρῶμα
1369 2456 1376 2463 ⁸
1392 2458 1401 2473 ι
1414 2448 1462 2474 καὶ
1479 2448 1543 2482 μὴν,
1556 2456 1565 2472 ε
1577 2447 1633 2473 Ka‘t
1646 2445 1715 2472 ἄλλα
1735 2444 1823 2471 πολλὰ

1023 2497 1078 2532 έχω
1090 2496 1191 2530 λέγειν,
1209 2495 1277 2522 ἀλλὰ
1292 2495 1322 2521 οὐ
1335 2493 1451 2521 δύνασθε
1470 2493 1619 2528 βαστάζειν
1635 2492 1710 2528 ἄρτι.
1729 2501 1739 2517 ι

1059 2585 1141 2610 Ὥστε
1157 2583 1251 2614 παῖδες
1261 2583 1312 2610 οὑκ
1325 2583 1466 2618 ἀπᾴδοντι,
1480 2581 1542 2608 οὔτε
1562 2581 1629 2617 πρὸς
1641 2580 1721 2615 ὕϐριν
1737 2580 1821 2614 ἐκφε-

1024 2630 1131 2665 ρομένῳ
1160 2630 1231 2664 λόγῳ
1259 2629 1307 2654 καὶ
1331 2628 1484 2663 νομισθεῖεν
1501 2626 1545 2659 ἂν,
1561 2627 1609 2653 καί
1638 2626 1750 2661 ῥηθεῖεν
1766 2626 1781 2652 ὃ
1796 2633 1821 2651 τε

1555 2682 1578 2698 ⁷⁵
1594 2681 1681 2709 lCor.
1696 2689 1755 2714 xw,
1771 2681 1816 2708 ΞΟ.

955 2781 1069 2810 NOTAE.

176 2879 200 2907 ι.
212 2842 267 2876 (76)
283 2842 413 2871 Σκοτεινὰ
438 2843 540 2879 rctingc
555 2850 588 2872 ex
603 2850 686 2872 sensu
703 2846 730 2870 ct
753 2841 824 2869 libro
853 2840 970 2868 Prover-

188 2885 294 2907 ιιυιιιυι.

188 2886 230 2907 ιιυι
238 2885 294 2907 ttut.

1062 2838 1118 2873 (77)
1135 2838 1258 2871 Quatuor
1282 2836 1464 2873 praecedentia
1484 2835 1566 2863 verba
1593 2843 1625 2864 ex
1651 2842 1719 2863 mss.
1749 2832 1823 2860 Van-

1023 2872 1095 2903 cano
1107 2872 1133 2903 et
1148 2873 1295 2902 Barbcrino
1312 2872 1507 2908 supplcvimus.
