1878 3057
59 164 100 196 259
499 157 550 188 AD
563 155 863 188 AMPHILOCHIUM
881 153 1055 191 QUESTIO
1066 153 1183 184 XXXV.
1607 147 1660 178 250

59 219 97 246 καὶ
107 215 321 251 συναπαρτίζεται
332 213 463 241 διάνοιαν.
483 212 513 240 Ὅ
525 213 592 248 γοῦν
605 212 725 248 ἕτοιμος,
739 212 819 248 μελέ-

910 210 1004 238 mlente
1019 208 1170 237 certamine
1190 207 1220 235 in
1236 205 1304 242 ipsis
1319 203 1460 241 praeludiis
1485 203 1602 237 turbari,
1627 204 1662 230 ad

58 272 105 298 της,
120 262 163 290 καὶ
175 249 315 298 μερίμνης,
329 260 377 287 καὶ
391 259 557 296 ἀμφιϐολίας
569 258 744 295 ἀπήλλακται
755 266 763 273 ·
773 257 820 284 καὶ¹

910 264 961 284 tam
977 256 1119 292 redigitur,
1132 258 1159 282 et
1175 252 1293 289 quadrat
1307 250 1483 279 sententiam.
1501 249 1554 283 Qui
1570 250 1664 283 itaque

58 296 83 342 δέ
94 296 291 343 ἀπηλλαγμένην
309 305 387 341 φέρει
404 305 455 341 τὴν
471 305 623 339 συνείδησιν
645 303 749 339 ταύτης
770 303 822 338 τῆς

910 306 1055 338 tparatus.
1070 301 1093 329 is
1115 298 1305 330 meditatione,
1332 296 1528 329 sollicitudine,
1546 303 1579 323 ac
1604 302 1665 330 per-

59 354 178 391 ὲμπαθοῦς
193 352 346 384 διαθέσεως,
362 351 440 378 οὐδὲν
458 351 545 378 δεῖται
565 350 747 386 προμελετᾷν,
761 349 822 376 οὐδὲ

910 349 1005 376 exitate
1028 348 1085 383 jam
1115 345 1222 374 solutus
1237 349 1298 372 est:
1327 348 1355 371 et
1381 343 1427 378 qui
1460 343 1661 370 conscientiam

876 396 946 431 gerit
965 395 999 422 ab
1011 394 1063 421 hac
1076 393 1191 420 molesta
1206 390 1364 418 conditione
1393 389 1520 421 solutam,
1535 389 1593 423 ipse
1616 395 1665 415 ne-

875 449 931 476 que
946 440 1044 475 praevia
1058 437 1307 470 animadversione,
1333 443 1421 470 neque
1441 433 1665 469 praelusionibus,

877 496 965 524 neque
982 496 1013 516 ea
1032 486 1236 523 perturbatione
1255 484 1367 520 indiget,
1392 490 1453 518 qua:
1475 482 1549 509 circa
1572 480 1666 508 immi-

878 539 974 562 nentes
990 541 1095 569 pugnas
1109 537 1136 560 et
1151 531 1301 559 certamina
1316 534 1452 558 versatur.

915 580 1001 607 Porro
1017 578 1089 614 quod
1102 577 1238 613 quispiam
1258 581 1333 604 recte
1354 575 1558 611 praemeditatus
1573 578 1626 608 est,
1641 578 1669 601 et

878 625 952 661 quod
968 628 1126 652 constanter
1141 622 1260 657 propriis
1285 620 1572 648 animadversionibus
1584 626 1669 647 excu-

884 671 936 704 dit,
949 670 975 698 id
994 669 1108 704 tempOri
1134 676 1166 695 ac
1185 668 1246 695 vitae
1262 667 1427 694 instilutioni
1450 666 1576 694 stabilem
1593 667 1670 701 judi-

879 715 959 743 candi
976 714 1109 742 rationem
1127 713 1242 741 inducit.
1261 712 1329 740 Cum
1341 716 1432 739 autem
1448 712 1670 747 hancjudicandi

880 760 1014 787 rationem
1034 763 1220 794 propugnator
1237 757 1313 785 Fidei
1330 757 1389 792 ipse
1409 765 1457 792 per
1477 765 1506 785 se
1523 750 1669 793 producat,

63 817 128 843 ριτος,
141 807 243 843 ’ἐτοιμός
254 808 313 834 ἐστι
326 807 374 833 καὶ
384 808 439 838 τοῖς
454 807 550 841 μαθεῖν
564 807 686 834 ἐθέλουσι
698 807 827 842 χορηγεῖν

910 806 1027 842 ljuvante
1042 806 1128 833 sancti
1151 805 1271 840 Spiritus
1290 805 1377 839 gratia
1397 809 1511 839 paratus
1530 809 1582 838 est,
1600 809 1671 833 utet

62 853 99 888 τὴν
114 852 162 880 ἀπὸ
174 853 220 887 τῆς
233 852 409 884 διδασκαλίας
422 851 556 886 ὠφέλειαν
566 861 573 867 ·
591 852 638 879 καὶ
652 853 710 884 τοῖς
724 860 827 888 πειρω-

910 859 925 884 ι,
943 850 991 885 qui
1008 850 1113 877 discere
1123 849 1246 884 cupiunt,
1262 848 1394 876 doctrina
1406 849 1582 876 commodum
1601 849 1673 877 elar-

62 899 137 934 μένοις
149 898 301 934 μωμείσθαι
314 899 362 924 καὶ
375 897 561 933 διαχλευάζειν
573 897 620 924 τοῦ
633 898 767 933 δόγματος
779 898 828 934 τὴν

910 902 992 930 atur;
1009 900 1037 923 et
1056 896 1140 923 simul
1158 895 1203 927 iis,
1216 895 1263 930 qui
1280 895 1418 929 dogmatis
1433 895 1590 923 certitudini
1605 895 1670 923 irri-

61 943 184 980 ἀκρίϐειαν
197 943 398 978 ἀνθυποφέρειν
417 943 486 978 μετὰ
501 943 628 979 στερροὖ,
647 944 694 970 καὶ
711 943 828 979 ἀκλονή-

910 950 946 970 :re
961 946 1076 975 tentant,
1094 946 1176 977 atque
1191 941 1325 974 cavillari,
1341 949 1395 969 una
1412 949 1475 969 cum
1490 942 1580 973 ﬁrma.
1595 947 1622 969 et
1634 942 1674 969 itt-

61 998 97 1016 του
116 990 282 1025 φρονήματος
311 989 360 1024 τῆς
382 997 412 1015 τε
438 989 649 1024 πεπλανημένης
677 989 756 1025 δόξης
784 990 830 1017 τὸν

910 996 1016 1017 incussa
1034 988 1135 1015 mentis
1160 987 1328 1020 constantia,
1350 991 1407 1015 tum
1428 987 1504 1015 falsae
1534 988 1674 1023 opinionis

61 1034 160 1070 ἔλεγχον,
175 1035 284 1070 καὶτῆς
298 1034 440 1065 εὐσεϐείας
452 1034 482 1060 τὸ
500 1033 665 1070 ἀμώμητον.
680 1034 830 1067 Βεὸαίωσις

912 1035 1086 1068 futationem,
1103 1039 1160 1062 tum
1181 1034 1446 1069 irreprehensibilem
1470 1034 1610 1069 religionis
1624 1041 1674 1060 tto-

61 1081 113 1116 γὰρ,
129 1081 171 1108 καὶ
186 1080 356 1116 σταθηρότης
372 1078 485 1114 γνώμης
502 1080 566 1112 τούς
578 1089 609 1106 τε
624 1081 692 1116 πρὸς
711 1081 830 1117 μάθησιν

910 1089 947 1109 ra:
973 1081 1115 1108 veritatem
1142 1080 1265 1115 objiciet.
1294 1080 1387 1107 Animl
1408 1080 1480 1106 enim
1506 1080 1674 1113 obtirmatio,

61 1127 163 1162 ὁρῶντας
187 1126 420 1161 προσεχεστέρους
445 1126 528 1158 ποιεῖ,
558 1126 605 1152 καὶ
630 1126 685 1153 τῶν
709 1128 830 1162 ἐπηρεα-

910 1134 964 1161 que
978 1127 1132 1154 constantia
1141 1134 1195 1154 non
1209 1126 1292 1153 modo
1301 1126 1473 1154 addiscentes
1486 1125 1576 1154 reddit
1584 1130 1674 1153 atten—

63 1171 145 1204 ζόντων
170 1172 363 1208 ἐπιρραπίζειν
384 1169 439 1198 οῑδε
459 1170 490 1198 τὸ
510 1172 674 1208 κακοῦργον,
698 1173 746 1201 καὶ
768 1173 830 1201 ἐπι-

913 1180 978 1205 ιιιοδ,
994 1173 1040 1200 sed
1053 1173 1133 1200 etiam
1149 1173 1183 1200 ad
1195 1172 1371 1200 refellendam
1387 1173 1610 1200 contendentium
1623 1173 1676 1200 im-

63 1219 154 1253 μοχθον.
886 1219 1053 1253 probitatem
1065 1223 1092 1246 et
1104 1219 1248 1246 molestam
1264 1219 1464 1247 cavillationem
1497 1219 1580 1248 valet.

89 1264 127 1290 Διδ
138 1263 260 1291 τοσοῦτον
274 1264 370 1291 ἀποδεῖ
384 1264 419 1291 τὰ
434 1265 568 1300 εἰρημένα
578 1265 646 1300 πρὸς
660 1265 765 1300 ἄλληλα
780 1265 832 1300 μά.-

918 1263 1067 1299 Propterea
1096 1269 1202 1292 tantum
1239 1265 1317 1293 abest
1349 1265 1592 1300 (quemadmodum
1623 1265 1674 1293 tibi

62 1309 140 1344 χεσοαι
150 1309 196 1344 (ὡς
213 1311 259 1337 καὶ
279 1309 321 1336 σοὶ
337 1310 385 1337 νῦν
399 1310 488 1344 ἔξεστι.
503 1312 641 1347 συνορᾷν),
656 1311 736 1344 ὥστε,
752 1311 832 1346 εἴπερ

910 1317 994 1344 noque
1017 1310 1173 1345 perspicere
1200 1310 1242 1338 fas
1256 1311 1321 1346 est),
1337 1314 1367 1338 ut
1397 1311 1538 1345 proposita
1561 1311 1674 1339 oraculo

62 1355 137 1382 τιτῶν
151 1356 327 1391 συνᾳδόντων,
337 1358 384 1383 καὶ
398 1357 628 1392 συμφωνούντων.
645 1357 774 1392 οὐδεμίαν
783 1357 833 1385 ἆλ-

910 1360 1006 1391 tgnent
1020 1357 1092 1384 inter
1106 1364 1147 1388 se,
1164 1361 1194 1384 ut
1209 1357 1314 1392 potius,
1322 1357 1401 1392 quasi
1417 1365 1549 1390 consona,
1565 1362 1594 1385 et
1610 1365 1678 1385 con-

62 1396 107 1433 λοις
129 1401 278 1437 ὕπρὸολὴν
302 1402 515 1429 ἀπολείπεσθαι·
539 1403 599 1430 οὐδὲ
625 1404 642 1439 η
663 1403 832 1439 προκειμένη

910 1402 1042 1433 :ntientia.
1069 1402 1096 1429 in
1118 1402 1194 1430 nulla
1215 1410 1245 1430 re
1264 1410 1280 1430 a
1310 1410 1340 1430 se
1371 1402 1487 1431 invicem
1513 1403 1675 1431 discedant:

62 1446 105 1472 τῶν
117 1445 200 1482 ῥητῶν
215 1447 330 1483 θεωρία,
346 1449 394 1475 καὶ¹
413 1448 537 1481 ἐξέτασις
552 1449 583 1475 οὐ
600 1449 649 1484 μὲν
666 1447 713 1475 οὖν
732 1448 783 1476 οὐκ
801 1447 833 1474 ἂν

910 1454 976 1481 eque
1000 1447 1181 1474 nihilominus
1209 1446 1328 1475 adducta
1351 1455 1447 1475 eorum
1470 1449 1676 1480 commentatio.

63 1492 96 1528 εἴη
117 1493 180 1528 πρὸς
191 1493 350 1528 ὁμολογίαν,
367 1494 414 1521 καὶ
433 1494 593 1529 συμφωνίαν
608 1495 738 1530 δευτέραν
757 1494 833 1527 τάξιν

910 1492 1058 1527 ιεκρειιεὶσ)
1081 1492 1198 1520 alterum
1215 1493 1382 1526 concordiae,
1412 1498 1440 1521 et
1472 1494 1679 1522 conciliationis

63 1539 192 1573 ἀπέχουσα.
208 1540 239 1566 El
251 1539 296 1575 δὴ,
309 1540 346 1571 ὡς
361 1539 438 1573 ἔνιοι,
454 1541 485 1567 τὸ
500 1541 550 1576 μὲν
562 1542 619 1573 τοῖς
632 1541 685 1576 πρὸ
695 1541 749 1568 τῶν
763 1540 833 1575 ἀγώ-

910 1538 1056 1566 tveniendte
1072 1539 1182 1566 modum
1200 1539 1300 1572 poterit
1319 1540 1476 1574 prohibere.
1491 1540 1627 1568 Nimirum
1640 1541 1681 1574 si,

63 1593 104 1610 um
122 1585 295 1620 σχολάζουσιν
322 1585 441 1621 εἴρηται,
460 1586 505 1613 ἵνα
527 1586 566 1622 μὴ
587 1583 656 1614 ὧσιν
677 1586 833 1622 ἀμελήτως,

910 1588 919 1611 ι
935 1583 1046 1618 quidam
1061 1588 1169 1619 putant,
1184 1590 1350 1620 praeceptum
1367 1586 1476 1621 quidem
1494 1586 1565 1614 Petri
1578 1587 1612 1614 iis
1630 1586 1682 1622 qui

64 1630 118 1664 μηδὲ
131 1630 178 1664 τῆς
191 1630 324 1666 ἀληθείας
342 1631 433 1664 ὀλίγον
445 1631 524 1666 λόγον
538 1631 659 1666 έχοντες’
674 1631 704 1658 τὸ
720 1631 750 1658 δὲ
767 1631 833 1666 πρὸς

910 1634 952 1657 nte
967 1630 1186 1659 concertationes
1201 1632 1346 1660 exercendi
1366 1637 1440 1664 sunt,
1458 1633 1551 1660 datum
1567 1638 1609 1661 est
1624 1642 1631 1666 ;
1645 1640 1680 1660 ne

59 398 295 435 προαγωνισμάτων,
304 397 364 424 οὐδὲ
375 397 443 433 πρὸς
455 397 517 428 τοὺς
525 396 704 431 ὲνεστηκότας
712 395 820 427 ἄθλους,

59 446 96 472 καὶ
105 444 135 471 τὰ
144 443 277 479 γυμνάσια
291 441 535 478 καταμεριζεσθαι.

91 578 161 605 Ἀλλὰ
172 577 200 604 τὸ
213 576 304 608 καλῶς
315 576 530 612 προμελετηθὲν,
543 577 590 604 καὶ
601 576 752 613 ὲκὸεόηκδς
765 577 824 608 ταῖς

60 624 169 655 διανοίαις
191 623 398 658 ἀμετακίνητον,
417 631 456 658 τῳ
474 631 503 649 τε
522 623 621 658 χρόνῳ,
640 622 687 650 καὶ
707 622 746 658 τῷ
768 622 824 649 ἔθει

60 671 98 706 τὴν
113 669 194 705 κρίσιν
208 669 369 696 ἁδίστακτόν
385 669 459 696 ἐστιν
472 669 682 705 ἐπιφερόμενον.
696 668 781 695 Τοῦτο
796 667 825 694 δὲ

61 716 254 752 προὸαλλόμενον
274 715 379 742 οἴκοθεν
398 716 413 742 ὁ
428 715 477 750 τῆς
497 715 639 747 εὐσεϐείας
653 715 825 750 ὑπέρμαχος,

61 763 99 798 τῆς
109 762 150 788 τοῦ
163 761 294 796 παναγῐου
310 760 467 796 “vetitum;
485 761 670 796 συνεργούσης
685 760 760 795 αὐτῷ
777 761 826 796 χά-

64 1676 113 1706 τοίις
128 1677 154 1702 ὲν
166 1677 259 1708 αὐτοῖς
277 1676 469 1711 ἐμϐεϐηκότας
487 1679 544 1709 τοῖς
558 1677 673 1711 ἀγῶσιν,
688 1677 732 1704 ἵνα
750 1677 787 1712 μὴ
801 1678 834 1712 τῇ

64 1719 133 1756 δειλία
144 1721 208 1757 προς
221 1721 326 1756 ἀθρόαν
340 1721 439 1758 κρίσιν,
457 1723 504 1749 καὶ
518 1722 642 1755 ἐξέτασιν
653 1721 794 1757 ἀγόμενοι,
805 1722 836 1748 τὸ

65 1766 161 1801 στερρὸν
183 1767 232 1802 τῆς
255 1766 371 1802 ἐνούσης
384 1766 476 1798 αὐτοῖς
495 1766 683 1794 ὑποσαλεύωσι
699 1766 835 1798 πίστεως·

64 1813 100 1839 καὶ.
119 1814 134 1848 ἠ
147 1814 258 1850 τοιαύτη
272 1813 328 1841 τῶν
341 1814 472 1850 ῥημάτων
489 1814 558 1849 πρὸς
572 1814 622 1850 τὴν
635 1814 767 1850 διαφορὰν
782 1814 836 1841 τῶν

65 1858 235 1895 ὑποκειμένων
249 1860 377 1895 διανομὴ,
394 1861 441 1888 καὶ
457 1860 592 1895 διαίτησις
606 1860 675 1895 μετὰ
689 1859 736 1886 τοῦ
753 1860 836 1895 μηδὲν

64 1904 246 1939 ἐναντιοῦσθαι,
276 1907 326 1933 καὶ
352 1907 402 1942 τῆς
431 1906 600 1941 Δεσποτικῆς
625 1906 763 1941 προνοίας,
790 1906 837 1932 καὶ

64 1953 207 1987 συνεργείας
225 1952 302 1988 μέγα
319 1953 480 1989 μαρτύριον,
499 1953 547 1980 καὶ
560 1953 778 1988 ἁπαράγραπτον
792 1952 836 1986 γί-

62 2003 134 2024 νεται.

96 2127 256 2162 Ἦρεμοῦσιν
279 2129 305 2155 οἱ
325 2128 451 2164 διωγμοὶ,
468 2129 500 2156 σὺ
517 2129 546 2156 δὲ
565 2129 620 2157 τῶν
640 2129 721 2165 ιερῶν
733 2130 838 2165 Λογίων

63 2173 88 2207 τῇ
101 2173 194 2211 μελέτῃ
210 2173 337 2209 σχόλαζε.
355 2175 592 2212 ’Δναρριπίζονται
606 2176 676 2203 κατὰ
696 2176 744 2211 τῆς
759 2177 837 2203 εὐσε-

64 2216 138 2271 fit“,
149 2219 196 2246 καὶ
211 2219 366 2271 μαίνονται,
381 2220 464 2255 μηδὲν
477 2220 624 2257 δειλιάσῃς,
640 2221 708 2271 μηδίὲ
722 2221 838 2257 θορυϐη-
854 2237 877 2265 D

65 2260 113 2295 θῇς·
129 2263 193 2298 μηδὲ
209 2263 280 2298 πρὸς
295 2263 325 2290 τὸ
342 2263 445 2297 λοιπὸν,
459 2264 492 2292 ἂν
507 2264 579 2292 οὕτω
592 2265 668 2300 τύχοι
683 2262 733 2300 τῆς
749 2274 839 2301 παρα-

65 2309 161 2344 σκευῆς,
174 2310 349 2343 ἀποὸλέπων,
372 2311 402 2337 τό
420 2312 592 2346 παράστημα
605 2311 656 2346 τῆς
669 2311 757 2346 ψυχῆς
782 2312 839 2343 τοῖς

64 2354 191 2388 τυράννοις
211 2356 351 2392 ὲπιδείξῃς
373 2357 582 2393 δειλαινόμενον.
602 2358 695 2392 Ἔχεις
719 2357 774 2392 γὰρ
793 2358 840 2383 τὸν

64 2398 198 2436 Δεσπότην,
212 2402 284 2437 ὑπὲρ
301 2399 332 2429 οὗ
349 2402 394 2429 τὸν
405 2402 499 2436 ὰγῶνα
515 2402 618 2438 φέρεις,
630 2403 660 2429 οὺ
679 2403 725 2429 τὸν
745 2403 839 2429 λοιπὸν

66 2443 133 2476 μόνον
154 2446 376 2482 ἀναπληροῦντα,
391 2446 459 2474 ἀλλὰ
475 2446 522 2473 καὶ
538 2446 627 2482 πολλῷ
646 2447 838 2482 δαψιλέστερον

65 2487 104 2524 τὴν
113 2491 280 2528 συνέργειαν,
298 2493 345 2520 καὶ
360 2493 476 2528 δύναμιν
489 2492 679 2529 χαριζόμενον.

889 1675 994 1703 desidia
1011 1681 1177 1711 torpescunt,
1205 1685 1257 1705 neu
1273 1686 1368 1713 parum
1384 1686 1435 1713 pro
1459 1680 1573 1707 veritate
1587 1679 1683 1707 dicere

889 1722 1020 1756 valeant;
1036 1723 1149 1750 verbum
1165 1729 1256 1751 autem
1273 1724 1377 1752 Christi
1395 1725 1429 1752 iis
1445 1725 1492 1760 qui
1509 1725 1536 1752 in
1552 1725 1628 1760 ipsas
1640 1725 1681 1752 in-

889 1768 985 1795 cidunt
998 1769 1234 1801 concertationes,
1250 1777 1285 1796 ne
1301 1769 1474 1804 trepidando,
1492 1769 1557 1797 dum
1577 1771 1604 1798 in
1623 1771 1682 1798 l're-

889 1821 988 1848 quens,
1005 1814 1114 1848 aliquod
1139 1814 1275 1849 judicinm
1314 1822 1342 1843 et
1366 1817 1571 1852 inquisitionem
1594 1818 1681 1845 addu-

890 1864 991 1886 cuntur
1003 1860 1092 1886 insita:
1114 1861 1166 1887 sibi
1182 1861 1243 1888 ﬁdei
1255 1862 1412 1889 ﬁrmitatem
1425 1863 1599 1891 subcutiant:
1616 1871 1680 1898 pro-

890 1904 964 1932 fecto
992 1904 1149 1939 hujusmodi
1174 1906 1257 1934 etiam
1284 1908 1458 1935 oraculorum
1477 1908 1591 1936 diversis
1614 1909 1681 1937 sub-

893 1950 976 1986 jectis
1000 1951 1172 1984 distributio,
1192 1957 1219 1980 et
1233 1953 1383 1988 assignatio
1400 1954 1481 1981 simul
1502 1961 1528 1982 et
1557 1955 1585 1982 in
1605 1955 1683 1983 nullo

891 2001 1036 2033 repugnat.
1054 2002 1082 2025 et
1098 1998 1198 2026 divina:
1211 2000 1402 2034 providentiae,
1415 2005 1497 2035 atque
1519 2001 1614 2028 auxilii
1628 2008 1680 2029 va-

891 2042 990 2076 lidum,
1024 2042 1156 2078 omnique
1181 2044 1342 2079 exceptione
1360 2045 1450 2080 majus
1478 2047 1581 2080 praebet
1602 2046 1681 2074 testi-

890 2088 1022 2116 monium.

927 2133 1080 2166 Quiescunt
1106 2135 1320 2170 persecutiones,
1352 2140 1380 2163 ιιι
1404 2136 1508 2164 interea
1539 2145 1680 2167 sacrarum

892 2177 1060 2205 Litterarum
1078 2178 1249 2206 meditationi
1274 2179 1410 2207 incumbe.
1440 2180 1600 2210 Excitantur
1625 2183 1683 2211 illa}

892 2227 989 2249 contra
1018 2223 1191 2258 religionem,
1217 2229 1244 2251 et
1262 2223 1366 2257 furunt,
1394 2233 1428 2253 ne
1455 2226 1562 2259 timeas,
1590 2235 1681 2263 neque

892 2268 1069 2303 perturberis.
1102 2276 1192 2303 neque
1220 2269 1254 2297 ad
1281 2277 1324 2302 ea,
1347 2278 1408 2305 qua:
1434 2271 1533 2299 desunt
1562 2272 1622 2304 tibi,
1650 2277 1681 2300 ut

892 2314 1144 2349 possintapparari,
1167 2319 1284 2342 mentem
1309 2316 1463 2350 intendens,
1484 2317 1568 2344 animi
1596 2318 1681 2345 robur

894 2359 1049 2393 trcpiditate
1085 2360 1243 2388 submutum
1271 2362 1395 2397 tyrannis
1422 2363 1560 2391 ostendas.
1590 2362 1680 2391 Habes

893 2403 965 2430 enim
989 2403 1147 2437 Dominum,
1162 2412 1211 2440 pro
1224 2413 1278 2440 quo
1295 2411 1434 2434 certamen
1451 2408 1539 2441 subis,
1562 2408 1608 2443 qui
1625 2417 1680 2436 non

892 2449 995 2482 solum,
1008 2450 1081 2484 quod
1106 2450 1154 2478 tibi
1169 2451 1256 2484 deest,
1271 2452 1395 2487 supplet,
1419 2453 1465 2480 sed
1491 2453 1575 2481 etiam
1590 2462 1680 2490 opem,

891 2498 919 2522 et
927 2495 998 2523 vires
1015 2496 1101 2524 multo
1113 2497 1252 2532 copiosius
1266 2498 1420 2533 impertitur
1433 2498 1499 2534 (82).

810 2582 925 2611 NOTAS.

102 2672 143 2707 8‘2)
159 2674 306 2711 Memento,
320 2674 399 2711 ‘quod
429 2675 517 2703 nostri
531 2675 702 2711 interpretes
728 2675 769 2703 sic
784 2676 835 2703 ad-

66 2705 163 2736 ductum
190 2710 247 2746 divi
262 2705 342 2746 Petri
356 2710 456 2746 locum?
473 2705 625 2746 intelligant
639 2719 645 2737 :
674 2710 761 2746 parati
779 2711 835 2738 sint

65 2748 157 2780 ρῳιιαε.
170 2745 252 2772 etiam
268 2745 339 2776 laici,
353 2752 407 2780 non
425 2745 457 2771 ad
472 2745 666 2780 disputandum
686 2746 719 2772 de
737 2747 835 2780 quovis

66 2775 119 2804 ﬁdei
132 2780 268 2816 misterio.
282 2779 308 2806 id
323 2775 396 2816 enim
413 2780 446 2807 ad
460 2775 586 2816 doctores
613 2785 718 2816 tantum
730 2775 761 2816 et
784 2788 834 2816 pa-

67 2787 119 2804 nuet
132 2787 268 2840 ιιιὲειθιιιο,
282 2787 308 2806 ιιι
323 2787 396 2806 enim
413 2787 446 2807 aa
460 2787 586 2808 doctores
613 2787 718 2807 tantum
733 2787 761 2808 et
784 2788 834 2816 pa-

66 2815 140 2853 ξωηξ
173 2814 280 2853 _c_clesi:e
292 2815 416 2853 pertinet
430 2815 500 2853 :_sed
512 2815 546 2853 ad
564 2815 785 2853 respondendum
801 2817 835 2843 de

67 2847 235 2879 peculiaribus
243 2847 413 2883 veri'tatibus,
427 2850 450 2878 si
467 2851 534 2878 satis
548 2850 605 2878 sint
614 2847 750 2878 'instructi
766 2858 773 2876 :
787 2855 834 2878 aut

889 2682 963 2716 certe
978 2678 1005 2706 in
1021 2679 1152 2716 generali,
1179 2679 1242 2716 quia
1268 2679 1315 2716 sic
1336 2680 1485 2708 revelatum
1509 2689 1524 2708 a
1549 2682 1614 2714 Deo,
1645 2683 1686 2711 sic

889 2714 1033 2747 traditum;
1061 2716 1100 2742 sic
1127 2715 1201 2742 omni
1236 2715 1336 2742 saeculo
1358 2720 1491 2743 statutum
1505 2717 1539 2743 ab
1552 2716 1684 2749 Ecclesia,

888 2756 950 2786 qua:
962 2749 1140 2786 columnaet
1158 2749 1362 2777 ﬁrmamentum
1382 2755 1425 2778 est
1465 2751 1599 2783 veritatis,
1628 2760 1684 2786 gu-

888 2784 1000 2811 bernata
1026 2792 1041 2811 a
1058 2784 1159 2818 Spiritu
1184 2788 1280 2812 sancto
1313 2790 1340 2813 et
1357 2793 1461 2819 errore,
1483 2794 1516 2813 ac
1542 2784 1686 2814 mendacio

889 2826 1031 2856 nunquam
1059 2819 1228 2856 deturpata._
1248 2819 1277 2856 ἓξ
1306 2820 1347 2856 ita
1383 2820 1608 2856 interpret-aberis
1634 2821 1687 2848 hoc

888 2853 1040 2888 oraculum,
1069 2854 1184 2888 pronius
1197 2854 1229 2883 ad
1247 2853 1349 2884 Christi
1366 2853 1630 2885 verba—descendet
