1878 3057
175 139 229 172 255

750 136 882 168 PHOTII
905 136 1159 167 PATRIARCHIE
1177 137 1230 167 CP.

1755 135 1810 167 256

178 197 278 226 animae
299 196 428 225 absurdis
445 195 620 224 illusionibus
637 194 762 222 obnoxia:
785 202 904 222 errorem
929 195 968 222 in-

1056 194 1153 226 ινοίας.
1189 192 1361 228 Ὑϐριστικόν
1378 200 1408 219 τε
1432 191 1498 228 γὰρ,
1520 191 1566 218 καὶ
1591 191 1699 226 ἀλόγοις
1719 191 1812 228 ψυχῆς

176 250 298 275 currere,
319 243 374 270 imo
395 241 596 270 ineluctabilem
617 241 645 268 in
662 244 748 268 semel
768 240 820 275 ipsi
841 239 967 268 confuta—

177 289 279 317 tionem
296 288 425 316 exhibere
440 288 576 315 videntur.
590 287 625 314 At
641 287 710 315 istos
723 287 833 323 quidem
851 291 967 322 prater,-

177 341 284 362 eamus.

214 378 352 413 Quidquid
367 382 458 405 autem
473 377 609 412 objectum
621 382 663 405 est
676 382 771 405 contra
791 377 866 410 illud,
880 376 969 404 homi-

178 432 242 452 nem
259 424 409 452 secundum
425 423 522 450 anima:
545 423 749 458 simplicitatem
766 423 799 450 ad
816 423 863 450 Dei
879 422 970 458 imagi-

178 478 241 498 nem
267 470 353 497 fuisse
372 469 524 501 conditum,
547 469 669 504 ejusdem
690 469 803 496 l‘url‘uris
827 473 886 502 est;
913 477 968 496 non

180 516 263 543 modo
280 516 354 550 quia,
374 516 441 543 utin
455 516 570 551 angelis,
589 516 625 542 ita
637 519 663 542 et
679 516 706 542 in
724 516 784 550 ipsa
801 516 903 547 anima,
921 522 970 549 per

182 562 421 597 participationem
431 562 571 594 nobilitas,
584 567 611 589 et
623 561 777 596 praestantia
794 561 971 588 nobilissima:

181 613 298 640 naturae,
313 613 339 635 et
353 608 521 643 incorporeas
536 608 748 643 pulchri:udinis
759 608 867 639 divinae,
887 607 970 634 veluti

179 654 207 682 in
232 655 354 690 speculo,
378 655 515 688 cernitur;
536 663 630 682 verum
647 655 728 681 etiam
755 654 818 689 quia
843 655 869 681 in
900 654 971 681 trina

180 699 340 728 facultatum
367 701 542 736 (intellectus,
570 702 730 732 memoriae,
755 706 783 727 et
811 700 971 736 voluntatis)

180 747 321 775 identitate
349 747 537 775 confusionem
563 746 659 782 eﬂ‘ugit
679 747 837 779 distinctio;
867 747 921 773 imo
946 751 973 773 ιι

179 795 244 830 quia
259 795 372 822 verbum
388 795 509 829 procedit
521 802 553 821 ex
571 794 670 821 anime
684 798 781 820 natura
803 793 868 820 illud
884 786 973 827 profe-

180 843 268 872 rentc,
284 840 349 866 dum
366 839 400 866 ab
416 839 474 874 ipsa
490 839 648 866 distinctum
665 842 718 871 est,
732 843 760 864 et
774 845 835 864 cum
850 845 882 864 ca
905 837 973 864 rela-

181 885 283 912 tionem
301 885 481 920 oppositionis
505 889 614 917 servat;
639 884 686 911 sed
715 888 803 911 tamen
830 884 971 918 aspiritus

181 935 279 957 natura
295 937 383 964 neque
397 934 555 964 separatum
569 934 621 960 est,
635 937 724 963 neque
739 929 883 956 dissimile.

217 975 280 1003 Haec
305 982 393 1004 autem
421 976 514 1010 utique
538 981 667 1011 poterunt
687 983 778 1003 secum
805 974 885 1007 ferre,
900 974 972 1009 quod

181 1022 215 1049 ad
231 1021 377 1056 imaginem
400 1021 557 1049 Conditoris
573 1022 656 1051 homo
678 1022 712 1049 ab
739 1021 817 1048 initio
834 1021 868 1048 sit
891 1020 972 1047 eﬂ'or-

182 1072 282 1095 matus.
299 1067 357 1095 Tibi
375 1073 466 1096 autem
482 1068 546 1101 alia,
566 1072 648 1103 atque
672 1068 736 1099 alia,
763 1075 822 1101 qua:
845 1067 907 1094 hinc
929 1074 973 1102 pc-

180 1119 287 1146 tuntur,
304 1113 364 1142 sine
382 1114 495 1149 penuria
512 1119 658 1149 suppetunt
677 1114 813 1149 exempb.
835 1113 973 1148 Sapientia

180 1160 264 1192 enim,
277 1160 319 1188 vis
344 1159 476 1193 eﬂ‘cctrix,
500 1160 702 1191 immortalitas,
726 1164 753 1187 et
778 1160 855 1194 plura
879 1159 974 1193 hujus-

181 1205 265 1238 modi,
281 1206 307 1232 in
322 1206 432 1233 homine
448 1213 580 1241 expressa
597 1214 630 1233 ex
649 1207 736 1241 prima
750 1206 807 1238 illa,
827 1210 853 1232 et
874 1205 975 1232 incom-

181 1249 355 1283 prehensibili
377 1251 519 1284 sapientia,
543 1255 569 1278 et
594 1250 728 1278 enecti-ioc
745 1250 781 1281 vi,
802 1254 883 1284 atque
897 1255 975 1277 mter-

182 1296 276 1328 nitate.
286 1295 384 1323 divinae
398 1301 502 1323 natura:
525 1296 733 1324 similitudinem
750 1296 849 1323 ferunt.
869 1295 898 1322 Si
912 1296 975 1330 quis

182 1346 273 1368 autem
295 1340 432 1374 maluerit,
457 1341 539 1368 veluti
557 1348 591 1368 ex
611 1341 695 1368 variis
710 1341 858 1374 coloribus,
873 1340 976 1368 similli-

182 1393 255 1412 mam
272 1385 317 1412 Dei
332 1386 477 1420 imaginem
491 1386 623 1420 exprimi;
640 1391 722 1420 atque
736 1394 768 1413 ex
785 1386 828 1413 his
845 1386 974 1413 omnibus

180 1430 406 1465 pulcherrimam,
423 1436 449 1458 et
460 1431 691 1466 speciosissimam
706 1431 825 1459 hominis
850 1432 966 1459 formam

181 1476 282 1511 eﬁingi,
297 1480 325 1504 et
337 1477 434 1504 excudi
452 1476 612 1510 aﬂirmarit;
630 1477 717 1505 isnon
732 1477 815 1504 modo
828 1477 973 1512 imaginem

181 1523 216 1550 ad
231 1529 355 1551 naturam
370 1527 491 1550 nostram
508 1524 619 1558 proprie
640 1524 821 1558 pertinentem
836 1523 970 1555 ostendet,
986 1532 1009 1563 ο

181 1571 230 1597 sed
255 1570 336 1597 etiam
361 1571 395 1597 ab
421 1570 588 1605 elegantiore
614 1578 707 1598 causa
729 1570 891 1603 redditione,
909 1578 971 1598 meo

180 1616 292 1651 quidem
306 1616 418 1651 judicio,
438 1624 492 1643 non
506 1616 625 1644 excidet.

217 1704 312 1738 Itaque
328 1703 395 1732 nihil
408 1709 450 1732 est
468 1704 539 1739 quod
558 1712 591 1732 ex
611 1704 692 1733 dictis
710 1705 837 1740 operibus
856 1706 920 1740 quid
937 1706 973 1734 sit

182 1748 284 1782 imago,
299 1752 346 1775 aut
362 1748 427 1782 quid
451 1749 640 1784 archetypum,
661 1754 708 1777 aut
722 1750 786 1784 quid
804 1750 881 1782 illud,
900 1751 972 1785 quod

182 1793 216 1819 ad
239 1793 384 1827 imaginem
412 1793 459 1820 Dei
490 1794 631 1821 conditum
663 1800 721 1827 est.
757 1797 971 1830 excogitemus:

183 1840 289 1866 tametsi
304 1839 432 1874 imaginis
446 1841 558 1868 nomine
569 1841 682 1876 intelligi
698 1846 789 1876 posset
804 1843 886 1869 etiam
906 1850 973 1871 una-

181 1892 298 1919 quaeque
317 1893 410 1912 carum
427 1886 626 1920 praestantium,
647 1887 834 1922 nobiliumque
849 1888 971 1922 proprie-

181 1934 281 1962 tatum,
296 1938 364 1963 quas
385 1932 518 1960 hactenus
533 1933 722 1960 recensuimus
734 1942 740 1966 ;
754 1933 836 1961 veluti
862 1933 972 1961 ratioci-

182 1975 265 2001 nandi
292 1975 419 2009 facultas,
448 1985 503 2012 qua
532 1977 614 2006 homo
638 1979 730 2013 pollet,
753 1983 781 2006 et
803 1986 973 2014 quaecunque

183 2027 269 2053 nuper
283 2019 399 2047 adducta
414 2026 488 2048 sunt.
512 2021 573 2049 llaec
589 2023 661 2049 enim
684 2023 829 2057 imaginem
851 2023 971 2050 referunt

183 2063 342 2097 inetl‘abilis,
368 2069 396 2092 et
426 2066 730 2100 incomprehensibilis,
756 2075 839 2102 quam
865 2068 891 2095 in
918 2068 972 2096 Deo

183 2109 410 2144 rontemplamur,
428 2111 553 2142 ditionis,
584 2112 732 2146 sapientize,
756 2113 913 2145 creationis,
946 2119 973 2141 et

182 2152 264 2181 Verbi
280 2154 362 2187 illius,
382 2155 455 2190 quod
473 2164 523 2183 nec
535 2157 667 2189 dillluere,
684 2165 734 2184 nec
751 2158 904 2192 perturbari
924 2167 974 2195 po-

183 2203 245 2232 test,
263 2204 342 2235 atque
363 2201 437 2228 Patri
454 2207 496 2229 est
519 2203 760 2230 consubstantiale.
783 2203 815 2230 Et
835 2209 908 2232 certe
930 2205 971 2233 vis
987 2198 1009 2225 Ι)

182 2244 313 2278 eﬂcctrix,
338 2245 531 2274 dominationis
549 2248 710 2278 aucto-itas.
733 2248 912 2276 ratiocinandi
930 2249 970 2278 fa—

181 2291 280 2323 cultas,
293 2296 321 2319 et
337 2292 478 2327 sapientia:
490 2293 663 2327 participatio
672 2301 732 2321 esse
741 2298 853 2328 possent
869 2295 969 2331 imago,

180 2338 214 2365 ad
231 2346 313 2373 quam
334 2338 417 2366 homo
434 2338 569 2366 formatus
585 2343 636 2372 est,
654 2340 718 2366 dum
737 2348 791 2367 non
806 2345 847 2368 est
861 2341 919 2376 ipse
937 2350 970 2369 ea

181 2382 271 2417 imago
288 2383 322 2418 (si
336 2383 399 2417 quis
416 2383 473 2411 hac
492 2383 629 2411 subtiliter
650 2385 814 2419 expendere,
830 2390 857 2413 et
878 2387 968 2414 nomi-

180 2436 245 2455 num
268 2433 429 2464 potestatem
455 2429 488 2456 ad
511 2430 628 2465 rigorem
656 2431 783 2465 persequi
803 2439 966 2466 supervaca-

180 2481 260 2501 neum
277 2482 331 2501 non
342 2475 456 2512 censet),
471 2476 518 2503 sed
533 2477 684 2504 secundum
699 2477 784 2511 ipsam
821 2478 909 2506 factus
942 2487 1002 2509 est:

1019 241 1183 277 φαντασίαις
1206 239 1371 275 ἐνεχόμένης
1395 239 1481 271 πάθος
1507 239 1643 270 ὑπελθεῖν,
1675 240 1723 267 καὶ
1759 240 1811 267 ἀν-

1017 287 1186 322 απόδραστον
1199 287 1246 314 τὸν
1265 287 1375 322 ἔλεγχον
1391 286 1451 313 καθ’
1466 285 1571 312 ἑαυτῶν
1590 285 1709 322 ὁρῶνται
1735 294 1812 321 παρ-

1018 333 1177 368 εσχημένοι.
1209 333 1288 360 Ἀλλὰ
1299 332 1409 364 τούτους
1426 332 1475 367 μὲν
1491 331 1592 367 ἐῶμεν.

1054 380 1110 414 Τῆς
1123 380 1207 413 αὐτῆς
1219 378 1247 406 δὲ
1255 379 1287 406 ἂν
1299 379 1341 412 εἴη
1352 378 1599 413 συστοιχείας,ὃσον
1608 378 1648 410 εἰς
1656 377 1814 412 ἀντιλογίαν

1020 424 1115 459 φθάνει
1141 424 1188 451 τοῦ
1217 425 1278 452 κατ’
1295 424 1389 451 εἰκόνα
1403 424 1470 451 Θεοῦ
1483 423 1683 451 διαπεπλασθαι
1705 424 1752 450 τὸν
1766 424 1816 451 ἇν-

1020 471 1130 506 Θρωπον
1139 471 1210 497 κατὰ
1230 470 1285 506 (88)
1308 469 1338 496 τδ
1361 469 1411 504 τῆς
1434 468 1523 504 ψυχῆς
1540 468 1685 504 ἀσώματον
1697 476 1703 484 ·
1721 469 1752 496 οὐ
1767 469 1817 504 p.6-

1020 525 1065 543 vov
1081 517 1158 550 διότι,
1187 517 1314 552 καθάπερ
1328 517 1357 543 ἐν
1378 517 1435 547 τοῖς
1454 515 1581 550 ἀγγέλοις
1596 516 1666 543 κατὰ
1682 517 1815 552 μετοχὴν,

1021 563 1092 590 οὕτω
1111 563 1157 589 καὶ
1171 563 1200 589 ὲν
1224 563 1292 598 αὐτῇ
1320 562 1351 589 τὸ
1369 561 1529 596 ὒπερούσιόν
1544 570 1575 588 τε
1600 561 1649 588 καὶ
1674 562 1816 597 ὑπερφυὲς

1020 610 1070 644 τῆς
1084 618 1113 635 τε
1128 609 1292 644 ὑπερουσὶου
1307 607 1460 638 οὐσίας-καὶ
1468 608 1515 634 τοῦ
1530 607 1677 642 ἀσωμάτου
1694 607 1816 638 κάλλους

1022 654 1211 690 ὲνοπτρίζεται
1223 662 1230 669 ο
1260 653 1328 680 ἀλλά
1356 653 1398 680 ὅτι
1414 654 1461 680 καὶ
1483 654 1511 680 ἐν
1530 654 1563 688 τῇ
1577 653 1705 688 τριαδικῇ
1718 653 1817 680 ταυτό-

1022 710 1083 736 τητι
1100 702 1116 736 ἡ
1132 701 1259 736 ἑτερότης
1280 699 1377 735 ὁρᾶται
1397 699 1428 726 τὸ
1449 699 1602 734 ἀσύγχυτον
1627 699 1814 731 διασώζουσα-

1023 749 1048 775 εἰ
1060 748 1149 783 βούλει
1167 748 1196 775 δὲ
1226 748 1273 774 καὶ
1285 747 1353 774 διότι
1364 747 1441 781 λόγος
1459 747 1584 782 πρόεισιν
1598 747 1630 772 ἐκ
1654 745 1746 780 ψυχῆς
1763 746 1815 778 τῆς

1024 795 1196 832 προαγούσης
1208 795 1288 822 αὑτὸν
1300 794 1415 829 φύσεως,
1424 793 1454 820 τὸ
1466 792 1626 827 ἀσύστοιχόν
1641 800 1671 818 τε
1685 792 1733 818 καὶ
1746 799 1815 818 κατ-

1024 841 1137 876 άλληλον
1161 840 1359 875 διαφυλάττων,
1370 838 1586 875 συμπροημένην
1595 837 1650 874 (89)
1659 837 1816 868 ἐπιδεικνὺς

1024 886 1071 913 καὶ
1083 886 1133 921 τὴν
1148 886 1269 922 ὁμοταγῆ
1282 885 1329 913 τοῦ
1344 886 1498 921 πνεύματος
1511 885 1671 912 ὑπόστασιν.

1057 975 1151 1003 Ταῦτα
1168 975 1226 1010 (90)
1248 975 1271 1002 δ’
1287 975 1319 1002 ἂν
1339 975 1386 1002 καὶ
1410 973 1450 1001 ἐτι
1462 973 1622 1005 διασώζοιτο
1647 973 1677 1000 τὺ
1695 973 1758 1001 κατ“
1774 973 1815 1000 εἰ-

1024 1023 1090 1050 κόνα
1123 1021 1170 1049 τοῦ
1203 1021 1359 1053 Πλάσαντος
1384 1021 1511 1055 ἀπαρχῆς
1530 1019 1816 1055 διαμορφυώῆναιτδν

1023 1068 1181 1104 ἄνθρωπον.
1219 1067 1328 1094 Ἔνεστι
1350 1067 1379 1094 δέ
1405 1074 1446 1093 σοι
1469 1065 1574 1093 πολλῶν
1602 1065 1730 1093 ἐντεῦθεν
1767 1066 1817 1099 69-

1029 1114 1166 1150 μωμένων
1181 1132 1189 1147 ,
1225 1113 1272 1140 καὶ
1305 1113 1391 1140 ἄλλων
1427 1111 1657 1149 παραδειγμάτων
1687 1110 1817 1146 ἀφθονία.

1025 1160 1062 1186 Τὸ
1095 1161 1149 1194 γὰρ
1176 1158 1270 1193 σοφὸν,
1309 1158 1356 1184 καὶ
1390 1157 1420 1184 τὺ
1465 1157 1675 1193 δημιουργικὸν,
1711 1157 1762 1184 καὶ
1787 1157 1818 1182 τὸ

1024 1205 1168 1237 ἀθάνατον,
1189 1205 1237 1231 καὶ
1262 1203 1347 1230 πολλὰ
1356 1203 1478 1236 τοιαῦτα,
1494 1205 1526 1230 ὲκ
1539 1203 1589 1238 τῆς
1605 1203 1728 1239 πρώτης,
1743 1202 1818 1228 ὲκεί-

1025 1259 1085 1285 νης,
1100 1251 1148 1277 καὶ
1168 1251 1239 1286 ὑπὲρ
1269 1250 1331 1276 νοῦν
1356 1250 1462 1284 σοφίας,
1493 1250 1540 1276 καὶ
1563 1249 1753 1285 δημιουργίας,
1767 1247 1818 1275 καὶ

1024 1296 1177 1332 ἀϊδιότητος
1188 1296 1410 1331 ἐντετυπωμένα,
1423 1295 1499 1331 φέρει
1515 1295 1564 1330 τῆς
1577 1295 1683 1330 φύσεως
1697 1294 1818 1321 τὺὰπει-

1025 1341 1152 1375 κόνισμα.
1176 1342 1208 1367 Εἰ
1222 1341 1249 1368 δέ
1272 1349 1326 1373 τις,
1343 1341 1438 1376 ὥσπερ
1451 1341 1484 1368 ὲκ
1497 1340 1636 1374 διαφόρων
1646 1340 1817 1375 χρωμάτων,

1026 1386 1230 1421 θεοειδεστάτην
1259 1387 1415 1421 οἰκονομίαν
1441 1385 1644 1421 διαγράψασθαι
1670 1385 1816 1420 θελήσειε·

1026 1433 1073 1459 καὶ
1087 1432 1131 1459 διὰ
1141 1432 1244 1459 τούτων
1258 1432 1384 1459 ἁπάντων
1402 1431 1583 1467 μορφοῦσθαι,
1600 1431 1648 1458 καὶ
1671 1430 1819 1458 διατυποῦ-

1027 1478 1101 1511 σθαι,
1117 1478 1168 1514 τὴν
1182 1478 1332 1513 καλλίστην
1347 1486 1376 1504 τε
1391 1478 1438 1504 καὶ
1455 1477 1626 1513 ὡραιοτάτην
1644 1476 1752 1512 μορφὴν
1767 1477 1817 1502 τοῦ

1026 1524 1171 1560 ἀνθρώπου
1187 1525 1337 1560 ἀποφήνειε
1349 1533 1356 1540 ·
1374 1524 1444 1560 μετά
1471 1523 1519 1551 τοῦ
1546 1523 1690 1555 ἰδιάζοντος
1708 1523 1757 1550 ἐπὶ
1767 1523 1818 1557 τῆς

1024 1570 1129 1605 φύσεως
1144 1570 1222 1606 ἡμῶν
1235 1569 1365 1606 παρέχειν
1385 1571 1451 1604 όρᾷν
1467 1569 1517 1605 τὴν
1532 1569 1622 1595 εἰκόνα
1639 1567 1819 1602 γλαφυρωτὲ-

1023 1625 1083 1652 ραν,
1097 1617 1128 1643 οῦ
1161 1625 1207 1652 μοι
1230 1617 1306 1643 δοκεῖ
1319 1616 1457 1644 διαπεσεῖν
1477 1616 1527 1651 τῆς
1553 1615 1624 1642 κατὰ
1650 1614 1701 1649 τὴν
1717 1613 1814 1640 αἰτίαν

1021 1663 1185 1694 ἀποδόσεως.

1058 1707 1163 1734 Οὐκοῦν
1187 1707 1263 1735 οὐδέν
1275 1708 1349 1735 ἐστιν
1359 1707 1392 1734 ὲκ
1403 1706 1458 1733 τῶν
1469 1705 1622 1741 εἰρημένων
1648 1705 1739 1740 ἔργων
1751 1704 1819 1732 οὔτε

1023 1754 1072 1788 τὴν
1089 1753 1181 1780 εἰκόνα
1192 1753 1294 1786 λαϐεῖν,
1317 1752 1378 1779 οὔτε
1396 1752 1428 1779 τὸ
1447 1751 1601 1787 ἀρχέτυπον
1622 1751 1736 1781 ἐννοεῖν,
1761 1748 1820 1777 οὐδ’

1022 1799 1037 1825 ὃ
1054 1799 1113 1826 κατ’
1124 1799 1217 1826 εἰκόνα
1231 1799 1298 1826 Θεοῦ
1316 1799 1514 1826 διαπέπλασται
1525 1806 1533 1813 ·
1559 1797 1649 1825 καίτοι
1670 1795 1755 1823 εἰκὼν
1769 1798 1820 1832 μὲν

1023 1844 1057 1872 ἂν
1071 1845 1182 1880 νοηθείη
1198 1845 1267 1872 Θεοῦ
1282 1845 1330 1872 καὶ
1342 1845 1457 1872 ἕκαστον
1470 1844 1524 1871 τῶν
1545 1844 1698 1880 εἰρημένων
1723 1842 1821 1869 καλῶν

1023 1899 1053 1917 τε
1068 1891 1115 1917 καὶ
1131 1891 1230 1926 τιμίων
1241 1899 1249 1908 ο
1265 1890 1322 1918 οἷον
1340 1891 1371 1917 τὸ
1386 1891 1415 1917 ὲν
1428 1891 1467 1925 τῷ
1476 1889 1613 1926 ἀνθρώπῳ
1630 1888 1750 1923 λογικὸν,
1771 1889 1820 1916 καὶ

1023 1937 1074 1964 ὃσα
1091 1937 1159 1964 ἄλλα
1174 1937 1348 1973 προείρηται.
1372 1937 1426 1964 Καὶ
1445 1937 1499 1972 γὰρ
1526 1935 1655 1968 εἰκονίζει
1671 1934 1759 1961 ταῦτα
1768 1935 1820 1970 τὴν

1024 1982 1095 2017 ὑπὲρ
1110 1982 1200 2016 λόγον,
1224 1983 1273 2009 καὶ
1296 1982 1400 2009 ἔννοιαν
1428 1983 1457 2008 ὲν
1471 1981 1509 2016 τῷ
1528 1981 1588 2016 Θεῷ
1621 1981 1819 2016 θεωρουμένην

1025 2028 1165 2063 βασιλείαν
1179 2038 1219 2062 τε,
1242 2029 1289 2057 καὶ
1304 2029 1411 2064 σοφίαν,
1428 2029 1476 2056 καὶ
1500 2027 1691 2064 δημιουργίαν,
1707 2026 1757 2053 καὶ
1772 2027 1819 2052 τὸν

1023 2074 1174 2109 ἆρρευστόν
1189 2083 1230 2106 τε,
1246 2075 1293 2101 καὶ
1309 2074 1415 2109 ἀπαθῆ,
1426 2074 1471 2100 καὶ
1486 2073 1629 2108 όμοούσιον
1647 2073 1746 2106 Λόγον.
1762 2072 1819 2099 Καὶ

1023 2120 1038 2146 ὀ
1053 2119 1196 2155 ἄνθρωπος
1223 2120 1416 2147 διαπλάττεται
1429 2120 1500 2146 κατὰ
1528 2119 1579 2154 τὴν
1598 2119 1818 2154 δημιουργικὴν,

1025 2164 1073 2191 καὶ
1103 2163 1259 2199 βασιλικὴν,
1287 2164 1335 2191 καὶ
1362 2164 1484 2199 λογικὴν,
1526 2164 1574 2190 καὶ
1615 2163 1712 2197 σοφίας
1752 2163 1820 2197 μότ-

1024 2218 1086 2244 οχσν
1111 2209 1215 2240 εἰκόνα,
1229 2210 1280 2236 οὐκ
1293 2209 1374 2241 αὐτὸς
1386 2209 1424 2236 ὢν
1435 2209 1532 2245 (ταῦτα
1542 2208 1568 2234 εἰ
1579 2217 1621 2240 τις
1629 2208 1818 2242 λεπτολογεῖν,

1022 2255 1070 2281 καὶ
1082 2254 1149 2289 πρὸς
1160 2254 1305 2290 ἀκρίϐειαν
1317 2254 1469 2289 ἀνιχνεύειν
1489 2254 1543 2281 τῶν
1555 2254 1695 2288 ὀνομάτων
1705 2254 1756 2288 τὴν
1770 2254 1818 2280 δύ-

1022 2308 1104 2334 ναμιν
1113 2300 1278 2336 ἀπερίεργον
1292 2300 1419 2335 νομίζει),
1429 2300 1498 2326 ἀλλά
1513 2300 1584 2326 κατὰ
1591 2299 1692 2335 ταυτὴν
1716 2299 1817 2326 διαπε-

1023 2345 1196 2380 πλασμένος³
1212 2345 1255 2372 ἵνα
1274 2346 1321 2372 καὶ
1349 2346 1366 2380 ή
1388 2344 1481 2378 εἰκὼν,
1511 2344 1560 2371 καὶ
1581 2344 1612 2371 τὸ
1637 2344 1697 2371 κατ’
1720 2345 1816 2371 εἰκόνα

1022 2389 1190 2424 σαφέστερον
1214 2388 1379 2425 θεωρηθείη,
1391 2390 1439 2416 καὶ
1453 2389 1522 2424 μηδὲ
1537 2388 1584 2416 τοῦ
1601 2387 1784 2423 πρωτοτύπου
1798 2389 1815 2423 ἡ

1021 2435 1116 2469 ἄγνοια
1129 2436 1194 2470 ἡμῖν
1209 2436 1327 2471 περιῄει.

1025 2488 1054 2509 ιιι
1073 2482 1155 2509 simul
1173 2486 1200 2509 et
1214 2483 1313 2517 imago,
1335 2482 1446 2518 etquod
1467 2483 1500 2510 ad
1519 2483 1665 2518 imaginem
1684 2486 1737 2514 est,
1754 2482 1814 2517 pla'

179 2520 242 2547 nius
269 2521 465 2556 intelligantur,
489 2530 539 2549 nec
569 2523 649 2549 nobis
677 2523 814 2558 exemplar
842 2524 968 2559 ignorare
989 2527 1139 2562 contingat.

215 2565 243 2593 Si
260 2566 321 2601 quis
335 2572 424 2594 autem
439 2570 490 2597 ista
509 2569 591 2595 simul
608 2569 641 2595 ad
662 2569 819 2603 imaginem,
838 2574 865 2596 et
879 2578 967 2598 exem-

177 2611 237 2646 plar
252 2612 378 2640 maluerit
393 2614 522 2642 reducere
541 2614 658 2650 (scilicet
671 2622 722 2641 non
739 2614 865 2650 cogitarit
878 2616 968 2644 homi-

178 2664 240 2684 nem
258 2659 407 2686 secundum
426 2659 493 2687 ista:
517 2661 708 2695 proprietates,
726 2669 787 2696 qua:
803 2660 850 2689 Dei
878 2662 968 2698 imago

1058 2575 1127 2602 Εἰδέ
1135 2584 1177 2608 τις
1201 2575 1287 2602 ταῦτα
1299 2575 1463 2610 συναγαγεῖν
1480 2574 1603 2608 ἐθελήσαι
1625 2574 1694 2609 πρὸς
1707 2573 1759 2610 τὴν
1774 2575 1811 2602 εἰσ

1023 2618 1100 2652 κύνα,
1113 2620 1161 2647 καὶ
1181 2619 1212 2646 τὸ
1229 2620 1418 2654 πρωτότυπον,
1436 2620 1513 2646 οὐδὲν
1530 2619 1584 2646 οὐδ’
1600 2616 1678 2651 οὗτος
1693 2619 1814 2655 διαμαρσ

1022 2665 1110 2693 τάνει.
1134 2666 1175 2693 Τὰ
1187 2666 1241 2702 γὰρ
1259 2667 1288 2692 ὲν
1303 2665 1363 2702 Θεῷ
1387 2666 1461 2702 μόνῳ
1490 2666 1683 2702 χαθορώμενα,
1701 2666 1771 2693 Θεοῦ
1782 2666 1815 2693 ἂν

413 2745 417 2749 .
913 2717 1030 2748 NOTE.

214 2770 272 2809 (δε)
290 2770 380 2809 Κατὰ,
391 2771 463 2805 quod
479 2772 524 2801 hic
538 2772 648 2807 reﬁnxi,
664 2773 847 2809 calligraphus
861 2774 964 2803 dormi-
1019 2780 1113 2808 cudes,

178 2809 241 2832 tans
257 2806 285 2831 in
299 2806 346 2832 καὶ
361 2811 522 2836 mutaverat.

215 2839 271 2875 (89)
287 2839 527 2880 Συμκροημμένην
537 2844 560 2871 si
574 2844 660 2880 legas,
677 2852 752 2882 atque
778 2852 888 2873 sensum
913 2854 961 2874 ex-

1054 2815 1111 2852 (90)
1123 2816 1243 2853 Sic'puto
1257 2816 1458 2846 emendandum
1473 2825 1522 2852 pro
1536 2816 1633 2853 ταύτῃ.
