1878 3057
67 114 112 146 257

522 110 572 140 AD
584 106 883 140 AMPHILOCHIUM
896 106 1069 142 ΟΗᾸίΞΤῙΟ
1082 107 1217 139 XXXVI.

1627 110 1680 141 258

68 173 101 207 εἴη
112 181 119 189 ·
130 172 172 199 καὶ
186 172 200 198 ὁ
215 170 281 207 πρὸς
308 170 401 198 ὲκεῐνα
427 162 609 204 τυπούμενος,
634 166 702 203 πρὸς
713 166 780 192 Θεὸν
807 165 838 191 ἃν

932 169 965 197 :it,
983 164 1067 193 fuisse
1090 165 1242 200 conditum)
1259 172 1292 193 ne
1316 166 1339 193 is
1353 167 1464 202 quidem
1481 173 1595 195 erraret.
1614 169 1682 202 Qua:

67 219 107 244 οὐκ
116 217 212 250 ἀλόγως
225 215 377 243 τυποῦσθαι
406 214 515 250 ῥηθείη.
540 213 679 242 Ὡσαύτως
703 210 731 237 δὲ
751 211 798 237 καὶ
815 210 840 236 εί

67 264 94 290 τὰ
105 264 131 289 ὲν
144 262 179 297 τῷ
189 262 333 297 ἀνθρώπῳ,
349 261 387 293 ὼς
401 262 430 287 ὲν
443 260 494 295 ὕλῃ
504 260 535 286 τὸ
546 258 638 289 ἇῦλον,
651 257 690 289 ὡς
700 256 840 292 παραχθὲν

67 309 103 334 τὸν
117 308 268 343 παράγοντα
283 305 459 339 ὲξεικονίζειν
476 304 571 331 ἐλαϐεν
592 303 669 338 ἰσχὺν
687 302 793 337 (γέγονε
812 301 840 327 δὲ

67 353 138 380 ταῦτα
161 353 248 388 χάριτι
261 352 321 387 θείᾳ
345 352 391 378 καὶ
408 351 497 386 δωρεᾷ
508 349 555 376 τοῦ
571 346 740 384 ἀνθρώπου),
754 347 783 372 ὲν
801 346 840 382 τῷ

67 401 137 426 εἰκότι
150 399 217 434 λόγῳ
229 397 336 433 λεχθείη
350 397 384 424 ἂν
399 399 448 424 καὶ
468 397 482 423 ὁ
493 395 637 430 ἄνθρωπος
655 393 738 420 εἰκὼν
756 400 838 426 γεγε-

66 445 146 480 vim!“
161 444 235 472 Θεοῦ.

93 577 131 603 Διὸ
147 577 192 603 καὶ
204 577 218 603 ό
236 576 306 607 θεῖος
318 575 469 612 Γρηγόριος
487 573 564 608 ἔλεγε
575 582 582 589 ·
608 583 616 606 ς
629 573 698 607 Παρ’
708 571 797 607 ἑαυτῷ
811 571 839 598 δὲ

66 623 134 657 πνοὴν
143 622 236 654 ἐνθεὶς,
264 622 279 648 ὃ
298 622 329 657 δὴ
351 621 447 656 νοερὰν
469 620 570 659 ψυχὴν,
594 619 641 646 καὶ
660 619 752 645 εἰκόνα
768 617 837 644 Θεοῦ

65 666 123 695 οἶδεν
139 670 152 695 ὀ
163 669 248 702 λόγος.
262 677 272 693 ι
297 667 456 702 Συνοπτικῷ
469 666 523 701 γὰρ
534 665 613 700 τύπῳ
629 665 731 700 χαίρων
741 665 754 690 ὁ
768 663 839 698 ἱερὸς

65 716 151 746 ἐκεῖνος
164 714 313 749 ἄνθρωπος,
330 713 376 740 καὶ
389 712 505 747 βραχείᾳ
519 711 651 747 ῥημάτων
667 710 754 745 πλοκῇ
774 709 839 736 πολ-

65 761 107 787 λῶν
116 761 249 796 νοημάτων
260 759 443 793 ἀπαγγέλλειν
454 757 598 793 περιοχὴν,
610 756 710 791 μικροῦ
719 756 782 786 τοὺς
793 754 838 781 λό-

65 816 117 840 γους
129 807 205 833 αὐτοῦ
216 806 288 833 κατὰ
298 807 348 841 τὴν
360 805 431 832 ἰδέαν
444 805 546 838 ταύτην
555 801 837 829 συνδιαποικίλλεσοαι

891 210 963 237 enim
980 211 1007 237 in
1024 211 1084 238 solo
1103 211 1157 238 Deo
1169 208 1380 247 perspiciuntur,
1391 213 1437 240 Dei
1453 214 1546 248 utique
1562 220 1683 248 sunt;et

892 256 938 290 qui
949 257 1100 284 secundum
1116 265 1148 284 ea
1165 257 1252 285 factus
1266 262 1318 291 est,
1335 259 1485 287 secundum
1494 261 1577 287 Deum
1593 260 1682 289 factus

892 310 946 329 non
975 303 1112 330 immerito
1137 303 1285 331 diceretur.
1314 304 1415 332 Eodem
1436 311 1526 333 autem
1555 311 1636 341 pacto
1658 308 1683 334 si

892 347 951 375 lure
970 350 996 375 in
1015 349 1126 375 homine
1140 357 1199 377 eam
1228 350 1275 377 Dei
1300 350 1506 378 similitudinem
1530 353 1684 387 producere

891 398 1050 428 potuerunt,
1076 402 1158 429 quam
1187 395 1299 429 spiritus
1328 397 1460 428 materia,
1486 401 1514 424 et
1539 398 1682 426 Creatoris

891 443 1016 466 creatura
1033 439 1135 467 habere
1151 445 1240 474 potest
1255 441 1324 475 (lucc
1340 446 1430 469 autem
1450 450 1483 469 ex
1510 442 1557 469 Dei
1583 445 1681 479 gratia,
1697 443 1700 452 ⁵

891 483 1080 520 beneficioque
1091 486 1195 513 homini
1208 487 1307 514 collato
1325 487 1394 515 facta
1420 488 1506 523 sunt),
1522 482 1683 523 jure‘meri-

891 534 974 565 teque
992 531 1075 558 homo
1092 532 1180 566 imago
1197 531 1241 559 Dei
1256 532 1342 560 factus
1358 533 1506 561 diceretur.

931 575 1114 608 Quamobrem
1126 582 1152 604 et
1167 576 1198 604 Ι).
1213 577 1360 612 Gregorius
1376 579 1465 615 inquit
1480 588 1508 606 τι
1527 580 1566 607 Ex
1584 588 1613 608 se
1627 581 1684 615 ipse

892 621 987 656 (Deus)
1004 622 1172 656 spiraculum
1202 623 1299 650 indidit
1318 632 1325 650 τ
1349 631 1402 659 qua
1423 625 1531 659 quidem
1554 626 1684 660 loquendi

890 667 996 694 ratione
1027 667 1145 694 animam
1174 667 1382 703 intelligentem,
1407 674 1435 696 et
1462 670 1608 706 imaginem
1637 672 1684 700 Dei

892 710 1031 746 Scriptura
1055 713 1190 748 signiﬁcat
1219 714 1286 748 (9i).
1302 724 1312 740 ι
1331 715 1400 742 Cum
1420 717 1491 743 enim
1515 718 1626 745 concisa
1643 719 1685 746 lo-

889 757 1009 791 cutionc,
1025 762 1052 785 et
1076 759 1151 785 brevi
1175 760 1318 787 verborum
1346 762 1448 788 ambitu
1477 770 1555 790 sacer
1576 764 1620 790 ille
1644 765 1686 791 vir

891 805 991 831 multas
1015 805 1098 832 simul
1121 806 1273 834 sententias
1293 807 1416 842 proferre
1441 814 1524 841 amet,
1543 817 1686 845 propemo-

65 835 131 881 iratai.
143 853 184 879 Διὸ
196 835 350 883 κάνταῦθα.
369 861 378 877 ι
391 851 489 885 Πνοὴν,
506 835 603 881 εἰπὼν,
620 847 708 879 ἐνθεὶς
720 857 729 873 ι
746 847 770 882 (ὃ
789 847 838 882 τὴν

1294 835 1302 842 .
1518 835 1523 841 ι
1543 835 1569 844 ιγ
1581 835 1672 845 τερη-

932 857 956 876 ηι
972 857 1113 878 sermones
1130 859 1195 879 suos
1211 851 1253 879 his
1276 852 1405 880 dictionis
1427 853 1566 882 coloribus
1596 855 1687 883 reddit

62 898 242 933 δημιουργικὴν
255 898 332 933 ἰσχὺν
344 897 437 931 ἐπεῖχε
453 895 504 930 τῆς
517 894 628 930 ψυχῆς),
638 893 699 920 ἀντὶ
711 892 758 919 τοῦ
771 892 837 918 ταύ-

63 953 103 979 την
112 945 141 979 τῇ
165 944 298 980 ἑρμηνείᾳ
309 943 359 979 τὴν
369 943 512 970 διάστασιν
526 940 697 973 ὲξαπλῶσαι,
709 947 837 966 συνοπτι-

65 991 111 1022 κῶς
121 991 274 1026 ἀπεφήνατο
290 990 362 1016 λίαν.
380 998 390 1015 ι
403 990 435 1015 '0
454 988 487 1023 δὴ
499 987 546 1014 καὶ
564 994 661 1020 νοεραν
676 985 775 1020 ψυχὴν,
793 985 840 1011 καὶ

63 1037 138 1063 εἰκόνα
153 1036 217 1063 Θεοῦ
228 1035 300 1062 οἶδεν
312 1036 327 1062 ό
340 1035 428 1069 λόγος.
440 1043 449 1060 ι
463 1033 668 1068 Διαπλούμενος
680 1031 701 1058 δ’
714 1031 789 1066 αὐτῷ
800 1031 841 1066 τῷ

63 1084 159 1118 νοήματι
173 1083 224 1117 ἔφη
235 1091 242 1098 ·
256 1091 266 1108 ‹
275 1082 357 1112 ’Ἡτις
367 1080 417 1116 τὴν
430 1088 472 1106 νοε
478 1079 527 1114 ρὰν
539 1077 628 1113 ψυχὴν
638 1076 838 1112 ἐδημιούργησέ

62 1137 94 1161 τε,
106 1130 147 1155 καὶ
161 1129 337 1164 προήγαγενο
358 1127 390 1162 ἢν
404 1125 497 1152 εἰκόνα
510 1123 578 1151 Θεοῦ
599 1121 670 1150 εἶδεν
688 1124 703 1150 ὁ
721 1123 810 1157 λόγος.
827 1132 836 1149 ›

892 894 1055 928 variegatos.
1071 894 1161 927 Quare
1177 895 1219 923 hic
1231 903 1352 931 quoque,
1369 897 1445 928 dum,
1460 897 1547 932 inquit
1572 907 1582 925 ι
1597 899 1686 934 spira-

892 940 984 967 culum
1003 940 1102 967 indidit
1122 951 1131 966 ι
1145 941 1228 975 (quod
1245 943 1298 969 vim
1326 944 1506 978 operatricem
1527 945 1627 971 anima:
1640 945 1686 972 ria-

893 991 947 1022 tarn
960 987 1073 1023 innuit),
1085 988 1173 1015 noluit
1185 988 1258 1016 htmc
1272 996 1382 1016 sensum
1397 990 1523 1017 distincte
1549 995 1576 1018 et
1590 991 1688 1018 diffuse

892 1033 1046 1066 enucleare,
1064 1033 1111 1061 sed
1130 1035 1226 1069 paucis
1241 1042 1303 1062 eum
1319 1035 1386 1062 satis
1399 1037 1529 1070 exposuit
1541 1037 1663 1065 subdens
1677 1047 1685 1064 :

895 1088 903 1103 ι
923 1078 981 1112 Qua
1001 1079 1109 1113 quidem
1126 1079 1255 1114 loquendi
1271 1081 1377 1108 ratione
1399 1081 1519 1109 animam
1539 1082 1689 1117 intelligen-

897 1128 962 1156 tem,
979 1128 1005 1150 et
1020 1124 1167 1161 imaginem
1194 1125 1240 1152 Dei
1263 1125 1404 1159 Scriptura
1429 1126 1575 1161 significat.
1599 1136 1608 1152 ι
1629 1126 1689 1162 Ipse

63 1181 137 1203 autem
148 1177 238 1204 cadent
254 1174 391 1203 sententia
429 1180 459 1202 se
481 1173 623 1207 explicans
639 1172 676 1199 ait
694 1179 701 1198 :
726 1171 928 1207 (spiraculum),
945 1181 956 1198 ‹
974 1173 1045 1208 quod
1079 1173 1198 1200 animam
1230 1173 1425 1209 iutelligentem
1448 1175 1562 1204 creavit.
1585 1180 1613 1202 et
1627 1183 1689 1210 pro-

63 1225 133 1256 dnxit,
145 1232 222 1260 quam
246 1224 359 1251 nomine
379 1221 508 1257 imaginis
529 1220 575 1247 Dei
595 1219 737 1254 Scriptura
755 1219 892 1255 signiﬁcat
906 1220 990 1255 (92).)

91 1272 158 1298 Οὕτω
171 1272 199 1298 δὲ
215 1271 275 1298 ἐστι
292 1271 340 1298 καὶ
361 1271 400 1302 εἰς
411 1269 459 1296 δύο
478 1269 644 1303 συναγαγεῖν
662 1267 710 1294 τοῦ
727 1267 834 1303 θεωρή-

65 1327 133 1354 ματος
146 1318 193 1354 τὴν
207 1317 371 1354 ἑρμηνείαν,
386 1316 435 1343 καὶ
449 1316 488 1346 εἰς
498 1315 562 1351 τρία
572 1314 655 1341 πάλιν
668 1313 835 1346 ὲξαπλῶσαι·

65 1365 148 1399 μᾶλλον
161 1364 187 1391 δ’
205 1364 232 1390 εἰ
250 1372 297 1395 τις
314 1362 378 1389 καθ’
397 1362 513 1389 ἕκαστον
533 1360 708 1394 λεπτολογεῖν
723 1368 765 1391 τε,
789 1359 836 1386 καὶ

64 1409 285 1445 πολυπραγμονεῖν
302 1408 425 1443 ἐθελήσει
441 1407 490 1442 τὴν
505 1405 690 1442 προκειμένην
706 1405 834 1440 Θεωρίαν,

64 1455 164 1490 τέσσαρα
176 1455 208 1482 ἃν
226 1455 269 1490 εἴη
289 1455 409 1490 εἰσορᾷν·
426 1453 460 1480 δι’
474 1450 511 1480 ὧν
532 1454 548 1487 ἠ
563 1452 654 1488 σχέσις
672 1450 719 1477 τοῦ
735 1451 835 1477 εἰκονι-

64 1501 159 1535 ζομένου
176 1501 242 1535 πρὸς
258 1501 292 1527 τὸ
301 1499 521 1535 σφραγιζόμενον
535 1498 584 1534 τὴν
596 1498 688 1524 είκόνα
697 1495 835 1528 διασώζει.

66 1546 129 1572 Ἔστι
143 1547 190 1581 μὲν
207 1547 260 1582 γὰρ
279 1546 310 1572 τὸ
324 1545 401 1572 Θεῖον
423 1546 452 1571 ἐν
468 1541 491 1578 ᾧ
507 1544 562 1571 τῶν
577 1543 647 1578 ὑπὲρ
662 1542 762 1573 αἰτίαν,
784 1540 834 1568 καὶ

65 1593 196 1627 κατάληψιν
209 1593 303 1619 πᾶσαν
324 1591 467 1627 δυνάμεων
490 1591 507 1625 ἡ
526 1589 680 1625 θεοπρεπὴς
695 1587 840 1623 ἀπαστρά-

65 1639 262 1674 πτειτελειότης.
281 1638 397 1665 Ἔστιδὲ
411 1638 460 1665 καὶ
475 1637 509 1664 τὰ
525 1636 629 1663 τούτων
649 1635 838 1671 ἀμαρύγματα

65 1684 103 1717 τὴν
114 1684 211 1710 ἐκεῖθεν
233 1684 317 1719 χάριν
334 1684 366 1710 ἐκ
383 1681 590 1718 φιλανθρωπίας
611 1680 838 1715 ἀποματτόμενα,

65 1729 102 1755 καὶ
116 1729 156 1756 διὰ
170 1729 249 1756 τοῦτο
264 1729 317 1763 τὴν
336 1729 386 1764 τῆς
409 1728 513 1759 εἰκόνος
535 1727 633 1762 κλῆσιν
654 1726 836 1761 ἐφελκόμενα·

65 1777 105 1810 ὑφ’
115 1774 150 1809 οἷς
163 1778 176 1803 ὸ
189 1777 337 1812 ἄνθρωπος
349 1778 478 1811 τέταρτον
489 1775 560 1801 κατά
573 1774 623 1809 τὴν
635 1773 691 1809 (95)
701 1771 840 1808 νῦν¹εῖρη-

67 1822 139 1857 μένην
153 1823 242 1850 εἰκόνα
259 1821 495 1856 διαπλαττόμενος
514 1820 581 1856 ἔχει.
597 1820 679 1846 Ὥστε
696 1819 722 1846 οἰ
736 1819 786 1854 τὴν
800 1818 840 1844 εί·-

66 1868 128 1902 κόνα,
138 1869 182 1895 καὶ
202 1870 232 1896 τὸ
248 1868 317 1895 κατ’
331 1868 424 1895 εἰκόνα
438 1868 466 1893 ὲν
482 1866 621 1902 διαφόροις
637 1865 842 1901 ἐπιζητοῦντες,

65 1915 88 1940 οὗ
103 1916 174 1952 μέχρι
190 1917 302 1952 τριάδος
323 1916 413 1941 ἱστᾶσι
428 1914 478 1949 τὴν
498 1913 625 1949 ζήτησιν,
644 1912 713 1939 ἀλλὰ
729 1910 777 1938 καὶ
794 1912 838 1937 τέ-

67 1969 159 1996 τειρτον,
172 1963 185 1989 ὅ
203 1962 272 1998 μηδ’
289 1960 437 1996 ἐζήτησαν,
453 1960 665 1993 συνεπάγονται.

927 1268 985 1296 Hoc
1008 1273 1098 1297 autem
1125 1273 1205 1306 pacto
1230 1270 1378 1305 proposita:
1397 1270 1528 1298 doctrinae
1555 1271 1689 1307 expositio

891 1317 980 1347 potest
992 1314 1024 1339 ad
1040 1313 1093 1340 duo
1100 1313 1187 1347 capita
1202 1313 1244 1349 (ad
1255 1314 1435 1342 ratiocinandi
1451 1315 1638 1349 etiniperandi
1648 1315 1689 1342 fa-

890 1358 1031 1393 cultatem)
1044 1358 1140 1393 redigi,
1148 1360 1214 1394 quin
1227 1359 1309 1387 etiam
1319 1360 1351 1387 ad
1367 1359 1419 1388 tria
1430 1361 1463 1395 (si
1473 1361 1556 1388 addas
1567 1361 1621 1388 vim
1628 1369 1691 1396 ope-

876 1400 879 1403 “
890 1404 1029 1439 ratricem)
1038 1404 1147 1432 extendi
1158 1406 1263 1440 :potins
1274 1410 1377 1439 autem,
1402 1406 1424 1434 si
1435 1406 1496 1441 quis
1507 1406 1614 1442 singula
1629 1409 1690 1435 sub-

891 1448 977 1476 tiliter
991 1450 1126 1484 persequi,
1139 1454 1167 1478 et
1180 1452 1287 1478 curiose
1303 1450 1468 1486 investigare
1484 1451 1609 1484 voluerit,
1622 1459 1691 1487 qua-

894 1498 957 1522 tuor
975 1496 1069 1529 utique
1077 1494 1179 1522 (addita
1187 1494 1268 1523 Verbi
1276 1496 1465 1531 emanatione)
1475 1500 1603 1531 poterunt
1614 1497 1675 1524 inve
1682 1511 1692 1517 -

893 1540 962 1574 uiri;
977 1548 1024 1575 per
1034 1549 1095 1575 quae
1105 1541 1200 1568 relatio
1211 1541 1282 1569 inter
1294 1547 1535 1577 rcprmsentantem
1555 1547 1582 1570 ct
1591 1550 1692 1578 reprae-

894 1590 1042 1619 sentatnm,
1060 1586 1231 1615 intercedens
1239 1587 1371 1614 rationem
1386 1588 1514 1623 imaginis
1529 1593 1629 1616 servat.
1643 1588 1693 1616 Est

893 1630 966 1658 cnim
981 1630 1114 1658 Divinitas
1128 1639 1171 1663 ea,
1186 1631 1213 1658 in
1230 1640 1282 1667 qua
1295 1632 1425 1666 perfectio
1443 1632 1615 1666 facultatum,
1630 1640 1692 1668 quae

894 1684 976 1711 supra
993 1685 1101 1704 omnem
1135 1685 1248 1705 causam
1274 1683 1302 1705 et
1320 1678 1591 1713 comprehensionem
1616 1683 1692 1712 sunt,

896 1723 977 1758 digna
1000 1722 1055 1750 Deo
1070 1723 1191 1759 effulget.
1217 1724 1285 1751 Sunt
1304 1729 1394 1752 autem
1415 1725 1512 1754 harum
1530 1725 1691 1752 facultatum

896 1768 977 1800 radii,
991 1768 1037 1803 qui
1052 1769 1282 1804 pulchritudinem
1295 1769 1369 1798 illinc
1389 1778 1423 1798 ex
1438 1769 1530 1797 divina
1546 1770 1692 1797 clementia

897 1817 1037 1848 acceptam
1058 1813 1223 1848 exprimunt,
1235 1819 1261 1841 et
1275 1819 1416 1849 propterea
1437 1814 1565 1849 imaginis
1591 1821 1691 1842 nomen

898 1860 951 1886 sibi
967 1859 1108 1886 vindicant
1125 1869 1131 1887 :
1151 1867 1268 1894 quorum
1287 1860 1427 1888 radiorum
1437 1865 1565 1895 quartum
1581 1867 1693 1895 quoque

899 1905 982 1933 habet
1009 1906 1104 1938 homo,
1123 1906 1273 1934 secundum
1303 1906 1384 1934 modo
1411 1907 1513 1934 dictam
1544 1907 1693 1942 imaginem

900 1951 1044 1978 formatus.
1061 1950 1153 1983 Quare
1165 1951 1212 1986 qui
1227 1951 1373 1987 imaginem
1390 1956 1419 1980 et
1434 1952 1508 1987 quod
1536 1952 1569 1980 ad
1595 1952 1692 1987 imagi-

66 2017 115 2036 nem
136 2016 184 2042 est,
205 2010 277 2037 hami
301 2009 328 2035 in
351 2016 405 2035 una
432 2015 461 2035 re
485 2007 662 2042 quaerendum
688 2009 794 2040 putant,
819 2009 875 2030 non
902 2006 990 2033 usque
1019 1998 1053 2026 ad
1077 1999 1128 2026 tria
1152 1999 1241 2034 capita
1267 1999 1479 2034 quuisilionem
1503 2000 1692 2028 similitudinis

66 2055 216 2088 producunt:
237 2056 285 2082 sed
304 2059 432 2089 quartum
446 2059 557 2088 quoque
583 2052 691 2087 (nempe
710 2050 792 2078 Verbi
809 2043 1038 2079 emanationem),
1054 2044 1127 2078 quod
1143 2051 1197 2070 non
1211 2044 1390 2078 quaesierunt,
1405 2044 1549 2079 adjiciunt.

95 2103 178 2139 Ταύτῃ
195 2104 249 2138 ἄρα
263 2102 314 2128 καὶ
325 2102 372 2127 τὸν
384 2100 537 2136 ὲκπεριώνυ
542 2108 590 2135 μον
601 2097 679 2133 οἶμαι
690 2097 841 2133 Γρηγόριον

66 2148 202 2183 καθυφέντα
220 2149 270 2183 τῆς
291 2147 391 2182 πολλῆς
408 2146 601 2181 ἀκριϐολογίας
624 2143 792 2180 ἀρκεσθῆναι
807 2141 840 2175 τῇ

67 2193 138 2219 εἰκόνι
167 2194 214 2220 καὶ
239 2192 281 2228 τῷ
309 2191 523 2227 παραδείγματι.
541 2189 673 2223 Ἔπείπερ
690 2187 758 2223 μηδὲ
772 2186 841 2221 πρό-

67 2239 127 2271 θεσις
142 2238 174 2273 ἦν
188 2239 264 2274 αὐτῷ
277 2238 309 2264 τὸ
323 2237 405 2273 ῥητὸν
420 2235 629 2271 καταμερίζειν,
653 2234 701 2261 καὶ
726 2234 766 2264 εἰς
789 2232 841 2258 ὃσα

66 2283 168 2316 δύναιτο,
191 2285 262 2320 μέρη
278 2283 337 2319 (9i)
355 2282 510 2315 συναύξειν·
528 2281 593 2307 ἀλλ’
605 2281 635 2307 ὲν
651 2277 844 2314 πανηγυρικῷ,

67 2331 104 2357 ml.
122 2331 262 2367 δημοτελεῐ
283 2330 356 2365 λόγῳ
372 2328 467 2364 χρείαν
493 2327 614 2362 πληροῦν
630 2324 792 2360 παρελήφθη
815 2323 847 2350 τὺ

67 2375 181 2413 θεώρημα
193 2377 232 2412 τῷ
249 2376 348 2411 πλήθει
362 2373 631 2410 συμπεριφέρουσαν.

97 2507 166 2541 Τινὲς
181 2509 210 2536 δὲ
222 2509 254 2536 τὸ
270 2518 280 2535 ι
293 2509 353 2536 κατ’
367 2508 460 2535 εἰκόνα
472 2517 481 2533 ι
493 2506 695 2542 παρειλήφασιν
708 2502 770 2530 ἀντὶ
781 2501 840 2533 τοῦ,

932 2090 1113 2123 Quamobrem
1130 2090 1370 2125 praeclarissimum
1382 2090 1543 2126 Gregorium
1560 2091 1691 2124 arbitror,

897 2143 1006 2163 summo
1022 2135 1170 2162 locutionis
1187 2135 1270 2170 rigori
1285 2136 1400 2163 minime
1415 2141 1566 2167 vacantem.
1584 2137 1690 2164 tantum

897 2180 1015 2215 imagine
1039 2184 1067 2207 et
1097 2180 1245 2214 exemplari
1275 2179 1360 2208 fuisse
1402 2185 1571 2208 contentum.
1598 2180 1692 2217 Neque

897 2227 970 2254 enim
996 2226 1049 2253 sibi
1070 2231 1252 2261 proposuerat
1267 2226 1416 2261 Scriptura:
1434 2227 1578 2254 oraculum
1594 2227 1621 2254 in
1639 2228 1691 2254 mi-

862 2263 884 2290 D
900 2277 982 2301 nutas
1004 2277 1094 2307 partes
1115 2273 1283 2307 dispescere,
1306 2280 1418 2307 easque,
1433 2277 1565 2308 quantum
1587 2262 1691 2310 fossa,

899 2319 1082 2354 multiplicare
1099 2327 1107 2345 :
1125 2320 1172 2346 sed
1191 2327 1253 2346 cum
1266 2319 1483 2352 celeberrimam,
1499 2319 1692 2355 publicamque

898 2365 1058 2392 concionem
1071 2364 1193 2397 haberet,
1205 2364 1256 2392 sibi
1274 2365 1413 2400 proposuit
1428 2365 1468 2392 sic
1482 2365 1633 2392 doctrinam
1646 2372 1693 2392 ex-

896 2418 1010 2446 ponere,
1035 2415 1065 2437 ut
1095 2411 1319 2446 frequentissimo
1349 2411 1386 2438 illi
1416 2411 1563 2439 conventui
1583 2410 1690 2446 plenam

898 2457 1008 2484 afferret
1024 2456 1183 2485 utilitatem.

936 2500 1062 2529 Nonnulli
1075 2508 1140 2528 vero
1156 2501 1221 2536 illud
1238 2511 1248 2527 ι
1264 2501 1297 2529 ad
1311 2501 1454 2538 imaginem
1472 2511 1482 2528 ι
1498 2502 1628 2538 scriptum
1643 2511 1693 2538 pro

810 2602 926 2631 NOTAE.

72 2699 195 2759 mitium
213 2700 245 2728 S.
272 2698 374 2727 Pascha
399 2698 474 2726 hom.
503 2705 534 2730 ιι,
560 2704 587 2732 p.
611 2694 675 2724 680.
695 2693 768 2721 Edit.
785 2693 844 2721 Col.

99 2742 137 2759 ιυ-

99 2742 137 2762 Μ)-

99 2772 149 2805 (92)
164 2771 216 2799 Ubi
244 2769 272 2798 id
295 2768 448 2804 scripserit,
475 2766 586 2800 nescio;
603 2771 677 2794 certe
692 2765 719 2792 in
734 2763 846 2795 laudata

70 2808 178 2833 oratione
191 2806 372 2833 desideratur.
406 2838 419 2840 η
454 2839 458 2840 ν
619 2837 625 2840 _
671 2835 680 2840 .
733 2839 737 2840 ν
804 2835 810 2840 ,

101 2842 149 2876 (i3)
168 2840 371 2874 Monosyilahon
387 2838 437 2874 γῆν
453 2839 507 2865 huc
524 2842 586 2872 post
600 2837 649 2872 τὴν
670 2835 771 2863 frustra
804 2835 847 2861 in-

239 2890 373 2919 ΡΑτιιοι.
397 2888 454 2917 Gn.
472 2887 524 2917 CI.

898 2693 1000 2728 jectum
1014 2694 1145 2729 expunxi.

938 2729 993 2766 (9t)
1013 2729 1254 2766 Hariolandoiiiud
1268 2731 1340 2766 μέρη
1355 2730 1389 2759 ad
1405 2730 1609 2766 interstitiolum
1620 2737 1696 2759 com-

901 2764 1029 2802 plendum
1046 2765 1153 2802 reiinxi,
1167 2773 1217 2794 nec
1231 2764 1276 2794 mé
1297 2764 1378 2802 piget.
1399 2765 1626 2802 Verbumautem
1643 2774 1697 2792 πα-

902 2799 1106 2841 νηγν-ριικδνιῆἰ)
1138 2801 1252 2841 exordio
1271 2799 1393 2836 ejusdem
1414 2801 1547 2829 orationis
1580 2799 1694 2831 edoctus

903 2835 1006 2862 reddidi
1023 2835 1232 2864 celeberrimum.

1517 2884 1536 2912 9
