1878 3057
189 116 243 164 259

766 129 895 160 PHOTII
915 127 1168 159 PATRIARCHE
1181 129 1234 159 ΟΡ.

1708 132 1711 135 ’
1762 127 1813 160 260

191 201 201 218 1
221 199 268 226 per
278 180 424 226 imaginem
438 198 447 215 ι
464 193 618 216 autumant.
634 188 701 215 Nam
715 195 777 215 cum
790 188 909 223 Spiritus
919 196 979 216 san-

1068 189 1076 214 t
1093 187 1142 222 τῆς
1156 186 1271 217 εἰκόνος.
1297 185 1334 212 Τὸ
1356 185 1410 221 γὰρ
1432 184 1564 219 πανάγιον
1580 183 1705 219 Πνεῦμα,
1721 186 1814 219 φασὶν,

189 242 261 267 ctus,
274 235 359 267 aiunt,
372 234 411 261 uti
427 238 454 260 et
469 233 555 260 Filius
567 233 602 260 sit
623 241 632 258 1
649 232 776 267 splendor
787 237 822 260 et
845 233 930 267 ﬁgura
945 233 955 247 '
968 253 976 266 ,

189 285 216 308 et
227 281 315 315 imago
326 280 381 314 (95)
393 279 570 306 immutabilis
583 278 690 310 Patris;
705 288 713 304 ι
733 286 849 313 cumque
862 278 978 305 hominis

188 326 278 352 anima
293 333 339 360 per
349 324 491 359 Spiritum,
506 331 552 351 seu
565 323 736 358 Spiraculum
751 322 904 350 immediate
915 329 980 349 con-

188 373 242 400 dita
259 373 314 404 sit,
332 373 393 407 jure
405 372 556 405 meritoque
571 371 708 397 hominem
723 379 731 396 ι
745 378 792 405 per
807 370 952 404 imaginem
965 378 976 395 ι

188 419 300 446 omnino
326 423 446 445 creatum
457 440 464 450 ,
480 422 506 444 et
523 426 533 442 1
552 417 585 443 ad
601 416 746 451 imaginem
763 425 772 441 ι
791 415 837 442 Dei
856 415 955 442 factum
968 435 976 447 ,

189 471 236 491 seu
252 463 351 490 divina:
366 462 493 496 imaginis
505 469 584 496 opus,
599 465 626 487 et
647 460 901 495 prmstantissimam
917 466 979 486 esse

188 514 341 537 creaturam
357 509 446 534 dicere
463 515 629 542 possumus;
646 507 768 540 adeoque
796 505 867 532 banc
893 505 979 532 nomi-

190 562 255 582 num
293 554 450 588 metalepsin
485 554 543 580 sine
580 553 773 588 impedimento
807 551 977 578 adhibemus.

190 599 371 633 Quamobrem
383 599 507 626 nonnulli
522 598 682 632 corum,qui
698 597 784 624 sacris
798 596 908 623 Litteris
933 603 980 622 ex-

190 645 321 681 plicandis
331 645 521 678 incubuerunt,
531 652 582 671 non
596 653 604 669 1
621 645 652 670 ad
663 643 806 678 imaginem
819 652 827 668 ι
843 642 978 669 hominem

191 691 276 718 fuisse
291 690 392 718 factum
405 690 541 721 dixerunt,
555 690 600 717 sed
618 699 626 715 1
647 689 673 716 in
685 689 793 724 magine
813 697 822 714 ι
844 688 979 722 interpre-

190 738 237 764 tati
256 741 329 764 sunt.
344 737 427 771 Atqui
443 737 501 764 iure
516 736 626 771 quidem
649 734 846 770 interpretandi
859 733 940 766 ratio,
956 733 979 760 si

189 784 273 810 ctiam
290 783 449 818 acceptione
473 783 552 817 digna
574 782 709 814 videatur,
724 781 798 807 nullo
813 784 894 815 pacto
910 778 980 806 veri-

191 826 238 853 tati
254 826 360 853 allicere
386 825 567 860 potcrit;imo
581 829 608 851 et
627 824 740 851 alteram
759 824 828 850 banc
847 821 978 857 propositi

190 872 292 898 oraculi
311 871 527 898 enucleationem
550 870 671 902 subiens,
686 870 721 896 ab
734 877 777 900 ea.
795 876 857 896 meo
868 867 977 903 quidem
993 856 1017 885 Β

189 917 302 951 judicio,
321 925 371 944 nec
387 917 499 949 amabit,
512 923 562 943 nec
577 919 681 950 quaeret
710 914 800 942 avelli.

226 961 409 996 Reperiuntur
427 965 515 987 autem
528 965 666 992 auctores,
687 959 732 994 qui
746 960 783 993 (et
799 958 850 986 hac
868 958 979 992 quidem

189 1006 370 1041 explicatione
385 1006 452 1040 illud
472 1015 481 1030 1
506 1006 540 1033 ad
557 1005 703 1040 imaginem
721 1014 730 1031 1
749 1003 979 1039 protinus-reler-

191 1059 235 1080 tur
258 1052 292 1079 ad
318 1052 416 1079 divinm
446 1059 570 1085 persona:
593 1051 789 1086 proprietatem
818 1054 881 1078 ante
905 1054 980 1077 cata-

190 1098 295 1133 lepsin)
310 1097 387 1124 aiunt
403 1106 410 1124 :
426 1102 486 1125 esto
514 1097 580 1123 illud
606 1105 615 1122 1
630 1097 663 1124 ad
689 1097 834 1131 imaginem
854 1106 863 1123 ι
879 1096 915 1123 ita
937 1095 980 1122 di-

190 1148 263 1169 ctum
281 1143 314 1170 de
330 1142 427 1175 Verbo,
445 1147 473 1169 ut
489 1142 521 1168 ad
541 1141 623 1168 Verbi
640 1141 856 1169 incarnationem
884 1146 911 1168 et
931 1141 979 1167 ad-

191 1192 302 1215 ventum
312 1187 454 1222 pertineat.
471 1186 499 1214 Si
513 1187 586 1214 enim
601 1196 610 1212 1
623 1186 753 1219 Verbum,
766 1185 902 1220 inquiunt,
914 1191 979 1212 caro

192 1234 293 1261 factum
307 1237 358 1265 est,
370 1237 397 1260 et
424 1233 556 1260 habitavit
580 1233 607 1259 in
628 1232 707 1260 nobis
719 1232 745 1264 ³,
764 1241 773 1258 ι
793 1236 819 1259 et
833 1232 915 1258 homo
928 1230 979 1258 fuit

194 1292 203 1306 1
221 1288 268 1314 per
294 1279 402 1307 omnia‘
422 1288 431 1304 ι
450 1283 631 1314 praeterquam
649 1278 676 1304 in
703 1277 855 1312 peccato';
884 1276 980 1310 utique

192 1325 344 1353 secundum
370 1325 443 1351 illam
470 1328 604 1354 sanctam,
633 1328 660 1350 et
684 1327 797 1358 peccato
829 1327 978 1355 carentem,

192 1373 248 1399 imo
275 1375 302 1397 et
326 1377 407 1397 omne
439 1373 581 1404 peccatum
617 1369 800 1395 destruentem
831 1368 977 1402 imaginem

191 1418 278 1445 fuisse
293 1416 336 1443 vel
351 1416 438 1450 ipsum
467 1415 583 1449 primum
611 1418 749 1449 parentem
779 1413 863 1441 Adam
889 1414 980 1441 condi-

192 1467 251 1489 tum
270 1465 344 1488 recte
361 1465 485 1492 censere,
505 1462 531 1485 et
553 1457 644 1486 dicere
660 1458 734 1485 nulla
754 1459 859 1486 ratione
884 1458 978 1493 prohi-

194 1508 331 1534 berentur.

229 1551 268 1578 En
294 1551 376 1578 alium
395 1550 502 1577 modum
527 1550 621 1582 habes,
639 1550 718 1584 quasi
735 1550 762 1577 in
777 1550 926 1586 porismate
946 1557 980 1577 ex

194 1596 349 1631 hujusmodi
366 1597 546 1631 explicatione
567 1597 768 1630 procedentem,
784 1596 922 1631 babesque
942 1596 980 1623 si-

194 1642 250 1668 mul
262 1646 289 1668 et
305 1641 496 1676 imaginem,et
506 1642 654 1676 exemplar,
671 1646 699 1668 et
716 1641 865 1668 secundum
882 1649 980 1676 quam-

193 1693 256 1713 nam
272 1686 417 1721 imaginem
431 1685 516 1712 Adam
532 1686 558 1712 in
576 1686 695 1713 hominis
711 1690 805 1713 natura
819 1685 900 1713 fuerit
914 1693 981 1712 con-

192 1732 316 1760 stitutus.
324 1732 392 1759 Cum
407 1731 478 1759 enim
489 1731 575 1759 Filius
583 1731 618 1758 sit
634 1731 724 1766 imago
737 1731 980 1764 incommutabilis,

192 1782 220 1805 et
237 1777 478 1805 eonsubstantialis
497 1777 581 1808 Patri,
595 1783 712 1811 cumque
731 1775 819 1804 factus
836 1776 872 1804 sit
888 1776 979 1809 homo,

193 1823 287 1859 quales
306 1831 356 1851 nos
373 1831 479 1856 sumus,
502 1829 529 1850 et
545 1831 626 1850 unam
653 1830 714 1850 cum
727 1827 867 1856 assumpta
883 1826 981 1849 natura

193 1869 342 1897 confecerit
366 1876 529 1904 personam;
549 1869 686 1896 hominem
709 1868 742 1895 ad
759 1868 881 1896 eamdem
903 1875 981 1896 suam

193 1916 376 1943 (auditionem
409 1919 535 1942 evectum
567 1914 686 1941 ostendit
702 1922 707 1940 :
723 1919 804 1948 atque
830 1914 981 1941 secundum

194 1963 264 1990 hanc
281 1961 360 1988 Verbi
376 1960 508 1988 incarnati
525 1959 639 1986 fortnam
655 1959 675 1990 °,
693 1964 720 1986 et
733 1959 820 1986 ideam
833 1958 925 1986 divina
939 1966 982 1986 sa-

193 2008 305 2042 pientia,
322 2013 382 2040 qua:
400 2004 575 2040 praevidebat,
589 2004 806 2039 disponebalque
827 2004 931 2035 l‘utura.
947 2004 981 2032 ad

195 2051 311 2085 primum
325 2050 412 2077 nostri
425 2049 532 2084 generis
553 2053 691 2084 parentem
711 2057 789 2084 pura,
805 2053 831 2076 et
850 2049 983 2077 crcatrice

195 2104 277 2123 manu
306 2095 480 2123 l'0rmandum
502 2102 517 2121 a
545 2101 601 2122 suae
622 2094 796 2130 benignitatis
817 2095 981 2122 abundantia

194 2138 309 2168 adducta
327 2145 380 2168 est.

1028 232 1123 267 ὥσπερ
1136 232 1183 258 καὶ
1194 233 1208 258 ὁ
1221 231 1294 262 Υἱὸς,
1313 230 1508 264 «ἀπαύγασμα,
1531 229 1578 256 καὶ
1599 229 1754 263 χαρακτὴρ,
1770 230 1816 255 κιὶ

1028 278 1109 304 εἰκὼν
1119 277 1337 312 ἀπαράλλακτος,
1346 276 1392 302 τοῦ
1401 276 1517 311 Πατρδς,
1524 285 1534 301 ι
1547 275 1608 301 ἐπεὶ
1615 275 1658 301 διὰ
1670 274 1717 301 τοῦ
1728 274 1816 301 Ilvati-

1030 332 1124 359 ματος,
1148 324 1207 358 ἦτοι
1222 322 1268 349 τοῦ
1286 323 1484 357 ὲμφυσήματος
1505 321 1648 356 πρωεχῶς
1669 321 1686 356 ή
1706 321 1754 347 τοῦ
1770 321 1817 348 ἀν-

1029 369 1139 405 θρώπου
1162 369 1392 404 δεδημιούργηται
1404 367 1487 402 ψυχὴ,
1508 368 1622 398 εἰκότως
1646 367 1690 393 διὰ
1704 367 1754 401 τῆς
1775 367 1816 392 εξ-

1028 416 1106 446 κόνος
1130 414 1228 448 λέγοιτ’
1243 413 1277 440 ἂν
1290 415 1329 444 εἰς
1345 413 1376 439 τὸ
1389 413 1535 448 ὁλόκληρον
1553 412 1567 438 ὁ
1593 412 1735 447 ἄνθρωπος
1751 413 1819 438 ἀπο-

1028 461 1198 495 τελεσθῆναι,
1222 460 1270 486 καὶ
1296 459 1384 486 (κατ’
1406 458 1520 485 εἰκόνα»
1546 458 1709 492 γεγενῆσθαι
1734 457 1816 489 Θεοῦ,

1028 507 1087 542 ἦτοι
1111 508 1161 541 τῆς
1192 505 1267 537 θείας
1297 505 1398 537 εἰκόνος
1428 505 1529 539 ἔργον,
1557 504 1605 531 καὶ
1630 504 1818 540 φιλοτέχνημα.

1029 551 1208 586 χρηματίσαι·
1228 551 1276 578 καὶ
1291 550 1340 586 τὴν
1355 550 1506 586 μετάληψιν
1519 550 1573 576 τῶν
1584 550 1723 585 ὀνομάτων
1741 551 1817 576 ἀκώ-

1030 597 1109 624 λυτον
1125 595 1205 626 εἶναι.
1223 597 1295 624 Διότι
1310 597 1357 623 και
1371 605 1444 628 τινες
1456 596 1512 632 (96)
1527 596 1568 626 εἰς
1582 595 1630 631 τῆν
1645 595 1752 622 ἔκθεσιν
1767 597 1818 631 τῆς

1031 644 1106 678 ἱερᾶς
1128 642 1206 678 ἡμῶν
1227 642 1339 678 Γραφῆς
1358 642 1476 669 στάντων
1487 642 1546 668 ἀντὶ
1560 640 1606 667 τοῦ
1617 641 1691 667 «κατ’
1705 641 1813 667 εἰκόνα»

1030 690 1127 721 εἰπεῖν,
1145 689 1174 715 ὲν
1190 688 1274 715 εἰκόνι
1297 687 1364 714 Θεοῦ
1384 687 1508 714 διέλαὸον
1532 686 1577 713 τὸν
1599 686 1744 721 ἄνθρωπον
1768 694 1818 712 πε-

1030 734 1170 770 ποιῆσθαι.
1192 734 1262 761 Ἀλλ’
1277 731 1354 765 οὗτος
1372 734 1421 768 μὲν
1445 733 1458 759 ὸ
1475 733 1563 766 λόγος,
1589 732 1635 758 καὶ
1659 731 1818 767 παραδοχῆς

1030 779 1201 814 ἀξιούμενος,
1218 779 1293 806 οὐδὲν
1314 780 1363 814 τὴν
1379 777 1508 813 ἀλήθειαν
1535 776 1752 812 παραλυπήσειε·
1771 776 1818 804 καὶ

1030 827 1078 860 τὴν
1093 825 1223 861 δευτέραν
1239 825 1293 851 τῶν
1307 824 1460 860 εἰρημένων
1474 823 1659 858 ὑπερχόμενος
1676 822 1754 855 τάξιν
1767 824 1819 850 οὐκ

1031 870 1063 896 ἂν
1083 870 1232 904 ἀγαπήσει,
1252 869 1313 896 οὐδ’
1332 869 1492 903 ἐπιζητήσει
1507 868 1537 894 οὐ
1555 868 1604 903 μὲν
1619 865 1678 900 οὖν,
1692 867 1768 894 κατά
1784 875 1819 902 γε

1030 915 1122 951 κρίσιν
1138 916 1187 950 τὴν
1205 915 1284 949 ἐμὴν,
1300 914 1403 949 ταύτης
1419 914 1618 949 ὑπεραρθῆναι.

1068 962 1145 988 Ἐστι
1167 961 1194 987 δὲ
1209 961 1309 996 εὑρεῖν,
1328 958 1368 991 οἷς
1392 960 1498 995 εῑρηται
1521 959 1564 994 (δι’
1581 956 1618 986 ὦν
1639 959 1687 985 καὶ
1703 958 1820 986 αὐτόθεν

1031 1008 1070 1036 εἰς
1083 1007 1147 1033 ἴδιον
1161 1006 1192 1032 τὸ
1219 1015 1228 1032 1
1243 1006 1302 1032 κατ’
1317 1006 1408 1032 εξκόνα
1424 1015 1437 1031 »ι
1460 1004 1675 1039 συναναφέρεται
1691 1005 1746 1039 (97)
1763 1005 1819 1039 πρὸ

1031 1052 1219 1088 καταλήψεως)
1235 1045 1247 1067 ”
1260 1052 1378 1088 εἰρὴσθω
1401 1052 1439 1087 τῷ
1450 1052 1529 1086 Λόγῳ
1550 1051 1580 1077 τὸ
1605 1051 1691 1086 ῥῆμα,
1710 1051 1819 1077 Stami-

1030 1108 1086 1126 νειν
1101 1099 1168 1134 πρὸς
1187 1098 1236 1133 τὴν
1255 1097 1302 1124 τοῦ
1314 1098 1400 1131 Λόγου
1423 1098 1560 1132 σάρκωσιν
1590 1097 1637 1122 καὶ
1657 1096 1817 1130 ἐπιδημίαν.

1031 1145 1064 1172 Εἰ
1081 1144 1135 1179 γὰρ
1152 1153 1161 1169 1
1173 1143 1187 1169 ὁ
1204 1144 1300 1178 Λόγος,
1318 1144 1395 1178 φασὶ,
1413 1143 1480 1177 σὰρξ
1495 1141 1615 1176 ἐγένετο,
1631 1141 1678 1168 καὶ
1698 1142 1820 1176 ἐσκήνω-

1031 1198 1076 1216 σεν
1096 1190 1125 1215 ὲν
1148 1189 1249 1224 ἡμῖν,ι
1279 1188 1327 1214 καὶ
1356 1187 1498 1222 ἄνθρωπος
1527 1186 1694 1221 ἐχρημάτισε
1724 1185 1820 1213 «κατά

1031 1235 1146 1264 πάντα.)
1167 1234 1237 1268 πλὴν
1250 1233 1300 1268 τῆς
1316 1233 1453 1267 ἁμαρτίας
1465 1241 1472 1248 ⁸
1489 1233 1548 1258 κατ’
1571 1233 1660 1258 ὲκεῖνο
1678 1232 1708 1258 τὸ
1733 1232 1819 1266 ἱερὸν,

1030 1281 1077 1307 καὶ
1101 1280 1294 1315 ἀναμάρτητον
1309 1278 1432 1314 ἄγαλμα,
1454 1277 1522 1304 ἀλλὰ
1545 1278 1591 1304 καὶ
1614 1276 1704 1311 πάσης
1727 1277 1820 1312 ἀμαρ-

1030 1325 1090 1356 τίας
1103 1324 1306 1360 καθαιρετικὸν,
1323 1324 1370 1350 καὶ
1386 1323 1431 1349 τὸν
1454 1322 1666 1358 πρωτόπλαστον
1683 1322 1768 1357 Ἀδὰμ
1788 1322 1819 1347 δὲ

1030 1365 1266 1405 δημιουργηθῆναι
1291 1369 1337 1396 καὶ
1362 1370 1482 1404 φρονεῖν,
1505 1369 1552 1395 καὶ
1566 1368 1656 1402 λέγειν
1679 1367 1767 1404 ὀρθῶς
1783 1367 1820 1394 ἂν

1031 1417 1106 1443 οὐδὲν
1117 1415 1304 1443 ἁποκωλύσειε
1320 1415 1409 1450 λόγος.

1066 1551 1122 1577 Καὶ
1137 1549 1208 1585 ἔχεις
1221 1549 1322 1585 τρόπον
1338 1548 1429 1581 ἄλλον,
1441 1547 1478 1578 ὡς
1494 1548 1523 1574 ὲν
1538 1547 1688 1582 πορξσματι
1704 1546 1748 1573 διὰ
1766 1546 1822 1580 τῆς

1030 1599 1158 1633 τοιαύτης
1170 1597 1290 1632 θεωρίας
1303 1596 1515 1631 προερχόμενον,
1532 1595 1578 1621 καὶ
1590 1595 1639 1628 τὴν
1650 1595 1754 1626 εἰκόνα,
1770 1595 1822 1621 καὶ

1029 1643 1060 1670 τὸ
1078 1642 1265 1679 πρωτότυπον,
1282 1642 1328 1668 καὶ
1344 1641 1403 1668 καθ’
1419 1641 1453 1675 ἣν
1468 1640 1560 1666 εἰκόνα
1575 1641 1588 1665 6
1603 1639 1689 1674 Ἀδὰμ
1706 1641 1746 1670 εις
1770 1640 1823 1665 ἁν-

1031 1689 1140 1726 θρώπου
1154 1689 1236 1723 φύσιν
1251 1687 1437 1724 διεμορφώθη.
1456 1686 1512 1713 Καὶ
1523 1686 1575 1721 γὰρ
1589 1686 1605 1720 ἡ
1621 1684 1702 1711 εἰκὼν
1726 1686 1822 1720 ἀπαρ-

1031 1735 1173 1766 άλλακτος,
1194 1734 1241 1760 καὶ
1264 1732 1390 1767 συμφυὴς
1413 1733 1427 1758 ὁ
1442 1731 1506 1762 Υἱὸς
1531 1731 1672 1765 ὑπάρχων,
1696 1729 1823 1763 γεγονὼς

1030 1781 1059 1807 δὲ
1074 1777 1217 1815 impurato;
1235 1778 1297 1805 καθ’
1318 1779 1401 1813 ἡμᾶς,
1418 1777 1465 1804 καὶ
1480 1777 1520 1808 εις
1537 1776 1592 1810 (98)
1615 1775 1679 1810 μίαν
1700 1775 1824 1801 ὑπόστα-

1032 1835 1074 1853 σιν
1098 1825 1137 1861 τῷ
1162 1824 1355 1860 προσλήμματι
1379 1822 1523 1855 συνελθὼν,
1550 1822 1679 1856 ὁμότιμον
1703 1820 1749 1846 τὸν
1775 1821 1825 1846 ἆν-

1031 1872 1139 1908 θρωπον
1156 1871 1255 1903 ἔδειξεν
1274 1869 1373 1904 ὲαυτῷ·
1389 1869 1451 1896 καθ’
1475 1869 1508 1904 ἢν
1533 1868 1651 1903 μορφὴν,
1672 1867 1721 1893 καὶ
1746 1866 1824 1894 ἰδέαν

1031 1918 1081 1952 τῆς
1107 1917 1240 1952 σωτηρίου
1267 1916 1370 1951 ταύτης
1390 1914 1554 1950 σαρκώσεως
1579 1915 1595 1947 ἡ
1619 1914 1653 1939 τὰ
1676 1913 1826 1948 μέλλοντος

1031 1963 1081 1998 ἤδη
1096 1962 1242 1997 καθορῶσά
1261 1970 1302 1992 τε.
1323 1961 1370 1988 καὶ
1386 1959 1565 1994 οἰκονομοῦσα
1580 1958 1647 1985 Θεοῦ
1675 1958 1758 1992 σοφία
1777 1959 1826 1985 τὸν

1032 2008 1152 2044 ἀρχηγὸν
1165 2007 1213 2034 τοῦ
1229 2007 1326 2041 γένους
1343 2007 1421 2042 ήμῶν
1438 2005 1530 2041 χερσὶν
1545 2004 1689 2040 ἀκράντοις
1713 2004 1826 2039 21.31811-

1033 2055 1220 2090 μιουργικοῖς,
1251 2053 1388 2088 ὑπερϐολῇ
1424 2052 1629 2087 φιλανθρωπίας
1661 2051 1826 2087 ὑπηγάγετο

1032 2101 1131 2128 πλάττε
1136 2100 1198 2127 σθαι

228 2191 316 2222 Atque
342 2188 398 2215 haec
422 2187 549 2218 maxima,
580 2190 609 2213 ut
631 2185 751 2212 arbitror
768 2205 774 2217 ,
792 2184 981 2220 perspicuitate

1072 2189 1155 2215 Ἀλλὰ
1172 2188 1256 2216 ταῦτα
1272 2188 1321 2223 μὲν
1337 2188 1407 2214 κατὰ
1422 2187 1452 2214 τὸ
1468 2187 1647 2221 σαφέσῖατον,
1665 2184 1758 2221 οἶμαι,
1773 2188 1826 2213 καὶ

193 2239 220 2261 et
237 2234 377 2268 diligentia
400 2233 540 2260 enucleata
563 2235 638 2259 sunt.
665 2230 810 2258 Enimvero
825 2231 981 2266 Anthropo-

194 2280 392 2314 morphitarum
417 2279 541 2305 delirium
561 2281 620 2305 esto
641 2277 667 2303 in
684 2284 778 2304 eorum
796 2276 917 2303 anintttm
939 2277 979 2304 in-

193 2326 323 2357 ductum,
348 2324 395 2360 qui
424 2323 509 2350 Deum
551 2323 648 2357 quavis
674 2323 776 2357 ﬁgura,
807 2323 981 2350 circumscri-

194 2372 296 2406 ptione,
323 2376 350 2398 et
377 2369 619 2404 comprehensione
644 2373 781 2396 carentem
803 2369 836 2395 ad
862 2369 980 2396 bontinis

195 2418 309 2444 formam
335 2421 416 2451 atque
438 2416 553 2449 ﬁguram
581 2415 792 2450 pertrahendam
814 2414 979 2442 insanientes

195 2467 335 2499 putarunt.
356 2462 412 2490 lino
429 2470 518 2497 neque
531 2463 594 2494 hoc,
610 2462 681 2496 quod
698 2460 775 2487 facile
790 2460 939 2491 intellectu,
954 2464 981 2487 et

193 2510 310 2543 cuipiam
317 2508 484 2542 obvium_est,
493 2512 584 2535 mente
592 2507 729 2542 percipere
739 2506 884 2533 voluerunt
892 2514 899 2539 ;
908 2505 981 2541 quod

1034 2235 1074 2262 δι’
1091 2235 1247 2270 εὐκρινείας
1269 2233 1448 2269 τεθεώρηται.
1473 2234 1504 2260 ’0
1519 2233 1574 2268 γὰρ
1593 2233 1648 2259 τῶν
1662 2233 1826 2266 Ἀνθρωπο-

1036 2282 1174 2317 μορφιτών
1197 2281 1279 2316 λῆρος
1295 2281 1334 2311 εἱς
1347 2279 1458 2306 ἐκείνων
1481 2279 1537 2314 (99)
1557 2278 1720 2314 ἀπερῤίφθω
1735 2287 1826 2312 κεφα-

1034 2328 1093 2361 λὰς,
1116 2328 1141 2354 οἳ
1157 2327 1224 2362 πρὸς
1246 2327 1295 2361 τὴν
1313 2325 1458 2361 ἀνθρώπου
1475 2325 1582 2361 μορφὴν
1604 2325 1649 2350 καὶ
1665 2324 1695 2350 τὸ
1717 2325 1825 2359 σχῆμα,

1034 2373 1079 2400 τὸν
1094 2372 1297 2408 ἀσχημάτιστόν
1309 2381 1350 2403 τε,
1367 2373 1413 2398 καὶ
1427 2372 1630 2406 ἀπερώριστον,
1649 2371 1696 2397 καὶ
1716 2371 1827 2397 ἀκατά-

1034 2416 1135 2451 ληπτον
1164 2415 1393 2450 συγκαθέλκουσιν
1427 2415 1615 2450 ὲκμεμηνότες
1640 2414 1718 2440 Θεόν.
1754 2414 1827 2441 Οὐδὲ

1033 2463 1111 2490 τοῦτο
1129 2464 1193 2498 ῥᾷον
1204 2463 1244 2494 ὂν,
1261 2463 1307 2490 καὶ
1324 2462 1467 2498 πρόχειρον
1486 2461 1622 2497 ἠθέλησαν
1637 2461 1683 2487 ἐπὶ
1699 2460 1761 2486 νοῦν
1778 2461 1829 2487 λα-

1035 2507 1103 2540 ϐεῖν,
1118 2508 1155 2539 ὡς
1171 2508 1195 2533 εἰ
1210 2508 1240 2534 τὶ
1254 2507 1331 2534 Θεῖον
1357 2507 1387 2539 ἐξ
1402 2506 1500 2539 ἀϊδίου,
1526 2507 1573 2533 καὶ
1586 2506 1647 2541 οὐχ).
1663 2505 1735 2540 λόγῳ
1758 2514 1828 2540 συγ-

229 2579 239 2594 ⁸
253 2577 335 2606 Hebr.
353 2585 373 2609 ι,
387 2576 414 2603 ὅ.
453 2575 554 2602 ’Joan.
571 2583 590 2607 ι,
604 2575 646 2602 Η.
682 2576 692 2590 ⁸
708 2573 788 2602 Hebr.
808 2582 837 2607 ιι,
855 2574 898 2601 17.
934 2575 944 2590 ³
959 2574 1040 2603 Hebr.
1053 2584 1089 2608 tv,
1101 2575 1145 2603 l5.
1177 2575 1187 2591 '
1203 2575 1320 2611 Philipp.
1336 2562 1365 2608 ll,
1386 2575 1411 2602 7.

948 2646 1064 2675 ΝΟΤιΕ.

225 2703 282 2746 ea
304 2700 710 2746 δερ-χιιιΞῆΧίάεέῆιξξςιν
725 2709 781 2746 ,πει
794 2701 908 2742 me“
926 2701 985 2746 ιξεεε

193 2736 292 2766 de'SS.
309 2737 414 2770 dicens,
428 2743 479 2763 suo
495 2743 543 2770 per
563 2736 705 2763 cuniculos
722 2737 808 2763 errori
832 2737 903 2763 viam
918 2741 984 2763 ster-

195 2778 251 2805 nat,
279 2781 313 2800 ac
333 2777 406 2806 putet
420 2778 463 2802 ea,
488 2779 548 2805 quae
572 2771 598 2797 in
619 2770 744 2798 adductis
757 2770 904 2805 Scriptum
917 2771 983 2799 locis

194 2808 290 2837 litteris
321 2807 391 2834 Filio
420 2806 588 2839 tribuuntur,
607 2806 742 2840 usurpari
776 2813 856 2840 posse
883 2806 916 2834 de
930 2806 980 2834 SS.

195 2844 258 2879 quia
271 2843 313 2871 hic
329 2849 439 2878 quoque
456 2846 560 2869 tantum
576 2849 589 2867 ιι
606 2839 830 2876 Patre’ptocedat

1071 2703 1126 2738 (96)
1143 2704 1199 2738 Τῆς
1210 2703 1262 2731 huc
1276 2708 1375 2730 temere
1398 2702 1533 2738 insertum
1558 2702 1728 2730 evellendum
1744 2703 1827 2730 duxi.

1071 2737 1126 2772 (97)
1144 2737 1189 2766 Sic
1203 2739 1290 2773 placet
1304 2746 1352 2772 pro
1363 2739 1411 2764 σὺν
1426 2737 1614 2771 ἀναφαίνεται.

1070 2773 1125 2807 (98)
1142 2772 1215 2801 lianc
1230 2774 1359 2808 πρόθεσιν
1375 2780 1455 2799 sensu
1468 2775 1596 2808 ductante
1611 2772 1719 2800 rcﬁnxi.

1068 2808 1123 2843 (99)
1139 2808 1177 2836 ita
1194 2815 1256 2836 reor
1273 2815 1320 2842 pro
1335 2807 1446 2834 εἰκόνων
1457 2807 1644 2835 scribendum.
