1878 3057
61 167 101 200 ΞθῙ

534 164 584 194 ΑΒ
601 161 898 193 AMPHILOCHIUM
916 161 1090 198 QUESTIO
1107 161 1239 192 XXXVI.

1613 159 1667 191 262

60 222 226 253 καταϐάσεως,
251 215 298 248 καί
310 219 514 255 φιλανθρωπίας
536 219 586 254 τὴν
609 219 657 245 τοῦ
676 218 820 253 ἀνθρώπου

910 218 986 251 licet,
1001 218 1024 245 si
1035 217 1106 245 Deus
1120 217 1268 245 humanam
1278 215 1394 244 formam
1407 216 1441 244 ab
1451 220 1563 246 :eterno.
1571 219 1599 244 et
1613 224 1667 253 ηομ

59 267 220 303 διεμορφοῦτο
241 267 356 303 μορφὴν,
379 268 421 298 είς
435 266 523 302 μάτην
547 266 580 293 ἃν
601 267 724 300 ἐγεγόνει
747 266 763 299 ἠ
780 265 825 291 ἐπ’

59 313 162 348 ἐσχάτων
189 313 241 339 τῶν
266 313 370 347 χρόνων
391 312 436 339 διὰ
460 312 509 339 τοῦ
527 311 592 338 Υἱοῦ
617 311 664 338 τοῦ
690 311 825 346 ἡμετέρου

60 359 201 394 φυράματος
215 358 378 394 πρόσληψις.

87 425 144 451 Οὐδὲ
157 424 186 451 τδ
198 425 274 451 Θεῖον
300 425 455 461 καθαρεῦον
478 426 520 461 εἴη
533 425 566 458 (ὣ
583 424 680 459 φρενὸς
702 431 826 458 παραχο-

59 468 193 503 πτιύσηςῐ)
206 470 241 495 τὰ
269 470 370 504 ἔσχατα
395 471 464 497 κατὰ
482 470 512 496 τὸ
538 471 623 506 ἄρρεν
652 478 681 496 τε
696 470 744 496 καὶ
757 469 826 504 θῆλυ

60 515 89 550 μὴ
100 515 303 543 διαστέλλεσθαι.
319 517 374 542 Καὶ
398 516 453 550 γὰρ
477 517 508 542 ab
525 516 597 551 ἱερὸν
616 515 826 551 ἀποφηνάμενον

59 563 147 594 Λόγιον⁸
171 562 254 588 «Κατ’
268 562 360 589 είκόνα
386 562 455 589 Θεοῦ
483 562 612 598 ἐποίησεν
634 561 758 593 αὐτούς’)
782 561 828 588 εὐ-

59 607 98 639 θὺς
116 608 257 642 ἐπήγαγεν·
276 609 395 644 ι’Δρσεν
410 609 457 636 καὶ
471 609 537 645 θῆλυ
555 608 683 643 ἐποίησεν
697 607 823 640 αὐτούς’»

59 653 88 684 ὡς
104 655 147 688 τῆς
161 654 262 686 εἰκόνος
282 655 490 691 ὲπιπρεπούσης
507 655 567 690 οὐχὶ
586 656 659 690 μόνῳ
673 654 712 689 τῷ
725 654 824 689 ’Δδὰμ,

59 700 104 725 ἀλλ’
117 700 248 735 όμοτίμως
262 701 310 727 καὶ
323 703 355 736 τῇ
378 701 434 738 Εῠᾳ
448 701 706 737 προσαρμοζούσης,
721 700 770 728 καὶ
792 701 826 727 δι’

60 745 132 771 αὐτῶν
143 746 219 772 παντὶ
233 746 274 781 τῷ
287 747 449 782 ἀνθρωπίνῳ
462 748 548 781 γένει.
571 747 602 774 Εἰ
616 747 671 783 γὰρ
688 747 759 773 κατὰ
773 755 827 773 σω-

60 791 159 827 ματικὴν
179 792 358 826 ἐπιφάνειαν,
386 793 433 820 καὶ
460 793 567 828 μορφὴν
593 793 607 819 ὁ
623 793 766 828 ἄνθρωπος
788 793 827 819 δι-

59 835 173 871 επλάσθη,
188 837 234 863 τοῦ
251 837 320 864 Θεοῦ
344 839 378 865 τά
404 847 435 864 τε
460 839 593 874 εἰρημένα
614 838 773 865 συνασεϐεἶν
793 839 826 873 τῇ

59 882 166 916 ἁπαρχῆς
183 882 351 918 δυσσεϐούσῃ
368 883 457 918 πλάνῃ
479 883 638 915 συνέπεται,
655 882 703 909 καὶ
722 882 827 918 ἅνθρω-
842 899 863 927 Β

59 927 162 959 ποπαθὲς
182 928 230 964 τὴν
256 928 420 964 ἀνύϐριστον
447 928 599 963 ἐξυϐρίζειν
625 928 746 963 Θεότητα
761 936 769 944 '
795 928 827 954 τὸ

58 973 101 1008 γὰρ
118 974 344 1011 ἀνθρωπόμορφον
368 976 422 1002 οὐδ’
442 976 604 1012 ἀπαλλαγήν
629 975 712 1002 ποθεν
731 974 826 1002 παθῶν

58 1018 213 1054 ἀνθρωπίνων
231 1021 423 1057 ἐκληρώσατο.

85 1128 208 1155 Τοιούτων
227 1129 258 1156 δὲ
281 1129 329 1157 καὶ
344 1130 379 1157 τὰ
392 1130 441 1165 τῆς
461 1131 567 1167 πλάνης
584 1131 745 1167 σεϐάσματα
757 1139 765 1147 ⁶
779 1131 826 1158 καὶ

58 1173 120 1200 οὐδὲν
138 1175 337 1210 πεπυρῤίκασιν
355 1176 393 1211 (1)
418 1177 544 1213 είδωλικῇ
570 1178 764 1213 δεισιδαιμονίᾳ
776 1177 826 1213 τὴν

58 1219 185 1256 θεοπρεπῆ,
212 1222 261 1247 καὶ
287 1220 433 1256 σεϐάσμιον
453 1222 530 1257 ἡμῶν
555 1222 692 1256 θεολογίαν
713 1230 826 1250 συνανα-

58 1264 185 1299 φύροντες,
214 1268 262 1293 καὶ
293 1268 334 1299 είς
363 1267 442 1295 τοῦτο
467 1269 595 1303 συνάγειν
625 1269 824 1304 ἐκϐιαζόμενοι.

58 1309 148 1336 Πολλῶν
166 1311 211 1344 δὲ,
237 1313 286 1338 καὶ
309 1312 397 1339 ἄλλων
422 1313 586 1349 δυσφημιῶν
616 1313 824 1349 παρεπομένων,

57 1355 127 1381 ταῦτα
147 1357 243 1391 μᾶλλον
260 1358 425 1393 προκύπτει,
448 1360 495 1386 καὶ
515 1359 566 1394 τὴν
586 1359 739 1395 παράνοιαν
757 1359 826 1394 λαμ-

59 1402 120 1436 πρῶς
129 1403 272 1439 ἀπελέγχει
286 1405 340 1431 τῶν
350 1406 389 1437 είς
399 1405 500 1441 ταύτην
509 1405 558 1441 τὴν
569 1405 703 1441 ὑπόληψιν
713 1406 826 1438 ἑαυτοὺς

57 1448 140 1480 ἀθλίως
155 1451 406 1486 ὲναπορῥιψάντων.

85 1516 267 1551 Παραπλησίου
294 1518 323 1545 δὲ
349 1519 502 1554 παρανοίας
528 1519 639 1555 ἐλεγχος
664 1519 698 1547 ἂν
718 1520 762 1556 εἴη
779 1520 826 1547 καὶ

57 1559 100 1585 τῶν
111 1561 286 1590 πολυπλάνων
296 1563 432 1591 Ἰουδαίων
446 1565 460 1591 ό
471 1564 566 1600 μῦθος,
578 1565 608 1597 ὃς
619 1565 682 1592 Υίὺν
692 1566 723 1592 οὐ
736 1574 826 1601 παρα-
840 1572 862 1601 α

56 1604 182 1641 δεχόμενος
206 1609 353 1643 ὁμοούσιον
367 1610 406 1645 τῷ
419 1611 523 1646 Πατρὶ,
543 1611 603 1637 οὐδὲ
627 1610 666 1646 τῷ
683 1611 825 1646 Πνεῦματι

58 1653 226 1689 συνομολογεῖν
242 1655 345 1682 ἐθέλων
358 1656 388 1683 τὺ
399 1657 468 1684 κατὰ
486 1656 567 1691 φύσιν
581 1657 689 1692 ἀξίωμα
700 1658 750 1693 τῆς
759 1657 825 1683 Θεό-

58 1705 132 1732 τητθς,
142 1700 183 1727 διὰ
204 1702 254 1736 μὲν
268 1703 415 1738 ἀσωμάτου
436 1704 578 1739 δυνάμεως
592 1703 661 1739 πρὸς
682 1704 731 1739 τὴν
751 1703 826 1731 θείαν

59 1744 124 1777 φύσιν
136 1746 246 1781 ἀνάγειν
270 1748 322 1775 οὐκ
341 1749 499 1776 αἰσθάνεται
513 1749 692 1785 βιαζόμενος·
722 1749 753 1776 τὸ
771 1749 826 1785 γὰρ

60 1791 375 1829 αατέίκόναήμετέρανι
386 1795 432 1822 τὸν
443 1795 509 1821 Θεὸν
524 1795 592 1830 πρὸς
600 1795 649 1827 τὰς
663 1795 827 1829 ἀσωμάτους

58 1835 132 1868 τάξεις
144 1838 191 1865 οὐκ
206 1839 289 1875 ἔσχεν
305 1840 393 1867 εἰπεῖν
411 1840 540 1876 οὐδεμίαν
555 1840 632 1868 αίδώ.
654 1841 753 1868 Εἰκόνα
770 1841 826 1876 γὰρ

57 1880 128 1924 διδεξδς
151 1885 224 1918 μίαν,
247 1886 298 1912 καὶ
311 1885 362 1921 τὴν
374 1886 460 1920 αὐτὴν
474 1886 541 1913 Θεόν
556 1895 596 1920 τε,
621 1887 733 1913 καὶτῶν
750 1887 824 1913 ἀσω-

59 1928 134 1960 μάτων
158 1931 312 1966 δυνάμεων,
337 1932 377 1963 είς
401 1932 499 1959 ταυτὸν
522 1933 654 1967 ἐκατέρου
675 1933 725 1967 τὴν
743 1933 825 1967 φύσιν

58 1975 160 2010 συνάγει,
177 1978 351 2013 Δημιουργοῦ
370 1986 399 2004 τε
409 1999 415 2011 ,
435 1979 483 2007 καὶ
494 1978 737 2014 δημιουργήματος
753 1978 826 2005 ἅπαν

57 2018 147 2052 ἀφελὼν
159 2024 188 2048 τὸ
208 2024 350 2060 διάφορον.
367 2021 417 2051 Ὧν
436 2024 491 2060 γὰρ
513 2025 529 2060 ἡ
547 2025 629 2051 εἰκὼν
644 2025 660 2060 ἡ
675 2024 755 2060 αὑτὴ,
778 2023 826 2050 καὶ

57 2065 257 2104 ἀπαράλλακτος,
283 2071 386 2097 τούτων
405 2071 422 2106 ἡ
440 2071 521 2105 φύσις
538 2070 687 2106 ἑτερότητα
709 2069 829 2105 παραδέ-

57 2112 134 2144 χεσθαι
146 2114 255 2143 δύναται
268 2126 274 2148 ;

877 264 985 291 ratione
995 263 1145 291 descensus
1167 263 1200 290 de
1221 262 1298 290 cmlis
1317 267 1343 289 et
1353 262 1458 289 ratione
1474 260 1668 288 misericordia;

876 317 940 343 erga
967 309 1105 341 homines,
1135 308 1326 340 habuisset,in
1352 316 1451 335 vanum
1474 307 1560 334 Filius
1576 306 1603 334 in
1618 314 1668 333 no-

876 354 995 382 vissimis
1018 354 1187 389 temporibus
1202 362 1302 390 corpus
1319 358 1441 381 nostrum
1462 352 1666 386 assumpsisset.

909 419 968 446 lmo
997 427 1083 454 neque
1115 419 1186 447 Deus
1206 420 1274 446 adeo
1293 426 1378 453 purus
1404 423 1476 446 esset
1503 418 1535 452 (ο
1549 421 1668 443 mentem

877 464 1057 492 delia-antem!
1073 465 1092 495 ),
1110 470 1140 492 ut
1156 466 1289 500 genitales
1307 465 1334 491 in
1353 471 1386 492 eo
1400 469 1491 498 partes
1515 462 1667 490 secundum

877 511 1047 537 masculeum
1068 510 1283 545 fteutineumque
1297 517 1392 536 sexum
1406 507 1670 541 noudistingueren-
1726 543 1731 549 I

878 561 933 583 tur.
952 556 1003 584 Ubi
1022 557 1095 583 enim
1110 564 1187 583 saera
1201 555 1315 590 Eloquia
1334 555 1462 589 inquiunt
1484 562 1491 580 :
1516 561 1525 578 ι
1541 552 1581 579 Ad
1599 552 1670 579 ima—

877 603 967 637 ginem
988 603 1034 630 Dei
1048 603 1150 630 creavit
1165 602 1259 635 illum;
1272 611 1281 628 ι
1294 601 1419 637 protinus
1432 600 1571 629 subdunt:
1588 608 1597 624 ι
1612 606 1671 625 ma-

877 649 984 676 sculum
1012 654 1041 676 et
1060 649 1188 677 feminam
1210 649 1314 677 creavit
1332 649 1393 676 illos
1405 647 1432 680 ’ς
1450 656 1459 673 ›
1478 651 1572 681 utpote
1597 645 1671 680 quod

877 693 967 728 imago
977 701 1031 721 non
1044 694 1133 722 solum
1142 694 1228 721 Adam
1244 694 1397 725 decoraret,
1409 693 1456 720 sed
1473 693 1536 719 Evm
1548 698 1669 726 quoque.

877 745 909 764 ac
926 745 974 772 per
995 745 1043 766 eos
1068 739 1196 766 universo
1221 738 1364 766 hominum
1383 737 1475 773 generi
1489 737 1546 771 pari
1568 736 1671 763 honore

877 788 1048 818 congrueret.
1066 782 1095 810 Si
1109 784 1182 811 enim
1204 785 1285 811 homo
1300 783 1334 810 ad
1352 790 1512 817 corpoream
1540 781 1586 809 Dei
1608 789 1670 816 spe-

877 829 945 856 ciem
957 834 984 856 et
994 829 1111 857 formam
1126 829 1251 857 conditus
1277 830 1392 862 fuisset;
1411 829 1494 863 impio
1515 828 1567 855 hoc
1579 834 1671 854 errore

878 876 1032 911 praemisso,
1054 881 1236 912 sequerentur
1254 884 1309 904 non
1331 876 1412 903 modo
1431 875 1483 902 illa:
1507 875 1669 908 impietates,

877 924 938 958 quae
954 923 987 950 de
1004 923 1059 950 Deo
1084 923 1164 950 dictae
1186 927 1260 954 sunt,
1274 922 1320 949 sed
1346 922 1427 949 etiam
1446 921 1519 956 quod
1543 920 1669 947 humanis

876 968 1129 1003 perturbationibus
1146 968 1301 995 veneranda
1315 967 1446 993 divi-nitas
1459 967 1668 1000 deturparetur;

877 1015 902 1043 id
918 1016 1003 1048 enim,
1021 1015 1093 1050 quod
1108 1014 1224 1042 formam
1240 1015 1388 1041 humanam
1403 1013 1493 1045 habet,
1503 1012 1577 1039 nullo
1590 1015 1669 1047 pacto

876 1062 1006 1090 humanis
1020 1061 1273 1097 perturbationibus
1289 1067 1383 1088 carere
1406 1064 1507 1094 potest.

909 1128 1250 1163 Anthropomorphitarum
1273 1133 1363 1155 autem
1381 1134 1502 1155 errorem
1517 1130 1544 1153 ct
1557 1126 1609 1153 ista
1624 1126 1671 1153 ab-

878 1176 962 1203 surda
978 1179 1150 1210 sequuntur;
1165 1181 1197 1201 ac
1210 1173 1248 1200 illi
1271 1181 1333 1200 cum
1355 1173 1464 1200 ethnira
1478 1172 1672 1209 superstitione

879 1226 1002 1248 nostram
1034 1221 1091 1248 Deo
1108 1221 1218 1255 dignam
1242 1219 1481 1253 venerantiumque
1506 1218 1671 1252 theologiam

877 1267 1065 1300 commiscere,
1081 1271 1108 1294 et
1122 1266 1227 1298 conari,
1242 1271 1271 1293 ut
1289 1265 1323 1293 ad
1343 1265 1414 1293 idem
1429 1265 1598 1300 redigantur,
1616 1271 1672 1291 non

877 1313 1058 1341 er‘ubuerunt.
1071 1312 1139 1340 Cum
1165 1316 1255 1340 autem
1268 1312 1339 1344 alias,
1357 1316 1439 1347 atque
1462 1311 1523 1338 alia;
1546 1311 1672 1338 absurdi-

878 1363 948 1392 tates
972 1359 1036 1391 sint,
1053 1366 1114 1393 qua;
1136 1358 1197 1385 inde
1217 1362 1382 1393 sequuntur,
1402 1358 1444 1385 har.
1466 1360 1554 1392 magis
1581 1364 1672 1385 erum-

878 1406 956 1437 punt,
971 1406 998 1430 et
1021 1402 1156 1430 insaniam
1177 1409 1282 1435 eorum,
1299 1402 1345 1436 qui
1369 1402 1395 1428 in
1416 1403 1495 1429 istam
1516 1402 1689 1436 opinionem‘

877 1448 976 1476 misere
993 1455 1053 1476 sese
1068 1448 1242 1483 proiecerunt
1252 1467 1260 1481 ,
1274 1447 1426 1475 luculenter
1437 1447 1575 1475 evincunt.

913 1517 993 1545 Paris
1005 1521 1095 1544 autem
1110 1517 1255 1545 dementiae
1269 1517 1396 1552 redargui
1412 1524 1506 1552 posset
1521 1517 1588 1544 illud
1602 1524 1671 1552 quo-

878 1572 932 1599 que
949 1563 1107 1592 Judaaorum
1122 1563 1264 1592 erroribus
1289 1565 1452 1592 scatentium
1475 1567 1671 1596 commentum,

879 1611 1013 1647 qui,dnm
1036 1610 1135 1638 Filium
1151 1618 1205 1638 non
1233 1610 1379 1637 admittunt
1409 1611 1671 1638 consubstantialem

878 1656 962 1689 Patri,
976 1656 1095 1691 dumque
1104 1656 1201 1683 nolunt
1212 1655 1326 1691 Spiritui
1342 1660 1437 1684 sancto
1447 1656 1545 1683 divinae
1568 1661 1672 1683 naturae

879 1703 1037 1738 dignitatem
1066 1703 1195 1735 tribuere,
1221 1703 1323 1730 interea
1352 1701 1440 1735 Filio,
1457 1707 1482 1730 et
1499 1702 1612 1736 Spiritui
1630 1703 1672 1730 in-

880 1748 1250 1784 corpoream(creatricem)
1275 1749 1423 1783 potentiam
1442 1748 1593 1776 tribuentes
1615 1756 1671 1776 non

880 1795 1111 1829 animadvertunt,
1131 1796 1205 1830 quod
1219 1799 1354 1831 cogantur
1371 1803 1418 1823 cos
1441 1795 1474 1822 ad
1489 1795 1610 1822 divinam
1623 1803 1671 1823 na-

882 1846 970 1868 turam
985 1842 1100 1869 evehere
1113 1850 1120 1868 :
1135 1842 1158 1869 si
1173 1841 1235 1876 quis
1246 1841 1319 1868 enim
1346 1846 1451 1868 asserat
1465 1840 1550 1868 Deum
1567 1841 1671 1869 dixisse

879 1887 912 1914 ad
923 1886 1057 1921 angelicas
1070 1886 1179 1914 ordines
1196 1895 1204 1913 :
1225 1895 1233 1911 ι
1248 1885 1391 1913 Faciamus
1405 1886 1542 1912 hominem
1552 1886 1585 1913 ad
1600 1886 1671 1913 ima-

880 1933 969 1966 ginem
988 1937 1121 1963 nostram,
1142 1941 1151 1958 ›
1170 1932 1193 1959 is
1207 1932 1302 1967 pudori
1324 1932 1450 1959 nuntium
1475 1932 1591 1959 remisit.
1617 1931 1670 1965 Qui

879 1978 952 2005 enim
976 1985 1057 2006 unam
1075 1978 1131 2010 Dei,
1145 1978 1337 2013 etangelorum
1351 1978 1476 2006 concedit
1492 1986 1553 2006 esse
1573 1978 1671 2013 imagi—

881 2031 953 2055 nem,
991 2024 1131 2058 ipsamque
1147 2031 1208 2051 esse
1225 2023 1320 2056 Deum,
1347 2028 1375 2050 et
1389 2024 1528 2058 praeditam
1547 2023 1671 2058 incorpo-

881 2069 936 2096 rcis
952 2069 1136 2102 facultatibus,
1150 2069 1173 2097 is
1189 2068 1222 2096 ad
1239 2069 1309 2096 idem
1332 2069 1435 2096 reducit
1450 2069 1506 2101 Dei,
1518 2074 1545 2097 et
1559 2070 1670 2104 angelo-

878 2122 937 2142 rum
949 2120 1091 2148 naturam;
1105 2123 1137 2142 ac
1150 2123 1231 2142 omne
1249 2116 1318 2142 inter
1327 2115 1484 2142 Creatorem
1512 2120 1538 2143 ει
1559 2122 1671 2143 creatu-

57 2165 101 2184 ram
127 2161 506 2196 discrimcntollit.Eaeuim,
525 2171 642 2199 quorum
668 2163 762 2191 eadem
787 2165 829 2189 est
847 2161 938 2197 imago
964 2167 992 2190 et
1022 2162 1210 2195 immutabilis,
1236 2162 1333 2189 horum
1360 2167 1458 2190 natura
1478 2167 1603 2198 potestne
1630 2163 1670 2189 di-

56 2208 191 2237 versitatem
205 2211 352 2245 excipere?

84 2279 154 2306 Ἀλλὰ
173 2281 219 2307 ἐπὶ
233 2281 362 2308 τοσοῦτον
383 2282 432 2317 μὲν
453 2282 500 2309 καὶ
523 2281 620 2314 ταῦτα,
645 2281 692 2307 καὶ
711 2281 724 2308 ό
746 2280 824 2314 λόγος
840 2281 863 2308 D

56 2324 94 2349 οὐκ
114 2325 143 2351 ἂν
163 2327 216 2352 οὐδ’
234 2327 324 2362 ἥψατο
337 2328 451 2355 τούτων.
474 2328 544 2354 Ἀλλ’
557 2328 596 2360 ὡς
611 2327 645 2354 ἂν
665 2327 764 2362 μᾶλλον
790 2328 823 2361 τῇ

57 2370 186 2403 ππραθέσει
200 2372 255 2398 τῶν
276 2373 384 2400 ἀτόπων
398 2374 561 2408 ὑπολήψεων
582 2375 612 2400 τὸ
626 2374 677 2408 τῆς
694 2373 825 2408 ἀληθείας

56 2417 89 2450 εἴη
101 2418 191 2450 καλλος
216 2420 387 2454 ἀναλάμπον,
415 2421 519 2456 ὑπέστη
546 2420 671 2453 διελθεῖν,
689 2420 706 2447 ἃ
732 2419 823 2454 πολλῷ

58 2461 142 2493 βέλτιον
156 2462 189 2500 ἦν
209 2466 277 2501 μηδὲ
296 2467 351 2497 τοῖς
367 2466 494 2502 ἁπαρχῆς
508 2467 576 2502 πρὸς
602 2465 688 2492 ταῦτα
713 2473 824 2492 κατενε-

56 2507 136 2542 χθεῖσι,
153 2512 219 2547 μηδ’
228 2513 258 2540 ἐν
271 2512 374 2548 διανοίᾳ
382 2512 536 2548 βάλλεσθαι.

85 2634 94 2649 ⁷
106 2635 166 2665 Gen.
178 2646 198 2671 ι,
209 2639 255 2666 27.

911 2279 1001 2313 Atque
1020 2278 1076 2304 haec
1089 2276 1207 2304 absurda
1230 2277 1282 2304 huc
1313 2284 1400 2312 usque
1421 2282 1612 2312 pervenerunt,
1641 2284 1668 2304 et

876 2329 965 2351 tamen
980 2323 1024 2349 vix
1034 2329 1119 2357 pauca
1135 2329 1229 2349 eorum
1243 2322 1432 2350 delibavimus.
1450 2322 1502 2349 Sed
1518 2327 1546 2350 ut
1560 2323 1667 2358 inepta-

875 2377 934 2396 rum
973 2368 1144 2403 appositione
1165 2368 1323 2403 opinionum
1349 2368 1523 2403 pulchritudo
1543 2369 1666 2397 veritatis

875 2415 962 2450 magis
978 2414 1120 2450 magisque
1140 2415 1276 2447 eluceret,
1291 2422 1323 2442 ea
1336 2415 1465 2443 duximus
1486 2423 1546 2443 esse
1564 2423 1666 2443 memo-

875 2460 971 2494 randa,
984 2467 1044 2494 quae
1059 2460 1144 2487 multo
1159 2460 1257 2487 melius
1281 2464 1363 2493 esset,
1379 2460 1400 2488 si
1415 2468 1504 2494 neque
1524 2459 1551 2487 in
1573 2468 1617 2488 res
1631 2462 1666 2488 ab

875 2507 953 2534 initio
966 2507 1140 2540 enucleatas,
1156 2514 1245 2541 neque
1267 2507 1294 2534 in
1311 2511 1435 2534 nostrum
1453 2507 1574 2534 animum
1591 2506 1666 2534 insc-

876 2553 1026 2580 ruissemus
1036 2552 1083 2588 (‘2).

790 2699 906 2729 NOTAE.

131 2775 248 2812 §icrlego
261 2784 309 2811 pro
324 2777 500 2812 πευρρίκασι.

83 2809 115 2844 (2)
131 2810 164 2838 De
176 2809 227 2839 hac
234 2809 384 2846 quaestione
391 2809 541 2839 sententias
550 2809 599 2837 SS.
613 2809 722 2836 Patrum
730 2809 818 2846 prima

874 2772 979 2813 api/icio
993 2781 1040 2813 {ex
1052 2773 1164 2813 (ieram,
1188 2773 1236 2813 lib.
1254 2781 1285 2813 ιι,
1305 2774 1403 2813 capia,
1415 2776 1443 2808 5,
1459 2777 1485 2803 4.
1503 2777 1561 2813 Eas
1574 2778 1666 2813 itaque

873 2809 896 2846 si
913 2816 976 2835 cum
991 2808 1133 2846 Photianjs
1147 2808 1279 2846 doctrinis
1299 2808 1437 2846 conferas,
1464 2812 1528 2846 quid
1553 2808 1663 2840 landzin-

57 2841 129 2883 [ro'n'te
153 2841 298 2880 discordes,
326 2848 372 2875 sed
402 2845 602 2883 faciljrnegotio
622 2841 817 2883 _eonci_liandas
871 2842 948 2883 dum,
962 2843 1081 2878 quidque
1105 2844 1317 2879 improbandum
1337 2845 1384 2878 sit,
1406 2841 1527 2882 ipse'per
1546 2852 1572 2875 te
1590 2848 1661 2883 judi-

56 2875 102 2906 fuse
114 2887 183 2909 more
197 2889 249 2909 suo
260 2875 432 2918 persequitur
460 2875 605 2917 Dionisius
622 2880 758 2913 Petavius,
781 2881 816 2907 De
871 2878 956 2906 cnhis.
