1878 3057
60 159 113 192 265

487 161 537 190 AD
554 160 854 191 AMPHILOCHIUM
871 158 1045 195 QUESTIO
1066 158 1233 189 XXXVIII.

1638 151 1693 182 265

58 215 114 242 τῶν
129 214 303 249 Χριστιανῶν
326 214 485 250 μυστηρίων
503 215 612 242 είδῦτων
625 223 631 230 ·
658 216 682 241 εἰ
701 215 854 249 ἀπερίγρα-
867 216 890 244 Α

944 218 969 240 nt
989 212 1130 249 mysteria,
1157 213 1208 240 hoc
1223 211 1335 239 dubium
1363 216 1515 246 proponere
1544 215 1598 236 non
1612 207 1695 235 debe-

57 268 137 291 τεῖος,
158 259 206 286 καὶ
225 259 364 294 πανταχοῦ
386 260 403 294 ὴ
423 259 529 295 θεότης,
547 260 660 295 πότερον
682 261 698 294 ή
718 259 797 295 σὰρξ,
821 259 854 294 ἢν

57 305 193 332 ἀνέλαὸεν
215 306 230 332 ὁ
254 306 330 338 Υἱὸς,
351 306 489 341 πανταχοῦ
510 305 548 340 τῷ
571 306 764 341 προσειληφότι
781 314 853 342 παρ-

57 351 255 386 anserinum,
270 352 314 378 ἵνα
329 351 366 386 μή
381 352 570 387 κεχωρισμένη
583 351 676 387 νοηθῇ,
688 352 705 386 ἢ
720 360 854 387 περιγρα-

57 398 169 432 φομένη
184 398 261 432 τόπῳ
273 398 322 433 τὴν
338 397 491 432 πρόσληψιν
501 397 708 433 ἁπαρνήσεται;
727 397 783 424 Καὶ
799 397 853 432 γὰρ

55 444 149 478 τούτῳ
172 443 204 478 δὴ
219 444 259 478 τῷ
277 443 430 478 νομισθέντι
452 443 612 478 ἀπορήματι
634 442 719 470 πολλὰ
744 443 777 470 ἂν
798 443 852 478 είη,

58 488 167 523 μᾶλλον
183 488 211 514 δὲ
230 490 263 523 τῇ
279 488 401 523 ἀπειρίᾳ,
416 487 620 523 διαμιλλώμενα
633 487 668 514 τὰ
687 487 833 522 ἀθύρματα
845 496 852 504 '

56 534 106 560 καὶ
129 534 176 560 ἵνα
192 534 230 569 μὴ
247 534 311 569 περὶ
322 535 377 560 τῶν
392 534 514 569 φρικτῶν
528 534 559 560 οὐ
579 534 700 569 φρίττειν
720 534 852 569 δόξωμεν,

56 581 105 606 ἐπὶ
119 580 172 614 τῆς
185 580 276 615 ψυχῆς
295 580 406 616 μᾶλλον,
423 581 470 607 καὶ
483 580 529 607 τοῦ
543 579 669 615 σώματος
682 581 696 606 ὸ
710 580 788 614 λόγος
804 579 854 616 τὴν

56 626 218 660 γυμνασίαν
229 625 409 660 ἀναδεχέσθω.

92 712 128 737 Ti
141 711 198 746 γὰρ
215 712 314 739 κωλύει
330 713 421 747 λέγειν
435 714 481 740 τὸν
493 713 668 749 βουλόμενον,
680 715 739 747 πῶς
749 716 853 752 ἥνωται

56 758 96 793 τῷ
112 759 224 793 σώματι
240 760 256 794 ή
271 759 344 794 ψυχὴ
358 760 395 794 μὴ
417 761 679 796 ἐμπεριγραφομένη
692 762 788 797 τόπῳ;
805 760 854 794 οἷς

58 805 114 840 γὰρ
129 805 168 841 μὴ
186 807 455 841 συμπεριγράφεται,
471 807 521 842 τὴν
533 808 629 835 ἕνωσιν
644 809 851 844 ἁπαρνουμένη,

58 851 96 882 ὡς
110 852 129 885 ὴ
145 851 202 877 τῶν
216 852 444 887 παραληρούντων
462 853 588 888 βούλεται
604 854 696 888 σοφία,
714 854 853 889 διελέγχε-

58 905 115 924 ut.
129 897 187 923 Kal.
202 897 261 929 πῶς
275 898 444 933 (ἐγγύτερον,
461 898 508 925 καὶ
527 899 595 934 πρὸς
614 899 742 935 αίσθησιν
758 900 852 935 φάναι)
869 889 889 916 Β

58 943 105 970 τοῦ
120 943 296 978 ἀνθρωπίνου
315 943 576 980 περικεχρωσμένου
590 945 728 981 σώματος,
741 947 794 982 ὅτῳ
810 947 855 973 διὰ

58 989 206 1024 χρώματος
224 989 262 1024 (5)
282 989 353 1023 αὕτη
373 991 528 1025 χρωμάτων
554 991 628 1018 ἐστὶν
662 992 853 1024 ἀνεπίδεκτος·

59 1034 108 1060 καὶ
124 1034 174 1061 τοῦ
193 1035 244 1069 μὲν
267 1036 299 1061 ὲκ
313 1036 454 1071 τεσσάρων
469 1037 565 1071 χυμῶν
580 1038 786 1073 συγχριΘέντος,
803 1040 854 1074 τῆς

59 1081 114 1107 ἀπὸ
125 1081 181 1107 τῶν
196 1081 292 1116 χυμῶν
308 1081 377 1118 αὕτη
401 1083 550 1118 καθαρεύει
574 1083 721 1116 διαθέσεως
734 1092 741 1100 ·
758 1085 805 1112 καὶ
825 1085 856 1112 τὸ

61 1127 112 1162 μὲν
124 1127 266 1162 πλήρωσὶς
279 1137 319 1160 τε,
335 1129 381 1155 καὶ
396 1129 427 1155 οὗ
441 1129 558 1161 κένωσις
571 1130 604 1156 ἐκ
619 1130 744 1165 διαδοχῆς
762 1131 855 1166 κύκλῳ

61 1173 197 1208 προϊοῦσα
216 1176 328 1210 συνιστᾷ
340 1184 346 1190 ·
365 1176 382 1210 ἡ
396 1174 425 1201 δὲ
440 1176 574 1210 κρείττων
589 1176 686 1211 ὁρᾶται
697 1177 751 1203 τῶν
765 1177 854 1204 τοιού-

60 1227 115 1245 των
132 1219 254 1246 στάσεων
268 1228 274 1235 ·
289 1220 337 1247 καὶ
354 1220 438 1255 μυρία
448 1221 534 1253 illa;

95 1345 153 1372 Καὶ
167 1346 304 1373 ἀνάπαλιν
318 1346 339 1372 δ’
353 1347 386 1373 ἄν
398 1355 441 1378 τις
456 1348 502 1374 τὸν
521 1347 607 1382 ,λόγον
621 1350 853 1385 μεταχειρίσαιτο.

68 1392 144 1426 ἐρεῖ
161 1392 227 1427 γὰρ,
251 1389 327 1426 ᾧτινι
353 1393 431 1427 φίλον
459 1394 525 1429 περὶ
549 1395 603 1421 τῶν
633 1395 785 1423 σπουδαίων
817 1397 855 1433 μὴ

62 1435 236 1468 σπουδάζειν,
251 1437 320 1464 ἀλλὰ
343 1439 403 1470 ταῖς
428 1441 600 1473 σοφιστικαῖς
623 1441 854 1476 ὲπισεμνύνεσθαι

61 1483 91 1508 ἐν
107 1483 160 1517 {cup
172 1482 226 1509 τῶν
236 1483 399 1518 ψηφολόγων
426 1486 614 1520 περιεργείαις
626 1495 632 1502 ”
652 1487 683 1514 Εἰ
703 1487 806 1522 ἥνωται
824 1488 855 1515 τὺ

61 1526 110 1553 τοῦ
130 1526 257 1562 σώματος
280 1527 422 1563 σύγκριμα
447 1531 479 1565 τῇ
500 1530 595 1566 λογικῇ
616 1531 702 1567 ψυχῇ,
720 1532 779 1563 πῶς
805 1533 855 1559 οὐκ

904 263 965 287 rent
985 268 991 286 :
1024 264 1115 286 utrum
1145 259 1168 286 si
1189 266 1246 286 non
1271 257 1481 290 circumscripta
1506 254 1553 283 sed
1591 253 1694 288 ubique

904 309 946 332 est
960 305 1058 338 deitas,
1076 313 1140 332 caro
1151 325 1159 337 ,
1171 312 1254 340 quant
1277 303 1426 337 assumpsit
1438 302 1533 332 Filius.
1543 299 1695 328 assumenti

904 351 1048 379 adhaerens
1070 351 1107 378 sit
1122 350 1232 385 ubique,
1250 358 1286 377 ne
1310 354 1435 384 separata
1456 346 1643 382 concipiatur:
1659 352 1694 371 an

904 396 967 424 10co
990 397 1200 431 circumscripta
1224 402 1256 423 se
1281 398 1451 428 assumptam
1472 400 1532 420 esse
1560 390 1695 425 negabit?

905 441 1011 469 Etenim
1027 442 1060 469 ad
1077 442 1159 474 hanc,
1176 448 1258 476 quam
1278 444 1391 467 censent
1406 438 1552 470 diiiicilem,
1566 436 1695 471 quaestio-

904 495 967 514 nem
998 487 1209 518 enueleandam,
1238 486 1330 521 potius
1353 489 1444 512 autent
1474 483 1508 510 ad
1529 482 1695 516 imperitiam

905 534 1073 569 arguendam
1104 533 1189 561 multa
1211 536 1325 568 possent
1342 531 1448 559 ludicra
1471 536 1602 564 responsa
1630 534 1696 562 pro-

904 579 987 607 ferri:
1005 583 1033 606 et
1057 586 1091 606 ne
1112 578 1266 606 veneranda
1291 576 1422 612 mysteria
1438 582 1492 602 non
1512 572 1637 600 venerari
1651 571 1693 597 vi-

904 625 1028 657 deamur,
1045 629 1141 652 nostra
1167 624 1224 651 haec
1248 623 1336 650 oratio
1362 622 1395 649 ad
1414 620 1557 648 hominum
1576 618 1696 645 animam

904 674 931 697 et
941 677 1042 704 corpus
1053 669 1266 704 disputationem
1288 667 1444 695 transferat.

942 715 1014 749 Quid
1032 715 1106 743 enim
1119 720 1201 749 vetat,
1219 715 1241 742 si
1251 715 1344 746 libeat,
1360 714 1452 741 dicere
1465 721 1471 740 :
1486 709 1628 745 Quomodo
1638 710 1699 737 ani-

904 770 959 793 ma.
971 763 1034 789 dum
1046 762 1107 788 loco
1120 747 1173 788 non
1185 760 1431 792 circumscribitur,
1448 758 1555 793 corpori
1570 757 1698 792 copulata

904 809 965 836 est?
977 807 1044 835 Nam
1060 807 1223 842 quibuscum
1233 805 1514 840 circumscriptionem
1524 809 1698 830 communem

904 862 956 882 non
968 853 1051 882 habet
1067 873 1074 885 ,
1094 861 1157 881 cum
1172 853 1205 880 iis
1220 851 1452 887 conjunctionem,
1463 849 1502 877 uti
1518 849 1636 876 vultista
1648 855 1700 874 nu-

904 899 1025 934 gantium
1039 898 1182 933 sapientia,
1195 905 1249 925 non
1265 897 1407 924 admittere
1421 894 1569 923 evincitur.
1585 893 1619 920 Et
1630 899 1699 928 quo-

905 946 986 973 modo
1000 945 1042 980 (ut
1062 952 1119 972 rem
1134 943 1257 979 propius,
1270 948 1296 971 et
1309 951 1356 978 per
1368 942 1507 970 sensibilia
1520 939 1698 975 attingamus)

904 988 969 1015 dum
986 995 1086 1023 corpus
1109 993 1152 1015 est
1163 988 1314 1015 coloratum
1326 1007 1333 1019 ,
1362 987 1420 1021 ipsa
1438 985 1478 1013 sic
1505 985 1576 1012 inter
1591 983 1699 1011 colores

904 1034 1052 1067 exsistens,
1081 1033 1188 1060 colores
1217 1032 1357 1067 suscipere
1386 1039 1440 1059 non
1465 1034 1573 1066 potest:
1595 1033 1623 1057 et
1635 1036 1698 1057 cum

905 1087 1005 1114 corpus
1024 1087 1058 1107 ex
1076 1083 1194 1114 quatuor
1215 1079 1308 1105 succis
1322 1077 1357 1105 sit
1380 1082 1550 1109 concretum,
1575 1075 1633 1111 ipsa
1652 1075 1700 1102 hu-

902 1125 1024 1160 jusmodi
1042 1124 1177 1152 materiali
1193 1125 1351 1152 conditione
1377 1128 1470 1151 caret:
1487 1127 1515 1150 et
1527 1129 1627 1157 corpus
1638 1121 1701 1156 qui-

905 1170 965 1197 dem
995 1178 1048 1196 non
1077 1170 1213 1200 vacuitas,
1230 1169 1277 1197 sed
1301 1177 1334 1196 ex
1359 1169 1501 1196 humerum
1528 1166 1700 1201 suSCcptioue

905 1215 1045 1251 plenitudo
1055 1215 1234 1250 undequaque
1246 1215 1358 1242 dilatata
1368 1214 1522 1246 constituit,
1532 1213 1623 1240 anima
1634 1218 1700 1239 vero

906 1261 947 1288 bis
965 1259 1155 1288 affectionibus
1175 1267 1231 1287 non
1246 1265 1289 1287 est
1305 1259 1423 1286 obnoxia
1439 1267 1446 1285 :
1465 1264 1546 1293 atque
1564 1257 1617 1284 alia
1635 1264 1699 1284 sex-

906 1305 1002 1332 conta?

940 1351 979 1378 Ac
991 1351 1049 1377 vice
1062 1358 1141 1378 versa
1151 1350 1249 1384 poterit
1264 1349 1402 1385 quispiam
1415 1349 1464 1377 has
1473 1347 1701 1383 interrogationes

906 1401 1066 1424 retractare.
1090 1396 1198 1431 inquiet
1210 1397 1283 1424 enim
1298 1397 1330 1429 is,
1346 1396 1392 1429 qui
1414 1403 1468 1423 non
1486 1395 1558 1422 serio
1571 1395 1605 1421 de
1622 1394 1701 1421 seriis

906 1450 996 1477 agere,
1013 1442 1060 1470 sed
1081 1442 1230 1469 subtilibus
1244 1450 1293 1477 pro
1309 1442 1505 1469 circulatorum
1523 1448 1599 1467 more
1619 1447 1702 1474 argu~

909 1488 955 1514 tiis
971 1495 1032 1515 sese
1046 1492 1183 1515 ostentare
1199 1488 1315 1515 voluerit
1327 1506 1335 1520 ,
1349 1488 1371 1515 si
1387 1495 1487 1522 corpus
1505 1487 1602 1514 animae
1617 1486 1702 1513 ratio-

907 1533 960 1559 nali
985 1533 1174 1560 consociatum
1196 1537 1249 1565 est,
1263 1533 1400 1567 quomodo
1422 1536 1450 1560 et
1472 1532 1574 1567 ipsum.
1594 1531 1701 1567 (quent-

61 1573 188 1607 ἀπάρχον
199 1573 237 1607 (6)
255 1574 303 1608 τῆς
319 1574 465 1610 ὲνωοείσης
480 1576 508 1602 ἐν
523 1576 615 1610 τούτῳ·
625 1577 829 1612 γνωριζομὲνης
842 1586 850 1611 ;
867 1576 889 1606 (Σ

944 1578 1052 1605 modum
1072 1577 1193 1614 anima),
1209 1579 1379 1610 substantias,
1399 1586 1460 1613 quae
1474 1578 1526 1605 sibi
1545 1577 1703 1612 agnoscitur

62 1619 125 1650 Πῶς
139 1619 168 1645 δὲ
183 1619 234 1646 οὐκ
256 1620 378 1654 ἀναφές;
401 1621 482 1647 Ἀ).λὰ
504 1622 562 1654 πῶς
584 1623 763 1658 ὑποκείμενον
781 1624 852 1660 χρώ-

64 1673 154 1699 μασι;
175 1665 281 1700 Βαρους
306 1665 353 1692 καὶ
376 1668 463 1702 ῥοπῆς
493 1668 637 1700 κενώσεὼς
662 1678 691 1696 τε
725 1670 772 1697 καὶ
790 1671 858 1706 πλη-

64 1710 176 1745 ρώσεων
190 1711 248 1743 πῶς
259 1713 309 1738 οὐκ
327 1712 482 1748 ἐλεύθερον,
506 1715 553 1741 καὶ
573 1716 669 1750 μυρίος
683 1716 764 1752 λῆρος
777 1726 784 1750 ;
803 1718 858 1744 Καὶ

65 1756 228 1792 (συλλήὢην
240 1757 290 1792 τὴν
306 1759 474 1794 μητρόπολιν
498 1759 546 1786 τοῦ
573 1760 658 1794 λήρου
672 1761 766 1795 φάναι,
781 1762 810 1794 ἐξ
824 1760 858 1798 ἦς

64 1803 112 1828 καὶ
127 1803 162 1829 τὰ
176 1804 310 1838 εἰρημένα
326 1806 381 1836 τοῖς
393 1804 484 1839 λόγοις
495 1806 727 1840 ἐμπολιτεύεσθαι
739 1808 857 1843 πάροδον

65 1845 129 1885 εὗρε
145 1849 337 1885 νεανιεύματα)
363 1852 388 1878 εί
407 1852 510 1888 ἥνωται
532 1853 549 1887 ἡ
573 1853 646 1889 ψυχὴ
673 1853 712 1888 τῷ
740 1854 857 1889 σώματι,

64 1895 123 1927 πῶς
139 1895 200 1930 οὐχὶ
216 1895 292 1932 ψυχὴ
305 1896 335 1922 τὸ
347 1896 437 1932 σῶμα,
447 1897 463 1933 ἢ
475 1897 535 1933 οὐχ).
551 1898 630 1933 σῶμα
648 1899 768 1934 ﬁdem;

101 2029 134 2056 Et
145 2029 174 2056 δὲ
187 2029 274 2056 ταῦτα
285 2030 375 2064 λέγειν
391 2031 439 2057 ἐπὶ
446 2030 545 2066 ψυχῆς,
555 2032 603 2058 καὶ
622 2031 750 2067 σώματος
760 2033 858 2066 γέλως,

66 2076 112 2102 καὶ
128 2075 176 2102 νῦν
193 2076 244 2110 τὴν
258 2075 339 2110 φύσιν
356 2076 406 2111 τῆς
425 2077 543 2112 ἀπορίας
559 2077 589 2103 τὸ
611 2077 735 2112 μέγεθος,
753 2079 769 2114 ἠ
783 2087 860 2113 σοφι-

67 2121 149 2157 στικὴ
174 2121 324 2157 κατάδηλος
349 2122 449 2158 μικροῦ
469 2123 517 2149 καὶ
536 2125 594 2155 τοῖς
619 2124 804 2160 ἀγυμνάστοις
826 2125 860 2152 τὰ

65 2166 183 2193 τοιαῦτα
196 2167 303 2201 γίνεται
331 2167 416 2202 λέσχη
430 2176 436 2183 ·
451 2168 527 2202 πόσῳ
549 2168 649 2204 μᾶλλον
661 2169 709 2195 ἐπὶ
723 2169 859 2203 τοῦὶθείου

911 1625 1066 1661 conjuncta,
1081 1625 1176 1659 nequit
1186 1625 1338 1660 imperare?
1350 1624 1494 1658 Quomodo
1510 1629 1535 1651 et
1548 1625 1637 1659 ipsum
1647 1628 1703 1650 non

909 1669 1002 1705 eﬂ‘ugit
1026 1670 1150 1697 tactum?
1165 1670 1310 1703 Quomodo
1321 1676 1363 1697 est
1380 1670 1517 1698 coloribus
1531 1669 1703 1705 subjectum?

909 1713 1052 1746 Quomodo
1064 1715 1223 1750 gravitatis,
1251 1716 1392 1750 ponderis.
1414 1716 1566 1747 vacuitatis,
1584 1714 1703 1750 plenilu-

908 1759 980 1786 diuis
996 1767 1050 1786 non
1066 1764 1108 1787 est
1126 1760 1264 1793 immune;
1289 1764 1316 1787 et
1334 1761 1409 1788 mille
1427 1760 1582 1795 hujusmodi
1598 1759 1705 1795 gerrze?

909 1805 996 1839 Atque
1012 1806 1053 1840 (ut
1063 1814 1117 1832 uno
1127 1806 1209 1833 verbo
1217 1807 1358 1834 matricem
1370 1815 1503 1841 nugarum
1517 1806 1701 1841 proferamus,

908 1859 940 1878 cx
957 1858 1009 1885 qua
1025 1855 1052 1878 ct
1069 1851 1128 1878 ista:
1141 1852 1280 1886 juveniles
1293 1852 1407 1887 argutia:
1421 1852 1454 1878 ad
1473 1859 1613 1879 sermones
1628 1851 1704 1877 inva-

908 1894 1011 1922 dendos
1027 1895 1131 1922 aditum
1158 1896 1344 1929 invenerunt),
1362 1895 1384 1923 si
1403 1896 1494 1922 anima
1514 1899 1555 1922 est
1577 1895 1704 1929 copulata

909 1940 1028 1974 corpori,
1039 1941 1179 1975 quomodo
1190 1941 1282 1968 anima
1297 1949 1353 1968 non
1369 1944 1412 1968 est
1427 1948 1537 1976 corpus,
1549 1944 1595 1968 aut
1604 1948 1704 1975 corpus

909 1993 962 2012 non
981 1991 1023 2013 est
1038 1986 1151 2014 anima?

945 2031 1023 2064 Quod
1047 2033 1070 2060 si
1089 2033 1146 2060 haec
1166 2033 1200 2061 de
1225 2033 1314 2061 anima
1330 2037 1356 2061 ct
1371 2041 1485 2068 corpore
1498 2033 1604 2061 elfutire
1619 2033 1704 2060 risum

909 2078 1027 2110 excitat,
1046 2082 1073 2104 et
1087 2086 1170 2111 nunc,
1186 2079 1251 2105 dum
1266 2079 1293 2105 in
1309 2079 1392 2106 rebus
1410 2079 1582 2106 naturalibus
1600 2077 1706 2113 pondus

910 2122 1079 2151 diﬂicultatis
1095 2128 1155 2157 est,
1181 2124 1224 2151 vel
1244 2125 1278 2152 ab
1293 2125 1358 2160 ipsis
1373 2125 1570 2163 propemodum
1587 2124 1707 2151 homini-

910 2168 961 2196 bus
977 2169 1134 2197 rudioribus
1148 2170 1241 2197 isthmc
1255 2171 1403 2205 garrulitas
1416 2171 1585 2198 cavillatoria
1601 2170 1707 2205 perspi—

66 2212 168 2246 Δόγου,
185 2213 235 2238 καὶ
247 2213 295 2239 τοῦ
310 2212 370 2239 καθ’
385 2214 458 2248 ἡμᾶς
482 2214 697 2250 προσλήμματος
719 2215 810 2249 λέγειν
825 2215 860 2242 τὰ
878 2249 886 2251 Ξ

944 2221 982 2240 ω·
999 2222 1005 2240 :
1025 2220 1128 2249 quanto
1157 2216 1243 2251 magis
1262 2216 1295 2243 de
1320 2216 1413 2243 divino
1431 2216 1536 2249 Verbo,
1559 2220 1587 2243 et
1613 2220 1708 2242 nostra

44 2277 45 2280 η
67 2260 149 2295 ὅμοια
162 2260 193 2286 οὐ
206 2259 348 2290 παντελῶς
357 2259 417 2286 ἐστι
431 2249 633 2293 καταγέλαστον
646 2261 694 2288 καὶ
707 2261 744 2296 μὴ
754 2262 861 2297 διακρί-
877 2249 900 2278 ί)

946 2262 1053 2293 sumpta
1074 2264 1169 2287 natura
1185 2249 1344 2295 hujusmodi
1361 2268 1456 2296 gerras
1471 2261 1577 2288 elTulire
1592 2261 1707 2287 omnino

67 2314 123 2332 νειν
147 2306 232 2332 είόόσι
259 2304 394 2340 φλυαρίας
424 2313 464 2338 τε,
493 2307 538 2332 καὶ
559 2306 676 2341 ἀπορίας
691 2307 859 2342 προνόμιον;

944 2304 1095 2331 :ridiculum
1112 2310 1155 2333 est
1174 2314 1223 2341 pro
1241 2307 1275 2334 iis
1290 2314 1411 2341 quoque,
1428 2307 1473 2341 qui
1487 2314 1544 2334 rem
1557 2306 1706 2340 jocularem

67 2351 148 2378 Εἴπω
163 2351 197 2377 τὰ
213 2351 348 2386 ἡμέτερα,
371 2351 471 2385 μᾶλλον
488 2351 512 2378 δ’
532 2351 551 2378 ἃ.
573 2352 624 2386 τῆς
652 2351 861 2388 φιλανθρωπίας

946 2349 1106 2378 dillicultate
1124 2352 1250 2379 nesciunt
1270 2353 1445 2380 discernere?
1462 2352 1511 2380 llic
1526 2355 1616 2379 autem
1636 2351 1707 2386 adji-

67 2397 114 2424 τοῦ
133 2397 292 2428 Πλάσαντος
315 2396 393 2432 ἔργα,
415 2397 462 2424 καὶ
480 2397 555 2433 πάθη
574 2398 738 2434 καθέστηκε.
754 2398 816 2431 Πῶς
843 2399 860 2434 ἡ

944 2405 986 2425 am
1004 2402 1099 2426 nostra
1110 2418 1117 2431 ,
1134 2399 1193 2427 sive
1214 2400 1306 2434 potius
1320 2399 1378 2431 illa,
1393 2407 1455 2435 quae
1471 2406 1504 2426 ex
1521 2398 1664 2434 operibus,
1680 2402 1709 2425 et

68 2444 170 2479 Θεότης
185 2443 262 2478 ἣλοις
274 2443 516 2479 διαπερονηθὲντος
538 2443 585 2470 τοῦ
601 2443 737 2478 σώματος,
751 2444 781 2470 οὐ
796 2453 860 2471 συν-

944 2445 1138 2479 :rpessionibus
1155 2446 1362 2473 clementissimi
1377 2445 1533 2474 Conditoris
1549 2444 1634 2472 nostri
1647 2443 1707 2471 erui

69 2492 218 2527 τέτρωται,
229 2491 259 2516 οὐ
269 2492 304 2525 τῇ
315 2490 397 2526 λόγχῃ
408 2490 593 2526 διατέτρηται,
607 2491 658 2517 οὐκ
674 2491 844 2526 ἐσταύρωται
855 2499 862 2524 ;

944 2495 1043 2519 )ssunt.
1060 2491 1203 2524 Quomodo
1225 2492 1307 2520 simul
1321 2500 1383 2520 cum
1409 2498 1522 2526 corpore
1542 2490 1627 2518 clavis
1646 2497 1708 2525 per-

838 2582 954 2612 ΝΟΤΕ.

73 2658 223 2686 Prodromo
249 2656 342 2696 docuit
368 2659 410 2688 Cl.
435 2659 554 2696 {cannas
585 2661 736 2690 Andresius
768 2662 860 2696 Regia:

913 2662 1069 2698 abrumpat,
1085 2667 1112 2691 et
1137 2662 1182 2689 ubi
1209 2661 1337 2698 desinat,
1363 2661 1418 2687 imo
1437 2660 1544 2698 quoties
1568 2666 1582 2686 a
1609 2665 1706 2698 _n_ostra

73 2695 249 2723 bibliothecae
273 2695 428 2730 praelectus.
443 2695 493 2722 Hic
514 2700 605 2723 autem
633 2697 747 2724 adnotes
764 2695 858 2728 velim,

914 2694 1032 2726 lectione
1062 2694 1181 2726 recedat.
1200 2712 1234 2716 —
1259 2695 1305 2724 Sic
1321 2699 1411 2723 exstat
1436 2696 1463 2722 in
1478 2694 1580 2723 Codice
1609 2694 1708 2722 Iliona-

74 2730 145 2766 quod
161 2731 248 2765 ipsam
257 2730 418 2765 jamdudum
438 2731 641 2762 transtuleram,
659 2732 860 2766 nonnullasque

75 2765 265 2801 suppleveram
293 2766 446 2797 lacuaulas,
474 2772 537 2793 cum
571 2765 728 2794 Combeﬁsii
759 2765 859 2794 lacinia

75 2803 140 2829 mihi
151 2801 244 2829 oblata
257 2805 316 2829 est:
333 2801 360 2828 id
375 2805 466 2828 autem
494 2801 535 2828 vel
552 2801 609 2836 ipse
632 2801 724 2836 itaque
742 2810 775 2829 ex
798 2809 859 2829 ver-

78 2837 161 2864 sionis
178 2838 310 2864 varietate
326 2835 484 2871 perspicies.
502 2835 570 2871 Ego’
581 2840 671 2863 autent
680 2835 737 2870 ’pro
755 2845 783 2864 rc
796 2842 858 2864 nata

79 2873 196 2901 monebo
226 2876 253 2900 ct
280 2872 351 2900 unde
390 2871 502 2906 incipiat
540 2871 731 2905 Combelisius,
752 2876 778 2899 et
812 2871 857 2898 ubi

913 2734 986 2760 censi
1001 2733 1047 2761 Gr.
1066 2733 1127 2763 104,
1146 2732 1165 2763 Γ,
1180 2731 1243 2759 282.

949 2767 986 2801 (5)
1001 2769 1101 2796 Saltem
1113 2767 1232 2801 relingas
1246 2766 1328 2798 οὕτω,
1346 2770 1375 2793 ut
1385 2773 1485 2793 sensus
1500 2769 1618 2793 constet.

949 2769 977 2796 (5
1001 2769 1101 2796 Saltem
1113 2769 1232 2801 relingas
1246 2769 1328 2798 οὕτω,
1346 2770 1375 2793 ut
1385 2773 1485 2793 sensus
1500 2769 1618 2793 constet.

949 2769 1137 2839 (ﬁgrl’erbreve
1160 2803 1365 2830 interstitiolum
1391 2802 1461 2829 inter
1481 2801 1521 2828 ἀπ
1548 2805 1575 2827 et
1599 2799 1648 2835 τῆς
1669 2799 1709 2826 ita

912 2838 1102 2874 complendum
1121 2844 1227 2866 censeo.
