1878 3057
196 107 248 139 267

775 118 907 151 ΡΗΟΤΗ
923 121 1176 156 ΡΑἸἮΙΑΒΕΗΕ
1188 127 1243 157 CP.

1769 136 1820 168 268

196 161 273 190 fosso
288 162 417 192 divinitas
444 172 499 194 non
525 173 567 196 est
592 168 750 204 perforata,
777 180 864 208 neque
892 175 958 203 lanci

1038 177 1100 209 Πῶς
1112 178 1202 207 πάντα
1218 180 1353 213 παθόντος
1370 181 1458 210 ταῦτα
1475 183 1524 211 τοῦ
1546 185 1656 221 ἀληθῶς
1678 187 1822 220 ἐνωθέντος

196 210 354 244 transjecm,
375 218 462 246 neque
490 214 564 241 cruci
592 215 719 244 conﬁxa?
734 217 895 253 Quomodo,
920 229 983 249 cum

196 259 291 282 natura
309 255 426 284 humana
440 265 503 285 vere
517 266 658 296 assumpta
672 263 723 291 hos
735 271 831 293 omnes
848 271 984 300 pateretur

195 301 342 334 cruciatus,
358 302 492 332 Divinitas
514 306 596 334 simul
619 315 683 336 cum
706 311 825 345 patiente
843 311 904 346 fuit,
933 321 984 342 nec

195 350 283 373 tamen
300 350 336 375 ab
347 348 413 383 ipsis
426 350 522 386 attingi
543 353 648 386 potuit?
664 354 806 388 Quomodo
821 357 880 392 ipsa
895 358 922 386 in
934 367 982 387 sua

193 391 345 419 substantia
366 399 482 422 mortem
499 397 611 432 eﬂ‘ugit?

227 435 284 463 Etsi
297 437 423 467 Christus
439 440 509 468 Deus
521 447 612 470 noster
623 451 731 480 propter
746 454 796 476 nos
808 456 869 477 esse
882 449 982 478 dicitur

191 481 335 510 verissime
359 489 484 514 mortuus
500 488 611 523 (quippe
629 491 676 524 qui
703 493 841 527 propriam
871 503 980 524 carnem

191 533 241 560 pro
253 527 332 555 nobis
348 531 429 557 morti
449 533 580 568 tradidit),
602 539 628 561 et
640 537 774 565 mansisse
789 539 815 566 in
835 541 959 575 sepulcro
972 563 980 575 ,

191 579 225 599 ac
245 573 369 602 triduana
395 579 599 607 resurrectione
620 584 829 613 resurrectionis
851 573 979 615 omnibus

192 620 346 648 communis
356 621 564 657 dedicationem,
576 634 607 654 ac
616 627 821 657 fundamentum
835 633 977 661 statuisse:

190 665 237 692 sed
256 669 344 694 tamen
362 669 409 703 qui
424 669 526 698 idcirco
540 671 712 701 Divinitatem
734 677 890 710 passibilem
906 678 979 707 blas-

188 711 359 745 phemarent,
377 715 554 744 redderentur
570 718 690 753 elingues
707 729 754 754 per
768 729 810 755 ea,
820 731 881 758 quae
895 725 977 753 modo

189 756 402 786 confutationem
417 768 451 788 ex
467 762 574 797 animae,
590 769 617 791 et
641 767 764 800 corporis
783 756 976 803 conjunctione

188 802 325 831 elicientia
343 805 413 833 dicta
429 812 510 840 sunt,
524 813 552 835 et
567 818 614 844 per
628 811 696 843 alia,
712 817 794 847 atque
811 802 864 841 alia
879 815 975 850 hujus-

1035 224 1069 258 τῇ
1086 224 1199 260 Θεότητι
1216 227 1412 263 συγκρίματος,
1439 229 1508 266 αὕτη
1525 231 1640 266 τούτοις,
1657 233 1823 270 συνοῦσατῷ

1035 271 1191 304 πεπονθότι,
1211 271 1345 307 διέμεινεν
1359 274 1496 309 ἄψαυστος
1508 286 1516 310 ;
1531 277 1593 308 Πῶς
1603 278 1632 304 δὲ
1645 279 1691 305 τὴν
1706 279 1820 308 θάνατον

1035 314 1106 341 κατὰ
1119 315 1165 343 τὸν
1179 316 1295 353 ορσιώδη
1312 317 1390 352 λόγον
1407 319 1478 355 αὕτη
1492 321 1658 356 διαπέφευγε
1670 331 1679 355 ;

1068 450 1166 478 Καίτοι
1188 449 1297 485 λέγεται
1321 450 1357 477 δι’
1379 451 1453 486 ἡμᾶς
1474 452 1593 487 Χριστὸς
1617 453 1632 480 ὁ
1652 453 1719 486 θεὸς
1743 455 1822 490 ἡμῶν

1032 496 1178 523 ἀποθανεῖν
1196 496 1361 532 παναληθῶς
1380 496 1410 531 (ἃ
1428 506 1457 524 τε
1473 497 1512 534 [7]
1536 499 1585 533 τὴν
1602 499 1706 526 οἰκείαν
1732 501 1821 535 σάρκα

1033 541 1103 577 ὑπὲρ
1118 542 1197 577 ἡμῶν
1212 543 1252 574 είς
1264 542 1379 569 θάνατον
1390 542 1537 579 δεδωκὼς),
1548 546 1593 572 καὶ
1604 546 1688 580 τάφον
1698 547 1818 581 οἰκῆσαι,

1031 589 1078 615 καὶ
1096 590 1239 625 τριημέρῳ
1250 589 1397 617 ἀναστάσει
1413 591 1463 625 τὴν
1478 591 1571 626 κοινὴν
1593 592 1758 625 ὲγκαινὶσαι,
1774 595 1820 619 καὶ

1030 634 1194 668 θεμελιῶσαι
1217 635 1327 662 πάντων
1345 635 1493 663 ἀνάστασιν
1506 644 1513 651 ·
1526 636 1596 663 ἀλλὰ
1614 638 1668 672 γὰρ
1692 639 1753 669 τοὺς
1771 638 1819 672 μὲν

1029 679 1152 715 παθητὸν
1165 680 1360 716 ἐνυϐρίζοντας
1372 681 1402 707 τὸ
1417 682 1494 708 Θεῖον
1506 683 1680 717 ὲπιστομίσει
1695 684 1817 716 πάντως,

1028 725 1047 753 ἃ
1063 727 1234 762 προείρηται,
1249 727 1295 754 τὸν
1309 727 1362 754 ἀπὸ
1377 728 1426 762 τῆς
1446 727 1571 760 ὲνὼσεως
1592 729 1643 764 τῆς
1656 730 1757 765 ψυχῆς,
1772 733 1818 757 καὶ

1027 771 1075 798 τοῦ
1091 772 1216 808 σώματος
1233 773 1343 809 ἔλεγχον
1359 774 1578 810 προϐαλλόμενα,
1592 778 1639 802 καὶ
1653 776 1722 802 ἄλλα
1732 778 1818 804 πολλὰ

1026 818 1150 845 τοιαῦτα.
1173 819 1242 851 Τοὺς
1264 819 1291 845 δὲ
1317 819 1411 855 ἐκείνῃ
1432 820 1481 854 μὲν
1498 822 1530 855 τῇ
1547 820 1634 856 πλάνῃ
1655 821 1693 856 μὴ
1708 830 1815 856 συμφε-

188 848 273 875 modi.
289 848 340 882 Qui
354 856 443 878 autem
459 853 506 880 tali
531 862 584 882 non
602 856 776 885 abducuntur
798 867 906 893 errore,
925 869 958 889 set

1035 848 1253 900 ῖομένους,οὺδέν
1267 865 1295 891 δὲ
1308 848 1416 900 ὲκείντίς
1425 848 1602 901 ἀνεκτότερον
1615 848 1714 903 alid-3&9

187 894 242 921 alio
257 895 343 923 nihilo
362 897 557 933 tolerabiliori,
578 910 659 936 quam
680 903 733 931 iste
758 911 973 935 memoratorum

186 939 327 969 hominum
344 948 396 976 est,
414 949 440 971 et
468 954 477 970 ι
495 946 521 972 iu
536 947 641 975 Christo
656 958 665 974 ι
679 950 792 978 localem
808 953 899 980 carnis
921 954 975 980 cir-

186 988 426 1024 cumscriptionem
455 1000 505 1026 pro
529 994 627 1021 divinae
652 1000 755 1024 natura:
780 998 974 1033 conjunctione

185 1033 360 1061 reiiciendam
388 1036 565 1072 arbitrantur,
584 1044 641 1067 tum
669 1041 714 1068 illa
742 1052 751 1068 ι
771 1043 802 1070 de
831 1046 922 1072 anima
948 1051 974 1073 et

184 1086 301 1113 corpore,
318 1089 331 1105 »ι
342 1085 398 1108 tum
411 1082 468 1110 haec
479 1092 488 1108 ι
500 1084 532 1110 de
540 1086 707 1119 parsianibus
722 1088 820 1116 Christi
830 1090 945 1118 absurda
959 1100 969 1117 ι

183 1132 260 1160 aque
279 1134 312 1152 ex
333 1134 428 1154 eorum
459 1131 691 1164 propositionibus
717 1135 875 1168 procedere,
893 1141 920 1163 et
937 1137 971 1164 ad

183 1172 257 1205 ipsos
273 1172 434 1202 releuandos
448 1180 523 1203 recta
535 1177 645 1205 tendere
663 1179 799 1209 videntur.

219 1217 271 1250 Qui
283 1220 425 1254 concedit,
443 1221 539 1255 amice,
557 1230 619 1251 esse
630 1224 731 1259 ubique
748 1225 893 1260 Deitatem,
905 1235 972 1263 quo-

181 1265 264 1292 modo
283 1266 364 1294 simul
391 1275 444 1295 non
469 1270 599 1297 concedet
624 1274 707 1298 totam
733 1272 829 1300 adesse
849 1274 971 1308 ubique?

181 1308 239 1337 lloc
254 1311 326 1337 enim
341 1319 396 1339 nou
411 1313 510 1346 minus,
531 1322 612 1349 quam
629 1316 706 1348 illud,
721 1317 754 1343 ad
767 1317 886 1345 divinam
905 1327 969 1354 per-

181 1356 249 1384 tinet
263 1357 433 1391 dignitatem.
449 1359 527 1392 Quod
552 1361 575 1388 si
592 1365 646 1388 tota
663 1366 776 1396 prorsas
791 1368 833 1392 est
854 1365 968 1400 ubique,

179 1407 207 1429 et
221 1409 282 1429 cum
292 1409 432 1438 assumpta
446 1412 528 1432 carne
536 1410 608 1434 totus
623 1406 710 1435 Filius
723 1415 804 1435 uuam
818 1409 969 1438 habetsub-

180 1449 350 1481 sistentiam;
363 1451 470 1477 etiamsi
489 1451 534 1478 bic
548 1452 649 1487 ubique
670 1454 751 1487 adsit,
770 1455 890 1483 humana
904 1464 967 1484 vero

179 1498 278 1521 natura
296 1495 367 1527 loco,
389 1503 421 1523 ac
434 1500 565 1531 tempore,
586 1499 723 1534 principio
734 1520 742 1533 ,
759 1508 791 1527 ac
808 1501 871 1534 line,
883 1506 909 1529 et
924 1502 966 1529 in-
980 1519 1003 1551 Ο

180 1541 303 1568 muneris
317 1542 379 1570 aliis
393 1543 503 1571 deﬁnita
515 1544 566 1577 sit;
581 1545 673 1573 nullus
689 1551 778 1573 tamen
801 1549 967 1582 separatioui

179 1587 262 1613 simul
276 1588 461 1622 concipiendas
476 1590 552 1618 locus
563 1591 654 1619 datur.
665 1592 712 1620 llle
721 1600 785 1620 Vero
795 1593 966 1623 divinitatem

179 1632 261 1658 etiam
273 1633 331 1660 sine
346 1640 486 1669 assumpta
500 1643 582 1663 carne
597 1636 658 1663 loco
671 1638 905 1674 circumscriptam
915 1641 966 1668 sibi

179 1678 301 1712 lingeret,
318 1679 364 1714 qui
386 1680 471 1707 Deum
493 1682 644 1710 secundum
669 1688 760 1718 partes
782 1692 843 1712 esse
865 1686 967 1720 ubique

178 1724 344 1759 conciperet.
368 1733 422 1752 non
440 1730 532 1753 autem
559 1731 664 1760 totum.
682 1729 727 1755 ubi
751 1729 839 1762 adest,
859 1732 965 1758 adesse.

177 1771 258 1806 Atqui
276 1771 314 1803 id,
330 1772 392 1799 licet
415 1780 469 1800 non
492 1773 534 1800 bis
548 1774 694 1809 ipsissimis
708 1777 810 1810 verbis,
831 1778 874 1805 ille
888 1779 965 1812 dicit,

177 1817 224 1852 qui
240 1818 277 1844 ait
295 1828 301 1845 :
318 1818 377 1846 Nisi
394 1827 456 1846 cum
473 1819 566 1847 divina
576 1819 658 1847 Verbi
673 1821 850 1850 subsistentia
866 1823 965 1851 buma-

177 1864 250 1891 nitas
285 1865 456 1898 dilataretur,
487 1866 537 1900 ipsi
565 1867 711 1902 conjuncta
735 1875 796 1895 esse
828 1870 963 1903 nequiret.

176 1909 321 1936 Enimvero
333 1910 467 1944 dilatatio,
483 1919 531 1939 seu
547 1913 680 1946 extensio,
699 1921 747 1941 seu
772 1915 843 1942 aliud
868 1915 964 1950 hujus-

177 1956 258 1988 modi,
271 1960 298 1983 et
313 1964 346 1984 ne
360 1957 402 1984 his
415 1957 524 1991 quidem
540 1959 621 1986 rebus
634 1967 667 1986 ex
680 1963 737 1986 toto
745 1961 850 1993 adesse,
863 1962 962 1996 quibus

173 2001 278 2035 liquido
294 2002 391 2036 aliquis
406 2004 524 2032 assistit:
539 2004 596 2032 haec
613 2005 704 2032 omnia
727 2006 817 2033 locum
840 2002 964 2035 obtinent

174 2047 201 2073 in
219 2047 388 2080 substantiis,
403 2057 464 2083 qua:
474 2049 635 2078 divisionem
652 2051 811 2086 admittunt;
824 2060 855 2079 ac
869 2053 962 2080 eadem

173 2092 263 2118 omnia
279 2093 441 2128 simplicem,
461 2095 707 2131 iudivisibilemque
718 2096 763 2125 Dei
779 2098 962 2126 substantiam

172 2138 371 2172 dispescerent.

1025 911 1234 946 ανακειμένους,
1254 911 1302 937 καὶ
1327 911 1376 946 τὴν
1401 912 1430 938 ὲν
1452 912 1527 947 τόπῳ
1550 913 1725 948 περιγραφὴν
1745 915 1815 940 κατὰ

1025 956 1074 992 τῆς
1084 956 1159 988 θείας
1171 956 1294 986 ὲνώσεως
1304 956 1485 993 ἀπορρίπτειν
1493 957 1712 993 διανοουμένους,
1721 960 1814 986 ἐκεῖ·κά

1023 1011 1064 1034 τε,
1078 1002 1128 1029 καὶ
1142 1002 1176 1029 τὰ
1188 1004 1248 1029 νυνὶ
1263 1003 1381 1038 ρηθέντα
1391 1004 1465 1038 ὅμως
1485 1004 1542 1030 ἔστι
1563 1004 1609 1030 καὶ
1625 1005 1658 1030 ἐκ
1675 1005 1732 1031 τῶν
1753 1005 1813 1031 καθ’

1023 1048 1137 1080 ἑαυτοὺς
1153 1050 1331 1084 προαγαγεῖν,
1348 1050 1396 1076 καὶ
1410 1049 1453 1076 ἐπ’
1465 1049 1572 1082 εὐθείας
1587 1050 1662 1085 ἄγειν
1672 1050 1718 1078 τὸν
1734 1051 1812 1085 ἐλεγ-

1023 1104 1069 1131 χον
1085 1095 1134 1131 (ε).

1060 1227 1091 1255 '0
1106 1227 1204 1261 διδοὺς,
1221 1225 1244 1255 ὦ
1259 1228 1358 1263 ἀγαθὲ,
1380 1229 1517 1264 πανταχοῦ
1536 1229 1566 1256 τὸ
1589 1228 1676 1261 Θεῖον,
1704 1229 1763 1260 πῶς
1778 1229 1809 1255 οὔ

1020 1271 1100 1298 δώσει
1114 1273 1161 1299 καὶ
1178 1273 1237 1300 ὅλον
1253 1273 1391 1308 πανταχοῦ
1407 1275 1549 1308 παρεῖναι;
1572 1274 1609 1300 οὑ
1626 1273 1681 1308 γὰρ
1696 1274 1809 1300 ἔλαττον

1020 1318 1061 1349 είς
1085 1318 1164 1352 λόγον
1189 1319 1268 1345 τοῦτο
1286 1319 1457 1354 θεοπρεποῦς
1485 1319 1648 1354 ἀξιώματος.
1662 1320 1732 1346 Εἰδὲ
1746 1320 1809 1346 ὅλον

1018 1363 1116 1395 ὑλικῶς
1134 1364 1285 1399 πανταχοῦ,
1299 1365 1346 1390 καὶ
1360 1366 1393 1399 τῇ
1420 1365 1544 1401 ἐνωμένῃ
1570 1366 1653 1400 σαρκὶ
1670 1365 1729 1397 ὅλος
1760 1366 1807 1392 ἐν-

1019 1409 1151 1444 υπάρχων
1161 1410 1176 1436 ὁ
1185 1409 1258 1442 Υἱὸς,
1271 1411 1295 1436 εἰ
1308 1409 1356 1436 καὶ
1368 1410 1484 1445 πάρεστι
1497 1410 1546 1445 μὲν
1559 1411 1640 1442 αὐτὸς
1653 1411 1808 1446 πανταχοῦ,

1018 1455 1041 1489 ὴ·
1050 1455 1072 1480 δ’
1087 1454 1244 1490 ἀνθρωπίνη
1257 1455 1337 1488 φύσις
1353 1454 1531 1491 περιώρισται
1547 1456 1635 1491 τόπῳ,
1647 1457 1694 1482 καὶ
1703 1457 1805 1492 χρόνῳ,

1019 1500 1090 1535 ἀρχῇ
1105 1509 1146 1533 τε,
1156 1500 1202 1526 καὶ
1216 1500 1342 1536 τελευτῇ,
1357 1501 1405 1527 καὶ
1416 1502 1524 1536 μυρίοις
1535 1501 1572 1537 (9)
1585 1502 1690 1534 ἄλλοις·
1707 1503 1739 1528 οὗ
1753 1503 1805 1537 μὲν

1018 1545 1065 1574 οὖν
1081 1547 1210 1582 οὐδεμίαν
1225 1547 1342 1583 πάροδον
1366 1547 1405 1582 τῷ
1421 1547 1555 1582 χωρισμῷ
1577 1548 1807 1583 συνεπινοηθῆναι

1018 1594 1229 1629 παραχωρήσειε
1238 1593 1304 1628 (l0).
1320 1593 1440 1625 Ἐκεῖνος
1450 1593 1478 1620 δέ
1492 1593 1550 1620 ποτ’
1563 1593 1596 1620 ἂν
1608 1593 1651 1629 εἴη
1660 1593 1716 1620 the
1724 1594 1806 1620 Θεῖον

1016 1640 1063 1666 καὶ
1089 1639 1176 1675 χωρὶς
1206 1639 1256 1674 τῆς
1280 1639 1504 1674 προσληφθείσης
1528 1639 1631 1674 σαρκὸς
1656 1640 1806 1675 περιγενὸ-

1017 1694 1097 1721 μενον
1112 1686 1135 1720 (l
1145 1686 1167 1720 Ι)
1185 1686 1262 1720 τόπῳ
1275 1685 1487 1720 φανταζόμενος,
1505 1685 1534 1717 ὃς
1547 1686 1617 1712 κατὰ
1632 1685 1704 1720 μέρη
1719 1694 1807 1721 τερα-

1015 1731 1126 1757 τεύεται
1146 1730 1285 1765 πανταχοῦ
1306 1732 1453 1765 παρεῖναι,
1466 1729 1535 1756 ἀλλὰ
1558 1730 1596 1765 μὴ
1615 1730 1744 1762 καθόλου,
1762 1729 1806 1762 οἷς

1014 1775 1047 1803 ἂν
1073 1776 1128 1811 (12)
1149 1775 1243 1806 τόποις
1264 1775 1381 1810 πάρεστι
1400 1775 1430 1801 τὸ
1440 1775 1529 1801 Θεῖον.
1547 1775 1627 1809 Λέγοι
1642 1775 1666 1801 δ’
1681 1774 1715 1801 ἂν
1730 1776 1807 1802 κατὰ

1015 1822 1098 1857 μέρη,
1105 1820 1157 1847 κᾶν
1165 1820 1202 1856 μὴ
1211 1820 1317 1855 λέγοι,ὁ
1327 1820 1448 1855 φάσκων·
1458 1820 1482 1846 εί
1492 1820 1529 1855 μὴ
1540 1821 1807 1855 συμπαρεχτείνοιτο

1019 1868 1051 1902 τῇ
1063 1867 1141 1902 θεῖκῇ
1158 1867 1206 1893 τοῦ
1221 1866 1308 1900 Λόγου
1327 1865 1485 1897 ὑποστάσει,
1501 1866 1563 1901 μηδ’
1581 1866 1720 1900 ἡνωμένον
1731 1867 1805 1902 αὐτῇ

1013 1914 1043 1941 τὸ
1050 1914 1215 1949 πρόσλημμα
1226 1911 1306 1939 εῖναι.
1314 1912 1346 1938 Ἦ
1354 1911 1407 1947 γὰρ
1414 1912 1590 1947 παράτασις(1
1597 1912 1654 1947 3),ῆ
1663 1912 1807 1946 παρέκτα-

1014 1970 1066 1992 σις.
1084 1962 1100 1996 ἠ
1116 1962 1150 1988 τὰ
1167 1960 1281 1991 τοιαῦτα
1293 1959 1381 1987 καὶτὸ
1397 1959 1435 1994 μὴ
1451 1959 1565 1986 καθόλου
1577 1959 1634 1990 τοῖς
1650 1956 1720 1990 οῦσι,
1738 1957 1804 1993 μηδ’

1013 2004 1052 2038 οἷς
1068 2006 1218 2041 ἐπιλάμπει
1233 2006 1372 2040 παρεῖναι,
1387 2005 1441 2031 τῶν
1467 2003 1669 2039 ὲπιδεχομένων
1684 2004 1744 2029 ἐστὶ
1755 2003 1805 2030 τὸν

1014 2052 1148 2087 μερισμόν
1159 2060 1166 2067 ·
1181 2051 1228 2077 καὶ
1243 2050 1348 2082 τούτοις
1360 2050 1390 2077 τὸ
1412 2051 1512 2076 ἑνιαῐον
1531 2049 1624 2081 αὑτοῦ,
1648 2049 1694 2075 καὶ
1707 2049 1802 2084 ἄτμη-

1012 2106 1056 2125 τον
1070 2095 1315 2132 κατα-τεμνομένων
1330 2096 1397 2131 (14).

208 2183 237 2210 Si
255 2183 335 2218 Deus,
355 2190 448 2221 utpote
473 2187 574 2222 ubique
599 2195 735 2223 praesens,
764 2194 791 2217 et
814 2190 957 2219 continens

1044 2188 1075 2214 Εἰ
1099 2185 1264 2221 μεμέρισται
1286 2185 1316 2211 τὸ
1347 2184 1424 2211 Θεῖον
1450 2183 1589 2218 πανταχοῦ
1614 2182 1728 2217 φοιτῶν,
1749 2182 1801 2209 καὶ

170 2231 273 2264 omnia,
289 2231 393 2259 divisus
412 2237 464 2266 est,
484 2233 607 2268 profecto
621 2235 648 2261 in
663 2242 696 2262 eo
712 2236 910 2268 extensionem,
926 2236 958 2263 il-

169 2276 277 2310 lamque
293 2284 355 2305 cum
372 2278 433 2307 aliis
444 2284 650 2315 congruentem,
665 2286 747 2315 atque
757 2280 826 2308 adeo
837 2281 956 2309 circum-

168 2323 355 2358 scriptionem,
369 2329 396 2352 et
410 2325 496 2359 ipsam
510 2334 571 2353 cum
584 2327 644 2354 aliis
656 2334 827 2354 communem
837 2328 954 2362 require.

168 2368 246 2402 Quod
255 2369 277 2397 si
286 2369 338 2398 hoc
353 2374 482 2406 tanquam
494 2371 698 2408 Deoinjurium,
708 2377 788 2408 atque
803 2373 954 2408 indignum,

1011 2234 1100 2260 πάντα
1115 2232 1240 2267 κατέχον,
1254 2230 1301 2257 καὶ
1312 2225 1468 2266 παράτασιν
1488 2230 1531 2255 ἐπ’
1547 2229 1630 2255 αὑτοῦ
1645 2229 1733 2264 ζητεῖ,
1750 2229 1802 2255 καὶ
1823 2258 1830 2264 .

1009 2279 1040 2306 τὸ
1056 2278 1354 2314 συμπαρατεινόμενον,
1370 2277 1417 2303 καὶ
1435 2277 1468 2317 δὴ
1481 2276 1530 2303 καὶ
1543 2275 1730 2311 περιγραφὴν,
1748 2274 1796 2301 καὶ

1009 2325 1039 2351 τὸ
1054 2321 1339 2359 συμπεριγράφεσθαι.
1352 2321 1383 2347 Et
1403 2320 1430 2346 δὲ
1447 2321 1477 2347 τὸ
1497 2319 1649 2355 δύσφημον,
1666 2320 1715 2345 καὶ
1730 2319 1793 2346 ἀνό-

1009 2371 1064 2404 ξιον
1089 2369 1136 2397 τοῦ
1169 2368 1237 2396 Θεοῦ
1270 2366 1454 2403 φαντάζεσθαι
1476 2366 1586 2401 φεύγοις
1615 2365 1749 2401 (φεύγοις
1775 2365 1797 2389 ι·

926 2482 1041 2511 NOTAE.

201 2541 240 2575 (7)
253 2541 320 2578 Erat
333 2541 359 2569 in
374 2546 468 2570 nostro
482 2542 575 2570 codice
589 2543 606 2569 ἆ
618 2551 648 2569 τε
662 2542 684 2569 δ’
700 2543 716 2578 ἠ
733 2543 784 2578 τήν
799 2551 807 2559 ·
818 2550 868 2577 ego
880 2543 950 2570 duas

164 2580 271 2612 tantum
287 2577 420 2604 litterulas
435 2578 554 2612 spongiae
568 2577 683 2612 subieci.

200 2611 238 2645 (8)
250 2611 315 2649 Qua:
329 2612 383 2639 huc
403 2611 490 2649 usque
501 2611 647 2649 edidimus,
658 2613 793 2649 ignoravit
804 2612 949 2649 rCombeli-

164 2647 249 2683 sius:
263 2646 381 2674 fortasse
399 2647 458 2683 eius
473 2647 593 2681 excerpti
618 2646 767 2682 exscriptor
783 2648 825 2676 his
851 2648 948 2683 προλε-

164 2682 290 2716 γομένοις
302 2682 445 2708 commode
459 2691 488 2708 se
505 2690 584 2716 posse
598 2690 691 2711 carere
701 2683 839 2711 censebat.

197 2716 235 2751 (9)
250 2716 362 2752 Μορίοις
379 2717 443 2751 legit
456 2717 647 2752 Combelisius,
675 2719 722 2747 sed
748 2719 839 2748 minus
850 2726 948 2755 oppor-

165 2756 242 2780 tunc.

196 2786 251 2820 (l0)
268 2785 318 2825 lt_a_
332 2786 443 2825 rectius.
458 2793 540 2821 quam
569 2790 783 2825 παραχωρήσαι-
798 2791 836 2823 ὼς
847 2790 877 2817 οὔ
892 2788 951 2816 ποτ’

165 2820 209 2854 ἄν,
224 2821 294 2854 quod
313 2821 393 2849 habet
408 2826 530 2850 nostrum
550 2830 602 2850 ms.

1040 2539 1096 2574 (ll)
1119 2538 1149 2566 Si
1176 2538 1201 2565 id
1219 2536 1265 2564 tibi
1290 2543 1344 2563 non
1365 2534 1476 2574 arridet,
1503 2533 1593 2561 scribe
1620 2540 1681 2559 cum
1698 2539 1794 2564 nostro

1003 2569 1141 2611 εοέιίςάεγ
1161 2569 1514 2611 περιγεγραμμένῳτάπῳ-
1551 2602 1569 2611 ,γ
1703 2610 1706 2611 ,
1747 2606 1753 2611 .

1039 2609 1095 2644 (12)
1110 2602 1240 2644 Voculam
1260 2602 1383 2644 sanates
1395 2602 1477 2644 sensu
1491 2602 1796 2643 ‘replamatammmise-

1002 2639 1048 2671 rat
1061 2639 1275 2683 Gombehsialtus
1288 2639 1449 2683 exscriptgr.
1462 2639 1585 2683 llr!“
1614 2680 1663 2683 -..Α
1676 2675 1682 2683 1
1732 2677 1738 2683 .

1035 2679 1094 2713 (15)
1108 2677 1285 2713 Παράστασιν
1300 2672 1384 2702 habet
1404 2672 1596 2705 Combeiisius,
1611 2675 1683 2707 quod
1699 2677 1795 2706 minus

1002 2713 1099 2783 mimi
1111 2748 1161 2775 llic
1176 2751 1356 2775 memoratum
1368 2748 1526 2783 excerptum
1545 2743 1731 2783 abrumpitur,
1746 2755 1794 2783 pe-

1007 2779 1133 2810 rinde'ac
1151 2782 1174 2810 si
1187 2784 1334 2817 insequens
1345 2781 1526 2816 παράγραφος
1542 2779 1575 2806 ad
1596 2785 1653 2807 rem
1669 2788 1726 2809 non
1747 2779 1794 2810 τε.

1005 2823 1087 2845 ceret.
