1878 3057
154 157 206 190 279

734 152 865 183 ΡΗΟΤΙΙ
884 148 1137 181 PATRIARCH/E
1153 148 1207 178 (ΖΡ.

1731 143 1785 175 280

156 213 254 249 Aquila
280 220 346 241 vero
359 220 391 241 ac
405 212 556 240 Theodotio
568 211 761 238 reddiderunt:
777 208 940 236 Fluvialium

1043 213 1088 236 τος
1100 204 1147 231 τοῦ
1162 201 1304 237 ποταμοῦ·
1324 210 1333 226 ι
1360 201 1408 227 καὶ
1431 200 1546 231 ’Δκὺλας
1564 200 1604 235 δὲ,
1623 199 1670 226 καὶ
1691 199 1786 226 Θεοδο-

156 266 288 292 aquarum
303 265 318 285 a
338 257 412 286 lllose
439 262 467 286 et
475 258 582 285 Aaronc
594 256 665 284 facta
675 260 733 283 erat
744 255 770 282 in
783 254 942 289 sanguinem

158 311 312 331 CODVBI’SIO.
326 313 336 330 ι

195 393 256 420 Haec
272 393 344 420 enim
359 392 482 429 apposita
499 391 702 419 animadversio
717 390 853 424 adjicitur,
872 389 944 424 quod

159 439 263 466 scilicet
283 439 450 468 immundus.
467 442 622 472 corruptus,
646 444 678 463 ac
692 437 766 470 potui
788 436 896 469 ineptus
911 435 947 461 sit

160 483 248 510 factus
265 483 309 510 ille
326 483 424 510 ﬂuvius
436 503 443 515 ,
461 491 542 517 quem
560 482 749 517 Egyptiorum
773 489 839 516 gens
863 481 946 507 Deum

161 530 351 563 nuneupahat.
371 533 452 563 atque
469 528 505 554 uti
518 528 667 559 fructuum,
686 526 800 560 vitzeque
824 525 946 552 datorem

162 576 278 607 colebat,
292 580 318 601 et
331 575 357 601 in
374 583 454 609 quem
468 574 640 601 Hebraeorum
656 573 808 600 cnecandos
822 571 948 606 projicie—

163 621 208 647 bat
223 620 350 646 infantes.
368 620 508 646 Clamabat
522 619 593 645 cnim
618 618 699 645 etiam
720 625 812 644 eorum
837 616 948 651 sanguis

163 665 196 691 de
212 664 300 699 aquis,
316 668 345 690 ut
359 663 542 698 sanguisAbcl
553 664 586 691 de
597 668 669 690 terra
681 665 713 689 ".
726 661 873 697 Oportebat
885 668 949 695 ergo

163 711 306 747 Egyptios
319 711 408 745 impize
425 711 638 745 superstitionis,
649 718 701 745 qua
714 717 783 744 aqua
797 708 950 735 innumeris

164 761 220 784 tum
240 757 499 790 perturbationibus,
523 762 579 783 tum
597 755 816 789 corruptionibus
832 753 950 780 obnoxia

163 803 321 838 dignitatem
339 808 464 834 teternze,
480 801 700 836 imperturbatze,
721 804 748 827 et
774 798 951 826 immutabilis

164 853 269 874 natura:
288 847 338 874 sibi
353 847 516 878 vindicabat,
532 848 596 874 dare
615 845 874 880 pmnas,etquidem
886 843 950 875 illis,

165 893 266 926 quibus
284 900 330 926 per
344 892 501 920 eorumdetn
522 893 701 919 innocuorum
725 891 869 918 infantium
881 895 951 917 stra-

166 946 224 973 gem
243 938 391 965 intulerant
405 939 532 973 iujuriam
549 939 670 973 :quippe
689 937 717 964 hi
731 937 757 963 iu
777 937 862 964 lucem
887 936 952 963 editi

166 989 248 1016 sunt,
280 985 343 1011 dum
365 989 459 1012 contra
481 989 584 1012 natura;
604 985 689 1018 legem
714 984 784 1011 lueis
801 984 953 1017 privatione

166 1028 362 1056 multabautur.
379 1029 482 1056 Interea
498 1029 666 1063 pientissima
690 1027 736 1054 Dci
761 1031 856 1054 natura
875 1026 954 1060 puni-

167 1071 269 1099 tioncm
284 1071 421 1107 Egyptiis
438 1072 611 1107 inﬁngendam
628 1071 717 1098 dilIert
735 1079 741 1096 :
758 1071 810 1097 alia
825 1078 889 1097 vero
907 1077 954 1097 ra-

167 1119 240 1145 tione
252 1119 377 1152 castigat,
389 1123 415 1145 et
425 1118 549 1152 corripit,
567 1118 630 1144 dmn
647 1124 703 1143 rem
722 1116 869 1142 inanimem
889 1115 954 1149 (sci-

165 1163 229 1191 licet
252 1164 362 1198 Nilum)
394 1164 568 1198 corrumpit,
598 1170 630 1189 ac
652 1163 789 1197 percutit:
805 1168 851 1194 per
873 1167 954 1195 quam

166 1209 275 1244 quidem
294 1208 331 1235 illi
355 1213 382 1236 et
402 1209 484 1236 caedis
509 1214 536 1235 et
561 1207 706 1243 impietatis
723 1208 749 1233 iu
766 1205 850 1233 Dcum
866 1206 955 1233 scelus

167 1259 368 1288 perpetraruut.

204 1300 233 1327 Si
253 1300 315 1335 quis
332 1305 421 1327 autem
440 1308 523 1334 aquas
542 1308 589 1334 per
605 1299 759 1326 universam
774 1298 883 1333 Egypti
902 1302 956 1323 ter-

169 1353 227 1372 ram
245 1346 270 1371 iu
283 1345 424 1380 sanguinis
433 1345 613 1372 substantiam
626 1352 773 1371 conversas
783 1342 955 1374 concederet,

168 1398 203 1418 ne
223 1390 274 1416 hoc
292 1391 401 1425 quidem
427 1395 505 1425 pacto
529 1390 637 1417 diliicile
657 1389 743 1416 fuisse
759 1389 899 1423 arguitur.
928 1391 957 1414 ut

168 1435 358 1471 [Egyptiorum
375 1438 588 1471 prmstigiatores
612 1443 661 1470 per
687 1443 767 1462 suum
795 1435 956 1461 malelicium

168 1483 327 1510 viderentur
338 1483 456 1509 divinam
473 1483 657 1517 operationem
672 1481 806 1509 :emulari.
822 1481 957 1514 Quoniam

992 251 1058 276 τίων
1080 248 1262 276 ὲκδεδώκασι·
1284 257 1293 274 t
1311 247 1371 274 Τῶν
1387 246 1530 281 ποταμίων
1555 246 1660 272 ὑδάτων
1677 245 1695 280 ἡ
1718 246 1787 279 πρὸς

994 293 1064 330 αἷμα
1095 295 1171 329 παρὰ
1196 294 1317 325 Μωσέως
1353 293 1401 320 καὶ
1425 292 1531 328 Ἀαρὼν
1554 291 1676 326 ἐγεγόνει
1706 300 1789 326 μετα-

997 341 1074 376 ϐολή.
1092 350 1102 366 ι

1031 393 1116 420 Τοῦτο
1138 393 1191 428 γὰρ
1210 393 1240 420 τδ
1260 391 1372 426 εὔλογον
1394 391 1586 425 συνεπάγεται,
1601 391 1648 417 τὸν
1664 391 1788 426 ποταμὸν

998 439 1141 475 βδελυκτδν
1157 438 1294 473 γενέσθαι,
1308 439 1355 464 καὶ
1366 437 1579 472 λελυμασμένον,
1593 438 1641 463 καὶ
1652 437 1789 472 ἄχρηστον

997 487 1111 515 ἐκεῖνον,
1130 485 1159 511 ὃν
1178 484 1210 511 τὸ
1231 484 1389 518 Αἰγυπτίων
1413 483 1488 514 ἔθνος
1509 483 1575 510 Θεὸν
1599 482 1787 517 ὲπωνόμαζον,

1000 531 1181 566 καρποδότην,
1200 531 1248 556 καὶ
1273 529 1404 564 ζωοδότην
1424 529 1590 561 θειάζοντες,
1608 529 1656 555 καὶ
1670 530 1698 553 ὲν
1711 524 1735 561 ᾧ
1754 528 1791 554 τὶ

967 601 971 605 .
998 577 1052 603 τῶν
1079 576 1255 612 Ἰσραηλιτῶν
1280 575 1368 610 βρέφη
1400 575 1601 610 ὲναπέῥριπτον
1628 574 1793 600 ἀποκτίννυ-

1001 622 1074 649 σθαι.
1097 622 1176 648 Ἐὃόα
1192 622 1246 656 γὰρ
1262 621 1399 647 κάκείνων
1414 621 1444 647 τὸ
1460 618 1528 655 αἷμα
1540 620 1594 646 ἀπὸ
1609 620 1663 646 τῶν
1676 620 1792 652 ὑδάτων,

1000 667 1095 702 ὥσπερ
1110 666 1217 693 καὶτοῦ
1234 665 1317 692 Ἀὃελ
1335 665 1389 692 ἀπὸ
1408 665 1459 700 τῆς
1481 665 1543 699 γῆς.
1562 665 1636 690 Ἔδει
1653 664 1709 699 γὰρ
1727 664 1792 695 τοὺς

1000 712 1168 746 Αἰγυπτίους
1183 712 1278 742 ποινὰς
1293 710 1383 737 δοῦναι
1402 710 1452 744 τῆς
1469 718 1499 736 τε
1518 709 1704 744 δυσσεϐούσης
1729 709 1792 736 θεο-

1002 758 1146 789 πλαστίας,
1163 757 1196 784 δι’
1213 755 1247 792 ἦς
1271 756 1301 783 τὸ
1331 755 1402 791 ὕδωρ
1424 756 1471 782 καὶ
1492 755 1600 790 μυρίοις
1622 755 1722 781 πάθεσι
1744 755 1793 781 καὶ

1002 804 1117 839 φθοραῖς
1144 803 1334 838 ὑποκείμενον,
1349 803 1397 836 τῆς
1419 801 1505 829 ἀϊδίου
1525 802 1572 828 καὶ
1604 800 1726 832 ἀπαθοῦς
1745 801 1794 828 καὶ

1003 848 1154 884 ἀρρεύστου
1174 847 1281 882 φύσεως
1299 847 1458 881 παρετίθετο
1471 846 1527 881 (51)
1546 845 1665 880 ἀξίωμα,
1684 846 1730 872 κιιί¹
1752 844 1795 877 οἷς

1002 895 1035 921 δι’
1053 894 1143 920 αὐτῶν
1165 893 1220 919 τῶν
1241 892 1396 919 ἀνευθύνων
1417 891 1526 927 βρεφῶν
1540 891 1722 926 ὲπαλαμῶντο
1744 891 1796 926 τὴν

1004 939 1161 974 μιαιφονίαν
1172 947 1178 954 ·
1203 938 1244 964 ὅτι
1266 937 1399 973 προῆλθον
1415 938 1455 968 εὶς
1474 937 1544 971 φῶς,
1559 936 1630 963 κατὰ
1646 936 1692 963 τοῦ
1710 937 1794 971 νόμου

1002 986 1052 1019 τῆς
1068 984 1176 1019 φύσεως
1191 983 1273 1010 αὐτοῦ
1292 983 1340 1010 τοῦ
1357 983 1446 1018 φωτὸς
1466 983 1516 1018 τὴν
1531 983 1716 1018 ἀποστέρησιν
1738 984 1796 1009 εἱσ-

1004 1030 1187 1066 πραττόμενοι
1209 1029 1300 1064 δίκην.
1322 1030 1354 1055 Ἡ
1374 1029 1402 1055 δὲ
1420 1029 1610 1064 φιλάνθρωπος
1628 1029 1709 1063 φύσις
1727 1029 1797 1060 τέως

1006 1077 1055 1112 μὲν
1071 1075 1251 1103 ἀναϐάλλεται
1264 1075 1313 1110 τὴν
1324 1076 1363 1105 εἰς
1381 1073 1541 1110 ἀνθρώπους
1552 1074 1699 1110 τιμωρίαν·
1715 1074 1798 1101 κολα-

1005 1124 1046 1155 ζει
1059 1122 1096 1152 δὲ.
1116 1123 1162 1149 καὶ
1176 1121 1299 1149 παιδεύει
1311 1121 1411 1155 τρόπον
1424 1120 1513 1152 ἄλλον,
1528 1120 1736 1154 λυμαινόμενος,
1748 1119 1797 1146 καὶ

1006 1168 1144 1203 μαστίζων
1158 1168 1189 1194 τὸ
1214 1167 1317 1202 ἄψυχον
1333 1175 1340 1182 ο
1355 1165 1389 1193 δι’
1400 1163 1485 1200 οὗπερ
1499 1167 1623 1196 ἐκείνοις.
1639 1166 1687 1192 καὶ
1701 1166 1733 1191 τὸ
1746 1166 1798 1199 τῆς

1007 1214 1163 1249 μιαιφονίας
1177 1213 1254 1247 ἄγος,
1270 1214 1316 1240 καὶ
1332 1213 1382 1248 τῆς
1402 1213 1442 1245 εἰς
1459 1213 1525 1240 Θεὸν
1542 1211 1703 1243 δυσσεϐείας
1720 1211 1799 1238 ἐτολ-

1007 1260 1080 1296 μήθη
1097 1260 1127 1287 τὸ
1138 1259 1302 1295 ἁνοσιούργη
1308 1268 1355 1294 μα.

1042 1306 1073 1332 Εἰ
1096 1306 1124 1332 δὲ
1148 1307 1284 1340 συγχωροῖ
1305 1313 1347 1336 τις
1366 1305 1401 1332 τὰ
1415 1303 1468 1332 ἀνὰ
1482 1305 1573 1330 πᾶσαν
1591 1303 1644 1337 γῆν
1656 1301 1798 1336 Αἰγύπτου

1007 1351 1092 1378 ὕδατα
1115 1353 1154 1382 είς
1177 1351 1271 1377 οὐσίαν
1295 1350 1413 1385 αἵματος
1434 1349 1723 1384 μεταστοιχειωθῆναι,
1742 1347 1799 1374 οὐδ’

1007 1397 1078 1424 οὓτω
1091 1398 1229 1424 δείκνυται
1246 1397 1347 1432 ἄπορον
1358 1396 1388 1423 τὸ
1401 1399 1447 1423 καὶ
1457 1397 1520 1428 τοὺς
1534 1396 1635 1431 γόητας
1649 1394 1702 1421 τῶν
1713 1395 1800 1428 Δίγυ-

1008 1444 1093 1470 πτίων
1115 1443 1164 1479 τὴν
1188 1442 1332 1477 Θεουργίαν
1356 1441 1565 1478 ἐκμιμήσασθαι
1585 1441 1657 1472 δόξαι
1678 1440 1723 1466 διὰ
1747 1440 1800 1474 τῆς

1007 1490 1187 1524 κακουργίας.
1209 1488 1284 1515 Ἐπεὶ
1298 1489 1352 1524 γὰρ
1367 1488 1514 1523 προείρητο
1540 1488 1589 1523 μὲν
1603 1486 1642 1522 τῷ
1657 1487 1755 1514 Μωσεῖ
1768 1486 1801 1512 τὸ

168 1529 241 1556 enim
260 1529 411 1562 prodigium
426 1528 623 1562 praenuntiarat
633 1527 730 1558 Moses,
744 1526 848 1553 Pharao
863 1531 948 1553 autem

1040 1535 1110 1569 .ῠμα,
1129 1535 1262 1570 ᾐσθάνετο
1280 1534 1310 1561 δὲ
1329 1535 1343 1561 ὅ
1363 1543 1392 1561 τε
1406 1533 1517 1569 Φαραὼ,
1532 1533 1579 1560 καὶ
1597 1534 1623 1559 οἱ
1641 1533 1696 1559 τῶν
1713 1533 1802 1566 Δίγυ-

169 1579 297 1609 expertus
317 1574 424 1606 fuerat,
449 1578 475 1600 et
495 1573 683 1608 Aigyptiorum
714 1573 898 1599 incantatores
922 1579 957 1598 ex

170 1621 253 1655 virgte
271 1621 297 1646 in
311 1625 465 1654 serpentem
476 1620 626 1646 mutatione
639 1619 661 1634 “
676 1624 870 1653 cognoverant,
885 1618 957 1651 quod

169 1666 346 1693 comminatio
370 1666 402 1693 ad
426 1670 553 1693 eventum
572 1665 771 1692 essetomnin
787 1665 958 1698 prorehenda

171 1711 256 1747 (quod
271 1712 341 1739 enim
356 1712 411 1746 jam
427 1713 528 1738 factum
547 1716 615 1744 erat,
632 1712 669 1738 rei
690 1711 820 1738 faciendze
838 1711 959 1737 testimo-

171 1758 244 1784 niqu
262 1758 419 1791 perhibebat
433 1767 439 1784 :
456 1757 600 1785 studebant
615 1762 704 1784 autem
716 1758 733 1783 ii
750 1764 803 1783 non
816 1757 899 1783 videri
913 1764 960 1790 per

171 1811 235 1830 suas
252 1804 468 1830 machinationes
493 1803 613 1829 minores
628 1801 637 1838 )
653 1812 660 1829 :
680 1810 741 1829 cum
782 1802 960 1836 probabiliter

171 1853 292 1880 nossent,
310 1849 381 1882 quod
400 1849 444 1875 illc
457 1856 543 1882 aquas
559 1849 610 1876 sub
625 1848 682 1879 dio,
708 1848 872 1882 ubicumque
888 1847 960 1874 exsi-

172 1897 292 1922 sterent.
307 1897 381 1920 esset
406 1899 630 1928 permulaturus;
651 1893 732 1920 simul
749 1901 780 1919 ac
798 1893 959 1919 miraculum

172 1940 279 1974 quidem
297 1940 506 1973 praenuntiatmn
522 1944 590 1971 erat,
617 1939 663 1966 sed
688 1938 732 1965 Dei
751 1939 873 1973 operatio
891 1946 960 1965 nnti-

173 1985 235 2011 dtun
250 1985 407 2019 prodierat;
429 1990 530 2012 tantam
547 1993 625 2019 aqua:
638 1984 815 2019 quantitatem
833 1984 961 2011 haurien-

174 2036 224 2062 tes.
239 2036 340 2065 quanta
349 2031 495 2058 clilciendae
512 2031 632 2058 illusioni
649 2031 716 2057 satis
725 2036 794 2062 erat,
805 2037 865 2056 eam
877 2035 903 2056 et
913 2037 961 2064 ap-

173 2080 315 2111 pararnnt.
328 2081 355 2103 et
370 2080 552 2110 seposuerunt
566 2085 573 2102 :
588 2081 616 2103 ut
631 2084 691 2103 cum
703 2083 773 2109 opus
787 2081 869 2106 esset,
884 2076 962 2110 aquis

174 2120 315 2147 abundare
342 2121 519 2150 viderentur.
547 2120 647 2154 quibus
673 2120 791 2147 colorem
821 2120 962 2154 sanguinis

175 2165 340 2193 asciscenles
354 2187 361 2198 ,
384 2165 570 2193 incredibilem
601 2165 699 2193 divina;
720 2165 886 2199 operationis
901 2165 961 2201 glo-

175 2213 243 2238 riam
260 2219 307 2246 per
324 2211 397 2239 falsa?
412 2212 565 2242 illusionem
587 2211 788 2239 imminuerent.
810 2206 826 2223 ⁸

210 2256 338 2284 Nonnulli
355 2263 444 2284 autem
461 2257 648 2290 at'llrmarunt,
672 2258 745 2292 quod
763 2265 817 2292 quo
840 2262 962 2293 tempore

176 2303 264 2330 Muses
283 2303 403 2330 ﬂuviales
429 2311 514 2338 aquas
542 2303 569 2330 in
589 2303 750 2336 sanguinem
774 2306 961 2338 convertebat,

177 2349 257 2376 simul
271 2349 432 2376 adessentet
447 2348 498 2383 ipsi
519 2348 648 2376 falsitatis
664 2349 805 2377 molitores
819 2357 869 2377 sua
883 2350 963 2377 adhi-

178 2394 272 2421 bentes
287 2393 435 2425 maleﬁcia;
461 2398 488 2421 et
516 2395 588 2429 quod
611 2395 729 2421 maxima
749 2395 858 2429 quidem
887 2402 964 2428 aqua:

178 2448 240 2474 pars
255 2440 337 2467 .‘llosis
353 2440 477 2475 prodigio
491 2440 636 2468 inserviret
649 2461 656 2472 ,
681 2448 735 2467 nou
761 2448 842 2475 parva
872 2445 963 2468 autem

177 2485 211 2512 ad
228 2493 366 2519 magorum
384 2494 460 2513 usum
474 2491 547 2513 esset
564 2491 715 2521 segregata.
728 2486 762 2512 At
777 2494 840 2513 vero
859 2487 910 2514 hoc
923 2490 965 2514 est

177 2535 204 2556 et
222 2530 342 2556 historia:
357 2531 536 2563 contrarium,
553 2535 580 2558 et
606 2531 719 2558 mirilica
748 2531 965 2565 sapientissima-

177 2582 231 2609 que
243 2574 326 2602 Mosis
342 2575 485 2609 prudentia
506 2575 649 2610 indignum
663 2584 670 2608 ;
688 2576 752 2610 quia
771 2581 798 2603 et
813 2576 966 2605 infensissi-

178 2628 254 2648 mum
269 2621 456 2649 adversarium
472 2621 635 2649 reddidisset
651 2622 760 2649 virtutis
776 2630 833 2650 sua:
850 2631 966 2650 consor—

180 2672 245 2698 tem,
266 2675 298 2694 ac
310 2667 490 2702 participem,
518 2671 543 2694 et
572 2675 634 2696 eum
661 2669 880 2696 irrecouciliabili
904 2677 966 2697 sese

215 2734 238 2749 "
255 2734 323 2760 Gen.
337 2741 374 2766 \‘l,
391 2734 436 2762 10.

1008 1581 1094 1607 πτίων
1122 1580 1243 1606 ἑπαοιδοὶ
1269 1581 1302 1607 ἐκ
1321 1580 1370 1616 τῆς
1392 1579 1464 1606 κατὰ
1485 1579 1534 1614 τὴν
1555 1579 1651 1614 ῥάϐδον
1675 1579 1714 1609 εἰς
1737 1578 1803 1612 ὅφιν

1009 1626 1161 1661 μεταϐολῆς
1175 1626 1295 1661 ᾔδεισαν,
1315 1626 1353 1657 ὡς
1375 1626 1416 1657 εἰς
1437 1626 1518 1661 ἔργον
1534 1626 1550 1660 ὴ
1569 1625 1668 1659 ἀπειλὴ
1689 1625 1805 1655 πάντως

1009 1674 1183 1708 προχωρήσει
1199 1673 1240 1707 (τὸ
1255 1672 1308 1708 γὰρ
1330 1673 1379 1708 ἤδη
1397 1672 1565 1707 προγεγονὸς
1585 1671 1631 1698 τοῦ
1646 1670 1805 1705 γενησομέ-

1009 1728 1054 1746 νου
1078 1719 1216 1754 μαρτυρία
1232 1716 1265 1753 ἦν
1277 1727 1284 1735 υ
1302 1718 1431 1745 ἔσπευδον
1450 1718 1478 1744 δὲ
1492 1717 1613 1744 κάκεῖνοι
1630 1716 1667 1752 μὴ
1681 1716 1805 1750 φανῆναι

1008 1766 1068 1796 ταῖς
1086 1764 1300 1799 μηχανουργίαις
1323 1764 1473 1798 ἐλάττους),
1497 1763 1610 1794 εἰκότως
1626 1763 1737 1794 εἰδότες,
1763 1762 1805 1793 ὡς

1008 1811 1042 1836 τὰ
1061 1810 1200 1844 πανταχοῦ
1214 1810 1265 1844 τῆς
1279 1811 1330 1844 γῆς
1347 1809 1430 1836 ὕδατα
1442 1809 1564 1845 ὕπαιθρα
1577 1809 1617 1840 είς
1632 1806 1702 1843 αἷμα
1719 1817 1808 1843 μετα.-

1010 1855 1102 1882 6ἀλλει
1114 1863 1121 1870 ·
1137 1855 1184 1882 τοῦ
1210 1855 1348 1886 θαύματος
1368 1855 1416 1890 μὲν
1429 1855 1479 1890 ἤδη
1494 1854 1652 1889 λεγομένου,
1678 1853 1756 1880 οὔπω
1774 1853 1807 1879 δὲ

1009 1900 1059 1934 τῆς
1075 1900 1220 1935 θεουργίας
1235 1899 1428 1935 προελθούσης,
1441 1899 1592 1934 τηνικαῦτα
1603 1898 1687 1925 ὕδατα
1699 1899 1808 1934 ἀρυσά-

1013 1953 1098 1980 μενοι,
1113 1946 1163 1971 ὅσα
1178 1945 1279 1972 δυνατὰ
1292 1944 1453 1980 παραδεῖξαι
1467 1945 1517 1980 τὴν
1531 1944 1680 1980 φαντασίαν
1693 1943 1743 1969 τοῦ
1758 1952 1808 1970 σο-

1011 1991 1156 2026 φίσματος,
1175 1990 1443 2026 προπαρασκεύασάν
1453 1999 1494 2022 τε,
1509 1991 1556 2017 καὶ
1572 1989 1748 2016 ὲναπέθεντο·
1766 1988 1808 2020 ὡς

1013 2037 1046 2063 ἂν
1059 2038 1088 2063 ὲν
1100 2036 1140 2072 τῷ
1152 2037 1241 2072 χαιρῷ
1253 2037 1303 2071 τῆς
1316 2037 1411 2072 χρείας
1425 2036 1605 2072 εὐποροῦντες
1620 2036 1730 2070 ὀφθεῖεν
1743 2035 1810 2061 ὑδά-

1012 2090 1078 2114 των,
1105 2080 1145 2114 οἷς
1171 2082 1201 2109 τὸ
1225 2083 1324 2118 χρῶμα.
1347 2083 1394 2109 τοῦ
1419 2082 1535 2116 αἵματος
1560 2082 1748 2117 περιθέμενοι,
1773 2081 1810 2106 τὸ

1014 2127 1167 2162 παράδοξον
1189 2128 1237 2163 τῆς
1252 2127 1396 2163 θεουργίας
1414 2129 1448 2163 τῇ
1470 2127 1606 2163 φαντασίᾳ
1627 2127 1675 2154 τοῦ
1691 2126 1810 2161 ψεύδους

1015 2172 1208 2199 ὲλαττώσουσι.

1048 2259 1109 2286 Τισί
1123 2259 1151 2286 δὲ
1165 2260 1284 2295 εἴρηται,
1303 2260 1341 2291 ὡς
1353 2260 1400 2287 τοῦ
1421 2259 1545 2291 Μωσέως
1559 2258 1811 2294 παραδοξοποιοῦν-

1012 2312 1059 2335 τος
1069 2303 1099 2330 τὸ
1115 2304 1248 2339 ποτάμιον
1265 2296 1337 2339 ὕδωρ
1352 2305 1391 2336 εἰς
1411 2302 1481 2339 αἷμα
1498 2304 1569 2330 κατὰ
1588 2304 1634 2330 τὸν
1649 2303 1731 2330 αὑτὸν
1744 2312 1794 2330 και
1804 2322 1811 2324 -

1015 2349 1060 2384 ρὺν
1079 2349 1264 2384 συμπαρῆσαν
1287 2350 1334 2376 καὶ
1356 2350 1381 2375 οἰ
1400 2349 1447 2376 τοῦ
1462 2349 1577 2383 ψεύδους
1603 2349 1730 2383 σοφισταὶ
1747 2350 1811 2380 ταῖς

1013 2395 1127 2426 οἰκείαις
1140 2395 1277 2430 χρώμενοι
1292 2395 1497 2429 κακοτεχνίαις·
1514 2395 1562 2421 καὶ
1574 2394 1605 2420 τὸ
1621 2394 1670 2429 μὲν
1683 2393 1812 2420 πλεῖστον

1016 2441 1063 2466 τοῦ
1082 2440 1177 2472 ὕδατος
1190 2440 1237 2467 τοῦ
1249 2440 1370 2472 Μωσέως
1383 2441 1546 2475 ὑπηρετεῖτο
1558 2440 1597 2475 τῷ
1612 2439 1743 2474 θαύματι,
1759 2439 1811 2465 οὐκ

1017 2486 1106 2521 ὀλίγον
1121 2486 1150 2513 δὲ
1168 2487 1265 2513 τούτου
1286 2487 1332 2513 καὶ
1348 2488 1381 2521 τῇ
1403 2486 1457 2512 τῶν
1477 2487 1572 2521 μάγων
1592 2485 1672 2521 χρείᾳ
1690 2492 1812 2519 συγκατ-

1014 2533 1168 2568 εμερίζετο.
1189 2533 1268 2559 Ἀλλὰ
1293 2533 1347 2568 γὰρ
1370 2532 1448 2559 τοῦτο
1471 2533 1537 2568 παρ’
1554 2532 1675 2566 ῑστορίαν
1695 2531 1731 2558 τέ’
1749 2531 1811 2557 ἐστι

1014 2579 1114 2613 λέγειν,
1130 2578 1178 2605 καὶ
1192 2579 1242 2613 τῆς
1257 2579 1286 2604 ἐν
1302 2578 1339 2614 τῷ
1354 2579 1448 2605 Μωσεῖ
1461 2577 1661 2613 μεγαλουργοῦ,
1677 2577 1725 2604 καὶ
1738 2585 1810 2603 παν-

1017 2624 1099 2658 σόφου
1115 2623 1241 2659 προνοίας
1255 2623 1374 2656 ἀνάξιον,
1391 2624 1439 2650 καὶ
1452 2624 1594 2658 δυνάμεως
1607 2622 1747 2653 κοινωνὸν,
1763 2623 1812 2649 καὶ

1018 2670 1132 2706 μεσίτην
1149 2671 1236 2697 ποιεῖν
1263 2669 1309 2696 τὸν
1333 2669 1550 2705 πολεμιώτατον,
1576 2670 1624 2696 καὶ
1645 2668 1811 2704 ὁμόσπονδον

931 2782 955 2810 Ν
961 2782 1050 2811 ΟΤιΕ.

224 2856 280 2891 (ὖί)
297 2856 482 2892 Παρατίθεντο
505 2858 633 2894 legi-ram,
651 2860 696 2888 sed
718 2858 827 2895 patebat
846 2866 932 2887 error.
