1878 3057
153 139 208 170 233

708 173 712 176 η
735 134 867 166 ΡΗΟῚἸΙ
888 135 1140 166 PA'l'l’t'tAhCILfE
1156 135 1210 165 ΟΡ.

1735 139 1794 170 εει

155 192 308 221 Pharaonis
323 199 372 220 cor
389 190 531 223 indurare,
562 189 636 225 quod
651 209 658 222 ,
680 189 745 217 dum
768 189 938 217 contumacia

1039 189 1114 224 ρδὶαν
1129 188 1240 225 Φαραὼ,
1257 188 1297 216 ὅτι
1312 189 1499 226 μακροθυμῶν
1516 191 1560 217 ἐπ’
1575 191 1650 227 αύτῷ
1660 193 1731 220 κατὰ
1743 196 1795 220 τὸν

157 244 281 274 tempore
295 245 356 264 eum
376 236 512 271 patienter
526 235 718 270 exspectabat,
735 240 763 262 et
779 242 830 262 nec
846 235 945 269 ipsum,

157 293 209 313 nec
233 284 318 319 ipsius
340 286 449 318 gentem
466 289 542 316 :eque
555 281 725 316 pervicacem
748 280 871 308 funditus
885 288 947 315 per-

157 330 256 361 debat,
285 335 381 364 pcenas
400 332 492 354 autem
513 327 653 362 irrogahat
678 327 814 359 leniores;
843 330 946 354 tantam

157 377 181 403 ei
201 383 296 402 ansam
314 373 489 409 superbiendi
506 373 668 407 prmbuerit,
683 377 712 400 ut
727 372 854 400 mandata
879 380 948 400 con-

157 425 301 448 temneret.
311 419 380 447 Cum
391 419 464 446 enim
476 418 522 446 ille
536 423 562 445 et
573 418 619 445 Dei
631 418 760 453 patientia
774 418 948 446 occasionem

158 466 291 499 augenda:
303 473 367 499 sua:
380 463 576 491 obstinationis
604 469 630 491 et
644 464 780 492 vecordia:
803 463 947 499 arriperet,

158 520 174 538 a
188 512 244 538 Deo
255 511 357 538 dicitur
369 510 456 536 luisse
472 510 635 543 obduratus;
651 511 763 545 perinde
777 517 809 538 ac
821 512 844 538 si
856 510 948 537 divina

159 558 303 584 ttlcluentia
316 557 484 591 pertinacem
503 556 552 590 ipsi
565 556 698 589 animum,
714 561 740 584 et
754 556 892 584 crudelem
908 556 949 583 itt-

159 605 254 633 deret.
271 609 297 630 et
312 602 520 638 quodammodo
536 610 612 629 suam
627 603 661 630 ad
676 603 727 630 hoc
745 610 855 638 operam
884 609 950 630 con-

160 649 255 677 ferret.

194 697 229 722 At
249 695 320 722 enim
337 695 416 722 istaut
431 695 484 722 loci
505 694 586 726 hujus
601 693 853 728 interpretationem
870 693 949 720 multi

160 742 269 774 quidem
288 740 427 768 inoﬂ'ensis
442 741 556 767 auribus
569 740 711 774 excipiunt
723 760 730 772 ,
756 747 870 775 eamque
889 747 950 767 ver-

160 783 258 814 borum
273 787 483 821 explicationem
505 787 544 813 uti
563 786 636 820 piam
651 787 853 820 amplectuntur
868 795 875 812 :
891 785 950 813 for-

160 839 232 861 tasse
248 841 310 860 vero
326 834 352 859 in
370 833 442 860 hanc
466 841 518 859 non
545 833 652 867 planam
677 832 753 870 dubii
781 832 946 859 solutionem

159 879 294 912 quispiam
311 883 401 912 potest
415 878 567 913 insurgere.
582 877 616 904 Et
641 877 750 912 quidem
768 876 839 904 Deus
854 877 948 912 plagas

159 923 277 959 [Egypto
291 932 348 951 suae
363 923 514 958 inﬂigcbat,
534 931 588 950 non
612 929 641 950 ut
658 923 793 958 patientiae
815 931 872 951 sua:
889 930 947 958 spe-

159 971 247 997 cimcn
269 970 413 1005 praeberet,
429 970 475 997 sed
494 974 523 996 ut
538 969 704 1002 Pharaonis,
729 969 843 1004 ejusque
865 969 947 996 mini-

158 1021 280 1044 strorum
302 1016 462 1043 retunderet
482 1015 614 1048 furorem,
633 1019 717 1049 atque
743 1020 772 1042 ut
801 1016 948 1042 intoleran-

159 1063 221 1090 dam
238 1063 388 1098 duramque
404 1062 589 1090 lsraelitarum
600 1063 768 1090 vexationem
778 1063 946 1097 reprimeret.

158 1108 252 1143 Neque
276 1109 348 1136 Deus
372 1109 424 1135 sibi
448 1113 630 1143 proposuerat
654 1107 810 1144 Egyptiam
839 1113 947 1144 gentem

158 1158 291 1186 evertere,
312 1154 357 1180 sed
369 1161 568 1185 aerumnarum,
583 1157 610 1181 et
622 1155 832 1189 castigatiouum
850 1155 949 1182 timore

158 1197 274 1230 efﬁcere,
295 1203 323 1226 ut
343 1198 388 1225 illa
399 1206 461 1233 erga
478 1197 606 1226 Hebraeos
620 1198 823 1226 misericordior
852 1200 950 1226 huma-

159 1245 277 1278 niorque
297 1245 383 1277 lierel,
398 1250 479 1279 atque
491 1245 523 1271 ad
537 1252 584 1272 eos
601 1253 615 1271 a
629 1246 758 1272 servitute
769 1264 776 1276 .
793 1249 819 1272 et
835 1245 950 1273 calauti-

159 1294 215 1317 tate
228 1290 383 1317 liberantlos
403 1290 519 1322 facilius,
535 1291 948 1325 clementiusqueinduceretur.

158 1334 219 1362 Non
238 1343 304 1369 ergo
319 1335 377 1362 haec
391 1337 416 1361 in
431 1335 545 1362 exordio
561 1335 696 1362 orationis
714 1336 795 1362 allata
814 1336 949 1370 interpre-

159 1380 228 1407 tatio
241 1381 302 1407 loco
317 1381 457 1415 proposito
474 1381 604 1415 quadrat,
621 1389 709 1415 neque
723 1381 868 1408 verborum
887 1389 950 1410 sen-

161 1434 222 1454 sum
250 1434 300 1453 acu
325 1431 439 1461 tangens
467 1427 658 1454 inconcussam
684 1427 791 1455 obtinet
812 1428 949 1456 stabilita-

160 1478 215 1500 tem
231 1472 297 1508 (20).

196 1519 231 1546 At
246 1519 301 1546 dici
318 1519 421 1553 nequit,
435 1519 508 1554 quod
522 1519 752 1554 rectiorejudicio
764 1520 945 1556 indigeamus,

161 1564 185 1592 si
202 1564 267 1591 illud
283 1573 290 1591 :
311 1573 320 1590 ι
338 1563 395 1599 Εκο
419 1564 554 1592 induraho
571 1572 618 1592 cor
638 1564 788 1594 Pharaonis
814 1566 949 1601 interpre-

162 1615 252 1637 temur
271 1611 322 1637 hoc
338 1615 418 1644 pacto
436 1619 442 1637 :
458 1618 505 1637 cor
517 1611 573 1644 jam
591 1611 699 1643 durum,
726 1617 807 1647 atque
830 1613 949 1640 indomi-

163 1660 222 1682 tum
248 1663 299 1689 ego
322 1655 408 1690 magis
438 1656 612 1691 patefaciant,
648 1657 700 1684 isto
727 1658 795 1685 allici
821 1659 898 1691 vitio,
923 1663 951 1686 et

162 1709 250 1736 neque
265 1705 364 1741 morte,
382 1709 470 1737 neque
482 1702 625 1736 suppliciis
641 1703 848 1731 inuniuentibus
865 1704 952 1731 cmol-

163 1746 219 1774 iiri.
237 1757 246 1772 ι
273 1747 424 1775 Enimvero
437 1748 538 1776 duritia
561 1749 651 1776 cordis
668 1749 818 1778 Pharaonis
838 1756 952 1778 cartcro-

163 1799 290 1827 rumque,
317 1793 363 1826 qui
389 1792 448 1826 ejus
469 1793 590 1819 animum
609 1793 726 1820 annulati
756 1793 952 1820 humanitatem

162 1845 226 1864 cum
257 1837 364 1864 feritate
391 1842 603 1870 comtnutarunt,
629 1838 756 1866 omnibus
791 1843 901 1866 ostensa
927 1842 954 1865 et

163 1882 324 1910 denuntiata
346 1887 406 1915 est;
431 1883 496 1909 dum
526 1890 561 1909 ne
586 1885 667 1908 tanta:
683 1881 804 1916 quidem,
829 1882 953 1916 talesque

163 1928 334 1955 calamitates
365 1928 503 1955 duritiam
523 1935 639 1960 eorum,
673 1932 700 1954 et
732 1927 953 1954 oblirmatiouem

164 1975 299 2006 cinollire,
312 1978 394 2009 atque
406 1974 599 2001 obcwcationis
611 1975 664 2000 vim
678 1973 783 2000 solvere
794 1976 952 2007 potuerunt.

164 2020 254 2054 Atque
278 2020 437 2053 priusquam
462 2019 566 2046 saevitie
603 2025 630 2046 et
649 2019 848 2045 inhumanitate
869 2025 954 2045 excrc-

163 2070 276 2092 caretur
292 2065 444 2091 Pharaonis
471 2065 590 2097 animus,
618 2065 726 2099 patebat
745 2064 864 2099 quidem.
881 2063 954 2098 quod

164 2111 200 2138 ad
226 2110 392 2138 induentlam
418 2110 590 2138 clementiam
613 2119 666 2138 non
691 2111 882 2142 induceretur;
907 2110 954 2137 sed

166 2161 257 2184 tamen
295 2164 347 2184 non
377 2157 508 2191 patebat,
544 2157 616 2191 quod
649 2156 716 2183 adeo
751 2156 857 2189 durus,
887 2157 954 2184 adeo

166 2203 313 2238 superbus,
336 2207 364 2229 et
378 2202 446 2229 adeo
472 2201 628 2229 inﬂexibilis
649 2206 739 2229 esset:
757 2209 844 2237 neque
859 2203 881 2229 is
899 2203 954 2229 ullo

167 2249 320 2277 facinorum
336 2256 449 2277 suorum
466 2249 507 2276 sic
521 2248 646 2275 omnibus
663 2248 791 2280 innotuit,
810 2253 837 2275 ct
851 2249 953 2275 indele-

167 2296 222 2323 bile
248 2295 299 2323 sibi
326 2298 535 2321 monumentum
569 2294 756 2329 compararit;
784 2299 814 2321 ut
843 2294 953 2329 quando

168 2349 216 2377 per
245 2340 413 2368 incredibilia
448 2340 570 2374 prodigia
599 2339 769 2374 ﬂagellatus,
803 2340 830 2367 in
858 2341 952 2367 eadem

170 2393 259 2414 tamen
283 2385 464 2417 humanitate,
484 2392 511 2412 et
530 2385 603 2411 rabie
619 2385 705 2412 ferina
725 2385 891 2420 permansit.-

203 2432 231 2459 Si
254 2433 316 2468 quis
344 2436 436 2459 autem
461 2431 569 2466 planius
593 2439 701 2466 quoque
729 2431 791 2458 velit
817 2438 849 2458 ea
873 2431 955 2458 verba

168 2479 355 2514 interpretari,
392 2482 419 2506 et
437 2478 503 2505 illud
518 2486 526 2504 :
551 2488 559 2503 ι
577 2477 632 2513 Ego
649 2477 783 2504 induraho
797 2486 806 2502 ι
825 2477 957 2511 intelligat

168 2532 218 2560 pro
229 2533 238 2550 ι
252 2532 302 2559 ego
318 2525 405 2551 sinam
430 2528 457 2551 et
479 2523 633 2558 permittam
650 2522 748 2549 durum
764 2521 821 2548 ﬁeri
835 2531 842 2555 ;
858 2531 867 2546 ι
885 2528 957 2550 certe

169 2569 280 2604 quidem
298 2577 313 2597 a
333 2570 460 2605 religiosa
479 2568 616 2604 cogitandi
635 2568 741 2595 ratione
755 2574 844 2602 neque
860 2567 956 2595 isthmc

169 2616 366 2643 commentatio
375 2615 509 2643 aberrarit
520 2624 528 2642 ς
541 2622 594 2642 non
610 2614 767 2650 aggreditur
782 2619 873 2642 autem
891 2623 956 2650 pro-

999 235 1094 269 καιρὸν
1107 235 1156 270 τῆς
1170 235 1321 267 ἀπειθείας,
1338 235 1386 262 καὶ
1398 236 1467 272 μήτ’
1477 237 1569 270 αὐτὸν,
1587 239 1657 274 μήτε
1671 239 1701 264 τὸ
1714 239 1795 271 ἔθνος

1000 281 1211 313 συναπείθοντας
1232 281 1407 317 πανωλεθρίᾳ
1431 283 1606 317 παραδιδοὺς,
1634 284 1794 320 φιλανθρω-

999 327 1112 363 πότερον
1134 327 1162 354 δὲ
1183 327 1233 359 τὰς
1249 327 1384 363 τιμωρίας
1408 328 1531 362 ἐπάγων,
1555 330 1697 365 παρέσχεν
1712 330 1793 366 αὑτῷ

999 374 1091 401 ἄδειαν
1104 374 1255 409 ὑπεροψίας
1265 394 1272 407 ,
1289 374 1361 401 ὥστε
1375 374 1430 402 τῶν
1445 377 1691 412 προσταττομένων
1715 378 1795 411 ὀλιγ-

999 421 1091 456 ωρεῖν.
1102 420 1158 456 Τὴν
1172 421 1226 456 γὰρ
1236 420 1282 447 τοῦ
1294 420 1362 448 Θεοῦ
1378 422 1569 457 μακροθυμίαν
1584 423 1710 458 ἀφορμὴν
1721 425 1796 450 ἐκεῖ·

999 474 1044 497 νος
1061 466 1223 501 ποιούμενος
1237 466 1360 500 μείζονος
1371 467 1511 499 ἀπειθείας
1526 476 1566 499 τε,
1586 469 1633 495 καὶ
1645 469 1792 501 ἀπονοίας,

1001 511 1202 547 σκληρυνθῆναι
1217 512 1326 546 λέγεται
1342 513 1416 548 παρὰ
1430 512 1499 539 Θεοῦ
1517 520 1524 528 ·
1538 511 1583 540 οἶα
1599 513 1627 540 δὲ
1644 514 1693 549 τῆς
1711 514 1792 546 θείας

1000 558 1204 593 φιλανθρωπίας
1229 558 1259 585 τὸ
1281 559 1394 590 ἀπειθὲς
1413 558 1499 594 αὐτῷ,
1527 558 1575 586 καὶ
1598 559 1793 595 μισάνθρωπον

1002 604 1215 640 συνενδιδούσης,
1229 605 1277 632 καὶ
1289 605 1392 632 τρόπον
1405 605 1466 632 τινὰ
1481 606 1791 641 συγκατεργαζομένης.

1035 695 1115 721 Ἀλλὰ
1132 695 1186 730 γὰρ
1208 695 1310 730 ταύτην
1327 696 1377 730 τὴν
1399 696 1511 732 ἐκδοχὴν
1530 696 1579 723 τοῦ
1597 696 1678 731 λόγου
1693 697 1793 724 πολλοὶ

1002 740 1051 776 μὲν
1068 741 1135 776 ἀκοῇ
1152 741 1248 776 ἀλύπῳ
1269 741 1473 776 προσδέχονται,
1500 742 1547 768 καὶ
1566 742 1605 773 ὡς
1623 742 1794 770 εὐσεϐοῦσαν

1001 787 1236 822 περιπτύσσονται
1257 787 1385 822 τὴνοτῶν
1401 788 1533 822 ῥημάτων
1549 787 1699 820 ἀνάπτυξιν
1711 795 1719 803 ·
1740 788 1794 815 οὐκ

1001 832 1117 868 εὔπορον
1130 832 1151 858 δ’
1161 832 1193 859 ἄν
1205 839 1247 863 τις
1260 831 1325 862 ἴσως
1333 831 1532 867 άνθυποφέρειν
1544 832 1691 867 παρέχεται
1701 832 1791 859 λύσιν.

963 865 986 895 Β
1001 879 1056 904 Καὶ
1071 865 1138 913 ’μὴν
1151 878 1164 904 ό
1184 877 1250 909 Θεὸς
1273 878 1320 909 τὰς
1333 865 1594 913 τιμωρίαςέὲπῆγεν
1606 865 1681 912 ,Ποὺχ
1699 878 1745 904 ἴνα
1762 878 1793 904 τὸ

1002 926 1178 960 μακρόθυμον
1187 923 1269 950 αὐτοῦ
1283 925 1421 958 παραστῇ.
1435 923 1494 950 ἀλλ’
1507 923 1550 950 ἵνα
1561 924 1609 958 τὴν
1620 923 1668 949 τοῦ
1689 923 1794 958 Φαραὼ

1000 970 1114 997 καὶτῶν
1136 970 1310 1005 θεραπόντων
1326 969 1408 996 αὑτοῦ
1424 969 1533 1006 θραύσῃ
1552 969 1661 1004 μανίαν,
1677 970 1726 996 καὶ
1739 970 1792 1004 τὴν

999 1016 1113 1051 ἄσχετον
1125 1016 1197 1042 κατὰ
1207 1015 1261 1041 τῶν
1272 1014 1459 1050 Ἰσραηλιτῶν,
1472 1015 1519 1041 καὶ
1530 1015 1633 1049 πικρὰν
1643 1014 1793 1049 ἁναστείλῃ

999 1060 1156 1096 κακουχίαν.
1174 1060 1241 1086 Οὐδὲ
1254 1060 1460 1096 προηγούμενον
1475 1057 1509 1095 ἦν
1531 1059 1570 1094 τῷ
1594 1059 1654 1094 Θεῷ
1667 1059 1697 1086 τὸ
1707 1058 1794 1093 Αἰγύ-

1000 1115 1078 1133 πτιον
1096 1105 1287 1132 καταναλῶσαι
1302 1105 1390 1139 γένος,
1408 1104 1475 1132 ἀλλὰ
1487 1104 1526 1139 τῷ
1542 1105 1617 1139 φόϐῳ
1631 1104 1686 1130 τῶν
1701 1113 1792 1139 τιμωα

1001 1150 1078 1186 ριῶν,
1096 1151 1143 1177 καὶ
1160 1150 1297 1181 κολάσεως
1317 1150 1554 1184 συμπαθέστερον,
1571 1150 1617 1175 καὶ
1634 1149 1793 1184 φιλανθρω-

1000 1197 1115 1231 πότερον
1131 1195 1341 1231 παρασκευάσαι
1353 1195 1520 1222 διατίθεσθαι
1535 1195 1603 1230 πρὸς
1613 1195 1658 1221 τὸν
1669 1194 1793 1229 Ἰσραὴλ,

1000 1243 1047 1269 καὶ
1059 1243 1108 1277 τῆς
1118 1242 1307 1277 αἰχμαλωσίας
1321 1242 1415 1274 αὑτοῦ,
1432 1242 1479 1268 καὶ
1498 1241 1687 1276 ταλαιπωρίας
1700 1240 1793 1267 ἁπαλ-

1000 1288 1085 1324 λαγὴν
1110 1288 1319 1322 εὐπειθέστερον
1334 1288 1438 1319 αὐτοῖς,
1464 1287 1511 1314 καὶ
1535 1287 1794 1322 φιλανθρωπότερον

1000 1334 1138 1367 δέξασθαι.
1155 1334 1259 1361 Οὐκοῦν
1273 1335 1286 1360 ὁ
1303 1334 1333 1367 ἐξ
1350 1334 1438 1369 ἀρχῆς
1455 1334 1504 1369 τῆς
1518 1333 1697 1366 ἀναπτύξεως
1710 1333 1794 1367 λόγος

999 1380 1049 1415 τὴν
1063 1380 1166 1406 οἰκείαν
1188 1379 1323 1414 λαμϐάνει
1340 1379 1429 1411 τάξιν.
1447 1379 1494 1406 καὶ
1508 1380 1538 1405 τὸ
1555 1379 1646 1410 καλῶς
1673 1378 1795 1413 ὲστοχάι

1001 1425 1063 1451 σθαι
1085 1426 1133 1460 τῆς
1157 1425 1210 1452 τῶν
1223 1425 1314 1460 ῥητῶν
1338 1425 1456 1456 διανοίας
1477 1425 1665 1452 ἀναπόϐλητον
1682 1423 1739 1459 ἔχει
1761 1423 1796 1450 τὸ

1001 1471 1214 1506 ἀπερίτρεπτον.

1040 1517 1098 1548 Οὐκ¹
1111 1517 1143 1544 ἂν
1158 1517 1186 1543 δὲ
1200 1516 1288 1551 λέγειν
1303 1517 1344 1551 εἴη
1367 1515 1484 1551 κρίσεως
1500 1515 1584 1551 ὀρθῆς
1600 1515 1794 1550 ἐνδεέστερον,

999 1563 1037 1596 ὡς
1051 1563 1091 1595 τὸ,
1109 1572 1118 1588 ι
1140 1562 1210 1596 Ἐγὼ
1225 1562 1368 1598 σκληρυνῶ
1382 1561 1431 1597 τὴν
1448 1562 1563 1596 καρδίαν
1578 1561 1688 1597 Φαραὼ,
1705 1571 1714 1587 ι
1731 1561 1797 1588 ἀντὶ

1000 1609 1047 1637 τοῦ
1060 1617 1068 1626 ·
1082 1608 1207 1644 Σκληρέιν
1218 1606 1312 1639 οὖσαν,
1327 1607 1375 1633 καὶ
1387 1607 1555 1642 ἀτεράμονα,
1572 1607 1673 1641 μᾶλλον
1689 1606 1797 1633 ἐπιδεί-

1001 1654 1039 1688 ξω
1051 1653 1130 1680 τοῦτο
1144 1653 1303 1688 πάσχουσαν
1316 1672 1324 1684 ,
1336 1652 1384 1678 καὶ
1395 1652 1464 1687 μήτε
1477 1651 1604 1683 θανάτου,
1621 1651 1691 1686 μήτε
1706 1659 1798 1686 τιμω-

1004 1699 1069 1736 ριῶν
1096 1699 1235 1734 παρουσίᾳ
1259 1698 1482 1734 μαλασσομένην.
1509 1698 1566 1725 Καὶ
1584 1697 1639 1732 γὰρ
1665 1697 1798 1732 ἐπίδηλος

1004 1746 1104 1781 μᾶλλον
1121 1746 1138 1781 ἡ
1157 1745 1309 1779 σκληρότης
1324 1745 1373 1779 τῆς
1385 1744 1587 1780 Φαραωνίτιδος
1604 1744 1729 1779 καρδίας,
1746 1744 1798 1770 καὶ

1002 1792 1068 1824 τῶν,
1085 1792 1142 1818 ὅσοι
1166 1792 1234 1827 πρὶς
1254 1791 1302 1826 τὴν
1323 1791 1405 1817 αὑτοῦ
1428 1791 1541 1826 γνώμην
1560 1790 1746 1826 ἁμιλλώμενοι
1763 1790 1798 1816 τὸ

1003 1837 1174 1874 ἀνθρώπινον
1197 1837 1412 1873 ἀπεθηριοῦντο,
1439 1838 1524 1864 πᾶσιν
1552 1837 1716 1872 ἐπεδείχθη,
1746 1838 1799 1864 καὶ

1002 1884 1148 1919 διηγγέλθη
1165 1891 1172 1899 ·
1198 1883 1246 1910 ἅτε
1265 1884 1293 1909 δὲ
1315 1884 1384 1919 μήτε
1405 1883 1460 1911 τῶν
1481 1883 1616 1910 τοσούτων
1628 1904 1635 1916 ,
1653 1884 1699 1910 καὶ
1716 1883 1797 1918 τηλι-

1003 1931 1108 1958 κούτων
1123 1930 1178 1956 τῶν
1190 1930 1302 1965 πληγῶν
1317 1930 1347 1956 τὸ
1360 1929 1478 1965 σκληρὸν
1496 1930 1585 1956 αὐτῶν
1596 1950 1603 1962 ,
1623 1931 1670 1957 καὶ
1693 1930 1798 1966 ἀτέρα-

1006 1985 1070 2011 μνον
1101 1975 1355 2011 ὑπομαλαξάντων,
1387 1976 1457 2011 μήτε
1495 1976 1545 2011 τῆς
1575 1975 1730 2010 πωρώσεως
1765 1975 1798 2002 τὸ

1004 2024 1122 2059 ἀκμαῖον
1136 2022 1380 2057 ὑπεκλυσαμένων.
1402 2023 1457 2050 Καὶ
1473 2023 1538 2058 πρὶν
1550 2024 1582 2058 τῇ
1597 2023 1732 2057 ὠμότητι,
1747 2023 1798 2049 καὶ

1006 2069 1200 2105 μισανθρωπία
1218 2070 1395 2104 ἑπεπώρωτο,
1406 2068 1623 2103 μεταϐάλλεσθαι
1638 2068 1669 2094 οὺ
1685 2076 1799 2102 προσιε-

1007 2116 1076 2152 μένη
1092 2116 1160 2151 πρὸς
1176 2115 1343 2151 ἡμερότητα,
1357 2115 1428 2142 ἀλλὰ
1446 2113 1492 2141 οὖν
1507 2115 1556 2149 οὐχ
1578 2114 1664 2145 οὕτως
1680 2113 1797 2149 ἐγνωρί-

1006 2161 1068 2193 ζετο
1083 2160 1199 2196 σκληρὰ,
1215 2161 1262 2187 καὶ
1279 2160 1410 2194 αὐθάδης,
1424 2160 1471 2188 καὶ
1482 2160 1640 2195 ἀμείλικτος
1655 2161 1671 2193 ἡ
1681 2160 1797 2194 Φαραῶ-

1007 2209 1073 2239 υῖτις
1088 2207 1161 2243 ψυχή
1176 2215 1183 2221 ⁸
1205 2206 1266 2232 οὐδὲ
1290 2206 1345 2232 τῶν
1367 2206 1455 2233 ἄλλων
1474 2207 1560 2234 οὐδενὶ
1576 2206 1648 2233 οὕτω
1667 2207 1735 2232 πᾶσι
1758 2206 1799 2232 δι-

1006 2250 1146 2285 εϐεϐόητο,
1164 2250 1212 2277 καὶ
1232 2250 1413 2286 ἁνεστηλοῦτο
1426 2251 1494 2285 πρὸς
1509 2250 1647 2286 θρίαμῦον
1662 2250 1799 2282 ἀνεξάλει-

1008 2305 1074 2323 πτον
1091 2304 1098 2312 ·
1111 2296 1147 2328 ὼς
1161 2298 1218 2328 τοῖς
1240 2296 1316 2332 παρὰ
1329 2297 1408 2331 δόξης
1420 2296 1510 2331 ἔργοις
1533 2295 1732 2331 μαστιζομένη,
1750 2296 1799 2322 καὶ

1007 2342 1053 2370 ἐπὶ
1068 2343 1118 2377 τῆς
1129 2343 1214 2377 αὐτῆς
1227 2342 1401 2377 ἀγριότητος,
1420 2343 1466 2368 καὶ
1479 2342 1628 2377 θηριώδους
1638 2343 1727 2376 ὁρμῆς
1738 2341 1799 2367 δια-

1009 2387 1138 2422 μένουσα.

1044 2431 1074 2458 l'll
1087 2432 1115 2458 δέ
1132 2440 1174 2463 τις
1196 2431 1244 2458 καὶ
1268 2431 1456 2467 ἁπλούστερον
1477 2432 1563 2458 ἐθέλοι
1583 2431 1745 2467 μεταλαϐεῖν
1769 2433 1800 2458 ea

1006 2476 1108 2512 λόγιον,
1118 2479 1163 2504 καὶ
1175 2478 1206 2504 τό
1218 2485 1224 2492 ·
1237 2487 1246 2504 ι
1259 2478 1330 2512 Ἐγὼ
1345 2478 1501 2513 σκληρυνῶ,
1513 2487 1522 2503 ι
1538 2478 1599 2504 ἀντὶ
1610 2477 1668 2510 τοῦ,
1678 2487 1686 2502 ι
1699 2478 1799 2508 Ἐάσω,

1008 2525 1055 2550 καὶ
1072 2525 1268 2560 παραχωρήσω
1293 2524 1416 2559 σκληρὰν
1442 2525 1579 2558 γενέσθαι,
1609 2522 1701 2558 νοήσει
1719 2532 1726 2539 ·
1749 2525 1800 2558 τῆς

1010 2569 1060 2606 μὲν
1078 2570 1243 2605 εὐσεδούσης
1262 2570 1342 2605 δόξης
1356 2570 1410 2596 οὐδ’
1423 2567 1500 2602 οὗτος
1516 2571 1530 2597 ό
1544 2570 1622 2604 λόγος
1636 2570 1779 2605 διέστηκεν
1792 2578 1800 2585 ·

1008 2616 1058 2650 τῆς
1074 2615 1227 2651 μεταὸολῆς
1244 2616 1273 2643 δὲ
1288 2616 1342 2643 τῶν
1359 2617 1493 2652 ῥημάτων
1505 2617 1557 2644 οὑκ
1575 2616 1729 2649 ἰδιάζουσαν
1743 2616 1800 2651 ἔχει

933 2706 1002 2734 ΝΟΤ
1003 2706 1049 2734 1E.

205 2777 262 2816 (5t)
277 2777 311 2816 At
325 2778 405 2816 istam
421 2777 732 2816 egojntel'prctationem
749 2777 953 2816 minimedam-

171 2813 271 2846 narim,
286 2814 384 2849 Quippe
398 2821 457 2848 qua:
473 2813 595 2849 fautores
617 2815 696 2841 habet
712 2813 952 2849 prmelarissiitiOs:

167 2847 312 2886 Origcnem
325 2847 426 2878 Philoc.
446 2856 470 2877 c.
483 2849 518 2877 20
529 2868 536 2882 ,
551 2847 764 2882 Theodorctum,
777 2849 804 2876 in
820 2847 904 2882 Epist.
920 2848 953 2874 ad

1007 2778 1142 2840 Ilionéhtx.
1162 2778 1212 2814 l7;
1226 2787 1259 2808 ae
1275 2778 1418 2812 Basilium,
1431 2777 1558 2806 δάιοι-ξπ
1571 2777 1659 2812 Epist.
1671 2777 1706 2805 ad
1725 2775 1800 2804 Rom.

1037 2833 1045 2847 ,
1063 2833 1106 2840 -ν.
