1878 3057
65 136 106 167 ρδθ

533 132 582 162 AD
594 132 890 162 AMPHILOCHIUM
912 131 1084 167 QUIESTIO
1102 132 1196 164 XLII.

1617 135 1671 168 290

64 191 116 218 καί·
135 199 144 216 ι
166 188 226 215 Ἐὰν
249 188 285 223 μὴ
309 188 411 222 Κύριος
437 186 545 222 φυλάξῃ
565 187 656 220 πόλιν,
682 188 722 219 είς
744 187 834 223 μάτην

925 192 961 220 ιιι,
976 188 1024 222 qui
1035 188 1171 215 aediﬁcant
1182 187 1222 220 ";
1238 196 1248 214 ›
1265 192 1395 222 praeterea
1412 197 1419 216 :
1441 197 1451 214 ι
1465 188 1525 216 Nisi
1538 188 1671 218 Dominus

63 235 215 271 ἡγρύπνησεν
244 234 258 260 ὁ
275 233 420 267 φυλάσσων
438 241 455 268 '_
466 243 476 258 ι
494 233 540 260 καὶ
567 233 598 259 τό
609 241 617 249 ·
647 242 658 258 r
679 234 736 260 οὐκ
751 235 779 260 ὲν
793 235 827 269 τῇ

62 280 186 315 δυναστείᾳ
203 279 249 305 τοῦ
271 279 354 306 ἵππου
380 278 500 314 θελήσει,
517 279 576 305 οὐδὲ
590 279 619 305 ὲν
629 280 689 310 ταῖς
709 279 828 315 κνήμαις

62 327 100 353 τοῦ
112 326 199 361 ἀνδρὸς
223 325 347 352 εὐδοκεῖ·
370 334 380 351 ι
398 324 445 351 καί
459 317 468 340 ·”
483 333 492 350 t
520 325 552 352 Οἱ
573 325 672 360 βουλὴν
687 325 828 357 ποιοῦντες

62 370 254 406 ἑμὸαθυνόμενοι
278 370 334 400 τοῖς
353 369 538 403 διαλογισμοῖς
557 369 657 401 αὐτῶν,
675 369 722 396 καὶ
740 369 771 396 οὐ
785 369 829 395 διὰ

63 417 149 451 Κυρίου
161 424 168 430 ·
186 425 193 441 ι
208 415 318 450 καὶγὰρ
333 414 382 441 καὶ
399 411 482 446 οὗτοι,
500 415 561 441 ἀντὶ
578 414 624 441 τοῦ
641 415 679 450 μὴ
690 415 828 442 διαπεσεῖν

62 462 100 488 τοῦ
113 461 322 494 σπουδάσματος,
339 459 369 485 οὐ
383 459 463 494 μόνον
476 456 639 494 διήμαρτον,
657 460 726 486 ἀλλὰ
738 460 786 487 καὶ
799 461 830 486 τὺ

63 507 117 534 οὐαὶ
130 506 379 542 προεπεσπάσαντο.
397 505 593 541 Παραπλήσιον
608 506 637 532 δὲ
651 506 700 533 καὶ
712 506 743 533 τὸ
759 507 831 542 είρη-

64 553 130 587 μένον
146 551 209 586 πρὸς
221 551 283 582 τοὺς
297 549 460 581 πεποιθότας
471 550 515 576 ἐπ’
526 550 663 584 Αἴγυπτον
673 559 679 565 ·
697 560 706 576 ι
718 551 829 586 Ἐποιή-

64 606 116 624 cura
132 597 223 632 βουλὴν
239 597 269 623 οὖ
289 596 323 623 δι’
346 595 414 631 ἐμοῦ
427 604 434 611 ·
455 597 503 622 καὶ⁷
517 596 654 632 συνθήκας
676 598 707 624 οὺ
722 597 766 624 διὰ
781 597 828 624 τοῦ

64 643 197 678 πνεύματός
213 651 262 677 μου
279 643 440 678 προσθεῖναι
465 643 603 678 ἁμαρτίαν
618 643 660 678 ἐφ’
676 644 829 679 ἁμαρτίας,

63 690 82 715 οἱ
96 689 259 724 πορευόμενοι.
282 688 438 723 καταϐῆναι
461 690 502 720 εις
523 689 660 722 Αἴγυπτον
673 697 679 704 -
700 699 710 715 ι
729 687 769 721 οἷς
783 689 830 716 διαὶ

63 737 76 769 ή
87 735 226 770 καταφυγὴ,
242 734 290 761 καὶ
304 735 354 769 τῆς
366 734 492 770 βοηθείας
504 735 520 769 ὴ
534 734 611 766 ἐλπὶς
626 735 665 766 είς
678 735 810 770 αἰσχύνην
821 754 830 767 ,

63 782 101 807 καὶ
120 781 212 812 ὄνειδος
236 780 447 816 περιτρέπεται.
477 780 533 806 Καὶ
564 780 618 815 γὰρ
647 780 748 815 ἑκάστη
775 780 831 806 τῶν

63 827 204 861 ειρημένων,
215 826 263 853 καὶ
276 825 382 852 πολλῶν
389 826 476 853 ἄλλων
485 826 683 861 παραπλησίων
694 826 829 858 πράξεων,

882 233 1043 273 custodierit
1068 233 1220 265 civitatem,
1251 233 1353 261 frustra
1376 234 1471 269 vigilat
1500 235 1548 269 qui
1575 240 1670 264 custo-

882 280 921 307 dit
932 279 972 312 ’3;
989 289 999 306 ι
1021 285 1047 308 et
1066 288 1163 308 rursus
1179 289 1186 307 :
1203 289 1213 305 ι
1229 280 1287 307 Non
1314 281 1342 307 in
1360 280 1520 309 fortitudine
1537 282 1602 317 equi
1625 290 1672 309 vo—

881 327 1015 353 luntatem
1038 326 1158 358 habebit,
1184 335 1234 353 nec
1255 327 1282 353 in
1307 327 1380 354 tibiis
1400 327 1451 354 viri
1471 327 1670 363 beneplacitum

882 372 936 399 erit
965 373 990 400 ei
1002 372 1069 405 ³⁹;›
1100 380 1224 400 rursus:
1251 372 1329 405 «Qui
1361 373 1507 400 consilium
1539 373 1668 401 faciunu

883 418 1010 452 profundi
1046 419 1074 445 in
1105 418 1323 454 cogitationibus
1346 418 1424 450 suis,
1457 427 1466 444 ι
1487 422 1515 445 et
1541 426 1594 445 non
1622 426 1671 453 per

884 464 1030 491 Dominum
1047 473 1053 490 :
1072 473 1081 490 ι
1098 468 1125 491 et
1144 464 1274 491 nimirum
1286 464 1312 490 hi
1327 471 1376 499 pro
1395 470 1428 491 co
1443 470 1476 490 ac
1497 471 1512 490 a
1531 465 1670 498 proposito

883 517 938 538 non
959 509 1131 541 exciderent,
1147 517 1202 536 non
1226 510 1314 536 solum
1337 508 1401 536 inde
1425 509 1598 544 aberrarunt,
1622 509 1669 537 sed

883 555 965 582 etiam
982 554 1048 581 illud
1064 562 1102 581 va:
1127 554 1180 581 sibi
1196 557 1416 587 promeruerunt.
1442 552 1608 587 Huiusmodi
1629 558 1672 580 est

882 605 910 628 et
936 600 1014 632 illud,
1037 599 1111 635 quod
1130 599 1234 626 dictum
1260 604 1302 626 est
1324 597 1447 627 Hebraeis
1472 598 1500 625 in
1523 598 1672 634 Egyptum

883 645 994 673 confisis
1010 654 1016 672 :
1035 654 1044 670 ι
1060 644 1175 672 Fecistis
1195 644 1352 677 consilium,
1373 648 1401 672 et
1425 651 1480 671 non
1507 652 1542 672 ex
1563 651 1620 677 me,
1645 649 1673 671 et

885 691 987 718 fted‘era
1006 698 1060 718 non
1079 698 1128 726 per
1146 691 1273 725 spiritum
1291 693 1394 726 meum,
1415 689 1597 724 uLadderetis
1610 697 1674 724 pec-

885 741 976 763 catum
994 744 1075 771 super
1095 740 1247 770 peccatum,
1265 736 1312 770 qui
1325 731 1484 768 ambulatis,
1507 740 1536 762 ιιι
1556 736 1673 763 descen-

884 782 957 809 datis
974 782 1001 808 in
1022 781 1168 815 [Egyptum
1185 790 1191 808 :
1211 790 1220 807 ι
1246 772 1347 815 quibus
1373 780 1515 814 eﬂugium,
1537 784 1564 807 et
1579 780 1673 807 auxilii

884 835 947 862 spes
961 837 971 852 ι
987 827 1013 854 in
1034 826 1234 858 confusionem,
1262 830 1289 853 et
1308 826 1486 861 ignominiam
1503 835 1512 851 ι
1536 826 1673 853 converti-

64 872 102 906 τῆς
114 871 163 897 ἅνω
176 871 356 906 κεχωρημένη
373 870 470 905 ῥοπῆς,
487 871 537 897 οὐκ
550 870 583 897 ἂν
593 870 640 897 τοῦ
657 870 833 906 προτεθέντος

925 882 929 889 ·
944 873 1061 909 (42-28).
1078 872 1190 907 Singula
1198 872 1269 899 enim
1283 873 1339 906 jam
1356 871 1428 899 dicta
1442 871 1630 906 opera,etalia
1646 871 1674 899 id

64 918 140 948 :ﬁou;
152 917 270 951 ὲιρίκοιτο
281 925 288 932 ·
304 916 359 943 οὔδ’
376 917 392 952 ὴ
406 916 504 952 μελέτη
520 916 588 952 πρὸς
605 916 685 951 ἔργον
699 917 832 951 χωρήσει,

65 962 94 996 μὴ
115 962 158 997 τῆς
181 961 284 988 ἄνωθεν
311 961 608 997 προκαταὸαλλομὲνης
634 962 779 996 εὐμενείας
802 962 834 989 τὺ

65 1007 172 1034 πλούσιον
188 1008 270 1039 ἐλεος.
287 1008 319 1034 Ei
338 1007 366 1034 δὲ
382 1008 428 1034 καὶ
447 1007 600 1043 ὀργίζοιτο,
618 1005 659 1038 οἷς
671 1007 703 1034 ἄν
717 1015 759 1038 τις
778 1008 834 1039 τοῖς

64 1054 156 1086 οἰκείοις
192 1054 355 1086 διαϐουλίοις
380 1053 537 1089 ἑρείδηται·
564 1053 623 1084 πῶς
650 1053 699 1080 οὐκ
727 1054 833 1088 ἀνάγκη

65 1100 154 1131 πάντως
175 1100 336 1135 διαμαρτεῖν
363 1099 411 1126 τοῦ
431 1099 535 1132 τέλους,
553 1099 600 1125 καὶ
619 1097 732 1133 μηδενὸς
744 1099 835 1133 τυχεῖν

64 1145 169 1171 ἑκάστων
197 1146 250 1172 τῶν
264 1147 305 1177 εἰς
320 1145 399 1172 τοῦτο
413 1144 669 1181 παρενηνεγμένων,
684 1139 722 1171 ὧν
733 1145 750 1179 ἡ
766 1143 837 1178 γνώ-

65 1200 94 1226 μη
107 1191 245 1226 ἠγωνίζετο
258 1201 266 1225 ;

64 1239 104 1266 iste
125 1246 138 1266 a
161 1239 212 1266 ﬁne
238 1239 366 1272 aberret,
395 1243 422 1266 et
450 1238 553 1266 nullam
576 1244 669 1264 rerum
696 1237 729 1264 ad
751 1236 833 1264 tinem

65 1285 150 1313 tinzat9

97 1330 159 1356 Ἀλλ’
182 1330 251 1365 αὕτη
285 1331 335 1365 μὲν
358 1330 407 1365 τῆς
432 1330 551 1369 θεωρίας
578 1330 595 1364 ὴ
623 1329 738 1365 ἐπιϐολὴ
766 1329 835 1364 πρὸς

66 1375 105 1408 μὲν
119 1376 150 1402 τὰ
163 1375 356 1411 παραταθέντα
370 1376 450 1412 ῥητὰ,
469 1375 515 1403 καὶ
526 1376 553 1403 εἴ
564 1384 590 1403 τι
605 1375 711 1407 τούτοις
724 1375 836 1410 ἐνάμιλ-

64 1421 141 1454 λον,τὸ
154 1422 338 1458 ἡρμοσμένον,
349 1424 396 1449 καὶ
408 1423 575 1458 κατάλληλον
587 1421 773 1449 ἐπιδείκνυται
789 1420 836 1447 τοῦ

65 1468 182 1502 νοήματος
194 1475 201 1482 ⁶
217 1469 248 1495 οὐ
270 1469 325 1504 μήν
337 1477 370 1502 γε
381 1468 431 1503 τὴν
443 1468 528 1503 αὐτὴν
548 1467 696 1494 ἀποδίδωσι
726 1466 833 1501 χρείαν,

65 1515 103 1539 καὶ
112 1513 155 1548 τὴν
181 1513 303 1549 ἑξαρχῆς
331 1514 460 1540 ὑπόθεσιν
479 1512 691 1549 εὐμαράσασθαι
711 1511 767 1547 (29)
782 1518 788 1524 ·
803 1511 837 1536 τά

65 1566 88 1583 τε
100 1559 146 1594 γὰρ
158 1559 201 1586 τοῦ
211 1560 294 1593 λόγου
311 1559 516 1594 προηγούμενα,
536 1560 581 1587 καί
594 1559 611 1594 ἡ
625 1558 692 1593 ἄλλη
715 1557 769 1583 τῶν
789 1557 837 1592 ρη-

67 1604 143 1637 μάτων
156 1605 286 1635 διασκευὴ
312 1605 380 1639 προς
405 1604 501 1639 ἑτέραν
529 1604 628 1639 μᾶλλον
653 1602 836 1638 προτρέπεται

886 925 972 952 genus
996 917 1086 951 plura,
1111 922 1173 942 eum
1192 922 1312 949 superna
1329 914 1488 942 -directione
1512 919 1605 942 essent
1627 915 1674 942 dt?

887 962 992 994 stituta,
1013 961 1047 989 ad
1064 961 1235 996 propOsitum
1252 961 1305 988 sibi
1324 960 1405 988 tinem
1421 961 1516 995 utique
1529 961 1674 995 pervenire

887 1014 940 1033 non
968 1010 1109 1040 poterant;
1140 1012 1229 1040 neque
1252 1005 1283 1031 ad
1311 1012 1379 1041 opus
1399 1005 1571 1040 designatum
1597 1006 1675 1033 indu-

888 1053 954 1080 stria
972 1053 1121 1087 perveniet,
1142 1052 1194 1088 nisi
1215 1052 1308 1079 divina
1331 1052 1475 1079 clementia
1497 1060 1566 1088 opus
1584 1052 1674 1087 ipsum

889 1098 1050 1124 redundanti
1061 1097 1217 1132 auspicetur
1230 1097 1428 1125 misericordia.
1451 1097 1478 1125 Si
1492 1102 1584 1125 autem
1602 1097 1674 1125 Deus

888 1143 970 1170 etiam
988 1143 1126 1175 irascitur,
1139 1150 1171 1170 eo
1187 1143 1259 1177 quod
1273 1143 1389 1177 propriis
1400 1143 1524 1170 consiliis
1535 1143 1674 1178 quispiam

891 1189 1038 1221 innitatur,
1059 1189 1200 1223 quomodo
1224 1188 1381 1216 necessario
1404 1196 1458 1215 non
1486 1189 1621 1224 sequitur,
1646 1191 1677 1215 ut

853 1239 1085 1270 cnmparatarum,
1104 1236 1137 1264 ad
1173 1243 1243 1271 quas
1279 1235 1388 1277 animus
1407 1235 1596 1268 contendebat,
1612 1242 1677 1263 cou-

921 1329 954 1355 At
973 1329 1029 1355 haec
1046 1327 1162 1354 indicata
1184 1327 1236 1353 loci
1256 1326 1388 1361 propositi
1405 1326 1543 1361 expositio
1560 1334 1674 1354 sensum

885 1372 944 1407 ejus
970 1371 1090 1399 ostendit
1111 1378 1173 1398 cum
1202 1370 1326 1398 adductis
1353 1378 1493 1397 sacrarum
1509 1370 1675 1398 Litterarum

886 1418 1014 1448 oraculis.
1029 1422 1056 1444 et
1071 1425 1133 1444 cum
1149 1416 1256 1444 caeteris
1273 1416 1431 1451 hujusmodi
1444 1424 1506 1444 esse
1519 1423 1676 1451 congruen-

887 1467 952 1494 tem,
969 1466 995 1488 et
1010 1464 1245 1494 consentaneum;
1261 1468 1355 1487 verum
1372 1461 1438 1496 quid
1457 1460 1508 1487 sibi
1532 1461 1607 1492 velit,
1621 1467 1675 1487 non

890 1507 992 1540 definit,
1008 1514 1095 1541 neque
1119 1507 1305 1534 difﬁcultatem
1320 1514 1336 1534 a
1351 1507 1485 1542 principio
1509 1506 1676 1541 propositam

890 1554 970 1588 plane
986 1553 1090 1580 diluit:
1113 1553 1248 1587 siquidem
1274 1557 1332 1580 tum
1356 1561 1388 1580 ea
1414 1553 1509 1586 verba,
1529 1560 1590 1588 quae
1613 1558 1677 1580 suttt

889 1599 1010 1626 diatriba:
1021 1599 1102 1633 hujus
1110 1602 1311 1632 argumentum.
1325 1603 1382 1624 ttun
1394 1598 1536 1632 appositus
1551 1599 1674 1626 locorum

67 1630 71 1637 .
184 1630 187 1631 7
219 1630 222 1631 7
257 1630 260 1631 7
281 1630 286 1635 .
335 1630 340 1639 .
370 1630 379 1636 .
452 1630 459 1639 .
480 1630 485 1631 7
529 1630 535 1639 .
675 1630 681 1638 .
724 1630 730 1638 .

65 1649 166 1676 διάνοιαν
177 1650 392 1677 ὰπευϐὑνεσθαι.
411 1650 443 1676 Τί
460 1647 506 1676 οὖν
522 1649 562 1675 δεῖ
574 1648 673 1683 λέγειν,
684 1648 701 1683 ἢ
718 1648 758 1674 τό⁴
777 1656 786 1672 t
799 1647 834 1673 Σὺ

925 1651 974 1670 cru:
989 1630 1302 1678 Scriptum—apparatus
1318 1643 1351 1670 ad
1362 1630 1444 1670 alia—na
1460 1644 1549 1678 potius
1565 1648 1676 1672 senten-

67 1695 197 1730 ὡργὶσθης,
212 1697 260 1722 καὶ
284 1697 364 1730 ἡμεῖς
380 1696 569 1730 ἡμάρτομεν.»
586 1695 647 1730 οὐχὶ
655 1695 734 1721 τοῦτο
744 1693 835 1728 φησίν·

69 1741 121 1773 ιὨς
127 1744 171 1778 τῆς
180 1744 229 1777 σῆς
242 1743 330 1777 ὀργῆς
340 1741 524 1777 προελθούσης
533 1739 765 1776 ὴάμαρτίαήμῶν
773 1741 837 1766 ἐκυ-

68 1787 142 1820 ρίευσε
155 1796 162 1819 ;
176 1797 185 1813 ι
203 1789 292 1815 Τοῦτο
303 1788 356 1822 γὰρ
364 1787 424 1814 οὐδὲ
434 1790 485 1822 τὴν
496 1787 572 1814 Θείαν
583 1787 626 1822 εἴη
637 1785 837 1821 δικαιοκρισίαν

67 1832 235 1865 διασώζοντος,
254 1833 311 1860 οὐδ’
327 1833 413 1860 αἴτιον
429 1832 535 1866 εἰσάγει
548 1833 595 1859 τὸν
613 1832 767 1866 ἄνθρωπον,
783 1829 837 1857 οὐδ’

68 1877 90 1901 ἐν
102 1873 137 1908 οἷς
147 1878 199 1904 ἀπὸ
225 1877 342 1912 γνώμης
356 1879 551 1912 πονηρεύεται·
571 1875 640 1902 ἀλλὰ
667 1875 714 1901 τὸν
747 1874 837 1909 πάσης

67 1923 151 1954 κακίας
167 1923 302 1954 ἀναίτιον,
318 1923 412 1949 τοῦτον
427 1921 609 1953 καταϐιϐάζει
626 1922 660 1957 τῇ
677 1920 838 1956 βλασφημίᾳ.

67 1968 123 2001 πρὸς
132 1969 158 1994 τὸ
173 1969 315 1995 ὑπαίτιονυ
332 1968 379 1994 καὶ
391 1968 423 2002 δὴ
444 1969 491 1995 καὶ
505 1969 536 1994 τὸ
558 1967 732 1999 αὐτεξούσιον
761 1965 838 2000 παρὰ

66 2013 106 2048 τὴν
120 2014 231 2050 ἐξαρχῆς
259 2014 370 2046 πλάσιν,
385 2015 433 2041 καὶ
445 2014 550 2050 δωρεὰν
567 2014 607 2044 είς
619 2013 650 2039 τὸ
662 2012 765 2045 δοῦλον,
792 2011 839 2038 καὶ

67 2059 209 2092 ὑπεξούσιον
221 2061 456 2096 μεταπλάττοντα.
472 2061 503 2087 ΕΞ
521 2060 584 2095 γὰρ,
596 2059 662 2086 διότι
681 2068 691 2084 ι
703 2057 837 2094 ὠργίσθη,

67 2105 219 2142 ἡμάρτομεν,
232 2117 241 2132 ι
262 2109 280 2142 ἡ
295 2107 363 2143 ὀργὴ
378 2107 427 2142 τὴν
444 2105 580 2142 ἁμαρτίαν
593 2105 685 2132 ἔτεκεν
695 2112 701 2119 ·
717 2103 802 2139 ὀργῆς
816 2103 839 2130 δ’
868 2133 870 2135 τ

67 2151 160 2187 ἀμάχου
173 2153 348 2188 συνωθούσης
370 2155 410 2186 είς
438 2154 626 2189 παράπτωμα,
650 2151 693 2183 τίς
714 2149 840 2184 ἀντιστή-

69 2204 132 2224 σεται
141 2206 149 2231 ;

96 2329 188 2365 Διόπερ
203 2331 244 2362 είς
257 2330 341 2356 τοῦτο
359 2331 409 2365 μὲν
422 2330 606 2364 διαλογισμῶν
623 2331 786 2364 ἀπενεγκεῖν
794 2329 843 2361 τὰς

70 2373 133 2408 ἱερὰς
149 2377 251 2410 φωνὰς,
276 2376 390 2411 οὐδεμία
406 2376 593 2411 παρείσδυσις,
608 2377 725 2410 μάλιστα
741 2374 846 2401 πολλῶν

69 2419 143 2446 ἄλλων
160 2421 333 2456 διδαγμάτων
347 2423 394 2448 καὶ
412 2422 550 2456 πανταχσῦ
566 2422 616 2456 τῆς
634 2421 709 2456 ἱερᾶς
723 2420 844 2455 Γραφῆς,

69 2465 108 2491 καὶ
119 2466 148 2500 δὴ
162 2467 208 2493 καὶ
223 2455 251 2493 ἐν
268 2467 344 2501 αὐτῷ
359 2467 398 2502 τῷ
418 2455 546 2503 προφῆτῇ
562 2455 692 2492 τάναντία
710 2465 758 2491 καὶ
772 2473 844 2499 μαρ-

70 2513 221 2546 τυρομένων,
248 2513 295 2539 καὶ
323 2513 521 2548 κρατυνόντων.
558 2512 626 2548 (Μὴ
650 2513 720 2546 γὰρ,
750 2512 843 2546 φησὶν,

71 2556 171 2592 ὶῦἀρυνε
194 2559 298 2595 Κύριος
313 2559 343 2585 τὸ
367 2556 413 2590 οὖς
439 2557 521 2584 αὑτοῦ
541 2557 588 2583 τοῦ
617 2557 655 2592 μὴ
671 2557 840 2583 εἰσακοῦσαι·

99 2632 118 2648 ⁷⁷
131 2633 201 2662 Psal.
217 2643 309 2668 cxxvr,
330 2637 355 2663 i.
394 2636 417 2651 "
426 2635 496 2662 ibid.
513 2637 540 2663 2.
580 2636 601 2652 ”
614 2636 686 2662 Psal.
703 2643 792 2666 cum,
810 2636 853 2664 10.

886 1690 950 1718 tiam
967 1690 1047 1725 dirigi
1071 1690 1239 1718 desiderant.
1266 1689 1337 1722 Quid
1362 1696 1427 1724 ergo
1450 1689 1605 1721 dicendum.
1623 1690 1676 1717 nisi

886 1736 959 1770 quod
974 1735 1038 1762 illo:
1051 1744 1061 1760 ι
1076 1735 1115 1762 Tu
1132 1735 1216 1762 iratus
1228 1742 1268 1766 es,
1278 1739 1305 1761 et
1316 1741 1365 1762 nos
1375 1734 1538 1767 erravimus,
1555 1744 1565 1760 ι
1580 1742 1677 1769 nequa-

887 1789 969 1816 quam
984 1782 1035 1808 hoc
1050 1781 1181 1808 innuatur
1197 1789 1205 1808 :
1221 1789 1231 1807 ‹
1250 1781 1290 1808 0h
1305 1781 1375 1808 iram
1391 1785 1466 1808 tuam
1478 1781 1675 1816 praecedentem

887 1832 1027 1862 peccatum
1053 1827 1080 1854 in
1105 1827 1182 1856 nobis
1199 1827 1369 1854 dominatum
1394 1827 1455 1854 est?
1479 1836 1489 1853 ι
1508 1826 1534 1854 Id
1553 1827 1626 1854 enim
1649 1832 1677 1853 et

887 1873 1007 1901 divinam
1025 1873 1293 1908 ltederetjustiliam,
1313 1877 1341 1900 et
1364 1873 1513 1904 hominem,
1530 1880 1564 1900 ne
1579 1880 1674 1899 eorum

887 1920 997 1954 quidem
1022 1919 1049 1947 in
1068 1920 1168 1954 quibus
1183 1927 1214 1946 ex
1229 1919 1312 1947 animi
1329 1919 1463 1947 sententia
1484 1922 1596 1954 peccat,
1611 1926 1677 1946 cau-

888 1973 946 1992 sam
979 1965 1121 1998 redderet;
1151 1966 1198 1993 sed
1226 1967 1253 1993 in
1277 1966 1380 1997 Deum,
1413 1966 1461 2000 qui
1489 1965 1678 2000 cujuscunque

887 2012 973 2046 Culpa:
998 2020 1080 2039 causa
1102 2019 1163 2039 esse
1189 2020 1241 2039 non
1256 2016 1352 2047 potest,
1369 2012 1476 2045 culpam
1492 2019 1539 2046 per
1553 2011 1679 2045 blasphe-

889 2059 971 2084 miam
985 2057 1167 2085 transferret:
1183 2059 1247 2093 quin
1265 2058 1345 2085 etiam
1360 2058 1443 2085 Deum
1456 2057 1598 2084 induceret
1609 2056 1680 2083 redi-

889 2108 996 2138 gentent
1012 2104 1132 2132 hominis
1148 2104 1300 2131 libertatem
1315 2108 1412 2131 contra
1428 2102 1593 2138 primitivam
1607 2109 1681 2130 crea-

889 2149 1002 2181 tionem,
1020 2150 1190 2185 gratiamque
1205 2150 1232 2176 in
1249 2150 1419 2181 sorvitutem,
1433 2153 1460 2176 et
1471 2148 1678 2183 subiectionem.

891 2194 919 2221 Si
936 2195 1019 2227 enim,
1037 2196 1101 2230 quia
1116 2195 1187 2223 Deus
1201 2205 1213 2222 ‹
1227 2196 1314 2223 iratus
1325 2200 1376 2227 est.
1393 2203 1443 2223 nos
1460 2195 1649 2230 peccavimus;
1667 2203 1677 2219 ι

891 2241 932 2267 ira
947 2245 1088 2274 peccatum
1103 2241 1210 2275 peperit
1225 2249 1232 2267 :
1247 2241 1311 2267 dum
1328 2245 1417 2267 autent
1440 2240 1479 2266 ira
1499 2238 1680 2266 ineluctabilis

858 2302 881 2329 υ
896 2285 928 2313 ad
943 2289 1087 2320 peccatum
1099 2287 1245 2321 compellit,
1258 2287 1385 2321 quisnam
1400 2285 1526 2313 resistet?

930 2331 1112 2364 Quamobrem
1130 2333 1203 2359 nulla
1219 2332 1260 2359 via
1283 2336 1336 2363 est,
1355 2339 1408 2366 qua
1423 2338 1503 2358 sacra
1519 2330 1629 2357 oracula
1647 2330 1681 2356 ad

894 2376 1053 2410 huiusmodi
1078 2377 1173 2404 deliria
1202 2378 1309 2412 possint
1330 2376 1504 2411 detorqueri;
1530 2375 1680 2409 praesertim

893 2430 955 2449 cum
974 2422 1026 2449 alia
1043 2426 1126 2456 atque
1140 2423 1191 2449 alia
1204 2423 1259 2449 sint
1273 2422 1436 2449 documenta
1460 2425 1516 2448 tum
1535 2421 1636 2455 ubique
1654 2421 1680 2447 in

893 2467 980 2495 sacris
991 2466 1111 2499 Litteris,
1125 2472 1182 2494 tum
1195 2467 1277 2494 etiam
1290 2467 1362 2502 apud
1375 2467 1499 2494 eumdem
1509 2466 1680 2500 prophetam.

893 2521 955 2549 quae
978 2513 1146 2541 contrarium
1173 2518 1200 2542 et
1220 2518 1353 2541 testantur
1379 2517 1406 2539 et
1432 2513 1570 2539 evincunt.
1593 2510 1683 2545 lnquit

892 2559 965 2586 enim
984 2567 992 2585 :
1008 2558 1068 2586 Non
1081 2564 1228 2594 aggravata
1246 2565 1287 2587 est
1305 2559 1380 2586 auris
1395 2558 1467 2594 ejus,
1484 2562 1514 2585 ut
1527 2565 1581 2585 non
1595 2563 1679 2585 exau-

808 2712 923 2741 NOT/E.

100 2766 198 2808 μὲι-28)
213 2767 350 2808 lsa._xxx,
366 2769 393 2800 Ι,
417 2771 444 2801 2,
459 2771 555 2808 5._Sed
574 2771 617 2798 hic
642 2770 756 2808 Ifhotius
772 2771 848 2799 Isaia:

70 2806 148 2840 potius
162 2805 327 2840 s_cutgntiam
347 2813 428 2838 quam
447 2806 526 2832 verba
544 2806 570 2832 in
589 2805 677 2832 medio
695 2806 779 2840 ponit.

99 2836 149 2870 {‘29)
169 2838 206 2865 Ex
222 2836 372 2865 Barberino
392 2841 596 2874 corrrigendutn
622 2836 733 2868 (inuti-no
759 2841 842 2875 εὐμα-

237 2885 375 2916 ΡΑτιιοι..
395 2886 417 2916 G
425 2896 454 2916 ιι.
497 2887 545 2917 CI.

903 2773 1041 2813 plangebat:
1061 2774 1161 2813 διηφίει
1179 2775 1300 2808 δύναται,
1321 2782 1367 2804 aut
1380 2777 1482 2813 aliquid
1499 2777 1608 2810 simile;
1632 2778 1682 2806 nisi

901 2809 980 2847 "ralis
997 2810 1157 2847 infinitivum
1168 2831 1175 2842 ,
1190 2816 1314 2838 conitorta
1337 2809 1533 2847 aliquantulntn
1548 2809 1683 2846 συντάξει,

900 2843 934 2869 ad
947 2844 1093 2870 ἀποδίδωσι
1115 2844 1226 2872 referre.

1526 2894 1564 2923 10
