1878 3057
195 132 241 164 ξ91
770 128 907 162 ΡΗΟἸΊΙ
924 131 985 162 ΡΑἹ

1075 131 1174 162 {CHIE
1190 132 1246 162 (ΣΡ.

305 189 352 217 sed
371 189 528 224 iniquitates
551 193 651 217 vestrae
667 189 820 216 diviserunt
836 188 911 215 inter
929 195 985 221 vos,

1076 188 1110 215 λὰ
1124 189 1158 215 τὰ
1176 190 1366 225 ἁμαρτήματα
1392 189 1470 225 ὑμῶν
1496 190 1635 217 διῖστῶσιν
1668 194 1720 218 ανα
1751 195 1824 226 μέσον

193 194 247 218 utut
276 198 282 217 :

192 242 220 264 et
234 235 319 262 Deum
335 239 474 268 vestrum;
494 240 521 263 et
545 239 656 270 peccata
670 239 761 262 vestra
778 234 984 268 absconderunt

190 279 286 308 faciem
300 280 360 314 ejus
375 288 390 308 a
404 281 491 313 vobis,
507 288 541 308 ne
555 280 697 307 exaudiret
711 280 809 316 (30).»)
822 279 914 312 Quare
928 288 982 307 non

189 326 253 361 quia
271 326 342 353 Deus
368 333 397 353 se
412 326 526 357 avertit,
541 333 592 352 nos
606 332 771 360 peccamus:
786 331 836 351 nec
857 324 923 359 quia
939 324 984 352 ille

189 371 319 406 praeterit,
333 376 361 399 et
376 378 430 398 non
444 371 567 404 exaudit,
580 375 691 406 peccata
706 371 732 397 in
746 370 827 398 nobis
842 369 985 397 dominan-

191 419 233 444 tur
248 425 255 443 :
273 417 320 444 sed
335 417 401 452 quia
420 423 574 451 peccamus,
591 421 619 444 et
633 416 830 451 delinquimus.
858 415 930 443 Deus
957 420 984 443 et

190 462 288 490 avertit
301 470 341 495 se,
358 465 385 489 et
398 463 538 494 irascitur,
553 467 581 490 et
598 469 648 490 nos
669 461 845 496 derelinquit.
856 468 859 470 '
871 461 904 488 Et
923 466 985 488 rur-

191 515 239 536 sus
257 517 263 535 :
282 508 509 542 Exspectavimus
522 508 668 542 judicium,
682 512 772 535 etnon
785 512 843 540 est;
856 507 982 540 salutem,

191 557 219 580 et
239 552 365 587 elongata
390 557 432 580 est
450 560 465 579 a
480 553 571 580 nobis.
598 561 607 578 ι
631 552 701 585 Quid
719 552 778 579 ita?
799 551 985 587 Multiplicatae

191 602 257 626 sunt
273 598 347 625 enim
365 598 522 633 iniquitates
536 601 638 626 nostrae
659 605 751 626 coram
770 601 807 630 te,
828 603 855 625 et
868 602 983 633 peccata

191 649 287 671 nostra
302 644 503 679 responderunt
514 645 609 677 nobis;
624 644 688 679 quia
703 644 807 672 scelera
824 649 917 671 nostra
933 651 984 671 no-

191 690 310 723 biscum,
339 694 366 717 et
384 690 541 725 iniquitates
566 696 676 718 nostras
703 690 882 726 Cognovimus
897 701 904 718 :
922 694 984 725 pec-

191 743 265 769 care,
280 740 307 763 et
324 736 433 763 mentiri
446 741 540 764 contra
551 736 718 770 Dominum;
734 741 761 763 et
771 736 860 764 aversi
877 743 982 769 sumus,

192 788 227 808 ne
242 781 344 808 iremus
362 786 421 816 post
438 786 544 815 tergum
563 781 609 809 Dei
625 781 713 809 nostri
727 781 761 808 ‘°.
779 791 788 807 ι

1774 135 1823 167 2ηὲ

1038 234 1127 270 ὑμῶν,
1143 235 1191 262 καὶ
1210 235 1263 262 ἀνά
1281 235 1364 271 μέσον
1381 235 1428 262 τοῦ
1444 235 1512 263 Θεοῦ
1528 245 1534 251 ·
1551 237 1598 263 καὶ
1617 236 1662 263 διὰ
1675 237 1726 269 τὰς
1742 238 1826 272 ἀμαρ-

1036 280 1098 311 τίας
1119 281 1197 316 ὑμῶν
1228 281 1384 316 ἀπέστρεψε
1400 281 1431 308 τὸ
1448 282 1595 318 πρόσωπον
1613 282 1696 308 αὐτοῦ
1731 283 1778 309 τοῦ
1793 284 1826 319 μὴ

1037 326 1157 361 ἐλεῆσαι.
1174 336 1184 354 ι
1207 327 1288 353 Ὥστε
1311 327 1362 354 οὐκ
1378 328 1410 355 ἐκ
1423 328 1475 362 τῆς
1506 328 1581 360 θείας
1607 329 1787 365 ἀποστροφῆς
1800 330 1827 356 τὸ

1036 371 1205 407 ἁμαρτάνειν
1235 373 1327 408 ἡμᾶς·
1354 373 1415 400 οὐδὲ
1429 374 1462 400 ὲκ
1474 374 1522 400 τοῦ
1553 375 1694 410 παρορᾷν,
1721 376 1768 401 καὶ
1794 376 1826 410 μὴ

1039 418 1163 452 ἀκούειν,
1190 418 1246 446 τῶν
1271 419 1618 455 ἁμαρτημάτωνὴίσχύς·
1646 421 1704 448 ἀλλ’
1734 421 1765 454 ἐξ
1793 419 1827 448 ὧν

1035 464 1241 499 ἁμαρτάνομεν,
1259 465 1307 491 καὶ
1323 465 1550 501 πλημμελοῦμεν,
1564 459 1638 502 καὶὴ
1655 467 1826 502 ἀποστροφὴ,

1036 510 1106 545 καὶὴ
1120 510 1199 546 ὀργὴ,
1211 511 1258 537 καὶ
1272 512 1288 547 ή
1304 512 1499 547 έγκατάλειψις
1510 512 1558 539 τοῦ
1571 512 1650 540 Θεοῦ.
1668 514 1725 540 Καὶ
1735 515 1824 542 πάλιν⁵

1039 556 1261 592 (Ἀνεμείναμεν
1285 557 1387 592 κρίσιν,
1406 559 1454 585 καὶ
1470 558 1520 585 οὐκ
1536 559 1594 585 ἔστι
1615 561 1749 595 σωτηρία,
1774 569 1824 595 μα-

1035 602 1105 638 κρὰν
1137 603 1293 639 ἀφέστηκεν
1317 605 1363 638 ἀφ’
1379 605 1468 640 ἡμῶν.
1483 615 1492 631 ι
1516 606 1566 632 Διὰ
1582 606 1626 638 τίς
1648 616 1658 632 ι
1672 607 1760 642 Πολλὴ
1778 608 1826 643 γὰρ

1035 649 1114 684 ἡμῶν
1127 650 1144 685 ὴ
1158 650 1259 685 ἀνομία
1274 650 1396 678 ἐναντίον
1412 649 1472 683 σοὶ),
1488 652 1535 678 καὶ
1551 653 1580 678 αῖ
1594 652 1731 688 ἁμαρτίαι
1754 654 1827 688 ἡμῶν

1035 696 1204 731 ἀντέστησαν
1229 698 1311 731 ἡμῖν·
1326 697 1352 723 ai
1370 697 1424 732 γὰρ
1456 697 1568 732 ἀνομίαι
1596 698 1676 734 ἡμῶν
1688 699 1718 725 ὲν
1750 700 1824 734 ἡμῖν,

1035 741 1083 768 καὶ
1109 742 1145 768 τὰ
1170 742 1327 778 ἀδικήματα
1358 743 1436 779 ἡμῶν
1467 744 1609 779 ἔγνωμεν·
1638 745 1826 780 ὴσεὸήσαμεν.

1035 788 1083 814 καὶ
1110 787 1286 824 έψευσάμεθα
1299 797 1306 804 ·
1324 790 1373 816 καὶ
1398 789 1560 826 ἀπέστημεν
1583 791 1637 817 ἀπὸ
1657 791 1771 818 ὄπισθεν
1784 792 1826 818 τοῦ

1035 831 1104 859 Θεοῦ
1119 833 1135 868 ἠ
1139 833 1208 868 μῶν.
1221 843 1230 859 t

228 870 316 905 Atque
338 870 497 906 hujusmodi
527 871 656 906 loquendi
677 871 769 899 modis
797 875 902 900 scatent
925 875 982 898 tum

1075 879 1124 905 Καὶ
1149 879 1239 914 πλήρη
1253 880 1307 906 τῶν
1333 879 1464 908 τοιούτων
1489 881 1616 918 χρήσεων
1627 882 1662 909 τά
1675 891 1705 909 τε
1718 883 1823 910 Παλαιὰ

192 915 298 944 Veteris
323 916 492 944 Testamenti
518 916 659 950 doctrinae,
687 920 754 944 tum‘
771 925 820 951 eae,
841 917 869 944 in
885 917 984 952 quibus

192 961 278 995 gratia
300 960 458 988 innovatur.
474 960 525 988 Ubi
540 969 605 996 ergo
620 965 693 989 esset
708 962 853 997 sapientia,
867 967 894 990 et
905 961 984 989 intel-

192 1006 319 1042 ligentia,
346 1007 370 1034 si
393 1006 451 1041 ipsa
466 1006 548 1034 modo
563 1007 672 1041 quidem
688 1008 809 1040 doceret,
826 1008 899 1042 quod
923 1015 986 1042 pec-

191 1052 244 1079 cati
261 1052 360 1084 nostri,
374 1058 402 1080 et
414 1052 576 1080 aversiones
587 1053 687 1080 divinae
703 1061 786 1081 causa
808 1054 844 1081 sit
862 1053 909 1081 Dei
925 1054 983 1087 ira;

192 1098 275 1126 modo
287 1103 391 1131 autem,
408 1099 480 1133 quod
499 1102 642 1134 peccatum
664 1099 752 1134 pariat
767 1099 939 1128 aversionem
957 1103 985 1127 et

193 1142 286 1168 iram?

226 1187 263 1214 At
279 1187 375 1215 isthaac
385 1188 591 1221 commentatio,
603 1188 890 1227 etconsideratjonum
904 1189 985 1217 indu-

1034 924 1202 960 Μαθήματα,
1228 926 1274 952 καὶ
1285 926 1314 952 ὲν
1327 923 1368 958 οἷς
1385 927 1401 962 ἡ
1420 927 1499 962 χάρις
1524 928 1742 961 ἁνακαινίζεται.
1774 930 1826 956 Ποῦ

1035 968 1124 995 τοίνυν
1141 969 1247 1003 σοφίας,
1279 970 1326 997 καὶ
1359 971 1506 1003 συνέσεως,
1536 974 1587 1005 τῆς
1607 973 1692 1008 αὐτῆς
1706 974 1755 1000 νῦν
1777 975 1824 1009 μὲν

1035 1013 1224 1050 διδασκούσης,
1245 1015 1283 1047 ὡς
1298 1015 1340 1051 εἴη
1354 1015 1404 1051 τῆς
1421 1017 1572 1052 ἁμαρτίας,
1591 1019 1638 1045 καὶ
1654 1019 1827 1054 ἀποστροφῆς

1035 1060 1121 1087 αἴτιον
1132 1061 1148 1095 ἡ
1160 1060 1229 1095 ὀργή
1243 1068 1250 1076 ‘
1272 1061 1319 1087 νῦν
1331 1062 1360 1088 δὲ
1377 1061 1426 1098 τὴν
1442 1063 1631 1100 ἀποστροφὴν,
1647 1065 1696 1092 καὶ
1711 1065 1762 1101 τὴν
1778 1066 1825 1102 ὁρ-

1035 1105 1087 1141 γὴν
1100 1105 1150 1142 τὴν
1167 1106 1305 1143 ἁμαρτίαν
1317 1108 1469 1136 ἀποτελεῖν.

1077 1196 1148 1223 Ἀλλ’
1173 1197 1244 1232 αὕτη
1277 1198 1326 1234 μὲν
1342 1200 1358 1234 ὴ
1372 1200 1555 1233 συνεξέτασις,
1581 1202 1630 1228 καὶ
1664 1201 1763 1238 μελέτη
1777 1202 1829 1229 τῶν

192 1233 259 1261 stria
275 1233 427 1261 luculenter
444 1234 553 1269 quidem
569 1235 696 1269 exposuit
719 1235 862 1263 oraculum
885 1243 985 1271 propo-

192 1280 275 1306 situm
289 1287 344 1316 non
358 1279 514 1312 ostendere,
532 1281 605 1316 quod
620 1280 660 1308 ira
674 1285 816 1316 peccatum
833 1281 983 1316 producat;

1078 1289 1174 1323 αρτίας
1190 1290 1240 1324 τὴν
1252 1279 1349 1326 ὀργὴν,
1372 1279 1530 1327 παρέστησε
1543 1279 1745 1328 τηλαυγῶς-..τί
1765 1279 1829 1321 ποτε

192 1325 258 1360 quid
281 1330 372 1352 autem
392 1325 480 1360 ipsum
498 1327 642 1354 oraculum
667 1328 773 1359 innuat,
790 1328 910 1355 nondum
925 1335 985 1362 per-

1075 1335 1133 1361 ἐστι
1145 1335 1176 1361 τὸ
1190 1336 1354 1372 δηλούμενον
1368 1338 1413 1364 ὑπ’
1430 1338 1525 1372 αὑτοῦ,
1550 1339 1642 1366 οὐκέτι
1665 1341 1766 1375 ὁμοίως
1780 1341 1831 1367 ὑπ-

198 1371 287 1405 spicue
303 1371 462 1399 declaravit.
479 1372 574 1400 Altero
590 1374 682 1408 itaque
704 1373 883 1407 expositionis
904 1373 984 1400 modo

1075 1380 1136 1412 ειξεν
1159 1371 1298 1416 ἐμφανῶς.
1323 1383 1429 1410 οὐκοῦν
1455 1384 1506 1419 τῆς
1537 1385 1634 1421 ἐτέρας
1657 1371 1830 1421 ἐπισκέῷεως

195 1421 316 1448 utamur,
335 1421 454 1451 oportet,
472 1425 503 1444 ac
519 1417 639 1445 fortasse
652 1425 684 1445 ea
701 1418 783 1445 verba
798 1418 850 1445 hoc
865 1418 918 1446 sibi
935 1427 983 1446 vo-

1075 1425 1136 1453 5πον
1152 1427 1168 1461 ὴ
1185 1428 1265 1462 χρεία
1289 1429 1454 1464 παρακαλεῖ,
1484 1417 1533 1457 καὶ
1563 1417 1627 1463 ἴσως
1644 1432 1677 1458 ἂν
1694 1417 1782 1459 ἐθέλοι
1797 1417 1830 1459 τά

195 1463 254 1489 Ιιιηι
272 1471 279 1489 :
300 1471 309 1488 ι
327 1462 386 1490 lras
413 1463 525 1498 quidem
548 1464 658 1491 aliunde
670 1464 696 1491 in
720 1472 771 1491 nos
793 1465 925 1492 excitatas
940 1470 984 1492 tua

1075 1477 1114 1503 (ια
1138 1470 1250 1505 δηλοῦν·
1267 1482 1276 1499 ι
1288 1462 1335 1504 Ὠς
1347 1474 1397 1506 τὰς
1421 1475 1471 1509 μὲν
1499 1462 1647 1511 ἀλλαχόθεν
1666 1478 1830 1512 κινουμένας

194 1509 360 1543 propulsavit
375 1509 519 1536 clementia
539 1517 572 1537 ac
590 1510 780 1538 misericordia
797 1518 903 1546 :quare
918 1510 983 1538 dum

1075 1517 1152 1552 γὰςὴ
1169 1518 1203 1554 σὴ
1232 1518 1363 1552 πολλάκις
1390 1521 1506 1556 ἀνέκυψε
1537 1509 1753 1558 φιλανθρωπίας
1784 1525 1831 1550 καὶ

193 1553 273 1581 nobis
299 1561 378 1581 error
399 1554 582 1588 impendebat,
599 1555 719 1590 dumque
737 1555 912 1590 insurgentes
936 1558 985 1584 ho-

1075 1553 1214 1597 μπὰθειαν·
1244 1564 1283 1591 διὸ
1301 1565 1349 1593 καὶ
1371 1553 1506 1602 ἁμαρ-τείν
1534 1553 1614 1603 ἡμῶν
1640 1553 1830 1605 προθεμένων,

193 1605 248 1627 stes
262 1600 403 1627 irruebant
417 1600 444 1627 in
461 1607 523 1632 nos.
540 1605 570 1628 ut
583 1600 623 1628 eis
641 1606 735 1628 nostra
750 1602 818 1629 ultio
830 1603 985 1630 committe-

1075 1609 1146 1644 t'r'hv
1169 1610 1275 1644 ἄμυναν
1302 1600 1463 1647 ἐπιτρέπειν
1494 1600 1611 1648 ἑαυτοῖς,
1638 1600 1668 1642 ἐν
1700 1600 1739 1651 τιῖλ
1766 1618 1831 1648 τοὺς

204 1650 282 1678 ·ειιιι·;
311 1646 480 1680 ρι’ωιιρηίθηε
498 1650 543 1673 tua
564 1646 661 1681 gratia,
680 1651 762 1682 atque
784 1647 938 1682 benignitas
959 1653 985 1675 et

1075 1657 1268 1691 ανισταμένους
1275 1657 1336 1684 καθ’
1346 1646 1425 1693 ἡμῶν
1431 1659 1573 1695 φέρεσθαι,
1580 1661 1596 1696 ἠ
1605 1646 1637 1696 σὴ
1647 1646 1832 1697 προφθάσασα

213 1693 303 1728 isjecit
320 1693 428 1720 illorum
448 1693 605 1726 consilium,
623 1698 649 1721 et
665 1702 716 1721 nos
740 1698 794 1721 tam
812 1695 846 1721 ab
862 1695 984 1730 ipsorum

1075 1709 1128 1736 ρις,
1154 1701 1201 1728 καὶ
1226 1703 1356 1738 εὐμένεια
1370 1704 1418 1730 καὶ
1435 1705 1485 1740 τὴν
1517 1705 1629 1732 ἐκείνων
1653 1707 1777 1734 ἐπίνοιαν
1793 1708 1833 1734 δι-

1035 1242 1187 1279 λογισμῶν,
1200 1244 1241 1271 ὅτι
1255 1245 1305 1280 μὲν
1322 1245 1352 1272 οὐ
1367 1245 1444 1280 δηλοῖ
1454 1247 1484 1272 τὸ
1497 1246 1596 1281 Λόγιον
1611 1248 1828 1284 κατάρχειν,τῆς

205 1742 308 1772 mpetu,
322 1746 403 1772 quam
414 1745 429 1765 a
444 1743 540 1765 nostro
555 1746 650 1766 errore
661 1739 774 1774 eripuit.
788 1738 866 1766 Nunc
881 1744 984 1770 autem,

197 1787 340 1817 postquam
357 1783 425 1810 nihil
441 1783 594 1818 l‘nujusmodi
610 1791 624 1810 ιι
643 1789 689 1811 tua
708 1784 878 1819 providentia
897 1785 985 1819 dispo-

196 1829 280 1856 situm
296 1829 475 1863 conspicitur,
496 1829 543 1857 sed
560 1837 608 1864 pro
631 1834 676 1857 tua
695 1830 863 1865 benignitate
888 1835 915 1858 et
931 1831 986 1859 cle-

194 1876 295 1903 mentia
311 1876 428 1912 insurgit
445 1876 504 1909 ira;
521 1876 581 1904 sine
601 1876 807 1911 impedimento,
827 1881 921 1912 utpote
938 1885 985 1904 ne-

194 1922 266 1948 mine
283 1922 457 1956 prohibente,
484 1922 620 1956 sequitur,
642 1926 673 1949 ut
701 1929 752 1949 nos
770 1929 904 1950 erremus.
926 1922 985 1950 lllic

192 1967 265 1994 cnim
282 1968 367 1994 multa
380 1972 458 1994 erant
472 1968 569 1995 salutis
584 1972 687 1994 nostra:
702 1967 836 2002 perfugia,
858 1968 922 2002 quia
939 1973 984 1996 tua

193 2013 333 2040 miseratio
354 2018 381 2039 et
401 2013 570 2047 providentia
593 2017 714 2040 nostram
736 2014 848 2048 regebat
862 2013 986 2041 imbecil-

194 2059 295 2085 litatcm
313 2067 320 2084 :
337 2058 382 2085 hic
407 2065 509 2091 autem,
539 2058 603 2093 quia
628 2059 669 2085 ira
691 2066 740 2093 per
768 2063 894 2086 nostrum
919 2067 985 2094 erga

194 2103 257 2131 vitia
275 2103 400 2130 arderent
417 2104 529 2131 incensa
544 2109 597 2137 est,
613 2108 641 2131 et
656 2112 738 2131 nemo
759 2105 890 2139 impetum
907 2113 985 2133 coer-

193 2152 247 2178 cet,
272 2148 322 2182 ipsi
348 2149 450 2176 nostris
465 2149 589 2177 consiliis
605 2149 633 2177 in
654 2149 741 2184 ipsam
758 2150 862 2186 peccati
877 2150 983 2178 foveam

194 2193 314 2229 prolapsi
328 2201 434 2223 sumus.
458 2203 467 2221 ›

227 2284 362 2312 Cmterum
389 2289 534 2320 postquam
554 2285 610 2319 ille,
637 2286 684 2321 qui
702 2289 811 2320 cuncta,
827 2291 855 2314 et
876 2286 986 2322 quidem

195 2331 292 2358 melius
308 2336 371 2358 ante
395 2333 574 2364 creationem,
593 2340 675 2367 quam
694 2333 716 2359 si
740 2337 831 2360 creata
859 2332 986 2368 fuissent,

194 2377 328 2412 praevidit,
354 2377 439 2404 animi
455 2382 481 2404 ct
507 2378 616 2405 consilii
644 2379 730 2406 nostri
758 2379 918 2414 pravitatem
945 2381 986 2407 in-

1036 1747 1178 1779 εσκέδασε,
1203 1748 1335 1784 καὶήμᾶς
1351 1750 1486 1786 ἑκατέρας
1500 1752 1600 1786 ὁρμῆς,
1626 1753 1674 1779 καὶ
1691 1754 1833 1789 ἁμαρτίας

1035 1790 1185 1827 ἐξήρπασε.
1194 1792 1252 1819 Νῦν
1263 1793 1291 1820 δὲ
1305 1795 1400 1830 ἐπειδὴ
1421 1796 1504 1831 μηδὲν
1515 1797 1611 1831 ὁρᾶται
1620 1798 1741 1825 τοιοῦτον
1754 1800 1833 1834 παρὰ

1035 1836 1085 1872 τῆς
1101 1838 1151 1872 σῆς
1168 1839 1298 1874 προνοίας
1312 1841 1550 1877 οἰκονομούμενον·
1563 1843 1622 1869 ἀλλ’
1636 1843 1690 1870 ἀπὸ
1702 1844 1753 1878 τῆς
1781 1845 1832 1880 σῆς

1035 1882 1217 1919 ἀγαθότητοςξ
1227 1885 1274 1911 καὶ
1286 1886 1493 1922 φιλανθρωπίας
1501 1889 1517 1922 ή
1534 1889 1602 1924 ὀργή
1616 1896 1623 1904 '
1635 1890 1682 1915 καὶ
1694 1890 1725 1915 τὸ
1737 1891 1831 1925 ἁμαρ-

1034 1930 1092 1956 τεῖν
1113 1931 1198 1965 ἡμᾶς,
1221 1931 1258 1963 ὡς
1283 1932 1398 1968 μηδενὸς
1427 1933 1649 1967 ἀναστέλλοντος,
1680 1935 1832 1968 ἀκωλύτως

1035 1973 1141 2002 ἕπεται.
1174 1975 1248 2002 Ἐκεῖ
1267 1977 1316 2011 μὲν
1330 1977 1384 2012 γὰρ
1402 1978 1499 2006 πολλαὶ
1518 1979 1568 2013 τῆς
1589 1980 1729 2014 ἡμετέρας
1742 1989 1832 2016 σωτη-

1036 2020 1096 2055 ρίας
1111 2021 1139 2047 αί
1155 2021 1290 2057 ἀφορμαὶ,
1308 2023 1357 2057 τῆς
1369 2023 1419 2058 σῆς
1434 2024 1614 2058 συμπαθείας,
1634 2025 1680 2052 καὶ
1700 2027 1832 2060 προνοίας

1035 2066 1202 2102 συνεχούσης
1212 2068 1290 2102 ἡμῶν
1306 2069 1336 2095 τὸ
1348 2069 1485 2097 εὐόλισοον
1497 2077 1504 2084 ·
1514 2070 1668 2098 ὲνταῦθαδὲ
1676 2073 1726 2107 τῆς
1743 2072 1833 2107 ὀργῆς

1035 2111 1067 2138 ὲκ
1079 2111 1130 2146 τῆς
1144 2113 1223 2147 ἡμῶν
1239 2114 1308 2149 πρὸς
1319 2114 1354 2143 τὰ
1366 2114 1439 2150 πάθη
1455 2115 1607 2151 πυρώσεως
1623 2117 1834 2153 ἀναρριπισθεί-

1036 2164 1096 2191 σης,
1130 2158 1177 2184 καὶ
1202 2158 1316 2193 μηδενὸς
1332 2160 1381 2195 τὴν
1395 2161 1482 2196 φορὰν
1499 2162 1654 2196 ἐπέχοντος,
1682 2163 1777 2194 αὐτοῖς
1789 2164 1833 2189 λο-

1000 2223 1024 2250 D
1036 2203 1146 2236 γισμοῖς
1162 2204 1202 2234 εἰς
1219 2203 1300 2231 αὐτὸν
1310 2205 1355 2232 τὸν
1371 2206 1420 2241 τῆς
1434 2206 1573 2242 ἁμαρτίας
1587 2207 1699 2242 βόθυνον
1713 2208 1834 2243 ὡλισῦήο

1038 2254 1136 2274 σαμεν.
1149 2257 1157 2274 ι

1097 2256 1157 2274 εν.)

1074 2256 1180 2325 ΞιΑλλως
1205 2304 1235 2322 τε
1262 2295 1290 2322 δὲ
1317 2296 1428 2324 ἐπειδὰν
1451 2297 1466 2324 ὸ
1487 2297 1578 2326 πάντα
1607 2299 1751 2335 προειδὼς,
1785 2300 1834 2327 καὶ

1036 2340 1170 2374 κρεῖττον,
1188 2341 1204 2376 ἦ
1217 2341 1254 2373 ὡς
1268 2343 1409 2377 γεγονότα,
1427 2344 1480 2380 πρὸ
1497 2345 1642 2379 γενέσεως,
1655 2347 1684 2373 τὸ
1699 2345 1750 2380 τῆς
1764 2347 1835 2381 ἰννώ⁴

1037 2393 1092 2419 μης
1107 2386 1220 2420 φαῦλον,
1234 2389 1282 2415 καὶ
1296 2389 1344 2424 τῆς
1365 2389 1482 2426 μελέτης
1497 2392 1529 2426 τῇ
1541 2387 1683 2428 ἀδεκάστῳ
1693 2391 1833 2426 ζυγοστα-

192 2427 320 2457 corrupta
337 2423 500 2458 cxpenderit
512 2424 632 2459 justitia,
658 2424 784 2460 iramque
805 2433 867 2452 cum
880 2426 985 2460 judicio

1075 2438 1105 2466 πῃ
1116 2430 1188 2467 δίκῃ.
1204 2433 1251 2459 καὶ
1263 2433 1312 2469 τὴν
1324 2423 1409 2470 ὀρνὴν
1427 2423 1534 2471 quae},
1550 2438 1582 2472 τῇ
1600 2423 1701 2472 κρίσει,
1718 2423 1765 2463 κάξ
1782 2437 1834 2473 τὴν

192 2469 377 2504 coniunxerit,
403 2474 430 2497 et
456 2470 560 2505 peccati
580 2478 690 2505 pmnatn
710 2471 900 2505 constituerit;
918 2472 983 2499 dum

1076 2475 1152 2511 οιϐὴν
1176 2478 1254 2514 ὁρίσῃ
1270 2479 1317 2505 τοῦ
1336 2469 1551 2516 ἁμαρτήματος·
1568 2469 1640 2509 οὕτω
1669 2483 1718 2518 τῆς
1736 2469 1835 2517 φιλαᾲ.

192 2514 283 2542 divina
302 2515 446 2544 clementia
467 2524 499 2544 ac
514 2516 669 2552 benignitas
683 2517 719 2544 ita
737 2517 763 2543 in
780 2525 829 2544 nos
843 2525 872 2545 se
892 2517 983 2552 habet,

1075 2522 1168 2554 νηπίοις,
1197 2526 1244 2550 καὶ
1274 2514 1534 2564 ἀγαοότητος-περὶ
1551 2530 1622 2564 ἡμᾶς
1641 2514 1833 2563 διακειμένης,

192 2560 254 2594 quis
281 2561 423 2589 decretum
448 2569 588 2595 revocare,
614 2561 676 2596 quis
702 2561 847 2589 adversam
874 2567 984 2590 senten-

1090 2569 1139 2602 μὲν
1163 2571 1321 2598 ἀναστεῖλαι
1335 2560 1601 2609 τὴίψῆφονίτίςοὲ
1618 2575 1667 2611 τὴν
1690 2560 1833 2610 ἀπέφασιν

192 2606 256 2633 tiam
272 2612 395 2643 tempore
408 2608 494 2636 lenire
512 2608 632 2644 poterit?
645 2607 717 2643 quod
732 2607 842 2644 quidem
855 2608 892 2636 ibi
916 2616 983 2637 con-

1075 2613 1124 2649 5νῳ
1136 2615 1258 2651 πραῧναι
1271 2606 1514 2654 δυνήσεται-’ὅπερ
1528 2621 1622 2649 εἴωθεν
1635 2606 1774 2658 ἀπαντᾷν,
1787 2622 1832 2656 ἐφ’

223 2673 246 2688 ¹⁸⁰
267 2674 319 2701 lsa.
335 2683 390 2706 LIX,
410 2676 451 2708 ll,
473 2677 514 2708 I2,
530 2677 571 2705 l3.

950 2750 1066 2780 NOTAE.

190 2801 439 2867 Sié322’1l53.1'flfé
459 2803 470 2830 ‘l
490 2810 516 2832 ct
531 2806 558 2832 2.
582 2806 610 2832 In
629 2806 680 2834 hoc
701 2810 790 2834 autent
815 2813 841 2834 et
860 2807 983 2840 sequenti
1006 2807 1082 2837 Isaia:
1103 2810 1163 2839 loco
1179 2810 1297 2840 Photius'
1325 2813 1527 2849 LXXviralem,
1542 2822 1593 2850 ego
1613 2815 1754 2851 Vulgalam
1768 2826 1828 2845 ver-

391 2847 423 2866 υ·
452 2848 561 2867 Sctttlut'.

391 2847 439 2867 ore
452 2848 561 2875 Sequar.

801 2894 819 2905 ο
