1878 3057
71 140 120 171 293

555 140 604 170 AD
623 138 918 169 AMPHILOCHIUM
937 137 1109 174 QUAESTIO
1137 138 1230 168 XLII.

1636 139 1690 170 294

69 191 104 219 ὧν
124 191 222 228 ἡόργὴ
237 191 425 227 προλαμᾶίνει
451 192 497 218 τὸν
527 193 622 227 χρόνον
650 193 700 226 τῆς
716 192 851 228 κρίσεωςς

942 199 1009 227 igere
1032 192 1119 223 solet,
1149 192 1194 218 ubi
1212 190 1308 226 judicii
1338 195 1445 226 tempus
1471 191 1511 219 ira
1534 194 1689 221 antevertit.

69 238 171 266 οὐκοῦν
183 238 234 274 τὴν
250 238 299 272 μὲν
316 239 424 272 κίνησιν
434 239 483 273 τῆς
492 238 577 273 ὀργῆς
595 239 643 264 καὶ
661 237 733 265 κατὰ
744 237 851 273 σχολὴν,

69 286 112 311 καὶ
120 284 237 319 μελέτην
248 284 303 310 τῶν
319 284 445 318 πονηρῶν
458 283 536 319 ἡμῶν
550 284 725 319 ἐνθυμήσεων
739 283 854 318 παροξύ-

68 338 106 355 νει
132 329 248 364 πρόοδος
262 337 269 344 ·
286 329 303 364 ἡ
322 329 350 354 δὲ
364 329 468 355 ἐκεῖθεν
495 328 662 364 τολμηθείσα
687 328 787 364 πρᾶξις
804 329 853 361 τὰς

68 377 98 402 ὲκ
117 375 166 409 τῆς
189 374 275 409 ὀργῆς
301 375 490 410 τιμωρητικὰς
505 375 612 409 ψήφους
636 375 851 409 προύκαλέσατο.

68 419 131 446 liat'
148 420 238 454 δῆλον,
254 419 290 450 ὡς
304 420 335 446 τὸ
346 420 522 455 ἀδυσώπητον
541 420 590 454 τῆς
612 420 707 455 ὀργῆς,
723 420 771 447 καὶ
786 421 854 455 ἀμε-

67 466 227 498 τάτρεπτον,
242 465 290 490 καὶ
301 465 439 490 ἀκώλυτον
453 465 466 491 ὀ
482 464 658 499 ’ἱεροφάντης
674 465 852 499 παραστῆσαι

69 510 237 545 βουλομενος,
259 510 296 541 ὡς
311 510 469 545 σύνδρομον,
493 511 543 536 καὶ
560 511 715 545 προφοάνω
728 510 767 545 τῷ
781 511 854 546 λόγῳ

67 556 197 582 διέλαϐεν.
221 555 252 582 Ἦ
267 556 321 590 γὰρ
349 556 403 582 τῶν
432 555 594 590 φθασάντων
625 556 775 589 κολάσεων,
806 556 854 583 καὶ

67 603 216 637 τιμωριῶν,
229 602 272 636 ἐφ’
285 600 325 633 οἷς
340 602 513 637 ἡμάρτομεν,
538 602 640 637 κρίσις,
658 602 706 628 καὶ
732 601 801 637 ὀργὴ
815 601 854 637 τῷ

69 648 209 683 ἀκωλύτῳ,
226 649 272 675 καὶ
286 648 425 683 ἀτρέπτῳ,
441 649 489 674 καὶ
501 648 673 684 ἀδυσωπήτῳ
686 648 853 683 συναπαρτί-

70 694 142 726 ζεται
161 694 209 720 καὶ
224 694 394 729 περαίνεται.

99 782 132 810 Ei
145 782 235 817 βούλει
247 782 286 816 δὲ,
317 783 364 810 καὶ
390 783 457 809 διότι
473 783 504 809 τὸ
517 783 566 819 τῆς
589 783 674 819 ὀργῆς
701 783 810 814 πάντως
825 784 855 810 ὲν

68 829 154 863 κρίσει
167 827 214 854 νῦν
231 829 281 863 μὲν
297 828 429 864 ὁρίζεται,
448 828 496 855 νῦν
508 829 537 855 δὲ
547 829 603 855 τῶν
626 829 723 864 ψήφων
751 828 855 864 ἐξενεχ-

68 862 166 900 θέντων
186 862 320 908 είςνέργον
335 873 496 907 προάγεται,
512 873 541 899 τὸ
557 873 607 908 μὲν
629 862 803 907 ᾆιινουμένης,
867 862 889 889 Β

66 920 92 946 δὲ
108 920 308 956 πεπραγμένης
317 919 368 954 τῆς
379 919 526 954 ἁμαρτίας,
539 919 622 954 φησιν
639 926 646 933 ·
664 927 673 944 ‹
695 917 851 952 Ὠργίσθης,

66 966 109 991 καὶ
123 966 205 1000 ἡμεῖς
233 964 404 999 ἡμάρτομεν.
420 974 430 990 ›
458 964 706 1000 Ἐπιμεριζομένης
726 963 780 999 γὰρ
801 963 850 998 τῆς

65 1011 157 1046 ὀργῆς,
184 1011 232 1037 καὶ
249 1011 317 1045 πρδς
329 1010 359 1036 τὸ
371 1010 459 1037 διττὸν
489 1009 718 1044 διατυπουμένης,
743 1009 790 1035 καὶ
803 1008 854 1043 τῆς

67 1057 112 1091 μὲν
123 1058 153 1082 ὲν
164 1056 203 1091 τῷ
219 1056 351 1082 κινεῖσθαι
361 1057 410 1091 τὴν
423 1056 572 1091 ἁμαρτίαν,
586 1056 635 1091 τῆς
649 1055 677 1081 δὲ
692 1055 722 1081 ἐν
737 1055 777 1089 τῷ
791 1054 853 1081 τολ-

67 1101 166 1136 μᾶσθαι
195 1101 423 1137 Θεωρουμὲνης,ἡ
441 1102 490 1136 μὲν
515 1101 637 1136 προτέρα
667 1100 795 1135 φανερὸν,
811 1100 853 1126 δτι

30 1166 34 1171 .
64 1147 110 1183 τὴν
124 1147 261 1182 ἔκθεσμον
290 1147 440 1182 προφθάνει
460 1147 559 1182 πρᾶξιν
570 1155 577 1162 ·
592 1147 609 1181 ἡ
621 1146 737 1181 δευτέρα
747 1146 776 1172 δὲ
794 1154 853 1171 συν-

65 1194 216 1225 ακολουθεῖ,
229 1194 275 1220 καὶ
288 1193 550 1227 συγκαταὸά).λεται.
569 1193 652 1219 ’Ὥστε
667 1193 717 1228 τὴν
732 1200 852 1227 κακουρ-

64 1240 124 1272 γίαν
150 1239 200 1273 μὲν
214 1240 232 1273 ἡ
246 1239 318 1265 κατὰ
341 1238 390 1273 τὴν
413 1238 528 1274 μελέτην
543 1238 612 1274 ὀργὴ
638 1237 826 1272 προλαμὸάνει
844 1244 851 1251 ·

64 1288 95 1321 ἡν
107 1286 130 1312 δ’
154 1286 257 1321 ἀνῆψεν
272 1287 288 1321 ἡ
302 1286 400 1320 τόλμα,
429 1286 660 1321 συμπαρομαρτεῖ
680 1285 777 1321 ταύτῃ,
805 1285 854 1312 καὶ

66 1333 272 1367 συνεπιφύεται.
304 1333 350 1359 Διὸ
375 1333 422 1360 καὶ
436 1333 506 1359 κατὰ
521 1333 570 1368 μὲν
580 1333 629 1367 τὴν
644 1332 782 1368 προτέραν
794 1332 852 1359 διά-

64 1387 136 1405 νοιαν
150 1377 239 1409 ἔξεστι
250 1378 339 1412 λέγειν
353 1377 519 1409 ἀδιστάκτως
527 1386 568 1408 τε,
580 1377 627 1404 καὶ
637 1377 852 1412 εὐσεὸοφρόνως,

63 1423 99 1456 ὡς
115 1434 124 1450 ι
145 1424 303 1459 Ὤργίσθης,
336 1425 384 1451 καὶ
412 1425 493 1458 ἡμεῖς
521 1423 729 1458 ἡμάρτομεν-ι
756 1423 773 1457 ἡ
799 1422 854 1457 γὰρ

64 1470 132 1496 κατὰ
150 1470 268 1504 μελέτην
281 1470 350 1504 ὀργὴ
371 1470 542 1504 προῦπάρχει
570 1469 615 1495 τοῦ
643 1468 851 1504 ἁμαρτήματος

904 237 996 272 Itaque
1002 237 1099 265 divinae
1112 238 1158 265 irae
1180 241 1284 264 motum
1297 237 1417 265 incendit
1431 238 1618 272 improbarnm
1637 246 1690 266 no.

904 288 1022 311 strarum
1038 283 1220 319 cupiditatum
1243 284 1399 318 progressio
1419 283 1491 311 facta
1513 288 1538 312 et
1551 292 1599 320 per
1615 285 1692 313 dele-

904 323 1048 357 ctationem
1071 337 1209 356 morosam
1236 334 1263 356 et
1283 337 1331 364 per
1352 329 1573 358 deliberationem
1595 340 1601 358 :
1621 338 1692 366 opus

903 382 993 402 autern
1017 376 1080 403 inde
1092 379 1276 410 perpetratum
1290 375 1426 402 decretum
1448 376 1598 410 punitiouis
1612 377 1646 403 ab
1659 384 1691 404 ea

903 420 943 447 ira
959 421 985 447 in
997 428 1047 448 nos
1067 420 1225 448 concitavit.
1243 417 1283 447 Ac
1297 425 1368 455 patet
1383 421 1467 455 quod,
1489 425 1519 448 ut
1540 421 1608 448 iram
1622 421 1692 448 divi-

904 473 966 492 nam
992 473 1049 493 non
1073 473 1155 500 posse
1177 466 1396 499 exorari,‘tlecti,
1412 474 1444 494 ac
1462 467 1586 501 impediri
1605 467 1692 502 signi-

904 512 998 538 ﬁcaret
1013 512 1155 546 propheta,
1170 512 1197 538 in
1214 512 1340 539 adductis
1348 512 1439 539 verbis
1446 520 1505 539 eam
1521 513 1599 547 quasi
1615 513 1692 547 operi

904 561 1125 589 concurrentem,
1151 561 1179 584 et
1202 558 1411 591 praevenientem
1439 558 1585 593 acceperit.
1608 557 1694 586 Casti-

905 602 1044 638 gationem
1066 602 1138 629 enim
1161 602 1361 638 ultionumque,
1378 611 1438 638 qme
1452 604 1487 630 ob
1511 608 1602 630 nostra
1631 611 1694 638 pec-

904 652 964 674 cata
982 651 1182 682 processerunt,
1195 647 1329 681 judicium
1349 653 1376 674 et
1396 648 1434 675 ira
1449 648 1474 675 vi
1489 648 1619 683 quadam,
1631 656 1693 683 quae

905 691 1041 724 impediri,
1063 690 1134 719 ﬂecti
1156 695 1183 717 et
1199 692 1306 719 exorari
1321 692 1425 727 nequit,
1442 693 1597 728 explentur,
1611 698 1693 727 atque

904 736 937 763 ad
952 737 1054 765 exitum
1067 741 1263 774 perducuntur.

942 783 969 810 Si
982 784 1023 812 vis
1036 791 1138 818 autem,
1153 786 1216 820 quia
1233 786 1272 812 ira
1292 786 1373 813 modo
1387 786 1497 821 quidem
1513 787 1572 814 solo
1586 787 1692 822 judicio

905 829 1017 855 omnino
1029 830 1203 863 terminatur,
1231 831 1314 858 modo
1337 836 1427 858 autent
1444 832 1517 858 edito
1531 832 1640 860 decreto
1658 834 1692 859 ad

903 875 1107 902 exsecutionem
1125 876 1317 910 progreditur;
1337 881 1420 911 atque
1438 877 1503 904 illud
1518 878 1627 912 quidem
1650 881 1693 905 est

903 925 953 954 pro
968 919 1076 946 interno
1089 920 1194 954 peccati
1209 926 1295 953 motu,
1309 921 1361 949 hoc
1371 929 1436 949 vero
1447 929 1496 957 pro
1508 927 1618 950 externa
1631 925 1692 958 ejus

904 965 1123 998 perpetratione;
1150 965 1252 994 idcirco
1280 967 1412 1002 propheta
1429 975 1437 994 :
1454 976 1463 993 ι
1482 967 1570 995 Iratus
1589 976 1630 1000 es,
1654 969 1693 994 in-

904 1009 973 1043 quit,
994 1015 1020 1036 et
1035 1017 1083 1036 nos
1104 1011 1287 1044 peccavimus.
1305 1020 1314 1036 ι
1332 1011 1400 1038 Cum
1416 1013 1488 1038 enim
1505 1012 1545 1038 ira
1562 1012 1607 1039 hic
1621 1012 1693 1039 divi-

904 1055 993 1087 datur,
1003 1055 1240 1092 distinguaturque
1248 1057 1282 1084 'iu
1298 1057 1366 1084 duas
1383 1062 1493 1092 partes;
1510 1062 1593 1092 atque
1606 1059 1691 1085 altera

904 1101 1013 1135 quidem
1030 1101 1167 1129 internum
1197 1102 1300 1137 peccati
1323 1108 1438 1136 motum,
1461 1103 1547 1130 altera
1564 1111 1627 1130 vero
1647 1111 1694 1131 ex-

905 1151 1009 1173 ternam
1028 1147 1088 1181 ejus
1107 1148 1336 1182 perpetrationem
1355 1150 1502 1184 respiciat;
1524 1154 1598 1184 patet
1617 1150 1692 1184 quod

904 1193 979 1227 prior
996 1193 1040 1220 illa
1056 1194 1210 1228 improbum
1228 1196 1376 1229 praeveniat
1386 1202 1474 1229 opus;
1493 1196 1588 1223 istbtec
1599 1200 1692 1224 autem

904 1239 1040 1273 posterior
1056 1247 1251 1275 consequatur,
1268 1241 1406 1276 simulque
1422 1242 1578 1269 descendat.
1601 1243 1693 1274 Quare

904 1281 1035 1309 delictum
1051 1282 1160 1316 quidem
1178 1291 1210 1310 ea
1223 1284 1262 1311 ira
1278 1285 1426 1319 praevertit,
1441 1293 1502 1320 quae
1512 1286 1548 1312 ob
1560 1286 1694 1313 delibera-

904 1328 1005 1356 tionem
1035 1334 1092 1362 est;
1118 1337 1150 1357 ea
1180 1337 1254 1361 vero,
1281 1338 1341 1365 quae
1364 1331 1398 1358 ob
1419 1339 1489 1366 opus
1505 1337 1692 1366 perpetratum

904 1373 1075 1405 incenditur,
1092 1374 1157 1401 illud
1175 1375 1321 1402 comitatur
1345 1381 1427 1410 atque
1444 1377 1572 1403 adhaeret.
1590 1375 1694 1409 Quam-

904 1419 997 1446 obrem
1014 1419 1037 1446 si
1058 1420 1132 1454 prior
1152 1420 1191 1448 ira
1208 1421 1381 1455 respiciatur.
1399 1422 1458 1449 siue
1473 1421 1568 1454 dubio,
1588 1429 1622 1450 ac
1639 1422 1693 1449 itu-

903 1465 1014 1499 pietatis
1041 1472 1105 1492 nom
1130 1465 1222 1494 dicere
1247 1466 1288 1494 l'as
1311 1471 1378 1494 est:
1405 1476 1415 1493 ι
1441 1467 1529 1495 Iratus
1543 1475 1583 1500 es.
1600 1475 1627 1495 et
1642 1475 1694 1496 nos

65 1517 107 1542 ἐπὶ
121 1516 152 1542 δὲ
169 1516 219 1550 τῆς
238 1516 378 1551 δευτέρας,
395 1515 456 1541 οὗτε
472 1514 604 1550 θεοφιλὲς,
621 1514 683 1541 οὔτε
695 1513 851 1541 ἀκόλουθον·

942 1512 1098 1544 ccavimus;
1122 1521 1131 1537 ι
1151 1513 1285 1546 siquidem
1301 1514 1340 1540 ira
1354 1513 1389 1540 ob
1402 1513 1627 1541 deliberationem
1647 1521 1695 1541 ex-

65 1563 93 1588 at)
104 1564 160 1598 γὰρ
175 1563 207 1589 ὲκ
221 1563 271 1597 τῆς
285 1563 369 1597 ὀργῆς
383 1562 588 1597 ἁμαρτάνομεν,
601 1561 669 1589 ἀλλὰ
681 1560 749 1587 διότι
763 1560 854 1596 ἁμαρ-

65 1609 193 1645 τάνομεν,
203 1609 253 1644 τὴν
269 1609 354 1644 ὀργὴν
366 1607 560 1643 ὲπισπώμεθαε

98 1740 299 1777 Παραπλήσιον
308 1741 331 1768 δ’
351 1741 384 1768 ἂν
412 1740 454 1776 εἴη
484 1740 542 1774 καὶ,
555 1739 581 1767 εἴ
593 1749 635 1772 τις
656 1740 781 1768 ἐντεῦθεν
805 1741 855 1776 τὴν

66 1788 152 1822 ὁρμὴν
179 1787 220 1822 τῷ
243 1787 316 1822 λόγῳ
343 1787 516 1822 βαλλόμενος,
549 1787 594 1813 διὰ
622 1786 778 1822 λειοτέρου,
807 1787 855 1813 καὶ

67 1834 254 1868 οἰκτιζομένου
280 1835 414 1868 νοήματος
440 1833 570 1866 ἐπιδείξει
597 1833 761 1868 φερόμενονο
779 1833 855 1860 «οὐκ

67 1880 180 1914 ἐπέσχες
196 1880 247 1913 τὴν
266 1879 357 1914 ὁρμὴν
382 1879 540 1914 κινηθείσης
567 1879 646 1915 ἡμῶν
665 1879 716 1914 τῆς
741 1878 855 1914 γνώμης

67 1925 111 1951 ἐπὶ
134 1925 185 1956 τὰς
219 1925 334 1960 πράξεις
358 1925 407 1956 τὰς
432 1926 572 1960 πονηράς·
589 1924 656 1951 ἀλλὰ
687 1923 813 1958 προορῶν
824 1923 855 1949 τὸ

67 1971 261 2005 ὲκῦησόμενον,
273 1971 310 2003 ὡς
322 1970 472 2004 ἐκϐεϐηκὸς
491 1971 547 2005 (καὶ
562 1969 616 2004 γὰρ
633 1969 680 1996 καὶ
687 1970 717 1996 τὸ
734 1969 854 2003 ἀκατέρ-

67 2024 167 2049 γαστον
186 2016 267 2051 ἡμῶν
280 2016 310 2042 τὸ
325 2015 370 2042 σον
387 2016 592 2042 πανεπίσκοπον
611 2015 688 2051 ὄμμα
701 2015 807 2050 ἐφορᾷ),
821 2015 853 2049 τῇ

69 2061 231 2097 μελέτῃττῶν
262 2061 371 2096 φαύλων
386 2062 433 2087 καὶ
457 2061 506 2096 τὴν
530 2062 614 2096 ὀργὴν
644 2061 737 2086 λασείν
768 2060 855 2096 ἀρχὴν

66 2106 204 2141 παρέσχες
227 2106 372 2140 κινήσεως.
401 2105 509 2140 Ταύτης
535 2105 564 2132 δὲ
591 2105 652 2131 καθ’
671 2105 749 2140 ἡμῶν
765 2106 794 2131 ἐν
815 2105 855 2139 τῷ

68 2152 199 2188 μετεώρῳ
232 2151 554 2186 φερομένηςὴἁμαρτία
581 2150 750 2185 θρασύτερον
776 2150 854 2185 ἡμῶν

906 1557 990 1584 citata
1017 1558 1145 1592 praecedit
1163 1559 1392 1593 perpetrationem
1411 1559 1517 1594 peccati
1538 1566 1544 1585 :
1563 1560 1586 1586 si
1608 1559 1695 1586 altera

906 1606 996 1628 autem
1016 1607 1169 1636 spectetur,
1181 1603 1233 1630 hoc
1247 1603 1337 1630 dicere
1359 1611 1448 1638 neque
1464 1603 1620 1638 religiosum
1639 1608 1693 1635 est,

906 1655 995 1682 neque
1008 1653 1234 1676 consentaneum.
1248 1649 1306 1676 Non
1318 1649 1392 1676 enim
1406 1649 1442 1676 ob
1452 1649 1520 1676 iram
1536 1657 1693 1684 peccamus,

905 1693 952 1720 sed
969 1688 1033 1728 quia
1049 1701 1205 1728 peccamus,
1221 1694 1288 1720 iram
1303 1694 1330 1720 iu
1345 1701 1395 1721 nos
1411 1694 1592 1721 concitamus.

941 1739 1034 1774 Neque
1060 1748 1123 1767 vero
1139 1740 1218 1774 longe
1244 1735 1464 1771 abscedet-emus,
1481 1739 1502 1766 si
1530 1740 1602 1774 quis,
1630 1740 1695 1768 hinc

906 1786 1072 1820 principium
1100 1785 1318 1820 interpretationi
1352 1786 1490 1820 praebens,
1528 1786 1630 1812 tttitiori
1667 1791 1695 1813 et

906 1831 1174 1858 commiserationem
1198 1830 1334 1857 excitante
1356 1837 1439 1857 sensu
1463 1831 1552 1857 locum
1567 1832 1694 1866 proposi-

906 1881 961 1903 tum
975 1876 1125 1903 ostenderit
1144 1875 1291 1910 procedere
1305 1882 1312 1900 :
1332 1883 1342 1899 ι
1360 1873 1462 1908 Nempe
1478 1882 1531 1901 non
1545 1875 1694 1902 cohibuisti

906 1923 1036 1957 impetum
1053 1922 1137 1949 animi
1150 1921 1235 1949 nostri
1257 1921 1289 1947 ad
1306 1928 1388 1955 prava
1403 1929 1485 1956 opera
1502 1921 1606 1949 incitati
1620 1931 1627 1949 :
1646 1925 1694 1949 sed

906 1968 1058 2003 pnevidcns
1069 1968 1173 1998 tutura,
1187 1967 1225 1994 uti
1242 1968 1377 2001 praeterita
1393 1967 1503 2000 (ctenim
1528 1967 1555 1994 id
1572 1975 1692 2005 quoque,

907 2014 979 2048 quod
995 2015 1111 2041 necdum
1130 2014 1246 2048 egimus,
1262 2013 1358 2040 oculus
1376 2017 1440 2040 tuus
1457 2013 1581 2040 omnium
1603 2014 1694 2048 inspe-

906 2065 964 2088 ctor
976 2060 1125 2094 observat),
1136 2060 1170 2086 ob
1189 2060 1274 2094 ipsam
1285 2059 1418 2086 malorum
1433 2066 1547 2093 operum
1559 2059 1692 2086 delibera-

906 2107 1006 2133 tiouetn
1022 2105 1144 2136 etl‘ecisti,
1171 2108 1200 2131 ut
1214 2108 1241 2130 et
1265 2104 1304 2130 ira
1320 2108 1437 2130 sumeret
1451 2104 1623 2131 excitationis
1637 2112 1694 2131 sua:

906 2152 1081 2186 principium.
1098 2150 1154 2178 ilac
1168 2155 1257 2178 autem
1280 2150 1411 2177 adversus
1423 2150 1484 2184 inus
1500 2150 1553 2177 alte
1577 2152 1694 2178 etlervc-

67 2197 196 2232 ὲπιπηδᾷ,
219 2197 267 2223 καὶ
283 2197 377 2233 ῥᾳδίαν
394 2197 515 2232 εὑρίσκει
540 2197 589 2231 τὴν
605 2196 729 2230 πάροδον.
747 2196 786 2230 Τῇ
797 2196 851 2231 γὰρ

942 2202 1006 2228 mte,
1024 2201 1163 2230 peccatum
1183 2195 1282 2222 acriori
1306 2195 1421 2221 audacia
1437 2195 1463 2221 in
1488 2203 1539 2222 nos
1557 2195 1651 2226 insilit,
1667 2199 1694 2222 et

69 2242 253 2278 μισοπονηρίᾳ
285 2243 336 2277 τῆς
363 2243 411 2276 σῆς
442 2242 508 2277 περὶ
542 2242 616 2276 ἡμᾶς
649 2241 854 2276 φιλανθρωπίας

68 2289 275 2323 ὑπενδιδούσης,
302 2289 349 2314 καὶ
362 2288 402 2324 τῷ
413 2288 510 2323 δικαίῳ
521 2287 570 2322 τῆς
584 2286 756 2322 συμπαθείας
786 2287 854 2313 ὐπο-

67 2334 209 2369 χωρούσης
242 2334 376 2360 εὐάλωτον
389 2333 426 2368 τῷ
438 2333 526 2368 ἐχθρῷ
542 2333 572 2359 τὺ
599 2332 710 2367 θήραμα
738 2332 854 2366 γίνεται.

73 2380 149 2407 Ἐτιεὶ
155 2381 238 2415 εἴπερ
246 2378 280 2415 ἦν
290 2381 356 2414 ἡμῖν
373 2380 454 2405 πόθεν
469 2379 519 2414 τὴν
535 2379 583 2414 σὴν
595 2379 679 2414 ὀργὴν
691 2378 855 2413 κινουμένην

69 2427 105 2458 εἰς
123 2427 269 2461 εὖμένειαν
281 2425 415 2457 διαλῦσαι,
430 2426 477 2451 καὶ
488 2426 505 2460 ἡ
520 2425 642 2459 ἁμαρτία
653 2424 686 2451 ἃν
701 2425 741 2455 εις
755 2424 856 2450 δειλίαν

69 2473 98 2499 τδ
113 2473 216 2507 θράσος
231 2471 402 2500 συνέστελλε.
417 2471 463 2497 καὶ
480 2471 510 2497 τὸ
523 2471 658 2506 ἡμέτερον
673 2469 857 2505 βοηθούμενόν

71 2526 109 2550 τε,
121 2519 168 2544 καὶ
177 2516 434 2552 ἀναρρωννύμενον,
445 2515 545 2550 μᾶλλον
562 2515 596 2542 ἂν
610 2516 694 2550 αὐτῆς
710 2516 759 2550 τὴν
775 2523 858 2550 προσ-

73 2564 151 2599 5ο),ὴν
174 2562 355 2596 ἀπεσείσατο,
373 2563 390 2598 ἢ
415 2564 473 2593 τοῖς
486 2562 587 2598 ταύτης
602 2562 748 2598 θηράτροις
765 2561 859 2588 ἐνιπε-

72 2616 125 2635 σεν.
140 2617 150 2634 ι

107 2655 186 2685 Ἴσως
197 2654 220 2680 δ’
237 2653 271 2680 ἂν
284 2653 434 2688 ἐγγύτερον
451 2653 494 2688 εἴη
506 2651 703 2688 θεωρούμενον,
717 2652 741 2677 εἰ
754 2651 799 2677 καὶ
822 2650 859 2686 μὴ

72 2701 130 2731 ταῖς
146 2699 328 2735 ὑψηλοτέραις
345 2698 477 2730 ἐπινοίαις
506 2697 700 2733 συνεπαίρεται
716 2697 756 2730 τὸ,
776 2705 785 2722 ι
797 2697 858 2730 Ὠρ-

72 2745 174 2781 γίσθης,
204 2745 254 2772 καὶ
274 2746 356 2780 ἡμεῖς
373 2745 545 2780 ἡμάρτομεν,
559 2753 568 2768 ›
581 2744 620 2775 εἰς
644 2743 684 2775 τὸ,
704 2741 858 2778 Ὧργίσθης.

72 2789 139 2816 διότι
165 2792 249 2825 ἡμεῖς
284 2790 456 2825 ἡμάρτομεν,
485 2787 771 2823 μεταλαμβανόμενον·
800 2788 858 2820 καὶ,

74 2834 145 2860 Διότι
163 2835 338 2871 ἡμάρτομεν,
367 2835 416 2869 τὴν
443 2833 504 2860 καθ’
522 2833 601 2869 ἡμῶν
619 2832 669 2859 οὐκ
685 2833 800 2867 ἐπέσχες
812 2833 859 2868 ὀρ-

77 2879 140 2916 τήν.
286 2881 301 2897 ι

906 2241 1014 2268 facilem
1026 2241 1128 2268 invenit
1139 2241 1253 2268 aditum.
1269 2240 1336 2267 Cum
1353 2240 1425 2267 enim
1441 2243 1486 2266 tua
1497 2247 1559 2274 erga
1573 2247 1622 2267 nos
1635 2241 1693 2267 cle-

907 2289 1007 2314 mentia
1024 2287 1095 2314 cedit
1116 2288 1179 2314 odio
1201 2286 1315 2321 peccati.
1333 2293 1365 2312 ac
1381 2285 1567 2312 misericordia
1590 2285 1634 2312 dut
1648 2286 1694 2319 jn-

907 2333 990 2359 stitiae
1007 2332 1116 2365 locum;
1140 2331 1211 2358 facili
1229 2331 1337 2365 negotio
1361 2337 1412 2356 nos
1426 2333 1540 2356 venatur
1556 2329 1691 2358 inimicus.

906 2378 1040 2410 Quoniam
1058 2377 1079 2404 si
1094 2378 1171 2404 nobis
1185 2377 1360 2412 contingebat
1371 2376 1438 2402 iram
1451 2380 1522 2402 tuam
1531 2377 1693 2404 concitatam

908 2424 941 2451 ad
953 2424 1125 2451 clementiam
1141 2423 1267 2456 ﬂectere;
1285 2422 1379 2457 utique
1392 2430 1445 2449 non
1458 2423 1538 2450 tuodo
1553 2428 1693 2458 peccatum

908 2468 1052 2495 audaciam
1067 2475 1145 2495 suam
1159 2467 1192 2494 ad
1217 2467 1343 2494 timorem
1362 2471 1528 2498 revocasset,
1549 2467 1595 2493 sed
1611 2467 1694 2494 etiam

908 2513 1017 2539 animus
1033 2516 1126 2539 uoster
1139 2511 1224 2546 gratia
1244 2511 1365 2544 adjutus,
1381 2517 1413 2536 ac
1431 2510 1588 2542 robomtus,
1605 2511 1696 2545 potius

910 2558 996 2592 ipsius
1010 2557 1112 2591 peccati
1133 2556 1312 2588 irruptiouetn
1336 2555 1432 2582 fuisset
1453 2555 1592 2588 amolitus,
1611 2563 1695 2590 quant

910 2604 936 2630 in
953 2603 1013 2637 ejus
1029 2603 1096 2629 retia
1114 2602 1265 2629 incidisset.
1281 2610 1291 2626 ι

945 2645 1072 2674 Fortasse
1081 2653 1145 2672 vero
1157 2645 1191 2672 ad
1204 2645 1345 2672 veritatem
1363 2645 1476 2680 propius
1491 2646 1697 2679 accederemus.

911 2693 1017 2720 tametsi
1032 2691 1238 2720 sublimioribus
1260 2691 1360 2719 mentis
1377 2692 1556 2726 conceplibus
1578 2700 1633 2720 nou
1655 2699 1697 2720 at-

912 2740 1087 2771 tolleremur;
1114 2738 1137 2765 si
1159 2737 1224 2765 illttd
1246 2748 1253 2766 ;
1271 2747 1280 2764 ι
1300 2737 1389 2765 iratus
1408 2746 1447 2771 es,
1464 2744 1491 2765 et
1507 2746 1560 2767 nos
1575 2740 1699 2774 peccavi-

911 2794 990 2817 mus,
1009 2795 1018 2811 ι
1039 2788 1209 2812 mutaremus
1238 2785 1265 2811 in
1295 2785 1358 2818 hoc,
1382 2783 1470 2811 Iratus
1494 2792 1534 2817 es,
1557 2785 1620 2820 quia
1651 2793 1700 2812 nos

912 2831 1100 2867 peccavimus;
1113 2835 1139 2857 et
1153 2831 1216 2866 quia
1239 2830 1426 2865 peccaviums,
1443 2830 1510 2856 iram
1526 2835 1620 2858 contra
1650 2839 1699 2859 nus

914 2876 986 2904 haud
1002 2875 1158 2905 cuhibuisti.
