1878 3057
183 128 238 159 1'95

761 123 891 152 ΡΗΟΤΗ
911 122 1164 153 PATRIARCll/E
1179 123 1223 152 CP

1759 120 1811 152 29f-

215 179 381 207 Particulam
396 178 469 205 enim
484 177 685 212 eonjunetivam
696 176 854 208 verborum,
865 180 892 203 ct
906 183 968 202 sen-

1067 177 1112 203 ι’ὺν
1125 176 1181 211 γὰρ
1191 176 1332 202 συνδέοντα
1343 175 1377 202 τὰ
1389 176 1418 202 ὲν
1435 174 1567 207 διανοίαις
1585 175 1697 211 ῥήματά
1710 184 1751 209 τε,
1767 178 1813 203 καὶ

181 223 338 254 tentiarumI
353 229 414 255 qua:
427 225 491 248 sunt
517 221 544 247 in
561 220 685 254 pluribus
700 219 835 246 orationis
853 226 969 254 concep-

181 269 266 301 tibus,
282 267 340 295 sive
357 266 518 301 particulam
534 271 570 296 ει,
591 270 649 292 tum
666 272 752 292 sacra;
775 265 895 296 Litterae,
911 269 969 291 tum

180 313 263 341 Attici
277 313 413 341 sermonis
426 312 560 346 elegantia
577 319 648 346 saepe
663 311 765 339 causali
778 319 859 338 sensu
878 314 971 337 amant

181 360 305 394 accipere
332 366 339 385 :
366 366 398 386 ac
421 358 546 392 exempla
575 358 702 384 omnibus
729 361 867 391 comperta
895 360 969 384 sunt.

183 404 375 431 verumtamen
392 404 424 430 ad
442 403 608 430 recensenda
629 402 781 430 Atticorum
806 402 970 436 scriptorum

180 450 342 478 documenta
356 449 440 476 otium
456 448 522 475 mihi
541 448 634 481 deest,
651 447 767 475 duorum
785 453 875 474 autent
891 446 967 474 Scri-

181 500 268 530 pturae
282 495 402 522 locorum
418 494 588 527 recordatus,
604 499 776 526 cancrorum,
793 494 816 521 si
837 493 906 521 forte
921 493 971 521 tibi

181 540 256 568 cordi
287 544 344 572 est,
369 539 560 566 collectionem
584 539 734 567 curattdam
763 539 899 573 relinquo.
926 538 972 566 Ait

185 587 281 620 itaque
295 593 373 612 sacer
384 585 499 618 Psaltes,
516 590 542 612 et
559 590 637 620 pater
652 584 699 611 liei
714 584 847 612 incarnati
866 583 950 610 David
963 592 970 610 :

184 640 194 657 ι
216 631 255 657 Da
270 630 351 657 nobis
366 630 497 656 auxilium
512 630 545 657 de
561 630 748 662 tribulatione,
765 634 793 657 et
807 636 874 656 vana
896 628 971 656 salus

182 675 300 703 hominis
318 675 385 710 (5t).
405 685 414 701 ι
434 675 483 702 llic
508 675 580 702 enim
608 675 674 702 illud
695 679 732 707 et,
762 682 812 709 pro
834 674 971 702 sexcentis

181 721 242 748 aliis
252 720 395 755 exemplis,
419 721 485 748 satis
499 721 608 753 evincit,
627 721 698 756 quod
720 721 756 748 sil.
771 720 874 748 causali
890 727 971 748 sensu

183 766 351 794 reddendum
363 787 370 799 ,
386 766 470 794 veluti
487 775 494 794 :
514 775 523 792 ι
543 765 581 793 Da
598 767 678 794 nobis
697 766 829 793 auxilium
842 765 875 793 de
887 766 972 793 tribu-

182 810 295 843 latione,
312 809 376 844 quia
391 817 460 836 vana
473 809 549 837 salus
563 809 695 838 hominis.
712 819 723 836 ι
741 810 828 844 Atque
837 816 902 836 vero
913 809 972 844 ipse

182 855 268 883 lsaias
291 855 486 890 (opportunius
508 861 599 882 autem
615 863 676 882 esse
694 856 787 890 utique
802 856 901 890 poterit
925 863 973 890 per

181 901 304 927 eantdem
315 907 421 932 vocem,
431 901 612 934 eumdemque
623 900 722 927 librum
737 901 893 932 ostendere,
901 899 974 935 quod

183 946 287 973 causali
317 946 398 973 modo
427 946 585 980 coniunctio
616 951 641 972 et
672 946 847 980 accipiatur),
875 955 884 971 ι
915 945 973 978 ναξ,

183 991 280 1026 inquit,
295 991 340 1026 qui
354 993 380 1018 in
396 991 503 1018 occulto
518 991 662 1024 cpnsilium
679 990 794 1024 faciunt,
809 995 836 1018 et
846 996 926 1019 erunt
946 995 973 1018 In

186 1037 307 1064 tenebris
323 1045 404 1071 opera
415 1045 508 1064 eorum
526 1036 581 1072 (3i)
596 1045 603 1071 ;
617 1046 626 1062 ι
646 1037 697 1064 hoc
708 1037 780 1064 enim
794 1046 804 1062 ι
818 1041 845 1064 et
856 1041 946 1069 erlmt,
961 1045 970 1063 ι

184 1090 266 1110 nemo
282 1084 375 1118 utique
389 1083 533 1114 dubitarit,
554 1084 620 1118 quin
639 1083 741 1110 causali
759 1091 841 1111 sensu
860 1091 974 1118 usurpa-

184 1133 241 1156 tum
255 1130 307 1163 sit;
326 1134 470 1164 propterea
486 1130 511 1155 in
525 1136 571 1156 eos
586 1129 650 1156 illud
668 1137 704 1156 ra:
719 1129 858 1164 inﬂigitur.

216 1175 262 1203 Sic
276 1176 358 1211 igitur
371 1180 398 1202 et
411 1175 463 1202 hoc
477 1175 592 1202 :ilratus
606 1183 646 1208 es,
660 1179 688 1202 et
701 1182 752 1202 nos
768 1175 950 1210 peccavimus,
962 1183 972 1200 ›

183 1221 256 1249 nullo
272 1221 365 1249 labore
381 1229 413 1249 ac
430 1222 528 1248 mentis
542 1221 700 1248 incitatione
713 1221 877 1256 intelligetur
891 1230 898 1254 ;
912 1228 973 1248 cum

183 1275 323 1294 sacrarutn
346 1266 510 1294 Litterarum
533 1265 703 1292 consuetudo
722 1265 800 1292 nobis
824 1266 895 1291 viam
912 1272 975 1299 ape-

185 1312 247 1343 riat,
265 1319 318 1346 qua
335 1311 368 1338 ad
381 1317 486 1338 rectum
500 1318 610 1337 sensum
630 1315 763 1345 prompte,
782 1317 814 1337 ac
833 1310 975 1337 inoﬂensis

183 1358 297 1385 auribus
309 1358 511 1392 perveniamus,
527 1362 554 1384 et
568 1357 629 1385 loco
646 1358 792 1392 proposita:
807 1357 974 1384 dilﬁcultatis

185 1403 383 1438 professionem
399 1402 576 1434 catholicam,
594 1402 705 1436 Deoque
723 1407 861 1437 acceptam
880 1409 974 1429 serve-

186 1457 246 1476 mus
264 1448 440 1475 incolumem.
471 1447 577 1475 Etenim
594 1448 749 1475 communis
768 1448 900 1476 sententia
922 1453 974 1481 est,

185 1493 331 1528 etquidem
349 1493 400 1528 piis
422 1495 572 1529 prazsertim
599 1494 676 1527 viris,
702 1493 775 1528 quod
796 1493 974 1529 peccantibus

186 1539 265 1566 nobis
282 1538 351 1566 Deus
369 1539 514 1566 irascatur.
531 1540 620 1574 Atque
640 1539 910 1566 animadvertendum
932 1543 975 1566 est

185 1584 258 1618 quod
285 1583 442 1618 hujusmodi
471 1585 682 1616 commentatio,
705 1589 820 1618 .quanto
850 1584 975 1611 adductis

185 1631 247 1658 aliis
264 1630 430 1658 moderatius
444 1630 576 1664 procedit,
594 1634 669 1657 tanto
685 1629 776 1657 minus
795 1629 885 1656 verbis
906 1629 976 1656 indi-

186 1683 248 1713 geat
262 1677 365 1705 circulo
386 1676 484 1703 vitioso
506 1676 706 1707 laborantibus,
731 1675 976 1710 torquentibhsque

186 1727 302 1750 mentem
314 1730 362 1757 per
376 1721 552 1752 subtilitates,
568 1728 658 1756 neque
671 1721 728 1755 ipsa
743 1721 878 1755 quispiam
890 1721 976 1754 p03sit

187 1770 274 1797 abuti.

220 1815 255 1840 At
267 1821 301 1841 ne
316 1814 404 1849 pigeat
422 1812 537 1840 ulterius
550 1819 605 1839 rem
621 1811 786 1846 perpendere
803 1819 809 1837 :
825 1810 885 1837 fons
902 1810 974 1836 enim

185 1867 317 1894 aquarum
343 1859 441 1886 animae
458 1857 564 1885 utilium
581 1865 613 1884 ac
629 1856 790 1883 salutarium
816 1862 893 1881 sacra
918 1854 976 1881 Elo-

185 1907 248 1941 quia
266 1909 347 1937 sunt;
367 1908 507 1938 etquanto
521 1903 607 1937 magis
620 1910 651 1929 ea
662 1901 884 1928 meditationibus
904 1899 975 1927 fodi-

186 1959 257 1983 mus,
275 1955 352 1977 tanto
367 1950 538 1982 copiosiores
554 1949 698 1975 vcritatum
721 1947 814 1982 gratiae
831 1946 893 1973 inde
916 1954 975 1973 sca-

184 1999 300 2025 tul'iunt.
316 1996 426 2024 Dillicile
443 1997 536 2030 itaque
554 1995 696 2022 videbatur
710 1994 774 2021 illud
793 2003 814 2020 ει
830 1993 868 2019 Tu
888 1993 975 2020 iratus

184 2050 224 2074 es,
243 2046 271 2068 et
292 2049 342 2068 nos
361 2041 543 2074 peccavimus.
568 2039 631 2066 dum
656 2039 782 2065 absolute
804 2037 868 2068 dici,
883 2044 915 2064 ac
941 2038 975 2063 de

185 2088 313 2114 universo
325 2086 466 2113 hominuut
479 2093 577 2120 genere
594 2085 740 2120 putabatur
760 2082 883 2116 intelligi.
901 2081 974 2114 Quo-

185 2134 266 2160 modo
279 2132 351 2159 enitn
374 2132 510 2166 quispiam
532 2136 625 2165 posset
644 2132 732 2157 vitare
759 2134 910 2164 peccatum,
928 2128 974 2155 ubi

184 2177 273 2211 ipsum
305 2176 396 2204 divina
421 2176 535 2203 immisit
555 2175 614 2202 ira?
637 2173 765 2207 Quaenam
786 2179 876 2200 autem
899 2174 972 2207 jusla
989 2194 1011 2221 Β

184 2223 302 2257 peccatis
328 2229 407 2256 pinna
429 2222 606 2255 irrogaretur,
633 2220 656 2248 si
681 2220 714 2246 ad
736 2219 813 2246 nelas
831 2219 908 2246 inviti
924 2226 972 2253 per

183 2271 237 2296 vim
263 2267 453 2296 traherentur?
481 2266 532 2294 Ubi
562 2266 677 2294 liberum
703 2266 866 2293 consisteret
898 2265 972 2292 arbi-

183 2315 290 2342 trium?
307 2316 396 2349 Atque
419 2313 471 2340 alia
492 2317 622 2340 sexcenta
647 2315 823 2346 erumperent
842 2311 969 2343 absurda,

181 2368 298 2396 quorum
312 2368 394 2388 causa
412 2367 503 2386 nonne
519 2360 609 2393 potius
634 2359 805 2393 propositum
825 2357 969 2385 oraculum

1022 222 1158 256 νοήματα,
1175 221 1233 256 ἦτοι
1249 221 1293 246 τὸν
1311 221 1370 254 καὶ,
1386 220 1421 247 τά
1431 229 1461 248 τε
1477 221 1537 256 ιερὰ
1554 220 1635 256 ἡμῶν
1653 221 1749 255 Λόγια,
1766 223 1812 248 καὶ

1020 267 1038 301 ἡ
1060 266 1249 299 Ἀττικίζουσα
1262 266 1365 299 σπουδὴ
1375 266 1562 300 αἱτιολογικῶς
1577 266 1710 299 πολλάκις
1723 275 1812 302 παρα-

1020 310 1175 345 λαμϐάνειν
1203 309 1329 345 βούλεται
1353 318 1360 325 ’
1387 312 1435 337 καὶ
1448 311 1482 336 τὰ
1507 311 1719 346 παραδείγματα
1746 312 1813 338 πᾶσι

1021 355 1159 391 γνώριμα.
1179 355 1253 391 Πλήν
1267 364 1298 389 γε
1318 355 1367 387 τὰς
1395 355 1444 390 μὲν
1464 355 1624 390 Ἑλληνικὰς
1650 356 1766 391 χρήσεις
1781 355 1811 382 οὗ

1023 409 1068 436 μοι
1081 399 1162 435 σχολὴ
1186 400 1366 435 καταλέγειν·
1380 400 1452 437 δυοῖν
1468 399 1496 426 δὲ
1511 400 1565 427 τῶν
1578 401 1722 436 ἡμετέρων
1749 403 1812 427 ἐπι-

1023 445 1164 481 μνησθεὶς,
1180 445 1234 473 τῶν
1262 446 1362 479 ἄλλων,
1379 445 1412 473 ἂν
1435 445 1489 479 ἆρα
1505 454 1547 472 σοι
1570 446 1749 482 καταϐύμιον,
1764 447 1813 482 τὴν

1023 490 1155 526 συλλογὴν
1183 491 1388 526 φιλοτιμεῖσθαι
1410 491 1521 526 ἀφίημι.
1538 492 1620 525 Λέγει
1643 492 1813 527 τοιγαροῦνό

1028 536 1211 573 Ίεροψάλτης,
1240 538 1287 564 καὶ
1299 537 1448 572 Θεοπάτωρ
1459 537 1554 563 Δαϐίδ’
1574 547 1582 562 ι
1596 537 1645 568 Δὸς
1667 538 1733 572 ἡμῖν
1749 537 1812 573 βοή-

1022 583 1096 610 θειαν
1107 584 1138 610 ὲκ
1153 583 1279 618 θλίψεως,
1292 584 1341 610 καὶ
1368 583 1471 618 ματαία
1490 583 1612 618 σωτηρία
1628 583 1786 625 ἁνθριξιπου.
1800 594 1808 610 ι

1028 629 1161 656 Ἐνταῦοα
1183 630 1237 664 γὰρ
1268 629 1298 656 τὸ
1319 629 1379 660 καί,
1406 629 1466 655 ἀντὶ
1490 629 1593 664 μυρίων
1610 628 1699 655 ἄλλων
1722 637 1811 665 παρα-

1021 674 1198 710 δειγμάτων,
1225 676 1306 710 ἀρκεῖ
1337 675 1532 709 παραστῆσαι,
1561 674 1599 706 ὡς
1624 674 1811 708 αἱτιολογικῶς

1022 720 1187 747 ἀπυδίόοται⁶
1207 719 1272 752 οἷον,
1291 730 1300 746 ι
1313 720 1361 752 Δὸς
1387 721 1453 755 ἡμῖν
1474 720 1600 754 βοήθειαν
1631 720 1664 746 ὲκ
1685 719 1811 754 θλίψεως·

1024 767 1128 801 ματαία
1151 766 1205 802 γὰρ
1226 766 1350 802 σωτηρία
1376 766 1532 801 ἀνθρώπου.
1551 776 1560 792 ι
1578 766 1633 793 Καὶ
1660 766 1742 798 αὐτὸς
1759 766 1787 792 δὲ
1799 767 1812 791 ὁ

1030 812 1142 844 Ἡσαΐας
1158 812 1332 847 (οἰκειότερον
1342 812 1365 838 δ’
1376 812 1409 839 ἂν
1427 812 1468 847 εἴη
1484 812 1529 839 διὰ
1542 814 1590 848 τῆς
1606 813 1691 847 αὐτῆς
1707 814 1811 847 φωνῆς,

987 844 1010 873 Β
1025 858 1072 891 καὶ
1089 857 1135 884 τοῦ
1151 844 1234 884 αὐτοῦ
1245 844 1361 891 ἐδάφους
1378 857 1418 889 είς
1435 844 1657 891 ’τὸ-αἰτιολογικὸν
1668 844 1739 889 E258,-
1756 844 1810 885 ἑπι-

1025 902 1110 935 δεῖξαι
1127 903 1173 930 τὸν
1194 903 1243 930 καὶ
1266 903 1415 938 σύνδεσμον
1435 903 1723 938 μεταλαμϐανόμενον)
1741 903 1792 940 ἔφη
1805 913 1812 919 ·

1029 957 1038 974 ‹
1049 949 1116 975 Οὐαὶ
1128 949 1152 974 ol.
1169 949 1198 975 ὲν
1212 950 1303 984 κρυφῇ
1327 947 1439 984 βουλὴν,
1453 948 1604 980 ποιοῦντες,
1633 949 1678 975 καὶ
1691 949 1772 976 ἔσται
1787 950 1813 975 ἐν

1026 993 1122 1029 σκοτίᾳ
1132 993 1166 1020 τὰ
1177 994 1245 1030 ἔργα
1269 994 1370 1020 αὐτῶν·
1385 1003 1394 1019 ι
1411 994 1441 1020 τὸ
1459 994 1514 1029 γὰρ
1541 994 1590 1021 καὶ
1619 994 1706 1021 ἔσται
1726 994 1813 1025 οὐδεὶς

1026 1040 1059 1066 ἂν
1072 1040 1291 1075 ἀμφισϐητήσειε
1319 1040 1357 1074 μὴ
1369 1039 1429 1074 οὐχὶ
1457 1039 1646 1074 αἱτιολογικῶς
1675 1040 1812 1076 εἰρῆσθαι·

1024 1086 1069 1113 διὰ
1078 1086 1158 1113 τοῦτο
1172 1087 1263 1118 αὐτοῖς
1281 1087 1330 1112 καὶ
1340 1087 1370 1112 τδ
1384 1086 1452 1112 οὐαὶ
1467 1086 1624 1120 ὲπαφίεται.

1067 1174 1161 1208 Οὕτως
1177 1173 1224 1202 οὖν
1237 1175 1285 1201 καὶ
1299 1174 1340 1207 τὸ,
1361 1185 1369 1201 ι
1382 1175 1537 1211 Ὠργίσῡης,
1563 1176 1612 1202 καὶ
1630 1176 1712 1210 ἡμεῖς
1724 1176 1815 1210 ήμάρσ

1024 1229 1118 1256 ταμεν,
1133 1230 1143 1246 ι
1163 1219 1374 1254 ἀταλαιπώρως,
1404 1221 1452 1247 καὶ
1475 1220 1560 1255 χωρίς
1575 1228 1648 1251 τινος
1668 1220 1818 1255 ἐπιδρομῆς

1026 1267 1235 1301 κατανοήσεται,
1250 1267 1300 1301 τῆς
1323 1266 1463 1302 Γραφικῆς
1478 1266 1622 1301 συνηθείας
1637 1266 1668 1292 τὸ
1697 1266 1817 1300 ἕτοιμον,

1025 1313 1074 1340 καὶ
1085 1313 1120 1340 δι’
1142 1313 1228 1348 ἀκοῆς
1253 1312 1356 1339 ἀλύπου
1378 1310 1564 1348 παραδύεσθαι
1582 1311 1650 1346 πρὸς
1667 1311 1717 1346 τὴν
1733 1311 1818 1348 ὀρθὴν

1025 1359 1145 1386 διάνοιαν
1161 1359 1363 1394 παρεχομένης,
1379 1358 1427 1384 καὶ
1440 1356 1471 1383 τὸ
1486 1357 1574 1383 κοινὸν
1586 1357 1758 1391 ὁμολόγημα,
1771 1357 1820 1383 καί

1026 1404 1147 1438 θεοφιλὲς
1164 1404 1225 1431 ἀντὶ
1240 1403 1290 1438 τῆς
1304 1403 1334 1433 ἐξ
1344 1403 1431 1438 ἀρχῆς
1445 1402 1561 1437 ἀπορίας
1573 1402 1819 1437 συνδιασωξούσης.

1027 1451 1137 1477 Ἕννοια
1149 1450 1204 1485 γὰρ
1219 1451 1307 1485 κοινὴ,
1318 1449 1366 1475 καὶ
1377 1448 1495 1483 μάλιστά
1505 1457 1535 1482 γε
1545 1449 1602 1479 τοῖς
1616 1448 1769 1480 εὐσεεέσιν,
1784 1449 1821 1478 ὡς

988 1511 1009 1540 C
1028 1496 1242 1532 ἁμαρτανόντων
1257 1495 1335 1530 ἡμῶν
1348 1494 1379 1520 τὸ
1401 1494 1478 1520 Θεῖον
1504 1493 1651 1528 ὀργίζεται,
1681 1493 1736 1519 Καὶ
1753 1494 1821 1528 ὀρᾷν

1026 1542 1111 1574 ἔστιν,
1128 1541 1164 1573 ὼς
1178 1543 1192 1568 ὁ
1204 1540 1298 1576 παρὼν
1313 1541 1404 1575 λόγος,
1418 1541 1479 1566 ὅσον
1493 1539 1676 1575 μετριώτερον
1698 1539 1746 1566 τοῦ
1774 1541 1819 1566 ἀνι

1027 1589 1148 1623 ηγμένου
1172 1587 1296 1622 φέρεται,
1324 1586 1451 1613 τοσοῦτον
1467 1585 1522 1611 τῶν
1552 1585 1645 1620 κύκλῳ
1669 1585 1822 1620 περιόντων

1027 1634 1169 1670 ῥημάτων,
1201 1633 1249 1659 καὶ
1272 1633 1332 1664 ταῖς
1371 1631 1523 1667 περινοίαις
1553 1630 1761 1657 ἀποθλισόντων
1793 1630 1823 1656 τὸ

1026 1680 1115 1714 νόημα
1127 1679 1255 1713 ἀνενδεὴς
1270 1678 1399 1713 ὑπάρχει,
1417 1677 1465 1704 καὶ
1496 1676 1641 1712 κρείττων,
1657 1677 1675 1711 ἢ
1693 1677 1822 1712 ἀποχρή-

1027 1725 1135 1753 σασθαι.

1068 1813 1243 1840 Ἐπισκοπείν
1256 1813 1278 1839 δ’
1290 1813 1341 1839 οὐκ
1356 1812 1525 1847 ἀποκνητέον
1537 1821 1544 1828 ·
1560 1812 1638 1848 πηγὴ
1659 1812 1715 1846 γὰρ
1730 1812 1824 1848 iamip-

1026 1865 1068 1892 χει
1084 1857 1264 1892 ψυχωφελῶν,
1292 1857 1339 1883 καὶ
1369 1856 1513 1891 σωτηρίων
1538 1857 1668 1892 ναμάτων
1699 1856 1735 1882 τὰ
1761 1858 1824 1892 ιερά

1027 1902 1105 1938 ἡμῶν
1120 1903 1205 1937 Λόγια
1217 1909 1223 1916 '
1236 1902 1283 1929 καὶ
1293 1903 1355 1929 ὅσον
1364 1903 1396 1928 ἂν
1408 1903 1477 1928 αὐτὰ
1488 1904 1543 1933 τοῖς
1552 1902 1694 1937 λογισμοῖς
1706 1903 1824 1938 ἀνορύτ-

1026 1957 1128 1984 τωμεν,
1144 1948 1271 1975 τοσοῦτον
1287 1948 1320 1974 ἂν
1335 1948 1468 1982 ἀφθόνους
1484 1948 1603 1982 πηγάζει
1628 1948 1684 1974 τῶν
1714 1950 1824 1983 νοημάς

1025 2002 1080 2020 των
1093 1994 1143 2025 τὰς
1159 1993 1283 2029 χάριτας.
1303 1994 1424 2027 ’Δπορον
1448 1992 1494 2020 οὗν
1509 1994 1596 2020 ἐδόκει
1614 1993 1646 2019 τό
1657 2003 1663 2009 ·
1684 2003 1693 2019 ι
1714 1994 1751 2020 Σὺ
1765 1995 1822 2030 ὠρ-

1026 2038 1134 2074 γίσθης,
1152 2039 1198 2065 καὶ
1215 2039 1295 2073 ἡμεῖς
1312 2039 1482 2074 ἡμάρτομεν,
1499 2048 1508 2063 υ
1522 2038 1615 2069 ἁπλῶς
1623 2038 1821 2072 τελεγόμενον,

1026 2085 1074 2111 καὶ
1089 2084 1130 2118 ἐφ’
1148 2084 1212 2118 ὅλης
1227 2084 1275 2118 τῆς
1286 2084 1461 2119 ἀνθρωπίνης
1483 2083 1682 2120 ὲξακουόμενον
1699 2084 1822 2118 φύσεως.

1026 2129 1082 2157 Ποῦ
1094 2129 1147 2164 γὰρ
1165 2129 1229 2163 ἐνῆν
1243 2137 1304 2155 τινα
1333 2131 1428 2163 φυγεῖν
1444 2130 1494 2163 τὴν
1510 2128 1662 2163 ἁμαρτίαν,
1678 2130 1727 2163 τῆς
1744 2129 1822 2160 Θείας

1026 2173 1111 2209 ὀργῆς
1129 2172 1230 2207 ταύτην
1246 2173 1427 2207 ἐπαφιείσης;
1443 2172 1490 2204 Τίς
1509 2172 1538 2199 δὲ
1554 2172 1647 2198 δικαία
1661 2172 1716 2198 τῶν
1726 2172 1822 2208 ἁμαρ-

1026 2219 1158 2254 τημάτων
1184 2218 1339 2254 εἷσπραξις,
1357 2219 1480 2245 ἀκόντων
1504 2218 1659 2252 ἑλκομένων
1684 2219 1725 2249 εἰς
1741 2218 1762 2245 ἃ
1785 2218 1822 2253 μὴ

1025 2265 1114 2299 θέμις,
1130 2264 1184 2291 τῶν
1198 2264 1446 2300 ὲπηρεαζομένων;
1464 2264 1500 2290 Τὸ
1511 2264 1540 2290 δὲ
1557 2264 1732 2296 αὐτεξούσιον
1747 2264 1821 2294 ποῦς

1025 2310 1080 2336 Καὶ
1097 2309 1181 2345 μυρία
1202 2309 1280 2342 ἄλλα,
1301 2304 1338 2336 ὧν
1363 2309 1424 2344 οὐχὶ
1452 2309 1483 2336 τδ
1507 2309 1590 2345 ῥητὸν
1606 2309 1707 2344 μᾶλλον
1731 2311 1822 2336 αἴτιον

1024 2356 1136 2390 ὁρᾶταις
1160 2355 1229 2382 Ἀλλ’
1253 2355 1279 2382 εἴ
1305 2364 1346 2386 τις
1365 2355 1432 2382 αὐτὸ
1456 2355 1523 2391 πρδς
1545 2355 1576 2382 τὸ
1591 2355 1681 2383 κοινὸν
1705 2355 1822 2391 ἀξίωμα

939 2435 1054 2464 ΝΟΤίΕ.

217 2517 274 2556 (ξι)
291 2517 361 2556 I’sal.
386 2525 451 2556 cui.
474 2516 515 2556 Πξί
541 2516 617 2556 ίιθείι
638 2520 730 2555 autem
758 2513 873 2556 Vulgata
897 2523 905 2540 :
929 2513 972 2556 ρα

182 2549 254 2579 nobis
266 2549 405 2578 "auxilium
421 2554 452 2578 de
469 2549 649 2581 tribulatione,
668 2550 731 2584 quia
747 2557 813 2575 vanu
833 2549 906 2575 salus
925 2549 972 2574 Iw-

182 2589 271 2614 minis.
282 2587 411 2614 llehrtcns
426 2591 517 2614 autem
551 2583 838 2612 rersioui'Liinirali
859 2583 970 2618 propius

180 2631 314 2660 accedens
328 2631 408 2657 habet
422 2640 428 2657 :
445 2636 504 2660 ms
518 2634 606 2661 mum
620 2634 688 2658 sum
700 2634 767 2658 ’περ
780 2632 853 2658 mw
863 2619 905 2664 ’μβ
916 2633 970 2655 ron

181 2666 281 2693 hac/tab
296 2666 360 2692 ltum
371 2666 492 2692 hbezrutlt
506 2665 629 2691 ntitztznr
643 2665 750 2691 uacant)
765 2664 854 2689 Itdmn.
872 2661 966 2688 Nemi-

183 2709 243 2728 nem
280 2708 370 2728 autent
398 2701 438 2727 νει
471 2701 583 2727 tironem
613 2701 639 2726 in
670 2699 802 2726 Hebraica
842 2697 966 2731 palmstra

183 2737 300 2770 praeterit
314 2735 452 2770 prwﬁxum
465 2740 476 2764 Ἰ
489 2735 624 2762 interdum
641 2742 694 2761 non
707 2734 900 2770 coniunctiva;
920 2734 966 2770 sed

181 2767 300 2799 causalis
314 2767 460 2806 particula:
476 2772 562 2798 vicem
584 2778 686 2805 gerere.
707 2769 843 2806 Videpra:
861 2767 967 2794 ueteris

181 2804 420 2834 Glassium'Grum.
436 2807 454 2832 l.
474 2814 511 2837 ιν,
525 2804 601 2832 tract.
618 2805 642 2835 ί,
657 2807 762 2831 observ.
780 2804 804 2830 7.

216 2841 336 2877 (ﬁﬁllsa.
358 2849 430 2874 nix,
450 2841 491 2867 15.
517 2842 555 2867 lta
578 2845 642 2867 sunt
674 2839 862 2866 transferenda
891 2844 964 2864 sun

1026 2513 1163 2548 seniorum
1185 2513 1277 2540 verba.
1300 2513 1352 2540 Sed
1371 2513 1400 2540 D.
1419 2512 1575 2548 Hieronymi
1595 2512 1684 2540 versio
1704 2513 1790 2541 habet
1807 2522 1814 2540 :

1032 2547 1086 2578 γω.
1101 2549 1146 2583 qui
1169 2549 1295 2583 profundi
1308 2549 1372 2576 estis
1386 2549 1474 2581 rorde,
1495 2547 1528 2575 uti
1539 2557 1555 2574 ιι
1575 2548 1687 2575 Domino
1702 2549 1819 2575 abscon-

1024 2584 1095 2609 (Ialis
1122 2584 1275 2614 consilium,
1303 2592 1415 2616 quorum
1441 2589 1502 2610 sunt
1528 2593 1555 2611 ιιι
1583 2584 1696 2610 tenebris
1725 2591 1819 2616 opera.

1023 2626 1057 2653 At
1073 2631 1183 2669 genus:
1201 2631 1278 2659 rum
1290 2632 1365 2659 rm
1378 2619 1456 2656 "me";
1470 2631 1574 2658 mm
1589 2631 1759 2668 apicem
1779 2632 1822 2656 νη

1022 2675 1160 2701 En‘w‘jn
1192 2670 1236 2704 huj
1261 2670 1516 2699 Immmalt/tamiltim
1545 2670 1694 2697 nteiehorah
1725 2670 1819 2698 Lnslir

1018 2705 1143 2735 Itltetzah.
1167 2706 1272 2732 veltaielt
1301 2706 1489 2732 bentnrltscarh
1516 2706 1712 2736 maltltaschcm,
1751 2706 1819 2740 legit

1017 2739 1147 2767 llebra-us
1158 2741 1228 2774 quod
1246 2741 1317 2767 κατὰ
1325 2740 1397 2772 λέξιν
1410 2740 1503 2767 Latine
1511 2745 1637 2767 sonaret:
1652 2739 1819 2775 ναν-μναῖαι·

1017 2775 1144 2801 (litoribus
1157 2785 1172 2801 η
1182 2775 1295 2802 Domino
1306 2777 1340 2802 ad
1364 2776 1561 2803 absconsionem
1575 2776 1690 2809 consilii,
1703 2781 1728 2802 et
1739 2784 1818 2802 trun.

1018 2810 1046 2835 in
1062 2810 1173 2837 leiiebris
1187 2819 1265 2844 opera
1280 2819 1382 2838 eorum.
