1878 3057
177 166 229 198 ξος

753 161 884 195 ΡΗΟΊῚΙ
903 159 1154 194 PATRIARCIL‘E
1167 161 1221 191 CP.

1747 156 1798 188 300

178 226 314 256 praerupta
326 226 392 254 rupe
405 219 583 247 inexhaustas
597 220 721 248 edentem
739 220 827 248 fontes
842 220 864 236 "
877 229 883 246 :
900 226 963 247 cum

1074 225 1099 243 )t)
1121 217 1223 250 πέτρας
1251 214 1342 249 πηγὰς
1363 211 1517 243 ἀκενῶτους
1540 209 1690 242 ἀναϐλύζον
1704 217 1713 226 ο
1737 210 1798 238 τού-

180 268 222 296 lIis
237 266 374 299 omnibus,
398 273 459 300 quae
485 273 535 293 nec
554 266 681 301 exprimi,
704 273 753 293 nec
768 266 880 300 intelligi
899 272 964 300 pos-

179 318 253 344 sunt,
278 312 415 340 beneficiis
440 319 473 338 ac
494 311 574 338 donis
608 311 764 346 fruerentur
795 312 915 345 Hebraei;
938 315 965 338 et

179 358 380 394 quodammodo
406 365 577 393 quaecunque
597 358 629 384 ad
649 365 697 386 eos
713 358 895 392 pertinebant,
920 364 964 384 es-

178 407 239 430 sent
256 403 384 437 peculiari
401 408 474 430 sorte
487 403 595 434 sclecta,
611 411 642 430 ac
660 403 711 430 sub
730 403 868 430 comtnnni
882 408 964 429 caete-

179 449 217 476 ris
243 447 400 475 hominibus
420 449 586 482 providentia
606 454 632 476 et
647 449 784 484 vigilantia
808 456 861 475 non
882 448 966 475 conti-

180 498 328 526 nerentur;
357 493 543 528 hujuscemodi
575 494 656 521 verba
681 493 826 521 emittunt:
848 503 857 519 ε
883 493 963 526 Deus,

180 540 227 573 qui
247 539 304 565 haec
327 539 417 566 omnia
444 539 537 572 gratis,
553 543 634 573 atque
658 546 690 565 ex
713 539 770 565 sola
800 538 965 572 benignitate

180 584 260 611 nobis
274 583 489 617 impertiebatur,
502 591 554 609 non
569 583 738 617 permisisset
752 591 803 610 nos
821 590 964 617 peccasse;

183 630 234 657 nisi
250 629 361 656 nimiam
384 637 462 656 suam
483 637 515 656 ac
529 629 692 656 ina-ﬂabilem
707 636 769 663 erga
787 636 836 656 nos
859 636 964 662 curam,

181 677 209 700 et
223 673 388 708 vigilantiam
404 673 430 700 in
444 673 511 700 iram
527 673 634 700 sivisset
652 675 812 708 permutari.
833 682 842 699 ι

217 719 305 753 Atque
319 719 376 746 haec
392 719 483 746 dicere
500 724 527 746 et
542 720 662 754 cogitare
682 723 773 754 possm
790 719 871 746 Israel
888 719 966 746 obse-

181 764 295 796 crando,
311 772 364 791 non
382 763 558 797 affirmando;
576 771 663 798 neque
678 763 841 798 proferendo
856 763 965 798 dogma,

182 810 227 837 scd
242 810 404 837 concitando
419 810 640 842 miserationem;
654 817 742 844 neque
756 813 786 836 ut
807 817 867 836 sese
883 815 966 843 nega-

182 857 225 880 ret
251 861 312 880 esse
338 853 440 886 peccati
468 860 591 884 causam,
621 853 667 880 sed
690 857 719 879 ut
743 851 965 879 lamentationem

182 897 294 928 faceret,
316 905 448 932 suamque
473 898 647 925 deliberatam
669 897 870 932 improbitatem
894 897 969 924 incu-

182 947 264 971 saret.
274 942 363 975 Quare
377 950 408 970 ea
423 951 530 978 quoque
544 951 604 977 quae
625 948 767 977 paternum
784 942 831 969 Dei
848 949 966 969 antorem

181 993 210 1015 et
223 988 438 1015 misericordiam
457 996 564 1016 movere
581 993 699 1022 possent.
714 988 776 1016 aliis
797 988 891 1015 attexit
906 995 967 1014 ver-

181 1034 225 1061 bis
240 1042 262 1060 :I
277 1032 316 1060 Tu
330 1037 405 1067 pater
419 1037 521 1066 noster,
533 1033 670 1060 Abraham
687 1033 801 1060 nescivit
814 1040 864 1060 nos

182 1087 197 1106 ο
215 1079 314 1107 saeculo
329 1087 426 1107 nomen
447 1084 522 1105 tuum
539 1087 620 1113 super
632 1086 681 1106 nos
693 1078 732 1111 ⁸³,
754 1087 763 1104 ι
795 1082 822 1106 et
841 1086 970 1113 qusccun-

183 1132 236 1162 que
256 1123 308 1151 alia
335 1124 368 1150 ad
397 1123 595 1150 miserationem
623 1127 650 1150 et
676 1123 849 1150 clementiam
877 1123 969 1150 conci-

183 1169 301 1196 liandam
317 1169 419 1203 adjecta
432 1173 513 1200 sunt;
530 1174 560 1195 ut
574 1168 771 1203 propemodum
789 1169 862 1195 dicat
874 1177 895 1195 :I
917 1168 969 1195 Pro

183 1216 255 1250 quali
268 1214 321 1249 (hei
337 1215 429 1248 mihi!)
442 1214 520 1249 copia
536 1214 682 1246 donorum,
698 1219 725 1241 et
740 1214 832 1248 gloriae
854 1222 902 1248 per
914 1214 970 1240 uni-

182 1269 292 1288 versum
306 1261 399 1287 orbem
418 1264 578 1294 pervagatae,
597 1260 723 1294 qualibus
742 1260 862 1294 peccatis
880 1260 970 1294 impli-

184 1311 275 1338 catus,
301 1309 328 1332 et
352 1304 655 1351 factusb[opprobrium
682 1307 710 1331 et
731 1304 928 1340 subsannatio]
946 1305 970 1320 "

184 1351 372 1385 deprehendor
384 1352 391 1377 1
410 1360 420 1376 ι

219 1396 296 1430 Quod
313 1397 336 1424 si
354 1396 381 1423 iu
397 1396 463 1423 duas
481 1401 574 1430 partes
599 1395 701 1430 ubique
723 1395 841 1430 dispesci
863 1396 971 1430 conspi-

185 1444 297 1471 ciuntur
312 1441 416 1468 Hebraei
431 1448 438 1467 :
456 1441 579 1468 nonnulli
592 1442 664 1468 enim
678 1448 772 1468 eorum
790 1441 904 1468 vitulum
918 1441 971 1469 sibi

185 1488 304 1516 conflant
321 1487 541 1522 derelinquentes
557 1487 639 1514 Deum
654 1488 692 1521 ⁵¹;
711 1493 792 1522 atque
813 1489 838 1515 lii
858 1492 885 1516 et
899 1489 972 1516 crede

185 1537 213 1559 et
225 1537 311 1559 morte
327 1538 423 1565 pmnas
434 1530 563 1558 facinoris
577 1531 667 1563 luunt,
682 1531 808 1560 Mosaicae
820 1534 970 1566 sententiae,

186 1583 233 1605 aut
248 1578 337 1612 potius
350 1576 426 1612 justo
447 1576 494 1604 Dei
513 1577 617 1611 judicio
640 1577 756 1612 subjecti
774 1579 796 1594 ⁵⁵
818 1587 824 1604 :
849 1578 971 1606 nonnulli

188 1627 316 1657 pneterea
343 1623 482 1650 incensum
499 1622 616 1650 offerunt
640 1622 694 1650 Deo
707 1643 715 1655 ,
732 1623 773 1651 his
788 1627 878 1651 autem
894 1628 973 1652 terra

190 1670 279 1697 hiatus
307 1673 548 1704 extemporaneum
574 1670 640 1696 fiunt
657 1669 810 1703 sepulcrum
832 1670 870 1703 ⁵³ς
893 1678 973 1705 porro

188 1715 333 1742 nonnullos
357 1715 473 1743 ﬂamma!
493 1722 508 1742 a
530 1714 585 1742 Deo
612 1716 743 1743 immissa;
778 1716 918 1749 devorant,
944 1721 974 1744 ut

187 1761 409 1788 murmurationis
431 1760 533 1788 crimen
559 1760 727 1788 ulciscantur
749 1760 789 1794 5‘;
812 1761 857 1788 alii
879 1766 973 1788 contra

167 1806 215 1839 (in
234 1805 278 1833 Dei
295 1806 510 1833 misericordiam
530 1810 558 1833 et
573 1806 600 1833 in
621 1806 719 1834 bonam
735 1806 840 1842 frugem
856 1814 886 1834 se
906 1807 975 1834 reci-

187 1845 304 1885 pientes,
322 1851 490 1879 incredibilis
513 1851 587 1879 illius
610 1851 727 1887 portenti
748 1856 916 1886 spectatores
943 1859 975 1879 ac

189 1900 272 1923 testes
296 1895 364 1923 fiunt
392 1895 433 1930 ³⁵;
459 1903 491 1925 ac
510 1896 618 1924 illorum
650 1896 759 1931 quidem
797 1896 917 1923 membra
947 1897 974 1923 in

188 1942 296 1969 deserto
312 1942 423 1974 cadunt,
439 1947 570 1977 terraeque
585 1943 728 1977 promissa:
751 1942 907 1976 judicantur
933 1942 975 1969 in-

189 1988 262 2022 digni
276 1988 315 2021 ";
329 1988 356 2014 lii
370 1993 461 2015 autem
476 1988 510 2015 ab
532 1988 776 2023 rcpromissionum
803 1989 976 2016 assecnlione

191 2041 242 2061 non
259 2034 388 2060 excidunt
402 2034 446 2066 ‘7;
470 2038 551 2068 atque
571 2035 623 2062 alia
648 2034 791 2062 innumera
809 2043 816 2061 :
833 2042 894 2061 cum
925 2035 977 2061 ita-

190 2086 242 2114 quo
268 2078 416 2106 Israelitica
444 2079 517 2106 natio
547 2079 582 2106 ita
613 2079 639 2106 in
666 2079 736 2107 duas
763 2080 976 2114 distingueretur

189 2129 292 2159 partes,
308 2132 423 2159 quarum
447 2125 530 2152 altera
547 2125 750 2159 resipiscentes,
768 2125 852 2153 altera
869 2133 977 2160 perver-

190 2178 237 2198 sos
251 2170 458 2204 complectitur;
475 2169 555 2196 nihil;
563 2169 697 2204 prohibet.
714 2171 861 2205 quominus
879 2171 976 2206 resipi-

1014 271 1069 290 των
1081 262 1208 289 ἁπάντων
1222 260 1276 287 τῶν
1289 259 1357 295 ὑπὲρ
1381 259 1470 293 λόγον,
1491 257 1539 284 καὶ
1562 257 1667 284 ἔννοιαν
1688 255 1800 291 εὐεργε-

1017 308 1093 339 σιῶν,
1125 307 1174 334 καϊ
1196 306 1305 342 δωρεῶν
1333 303 1479 332 ἀπολαύων
1507 304 1522 330 ὀ
1538 302 1656 338 Ἰσραὴλ,
1688 302 1737 330 καὶ
1764 303 1801 334 ὡς

1016 353 1147 381 πάντατὰ
1163 353 1227 387 περὶ
1239 352 1336 382 αὐτοὺς
1349 350 1392 385 εῐη
1424 349 1492 384 πρὸς
1515 349 1546 375 τὸ
1571 347 1710 383 ἐξαίρετον
1735 348 1802 374 ἀπο-

1016 398 1224 433 κεκληρωμένα,
1237 396 1284 422 καὶ
1298 396 1328 422 οὑ
1342 395 1412 422 κατά
1427 395 1476 430 τὴν
1488 394 1570 428 ἄλλην
1582 393 1637 420 τῶν
1651 393 1802 428 ἀνθρώπων

1016 444 1145 480 πρόνοιάν
1158 452 1198 475 τε,
1215 444 1262 469 καὶ
1282 441 1457 477 κηδεμονίαν,
1477 439 1575 475 ἀφίησι
1594 439 1687 474 φωνὴν
1711 438 1801 465 τοιαύ-

1016 498 1076 525 την,
1096 499 1104 515 I
1124 489 1167 520 Ὦς
1179 489 1193 514 ὁ
1211 488 1299 515 ταῦτα
1310 488 1419 522 προῖκα,
1434 486 1480 512 καὶ
1493 485 1536 512 διὰ
1553 484 1636 520 μόνην
1649 484 1803 518 ἀγαὸότητα

1017 534 1166 571 παρασχὼν
1179 535 1256 569 ήμίν,
1268 533 1322 560 οὐδ’
1332 533 1365 559 ἂν
1383 533 1516 567 ἁμαρτεῖν
1533 531 1623 557 εἴασεν
1633 538 1641 545 ·
1663 530 1687 556 εἰ
1701 529 1738 564 μὴ
1756 529 1804 564 τὴν

1016 582 1115 617 πολλὴν
1130 580 1223 613 αὺτοῦ,
1238 581 1286 606 καὶ
1296 579 1492 613 ἀνεκδιήγητον
1515 577 1580 612 περὶ
1596 578 1612 611 ἡ
1618 576 1672 611 μᾶς
1697 575 1804 610 φροντί-

1016 629 1059 661 δα,
1082 628 1129 655 καὶ
1157 625 1323 662 κηδεμονίαν
1343 625 1383 657 είς
1397 623 1482 660 ὀργὴν
1514 623 1605 658 ἀφῆκε
1633 620 1806 656 περιτραπῆ-

1016 683 1071 702 ναι.
1092 683 1102 699 ι

1052 719 1107 746 Καὶ
1155 716 1242 744 ταῦτα
1286 714 1470 750 ποτνιώμενος
1515 713 1559 748 εῐη
1596 711 1640 744 ἃν,
1665 711 1713 738 καὶ
1757 710 1806 736 λέ-

1016 772 1083 798 γων,
1109 763 1157 789 καὶ
1177 760 1366 795 διανοούμενος
1397 761 1411 787 ὁ
1433 758 1557 794 Ἰσραὴλ,
1580 757 1638 784 ἀλλ’
1665 757 1715 783 οὐκ
1740 757 1806 783 ἀπο-

1018 809 1181 845 φαινόμενος
1196 815 1204 823 ⁶
1235 807 1295 834 οὐδὲ
1319 805 1501 840 δογματίζων,
1529 804 1586 831 ἀλλ’
1611 802 1806 836 ἐλεεινολογού-

1020 862 1108 891 μενος·
1127 854 1186 880 οὐδὲ
1206 853 1254 889 τὴν
1264 852 1353 879 αἰτίαν
1362 851 1409 878 τοῦ
1419 851 1585 886 ἁμαρτάνειν
1610 849 1804 884 ἀπολυόμενος,

986 899 1006 926 Β
1021 898 1089 925 ἀλλὰ
1099 897 1281 932 θρηνολογῶν,
1298 897 1345 922 καὶ
1356 896 1406 932 τὴν
1436 895 1505 921 ίδίαν
1519 893 1697 920 ὲθελοκακίαν
1710 901 1806 918 καται-

1019 942 1158 977 τιώμενος.
1174 941 1219 967 Διὸ
1241 940 1298 971 καὶ,
1314 938 1332 966 ἃ.
1348 938 1475 974 στοργὴν,
1507 938 1555 964 καὶ
1568 937 1641 963 ἔλεον
1669 936 1806 962 ἀνακινεῖν

1018 985 1082 1016 οἶδε.
1095 986 1152 1015 τοῖς
1170 984 1260 1015 ἄλλοις
1276 983 1415 1010 διαπλέκει
1428 982 1557 1017 ῥήμασιν·
1575 990 1584 1006 ε
1605 980 1700 1015 Πατὴρ
1728 979 1807 1013 ἡμῶν

1019 1028 1043 1056 εἷ
1056 1029 1098 1056 σύ*
1119 1027 1244 1062 Ἀϐραὰμ
1274 1027 1324 1052 οὐκ
1351 1025 1422 1059 ἔγνω
1450 1025 1568 1059 ήμᾶς....
1595 1023 1643 1050 ἀπ’
1663 1023 1752 1059 ἀρχῆς
1776 1020 1807 1048 τὸ

1018 1075 1103 1110 ὄνομά
1119 1083 1165 1101 σου
1183 1075 1225 1108 ἐφ’
1241 1073 1323 1108 ἡμᾶς’
1337 1081 1348 1098 ι
1363 1071 1409 1098 καὶ
1420 1071 1469 1097 ὅσοι
1486 1070 1553 1103 ἄλλα
1569 1069 1725 1105 συνείρηται
1738 1077 1807 1103 συμ-

1020 1120 1145 1152 πάθειαν,
1157 1119 1204 1145 καὶ
1220 1118 1362 1152 εὐμένειαν
1391 1116 1480 1142 ἕλκειν
1494 1115 1639 1150 δυνάμενα,
1665 1113 1808 1149 μονονουχὶ

1019 1165 1116 1198 λέγων’
1137 1173 1145 1190 I
1170 1164 1214 1195 Ὠς
1227 1163 1286 1189 ἀνθ’
1313 1162 1369 1188 οἴου
1385 1161 1500 1188 πλούτου
1515 1160 1635 1195 δωρεῶν,
1649 1160 1676 1186 οῖ
1688 1167 1744 1194 μοι,
1761 1159 1807 1185 καὶ

1020 1211 1099 1246 δόξης
1109 1211 1148 1241 εἰς
1161 1209 1209 1244 τὴν
1224 1208 1385 1243 οἰκουμένην
1407 1207 1609 1241 διαϐοηθείσης,
1630 1206 1696 1237 οἵοις
1718 1206 1809 1239 ἁμαρ-

1020 1259 1137 1292 τήμασιν
1148 1255 1286 1287 ἑαλωκὼς,
1305 1255 1351 1281 καὶ
1369 1254 1482 1286 δνειδος,
1497 1254 1544 1280 καὶ
1560 1252 1750 1288 μυκτηρισμὸς
1761 1259 1808 1286 γε·

1020 1301 1106 1336 γονὼς
1120 1300 1307 1335 ἐξελέγχομαι.
1323 1308 1333 1325 I

1023 1410 1028 1415 -
1058 1390 1089 1418 Εί
1101 1390 1129 1418 δὲ
1142 1391 1189 1418 καὶ
1204 1389 1271 1424 πρὸς
1282 1385 1379 1424 διπλῆν
1389 1387 1486 1424 μοῖραν
1503 1383 1640 1421 πανταχοῦ
1658 1383 1810 1419 καθορᾶται

1023 1437 1201 1473 μεριζόμενος
1215 1437 1229 1462 ό
1249 1434 1367 1470 Ἰσραήλ’
1385 1435 1410 1460 οἱ
1425 1435 1472 1469 μὲν
1486 1433 1539 1468 γὰρ
1551 1432 1641 1460 αὐτῶν
1665 1438 1812 1466 μοσγοποι-

1021 1483 1097 1510 οὖσιν
1109 1480 1395 1516 ἑγκαταλιμπάνοντες
1404 1479 1470 1505 Θεόν
1484 1487 1491 1494 ·
1506 1479 1530 1504 οι
1544 1478 1572 1504 δὲ
1588 1477 1672 1511 φόνῳ,
1697 1475 1746 1502 καὶ
1765 1475 1813 1501 θα-

1023 1529 1094 1564 νάτῳ
1120 1528 1169 1563 τὴν
1198 1527 1300 1561 τόλμαν
1332 1524 1481 1557 δικάζουσι,
1507 1525 1540 1558 τῇ
1559 1523 1693 1556 Μωσοιῖκῇ
1717 1521 1813 1555 ψήφῳ,

1026 1575 1125 1612 μᾶλλον
1140 1574 1168 1600 δὲ
1183 1575 1216 1608 τῇ
1228 1573 1275 1599 τοῦ
1287 1571 1354 1609 Θεοῦ
1366 1570 1550 1606 δικαιοκρισίᾳ
1573 1567 1792 1603 ὑπηρετούμενοι
1804 1574 1812 1581 ·

1024 1622 1071 1649 καὶ
1087 1620 1111 1647 οἱ
1132 1619 1181 1655 μὲν
1201 1618 1380 1654 ,ἰερατεύουσι
1403 1617 1441 1651 τῷ
1474 1615 1544 1650 Θεῷ,
1559 1617 1614 1646 τοῖς
1636 1614 1664 1640 δὲ
1682 1614 1815 1649 χάσματι

1025 1667 1078 1701 γῆς
1094 1664 1265 1702 αὐτοσχέδιος
1279 1663 1364 1697 τάφος
1375 1662 1479 1696 γίνεται
1493 1668 1500 1675 ”
1518 1661 1563 1687 καὶ
1575 1661 1636 1690 τοὺς
1652 1659 1700 1693 μὲν
1715 1658 1815 1692 φλόγες

1026 1711 1150 1746 θεήλατοι
1174 1709 1374 1742 κατανέμονται
1395 1707 1443 1734 τοῦ
1465 1704 1623 1740 γογγυσμοῦ
1649 1704 1728 1734 δίκας
1756 1704 1816 1729 εἰσ-

1026 1755 1212 1792 πραττόμεναῑ
1223 1763 1230 1770 ·
1249 1754 1273 1780 οἱ
1285 1754 1313 1780 δὲ
1325 1753 1394 1789 πρὸς
1410 1752 1456 1778 τὸν
1471 1751 1556 1781 ἔλεον,
1579 1751 1626 1777 καὶ
1649 1749 1698 1783 τὴν
1711 1749 1817 1782 εὐγνω-

1027 1800 1146 1837 μοσύνην
1159 1799 1388 1833 καταφεύγοντες,
1405 1797 1510 1828 οεαταὶ,
1537 1796 1583 1822 καὶ
1604 1795 1741 1830 μάρτυρες
1770 1794 1818 1820 τοῦ

1026 1853 1177 1888 παραδόξου
1194 1852 1330 1887 θεάματος
1343 1851 1462 1886 γίνονται
1477 1857 1484 1865 ·
1506 1849 1553 1875 καὶ
1570 1848 1624 1874 τῶν
1640 1847 1689 1882 μὲν
1711 1847 1744 1872 τὰ
1763 1846 1819 1873 κῶ-

1026 1900 1060 1927 λα
1083 1901 1112 1926 ὲν
1143 1898 1239 1933 ἐρήμῳ
1262 1897 1366 1929 πιπτει,
1382 1897 1429 1922 καὶ
1451 1895 1501 1929 τῆς
1527 1893 1737 1928 ἐπηγγελμένης
1766 1892 1820 1925 γῆς

1026 1944 1131 1977 ἀνάξιοι
1145 1943 1283 1978 κρίνονται
1300 1949 1308 1957 ·
1323 1942 1346 1967 ot
1360 1941 1388 1967 δὲ
1398 1941 1452 1966 τῶν
1465 1938 1635 1972 ἐπαγγελιῶν
1669 1938 1719 1963 οὐκ
1736 1937 1819 1963 ἐκπί-

1028 1997 1123 2017 πτουσι
1134 1997 1140 2003 ·
1158 1989 1205 2014 καὶ
1220 1987 1304 2022 μυρία
1318 1986 1386 2013 ἄλλα
1400 1994 1406 2001 ·
1423 1985 1510 2017 οὕτως
1527 1983 1573 2011 οὖν
1588 1986 1627 2014 εἰς
1642 1983 1689 2009 δύο
1706 1983 1818 2017 μοίρας,

1027 2036 1068 2067 εἴς
1086 2043 1115 2061 τε
1132 2035 1181 2069 τὴν
1197 2032 1368 2068 εὐγνώμονα,
1385 2032 1432 2058 κα)¹
1457 2031 1612 2066 ἀγνώμονα,
1631 2029 1682 2063 τῆς
1710 2029 1819 2063 Ἰσραη-

1026 2081 1124 2112 λίτιδος
1135 2080 1222 2114 φυλῆς
1239 2079 1443 2114 διαιρουμένης,
1457 2078 1532 2104 οὐδὲν
1547 2077 1646 2103 κωλύει
1661 2075 1752 2109 λέγειν
1765 2075 1819 2100 τῶν

1030 2127 1079 2162 μὲν
1094 2126 1274 2160 εὐγνωμόνων
1298 2125 1480 2160 διανοήματα,
1497 2124 1544 2150 καὶ
1574 2123 1720 2158 ὁμολογίας
1747 2121 1820 2148 εἶναι

1028 2173 1074 2200 τό·
1095 2182 1103 2198 ι
1123 2171 1350 2207 Πολλὴὴὰνομία
1372 2171 1450 2206 ἡμῶν
1477 2171 1597 2197 ἐναντίον
1615 2178 1662 2196 σου
1675 2177 1683 2184 ·
1709 2169 1757 2195 καὶ
1794 2169 1820 2194 αἱ

190 2215 322 2243 scentium
337 2215 515 2250 cogitationes
527 2215 769 2250 confessionesque
782 2216 905 2244 dicamus
913 2225 971 2244 esse

1074 2218 1158 2254 ιρτίαι
1172 2219 1249 2253 ἡμῶν
1269 2218 1437 2252 ἀντέστησαν
1453 2218 1516 2252 ἡμῖν
1531 2226 1536 2231 ·
1551 2217 1598 2242 καὶ
1608 2217 1648 2242 ὅτι
1665 2216 1693 2242 αἰ
1707 2215 1820 2249 ἀνομίαι

189 2262 254 2289 illud
271 2271 277 2289 :
291 2272 300 2288 I
319 2261 504 2298 Multiplicatae
517 2266 581 2290 sunt
591 2262 755 2298 iniquitates
770 2267 870 2290 nostra:
881 2271 974 2291 coram

187 2313 224 2340 te,
251 2313 277 2335 et
304 2313 414 2342 peccata
443 2312 536 2335 nostra
563 2308 762 2343 responderunt
787 2308 881 2341 nobis,
911 2308 975 2343 quia

188 2354 291 2382 scelera
318 2358 414 2381 nostra
439 2354 602 2385 nobiscum,
629 2359 656 2380 et
682 2353 841 2388 iniquitates
868 2359 975 2381 nostras

188 2399 378 2434 cognovimus;
408 2406 532 2434 peccare,
562 2403 589 2425 ct
617 2399 724 2425 mentiri
756 2417 800 2427 ....
832 2403 859 2425 et
888 2399 975 2426 aversi

188 2453 293 2476 sumus.
319 2453 352 2473 ne
373 2446 475 2472 iremus
489 2449 550 2479 post
566 2449 670 2479 tergum
690 2444 737 2471 Dei
760 2444 846 2471 nostri
868 2444 909 2477 ⁵³;
924 2453 933 2470 ›
950 2448 978 2471 et

189 2498 358 2526 quaecunque
384 2491 437 2519 alia
464 2491 497 2518 ad
522 2490 645 2518 eamdem
658 2489 877 2522 ’confessionem,
905 2497 978 2517 com-

190 2537 418 2572 punetionemque
443 2537 581 2572 pertinent
605 2544 611 2562 :
644 2535 874 2562 murmurantium
900 2543 976 2567 vero,

223 2594 245 2610 ⁵⁸
262 2593 347 2621 Exod.
365 2602 428 2624 xvu.
441 2593 476 2629 67;
498 2592 578 2620 Num.
590 2600 641 2629 xx,
658 2593 701 2629 fl.
739 2593 762 2608 "
780 2592 925 2629 [satunn
952 2594 985 2621 16
1000 2602 1057 2629 seq.

1028 2265 1108 2300 ἡμῶν
1126 2266 1154 2291 ὲν
1166 2265 1243 2300 ἡμῖν,
1259 2264 1306 2290 καὶ
1330 2265 1370 2290 -τά
1391 2263 1547 2298 ἀδικήματα
1576 2262 1654 2297 ἡμῶν
1681 2262 1819 2295 ἔγνωμεν·

1032 2310 1220 2346 ὴσεὸήσαμεν,
1235 2310 1282 2336 καὶ
1296 2309 1484 2344 ὲψευσάμεοα,
1499 2328 1506 2335 .
1527 2327 1534 2335 .
1553 2326 1560 2333 .
1590 2307 1637 2333 καὶ
1659 2307 1821 2340 ἀπέστημεν

1029 2356 1083 2383 ἀπὸ
1099 2355 1211 2382 ὄπισθεν
1231 2354 1278 2381 τοῦ
1303 2354 1370 2380 Θεοῦ
1387 2353 1466 2389 ἡμῶν
1487 2360 1493 2367 ·
1525 2362 1534 2378 ι
1551 2353 1599 2378 καὶ
1612 2352 1662 2377 ὅσα
1675 2351 1744 2377 ἄλλα
1774 2351 1820 2383 τῆς

1029 2402 1115 2436 αὐτῆς
1130 2400 1320 2435 ὀμολογήσεως
1339 2399 1466 2433 ὑπάρχει.
1483 2398 1530 2424 καὶ
1552 2395 1740 2427 κατανύξεως·
1768 2396 1822 2419 τιῑιν

1029 2447 1057 2473 δὲ
1070 2445 1239 2480 γογγυστῶν,
1256 2445 1304 2471 καὶ
1318 2444 1481 2479 ἀχαρίστων,
1499 2443 1545 2469 καὶ
1573 2442 1742 2475 ἀγνωμόνων
1760 2440 1822 2465 δυσ-

1031 2491 1136 2526 φημίας
1152 2489 1222 2517 εἶναι
1241 2490 1281 2516 τό·
1302 2499 1311 2515 I
1335 2490 1399 2516 Ίδοὺ
1412 2489 1561 2524 ὠργίσῐιης,
1574 2488 1622 2514 καὶ
1637 2487 1718 2521 ἡμεῖς
1733 2486 1824 2520 ἡμάρ-

1030 2545 1113 2572 τομεν
1127 2544 1134 2552 ο
1154 2545 1164 2562 ι
1178 2537 1202 2562 εί
1214 2535 1303 2570 βούλει
1318 2534 1358 2567 δὲ,
1376 2535 1422 2562 καὶ
1438 2535 1468 2561 τό
1483 2544 1488 2549 -
1504 2543 1513 2559 ι
1529 2533 1561 2559 Τί
1579 2532 1735 2566 ἐπλάνησας
1751 2531 1820 2565 sps.

1096 2594 1119 2609 ⁵ο
1137 2592 1209 2620 Psal.
1225 2601 1302 2624 ιιιιι,
1320 2592 1370 2625 M;
1386 2600 1498 2623 um”.
1511 2591 1538 2618 4.
1576 2591 1597 2606 ⁵¹
1618 2590 1704 2617 Exod.
1735 2594 1822 2625 xuii,

188 2629 199 2655 ί
216 2636 307 2664 δεψιί
327 2628 358 2664 ,⁸³
372 2622 436 2664 ibid.
454 2622 583 2664 2'57seqq.
621 2622 643 2644 "
662 2627 743 2664 Num.
760 2635 816 2660 XVI,
832 2628 848 2655 6
863 2622 939 2664 seqq.
970 2629 992 2644 "
1007 2622 1071 2656 ibid.
1085 2629 1120 2655 25
1140 2636 1218 2663 seqq.
1238 2628 1260 2644 ⁵³
1276 2622 1369 2655 Exod;
1382 2635 1419 2660 χι,
1437 2627 1467 2654 ll
1487 2634 1566 2662 seqq.
1585 2627 1609 2642 "
1623 2626 1704 2653 Num.
1720 2631 1778 2656 XIV,
1790 2622 1824 2649 ‘18

188 2662 264 2698 sv-q.’
284 2663 307 2679 "
325 2663 390 2690 ibid.
403 2663 448 2690 50.
487 2663 510 2678 ⁵³
525 2664 576 2690 lsa.
593 2670 649 2695 ιιι,
670 2662 703 2689 12
720 2670 799 2697 seqq.

960 2720 1077 2748 ΝΟΤΛΕ.

225 2786 282 2824 (55)
299 2786 356 2815 Hoc
368 2787 401 2815 ad
427 2795 475 2816 eos
494 2787 666 2816 referendum
691 2793 766 2823 puto,
785 2789 831 2824 qui
860 2789 976 2824 ingulis

190 2823 281 2858 populi
307 2823 531 2857 castigationibus
550 2825 709 2858 superstites
735 2824 770 2850 ob
790 2823 976 2858 pmniteniiam

191 2860 310 2886 ruerunt.
339 2857 472 2886 Nimirum
498 2859 524 2886 in
559 2857 646 2893 prima
667 2857 977 2894 quoquollebrworum

1029 2790 1108 2851 3:;th
1123 2789 1281 2826 hujusmodi
1297 2789 1370 2818 viros
1384 2789 1468 2818 fuisse
1484 2793 1603 2818 constat.
1629 2787 1713 2816 Exod.
1732 2795 1819 2821 xxx»,
