  <div class='ocr_page' id='page_1' title='image "/cluster/home/n/w/nwhite01/storage/ocr_20150623/101/njp.32101077772877/215.png"; bbox 0 0 1878 3057; ppageno 0'>
   <div class='ocr_carea' id='block_1_1' title="bbox 179 173 233 205">
    <p class='ocr_par' dir='ltr' id='par_1_1' title="bbox 179 173 233 205">
     <span class='ocr_line' id='line_1_1' title="bbox 179 173 233 205; baseline 0 0"><span class='ocrx_word' id='word_1_1' title='bbox 179 173 233 205; x_wconf 79' lang='grc'><strong>303</strong></span> 
     </span>
    </p>
   </div>
   <div class='ocr_carea' id='block_1_2' title="bbox 743 171 1235 201">
    <p class='ocr_par' dir='ltr' id='par_1_2' title="bbox 743 171 1235 201">
     <span class='ocr_line' id='line_1_2' title="bbox 743 171 1235 201; baseline 0.002 -1"><span class='ocrx_word' id='word_1_2' title='bbox 743 180 749 187; x_wconf 91' lang='grc'><strong>·</strong></span> <span class='ocrx_word' id='word_1_3' title='bbox 762 172 892 201; x_wconf 73' lang='grc' dir='ltr'><strong>ΡΗΟΤΗ</strong></span> <span class='ocrx_word' id='word_1_4' title='bbox 908 171 1163 201; x_wconf 71' lang='lat' dir='ltr'><strong>PATRIARCIL‘E</strong></span> <span class='ocrx_word' id='word_1_5' title='bbox 1181 173 1235 201; x_wconf 79' lang='lat' dir='ltr'><strong>UP.</strong></span> 
     </span>
    </p>
   </div>
   <div class='ocr_carea' id='block_1_3' title="bbox 1765 169 1815 201">
    <p class='ocr_par' dir='ltr' id='par_1_3' title="bbox 1765 169 1815 201">
     <span class='ocr_line' id='line_1_3' title="bbox 1765 169 1815 201; baseline -0.02 0"><span class='ocrx_word' id='word_1_6' title='bbox 1765 169 1815 201; x_wconf 64' lang='lat'><strong>304</strong></span> 
     </span>
    </p>
   </div>
   <div class='ocr_carea' id='block_1_4' title="bbox 179 223 990 262">
    <p class='ocr_par' dir='ltr' id='par_1_4' title="bbox 179 225 990 262">
     <span class='ocr_line' id='line_1_4' title="bbox 179 225 990 262; baseline -0.002 -8"><span class='ocrx_word' id='word_1_7' title='bbox 179 226 328 262; x_wconf 76' lang='lat' dir='ltr'><strong>proferant,</strong></span> <span class='ocrx_word' id='word_1_8' title='bbox 340 226 441 261; x_wconf 84' lang='lat' dir='ltr'><strong>quibus</strong></span> <span class='ocrx_word' id='word_1_9' title='bbox 455 226 644 254; x_wconf 86' lang='lat' dir='ltr'><strong>controversia</strong></span> <span class='ocrx_word' id='word_1_10' title='bbox 669 225 796 258; x_wconf 81' lang='lat' dir='ltr'><strong>solvitur,</strong></span> <span class='ocrx_word' id='word_1_11' title='bbox 815 227 861 253; x_wconf 88' lang='lat' dir='ltr'><strong>sed</strong></span> <span class='ocrx_word' id='word_1_12' title='bbox 878 233 909 252; x_wconf 84' lang='lat' dir='ltr'><strong>ea</strong></span> <span class='ocrx_word' id='word_1_13' title='bbox 923 233 970 260; x_wconf 77' lang='grc' dir='ltr'>ρο·</span> <span class='ocrx_word' id='word_1_14' title='bbox 985 245 990 255; x_wconf 54' lang='grc' dir='ltr'><strong><em>λ</em></strong></span> 
     </span>
    </p>
   </div>
   <div class='ocr_carea' id='block_1_5' title="bbox 1076 223 1816 262">
    <p class='ocr_par' dir='ltr' id='par_1_5' title="bbox 1076 223 1816 260">
     <span class='ocr_line' id='line_1_5' title="bbox 1076 223 1816 260; baseline -0.003 -7"><span class='ocrx_word' id='word_1_15' title='bbox 1076 247 1077 254; x_wconf 53' lang='grc' dir='ltr'><strong>η</strong></span> <span class='ocrx_word' id='word_1_16' title='bbox 1093 226 1161 253; x_wconf 75' lang='grc' dir='ltr'>ἀλλὰ</span> <span class='ocrx_word' id='word_1_17' title='bbox 1173 227 1208 253; x_wconf 83' lang='grc' dir='ltr'>δι’</span> <span class='ocrx_word' id='word_1_18' title='bbox 1220 223 1257 253; x_wconf 85' lang='grc' dir='ltr'>ὧν</span> <span class='ocrx_word' id='word_1_19' title='bbox 1270 225 1421 260; x_wconf 83' lang='grc' dir='ltr'><strong>συγγνώμη</strong></span> <span class='ocrx_word' id='word_1_20' title='bbox 1433 225 1489 256; x_wconf 85' lang='grc' dir='ltr'>τοῖς</span> <span class='ocrx_word' id='word_1_21' title='bbox 1506 224 1543 260; x_wconf 83' lang='grc' dir='ltr'>μὴ</span> <span class='ocrx_word' id='word_1_22' title='bbox 1554 223 1719 258; x_wconf 73' lang='grc' dir='ltr'><strong>δυναμένοις</strong></span> <span class='ocrx_word' id='word_1_23' title='bbox 1733 224 1816 258; x_wconf 80' lang='grc' dir='ltr'>φυλά-</span> 
     </span>
    </p>
   </div>
   <div class='ocr_carea' id='block_1_6' title="bbox 176 271 969 308">
    <p class='ocr_par' dir='ltr' id='par_1_6' title="bbox 176 271 969 308">
     <span class='ocr_line' id='line_1_6' title="bbox 176 271 969 308; baseline -0.003 -8"><span class='ocrx_word' id='word_1_24' title='bbox 176 273 232 301; x_wconf 88' lang='lat' dir='ltr'><strong>tius</strong></span> <span class='ocrx_word' id='word_1_25' title='bbox 246 272 347 308; x_wconf 80' lang='lat' dir='ltr'><strong>quibus</strong></span> <span class='ocrx_word' id='word_1_26' title='bbox 359 272 468 299; x_wconf 83' lang='lat' dir='ltr'><strong>veniam</strong></span> <span class='ocrx_word' id='word_1_27' title='bbox 493 272 638 307; x_wconf 83' lang='lat' dir='ltr'><strong>impetrent</strong></span> <span class='ocrx_word' id='word_1_28' title='bbox 661 271 695 298; x_wconf 88' lang='lat' dir='ltr'><strong>iis</strong></span> <span class='ocrx_word' id='word_1_29' title='bbox 710 272 758 306; x_wconf 89' lang='lat' dir='ltr'><strong>qui</strong></span> <span class='ocrx_word' id='word_1_30' title='bbox 779 272 908 299; x_wconf 85' lang='lat' dir='ltr'><strong>mandato</strong></span> <span class='ocrx_word' id='word_1_31' title='bbox 920 272 969 298; x_wconf 85' lang='lat' dir='ltr'><strong>ob-</strong></span> 
     </span>
    </p>
   </div>
   <div class='ocr_carea' id='block_1_7' title="bbox 178 317 970 354">
    <p class='ocr_par' dir='ltr' id='par_1_7' title="bbox 178 317 970 354">
     <span class='ocr_line' id='line_1_7' title="bbox 178 317 970 354; baseline -0.004 -7"><span class='ocrx_word' id='word_1_32' title='bbox 178 323 332 354; x_wconf 84' lang='lat' dir='ltr'><strong>temperare</strong></span> <span class='ocrx_word' id='word_1_33' title='bbox 347 327 400 346; x_wconf 95' lang='lat' dir='ltr'><strong>non</strong></span> <span class='ocrx_word' id='word_1_34' title='bbox 422 323 582 354; x_wconf 88' lang='lat' dir='ltr'><strong>potuerunt,</strong></span> <span class='ocrx_word' id='word_1_35' title='bbox 606 318 774 353; x_wconf 87' lang='lat' dir='ltr'><strong>eosdemque</strong></span> <span class='ocrx_word' id='word_1_36' title='bbox 791 319 908 346; x_wconf 88' lang='lat' dir='ltr'><strong>crlmine</strong></span> <span class='ocrx_word' id='word_1_37' title='bbox 922 317 970 344; x_wconf 89' lang='lat' dir='ltr'><strong>ab-</strong></span> 
     </span>
    </p>
   </div>
   <div class='ocr_carea' id='block_1_8' title="bbox 178 363 971 400">
    <p class='ocr_par' dir='ltr' id='par_1_8' title="bbox 178 363 971 400">
     <span class='ocr_line' id='line_1_8' title="bbox 178 363 971 400; baseline -0.003 -7"><span class='ocrx_word' id='word_1_38' title='bbox 178 366 295 393; x_wconf 83' lang='lat' dir='ltr'><strong>solvant.</strong></span> <span class='ocrx_word' id='word_1_39' title='bbox 311 365 418 400; x_wconf 84' lang='lat' dir='ltr'><strong>Quippe</strong></span> <span class='ocrx_word' id='word_1_40' title='bbox 438 365 558 392; x_wconf 85' lang='lat' dir='ltr'><strong>fatentur</strong></span> <span class='ocrx_word' id='word_1_41' title='bbox 572 365 722 400; x_wconf 81' lang='lat' dir='ltr'><strong>discipulos</strong></span> <span class='ocrx_word' id='word_1_42' title='bbox 746 372 799 392; x_wconf 92' lang='lat' dir='ltr'><strong>non</strong></span> <span class='ocrx_word' id='word_1_43' title='bbox 824 364 872 391; x_wconf 89' lang='lat' dir='ltr'><strong>illo</strong></span> <span class='ocrx_word' id='word_1_44' title='bbox 887 363 971 391; x_wconf 90' lang='lat' dir='ltr'><strong>modo</strong></span> 
     </span>
    </p>
   </div>
   <div class='ocr_carea' id='block_1_9' title="bbox 175 410 971 446">
    <p class='ocr_par' dir='ltr' id='par_1_9' title="bbox 175 410 971 446">
     <span class='ocr_line' id='line_1_9' title="bbox 175 410 971 446; baseline -0.003 -8"><span class='ocrx_word' id='word_1_45' title='bbox 175 419 231 445; x_wconf 86' lang='lat' dir='ltr'><strong>quo</strong></span> <span class='ocrx_word' id='word_1_46' title='bbox 243 411 342 438; x_wconf 78' lang='lat' dir='ltr'><strong>eruditi</strong></span> <span class='ocrx_word' id='word_1_47' title='bbox 361 411 471 438; x_wconf 82' lang='lat' dir='ltr'><strong>fuerant</strong></span> <span class='ocrx_word' id='word_1_48' title='bbox 484 410 675 446; x_wconf 81' lang='lat' dir='ltr'><strong>baptizavisse,</strong></span> <span class='ocrx_word' id='word_1_49' title='bbox 691 411 738 438; x_wconf 87' lang='lat' dir='ltr'><strong>sed</strong></span> <span class='ocrx_word' id='word_1_50' title='bbox 752 412 778 437; x_wconf 93' lang='lat' dir='ltr'><strong>in</strong></span> <span class='ocrx_word' id='word_1_51' title='bbox 794 411 904 438; x_wconf 89' lang='lat' dir='ltr'><strong>nomine</strong></span> <span class='ocrx_word' id='word_1_52' title='bbox 916 410 971 436; x_wconf 88' lang='lat' dir='ltr'><strong>Do-</strong></span> 
     </span>
    </p>
   </div>
   <div class='ocr_carea' id='block_1_10' title="bbox 165 454 970 490">
    <p class='ocr_par' dir='ltr' id='par_1_10' title="bbox 165 454 970 490">
     <span class='ocr_line' id='line_1_10' title="bbox 165 454 970 490; baseline -0.001 -7"><span class='ocrx_word' id='word_1_53' title='bbox 165 456 246 484; x_wconf 91' lang='lat' dir='ltr'><strong>.mini</strong></span> <span class='ocrx_word' id='word_1_54' title='bbox 271 455 357 482; x_wconf 91' lang='lat' dir='ltr'><strong>nostri</strong></span> <span class='ocrx_word' id='word_1_55' title='bbox 379 454 442 483; x_wconf 85' lang='lat' dir='ltr'><strong>Jesu</strong></span> <span class='ocrx_word' id='word_1_56' title='bbox 461 455 563 483; x_wconf 76' lang='lat' dir='ltr'><strong>Christi</strong></span> <span class='ocrx_word' id='word_1_57' title='bbox 585 455 753 490; x_wconf 77' lang='lat' dir='ltr'><strong>baptismum</strong></span> <span class='ocrx_word' id='word_1_58' title='bbox 774 455 970 490; x_wconf 77' lang='lat' dir='ltr'><strong>impertivisse.</strong></span> 
     </span>
    </p>
   </div>
   <div class='ocr_carea' id='block_1_11' title="bbox 178 501 971 536">
    <p class='ocr_par' dir='ltr' id='par_1_11' title="bbox 178 501 971 536">
     <span class='ocr_line' id='line_1_11' title="bbox 178 501 971 536; baseline -0.004 -7"><span class='ocrx_word' id='word_1_59' title='bbox 178 501 329 529; x_wconf 88' lang='lat' dir='ltr'><strong>secundutn</strong></span> <span class='ocrx_word' id='word_1_60' title='bbox 348 501 532 529; x_wconf 62' lang='lat' dir='ltr'><strong>oeconomiam</strong></span> <span class='ocrx_word' id='word_1_61' title='bbox 555 501 700 536; x_wconf 82' lang='lat' dir='ltr'><strong>quamdam</strong></span> <span class='ocrx_word' id='word_1_62' title='bbox 717 509 749 528; x_wconf 90' lang='lat' dir='ltr'><strong>ac</strong></span> <span class='ocrx_word' id='word_1_63' title='bbox 770 501 971 536; x_wconf 84' lang='lat' dir='ltr'><strong>providentiam</strong></span> 
     </span>
    </p>
   </div>
   <div class='ocr_carea' id='block_1_12' title="bbox 179 547 969 583">
    <p class='ocr_par' dir='ltr' id='par_1_12' title="bbox 179 547 969 583">
     <span class='ocr_line' id='line_1_12' title="bbox 179 547 969 583; baseline -0.003 -8"><span class='ocrx_word' id='word_1_64' title='bbox 179 549 230 575; x_wconf 89' lang='lat' dir='ltr'><strong>hac</strong></span> <span class='ocrx_word' id='word_1_65' title='bbox 246 547 364 575; x_wconf 80' lang='lat' dir='ltr'><strong>formula</strong></span> <span class='ocrx_word' id='word_1_66' title='bbox 381 552 490 576; x_wconf 80' lang='lat' dir='ltr'><strong>utentes</strong></span> <span class='ocrx_word' id='word_1_67' title='bbox 505 557 513 574; x_wconf 72' lang='grc' dir='ltr'><strong>τ</strong></span> <span class='ocrx_word' id='word_1_68' title='bbox 537 548 709 583; x_wconf 85' lang='lat' dir='ltr'><strong>temporique</strong></span> <span class='ocrx_word' id='word_1_69' title='bbox 724 553 750 574; x_wconf 93' lang='lat' dir='ltr'><strong>et</strong></span> <span class='ocrx_word' id='word_1_70' title='bbox 767 548 793 574; x_wconf 97' lang='lat' dir='ltr'><strong>in</strong></span> <span class='ocrx_word' id='word_1_71' title='bbox 813 547 909 581; x_wconf 83' lang='lat' dir='ltr'><strong>primis</strong></span> <span class='ocrx_word' id='word_1_72' title='bbox 929 547 969 573; x_wconf 95' lang='lat' dir='ltr'><strong>in-</strong></span> 
     </span>
    </p>
   </div>
   <div class='ocr_carea' id='block_1_13' title="bbox 179 593 971 625">
    <p class='ocr_par' dir='ltr' id='par_1_13' title="bbox 179 593 971 625">
     <span class='ocr_line' id='line_1_13' title="bbox 179 593 971 625; baseline -0.005 -3"><span class='ocrx_word' id='word_1_73' title='bbox 179 594 261 622; x_wconf 82' lang='lat' dir='ltr'><strong>stanti</strong></span> <span class='ocrx_word' id='word_1_74' title='bbox 280 594 437 622; x_wconf 84' lang='lat' dir='ltr'><strong>necessitati</strong></span> <span class='ocrx_word' id='word_1_75' title='bbox 454 594 617 622; x_wconf 84' lang='lat' dir='ltr'><strong>sententiam</strong></span> <span class='ocrx_word' id='word_1_76' title='bbox 630 593 892 625; x_wconf 81' lang='lat' dir='ltr'><strong>accommodavisse,</strong></span> <span class='ocrx_word' id='word_1_77' title='bbox 906 593 971 619; x_wconf 92' lang='lat' dir='ltr'><strong>dnm</strong></span> 
     </span>
    </p>
   </div>
   <div class='ocr_carea' id='block_1_14' title="bbox 179 639 973 676">
    <p class='ocr_par' dir='ltr' id='par_1_14' title="bbox 179 639 973 676">
     <span class='ocr_line' id='line_1_14' title="bbox 179 639 973 676; baseline -0.001 -9"><span class='ocrx_word' id='word_1_78' title='bbox 179 649 212 668; x_wconf 83' lang='lat' dir='ltr'><strong>ex</strong></span> <span class='ocrx_word' id='word_1_79' title='bbox 225 640 341 668; x_wconf 84' lang='lat' dir='ltr'><strong>utilitate</strong></span> <span class='ocrx_word' id='word_1_80' title='bbox 352 644 379 668; x_wconf 91' lang='lat' dir='ltr'><strong>et</strong></span> <span class='ocrx_word' id='word_1_81' title='bbox 399 641 499 674; x_wconf 84' lang='lat' dir='ltr'><strong>placito</strong></span> <span class='ocrx_word' id='word_1_82' title='bbox 518 640 718 676; x_wconf 84' lang='lat' dir='ltr'><strong>neophytorutn</strong></span> <span class='ocrx_word' id='word_1_83' title='bbox 733 640 879 675; x_wconf 89' lang='lat' dir='ltr'><strong>mysticum</strong></span> <span class='ocrx_word' id='word_1_84' title='bbox 898 639 973 666; x_wconf 90' lang='lat' dir='ltr'><strong>hunc</strong></span> 
     </span>
    </p>
   </div>
   <div class='ocr_carea' id='block_1_15' title="bbox 180 685 974 722">
    <p class='ocr_par' dir='ltr' id='par_1_15' title="bbox 180 685 974 722">
     <span class='ocr_line' id='line_1_15' title="bbox 180 685 974 722; baseline -0.004 -8"><span class='ocrx_word' id='word_1_85' title='bbox 180 693 343 722; x_wconf 84' lang='lat' dir='ltr'><strong>sacrumque</strong></span> <span class='ocrx_word' id='word_1_86' title='bbox 368 687 451 714; x_wconf 80' lang='lat' dir='ltr'><strong>ritum</strong></span> <span class='ocrx_word' id='word_1_87' title='bbox 471 686 711 714; x_wconf 82' lang='lat' dir='ltr'><strong>administrabant.</strong></span> <span class='ocrx_word' id='word_1_88' title='bbox 734 685 802 713; x_wconf 86' lang='lat' dir='ltr'><strong>Nam</strong></span> <span class='ocrx_word' id='word_1_89' title='bbox 823 685 896 720; x_wconf 89' lang='lat' dir='ltr'><strong>quod</strong></span> <span class='ocrx_word' id='word_1_90' title='bbox 918 691 974 719; x_wconf 73' lang='lat' dir='ltr'><strong>pne</strong></span> 
     </span>
    </p>
   </div>
   <div class='ocr_carea' id='block_1_16' title="bbox 181 731 973 774">
    <p class='ocr_par' dir='ltr' id='par_1_16' title="bbox 181 731 973 774">
     <span class='ocr_line' id='line_1_16' title="bbox 181 731 973 774; baseline -0.001 -16"><span class='ocrx_word' id='word_1_91' title='bbox 181 732 288 759; x_wconf 72' lang='lat' dir='ltr'><strong>cmteris</strong></span> <span class='ocrx_word' id='word_1_92' title='bbox 315 731 465 759; x_wconf 81' lang='lat' dir='ltr'><strong>cernebant</strong></span> <span class='ocrx_word' id='word_1_93' title='bbox 486 732 514 758; x_wconf 92' lang='lat' dir='ltr'><strong>in</strong></span> <span class='ocrx_word' id='word_1_94' title='bbox 535 731 610 767; x_wconf 77' lang='lat' dir='ltr'><strong>vulgi</strong></span> <span class='ocrx_word' id='word_1_95' title='bbox 632 731 733 758; x_wconf 85' lang='lat' dir='ltr'><strong>animis</strong></span> <span class='ocrx_word' id='word_1_96' title='bbox 754 735 902 774; x_wconf 64' lang='lat' dir='ltr'><strong>antestare,</strong></span> <span class='ocrx_word' id='word_1_97' title='bbox 925 737 973 757; x_wconf 91' lang='lat' dir='ltr'><strong>eo-</strong></span> 
     </span>
    </p>
   </div>
   <div class='ocr_carea' id='block_1_17' title="bbox 182 776 974 812">
    <p class='ocr_par' dir='ltr' id='par_1_17' title="bbox 182 776 974 812">
     <span class='ocr_line' id='line_1_17' title="bbox 182 776 974 812; baseline -0.003 -8"><span class='ocrx_word' id='word_1_98' title='bbox 182 784 299 812; x_wconf 81' lang='lat' dir='ltr'><strong>rumque</strong></span> <span class='ocrx_word' id='word_1_99' title='bbox 311 777 521 812; x_wconf 76' lang='lat' dir='ltr'><strong>cogitationibus</strong></span> <span class='ocrx_word' id='word_1_100' title='bbox 529 777 763 812; x_wconf 80' lang='lat' dir='ltr'><strong>perturbationem</strong></span> <span class='ocrx_word' id='word_1_101' title='bbox 778 777 901 811; x_wconf 81' lang='lat' dir='ltr'><strong>injicere,</strong></span> <span class='ocrx_word' id='word_1_102' title='bbox 922 776 974 803; x_wconf 91' lang='lat' dir='ltr'><strong>hoc</strong></span> 
     </span>
    </p>
   </div>
   <div class='ocr_carea' id='block_1_18' title="bbox 183 823 975 858">
    <p class='ocr_par' dir='ltr' id='par_1_18' title="bbox 183 823 975 858">
     <span class='ocr_line' id='line_1_18' title="bbox 183 823 975 858; baseline -0.003 -8"><span class='ocrx_word' id='word_1_103' title='bbox 183 823 307 858; x_wconf 79' lang='lat' dir='ltr'><strong>apprime</strong></span> <span class='ocrx_word' id='word_1_104' title='bbox 334 824 538 858; x_wconf 86' lang='lat' dir='ltr'><strong>procurandum</strong></span> <span class='ocrx_word' id='word_1_105' title='bbox 576 823 629 851; x_wconf 85' lang='lat' dir='ltr'><strong>sibi</strong></span> <span class='ocrx_word' id='word_1_106' title='bbox 655 823 833 858; x_wconf 83' lang='lat' dir='ltr'><strong>studioseque</strong></span> <span class='ocrx_word' id='word_1_107' title='bbox 858 830 975 857; x_wconf 76' lang='lat' dir='ltr'><strong>przetnu-</strong></span> 
     </span>
    </p>
   </div>
   <div class='ocr_carea' id='block_1_19' title="bbox 184 868 976 903">
    <p class='ocr_par' dir='ltr' id='par_1_19' title="bbox 184 868 976 903">
     <span class='ocr_line' id='line_1_19' title="bbox 184 868 976 903; baseline -0.001 -8"><span class='ocrx_word' id='word_1_108' title='bbox 184 868 314 896; x_wconf 88' lang='lat' dir='ltr'><strong>niendum</strong></span> <span class='ocrx_word' id='word_1_109' title='bbox 329 869 472 903; x_wconf 85' lang='lat' dir='ltr'><strong>putabant.</strong></span> <span class='ocrx_word' id='word_1_110' title='bbox 496 868 624 896; x_wconf 82' lang='lat' dir='ltr'><strong>Jamvero</strong></span> <span class='ocrx_word' id='word_1_111' title='bbox 643 869 798 896; x_wconf 87' lang='lat' dir='ltr'><strong>antcslabat</strong></span> <span class='ocrx_word' id='word_1_112' title='bbox 819 872 902 903; x_wconf 88' lang='lat' dir='ltr'><strong>atque</strong></span> <span class='ocrx_word' id='word_1_113' title='bbox 917 877 976 895; x_wconf 88' lang='lat' dir='ltr'><strong>om-</strong></span> 
     </span>
    </p>
   </div>
   <div class='ocr_carea' id='block_1_20' title="bbox 187 905 1014 946">
    <p class='ocr_par' dir='ltr' id='par_1_20' title="bbox 187 905 1014 946">
     <span class='ocr_line' id='line_1_20' title="bbox 187 905 1014 946; baseline -0.002 -4"><span class='ocrx_word' id='word_1_114' title='bbox 187 915 262 942; x_wconf 92' lang='lat' dir='ltr'><strong>nium</strong></span> <span class='ocrx_word' id='word_1_115' title='bbox 275 914 435 942; x_wconf 77' lang='lat' dir='ltr'><strong>ditﬂcillima</strong></span> <span class='ocrx_word' id='word_1_116' title='bbox 450 914 594 942; x_wconf 82' lang='lat' dir='ltr'><strong>videbatur</strong></span> <span class='ocrx_word' id='word_1_117' title='bbox 606 915 827 946; x_wconf 59' lang='lat' dir='ltr'><strong>hazcaliirmatio.</strong></span> <span class='ocrx_word' id='word_1_118' title='bbox 846 915 977 942; x_wconf 81' lang='lat' dir='ltr'><strong>Servato-</strong></span> <span class='ocrx_word' id='word_1_119' title='bbox 991 905 1014 935; x_wconf 81' lang='grc' dir='ltr'><strong>Β</strong></span> 
     </span>
    </p>
   </div>
   <div class='ocr_carea' id='block_1_21' title="bbox 187 959 978 996">
    <p class='ocr_par' dir='ltr' id='par_1_21' title="bbox 187 959 978 996">
     <span class='ocr_line' id='line_1_21' title="bbox 187 959 978 996; baseline -0.001 -9"><span class='ocrx_word' id='word_1_120' title='bbox 187 968 244 989; x_wconf 87' lang='lat' dir='ltr'><strong>rem</strong></span> <span class='ocrx_word' id='word_1_121' title='bbox 260 960 363 988; x_wconf 88' lang='lat' dir='ltr'><strong>scilicet</strong></span> <span class='ocrx_word' id='word_1_122' title='bbox 372 968 434 988; x_wconf 84' lang='lat' dir='ltr'><strong>esse</strong></span> <span class='ocrx_word' id='word_1_123' title='bbox 445 960 596 993; x_wconf 84' lang='lat' dir='ltr'><strong>Christum,</strong></span> <span class='ocrx_word' id='word_1_124' title='bbox 612 961 804 996; x_wconf 70' lang='lat' dir='ltr'><strong>praecipueque</strong></span> <span class='ocrx_word' id='word_1_125' title='bbox 819 961 866 988; x_wconf 84' lang='lat' dir='ltr'><strong>Dei</strong></span> <span class='ocrx_word' id='word_1_126' title='bbox 878 959 978 987; x_wconf 84' lang='lat' dir='ltr'><strong>Filium</strong></span> 
     </span>
    </p>
   </div>
   <div class='ocr_carea' id='block_1_22' title="bbox 189 1005 979 1041">
    <p class='ocr_par' dir='ltr' id='par_1_22' title="bbox 189 1005 979 1041">
     <span class='ocr_line' id='line_1_22' title="bbox 189 1005 979 1041; baseline -0.001 -8"><span class='ocrx_word' id='word_1_127' title='bbox 189 1011 216 1033; x_wconf 85' lang='lat' dir='ltr'><strong>et</strong></span> <span class='ocrx_word' id='word_1_128' title='bbox 237 1005 320 1033; x_wconf 89' lang='lat' dir='ltr'><strong>Deum</strong></span> <span class='ocrx_word' id='word_1_129' title='bbox 334 1006 448 1041; x_wconf 82' lang='lat' dir='ltr'><strong>ejusque</strong></span> <span class='ocrx_word' id='word_1_130' title='bbox 465 1006 601 1034; x_wconf 85' lang='lat' dir='ltr'><strong>mandatis</strong></span> <span class='ocrx_word' id='word_1_131' title='bbox 616 1013 677 1034; x_wconf 84' lang='lat' dir='ltr'><strong>esse</strong></span> <span class='ocrx_word' id='word_1_132' title='bbox 690 1006 885 1034; x_wconf 78' lang='lat' dir='ltr'><strong>obedientium.</strong></span> <span class='ocrx_word' id='word_1_133' title='bbox 901 1005 979 1039; x_wconf 82' lang='lat' dir='ltr'><strong>Quod</strong></span> 
     </span>
    </p>
   </div>
   <div class='ocr_carea' id='block_1_23' title="bbox 187 1052 979 1087">
    <p class='ocr_par' dir='ltr' id='par_1_23' title="bbox 187 1052 979 1087">
     <span class='ocr_line' id='line_1_23' title="bbox 187 1052 979 1087; baseline 0.001 -8"><span class='ocrx_word' id='word_1_134' title='bbox 187 1052 280 1087; x_wconf 85' lang='lat' dir='ltr'><strong>itaque</strong></span> <span class='ocrx_word' id='word_1_135' title='bbox 290 1053 375 1087; x_wconf 79' lang='lat' dir='ltr'><strong>magis</strong></span> <span class='ocrx_word' id='word_1_136' title='bbox 386 1053 507 1087; x_wconf 76' lang='lat' dir='ltr'><strong>indigum</strong></span> <span class='ocrx_word' id='word_1_137' title='bbox 518 1053 667 1087; x_wconf 79' lang='lat' dir='ltr'><strong>magisterii</strong></span> <span class='ocrx_word' id='word_1_138' title='bbox 679 1053 818 1082; x_wconf 85' lang='lat' dir='ltr'><strong>videbant.</strong></span> <span class='ocrx_word' id='word_1_139' title='bbox 833 1053 858 1079; x_wconf 88' lang='lat' dir='ltr'><strong>id</strong></span> <span class='ocrx_word' id='word_1_140' title='bbox 873 1053 979 1080; x_wconf 67' lang='lat' dir='ltr'><strong>ctrteris</strong></span> 
     </span>
    </p>
   </div>
   <div class='ocr_carea' id='block_1_24' title="bbox 187 1096 979 1132">
    <p class='ocr_par' dir='ltr' id='par_1_24' title="bbox 187 1096 979 1132">
     <span class='ocr_line' id='line_1_24' title="bbox 187 1096 979 1132; baseline -0.001 -8"><span class='ocrx_word' id='word_1_141' title='bbox 187 1097 395 1132; x_wconf 56' lang='lat' dir='ltr'><strong>prae-vertebant;</strong></span> <span class='ocrx_word' id='word_1_142' title='bbox 408 1101 491 1132; x_wconf 88' lang='lat' dir='ltr'><strong>atque</strong></span> <span class='ocrx_word' id='word_1_143' title='bbox 504 1104 537 1123; x_wconf 85' lang='lat' dir='ltr'><strong>ett</strong></span> <span class='ocrx_word' id='word_1_144' title='bbox 551 1097 633 1132; x_wconf 87' lang='lat' dir='ltr'><strong>hujus</strong></span> <span class='ocrx_word' id='word_1_145' title='bbox 649 1105 743 1124; x_wconf 82' lang='lat' dir='ltr'><strong>norma</strong></span> <span class='ocrx_word' id='word_1_146' title='bbox 758 1096 919 1124; x_wconf 87' lang='lat' dir='ltr'><strong>initiandam</strong></span> <span class='ocrx_word' id='word_1_147' title='bbox 935 1105 979 1124; x_wconf 87' lang='lat' dir='ltr'><strong>sa-</strong></span> 
     </span>
    </p>
   </div>
   <div class='ocr_carea' id='block_1_25' title="bbox 187 1142 980 1178">
    <p class='ocr_par' dir='ltr' id='par_1_25' title="bbox 187 1142 980 1178">
     <span class='ocr_line' id='line_1_25' title="bbox 187 1142 980 1178; baseline -0.001 -8"><span class='ocrx_word' id='word_1_148' title='bbox 187 1143 242 1171; x_wconf 87' lang='lat' dir='ltr'><strong>cris</strong></span> <span class='ocrx_word' id='word_1_149' title='bbox 252 1143 455 1170; x_wconf 86' lang='lat' dir='ltr'><strong>multitudinem</strong></span> <span class='ocrx_word' id='word_1_150' title='bbox 464 1143 665 1178; x_wconf 86' lang='lat' dir='ltr'><strong>proselytorum</strong></span> <span class='ocrx_word' id='word_1_151' title='bbox 674 1143 881 1170; x_wconf 79' lang='lat' dir='ltr'><strong>existimabant.</strong></span> <span class='ocrx_word' id='word_1_152' title='bbox 889 1142 980 1176; x_wconf 78' lang='lat' dir='ltr'><strong>Quare</strong></span> 
     </span>
    </p>
   </div>
   <div class='ocr_carea' id='block_1_26' title="bbox 188 1187 979 1224">
    <p class='ocr_par' dir='ltr' id='par_1_26' title="bbox 188 1187 979 1224">
     <span class='ocr_line' id='line_1_26' title="bbox 188 1187 979 1224; baseline -0.001 -9"><span class='ocrx_word' id='word_1_153' title='bbox 188 1189 353 1224; x_wconf 83' lang='lat' dir='ltr'><strong>baptismum</strong></span> <span class='ocrx_word' id='word_1_154' title='bbox 367 1188 439 1216; x_wconf 85' lang='lat' dir='ltr'><strong>haud</strong></span> <span class='ocrx_word' id='word_1_155' title='bbox 454 1189 480 1215; x_wconf 96' lang='lat' dir='ltr'><strong>in</strong></span> <span class='ocrx_word' id='word_1_156' title='bbox 496 1188 586 1216; x_wconf 87' lang='lat' dir='ltr'><strong>Patris</strong></span> <span class='ocrx_word' id='word_1_157' title='bbox 599 1193 625 1216; x_wconf 88' lang='lat' dir='ltr'><strong>et</strong></span> <span class='ocrx_word' id='word_1_158' title='bbox 636 1188 696 1215; x_wconf 85' lang='lat' dir='ltr'><strong>Filii</strong></span> <span class='ocrx_word' id='word_1_159' title='bbox 712 1192 739 1215; x_wconf 85' lang='lat' dir='ltr'><strong>et</strong></span> <span class='ocrx_word' id='word_1_160' title='bbox 759 1187 879 1223; x_wconf 88' lang='lat' dir='ltr'><strong>Spiritus</strong></span> <span class='ocrx_word' id='word_1_161' title='bbox 891 1188 979 1215; x_wconf 86' lang='lat' dir='ltr'><strong>sancti</strong></span> 
     </span>
    </p>
   </div>
   <div class='ocr_carea' id='block_1_27' title="bbox 189 1231 977 1269">
    <p class='ocr_par' dir='ltr' id='par_1_27' title="bbox 189 1231 977 1269">
     <span class='ocr_line' id='line_1_27' title="bbox 189 1231 977 1269; baseline -0.005 -7"><span class='ocrx_word' id='word_1_162' title='bbox 189 1235 299 1262; x_wconf 87' lang='lat' dir='ltr'><strong>nomine</strong></span> <span class='ocrx_word' id='word_1_163' title='bbox 310 1233 512 1269; x_wconf 84' lang='lat' dir='ltr'><strong>impertiebant,</strong></span> <span class='ocrx_word' id='word_1_164' title='bbox 530 1242 624 1261; x_wconf 88' lang='lat' dir='ltr'><strong>vertnn</strong></span> <span class='ocrx_word' id='word_1_165' title='bbox 641 1231 829 1260; x_wconf 78' lang='lat' dir='ltr'><strong>DominoJesu</strong></span> <span class='ocrx_word' id='word_1_166' title='bbox 842 1233 977 1264; x_wconf 84' lang='lat' dir='ltr'><strong>invocato,</strong></span> 
     </span>
    </p>
   </div>
   <div class='ocr_carea' id='block_1_28' title="bbox 188 1274 979 1316">
    <p class='ocr_par' dir='ltr' id='par_1_28' title="bbox 188 1274 979 1316">
     <span class='ocr_line' id='line_1_28' title="bbox 188 1274 979 1316; baseline -0.005 -7"><span class='ocrx_word' id='word_1_167' title='bbox 188 1281 404 1316; x_wconf 77' lang='lat' dir='ltr'><strong>regenerationis</strong></span> <span class='ocrx_word' id='word_1_168' title='bbox 422 1281 531 1308; x_wconf 82' lang='lat' dir='ltr'><strong>lavacro</strong></span> <span class='ocrx_word' id='word_1_169' title='bbox 555 1274 623 1308; x_wconf 82' lang='lat' dir='ltr'><strong>lotos</strong></span> <span class='ocrx_word' id='word_1_170' title='bbox 637 1280 725 1314; x_wconf 91' lang='lat' dir='ltr'><strong>culpis</strong></span> <span class='ocrx_word' id='word_1_171' title='bbox 736 1279 891 1314; x_wconf 77' lang='lat' dir='ltr'><strong>purgabant</strong></span> <span class='ocrx_word' id='word_1_172' title='bbox 907 1288 913 1305; x_wconf 74' lang='grc' dir='ltr'>ε</span> <span class='ocrx_word' id='word_1_173' title='bbox 931 1279 979 1305; x_wconf 79' lang='lat' dir='ltr'><strong>ad-</strong></span> 
     </span>
    </p>
   </div>
   <div class='ocr_carea' id='block_1_29' title="bbox 190 1325 980 1361">
    <p class='ocr_par' dir='ltr' id='par_1_29' title="bbox 190 1325 980 1361">
     <span class='ocr_line' id='line_1_29' title="bbox 190 1325 980 1361; baseline -0.001 -8"><span class='ocrx_word' id='word_1_174' title='bbox 190 1326 379 1354; x_wconf 87' lang='lat' dir='ltr'><strong>ministrantcs</strong></span> <span class='ocrx_word' id='word_1_175' title='bbox 389 1327 500 1361; x_wconf 88' lang='lat' dir='ltr'><strong>quidem</strong></span> <span class='ocrx_word' id='word_1_176' title='bbox 513 1334 575 1354; x_wconf 90' lang='lat' dir='ltr'><strong>cum</strong></span> <span class='ocrx_word' id='word_1_177' title='bbox 592 1325 699 1352; x_wconf 90' lang='lat' dir='ltr'><strong>Domini</strong></span> <span class='ocrx_word' id='word_1_178' title='bbox 711 1325 885 1353; x_wconf 87' lang='lat' dir='ltr'><strong>invocatione</strong></span> <span class='ocrx_word' id='word_1_179' title='bbox 896 1330 922 1352; x_wconf 86' lang='lat' dir='ltr'><strong>et</strong></span> <span class='ocrx_word' id='word_1_180' title='bbox 933 1333 980 1359; x_wconf 88' lang='lat' dir='ltr'><strong>ap-</strong></span> 
     </span>
    </p>
   </div>
   <div class='ocr_carea' id='block_1_30' title="bbox 190 1366 980 1407">
    <p class='ocr_par' dir='ltr' id='par_1_30' title="bbox 190 1366 980 1407">
     <span class='ocr_line' id='line_1_30' title="bbox 190 1366 980 1407; baseline -0.003 -8"><span class='ocrx_word' id='word_1_181' title='bbox 190 1373 337 1407; x_wconf 87' lang='lat' dir='ltr'><strong>pellatione</strong></span> <span class='ocrx_word' id='word_1_182' title='bbox 354 1380 464 1400; x_wconf 86' lang='lat' dir='ltr'><strong>sacrum</strong></span> <span class='ocrx_word' id='word_1_183' title='bbox 488 1366 600 1403; x_wconf 79' lang='lat' dir='ltr'><strong>munus,</strong></span> <span class='ocrx_word' id='word_1_184' title='bbox 621 1371 760 1406; x_wconf 86' lang='lat' dir='ltr'><strong>simulque</strong></span> <span class='ocrx_word' id='word_1_185' title='bbox 781 1372 911 1399; x_wconf 84' lang='lat' dir='ltr'><strong>docentes</strong></span> <span class='ocrx_word' id='word_1_186' title='bbox 934 1371 980 1404; x_wconf 89' lang='lat' dir='ltr'><strong>qui</strong></span> 
     </span>
    </p>
   </div>
   <div class='ocr_carea' id='block_1_31' title="bbox 190 1411 982 1453">
    <p class='ocr_par' dir='ltr' id='par_1_31' title="bbox 190 1411 982 1453">
     <span class='ocr_line' id='line_1_31' title="bbox 190 1411 982 1453; baseline -0.001 -9"><span class='ocrx_word' id='word_1_187' title='bbox 190 1418 266 1452; x_wconf 76' lang='lat' dir='ltr'><strong>digni</strong></span> <span class='ocrx_word' id='word_1_188' title='bbox 284 1418 336 1445; x_wconf 88' lang='lat' dir='ltr'><strong>hac</strong></span> <span class='ocrx_word' id='word_1_189' title='bbox 353 1418 514 1453; x_wconf 80' lang='lat' dir='ltr'><strong>purgatione</strong></span> <span class='ocrx_word' id='word_1_190' title='bbox 535 1417 663 1450; x_wconf 82' lang='lat' dir='ltr'><strong>fuissent,</strong></span> <span class='ocrx_word' id='word_1_191' title='bbox 681 1424 731 1445; x_wconf 85' lang='lat' dir='ltr'><strong>eos</strong></span> <span class='ocrx_word' id='word_1_192' title='bbox 747 1411 795 1452; x_wconf 78' lang='lat' dir='ltr'><strong>per</strong></span> <span class='ocrx_word' id='word_1_193' title='bbox 817 1417 893 1444; x_wconf 91' lang='lat' dir='ltr'><strong>illum</strong></span> <span class='ocrx_word' id='word_1_194' title='bbox 915 1417 982 1444; x_wconf 89' lang='lat' dir='ltr'><strong>ado-</strong></span> 
     </span>
    </p>
   </div>
   <div class='ocr_carea' id='block_1_32' title="bbox 192 1459 981 1498">
    <p class='ocr_par' dir='ltr' id='par_1_32' title="bbox 192 1459 981 1498">
     <span class='ocr_line' id='line_1_32' title="bbox 192 1459 981 1498; baseline -0.003 -8"><span class='ocrx_word' id='word_1_195' title='bbox 192 1463 312 1498; x_wconf 86' lang='lat' dir='ltr'><strong>ptionem</strong></span> <span class='ocrx_word' id='word_1_196' title='bbox 322 1463 452 1498; x_wconf 78' lang='lat' dir='ltr'><strong>consequi</strong></span> <span class='ocrx_word' id='word_1_197' title='bbox 463 1471 469 1489; x_wconf 92' lang='lat'>:</span> <span class='ocrx_word' id='word_1_198' title='bbox 481 1463 582 1497; x_wconf 87' lang='lat' dir='ltr'><strong>quippe</strong></span> <span class='ocrx_word' id='word_1_199' title='bbox 590 1462 660 1489; x_wconf 81' lang='lat' dir='ltr'><strong>ﬁlios</strong></span> <span class='ocrx_word' id='word_1_200' title='bbox 676 1461 723 1489; x_wconf 89' lang='lat' dir='ltr'><strong>Dei</strong></span> <span class='ocrx_word' id='word_1_201' title='bbox 735 1469 782 1496; x_wconf 89' lang='lat' dir='ltr'><strong>per</strong></span> <span class='ocrx_word' id='word_1_202' title='bbox 792 1459 906 1496; x_wconf 77' lang='lat' dir='ltr'><strong>gratiam</strong></span> <span class='ocrx_word' id='word_1_203' title='bbox 918 1469 981 1489; x_wconf 87' lang='lat' dir='ltr'><strong>eum</strong></span> 
     </span>
    </p>
   </div>
   <div class='ocr_carea' id='block_1_33' title="bbox 193 1507 983 1542">
    <p class='ocr_par' dir='ltr' id='par_1_33' title="bbox 193 1507 983 1542">
     <span class='ocr_line' id='line_1_33' title="bbox 193 1507 983 1542; baseline -0.001 -7"><span class='ocrx_word' id='word_1_204' title='bbox 193 1507 383 1535; x_wconf 81' lang='lat' dir='ltr'><strong>tantummodo</strong></span> <span class='ocrx_word' id='word_1_205' title='bbox 398 1514 479 1542; x_wconf 84' lang='lat' dir='ltr'><strong>posse</strong></span> <span class='ocrx_word' id='word_1_206' title='bbox 493 1515 634 1542; x_wconf 77' lang='lat' dir='ltr'><strong>arrogare.</strong></span> <span class='ocrx_word' id='word_1_207' title='bbox 653 1507 698 1534; x_wconf 91' lang='lat' dir='ltr'><strong>cui</strong></span> <span class='ocrx_word' id='word_1_208' title='bbox 716 1507 878 1534; x_wconf 84' lang='lat' dir='ltr'><strong>naturaliter</strong></span> <span class='ocrx_word' id='word_1_209' title='bbox 900 1512 983 1542; x_wconf 86' lang='lat' dir='ltr'><strong>atque</strong></span> 
     </span>
    </p>
   </div>
   <div class='ocr_carea' id='block_1_34' title="bbox 192 1553 982 1589">
    <p class='ocr_par' dir='ltr' id='par_1_34' title="bbox 192 1553 982 1589">
     <span class='ocr_line' id='line_1_34' title="bbox 192 1553 982 1589; baseline -0.003 -7"><span class='ocrx_word' id='word_1_210' title='bbox 192 1555 227 1582; x_wconf 89' lang='lat' dir='ltr'><strong>ab</strong></span> <span class='ocrx_word' id='word_1_211' title='bbox 244 1558 346 1582; x_wconf 72' lang='lat' dir='ltr'><strong>aeterno</strong></span> <span class='ocrx_word' id='word_1_212' title='bbox 360 1553 422 1580; x_wconf 83' lang='lat' dir='ltr'><strong>Filii</strong></span> <span class='ocrx_word' id='word_1_213' title='bbox 435 1559 517 1588; x_wconf 86' lang='lat' dir='ltr'><strong>atque</strong></span> <span class='ocrx_word' id='word_1_214' title='bbox 528 1553 704 1589; x_wconf 76' lang='lat' dir='ltr'><strong>Deidignitas</strong></span> <span class='ocrx_word' id='word_1_215' title='bbox 715 1553 788 1580; x_wconf 82' lang='lat' dir='ltr'><strong>inest</strong></span> <span class='ocrx_word' id='word_1_216' title='bbox 807 1563 813 1579; x_wconf 92' lang='lat'><strong>:</strong></span> <span class='ocrx_word' id='word_1_217' title='bbox 829 1561 882 1588; x_wconf 84' lang='lat' dir='ltr'><strong>qua</strong></span> <span class='ocrx_word' id='word_1_218' title='bbox 905 1561 937 1580; x_wconf 75' lang='lat' dir='ltr'><strong>ex</strong></span> <span class='ocrx_word' id='word_1_219' title='bbox 953 1561 982 1580; x_wconf 90' lang='lat' dir='ltr'><strong>re</strong></span> 
     </span>
    </p>
   </div>
   <div class='ocr_carea' id='block_1_35' title="bbox 193 1597 983 1634">
    <p class='ocr_par' dir='ltr' id='par_1_35' title="bbox 193 1597 983 1634">
     <span class='ocr_line' id='line_1_35' title="bbox 193 1597 983 1634; baseline 0 -7"><span class='ocrx_word' id='word_1_220' title='bbox 193 1604 297 1627; x_wconf 73' lang='lat' dir='ltr'><strong>naturae</strong></span> <span class='ocrx_word' id='word_1_221' title='bbox 319 1607 429 1634; x_wconf 80' lang='lat' dir='ltr'><strong>quoque</strong></span> <span class='ocrx_word' id='word_1_222' title='bbox 449 1600 541 1626; x_wconf 82' lang='lat' dir='ltr'><strong>unitas</strong></span> <span class='ocrx_word' id='word_1_223' title='bbox 566 1599 655 1627; x_wconf 85' lang='lat' dir='ltr'><strong>Patris</strong></span> <span class='ocrx_word' id='word_1_224' title='bbox 682 1603 709 1626; x_wconf 86' lang='lat' dir='ltr'><strong>et</strong></span> <span class='ocrx_word' id='word_1_225' title='bbox 726 1598 787 1626; x_wconf 84' lang='lat' dir='ltr'><strong>Filii</strong></span> <span class='ocrx_word' id='word_1_226' title='bbox 809 1606 841 1625; x_wconf 92' lang='lat' dir='ltr'><strong>ac</strong></span> <span class='ocrx_word' id='word_1_227' title='bbox 865 1597 983 1633; x_wconf 89' lang='lat' dir='ltr'><strong>Spiritus</strong></span> 
     </span>
    </p>
   </div>
   <div class='ocr_carea' id='block_1_36' title="bbox 195 1644 986 1680">
    <p class='ocr_par' dir='ltr' id='par_1_36' title="bbox 195 1644 986 1680">
     <span class='ocr_line' id='line_1_36' title="bbox 195 1644 986 1680; baseline -0.003 -6"><span class='ocrx_word' id='word_1_228' title='bbox 195 1646 282 1674; x_wconf 78' lang='lat' dir='ltr'><strong>sancti</strong></span> <span class='ocrx_word' id='word_1_229' title='bbox 298 1645 468 1680; x_wconf 86' lang='lat' dir='ltr'><strong>conspicitur</strong></span> <span class='ocrx_word' id='word_1_230' title='bbox 487 1650 568 1680; x_wconf 87' lang='lat' dir='ltr'><strong>atque</strong></span> <span class='ocrx_word' id='word_1_231' title='bbox 578 1645 703 1680; x_wconf 84' lang='lat' dir='ltr'><strong>patescit.</strong></span> <span class='ocrx_word' id='word_1_232' title='bbox 719 1644 779 1672; x_wconf 88' lang='lat' dir='ltr'><strong>Jam</strong></span> <span class='ocrx_word' id='word_1_233' title='bbox 795 1645 841 1680; x_wconf 83' lang='lat' dir='ltr'><strong>qui</strong></span> <span class='ocrx_word' id='word_1_234' title='bbox 861 1644 986 1680; x_wconf 88' lang='lat' dir='ltr'><strong>adoptio-</strong></span> 
     </span>
    </p>
   </div>
   <div class='ocr_carea' id='block_1_37' title="bbox 195 1690 986 1726">
    <p class='ocr_par' dir='ltr' id='par_1_37' title="bbox 195 1690 986 1726">
     <span class='ocr_line' id='line_1_37' title="bbox 195 1690 986 1726; baseline -0.003 -8"><span class='ocrx_word' id='word_1_235' title='bbox 195 1699 258 1719; x_wconf 86' lang='lat' dir='ltr'><strong>nem</strong></span> <span class='ocrx_word' id='word_1_236' title='bbox 269 1699 298 1719; x_wconf 89' lang='lat' dir='ltr'><strong>se</strong></span> <span class='ocrx_word' id='word_1_237' title='bbox 321 1699 369 1726; x_wconf 89' lang='lat' dir='ltr'><strong>per</strong></span> <span class='ocrx_word' id='word_1_238' title='bbox 386 1691 486 1718; x_wconf 83' lang='lat' dir='ltr'><strong>Filium</strong></span> <span class='ocrx_word' id='word_1_239' title='bbox 501 1694 663 1718; x_wconf 86' lang='lat' dir='ltr'><strong>consecutos</strong></span> <span class='ocrx_word' id='word_1_240' title='bbox 689 1690 845 1723; x_wconf 83' lang='lat' dir='ltr'><strong>credebant,</strong></span> <span class='ocrx_word' id='word_1_241' title='bbox 867 1698 916 1718; x_wconf 88' lang='lat' dir='ltr'><strong>eos</strong></span> <span class='ocrx_word' id='word_1_242' title='bbox 937 1697 986 1724; x_wconf 90' lang='lat' dir='ltr'><strong>par</strong></span> 
     </span>
    </p>
   </div>
   <div class='ocr_carea' id='block_1_38' title="bbox 195 1728 986 1773">
    <p class='ocr_par' dir='ltr' id='par_1_38' title="bbox 195 1728 986 1773">
     <span class='ocr_line' id='line_1_38' title="bbox 195 1728 986 1773; baseline -0.003 -8"><span class='ocrx_word' id='word_1_243' title='bbox 195 1742 254 1765; x_wconf 87' lang='lat' dir='ltr'><strong>erat</strong></span> <span class='ocrx_word' id='word_1_244' title='bbox 269 1738 302 1765; x_wconf 88' lang='lat' dir='ltr'><strong>de</strong></span> <span class='ocrx_word' id='word_1_245' title='bbox 311 1738 371 1773; x_wconf 89' lang='lat' dir='ltr'><strong>ejus</strong></span> <span class='ocrx_word' id='word_1_246' title='bbox 385 1744 496 1772; x_wconf 88' lang='lat' dir='ltr'><strong>quoque</strong></span> <span class='ocrx_word' id='word_1_247' title='bbox 521 1737 673 1769; x_wconf 85' lang='lat' dir='ltr'><strong>divinitate,</strong></span> <span class='ocrx_word' id='word_1_248' title='bbox 689 1737 736 1771; x_wconf 90' lang='lat' dir='ltr'><strong>qui</strong></span> <span class='ocrx_word' id='word_1_249' title='bbox 756 1737 783 1764; x_wconf 95' lang='lat' dir='ltr'><strong>id</strong></span> <span class='ocrx_word' id='word_1_250' title='bbox 801 1737 903 1765; x_wconf 89' lang='lat' dir='ltr'><strong>donum</strong></span> <span class='ocrx_word' id='word_1_251' title='bbox 920 1728 986 1764; x_wconf 51' lang='lat' dir='ltr'><strong>con.-</strong></span> 
     </span>
    </p>
   </div>
   <div class='ocr_carea' id='block_1_39' title="bbox 196 1781 985 1819">
    <p class='ocr_par' dir='ltr' id='par_1_39' title="bbox 196 1781 985 1819">
     <span class='ocr_line' id='line_1_39' title="bbox 196 1781 985 1819; baseline -0.004 -8"><span class='ocrx_word' id='word_1_252' title='bbox 196 1784 306 1817; x_wconf 84' lang='lat' dir='ltr'><strong>tnlerat,</strong></span> <span class='ocrx_word' id='word_1_253' title='bbox 317 1783 389 1810; x_wconf 91' lang='lat' dir='ltr'><strong>haud</strong></span> <span class='ocrx_word' id='word_1_254' title='bbox 404 1786 514 1819; x_wconf 80' lang='lat' dir='ltr'><strong>gravate</strong></span> <span class='ocrx_word' id='word_1_255' title='bbox 525 1782 664 1810; x_wconf 89' lang='lat' dir='ltr'><strong>assentiri.</strong></span> <span class='ocrx_word' id='word_1_256' title='bbox 675 1781 722 1809; x_wconf 89' lang='lat' dir='ltr'><strong>Sic</strong></span> <span class='ocrx_word' id='word_1_257' title='bbox 736 1782 830 1816; x_wconf 85' lang='lat' dir='ltr'><strong>itaque</strong></span> <span class='ocrx_word' id='word_1_258' title='bbox 845 1782 985 1809; x_wconf 87' lang='lat' dir='ltr'><strong>nonnullis</strong></span> 
     </span>
    </p>
   </div>
   <div class='ocr_carea' id='block_1_40' title="bbox 196 1828 806 1857">
    <p class='ocr_par' dir='ltr' id='par_1_40' title="bbox 196 1828 806 1857">
     <span class='ocr_line' id='line_1_40' title="bbox 196 1828 806 1857; baseline -0.005 0"><span class='ocrx_word' id='word_1_259' title='bbox 196 1830 285 1857; x_wconf 80' lang='lat' dir='ltr'><strong>visum</strong></span> <span class='ocrx_word' id='word_1_260' title='bbox 302 1833 344 1857; x_wconf 88' lang='lat' dir='ltr'><strong>est</strong></span> <span class='ocrx_word' id='word_1_261' title='bbox 353 1829 568 1857; x_wconf 88' lang='lat' dir='ltr'><strong>controversiam</strong></span> <span class='ocrx_word' id='word_1_262' title='bbox 583 1828 653 1855; x_wconf 87' lang='lat' dir='ltr'><strong>hanc</strong></span> <span class='ocrx_word' id='word_1_263' title='bbox 667 1828 806 1856; x_wconf 85' lang='lat' dir='ltr'><strong>dirimere.</strong></span> 
     </span>
    </p>
   </div>
   <div class='ocr_carea' id='block_1_41' title="bbox 231 1874 988 1911">
    <p class='ocr_par' dir='ltr' id='par_1_41' title="bbox 231 1874 988 1911">
     <span class='ocr_line' id='line_1_41' title="bbox 231 1874 988 1911; baseline -0.003 -8"><span class='ocrx_word' id='word_1_264' title='bbox 231 1876 260 1904; x_wconf 76' lang='lat'><strong>2.</strong></span> <span class='ocrx_word' id='word_1_265' title='bbox 273 1875 330 1911; x_wconf 76' lang='lat' dir='ltr'><strong>Ego</strong></span> <span class='ocrx_word' id='word_1_266' title='bbox 340 1882 405 1903; x_wconf 91' lang='lat' dir='ltr'><strong>vero</strong></span> <span class='ocrx_word' id='word_1_267' title='bbox 413 1875 486 1902; x_wconf 87' lang='lat' dir='ltr'><strong>haud</strong></span> <span class='ocrx_word' id='word_1_268' title='bbox 501 1875 574 1909; x_wconf 89' lang='lat' dir='ltr'><strong>potis</strong></span> <span class='ocrx_word' id='word_1_269' title='bbox 588 1882 649 1902; x_wconf 85' lang='lat' dir='ltr'><strong>sum</strong></span> <span class='ocrx_word' id='word_1_270' title='bbox 664 1874 826 1909; x_wconf 77' lang='lat' dir='ltr'><strong>intelligere,</strong></span> <span class='ocrx_word' id='word_1_271' title='bbox 837 1874 988 1909; x_wconf 74' lang='lat' dir='ltr'><strong>quidquam</strong></span> 
     </span>
    </p>
   </div>
   <div class='ocr_carea' id='block_1_42' title="bbox 199 1921 989 1958">
    <p class='ocr_par' dir='ltr' id='par_1_42' title="bbox 199 1921 989 1958">
     <span class='ocr_line' id='line_1_42' title="bbox 199 1921 989 1958; baseline -0.003 -8"><span class='ocrx_word' id='word_1_272' title='bbox 199 1923 290 1958; x_wconf 76' lang='lat' dir='ltr'><strong>aptius</strong></span> <span class='ocrx_word' id='word_1_273' title='bbox 305 1929 366 1950; x_wconf 84' lang='lat' dir='ltr'><strong>esse</strong></span> <span class='ocrx_word' id='word_1_274' title='bbox 387 1922 473 1954; x_wconf 91' lang='lat' dir='ltr'><strong>aliud,</strong></span> <span class='ocrx_word' id='word_1_275' title='bbox 487 1921 560 1956; x_wconf 84' lang='lat' dir='ltr'><strong>quod</strong></span> <span class='ocrx_word' id='word_1_276' title='bbox 575 1921 676 1948; x_wconf 88' lang='lat' dir='ltr'><strong>nedum</strong></span> <span class='ocrx_word' id='word_1_277' title='bbox 700 1921 800 1948; x_wconf 90' lang='lat' dir='ltr'><strong>nodum</strong></span> <span class='ocrx_word' id='word_1_278' title='bbox 817 1921 890 1948; x_wconf 88' lang='lat' dir='ltr'><strong>haud</strong></span> <span class='ocrx_word' id='word_1_279' title='bbox 907 1928 989 1955; x_wconf 81' lang='lat' dir='ltr'><strong>expe-</strong></span> 
     </span>
    </p>
   </div>
   <div class='ocr_carea' id='block_1_43' title="bbox 199 1966 988 2003">
    <p class='ocr_par' dir='ltr' id='par_1_43' title="bbox 199 1966 988 2003">
     <span class='ocr_line' id='line_1_43' title="bbox 199 1966 988 2003; baseline -0.003 -7"><span class='ocrx_word' id='word_1_280' title='bbox 199 1969 267 2001; x_wconf 85' lang='lat' dir='ltr'><strong>diat,</strong></span> <span class='ocrx_word' id='word_1_281' title='bbox 294 1968 341 1996; x_wconf 84' lang='lat' dir='ltr'><strong>sed</strong></span> <span class='ocrx_word' id='word_1_282' title='bbox 364 1966 455 2003; x_wconf 86' lang='lat' dir='ltr'><strong>potius</strong></span> <span class='ocrx_word' id='word_1_283' title='bbox 473 1968 601 2002; x_wconf 87' lang='lat' dir='ltr'><strong>laqueutn</strong></span> <span class='ocrx_word' id='word_1_284' title='bbox 626 1968 743 2003; x_wconf 85' lang='lat' dir='ltr'><strong>injiciat.</strong></span> <span class='ocrx_word' id='word_1_285' title='bbox 764 1972 791 1995; x_wconf 92' lang='lat' dir='ltr'><strong>et</strong></span> <span class='ocrx_word' id='word_1_286' title='bbox 805 1967 914 2003; x_wconf 84' lang='lat' dir='ltr'><strong>quidem</strong></span> <span class='ocrx_word' id='word_1_287' title='bbox 935 1975 988 1994; x_wconf 90' lang='lat' dir='ltr'><strong>non</strong></span> 
     </span>
    </p>
   </div>
   <div class='ocr_carea' id='block_1_44' title="bbox 199 2015 991 2049">
    <p class='ocr_par' dir='ltr' id='par_1_44' title="bbox 199 2015 991 2049">
     <span class='ocr_line' id='line_1_44' title="bbox 199 2015 991 2049; baseline -0.004 -6"><span class='ocrx_word' id='word_1_288' title='bbox 199 2015 389 2046; x_wconf 79' lang='lat' dir='ltr'><strong>infirmiorem,</strong></span> <span class='ocrx_word' id='word_1_289' title='bbox 406 2021 439 2042; x_wconf 91' lang='lat' dir='ltr'><strong>eo</strong></span> <span class='ocrx_word' id='word_1_290' title='bbox 453 2015 500 2049; x_wconf 90' lang='lat' dir='ltr'><strong>qui</strong></span> <span class='ocrx_word' id='word_1_291' title='bbox 516 2022 598 2049; x_wconf 86' lang='lat' dir='ltr'><strong>supra</strong></span> <span class='ocrx_word' id='word_1_292' title='bbox 615 2019 784 2042; x_wconf 87' lang='lat' dir='ltr'><strong>memoratus</strong></span> <span class='ocrx_word' id='word_1_293' title='bbox 799 2019 850 2044; x_wconf 87' lang='lat' dir='ltr'><strong>est.</strong></span> <span class='ocrx_word' id='word_1_294' title='bbox 874 2015 906 2041; x_wconf 84' lang='lat' dir='ltr'><strong>ad</strong></span> <span class='ocrx_word' id='word_1_295' title='bbox 923 2022 991 2041; x_wconf 92' lang='lat' dir='ltr'><strong>con-</strong></span> 
     </span>
    </p>
   </div>
   <div class='ocr_carea' id='block_1_45' title="bbox 202 2057 991 2095">
    <p class='ocr_par' dir='ltr' id='par_1_45' title="bbox 202 2057 991 2095">
     <span class='ocr_line' id='line_1_45' title="bbox 202 2057 991 2095; baseline -0.004 -8"><span class='ocrx_word' id='word_1_296' title='bbox 202 2060 387 2095; x_wconf 79' lang='lat' dir='ltr'><strong>stringendam</strong></span> <span class='ocrx_word' id='word_1_297' title='bbox 404 2059 599 2086; x_wconf 69' lang='lat' dir='ltr'><strong>controversia:</strong></span> <span class='ocrx_word' id='word_1_298' title='bbox 620 2057 819 2085; x_wconf 75' lang='lat' dir='ltr'><strong>diiiicnltatem.</strong></span> <span class='ocrx_word' id='word_1_299' title='bbox 844 2058 902 2085; x_wconf 86' lang='lat' dir='ltr'><strong>lmo</strong></span> <span class='ocrx_word' id='word_1_300' title='bbox 927 2065 991 2085; x_wconf 85' lang='lat' dir='ltr'><strong>vero</strong></span> 
     </span>
    </p>
   </div>
   <div class='ocr_carea' id='block_1_46' title="bbox 201 2104 990 2139">
    <p class='ocr_par' dir='ltr' id='par_1_46' title="bbox 201 2104 990 2139">
     <span class='ocr_line' id='line_1_46' title="bbox 201 2104 990 2139; baseline -0.004 -6"><span class='ocrx_word' id='word_1_301' title='bbox 201 2105 400 2133; x_wconf 78' lang='lat' dir='ltr'><strong>demonstratio</strong></span> <span class='ocrx_word' id='word_1_302' title='bbox 417 2105 475 2132; x_wconf 66' lang='lat' dir='ltr'><strong>haec</strong></span> <span class='ocrx_word' id='word_1_303' title='bbox 490 2105 541 2132; x_wconf 85' lang='lat' dir='ltr'><strong>erit</strong></span> <span class='ocrx_word' id='word_1_304' title='bbox 551 2109 633 2139; x_wconf 86' lang='lat' dir='ltr'><strong>atque</strong></span> <span class='ocrx_word' id='word_1_305' title='bbox 646 2104 784 2131; x_wconf 84' lang='lat' dir='ltr'><strong>accusatio</strong></span> <span class='ocrx_word' id='word_1_306' title='bbox 799 2104 990 2131; x_wconf 66' lang='lat' dir='ltr'><strong>dissidentium</strong></span> 
     </span>
    </p>
   </div>
   <div class='ocr_carea' id='block_1_47' title="bbox 201 2149 991 2186">
    <p class='ocr_par' dir='ltr' id='par_1_47' title="bbox 201 2149 991 2186">
     <span class='ocr_line' id='line_1_47' title="bbox 201 2149 991 2186; baseline -0.001 -8"><span class='ocrx_word' id='word_1_307' title='bbox 201 2159 233 2179; x_wconf 90' lang='lat' dir='ltr'><strong>ac</strong></span> <span class='ocrx_word' id='word_1_308' title='bbox 247 2151 385 2186; x_wconf 53' lang='lat' dir='ltr'><strong>,tnagistro</strong></span> <span class='ocrx_word' id='word_1_309' title='bbox 404 2150 612 2185; x_wconf 85' lang='lat' dir='ltr'><strong>discipulorum.</strong></span> <span class='ocrx_word' id='word_1_310' title='bbox 634 2149 702 2176; x_wconf 76' lang='lat' dir='ltr'><strong>Nam</strong></span> <span class='ocrx_word' id='word_1_311' title='bbox 728 2158 812 2177; x_wconf 80' lang='lat' dir='ltr'><strong>causa</strong></span> <span class='ocrx_word' id='word_1_312' title='bbox 837 2150 991 2177; x_wconf 86' lang='lat' dir='ltr'><strong>dissidendi</strong></span> 
     </span>
    </p>
   </div>
   <div class='ocr_carea' id='block_1_48' title="bbox 203 2195 993 2231">
    <p class='ocr_par' dir='ltr' id='par_1_48' title="bbox 203 2195 993 2231">
     <span class='ocr_line' id='line_1_48' title="bbox 203 2195 993 2231; baseline -0.003 -7"><span class='ocrx_word' id='word_1_313' title='bbox 203 2197 276 2224; x_wconf 88' lang='lat' dir='ltr'><strong>haud</strong></span> <span class='ocrx_word' id='word_1_314' title='bbox 293 2201 335 2224; x_wconf 88' lang='lat' dir='ltr'><strong>est</strong></span> <span class='ocrx_word' id='word_1_315' title='bbox 349 2196 476 2231; x_wconf 85' lang='lat' dir='ltr'><strong>equidem</strong></span> <span class='ocrx_word' id='word_1_316' title='bbox 489 2195 669 2223; x_wconf 62' lang='lat' dir='ltr'><strong>dissonantia:</strong></span> <span class='ocrx_word' id='word_1_317' title='bbox 684 2195 837 2230; x_wconf 87' lang='lat' dir='ltr'><strong>abrogatio,</strong></span> <span class='ocrx_word' id='word_1_318' title='bbox 858 2195 904 2222; x_wconf 88' lang='lat' dir='ltr'><strong>sed</strong></span> <span class='ocrx_word' id='word_1_319' title='bbox 919 2195 993 2230; x_wconf 91' lang='lat' dir='ltr'><strong>judi-</strong></span> 
     </span>
    </p>
   </div>
   <div class='ocr_carea' id='block_1_49' title="bbox 1024 269 1816 307">
    <p class='ocr_par' dir='ltr' id='par_1_49' title="bbox 1024 269 1816 307">
     <span class='ocr_line' id='line_1_49' title="bbox 1024 269 1816 307; baseline -0.003 -9"><span class='ocrx_word' id='word_1_320' title='bbox 1024 271 1069 305; x_wconf 75' lang='grc' dir='ltr'>ξαι</span> <span class='ocrx_word' id='word_1_321' title='bbox 1081 272 1114 298; x_wconf 79' lang='grc' dir='ltr'>τὰ</span> <span class='ocrx_word' id='word_1_322' title='bbox 1127 272 1355 307; x_wconf 75' lang='grc' dir='ltr'><strong>προστεταγμένα</strong></span> <span class='ocrx_word' id='word_1_323' title='bbox 1367 271 1424 298; x_wconf 83' lang='grc' dir='ltr'>λύει</span> <span class='ocrx_word' id='word_1_324' title='bbox 1443 271 1473 299; x_wconf 69' lang='grc' dir='ltr'><strong>τὸ</strong></span> <span class='ocrx_word' id='word_1_325' title='bbox 1489 270 1616 304; x_wconf 78' lang='grc' dir='ltr'>ἔγκλημα</span> <span class='ocrx_word' id='word_1_326' title='bbox 1631 279 1637 285; x_wconf 91' lang='grc'><strong>·</strong></span> <span class='ocrx_word' id='word_1_327' title='bbox 1655 269 1816 304; x_wconf 72' lang='grc' dir='ltr'><strong>ὁμολογοῦσι</strong></span> 
     </span>
    </p>
   </div>
   <div class='ocr_carea' id='block_1_50' title="bbox 1027 315 1818 354">
    <p class='ocr_par' dir='ltr' id='par_1_50' title="bbox 1027 315 1818 354">
     <span class='ocr_line' id='line_1_50' title="bbox 1027 315 1818 354; baseline -0.003 -10"><span class='ocrx_word' id='word_1_328' title='bbox 1027 318 1076 354; x_wconf 79' lang='grc' dir='ltr'>μὲν</span> <span class='ocrx_word' id='word_1_329' title='bbox 1087 317 1142 353; x_wconf 78' lang='grc' dir='ltr'><strong>γὰρ</strong></span> <span class='ocrx_word' id='word_1_330' title='bbox 1156 319 1219 349; x_wconf 74' lang='grc' dir='ltr'>τοὺς</span> <span class='ocrx_word' id='word_1_331' title='bbox 1237 317 1371 353; x_wconf 74' lang='grc' dir='ltr'>μαθητὰς,</span> <span class='ocrx_word' id='word_1_332' title='bbox 1389 317 1427 352; x_wconf 86' lang='grc' dir='ltr'>μὴ</span> <span class='ocrx_word' id='word_1_333' title='bbox 1442 316 1503 343; x_wconf 81' lang='grc' dir='ltr'>καθ’</span> <span class='ocrx_word' id='word_1_334' title='bbox 1519 316 1548 343; x_wconf 80' lang='grc' dir='ltr'>ὃν</span> <span class='ocrx_word' id='word_1_335' title='bbox 1560 315 1742 351; x_wconf 74' lang='grc' dir='ltr'><strong>ἐδιδάχθησαν</strong></span> <span class='ocrx_word' id='word_1_336' title='bbox 1761 317 1818 352; x_wconf 71' lang='grc' dir='ltr'>τρό-</span> 
     </span>
    </p>
   </div>
   <div class='ocr_carea' id='block_1_51' title="bbox 1024 363 1817 400">
    <p class='ocr_par' dir='ltr' id='par_1_51' title="bbox 1024 363 1817 400">
     <span class='ocr_line' id='line_1_51' title="bbox 1024 363 1817 400; baseline -0.005 -7"><span class='ocrx_word' id='word_1_337' title='bbox 1024 374 1076 393; x_wconf 89' lang='grc' dir='ltr'>πον</span> <span class='ocrx_word' id='word_1_338' title='bbox 1086 365 1237 400; x_wconf 82' lang='grc' dir='ltr'>βαπτίζειν·</span> <span class='ocrx_word' id='word_1_339' title='bbox 1250 365 1391 399; x_wconf 79' lang='grc' dir='ltr'><strong>βαπτίζειν</strong></span> <span class='ocrx_word' id='word_1_340' title='bbox 1401 363 1430 391; x_wconf 79' lang='grc' dir='ltr'>δὲ</span> <span class='ocrx_word' id='word_1_341' title='bbox 1446 365 1474 390; x_wconf 88' lang='grc' dir='ltr'>ὲν</span> <span class='ocrx_word' id='word_1_342' title='bbox 1482 363 1522 399; x_wconf 86' lang='grc' dir='ltr'>τῷ</span> <span class='ocrx_word' id='word_1_343' title='bbox 1531 363 1643 398; x_wconf 77' lang='grc' dir='ltr'>ὀνόματι</span> <span class='ocrx_word' id='word_1_344' title='bbox 1657 363 1704 389; x_wconf 83' lang='grc' dir='ltr'>τοῦ</span> <span class='ocrx_word' id='word_1_345' title='bbox 1717 363 1817 398; x_wconf 77' lang='grc' dir='ltr'>Κυρίου</span> 
     </span>
    </p>
   </div>
   <div class='ocr_carea' id='block_1_52' title="bbox 1026 409 1819 447">
    <p class='ocr_par' dir='ltr' id='par_1_52' title="bbox 1026 409 1819 447">
     <span class='ocr_line' id='line_1_52' title="bbox 1026 409 1819 447; baseline -0.004 -9"><span class='ocrx_word' id='word_1_346' title='bbox 1026 411 1105 447; x_wconf 80' lang='grc' dir='ltr'>ἡμῶν</span> <span class='ocrx_word' id='word_1_347' title='bbox 1126 410 1213 445; x_wconf 85' lang='grc' dir='ltr'><strong>Ἰησοῦ</strong></span> <span class='ocrx_word' id='word_1_348' title='bbox 1223 410 1353 446; x_wconf 78' lang='grc' dir='ltr'><strong>Χριστοῦ,</strong></span> <span class='ocrx_word' id='word_1_349' title='bbox 1369 409 1528 445; x_wconf 72' lang='grc' dir='ltr'>οἰκονομίας</span> <span class='ocrx_word' id='word_1_350' title='bbox 1543 409 1615 441; x_wconf 77' lang='grc' dir='ltr'>τινὸς</span> <span class='ocrx_word' id='word_1_351' title='bbox 1632 410 1681 436; x_wconf 83' lang='grc' dir='ltr'>καὶ</span> <span class='ocrx_word' id='word_1_352' title='bbox 1692 409 1819 444; x_wconf 74' lang='grc' dir='ltr'>προνοίας</span> 
     </span>
    </p>
   </div>
   <div class='ocr_carea' id='block_1_53' title="bbox 1026 455 1819 494">
    <p class='ocr_par' dir='ltr' id='par_1_53' title="bbox 1026 455 1819 494">
     <span class='ocr_line' id='line_1_53' title="bbox 1026 455 1819 494; baseline -0.003 -10"><span class='ocrx_word' id='word_1_353' title='bbox 1026 458 1098 494; x_wconf 88' lang='grc' dir='ltr'>λόγῳ</span> <span class='ocrx_word' id='word_1_354' title='bbox 1113 458 1272 493; x_wconf 81' lang='grc' dir='ltr'><strong>χρωμένους</strong></span> <span class='ocrx_word' id='word_1_355' title='bbox 1284 466 1290 472; x_wconf 93' lang='grc'><strong>·</strong></span> <span class='ocrx_word' id='word_1_356' title='bbox 1309 458 1355 483; x_wconf 77' lang='grc' dir='ltr'>καὶ</span> <span class='ocrx_word' id='word_1_357' title='bbox 1368 456 1407 492; x_wconf 86' lang='grc' dir='ltr'><strong>τῷ</strong></span> <span class='ocrx_word' id='word_1_358' title='bbox 1417 455 1508 492; x_wconf 88' lang='grc' dir='ltr'>καιρῷ</span> <span class='ocrx_word' id='word_1_359' title='bbox 1516 456 1564 483; x_wconf 72' lang='grc' dir='ltr'>καὶ</span> <span class='ocrx_word' id='word_1_360' title='bbox 1576 455 1615 491; x_wconf 89' lang='grc' dir='ltr'>τῷ</span> <span class='ocrx_word' id='word_1_361' title='bbox 1628 456 1819 489; x_wconf 76' lang='grc' dir='ltr'>κατεπείγοντι</span> 
     </span>
    </p>
   </div>
   <div class='ocr_carea' id='block_1_54' title="bbox 1027 501 1819 539">
    <p class='ocr_par' dir='ltr' id='par_1_54' title="bbox 1027 501 1819 539">
     <span class='ocr_line' id='line_1_54' title="bbox 1027 501 1819 539; baseline -0.005 -9"><span class='ocrx_word' id='word_1_362' title='bbox 1027 504 1067 531; x_wconf 75' lang='grc' dir='ltr'><strong>ἔτι</strong></span> <span class='ocrx_word' id='word_1_363' title='bbox 1083 504 1182 539; x_wconf 79' lang='grc' dir='ltr'>μᾶλλον</span> <span class='ocrx_word' id='word_1_364' title='bbox 1194 503 1242 538; x_wconf 81' lang='grc' dir='ltr'>τὴν</span> <span class='ocrx_word' id='word_1_365' title='bbox 1258 503 1371 538; x_wconf 86' lang='grc' dir='ltr'><strong>γνώμην</strong></span> <span class='ocrx_word' id='word_1_366' title='bbox 1385 502 1528 538; x_wconf 79' lang='grc' dir='ltr'><strong>ἁρμόζειν,</strong></span> <span class='ocrx_word' id='word_1_367' title='bbox 1545 501 1615 536; x_wconf 76' lang='grc' dir='ltr'>πρὸς</span> <span class='ocrx_word' id='word_1_368' title='bbox 1627 501 1659 527; x_wconf 60' lang='lat' dir='ltr'><strong>to</strong></span> <span class='ocrx_word' id='word_1_369' title='bbox 1681 501 1819 536; x_wconf 66' lang='grc' dir='ltr'>συμφέρον</span> 
     </span>
    </p>
   </div>
   <div class='ocr_carea' id='block_1_55' title="bbox 1026 546 1820 585">
    <p class='ocr_par' dir='ltr' id='par_1_55' title="bbox 1026 546 1820 585">
     <span class='ocr_line' id='line_1_55' title="bbox 1026 546 1820 585; baseline -0.006 -8"><span class='ocrx_word' id='word_1_370' title='bbox 1026 551 1073 577; x_wconf 76' lang='grc' dir='ltr'>καὶ</span> <span class='ocrx_word' id='word_1_371' title='bbox 1089 549 1293 585; x_wconf 72' lang='grc' dir='ltr'>εὖπαράδεκτον</span> <span class='ocrx_word' id='word_1_372' title='bbox 1307 550 1365 581; x_wconf 82' lang='grc' dir='ltr'>τοῖς</span> <span class='ocrx_word' id='word_1_373' title='bbox 1385 549 1424 584; x_wconf 84' lang='grc' dir='ltr'>τῷ</span> <span class='ocrx_word' id='word_1_374' title='bbox 1439 548 1599 583; x_wconf 79' lang='grc' dir='ltr'><strong>κηρύγματι</strong></span> <span class='ocrx_word' id='word_1_375' title='bbox 1613 546 1759 582; x_wconf 74' lang='grc' dir='ltr'>προσιοῦσι</span> <span class='ocrx_word' id='word_1_376' title='bbox 1774 546 1820 581; x_wconf 78' lang='grc' dir='ltr'>τὴν</span> 
     </span>
    </p>
   </div>
   <div class='ocr_carea' id='block_1_56' title="bbox 1028 593 1820 633">
    <p class='ocr_par' dir='ltr' id='par_1_56' title="bbox 1028 593 1820 633">
     <span class='ocr_line' id='line_1_56' title="bbox 1028 593 1820 633; baseline -0.006 -10"><span class='ocrx_word' id='word_1_377' title='bbox 1028 596 1163 633; x_wconf 85' lang='grc' dir='ltr'>μυστικὴν</span> <span class='ocrx_word' id='word_1_378' title='bbox 1176 595 1279 630; x_wconf 84' lang='grc' dir='ltr'>ταύτην</span> <span class='ocrx_word' id='word_1_379' title='bbox 1301 596 1348 622; x_wconf 75' lang='grc' dir='ltr'>καὶ</span> <span class='ocrx_word' id='word_1_380' title='bbox 1372 595 1448 631; x_wconf 74' lang='grc' dir='ltr'>ἱερὰν</span> <span class='ocrx_word' id='word_1_381' title='bbox 1466 594 1566 629; x_wconf 78' lang='grc' dir='ltr'>πρᾶξιν</span> <span class='ocrx_word' id='word_1_382' title='bbox 1581 593 1778 628; x_wconf 86' lang='grc' dir='ltr'>μεθοδεύοντας</span> <span class='ocrx_word' id='word_1_383' title='bbox 1790 593 1820 618; x_wconf 77' lang='grc' dir='ltr'><strong>’ὃ</strong></span> 
     </span>
    </p>
   </div>
   <div class='ocr_carea' id='block_1_57' title="bbox 1026 639 1822 678">
    <p class='ocr_par' dir='ltr' id='par_1_57' title="bbox 1026 639 1822 678">
     <span class='ocr_line' id='line_1_57' title="bbox 1026 639 1822 678; baseline -0.005 -9"><span class='ocrx_word' id='word_1_384' title='bbox 1026 644 1080 678; x_wconf 83' lang='grc' dir='ltr'><strong>γὰρ</strong></span> <span class='ocrx_word' id='word_1_385' title='bbox 1095 642 1150 669; x_wconf 86' lang='grc' dir='ltr'>τῶν</span> <span class='ocrx_word' id='word_1_386' title='bbox 1164 642 1252 670; x_wconf 81' lang='grc' dir='ltr'>ἄλλων</span> <span class='ocrx_word' id='word_1_387' title='bbox 1265 641 1366 677; x_wconf 83' lang='grc' dir='ltr'>μᾶλλον</span> <span class='ocrx_word' id='word_1_388' title='bbox 1381 640 1474 677; x_wconf 77' lang='grc' dir='ltr'>ἑώρων</span> <span class='ocrx_word' id='word_1_389' title='bbox 1490 642 1547 672; x_wconf 84' lang='grc' dir='ltr'>τοῖς</span> <span class='ocrx_word' id='word_1_390' title='bbox 1564 639 1681 675; x_wconf 82' lang='grc' dir='ltr'><strong>πλήθεσι</strong></span> <span class='ocrx_word' id='word_1_391' title='bbox 1694 640 1822 672; x_wconf 76' lang='grc' dir='ltr'>προϊστά-</span> 
     </span>
    </p>
   </div>
   <div class='ocr_carea' id='block_1_58' title="bbox 1029 682 1821 723">
    <p class='ocr_par' dir='ltr' id='par_1_58' title="bbox 1029 682 1821 723">
     <span class='ocr_line' id='line_1_58' title="bbox 1029 682 1821 723; baseline -0.009 -9"><span class='ocrx_word' id='word_1_392' title='bbox 1029 695 1109 723; x_wconf 85' lang='grc' dir='ltr'>μενον</span> <span class='ocrx_word' id='word_1_393' title='bbox 1125 687 1173 714; x_wconf 75' lang='grc' dir='ltr'>καὶ</span> <span class='ocrx_word' id='word_1_394' title='bbox 1186 685 1298 721; x_wconf 75' lang='grc' dir='ltr'>θόρυϐον</span> <span class='ocrx_word' id='word_1_395' title='bbox 1315 686 1371 717; x_wconf 81' lang='grc' dir='ltr'>τοῖς</span> <span class='ocrx_word' id='word_1_396' title='bbox 1394 685 1536 719; x_wconf 81' lang='grc' dir='ltr'><strong>λογισμοῖς</strong></span> <span class='ocrx_word' id='word_1_397' title='bbox 1552 683 1642 711; x_wconf 71' lang='grc' dir='ltr'>αὐτῶν</span> <span class='ocrx_word' id='word_1_398' title='bbox 1662 682 1821 718; x_wconf 79' lang='grc' dir='ltr'>παρεχόμε-</span> 
     </span>
    </p>
   </div>
   <div class='ocr_carea' id='block_1_59' title="bbox 1027 730 1823 767">
    <p class='ocr_par' dir='ltr' id='par_1_59' title="bbox 1027 730 1823 767">
     <span class='ocr_line' id='line_1_59' title="bbox 1027 730 1823 767; baseline -0.008 -7"><span class='ocrx_word' id='word_1_399' title='bbox 1027 741 1083 765; x_wconf 90' lang='grc' dir='ltr'>νον,</span> <span class='ocrx_word' id='word_1_400' title='bbox 1097 733 1176 759; x_wconf 85' lang='grc' dir='ltr'>τοῦτο</span> <span class='ocrx_word' id='word_1_401' title='bbox 1190 733 1233 767; x_wconf 81' lang='grc' dir='ltr'><strong>δὴ,</strong></span> <span class='ocrx_word' id='word_1_402' title='bbox 1244 731 1325 759; x_wconf 78' lang='grc' dir='ltr'>τοῦτο</span> <span class='ocrx_word' id='word_1_403' title='bbox 1332 730 1552 767; x_wconf 71' lang='grc' dir='ltr'>προθεραπεύειν</span> <span class='ocrx_word' id='word_1_404' title='bbox 1564 738 1595 756; x_wconf 89' lang='grc' dir='ltr'><strong>τε</strong></span> <span class='ocrx_word' id='word_1_405' title='bbox 1610 730 1657 756; x_wconf 79' lang='grc' dir='ltr'>καὶ</span> <span class='ocrx_word' id='word_1_406' title='bbox 1667 731 1823 765; x_wconf 76' lang='grc' dir='ltr'>προκαταρ-</span> 
     </span>
    </p>
   </div>
   <div class='ocr_carea' id='block_1_60' title="bbox 1027 775 1820 813">
    <p class='ocr_par' dir='ltr' id='par_1_60' title="bbox 1027 775 1820 813">
     <span class='ocr_line' id='line_1_60' title="bbox 1027 775 1820 813; baseline -0.008 -7"><span class='ocrx_word' id='word_1_407' title='bbox 1027 779 1114 812; x_wconf 81' lang='grc' dir='ltr'>τίζειν</span> <span class='ocrx_word' id='word_1_408' title='bbox 1129 778 1266 806; x_wconf 82' lang='grc' dir='ltr'>ποιεῖσθαι</span> <span class='ocrx_word' id='word_1_409' title='bbox 1290 778 1451 813; x_wconf 80' lang='grc' dir='ltr'>σπούδασμα</span> <span class='ocrx_word' id='word_1_410' title='bbox 1463 785 1469 792; x_wconf 94' lang='grc'><strong>·</strong></span> <span class='ocrx_word' id='word_1_411' title='bbox 1482 777 1633 812; x_wconf 81' lang='grc' dir='ltr'>προΐστατο</span> <span class='ocrx_word' id='word_1_412' title='bbox 1647 775 1676 802; x_wconf 79' lang='grc' dir='ltr'>δὲ</span> <span class='ocrx_word' id='word_1_413' title='bbox 1700 775 1748 802; x_wconf 76' lang='grc' dir='ltr'>καὶ</span> <span class='ocrx_word' id='word_1_414' title='bbox 1762 775 1820 801; x_wconf 84' lang='grc' dir='ltr'>δυσ-</span> 
     </span>
    </p>
   </div>
   <div class='ocr_carea' id='block_1_61' title="bbox 1028 821 1823 862">
    <p class='ocr_par' dir='ltr' id='par_1_61' title="bbox 1028 821 1823 862">
     <span class='ocr_line' id='line_1_61' title="bbox 1028 821 1823 862; baseline -0.009 -9"><span class='ocrx_word' id='word_1_415' title='bbox 1028 826 1199 862; x_wconf 81' lang='grc' dir='ltr'>παράδεκτον</span> <span class='ocrx_word' id='word_1_416' title='bbox 1211 825 1352 860; x_wconf 73' lang='grc' dir='ltr'>ἑνομιζετο</span> <span class='ocrx_word' id='word_1_417' title='bbox 1362 824 1503 859; x_wconf 82' lang='grc' dir='ltr'>ὁμολογεῖν</span> <span class='ocrx_word' id='word_1_418' title='bbox 1517 831 1546 849; x_wconf 83' lang='grc' dir='ltr'><strong>τε</strong></span> <span class='ocrx_word' id='word_1_419' title='bbox 1558 823 1673 858; x_wconf 82' lang='grc' dir='ltr'>Σωτῆρα</span> <span class='ocrx_word' id='word_1_420' title='bbox 1689 821 1737 848; x_wconf 80' lang='grc' dir='ltr'>τὸν</span> <span class='ocrx_word' id='word_1_421' title='bbox 1759 821 1823 854; x_wconf 77' lang='grc' dir='ltr'>Χρι-</span> 
     </span>
    </p>
   </div>
   <div class='ocr_carea' id='block_1_62' title="bbox 1030 867 1823 907">
    <p class='ocr_par' dir='ltr' id='par_1_62' title="bbox 1030 867 1823 907">
     <span class='ocr_line' id='line_1_62' title="bbox 1030 867 1823 907; baseline -0.009 -7"><span class='ocrx_word' id='word_1_422' title='bbox 1030 873 1091 900; x_wconf 73' lang='grc' dir='ltr'>στὸν</span> <span class='ocrx_word' id='word_1_423' title='bbox 1105 873 1151 900; x_wconf 78' lang='grc' dir='ltr'>καὶ</span> <span class='ocrx_word' id='word_1_424' title='bbox 1169 872 1286 907; x_wconf 75' lang='grc' dir='ltr'>μάλιστα</span> <span class='ocrx_word' id='word_1_425' title='bbox 1301 871 1364 897; x_wconf 77' lang='grc' dir='ltr'>Υίὸν</span> <span class='ocrx_word' id='word_1_426' title='bbox 1381 869 1449 897; x_wconf 86' lang='grc' dir='ltr'><strong>Θεοῦ</strong></span> <span class='ocrx_word' id='word_1_427' title='bbox 1463 870 1510 896; x_wconf 85' lang='grc' dir='ltr'>καὶ</span> <span class='ocrx_word' id='word_1_428' title='bbox 1521 869 1599 899; x_wconf 74' lang='grc' dir='ltr'>Θεὸν.</span> <span class='ocrx_word' id='word_1_429' title='bbox 1617 868 1664 895; x_wconf 75' lang='grc' dir='ltr'>καὶ</span> <span class='ocrx_word' id='word_1_430' title='bbox 1677 869 1736 899; x_wconf 87' lang='grc' dir='ltr'>τοῖς</span> <span class='ocrx_word' id='word_1_431' title='bbox 1753 867 1823 893; x_wconf 81' lang='grc' dir='ltr'>ὲκεί-</span> 
     </span>
    </p>
   </div>
   <div class='ocr_carea' id='block_1_63' title="bbox 1028 913 1823 953">
    <p class='ocr_par' dir='ltr' id='par_1_63' title="bbox 1028 913 1823 953">
     <span class='ocr_line' id='line_1_63' title="bbox 1028 913 1823 953; baseline -0.009 -8"><span class='ocrx_word' id='word_1_432' title='bbox 1028 927 1074 946; x_wconf 91' lang='grc' dir='ltr'><strong>νου</strong></span> <span class='ocrx_word' id='word_1_433' title='bbox 1088 917 1246 953; x_wconf 73' lang='grc' dir='ltr'><strong>πειθαρχεῖν</strong></span> <span class='ocrx_word' id='word_1_434' title='bbox 1264 916 1493 951; x_wconf 83' lang='grc' dir='ltr'>παραγγέλμασιν</span> <span class='ocrx_word' id='word_1_435' title='bbox 1506 922 1513 930; x_wconf 81' lang='lat'><strong><em>°</em></strong></span> <span class='ocrx_word' id='word_1_436' title='bbox 1528 915 1542 941; x_wconf 82' lang='grc' dir='ltr'><strong>ὃ</strong></span> <span class='ocrx_word' id='word_1_437' title='bbox 1560 913 1651 941; x_wconf 85' lang='grc' dir='ltr'>τοίνυν</span> <span class='ocrx_word' id='word_1_438' title='bbox 1663 914 1759 948; x_wconf 80' lang='grc' dir='ltr'>ἐώρων</span> <span class='ocrx_word' id='word_1_439' title='bbox 1775 914 1823 947; x_wconf 81' lang='grc' dir='ltr'><strong>μά-</strong></span> 
     </span>
    </p>
   </div>
   <div class='ocr_carea' id='block_1_64' title="bbox 1029 958 1823 995">
    <p class='ocr_par' dir='ltr' id='par_1_64' title="bbox 1029 958 1823 995">
     <span class='ocr_line' id='line_1_64' title="bbox 1029 958 1823 995; baseline -0.01 -4"><span class='ocrx_word' id='word_1_440' title='bbox 1029 964 1107 990; x_wconf 69' lang='grc' dir='ltr'>λιστα</span> <span class='ocrx_word' id='word_1_441' title='bbox 1121 962 1294 993; x_wconf 71' lang='grc' dir='ltr'><strong>διδασκαλίας</strong></span> <span class='ocrx_word' id='word_1_442' title='bbox 1309 961 1447 995; x_wconf 80' lang='grc' dir='ltr'>δεόμενον,</span> <span class='ocrx_word' id='word_1_443' title='bbox 1461 960 1550 986; x_wconf 79' lang='grc' dir='ltr'>ἐκεῖνο</span> <span class='ocrx_word' id='word_1_444' title='bbox 1562 959 1623 985; x_wconf 71' lang='grc' dir='ltr'>τῶν</span> <span class='ocrx_word' id='word_1_445' title='bbox 1634 958 1723 985; x_wconf 76' lang='grc' dir='ltr'>ἄλλων</span> <span class='ocrx_word' id='word_1_446' title='bbox 1739 958 1823 991; x_wconf 69' lang='grc' dir='ltr'>προθ-</span> 
     </span>
    </p>
   </div>
   <div class='ocr_carea' id='block_1_65' title="bbox 1028 1002 1823 1044">
    <p class='ocr_par' dir='ltr' id='par_1_65' title="bbox 1028 1002 1823 1044">
     <span class='ocr_line' id='line_1_65' title="bbox 1028 1002 1823 1044; baseline -0.011 -7"><span class='ocrx_word' id='word_1_447' title='bbox 1028 1010 1144 1041; x_wconf 79' lang='grc' dir='ltr'><strong>τίθεντο,</strong></span> <span class='ocrx_word' id='word_1_448' title='bbox 1162 1009 1210 1035; x_wconf 68' lang='grc' dir='ltr'>καὶ</span> <span class='ocrx_word' id='word_1_449' title='bbox 1231 1008 1298 1034; x_wconf 82' lang='grc' dir='ltr'>κατ’</span> <span class='ocrx_word' id='word_1_450' title='bbox 1315 1007 1404 1033; x_wconf 77' lang='grc' dir='ltr'>ἐκεῖνο</span> <span class='ocrx_word' id='word_1_451' title='bbox 1419 1005 1612 1044; x_wconf 76' lang='grc' dir='ltr'>μυσταγωγεϊν</span> <span class='ocrx_word' id='word_1_452' title='bbox 1628 1004 1683 1030; x_wconf 83' lang='grc' dir='ltr'><strong>τῶν</strong></span> <span class='ocrx_word' id='word_1_453' title='bbox 1698 1002 1823 1038; x_wconf 81' lang='grc' dir='ltr'>προσιόν-</span> 
     </span>
    </p>
   </div>
   <div class='ocr_carea' id='block_1_66' title="bbox 1029 1048 1824 1090">
    <p class='ocr_par' dir='ltr' id='par_1_66' title="bbox 1029 1048 1824 1090">
     <span class='ocr_line' id='line_1_66' title="bbox 1029 1048 1824 1090; baseline -0.011 -8"><span class='ocrx_word' id='word_1_454' title='bbox 1029 1064 1084 1082; x_wconf 85' lang='grc' dir='ltr'><strong>των</strong></span> <span class='ocrx_word' id='word_1_455' title='bbox 1094 1055 1125 1081; x_wconf 82' lang='grc' dir='ltr'>τὸ</span> <span class='ocrx_word' id='word_1_456' title='bbox 1141 1054 1243 1090; x_wconf 82' lang='grc' dir='ltr'>πλῆθος</span> <span class='ocrx_word' id='word_1_457' title='bbox 1256 1051 1429 1086; x_wconf 80' lang='grc' dir='ltr'>ἐδοκίμαζον.</span> <span class='ocrx_word' id='word_1_458' title='bbox 1451 1051 1499 1077; x_wconf 84' lang='grc' dir='ltr'><strong>Διὸ</strong></span> <span class='ocrx_word' id='word_1_459' title='bbox 1514 1051 1562 1077; x_wconf 70' lang='grc' dir='ltr'>καὶ</span> <span class='ocrx_word' id='word_1_460' title='bbox 1581 1049 1762 1085; x_wconf 78' lang='grc' dir='ltr'><strong>βαπτίζοντες</strong></span> <span class='ocrx_word' id='word_1_461' title='bbox 1777 1048 1824 1074; x_wconf 67' lang='grc' dir='ltr'>οὐκ</span> 
     </span>
    </p>
   </div>
   <div class='ocr_carea' id='block_1_67' title="bbox 1030 1094 1824 1136">
    <p class='ocr_par' dir='ltr' id='par_1_67' title="bbox 1030 1094 1824 1136">
     <span class='ocr_line' id='line_1_67' title="bbox 1030 1094 1824 1136; baseline -0.011 -8"><span class='ocrx_word' id='word_1_462' title='bbox 1030 1102 1069 1131; x_wconf 78' lang='grc' dir='ltr'><strong>είς</strong></span> <span class='ocrx_word' id='word_1_463' title='bbox 1082 1101 1203 1136; x_wconf 86' lang='grc' dir='ltr'>Πατέρα,</span> <span class='ocrx_word' id='word_1_464' title='bbox 1222 1099 1270 1126; x_wconf 59' lang='grc' dir='ltr'><strong>καὶ⁸</strong></span> <span class='ocrx_word' id='word_1_465' title='bbox 1286 1099 1360 1129; x_wconf 72' lang='grc' dir='ltr'>Υῖὸν,</span> <span class='ocrx_word' id='word_1_466' title='bbox 1376 1097 1425 1125; x_wconf 72' lang='grc' dir='ltr'>καὶ</span> <span class='ocrx_word' id='word_1_467' title='bbox 1441 1097 1556 1131; x_wconf 80' lang='grc' dir='ltr'>Πνεῦμα</span> <span class='ocrx_word' id='word_1_468' title='bbox 1571 1097 1652 1130; x_wconf 75' lang='grc' dir='ltr'>ἅγιον</span> <span class='ocrx_word' id='word_1_469' title='bbox 1667 1094 1824 1126; x_wconf 71' lang='grc' dir='ltr'>ὲδάπτιζον,</span> 
     </span>
    </p>
   </div>
   <div class='ocr_carea' id='block_1_68' title="bbox 1029 1139 1825 1181">
    <p class='ocr_par' dir='ltr' id='par_1_68' title="bbox 1029 1139 1825 1181">
     <span class='ocr_line' id='line_1_68' title="bbox 1029 1139 1825 1181; baseline -0.011 -7"><span class='ocrx_word' id='word_1_470' title='bbox 1029 1148 1098 1175; x_wconf 74' lang='grc' dir='ltr'>ἀλλὰ</span> <span class='ocrx_word' id='word_1_471' title='bbox 1110 1147 1156 1173; x_wconf 76' lang='grc' dir='ltr'>τὸν</span> <span class='ocrx_word' id='word_1_472' title='bbox 1168 1145 1271 1181; x_wconf 78' lang='grc' dir='ltr'>Κύριον</span> <span class='ocrx_word' id='word_1_473' title='bbox 1291 1145 1394 1179; x_wconf 73' lang='grc' dir='ltr'>Ἰησοῦν</span> <span class='ocrx_word' id='word_1_474' title='bbox 1414 1142 1639 1178; x_wconf 70' lang='grc' dir='ltr'>ἐπικαλούμενοι,</span> <span class='ocrx_word' id='word_1_475' title='bbox 1655 1141 1694 1176; x_wconf 80' lang='grc' dir='ltr'>τῷ</span> <span class='ocrx_word' id='word_1_476' title='bbox 1719 1139 1825 1175; x_wconf 82' lang='grc' dir='ltr'>λουτρῷ</span> 
     </span>
    </p>
   </div>
   <div class='ocr_carea' id='block_1_69' title="bbox 1030 1187 1826 1229">
    <p class='ocr_par' dir='ltr' id='par_1_69' title="bbox 1030 1187 1826 1229">
     <span class='ocr_line' id='line_1_69' title="bbox 1030 1187 1826 1229; baseline -0.011 -9"><span class='ocrx_word' id='word_1_477' title='bbox 1030 1193 1078 1229; x_wconf 84' lang='grc' dir='ltr'>τὴς</span> <span class='ocrx_word' id='word_1_478' title='bbox 1090 1191 1298 1226; x_wconf 76' lang='grc' dir='ltr'>παλιγγενεσίας</span> <span class='ocrx_word' id='word_1_479' title='bbox 1313 1190 1367 1216; x_wconf 82' lang='grc' dir='ltr'>τῶν</span> <span class='ocrx_word' id='word_1_480' title='bbox 1378 1189 1562 1224; x_wconf 77' lang='grc' dir='ltr'>μολυσμάτων</span> <span class='ocrx_word' id='word_1_481' title='bbox 1575 1188 1637 1219; x_wconf 77' lang='grc' dir='ltr'>τοὺς</span> <span class='ocrx_word' id='word_1_482' title='bbox 1648 1187 1826 1226; x_wconf 75' lang='grc' dir='ltr'>λελουμένους</span> 
     </span>
    </p>
   </div>
   <div class='ocr_carea' id='block_1_70' title="bbox 1030 1234 1826 1274">
    <p class='ocr_par' dir='ltr' id='par_1_70' title="bbox 1030 1234 1826 1274">
     <span class='ocr_line' id='line_1_70' title="bbox 1030 1234 1826 1274; baseline -0.009 -8"><span class='ocrx_word' id='word_1_483' title='bbox 1030 1240 1198 1274; x_wconf 78' lang='grc' dir='ltr'>ἐκάθαιρον·</span> <span class='ocrx_word' id='word_1_484' title='bbox 1223 1236 1431 1274; x_wconf 67' lang='grc' dir='ltr'>ἱερουργοῦντες</span> <span class='ocrx_word' id='word_1_485' title='bbox 1453 1236 1504 1271; x_wconf 75' lang='grc' dir='ltr'>μὲν</span> <span class='ocrx_word' id='word_1_486' title='bbox 1532 1237 1564 1271; x_wconf 81' lang='grc' dir='ltr'><strong>τῇ</strong></span> <span class='ocrx_word' id='word_1_487' title='bbox 1586 1235 1634 1261; x_wconf 77' lang='grc' dir='ltr'><strong>τοῦ</strong></span> <span class='ocrx_word' id='word_1_488' title='bbox 1659 1234 1826 1261; x_wconf 75' lang='grc' dir='ltr'>Διδασκάλου</span> 
     </span>
    </p>
   </div>
   <div class='ocr_carea' id='block_1_71' title="bbox 1031 1279 1827 1320">
    <p class='ocr_par' dir='ltr' id='par_1_71' title="bbox 1031 1279 1827 1320">
     <span class='ocr_line' id='line_1_71' title="bbox 1031 1279 1827 1320; baseline -0.009 -9"><span class='ocrx_word' id='word_1_489' title='bbox 1031 1284 1127 1320; x_wconf 82' lang='grc' dir='ltr'>κλήσει</span> <span class='ocrx_word' id='word_1_490' title='bbox 1149 1284 1195 1310; x_wconf 71' lang='grc' dir='ltr'>καὶ</span> <span class='ocrx_word' id='word_1_491' title='bbox 1206 1283 1341 1318; x_wconf 76' lang='grc' dir='ltr'>ὀνομασία</span> <span class='ocrx_word' id='word_1_492' title='bbox 1357 1282 1387 1308; x_wconf 85' lang='grc' dir='ltr'><strong>τὺ</strong></span> <span class='ocrx_word' id='word_1_493' title='bbox 1403 1281 1490 1318; x_wconf 84' lang='grc' dir='ltr'>δῶρον</span> <span class='ocrx_word' id='word_1_494' title='bbox 1503 1290 1509 1296; x_wconf 94' lang='grc'><strong>·</strong></span> <span class='ocrx_word' id='word_1_495' title='bbox 1523 1281 1557 1307; x_wconf 86' lang='grc' dir='ltr'>δι’</span> <span class='ocrx_word' id='word_1_496' title='bbox 1572 1281 1655 1308; x_wconf 79' lang='grc' dir='ltr'>αὑτοῦ</span> <span class='ocrx_word' id='word_1_497' title='bbox 1671 1279 1701 1306; x_wconf 77' lang='grc' dir='ltr'>δὲ</span> <span class='ocrx_word' id='word_1_498' title='bbox 1718 1279 1758 1310; x_wconf 79' lang='grc' dir='ltr'><strong>είς</strong></span> <span class='ocrx_word' id='word_1_499' title='bbox 1774 1280 1827 1304; x_wconf 79' lang='grc' dir='ltr'>υἱο-</span> 
     </span>
    </p>
   </div>
   <div class='ocr_carea' id='block_1_72' title="bbox 1031 1325 1828 1363">
    <p class='ocr_par' dir='ltr' id='par_1_72' title="bbox 1031 1325 1828 1363">
     <span class='ocr_line' id='line_1_72' title="bbox 1031 1325 1828 1363; baseline -0.009 -6"><span class='ocrx_word' id='word_1_500' title='bbox 1031 1330 1126 1358; x_wconf 84' lang='grc' dir='ltr'>θεσίαν</span> <span class='ocrx_word' id='word_1_501' title='bbox 1145 1330 1209 1361; x_wconf 79' lang='grc' dir='ltr'>τοὺς</span> <span class='ocrx_word' id='word_1_502' title='bbox 1232 1328 1410 1363; x_wconf 80' lang='grc' dir='ltr'>ἀξιουμένους</span> <span class='ocrx_word' id='word_1_503' title='bbox 1424 1328 1474 1362; x_wconf 78' lang='grc' dir='ltr'>τῆς</span> <span class='ocrx_word' id='word_1_504' title='bbox 1499 1327 1660 1361; x_wconf 79' lang='grc' dir='ltr'>καθάρσεως</span> <span class='ocrx_word' id='word_1_505' title='bbox 1685 1325 1828 1352; x_wconf 77' lang='grc' dir='ltr'>διδάσκον-</span> 
     </span>
    </p>
   </div>
   <div class='ocr_carea' id='block_1_73' title="bbox 1031 1372 1829 1409">
    <p class='ocr_par' dir='ltr' id='par_1_73' title="bbox 1031 1372 1829 1409">
     <span class='ocr_line' id='line_1_73' title="bbox 1031 1372 1829 1409; baseline -0.008 -6"><span class='ocrx_word' id='word_1_506' title='bbox 1031 1385 1077 1409; x_wconf 82' lang='grc' dir='ltr'><strong>τες</strong></span> <span class='ocrx_word' id='word_1_507' title='bbox 1093 1374 1310 1409; x_wconf 80' lang='grc' dir='ltr'>καταλέγεσθαι·</span> <span class='ocrx_word' id='word_1_508' title='bbox 1326 1374 1401 1406; x_wconf 81' lang='grc' dir='ltr'>υἱοὺς</span> <span class='ocrx_word' id='word_1_509' title='bbox 1414 1373 1442 1400; x_wconf 80' lang='grc' dir='ltr'>δὲ</span> <span class='ocrx_word' id='word_1_510' title='bbox 1453 1373 1521 1400; x_wconf 85' lang='grc' dir='ltr'><strong>Θεοῦ</strong></span> <span class='ocrx_word' id='word_1_511' title='bbox 1544 1372 1615 1400; x_wconf 77' lang='grc' dir='ltr'>κατὰ</span> <span class='ocrx_word' id='word_1_512' title='bbox 1626 1372 1707 1408; x_wconf 84' lang='grc' dir='ltr'>χάριν</span> <span class='ocrx_word' id='word_1_513' title='bbox 1723 1372 1829 1398; x_wconf 69' lang='grc' dir='ltr'>ἐκεῖνον</span> 
     </span>
    </p>
   </div>
   <div class='ocr_carea' id='block_1_74' title="bbox 1034 1416 1828 1458">
    <p class='ocr_par' dir='ltr' id='par_1_74' title="bbox 1034 1416 1828 1458">
     <span class='ocr_line' id='line_1_74' title="bbox 1034 1416 1828 1458; baseline -0.008 -9"><span class='ocrx_word' id='word_1_514' title='bbox 1034 1423 1114 1458; x_wconf 85' lang='grc' dir='ltr'>μόνον</span> <span class='ocrx_word' id='word_1_515' title='bbox 1130 1421 1261 1448; x_wconf 89' lang='grc' dir='ltr'>δύνασθαι</span> <span class='ocrx_word' id='word_1_516' title='bbox 1279 1421 1378 1453; x_wconf 79' lang='grc' dir='ltr'>ποιεῖν,</span> <span class='ocrx_word' id='word_1_517' title='bbox 1395 1416 1417 1454; x_wconf 78' lang='grc' dir='ltr'>ᾧ</span> <span class='ocrx_word' id='word_1_518' title='bbox 1434 1419 1505 1446; x_wconf 80' lang='grc' dir='ltr'>κατὰ</span> <span class='ocrx_word' id='word_1_519' title='bbox 1519 1419 1602 1453; x_wconf 73' lang='grc' dir='ltr'>φύσιν</span> <span class='ocrx_word' id='word_1_520' title='bbox 1628 1426 1658 1444; x_wconf 87' lang='grc' dir='ltr'><strong>τε</strong></span> <span class='ocrx_word' id='word_1_521' title='bbox 1676 1418 1725 1445; x_wconf 79' lang='grc' dir='ltr'><strong>καί</strong></span> <span class='ocrx_word' id='word_1_522' title='bbox 1740 1417 1769 1450; x_wconf 77' lang='grc' dir='ltr'><strong>ἐξ</strong></span> <span class='ocrx_word' id='word_1_523' title='bbox 1787 1418 1828 1443; x_wconf 75' lang='grc' dir='ltr'><strong>ἀί-</strong></span> 
     </span>
    </p>
   </div>
   <div class='ocr_carea' id='block_1_75' title="bbox 1032 1462 1830 1502">
    <p class='ocr_par' dir='ltr' id='par_1_75' title="bbox 1032 1462 1830 1502">
     <span class='ocr_line' id='line_1_75' title="bbox 1032 1462 1830 1502; baseline -0.009 -8"><span class='ocrx_word' id='word_1_524' title='bbox 1032 1467 1087 1494; x_wconf 90' lang='grc' dir='ltr'>δίου</span> <span class='ocrx_word' id='word_1_525' title='bbox 1100 1467 1130 1493; x_wconf 78' lang='grc' dir='ltr'><strong>τὸ</strong></span> <span class='ocrx_word' id='word_1_526' title='bbox 1146 1467 1196 1502; x_wconf 83' lang='grc' dir='ltr'>τῆς</span> <span class='ocrx_word' id='word_1_527' title='bbox 1209 1466 1334 1500; x_wconf 78' lang='grc' dir='ltr'>υἱὸτητος</span> <span class='ocrx_word' id='word_1_528' title='bbox 1353 1465 1402 1491; x_wconf 77' lang='grc' dir='ltr'>καὶ</span> <span class='ocrx_word' id='word_1_529' title='bbox 1423 1464 1552 1498; x_wconf 78' lang='grc' dir='ltr'>θεότητος</span> <span class='ocrx_word' id='word_1_530' title='bbox 1580 1463 1736 1498; x_wconf 79' lang='grc' dir='ltr'>ὲνυπῆρχεν</span> <span class='ocrx_word' id='word_1_531' title='bbox 1747 1462 1830 1495; x_wconf 82' lang='grc' dir='ltr'>ἀξίω-</span> 
     </span>
    </p>
   </div>
   <div class='ocr_carea' id='block_1_76' title="bbox 1035 1508 1829 1548">
    <p class='ocr_par' dir='ltr' id='par_1_76' title="bbox 1035 1508 1829 1548">
     <span class='ocr_line' id='line_1_76' title="bbox 1035 1508 1829 1548; baseline -0.008 -9"><span class='ocrx_word' id='word_1_532' title='bbox 1035 1521 1073 1548; x_wconf 88' lang='grc' dir='ltr'><strong>μα</strong></span> <span class='ocrx_word' id='word_1_533' title='bbox 1083 1521 1090 1528; x_wconf 88' lang='grc'>·</span> <span class='ocrx_word' id='word_1_534' title='bbox 1105 1512 1138 1539; x_wconf 82' lang='grc' dir='ltr'>δι’</span> <span class='ocrx_word' id='word_1_535' title='bbox 1151 1508 1182 1538; x_wconf 68' lang='grc' dir='ltr'><strong>οὗ</strong></span> <span class='ocrx_word' id='word_1_536' title='bbox 1202 1512 1250 1538; x_wconf 72' lang='grc' dir='ltr'>καὶ</span> <span class='ocrx_word' id='word_1_537' title='bbox 1262 1511 1292 1537; x_wconf 76' lang='grc' dir='ltr'>τὸ</span> <span class='ocrx_word' id='word_1_538' title='bbox 1308 1510 1439 1546; x_wconf 77' lang='grc' dir='ltr'>ὁμογενὲς</span> <span class='ocrx_word' id='word_1_539' title='bbox 1458 1510 1546 1545; x_wconf 59' lang='lat' dir='ltr'><strong>Harp!</strong></span> <span class='ocrx_word' id='word_1_540' title='bbox 1561 1510 1609 1535; x_wconf 77' lang='grc' dir='ltr'>καὶ</span> <span class='ocrx_word' id='word_1_541' title='bbox 1621 1508 1679 1543; x_wconf 83' lang='grc' dir='ltr'><strong>Υίῷ</strong></span> <span class='ocrx_word' id='word_1_542' title='bbox 1695 1509 1744 1534; x_wconf 72' lang='grc' dir='ltr'>καὶ</span> <span class='ocrx_word' id='word_1_543' title='bbox 1759 1508 1829 1542; x_wconf 81' lang='grc' dir='ltr'>ἁγίῳ</span> 
     </span>
    </p>
   </div>
   <div class='ocr_carea' id='block_1_77' title="bbox 1033 1554 1832 1594">
    <p class='ocr_par' dir='ltr' id='par_1_77' title="bbox 1033 1554 1832 1594">
     <span class='ocr_line' id='line_1_77' title="bbox 1033 1554 1832 1594; baseline -0.008 -8"><span class='ocrx_word' id='word_1_544' title='bbox 1033 1559 1174 1594; x_wconf 87' lang='grc' dir='ltr'>Πνεύματι</span> <span class='ocrx_word' id='word_1_545' title='bbox 1196 1557 1391 1594; x_wconf 84' lang='grc' dir='ltr'>συνθεωρεῖται</span> <span class='ocrx_word' id='word_1_546' title='bbox 1411 1557 1457 1583; x_wconf 74' lang='grc' dir='ltr'>καὶ</span> <span class='ocrx_word' id='word_1_547' title='bbox 1474 1555 1715 1591; x_wconf 62' lang='grc' dir='ltr'>συναναφαίνεταιε</span> <span class='ocrx_word' id='word_1_548' title='bbox 1729 1555 1760 1581; x_wconf 78' lang='lat' dir='ltr'><strong>Ui</strong></span> <span class='ocrx_word' id='word_1_549' title='bbox 1777 1554 1832 1581; x_wconf 76' lang='grc' dir='ltr'>τοί-</span> 
     </span>
    </p>
   </div>
   <div class='ocr_carea' id='block_1_78' title="bbox 1037 1601 1834 1642">
    <p class='ocr_par' dir='ltr' id='par_1_78' title="bbox 1037 1601 1834 1642">
     <span class='ocr_line' id='line_1_78' title="bbox 1037 1601 1834 1642; baseline -0.008 -8"><span class='ocrx_word' id='word_1_550' title='bbox 1037 1616 1083 1634; x_wconf 87' lang='grc' dir='ltr'><strong>νυν</strong></span> <span class='ocrx_word' id='word_1_551' title='bbox 1096 1607 1147 1642; x_wconf 83' lang='grc' dir='ltr'>τὴν</span> <span class='ocrx_word' id='word_1_552' title='bbox 1164 1605 1301 1633; x_wconf 81' lang='grc' dir='ltr'>υἱοθεσίαν</span> <span class='ocrx_word' id='word_1_553' title='bbox 1319 1604 1365 1631; x_wconf 76' lang='grc' dir='ltr'><strong>διὰ</strong></span> <span class='ocrx_word' id='word_1_554' title='bbox 1385 1603 1433 1630; x_wconf 84' lang='grc' dir='ltr'>τοῦ</span> <span class='ocrx_word' id='word_1_555' title='bbox 1459 1603 1738 1639; x_wconf 45' lang='grc' dir='ltr'>Υἱοῦιπιστεὺσαντες</span> <span class='ocrx_word' id='word_1_556' title='bbox 1756 1601 1834 1634; x_wconf 75' lang='grc' dir='ltr'>δέξα-</span> 
     </span>
    </p>
   </div>
   <div class='ocr_carea' id='block_1_79' title="bbox 1037 1647 1835 1686">
    <p class='ocr_par' dir='ltr' id='par_1_79' title="bbox 1037 1647 1835 1686">
     <span class='ocr_line' id='line_1_79' title="bbox 1037 1647 1835 1686; baseline -0.01 -6"><span class='ocrx_word' id='word_1_557' title='bbox 1037 1653 1110 1686; x_wconf 82' lang='grc' dir='ltr'>σθαι,</span> <span class='ocrx_word' id='word_1_558' title='bbox 1123 1652 1177 1679; x_wconf 78' lang='grc' dir='ltr'>οὑδ⁹</span> <span class='ocrx_word' id='word_1_559' title='bbox 1187 1652 1227 1679; x_wconf 81' lang='grc' dir='ltr'>ὅτι</span> <span class='ocrx_word' id='word_1_560' title='bbox 1241 1651 1307 1683; x_wconf 74' lang='grc' dir='ltr'><strong>Θεὸς</strong></span> <span class='ocrx_word' id='word_1_561' title='bbox 1321 1652 1394 1677; x_wconf 77' lang='grc' dir='ltr'>ἐστιν</span> <span class='ocrx_word' id='word_1_562' title='bbox 1405 1651 1418 1677; x_wconf 82' lang='grc' dir='ltr'>ὁ</span> <span class='ocrx_word' id='word_1_563' title='bbox 1427 1649 1529 1685; x_wconf 84' lang='grc' dir='ltr'>ταύτην</span> <span class='ocrx_word' id='word_1_564' title='bbox 1539 1649 1710 1684; x_wconf 82' lang='grc' dir='ltr'>δωρούμενος</span> <span class='ocrx_word' id='word_1_565' title='bbox 1724 1647 1835 1683; x_wconf 82' lang='grc' dir='ltr'>βραδεῖς</span> 
     </span>
    </p>
   </div>
   <div class='ocr_carea' id='block_1_80' title="bbox 1038 1692 1835 1734">
    <p class='ocr_par' dir='ltr' id='par_1_80' title="bbox 1038 1692 1835 1734">
     <span class='ocr_line' id='line_1_80' title="bbox 1038 1692 1835 1734; baseline -0.009 -8"><span class='ocrx_word' id='word_1_566' title='bbox 1038 1699 1071 1726; x_wconf 75' lang='grc' dir='ltr'>ἂν</span> <span class='ocrx_word' id='word_1_567' title='bbox 1097 1698 1204 1734; x_wconf 77' lang='grc' dir='ltr'>ὀφθεῖεν</span> <span class='ocrx_word' id='word_1_568' title='bbox 1215 1695 1472 1732; x_wconf 83' lang='grc' dir='ltr'>συγκατατίθεσθαι.</span> <span class='ocrx_word' id='word_1_569' title='bbox 1486 1695 1577 1723; x_wconf 71' lang='grc' dir='ltr'>Ὀὕτω</span> <span class='ocrx_word' id='word_1_570' title='bbox 1603 1695 1652 1730; x_wconf 81' lang='grc' dir='ltr'>μὲν</span> <span class='ocrx_word' id='word_1_571' title='bbox 1666 1692 1714 1721; x_wconf 74' lang='grc' dir='ltr'>οὖν</span> <span class='ocrx_word' id='word_1_572' title='bbox 1726 1693 1835 1728; x_wconf 67' lang='grc' dir='ltr'><strong>ἐπῆλθὲ</strong></span> 
     </span>
    </p>
   </div>
   <div class='ocr_carea' id='block_1_81' title="bbox 1037 1740 1475 1778">
    <p class='ocr_par' dir='ltr' id='par_1_81' title="bbox 1037 1740 1475 1778">
     <span class='ocr_line' id='line_1_81' title="bbox 1037 1740 1475 1778; baseline -0.009 -7"><span class='ocrx_word' id='word_1_573' title='bbox 1037 1753 1092 1771; x_wconf 82' lang='grc' dir='ltr'>τισι</span> <span class='ocrx_word' id='word_1_574' title='bbox 1104 1743 1153 1778; x_wconf 82' lang='grc' dir='ltr'><strong>τὴν</strong></span> <span class='ocrx_word' id='word_1_575' title='bbox 1169 1743 1288 1778; x_wconf 86' lang='grc' dir='ltr'>ἀπορίαν</span> <span class='ocrx_word' id='word_1_576' title='bbox 1304 1740 1475 1768; x_wconf 76' lang='grc' dir='ltr'>ἐπιλύεσθαι.</span> 
     </span>
    </p>
   </div>
   <div class='ocr_carea' id='block_1_82' title="bbox 1076 1875 1838 1914">
    <p class='ocr_par' dir='ltr' id='par_1_82' title="bbox 1076 1875 1838 1914">
     <span class='ocr_line' id='line_1_82' title="bbox 1076 1875 1838 1914; baseline -0.005 -9"><span class='ocrx_word' id='word_1_577' title='bbox 1076 1879 1102 1914; x_wconf 75' lang='grc' dir='ltr'><strong>β.</strong></span> <span class='ocrx_word' id='word_1_578' title='bbox 1122 1878 1193 1912; x_wconf 79' lang='grc' dir='ltr'><strong>Ἐγὼ</strong></span> <span class='ocrx_word' id='word_1_579' title='bbox 1206 1878 1298 1913; x_wconf 78' lang='grc' dir='ltr'>δὲοὺκ</span> <span class='ocrx_word' id='word_1_580' title='bbox 1318 1877 1377 1912; x_wconf 77' lang='grc' dir='ltr'>είμὶ</span> <span class='ocrx_word' id='word_1_581' title='bbox 1398 1877 1511 1909; x_wconf 79' lang='grc' dir='ltr'>δυνατὸς</span> <span class='ocrx_word' id='word_1_582' title='bbox 1526 1877 1643 1912; x_wconf 69' lang='grc' dir='ltr'>ωνορᾷν</span> <span class='ocrx_word' id='word_1_583' title='bbox 1664 1875 1723 1908; x_wconf 80' lang='grc' dir='ltr'><strong>πῶς</strong></span> <span class='ocrx_word' id='word_1_584' title='bbox 1744 1875 1780 1902; x_wconf 77' lang='grc' dir='ltr'>ἄν</span> <span class='ocrx_word' id='word_1_585' title='bbox 1795 1884 1838 1907; x_wconf 81' lang='grc' dir='ltr'><strong>τις</strong></span> 
     </span>
    </p>
   </div>
   <div class='ocr_carea' id='block_1_83' title="bbox 1042 1921 1839 1960">
    <p class='ocr_par' dir='ltr' id='par_1_83' title="bbox 1042 1921 1839 1960">
     <span class='ocr_line' id='line_1_83' title="bbox 1042 1921 1839 1960; baseline -0.005 -9"><span class='ocrx_word' id='word_1_586' title='bbox 1042 1924 1143 1960; x_wconf 78' lang='grc' dir='ltr'>μᾶλλον</span> <span class='ocrx_word' id='word_1_587' title='bbox 1162 1924 1195 1951; x_wconf 77' lang='grc' dir='ltr'>δι’</span> <span class='ocrx_word' id='word_1_588' title='bbox 1213 1923 1316 1958; x_wconf 79' lang='grc' dir='ltr'>ἑτέρων</span> <span class='ocrx_word' id='word_1_589' title='bbox 1328 1923 1345 1958; x_wconf 87' lang='grc' dir='ltr'>ἢ</span> <span class='ocrx_word' id='word_1_590' title='bbox 1360 1923 1405 1950; x_wconf 82' lang='grc' dir='ltr'><strong>διὰ</strong></span> <span class='ocrx_word' id='word_1_591' title='bbox 1423 1922 1527 1950; x_wconf 82' lang='grc' dir='ltr'>τούτων</span> <span class='ocrx_word' id='word_1_592' title='bbox 1541 1923 1602 1950; x_wconf 83' lang='grc' dir='ltr'>ἀντὶ</span> <span class='ocrx_word' id='word_1_593' title='bbox 1630 1921 1678 1948; x_wconf 79' lang='grc' dir='ltr'>τοῦ</span> <span class='ocrx_word' id='word_1_594' title='bbox 1694 1921 1782 1954; x_wconf 62' lang='grc' dir='ltr'>λύειν,</span> <span class='ocrx_word' id='word_1_595' title='bbox 1799 1921 1839 1948; x_wconf 89' lang='grc' dir='ltr'>δε-</span> 
     </span>
    </p>
   </div>
   <div class='ocr_carea' id='block_1_84' title="bbox 1042 1967 1840 2004">
    <p class='ocr_par' dir='ltr' id='par_1_84' title="bbox 1042 1967 1840 2004">
     <span class='ocr_line' id='line_1_84' title="bbox 1042 1967 1840 2004; baseline -0.005 -8"><span class='ocrx_word' id='word_1_596' title='bbox 1042 1969 1110 2004; x_wconf 77' lang='grc' dir='ltr'>σμὸν</span> <span class='ocrx_word' id='word_1_597' title='bbox 1121 1968 1280 1995; x_wconf 74' lang='grc' dir='ltr'>ἐπιϐάλλειν</span> <span class='ocrx_word' id='word_1_598' title='bbox 1289 1968 1444 2004; x_wconf 83' lang='grc' dir='ltr'>πειραθείη,</span> <span class='ocrx_word' id='word_1_599' title='bbox 1451 1969 1501 1994; x_wconf 78' lang='grc' dir='ltr'><strong>οὐκ</strong></span> <span class='ocrx_word' id='word_1_600' title='bbox 1509 1968 1704 2002; x_wconf 72' lang='grc' dir='ltr'>ἀσθενέστερον</span> <span class='ocrx_word' id='word_1_601' title='bbox 1712 1967 1760 1993; x_wconf 77' lang='grc' dir='ltr'>τοῦ</span> <span class='ocrx_word' id='word_1_602' title='bbox 1770 1975 1840 2000; x_wconf 82' lang='grc' dir='ltr'>προ-</span> 
     </span>
    </p>
   </div>
   <div class='ocr_carea' id='block_1_85' title="bbox 1040 2012 1838 2051">
    <p class='ocr_par' dir='ltr' id='par_1_85' title="bbox 1040 2012 1838 2051">
     <span class='ocr_line' id='line_1_85' title="bbox 1040 2012 1838 2051; baseline -0.003 -10"><span class='ocrx_word' id='word_1_603' title='bbox 1040 2015 1123 2051; x_wconf 81' lang='grc' dir='ltr'>τέρου</span> <span class='ocrx_word' id='word_1_604' title='bbox 1145 2014 1313 2050; x_wconf 78' lang='grc' dir='ltr'>συμπλέκειν</span> <span class='ocrx_word' id='word_1_605' title='bbox 1326 2014 1356 2041; x_wconf 87' lang='grc' dir='ltr'><strong>τὺ</strong></span> <span class='ocrx_word' id='word_1_606' title='bbox 1380 2014 1482 2049; x_wconf 78' lang='grc' dir='ltr'>ἄπορον</span> <span class='ocrx_word' id='word_1_607' title='bbox 1500 2014 1568 2049; x_wconf 75' lang='lat'><strong>(59).</strong></span> <span class='ocrx_word' id='word_1_608' title='bbox 1590 2012 1759 2048; x_wconf 79' lang='grc' dir='ltr'>Κατασκευὴ</span> <span class='ocrx_word' id='word_1_609' title='bbox 1783 2013 1838 2047; x_wconf 70' lang='grc' dir='ltr'>γὰρ</span> 
     </span>
    </p>
   </div>
   <div class='ocr_carea' id='block_1_86' title="bbox 1044 2059 1840 2097">
    <p class='ocr_par' dir='ltr' id='par_1_86' title="bbox 1044 2059 1840 2097">
     <span class='ocr_line' id='line_1_86' title="bbox 1044 2059 1840 2097; baseline -0.004 -9"><span class='ocrx_word' id='word_1_610' title='bbox 1044 2062 1145 2097; x_wconf 78' lang='grc' dir='ltr'>μᾶλλον</span> <span class='ocrx_word' id='word_1_611' title='bbox 1159 2061 1192 2088; x_wconf 84' lang='grc' dir='ltr'>ἂν</span> <span class='ocrx_word' id='word_1_612' title='bbox 1205 2061 1248 2096; x_wconf 74' lang='grc' dir='ltr'>εἴη</span> <span class='ocrx_word' id='word_1_613' title='bbox 1262 2060 1342 2088; x_wconf 80' lang='grc' dir='ltr'>τοῦτο</span> <span class='ocrx_word' id='word_1_614' title='bbox 1353 2061 1401 2088; x_wconf 78' lang='grc' dir='ltr'>καὶ</span> <span class='ocrx_word' id='word_1_615' title='bbox 1413 2060 1488 2088; x_wconf 86' lang='grc' dir='ltr'>αίτία</span> <span class='ocrx_word' id='word_1_616' title='bbox 1501 2060 1552 2095; x_wconf 86' lang='grc' dir='ltr'>τῆς</span> <span class='ocrx_word' id='word_1_617' title='bbox 1562 2060 1617 2087; x_wconf 83' lang='grc' dir='ltr'><strong>τῶν</strong></span> <span class='ocrx_word' id='word_1_618' title='bbox 1634 2059 1767 2095; x_wconf 81' lang='grc' dir='ltr'>μαθητῶν</span> <span class='ocrx_word' id='word_1_619' title='bbox 1783 2059 1840 2086; x_wconf 78' lang='grc' dir='ltr'>δια-</span> 
     </span>
    </p>
   </div>
   <div class='ocr_carea' id='block_1_87' title="bbox 1044 2104 1840 2142">
    <p class='ocr_par' dir='ltr' id='par_1_87' title="bbox 1044 2104 1840 2142">
     <span class='ocr_line' id='line_1_87' title="bbox 1044 2104 1840 2142; baseline -0.004 -8"><span class='ocrx_word' id='word_1_620' title='bbox 1044 2106 1146 2141; x_wconf 88' lang='grc' dir='ltr'>φωνίας</span> <span class='ocrx_word' id='word_1_621' title='bbox 1161 2106 1229 2141; x_wconf 73' lang='grc' dir='ltr'>πρὸς</span> <span class='ocrx_word' id='word_1_622' title='bbox 1242 2106 1288 2133; x_wconf 80' lang='grc' dir='ltr'>τὸν</span> <span class='ocrx_word' id='word_1_623' title='bbox 1300 2106 1470 2134; x_wconf 84' lang='grc' dir='ltr'>διδάσκαλον.</span> <span class='ocrx_word' id='word_1_624' title='bbox 1493 2106 1525 2132; x_wconf 83' lang='grc' dir='ltr'><em>Ἦ</em></span> <span class='ocrx_word' id='word_1_625' title='bbox 1544 2105 1600 2142; x_wconf 74' lang='grc' dir='ltr'>γὰρ</span> <span class='ocrx_word' id='word_1_626' title='bbox 1619 2105 1694 2132; x_wconf 82' lang='grc' dir='ltr'>αἰτία</span> <span class='ocrx_word' id='word_1_627' title='bbox 1715 2104 1763 2132; x_wconf 83' lang='grc' dir='ltr'>τοῦ</span> <span class='ocrx_word' id='word_1_628' title='bbox 1781 2105 1840 2132; x_wconf 82' lang='grc' dir='ltr'>δια-</span> 
     </span>
    </p>
   </div>
   <div class='ocr_carea' id='block_1_88' title="bbox 1044 2150 1840 2188">
    <p class='ocr_par' dir='ltr' id='par_1_88' title="bbox 1044 2150 1840 2188">
     <span class='ocr_line' id='line_1_88' title="bbox 1044 2150 1840 2188; baseline -0.003 -9"><span class='ocrx_word' id='word_1_629' title='bbox 1044 2154 1154 2188; x_wconf 82' lang='grc' dir='ltr'>φωνεῖν,</span> <span class='ocrx_word' id='word_1_630' title='bbox 1166 2153 1196 2178; x_wconf 85' lang='grc' dir='ltr'>οὑ</span> <span class='ocrx_word' id='word_1_631' title='bbox 1216 2152 1266 2187; x_wconf 70' lang='grc' dir='ltr'>μὲν</span> <span class='ocrx_word' id='word_1_632' title='bbox 1280 2150 1326 2178; x_wconf 78' lang='grc' dir='ltr'>οὖν</span> <span class='ocrx_word' id='word_1_633' title='bbox 1351 2152 1401 2178; x_wconf 75' lang='grc' dir='ltr'>οὐκ</span> <span class='ocrx_word' id='word_1_634' title='bbox 1416 2152 1475 2178; x_wconf 78' lang='grc' dir='ltr'>ἐστι</span> <span class='ocrx_word' id='word_1_635' title='bbox 1490 2151 1542 2187; x_wconf 82' lang='grc' dir='ltr'>τῆς</span> <span class='ocrx_word' id='word_1_636' title='bbox 1557 2151 1707 2185; x_wconf 76' lang='grc' dir='ltr'>διαφωνίας</span> <span class='ocrx_word' id='word_1_637' title='bbox 1722 2152 1840 2187; x_wconf 81' lang='grc' dir='ltr'>ἀναίρε-</span> 
     </span>
    </p>
   </div>
   <div class='ocr_carea' id='block_1_89' title="bbox 1031 2196 1843 2234">
    <p class='ocr_par' dir='ltr' id='par_1_89' title="bbox 1031 2196 1843 2234">
     <span class='ocr_line' id='line_1_89' title="bbox 1031 2196 1843 2234; baseline -0.004 -8"><span class='ocrx_word' id='word_1_638' title='bbox 1031 2208 1097 2232; x_wconf 85' lang='grc' dir='ltr'>,σις,</span> <span class='ocrx_word' id='word_1_639' title='bbox 1110 2199 1178 2226; x_wconf 79' lang='grc' dir='ltr'>ἀλλὰ</span> <span class='ocrx_word' id='word_1_640' title='bbox 1191 2199 1238 2225; x_wconf 80' lang='grc' dir='ltr'>καὶ</span> <span class='ocrx_word' id='word_1_641' title='bbox 1253 2198 1345 2233; x_wconf 79' lang='grc' dir='ltr'>κρίσιν</span> <span class='ocrx_word' id='word_1_642' title='bbox 1358 2198 1447 2234; x_wconf 79' lang='grc' dir='ltr'>ταύτῃ</span> <span class='ocrx_word' id='word_1_643' title='bbox 1464 2198 1623 2227; x_wconf 80' lang='grc' dir='ltr'>συνάπτειν.</span> <span class='ocrx_word' id='word_1_644' title='bbox 1640 2198 1687 2224; x_wconf 66' lang='grc' dir='ltr'><strong>καὶ</strong></span> <span class='ocrx_word' id='word_1_645' title='bbox 1708 2196 1757 2223; x_wconf 82' lang='grc' dir='ltr'>τοῦ</span> <span class='ocrx_word' id='word_1_646' title='bbox 1792 2199 1843 2224; x_wconf 87' lang='grc' dir='ltr'><strong>Δε-</strong></span> 
     </span>
    </p>
   </div>
   <div class='ocr_carea' id='block_1_90' title="bbox 202 2241 990 2279">
    <p class='ocr_par' dir='ltr' id='par_1_90' title="bbox 202 2241 990 2277">
     <span class='ocr_line' id='line_1_90' title="bbox 202 2241 990 2277; baseline -0.004 -6"><span class='ocrx_word' id='word_1_647' title='bbox 202 2243 274 2272; x_wconf 93' lang='lat' dir='ltr'><strong>cium</strong></span> <span class='ocrx_word' id='word_1_648' title='bbox 287 2243 320 2270; x_wconf 91' lang='lat' dir='ltr'><strong>de</strong></span> <span class='ocrx_word' id='word_1_649' title='bbox 329 2250 358 2270; x_wconf 89' lang='lat' dir='ltr'><strong>re</strong></span> <span class='ocrx_word' id='word_1_650' title='bbox 369 2242 570 2277; x_wconf 87' lang='lat' dir='ltr'><strong>interpositum,</strong></span> <span class='ocrx_word' id='word_1_651' title='bbox 579 2241 715 2276; x_wconf 87' lang='lat' dir='ltr'><strong>etproprii</strong></span> <span class='ocrx_word' id='word_1_652' title='bbox 727 2242 832 2269; x_wconf 88' lang='lat' dir='ltr'><strong>arbitrii</strong></span> <span class='ocrx_word' id='word_1_653' title='bbox 844 2241 990 2269; x_wconf 72' lang='lat' dir='ltr'><strong>Dominicte</strong></span> 
     </span>
    </p>
   </div>
   <div class='ocr_carea' id='block_1_91' title="bbox 1076 2241 1843 2279">
    <p class='ocr_par' dir='ltr' id='par_1_91' title="bbox 1076 2243 1843 2279">
     <span class='ocr_line' id='line_1_91' title="bbox 1076 2243 1843 2279; baseline -0.003 -8"><span class='ocrx_word' id='word_1_654' title='bbox 1076 2244 1175 2271; x_wconf 78' lang='grc' dir='ltr'>ιοτικοῠ</span> <span class='ocrx_word' id='word_1_655' title='bbox 1190 2245 1364 2279; x_wconf 84' lang='grc' dir='ltr'>φρονήματος</span> <span class='ocrx_word' id='word_1_656' title='bbox 1378 2244 1422 2270; x_wconf 83' lang='grc' dir='ltr'><strong>διὰ</strong></span> <span class='ocrx_word' id='word_1_657' title='bbox 1445 2244 1560 2279; x_wconf 77' lang='grc' dir='ltr'>μελέτης</span> <span class='ocrx_word' id='word_1_658' title='bbox 1575 2244 1605 2270; x_wconf 72' lang='grc' dir='ltr'>τὸ</span> <span class='ocrx_word' id='word_1_659' title='bbox 1627 2244 1727 2278; x_wconf 72' lang='grc' dir='ltr'>οἰκεῖον</span> <span class='ocrx_word' id='word_1_660' title='bbox 1744 2243 1843 2270; x_wconf 52' lang='lat' dir='ltr'><strong>avom-</strong></span> 
     </span>
    </p>
   </div>
   <div class='ocr_carea' id='block_1_92' title="bbox 201 2287 990 2323">
    <p class='ocr_par' dir='ltr' id='par_1_92' title="bbox 201 2287 990 2323">
     <span class='ocr_line' id='line_1_92' title="bbox 201 2287 990 2323; baseline -0.003 -6"><span class='ocrx_word' id='word_1_661' title='bbox 201 2288 338 2317; x_wconf 77' lang='lat' dir='ltr'><strong>voluntati</strong></span> <span class='ocrx_word' id='word_1_662' title='bbox 364 2287 550 2323; x_wconf 55' lang='lat' dir='ltr'><strong>praemeditata</strong></span> <span class='ocrx_word' id='word_1_663' title='bbox 578 2287 710 2322; x_wconf 66' lang='lat' dir='ltr'><strong>praelatio.</strong></span> <span class='ocrx_word' id='word_1_664' title='bbox 744 2287 874 2321; x_wconf 53' lang='lat' dir='ltr'><strong>Quaenam</strong></span> <span class='ocrx_word' id='word_1_665' title='bbox 898 2292 990 2315; x_wconf 78' lang='lat' dir='ltr'><strong>autem</strong></span> 
     </span>
    </p>
   </div>
   <div class='ocr_carea' id='block_1_93' title="bbox 201 2334 994 2372">
    <p class='ocr_par' dir='ltr' id='par_1_93' title="bbox 201 2334 994 2372">
     <span class='ocr_line' id='line_1_93' title="bbox 201 2334 994 2372; baseline -0.003 -9"><span class='ocrx_word' id='word_1_666' title='bbox 201 2336 311 2372; x_wconf 68' lang='lat' dir='ltr'><strong>gravior</strong></span> <span class='ocrx_word' id='word_1_667' title='bbox 322 2334 472 2362; x_wconf 81' lang='lat' dir='ltr'><strong>necessitas</strong></span> <span class='ocrx_word' id='word_1_668' title='bbox 483 2338 536 2366; x_wconf 87' lang='lat' dir='ltr'><strong>est,</strong></span> <span class='ocrx_word' id='word_1_669' title='bbox 557 2341 640 2368; x_wconf 87' lang='lat' dir='ltr'><strong>quant</strong></span> <span class='ocrx_word' id='word_1_670' title='bbox 652 2339 682 2361; x_wconf 94' lang='lat' dir='ltr'><strong>ut</strong></span> <span class='ocrx_word' id='word_1_671' title='bbox 695 2342 774 2361; x_wconf 86' lang='lat' dir='ltr'><strong>sacra</strong></span> <span class='ocrx_word' id='word_1_672' title='bbox 792 2335 906 2362; x_wconf 85' lang='lat' dir='ltr'><strong>scientia</strong></span> <span class='ocrx_word' id='word_1_673' title='bbox 932 2342 994 2362; x_wconf 86' lang='lat' dir='ltr'><strong>ma-</strong></span> 
     </span>
    </p>
   </div>
   <div class='ocr_carea' id='block_1_94' title="bbox 202 2378 993 2413">
    <p class='ocr_par' dir='ltr' id='par_1_94' title="bbox 202 2378 993 2413">
     <span class='ocr_line' id='line_1_94' title="bbox 202 2378 993 2413; baseline -0.003 -5"><span class='ocrx_word' id='word_1_674' title='bbox 202 2380 358 2412; x_wconf 81' lang='lat' dir='ltr'><strong>nifestetur,</strong></span> <span class='ocrx_word' id='word_1_675' title='bbox 381 2384 463 2413; x_wconf 89' lang='lat' dir='ltr'><strong>atque</strong></span> <span class='ocrx_word' id='word_1_676' title='bbox 488 2383 517 2406; x_wconf 95' lang='lat' dir='ltr'><strong>ut</strong></span> <span class='ocrx_word' id='word_1_677' title='bbox 542 2378 689 2406; x_wconf 90' lang='lat' dir='ltr'><strong>Trinitatis</strong></span> <span class='ocrx_word' id='word_1_678' title='bbox 704 2383 809 2405; x_wconf 85' lang='lat' dir='ltr'><strong>.natura</strong></span> <span class='ocrx_word' id='word_1_679' title='bbox 831 2386 885 2405; x_wconf 91' lang='lat' dir='ltr'><strong>una</strong></span> <span class='ocrx_word' id='word_1_680' title='bbox 898 2379 993 2413; x_wconf 89' lang='lat' dir='ltr'><strong>visque</strong></span> 
     </span>
    </p>
   </div>
   <div class='ocr_carea' id='block_1_95' title="bbox 203 2423 993 2460">
    <p class='ocr_par' dir='ltr' id='par_1_95' title="bbox 203 2423 993 2460">
     <span class='ocr_line' id='line_1_95' title="bbox 203 2423 993 2460; baseline -0.001 -8"><span class='ocrx_word' id='word_1_681' title='bbox 203 2434 257 2454; x_wconf 82' lang='lat' dir='ltr'><strong>nna</strong></span> <span class='ocrx_word' id='word_1_682' title='bbox 282 2425 438 2460; x_wconf 86' lang='lat' dir='ltr'><strong>conjunctis</strong></span> <span class='ocrx_word' id='word_1_683' title='bbox 461 2424 620 2452; x_wconf 90' lang='lat' dir='ltr'><strong>nominibus</strong></span> <span class='ocrx_word' id='word_1_684' title='bbox 642 2424 799 2451; x_wconf 83' lang='lat' dir='ltr'><strong>reveletur?</strong></span> <span class='ocrx_word' id='word_1_685' title='bbox 829 2423 862 2450; x_wconf 88' lang='lat' dir='ltr'><strong>Et</strong></span> <span class='ocrx_word' id='word_1_686' title='bbox 882 2424 993 2458; x_wconf 83' lang='lat' dir='ltr'><strong>quidem</strong></span> 
     </span>
    </p>
   </div>
   <div class='ocr_carea' id='block_1_96' title="bbox 203 2468 995 2506">
    <p class='ocr_par' dir='ltr' id='par_1_96' title="bbox 203 2468 995 2506">
     <span class='ocr_line' id='line_1_96' title="bbox 203 2468 995 2506; baseline -0.004 -7"><span class='ocrx_word' id='word_1_687' title='bbox 203 2471 329 2506; x_wconf 89' lang='lat' dir='ltr'><strong>discipttli</strong></span> <span class='ocrx_word' id='word_1_688' title='bbox 342 2470 413 2498; x_wconf 89' lang='lat' dir='ltr'><strong>haud</strong></span> <span class='ocrx_word' id='word_1_689' title='bbox 431 2475 556 2497; x_wconf 83' lang='lat' dir='ltr'><strong>reccnter</strong></span> <span class='ocrx_word' id='word_1_690' title='bbox 577 2469 677 2496; x_wconf 90' lang='lat' dir='ltr'><strong>initiati</strong></span> <span class='ocrx_word' id='word_1_691' title='bbox 696 2468 816 2501; x_wconf 81' lang='lat' dir='ltr'><strong>fuerant,</strong></span> <span class='ocrx_word' id='word_1_692' title='bbox 834 2477 922 2504; x_wconf 90' lang='lat' dir='ltr'><strong>neque</strong></span> <span class='ocrx_word' id='word_1_693' title='bbox 944 2469 995 2496; x_wconf 53' lang='lat' dir='ltr'><strong>im-</strong></span> 
     </span>
    </p>
   </div>
   <div class='ocr_carea' id='block_1_97' title="bbox 205 2515 995 2550">
    <p class='ocr_par' dir='ltr' id='par_1_97' title="bbox 205 2515 995 2550">
     <span class='ocr_line' id='line_1_97' title="bbox 205 2515 995 2550; baseline -0.001 -7"><span class='ocrx_word' id='word_1_694' title='bbox 205 2515 324 2550; x_wconf 85' lang='lat' dir='ltr'><strong>perfecta</strong></span> <span class='ocrx_word' id='word_1_695' title='bbox 341 2516 432 2543; x_wconf 89' lang='lat' dir='ltr'><strong>adltuc</strong></span> <span class='ocrx_word' id='word_1_696' title='bbox 449 2515 607 2543; x_wconf 92' lang='lat' dir='ltr'><strong>conditione</strong></span> <span class='ocrx_word' id='word_1_697' title='bbox 621 2518 710 2546; x_wconf 84' lang='lat' dir='ltr'><strong>erant,</strong></span> <span class='ocrx_word' id='word_1_698' title='bbox 735 2522 824 2549; x_wconf 81' lang='lat' dir='ltr'><strong>neque</strong></span> <span class='ocrx_word' id='word_1_699' title='bbox 839 2515 995 2542; x_wconf 83' lang='lat' dir='ltr'><strong>voluntaria</strong></span> 
     </span>
    </p>
   </div>
   <div class='ocr_carea' id='block_1_98' title="bbox 205 2560 995 2597">
    <p class='ocr_par' dir='ltr' id='par_1_98' title="bbox 205 2560 995 2597">
     <span class='ocr_line' id='line_1_98' title="bbox 205 2560 995 2597; baseline -0.001 -9"><span class='ocrx_word' id='word_1_700' title='bbox 205 2560 359 2589; x_wconf 68' lang='lat' dir='ltr'><strong>Servatoris</strong></span> <span class='ocrx_word' id='word_1_701' title='bbox 372 2562 464 2597; x_wconf 85' lang='lat' dir='ltr'><strong>passio</strong></span> <span class='ocrx_word' id='word_1_702' title='bbox 492 2567 547 2588; x_wconf 87' lang='lat' dir='ltr'><strong>non</strong></span> <span class='ocrx_word' id='word_1_703' title='bbox 577 2560 664 2588; x_wconf 78' lang='lat' dir='ltr'><strong>fuerat</strong></span> <span class='ocrx_word' id='word_1_704' title='bbox 692 2565 812 2594; x_wconf 87' lang='lat' dir='ltr'><strong>peracta,</strong></span> <span class='ocrx_word' id='word_1_705' title='bbox 837 2568 924 2596; x_wconf 86' lang='lat' dir='ltr'><strong>neque</strong></span> <span class='ocrx_word' id='word_1_706' title='bbox 943 2561 995 2596; x_wconf 82' lang='lat' dir='ltr'><strong>tegi</strong></span> 
     </span>
    </p>
   </div>
   <div class='ocr_carea' id='block_1_99' title="bbox 207 2607 996 2643">
    <p class='ocr_par' dir='ltr' id='par_1_99' title="bbox 207 2607 996 2643">
     <span class='ocr_line' id='line_1_99' title="bbox 207 2607 996 2643; baseline 0.003 -10"><span class='ocrx_word' id='word_1_707' title='bbox 207 2616 294 2642; x_wconf 82' lang='lat' dir='ltr'><strong>nsque</strong></span> <span class='ocrx_word' id='word_1_708' title='bbox 311 2608 346 2635; x_wconf 88' lang='lat' dir='ltr'><strong>ad</strong></span> <span class='ocrx_word' id='word_1_709' title='bbox 362 2612 469 2643; x_wconf 88' lang='lat' dir='ltr'><strong>tempus</strong></span> <span class='ocrx_word' id='word_1_710' title='bbox 480 2607 608 2634; x_wconf 83' lang='lat' dir='ltr'><strong>idoneum</strong></span> <span class='ocrx_word' id='word_1_711' title='bbox 621 2615 728 2634; x_wconf 82' lang='lat' dir='ltr'><strong>summa</strong></span> <span class='ocrx_word' id='word_1_712' title='bbox 744 2611 929 2635; x_wconf 67' lang='lat' dir='ltr'><strong>controversa:</strong></span> <span class='ocrx_word' id='word_1_713' title='bbox 948 2607 996 2635; x_wconf 92' lang='lat' dir='ltr'><strong>do-</strong></span> 
     </span>
    </p>
   </div>
   <div class='ocr_carea' id='block_1_100' title="bbox 206 2653 995 2688">
    <p class='ocr_par' dir='ltr' id='par_1_100' title="bbox 206 2653 995 2688">
     <span class='ocr_line' id='line_1_100' title="bbox 206 2653 995 2688; baseline 0.004 -9"><span class='ocrx_word' id='word_1_714' title='bbox 206 2654 302 2681; x_wconf 65' lang='lat' dir='ltr'><strong>ctrina:</strong></span> <span class='ocrx_word' id='word_1_715' title='bbox 323 2654 420 2681; x_wconf 85' lang='lat' dir='ltr'><strong>notitia</strong></span> <span class='ocrx_word' id='word_1_716' title='bbox 446 2653 501 2688; x_wconf 90' lang='lat' dir='ltr'><strong>jam</strong></span> <span class='ocrx_word' id='word_1_717' title='bbox 523 2653 704 2688; x_wconf 90' lang='lat' dir='ltr'><strong>postulabat:</strong></span> <span class='ocrx_word' id='word_1_718' title='bbox 723 2653 770 2681; x_wconf 86' lang='lat' dir='ltr'><strong>sed</strong></span> <span class='ocrx_word' id='word_1_719' title='bbox 788 2659 851 2688; x_wconf 88' lang='lat' dir='ltr'><strong>post</strong></span> <span class='ocrx_word' id='word_1_720' title='bbox 872 2662 995 2688; x_wconf 76' lang='lat' dir='ltr'><strong>crucem,</strong></span> 
     </span>
    </p>
   </div>
   <div class='ocr_carea' id='block_1_101' title="bbox 207 2698 996 2736">
    <p class='ocr_par' dir='ltr' id='par_1_101' title="bbox 207 2698 996 2736">
     <span class='ocr_line' id='line_1_101' title="bbox 207 2698 996 2736; baseline 0.004 -11"><span class='ocrx_word' id='word_1_721' title='bbox 207 2701 267 2732; x_wconf 86' lang='lat' dir='ltr'><strong>post</strong></span> <span class='ocrx_word' id='word_1_722' title='bbox 286 2706 393 2730; x_wconf 81' lang='lat' dir='ltr'><strong>necent,</strong></span> <span class='ocrx_word' id='word_1_723' title='bbox 413 2703 475 2734; x_wconf 88' lang='lat' dir='ltr'><strong>post</strong></span> <span class='ocrx_word' id='word_1_724' title='bbox 489 2699 671 2733; x_wconf 85' lang='lat' dir='ltr'><strong>sepulturam,</strong></span> <span class='ocrx_word' id='word_1_725' title='bbox 687 2705 749 2734; x_wconf 77' lang='lat' dir='ltr'><strong>past</strong></span> <span class='ocrx_word' id='word_1_726' title='bbox 765 2698 917 2727; x_wconf 81' lang='lat' dir='ltr'><strong>inferorum</strong></span> <span class='ocrx_word' id='word_1_727' title='bbox 935 2708 996 2736; x_wconf 73' lang='lat' dir='ltr'><strong>reg-</strong></span> 
     </span>
    </p>
   </div>
   <div class='ocr_carea' id='block_1_102' title="bbox 1047 2289 1842 2325">
    <p class='ocr_par' dir='ltr' id='par_1_102' title="bbox 1047 2289 1842 2325">
     <span class='ocr_line' id='line_1_102' title="bbox 1047 2289 1842 2325; baseline -0.003 -8"><span class='ocrx_word' id='word_1_728' title='bbox 1047 2290 1161 2325; x_wconf 84' lang='grc' dir='ltr'>ρεϊσθαι.</span> <span class='ocrx_word' id='word_1_729' title='bbox 1178 2290 1211 2317; x_wconf 93' lang='grc' dir='ltr'>Τί</span> <span class='ocrx_word' id='word_1_730' title='bbox 1221 2289 1243 2316; x_wconf 80' lang='grc' dir='ltr'>δ’</span> <span class='ocrx_word' id='word_1_731' title='bbox 1260 2289 1293 2316; x_wconf 83' lang='grc' dir='ltr'><strong>ἃν</strong></span> <span class='ocrx_word' id='word_1_732' title='bbox 1302 2289 1351 2316; x_wconf 75' lang='grc' dir='ltr'>καὶ</span> <span class='ocrx_word' id='word_1_733' title='bbox 1365 2289 1459 2325; x_wconf 76' lang='grc' dir='ltr'>ἕτερον</span> <span class='ocrx_word' id='word_1_734' title='bbox 1469 2289 1523 2316; x_wconf 82' lang='grc' dir='ltr'>τῶν</span> <span class='ocrx_word' id='word_1_735' title='bbox 1532 2290 1754 2323; x_wconf 74' lang='grc' dir='ltr'>κατεπειγόντων</span> <span class='ocrx_word' id='word_1_736' title='bbox 1771 2291 1842 2324; x_wconf 75' lang='grc' dir='ltr'>μᾶλ-</span> 
     </span>
    </p>
   </div>
   <div class='ocr_carea' id='block_1_103' title="bbox 1045 2335 1843 2371">
    <p class='ocr_par' dir='ltr' id='par_1_103' title="bbox 1045 2335 1843 2371">
     <span class='ocr_line' id='line_1_103' title="bbox 1045 2335 1843 2371; baseline 0 -9"><span class='ocrx_word' id='word_1_737' title='bbox 1045 2336 1090 2362; x_wconf 91' lang='grc' dir='ltr'><strong>λον</strong></span> <span class='ocrx_word' id='word_1_738' title='bbox 1104 2335 1147 2370; x_wconf 84' lang='grc' dir='ltr'>εῐη</span> <span class='ocrx_word' id='word_1_739' title='bbox 1166 2335 1218 2370; x_wconf 78' lang='grc' dir='ltr'>τῆς</span> <span class='ocrx_word' id='word_1_740' title='bbox 1240 2335 1420 2371; x_wconf 83' lang='grc' dir='ltr'>θεολογοὺσης</span> <span class='ocrx_word' id='word_1_741' title='bbox 1444 2336 1628 2371; x_wconf 70' lang='grc' dir='ltr'>ὲκεραντορὶας</span> <span class='ocrx_word' id='word_1_742' title='bbox 1656 2336 1704 2362; x_wconf 84' lang='grc' dir='ltr'>καὶ</span> <span class='ocrx_word' id='word_1_743' title='bbox 1733 2336 1764 2362; x_wconf 87' lang='grc' dir='ltr'>τὸ</span> <span class='ocrx_word' id='word_1_744' title='bbox 1792 2338 1843 2371; x_wconf 71' lang='grc' dir='ltr'>τῆς</span> 
     </span>
    </p>
   </div>
   <div class='ocr_carea' id='block_1_104' title="bbox 1047 2381 1843 2418">
    <p class='ocr_par' dir='ltr' id='par_1_104' title="bbox 1047 2381 1843 2418">
     <span class='ocr_line' id='line_1_104' title="bbox 1047 2381 1843 2418; baseline -0.001 -9"><span class='ocrx_word' id='word_1_745' title='bbox 1047 2382 1161 2418; x_wconf 72' lang='grc' dir='ltr'>Τριάδος</span> <span class='ocrx_word' id='word_1_746' title='bbox 1184 2382 1304 2417; x_wconf 81' lang='grc' dir='ltr'>ὁμοφυὲς</span> <span class='ocrx_word' id='word_1_747' title='bbox 1328 2383 1376 2408; x_wconf 70' lang='grc' dir='ltr'>καὶ</span> <span class='ocrx_word' id='word_1_748' title='bbox 1403 2381 1574 2417; x_wconf 84' lang='grc' dir='ltr'>όμοδύναμον</span> <span class='ocrx_word' id='word_1_749' title='bbox 1603 2384 1843 2417; x_wconf 74' lang='grc' dir='ltr'>συνεπτυγμένοις</span> 
     </span>
    </p>
   </div>
   <div class='ocr_carea' id='block_1_105' title="bbox 1047 2427 1844 2463">
    <p class='ocr_par' dir='ltr' id='par_1_105' title="bbox 1047 2427 1844 2463">
     <span class='ocr_line' id='line_1_105' title="bbox 1047 2427 1844 2463; baseline -0.003 -8"><span class='ocrx_word' id='word_1_750' title='bbox 1047 2427 1291 2463; x_wconf 86' lang='grc' dir='ltr'>ἀνακαλυπτούσης</span> <span class='ocrx_word' id='word_1_751' title='bbox 1303 2427 1432 2462; x_wconf 82' lang='grc' dir='ltr'>ὀνόμασι;</span> <span class='ocrx_word' id='word_1_752' title='bbox 1449 2427 1505 2454; x_wconf 73' lang='grc' dir='ltr'><strong>Καὶ</strong></span> <span class='ocrx_word' id='word_1_753' title='bbox 1519 2427 1579 2454; x_wconf 81' lang='grc' dir='ltr'>τότε</span> <span class='ocrx_word' id='word_1_754' title='bbox 1598 2429 1844 2462; x_wconf 76' lang='grc' dir='ltr'>μυσταγωγουμέ-</span> 
     </span>
    </p>
   </div>
   <div class='ocr_carea' id='block_1_106' title="bbox 1043 2473 1843 2509">
    <p class='ocr_par' dir='ltr' id='par_1_106' title="bbox 1043 2473 1843 2509">
     <span class='ocr_line' id='line_1_106' title="bbox 1043 2473 1843 2509; baseline -0.003 -9"><span class='ocrx_word' id='word_1_755' title='bbox 1043 2482 1099 2506; x_wconf 85' lang='grc' dir='ltr'>νοις</span> <span class='ocrx_word' id='word_1_756' title='bbox 1110 2474 1160 2500; x_wconf 83' lang='grc' dir='ltr'>οὐκ</span> <span class='ocrx_word' id='word_1_757' title='bbox 1174 2474 1202 2499; x_wconf 84' lang='grc' dir='ltr'>ὲν</span> <span class='ocrx_word' id='word_1_758' title='bbox 1218 2473 1302 2509; x_wconf 84' lang='grc' dir='ltr'>ἀρχῇ,</span> <span class='ocrx_word' id='word_1_759' title='bbox 1313 2474 1344 2499; x_wconf 83' lang='grc' dir='ltr'>οὐ</span> <span class='ocrx_word' id='word_1_760' title='bbox 1359 2473 1413 2499; x_wconf 83' lang='grc' dir='ltr'><strong>τῶν</strong></span> <span class='ocrx_word' id='word_1_761' title='bbox 1430 2473 1561 2508; x_wconf 85' lang='grc' dir='ltr'>μαθητῶν</span> <span class='ocrx_word' id='word_1_762' title='bbox 1574 2474 1604 2500; x_wconf 83' lang='grc' dir='ltr'>ὲν</span> <span class='ocrx_word' id='word_1_763' title='bbox 1619 2473 1657 2508; x_wconf 90' lang='grc' dir='ltr'>τῷ</span> <span class='ocrx_word' id='word_1_764' title='bbox 1672 2473 1765 2499; x_wconf 85' lang='grc' dir='ltr'>ἀτελεῖ</span> <span class='ocrx_word' id='word_1_765' title='bbox 1780 2473 1843 2499; x_wconf 71' lang='grc' dir='ltr'>δια‹</span> 
     </span>
    </p>
   </div>
   <div class='ocr_carea' id='block_1_107' title="bbox 1044 2516 1845 2554">
    <p class='ocr_par' dir='ltr' id='par_1_107' title="bbox 1044 2516 1845 2554">
     <span class='ocr_line' id='line_1_107' title="bbox 1044 2516 1845 2554; baseline -0.001 -8"><span class='ocrx_word' id='word_1_766' title='bbox 1044 2516 1180 2554; x_wconf 76' lang='grc' dir='ltr'>κειμένων</span> <span class='ocrx_word' id='word_1_767' title='bbox 1193 2518 1245 2552; x_wconf 79' lang='grc' dir='ltr'>ἔτι,</span> <span class='ocrx_word' id='word_1_768' title='bbox 1260 2519 1321 2546; x_wconf 82' lang='grc' dir='ltr'>οὐδὲ</span> <span class='ocrx_word' id='word_1_769' title='bbox 1339 2519 1394 2545; x_wconf 85' lang='grc' dir='ltr'>τῶν</span> <span class='ocrx_word' id='word_1_770' title='bbox 1416 2519 1548 2546; x_wconf 79' lang='grc' dir='ltr'>ἑκουσίων</span> <span class='ocrx_word' id='word_1_771' title='bbox 1564 2519 1611 2545; x_wconf 88' lang='grc' dir='ltr'>καὶ</span> <span class='ocrx_word' id='word_1_772' title='bbox 1627 2519 1773 2553; x_wconf 90' lang='grc' dir='ltr'>σωτηρίων</span> <span class='ocrx_word' id='word_1_773' title='bbox 1788 2527 1845 2545; x_wconf 80' lang='grc' dir='ltr'><strong>πα-</strong></span> 
     </span>
    </p>
   </div>
   <div class='ocr_carea' id='block_1_108' title="bbox 1045 2563 1845 2599">
    <p class='ocr_par' dir='ltr' id='par_1_108' title="bbox 1045 2563 1845 2599">
     <span class='ocr_line' id='line_1_108' title="bbox 1045 2563 1845 2599; baseline -0.001 -8"><span class='ocrx_word' id='word_1_774' title='bbox 1045 2564 1099 2591; x_wconf 86' lang='grc' dir='ltr'><strong>θῶν</strong></span> <span class='ocrx_word' id='word_1_775' title='bbox 1123 2564 1306 2592; x_wconf 70' lang='grc' dir='ltr'>ἐπιτελεῖσθαι</span> <span class='ocrx_word' id='word_1_776' title='bbox 1329 2564 1492 2598; x_wconf 84' lang='grc' dir='ltr'>μελλόντων,</span> <span class='ocrx_word' id='word_1_777' title='bbox 1518 2564 1567 2590; x_wconf 66' lang='grc' dir='ltr'><strong>καὶ</strong></span> <span class='ocrx_word' id='word_1_778' title='bbox 1582 2563 1783 2595; x_wconf 76' lang='grc' dir='ltr'>συσκιάζεσθαι</span> <span class='ocrx_word' id='word_1_779' title='bbox 1803 2564 1845 2599; x_wconf 86' lang='grc' dir='ltr'>τῷ</span> 
     </span>
    </p>
   </div>
   <div class='ocr_carea' id='block_1_109' title="bbox 1049 2609 1845 2646">
    <p class='ocr_par' dir='ltr' id='par_1_109' title="bbox 1049 2609 1845 2646">
     <span class='ocr_line' id='line_1_109' title="bbox 1049 2609 1845 2646; baseline -0.001 -9"><span class='ocrx_word' id='word_1_780' title='bbox 1049 2609 1138 2646; x_wconf 85' lang='grc' dir='ltr'>καιρῷ</span> <span class='ocrx_word' id='word_1_781' title='bbox 1150 2610 1200 2645; x_wconf 82' lang='grc' dir='ltr'>τῆς</span> <span class='ocrx_word' id='word_1_782' title='bbox 1213 2609 1357 2645; x_wconf 70' lang='grc' dir='ltr'>ἀκριϐείας</span> <span class='ocrx_word' id='word_1_783' title='bbox 1368 2610 1416 2646; x_wconf 79' lang='grc' dir='ltr'>τῆς</span> <span class='ocrx_word' id='word_1_784' title='bbox 1428 2611 1458 2636; x_wconf 84' lang='grc' dir='ltr'>ὲν</span> <span class='ocrx_word' id='word_1_785' title='bbox 1469 2609 1557 2644; x_wconf 84' lang='grc' dir='ltr'>κρίσει</span> <span class='ocrx_word' id='word_1_786' title='bbox 1571 2609 1748 2641; x_wconf 80' lang='grc' dir='ltr'>διδασκαλίας</span> <span class='ocrx_word' id='word_1_787' title='bbox 1757 2611 1845 2636; x_wconf 80' lang='grc' dir='ltr'>ἁπαι-</span> 
     </span>
    </p>
   </div>
   <div class='ocr_carea' id='block_1_110' title="bbox 1049 2656 1842 2692">
    <p class='ocr_par' dir='ltr' id='par_1_110' title="bbox 1049 2656 1842 2692">
     <span class='ocr_line' id='line_1_110' title="bbox 1049 2656 1842 2692; baseline -0.001 -9"><span class='ocrx_word' id='word_1_788' title='bbox 1049 2657 1161 2692; x_wconf 74' lang='grc' dir='ltr'>τούσηςο</span> <span class='ocrx_word' id='word_1_789' title='bbox 1187 2656 1257 2683; x_wconf 74' lang='grc' dir='ltr'>ἀλλὰ</span> <span class='ocrx_word' id='word_1_790' title='bbox 1284 2656 1353 2691; x_wconf 81' lang='grc' dir='ltr'>μετὰ</span> <span class='ocrx_word' id='word_1_791' title='bbox 1366 2657 1411 2683; x_wconf 79' lang='grc' dir='ltr'><strong>τὸν</strong></span> <span class='ocrx_word' id='word_1_792' title='bbox 1429 2656 1556 2691; x_wconf 73' lang='grc' dir='ltr'>σταυρὸν,</span> <span class='ocrx_word' id='word_1_793' title='bbox 1577 2656 1647 2692; x_wconf 66' lang='grc' dir='ltr'>μετὰ</span> <span class='ocrx_word' id='word_1_794' title='bbox 1669 2656 1719 2690; x_wconf 83' lang='grc' dir='ltr'>τὴν</span> <span class='ocrx_word' id='word_1_795' title='bbox 1736 2656 1842 2691; x_wconf 80' lang='grc' dir='ltr'>ταφὴν,</span> 
     </span>
    </p>
   </div>
   <div class='ocr_carea' id='block_1_111' title="bbox 1052 2701 1845 2738">
    <p class='ocr_par' dir='ltr' id='par_1_111' title="bbox 1052 2701 1845 2738">
     <span class='ocr_line' id='line_1_111' title="bbox 1052 2701 1845 2738; baseline 0 -10"><span class='ocrx_word' id='word_1_796' title='bbox 1052 2701 1123 2737; x_wconf 82' lang='grc' dir='ltr'>μετά</span> <span class='ocrx_word' id='word_1_797' title='bbox 1137 2702 1168 2729; x_wconf 77' lang='grc' dir='ltr'><strong>τὸ</strong></span> <span class='ocrx_word' id='word_1_798' title='bbox 1184 2701 1365 2738; x_wconf 81' lang='grc' dir='ltr'>σκυλευθῆναι</span> <span class='ocrx_word' id='word_1_799' title='bbox 1386 2702 1421 2729; x_wconf 85' lang='grc' dir='ltr'>τὰ</span> <span class='ocrx_word' id='word_1_800' title='bbox 1433 2702 1480 2729; x_wconf 80' lang='grc' dir='ltr'>τοῦ</span> <span class='ocrx_word' id='word_1_801' title='bbox 1500 2702 1565 2738; x_wconf 71' lang='grc' dir='ltr'>ᾅδου</span> <span class='ocrx_word' id='word_1_802' title='bbox 1581 2701 1718 2738; x_wconf 80' lang='grc' dir='ltr'>βασίλεια,</span> <span class='ocrx_word' id='word_1_803' title='bbox 1735 2702 1786 2728; x_wconf 74' lang='grc' dir='ltr'>καὶ</span> <span class='ocrx_word' id='word_1_804' title='bbox 1800 2701 1845 2728; x_wconf 79' lang='grc' dir='ltr'>δε-</span> 
     </span>
    </p>
   </div>
   <div class='ocr_carea' id='block_1_112' title="bbox 962 2788 1077 2816">
    <p class='ocr_par' dir='ltr' id='par_1_112' title="bbox 962 2788 1077 2816">
     <span class='ocr_line' id='line_1_112' title="bbox 962 2788 1077 2816; baseline 0.009 -1"><span class='ocrx_word' id='word_1_805' title='bbox 962 2788 1077 2816; x_wconf 60' lang='lat' dir='ltr'><strong>NOTAE.</strong></span> 
     </span>
    </p>
   </div>
   <div class='ocr_carea' id='block_1_113' title="bbox 245 2877 992 2914">
    <p class='ocr_par' dir='ltr' id='par_1_113' title="bbox 245 2877 992 2914">
     <span class='ocr_line' id='line_1_113' title="bbox 245 2877 992 2914; baseline 0.001 -9"><span class='ocrx_word' id='word_1_806' title='bbox 245 2877 300 2914; x_wconf 77' lang='lat'><strong>(59)</strong></span> <span class='ocrx_word' id='word_1_807' title='bbox 317 2877 441 2907; x_wconf 73' lang='lat' dir='ltr'><strong>Nosltali</strong></span> <span class='ocrx_word' id='word_1_808' title='bbox 456 2877 575 2905; x_wconf 84' lang='lat' dir='ltr'><strong>dicimus</strong></span> <span class='ocrx_word' id='word_1_809' title='bbox 589 2886 666 2905; x_wconf 72' lang='lat' dir='ltr'><strong>acum</strong></span> <span class='ocrx_word' id='word_1_810' title='bbox 684 2878 803 2912; x_wconf 75' lang='lat' dir='ltr'><strong>peygiore</strong></span> <span class='ocrx_word' id='word_1_811' title='bbox 819 2877 888 2905; x_wconf 70' lang='lat' dir='ltr'><strong>delia</strong></span> <span class='ocrx_word' id='word_1_812' title='bbox 907 2879 992 2914; x_wconf 75' lang='lat' dir='ltr'><strong>culpa.</strong></span> 
     </span>
    </p>
   </div>
  </div>
