1878 3057
79 171 125 201 πὸ

554 171 604 200 AD
619 170 913 202 AMPIIILOCHIUM
928 171 1102 206 QU/ES'I‘IO
1122 172 1230 202 XLlll.

1650 174 1704 205 306

82 227 152 260 σμοῖς
165 224 272 256 ἀλύτοις
299 224 486 259 παραδοθῆναι
500 224 546 251 τὸν
561 225 690 261 πολέμιον
698 225 747 252 τοῦ
763 226 854 260 γένους

943 235 994 253 tum
1005 227 1151 261 direptum,
1163 232 1225 262 post
1237 229 1343 262 generis
1354 227 1441 255 nostri
1453 228 1559 255 hostent
1570 228 1703 257 insolubi-

79 271 158 307 ἡμῶν,
187 270 266 306 ἡνίκα
284 270 331 296 τοῦ
366 270 452 304 τάφου
476 270 576 306 ἀνέστη
602 271 650 297 καὶ
676 271 726 306 τὴν
767 271 860 306 κοινὴν

79 316 216 343 ἀνάστασιν
239 315 401 347 ὲνεκαίνισε,
427 314 488 341 τότε
514 315 546 351 δὴ
573 316 635 342 τότε
654 316 705 352 τὴν
735 316 860 349 ἐξουσίαν

79 361 197 389 ἁπάντων
211 361 266 387 τῶν
287 360 418 394 ἐπιγείων
444 361 493 387 καὶ
505 361 561 388 τῶν
588 362 722 397 οὐρανίων
745 363 759 389 ὁ
780 363 860 398 φύσει

79 405 170 439 ταύτην
185 404 254 438 ἔχων
269 405 301 439 τῇ
318 404 394 439 θεῖκῇ
416 405 463 431 καὶ
480 405 552 431 κατὰ
562 405 592 432 τὸ
607 406 779 442 ἀνθρώπινον
793 409 860 434 ἁνα-

77 451 212 485 δεξάμενος
223 471 230 482 ,
244 450 304 476 τότε
322 450 368 476 τὸν
388 450 528 484 βασιλικον
543 452 637 479 τοῦτον
658 454 705 480 καὶ
726 455 860 490 σωτήριον

79 497 162 530 νόμον,
178 497 229 522 οὑκ
245 497 274 522 ὲν
287 496 367 528 πλαξὶ
379 497 503 529 λιθίναις,
522 498 579 524 ἀλλ’
597 500 626 525 ὲν
639 499 721 532 πλαξὶ
735 501 860 535 κρείττο-

79 541 143 576 σινῆ
161 541 286 576 μετέχειν
310 541 376 576 ὕλης
396 543 528 576 ἐπιγείου,
540 544 600 574 ταῖς
623 543 679 570 τῶν
701 545 859 572 ἀποστόλων

77 587 197 618 διανοίαις
212 587 377 622 ἐνεχάραξεν
391 596 398 603 ·
415 589 497 615 οἱονεὶ
513 589 675 624 προθέματὰ
687 599 748 617 τινα
758 591 792 618 δι’
809 593 859 619 αὐ-

77 633 124 658 τῶν
137 633 181 658 καὶ
197 634 404 668 προγράμματα
418 633 471 661 ἀνά
492 635 584 662 πᾶσαν
598 635 729 668 ἀπλὼσας
743 637 793 672 τὴν
821 639 856 664 οξ-

78 679 212 713 κουμένην,
226 679 287 705 καθ’
298 679 316 705 Et
330 680 377 706 καὶ
394 680 522 715 μυεῖσθαι
538 681 584 707 καὶ
604 682 778 710 τελειοῦσθαι
793 685 858 716 τοὺς

78 724 229 758 προσιόντας
242 724 297 751 ἔδει
309 725 359 760 τὴν
376 725 528 752 εὐσέϐειαν·
553 735 562 752 ι
586 727 772 762 Πορευθέντες
791 730 856 764 γὰρ,

76 770 142 804 φησι,
161 770 352 804 μαθητεύσατε
370 771 459 798 πάντα
469 771 503 798 τὰ
518 771 594 806 ἔθνη,
611 771 794 806 βαπτίσαντες
805 776 856 801 αὐ-

76 816 130 847 τοὺς
139 817 178 847 είς
189 816 221 842 τδ
232 816 318 851 ὄνομα
332 817 380 843 τοῦ
404 817 511 852 Πατρὸς
530 818 577 844 καὶ
590 817 638 844 τοῦ
656 818 721 845 Υἱοῦ
743 821 791 846 καὶ
809 821 856 846 τοῦ

74 860 144 894 ἁγίου
161 861 336 895 Πνεύματος·
345 861 519 892 διδάσκοντες
533 862 632 893 αὐτοὺς
642 863 736 898 τηρεῖν
751 862 855 897 (δηλον-

74 905 109 930 ότι
135 905 180 931 καὶ
194 905 249 939 πρὸ
261 905 315 932 τῶν
331 906 421 932 ἄλλων
433 905 464 932 τὸ
480 905 528 933 νῦν
538 907 748 942 είσφερόμενον)
766 907 856 934 πάντα
873 898 894 927 Β

73 951 116 976 ὅσα
127 951 305 986 ἐνετειλάμην
323 951 400 986 ὑμῖν.
419 960 428 977 ›

101 995 132 1030 γ’.
149 995 252 1023 Τούτου
265 997 297 1032 δὴ
311 997 357 1023 τοῦ
373 996 447 1032 ίεροῦ
459 997 507 1023 καὶ
519 998 656 1033 σωτηρίου
672 999 852 1033 «pos-ranu-

71 1050 120 1073 τος,
134 1042 160 1068 τί
184 1042 220 1068 ἂν
244 1042 286 1077 εἴη
316 1043 482 1076 κατεπεῖγον
514 1042 632 1077 μᾷλλον;
650 1043 720 1070 τίδὲ
737 1045 856 1079 κρίσεως

72 1087 239 1122 ἀνθρωπίνης
254 1088 392 1122 δεόμενον,
414 1087 465 1123 τῆς
487 1089 656 1124 Δεσποτικῆς
679 1090 771 1123 φωνῆς
787 1090 856 1125 ίερο-

71 1133 194 1169 λογούσης
218 1134 249 1160 τὸ
268 1134 367 1168 δόγμα,
385 1134 433 1161 καὶ
449 1135 601 1169 σφραγῖδος
625 1136 716 1170 πάσης
735 1137 856 1171 ἀσφαλέ-

73 1187 159 1214 στερον
180 1181 232 1214 τὴν
251 1179 349 1214 ψῆφον.
365 1180 439 1215 αὐτῷ
454 1181 685 1216 περιτιθεμένηςς
700 1182 754 1208 Καί
771 1191 812 1208 τοι
825 1191 856 1216 γε

71 1225 92 1250 εί
103 1225 147 1250 καὶ
162 1225 248 1259 ἄμφω
261 1224 291 1250 τὺ
307 1226 472 1258 κατεπεῖγον
487 1225 533 1251 ἐπὶ
549 1227 582 1261 τῇ
598 1226 644 1261 τσῃ
661 1225 710 1252 καὶ
725 1226 807 1262 ὁμοίᾳ
819 1227 856 1252 δι·

71 1270 189 1304 ενέμοντο
204 1269 295 1304 χρείᾳ,
308 1271 322 1296 ὅ
336 1279 365 1297 τε
391 1272 526 1305 σωτήριος
541 1271 614 1305 φημὶ
631 1271 724 1306 νόμος,
741 1273 786 1298 καὶ
801 1272 856 1298 τῶν

72 1316 193 1350 μαθητῶν
202 1318 220 1351 ἡ
234 1315 344 1351 γνώμη,
357 1316 412 1342 οὐδ’
424 1316 467 1342 ἒτε
473 1325 518 1350 ρον
529 1316 670 1351 διεφέρετο
681 1317 782 1352 νόημα,
799 1318 854 1344 οὐδ’

71 1362 149 1394 οὕτως
164 1361 199 1398 ἦν
211 1363 326 1390 ἀνεκτὸν
339 1363 389 1396 τῆς
407 1362 574 1397 δεσποτικῆς
597 1363 793 1398 μυσταγωγίας
808 1363 856 1398 τὴν

72 1407 255 1443 ὑπηρετοῦσαν
278 1408 406 1442 γλῶσσαν
434 1408 593 1444 ἔμπροσθεν
616 1410 714 1436 ποιεῖν.
731 1410 762 1436 El
777 1409 805 1436 at
822 1411 855 1444 τῇ

72 1452 138 1479 θέσει
165 1454 226 1480 τῶν
254 1453 384 1488 μαθητῶν
406 1455 422 1489 ἡ
449 1453 496 1480 τοῦ
523 1453 686 1480 διδασκάλου
716 1455 856 1490 ἀναίρεσις

71 1499 165 1531 ἕπεται,
180 1499 241 1531 πῶς
257 1501 308 1526 οὐκ
319 1501 359 1532 εις
374 1499 478 1534 τόλμαν
489 1500 552 1535 ἥκει
562 1500 596 1527 δι’
609 1498 642 1536 ἦς
655 1501 795 1536 ὑϐρίζεται
807 1501 856 1535 τῆς

73 1545 235 1593 συγγνώμης
251 1547 363 1593 ήνχάρις
374 1545 449 1593 ;-τὴν
468 1546 518 1581 μὲν
526 1547 696 1581 Δεσποτικὴν
715 1547 804 1582 κρίσιν
819 1547 856 1582 μὴ
872 1565 894 1593 c

71 1591 117 1617 τῶν
129 1591 350 1625 κατεπειγόντων
372 1589 442 1618 εἶναι
466 1592 599 1627 νομίζειν,
619 1593 670 1627 τὴν
687 1592 715 1619 δὲ
728 1592 782 1618 τῶν
796 1592 857 1619 δού-

71 1639 117 1663 λων
129 1637 254 1663 ἐπίνοιαν
272 1636 326 1662 τῶν
347 1637 568 1671 κατεπειγόντων
581 1645 587 1651 ·
605 1638 652 1664 καὶ
669 1638 792 1672 παρορᾷν
809 1637 858 1671 μὲν

71 1678 97 1707 οὗ
112 1681 147 1717 μὴ
157 1681 217 1708 ἔστι
231 1681 317 1716 χωρὶς
332 1681 462 1713 ἀπονοίας
477 1682 620 1716 ὁμολογεῖν
630 1682 680 1717 τὴν
692 1683 857 1719 παρόρασιν,

72 1728 188 1763 στέργειν
199 1727 229 1754 δὲ
239 1728 287 1754 καὶ
301 1727 472 1762 προτιθέναι,
481 1725 538 1763 ἦςή
554 1729 644 1761 κρίσις
659 1729 721 1763 δίκη
736 1729 782 1756 τοῦ
798 1730 855 1763 κρί-

73 1783 168 1806 ναντος.
191 1774 276 1800 Ἀλλὰ
286 1774 342 1809 γὰρ
355 1774 434 1801 αὐτοί
448 1783 480 1808 γε
497 1775 657 1809 περιφανῶς
672 1774 744 1801 οὕτω
758 1776 857 1802 τοσαύ·

72 1819 114 1854 της
129 1820 176 1846 καὶ
189 1820 361 1856 τηλικαύτης
384 1820 494 1855 ἐντολῆς
513 1820 590 1855 ἰσχὺν
613 1821 787 1856 παρορῶντες
809 1821 857 1847 καὶ

73 1865 293 1900 παραϐαίνοντες,
310 1866 335 1892 εί
347 1866 386 1896 ὡς
396 1865 505 1901 ἀληθῶς
518 1863 588 1901 ἦσαν
597 1865 647 1900 τῆς
660 1866 857 1901 παραϐάσεως,

73 1910 124 1942 πῶς
139 1911 172 1938 ἂν
187 1911 322 1946 ἠδύναντο
336 1912 399 1943 τοὺς
411 1911 466 1937 τῶν
480 1911 562 1947 ίερῶν
576 1911 748 1946 μαθημάτων
758 1912 858 1947 ἀκροα-

72 1955 115 1987 τὰς
130 1958 279 1992 παραινεῖν
294 1958 352 1988 ταῖς
372 1958 553 1988 Δεσποτικαῖς
564 1957 685 1989 ἐντολαῖς
701 1957 857 1993 πειθαρχεῖν

71 2001 113 2028 καὶ
135 2002 423 2038 καθαρρυθμίζεσθαι,
454 2003 503 2030 καὶ
523 2003 574 2037 τῆς
598 2003 703 2035 οἰκείας
719 2003 858 2036 πολιτείας

71 2045 247 2078 κατάταύτας
259 2047 395 2073 ποιεῖσθαι
408 2048 458 2083 τὴν
470 2048 631 2082 ἐπιμέλειαν
642 2057 650 2081 ;
664 2049 721 2075 ἴσον
734 2049 788 2085 γάρ
800 2050 858 2076 ἐστι

70 2092 108 2119 διὰ
118 2093 168 2128 τῆς
183 2095 242 2121 τῶν
263 2095 380 2121 ἐντολῶν
394 2095 551 2131 ἀθετήσεως
570 2096 719 2131 πειρᾶσθαι
735 2097 858 2131 φύλακας

69 2138 117 2164 τῶν
128 2140 354 2175 προσταγμάτων
369 2142 468 2174 ποιεῖν,
484 2142 531 2168 καὶ
545 2142 653 2169 ἀθετεῖν
667 2143 767 2175 αὐτοὺς
780 2144 858 2170 ἀπαι·

69 2185 116 2209 τεῖν
127 2185 157 2211 τὸ
168 2187 199 2212 ὲν
216 2186 372 2221 παραϐάσει
389 2187 580 2221 ἀπαράϐατον.
598 2184 636 2215 υῦ
651 2188 677 2214 τί
688 2188 721 2215 ἂν
737 2188 857 2229 ὁὲχθρὺς

912 271 984 299 libus
998 271 1116 299 vinculis
1128 273 1270 304 traditum,
1285 277 1429 307 postquam
1441 273 1568 301 Christus
1577 275 1704 309 sepulcro

911 322 1053 350 (evaserat,
1081 318 1292 353 communisque
1316 319 1524 347 resurrectionis
1550 321 1702 354 auspicium

909 362 1036 395 dederat;
1065 366 1122 389 tum
1143 362 1253 389 demum
1280 363 1451 390 terrestrium
1476 365 1598 391 omnium
1622 369 1703 400 atque

910 408 1062 435 cwlestium
1083 413 1264 442 potestatem,
1294 408 1316 435 is
1340 409 1387 443 qui
1411 409 1504 436 divina
1530 415 1625 437 natura
1642 411 1700 443 jam

909 459 971 478 eam
995 451 1116 484 tenebat,
1145 452 1263 478 humana
1289 459 1398 486 quoque
1418 457 1517 479 natura
1545 454 1701 488 I't‘cipiuns:

910 501 986 529 tunc,
1003 497 1129 531 inquam,
1153 496 1273 530 regalem
1300 497 1370 523 hanc
1396 496 1600 531 salutarentque
1616 499 1700 532 legem

910 543 982 570 hattd
1001 543 1027 570 in
1045 543 1146 569 tabulis
1161 541 1286 577 lapideis.
1311 544 1357 570 sed
1376 543 1403 570 iit
1418 543 1477 569 aliis
1504 548 1619 570 terrena:
1645 552 1703 570 nta-

910 588 985 615 teria!
1010 587 1141 614 vilitatem
1167 587 1373 619 excedentibus,
1398 595 1496 622 nempe
1518 587 1545 614 in
1566 589 1703 622 apostolo-

909 641 969 659 rutn
986 633 1124 660 mentibus
1142 632 1272 667 SCI'ipsit:
1288 633 1378 659 edit-to
1394 633 1478 659 veluti
1490 633 1608 666 quodam
1620 639 1702 666 atque

909 685 1113 714 programmate
1133 679 1262 706 ttttiverso
1275 678 1333 704 orbi
1350 678 1502 713 proposito,
1518 679 1597 712 cujus
1611 678 1702 705 verbis

909 725 1010 752 initiari
1026 729 1054 751 et
1068 724 1225 752 consecrari
1239 724 1381 758 oportebat
1397 723 1557 758 quicunque
1581 723 1615 750 ad
1633 724 1701 750 reli-

908 771 1016 805 gionem
1033 771 1218 803 accederent;
1254 778 1335 802 nam;
1361 779 1370 796 ‹
1394 770 1507 801 Euntes,
1532 770 1632 804 inquit,
1651 771 1702 797 do-

908 821 967 842 cete
993 823 1090 842 omnes
1120 820 1225 850 gentes,
1258 815 1428 849 baptizantes
1455 822 1501 842 eas
1530 815 1558 841 iit
1589 815 1702 841 nomine

907 860 997 888 Patris
1012 867 1038 888 et
1052 860 1114 888 Filii
1128 866 1156 888 et
1172 862 1259 888 sancti
1277 861 1395 895 Spiritus
1408 870 1414 887 :
1427 860 1583 888 erudientes
1598 864 1628 887 ut
1643 868 1703 887 ont-

909 907 954 934 nia
966 907 1076 942 (nempe
1091 907 1117 933 iit
1132 907 1229 941 primis
1242 907 1314 941 quod
1331 906 1357 933 itt
1371 906 1498 941 praesenti
1513 905 1701 940 mandaverat)

905 961 1076 989 quacunque
1093 954 1207 988 praecepi
1228 953 1305 980 vobis
1320 954 1467 981 obServent
1481 952 1532 979 ⁸⁸⁸.
1549 962 1558 978 ι

941 1000 969 1026 3.
989 999 1062 1026 Sane
1076 999 1128 1026 hoc
1144 1007 1223 1026 sacro
1242 999 1396 1025 Servatoris
1416 1003 1554 1033 praecepto
1569 998 1700 1032 quidnam

905 1045 1050 1080 urgentius
1067 1052 1128 1072 esse
1154 1045 1264 1078 potest?
1281 1052 1401 1078 quonam
1417 1049 1508 1070 autem
1533 1043 1638 1078 judicio
1652 1043 1702 1070 ho-

907 1091 1011 1116 tttinuttt
1024 1097 1093 1124 opus
1106 1094 1158 1121 εει,
1176 1089 1398 1123 qttanquuidem
1415 1097 1465 1115 vox
1483 1088 1625 1116 Dominica
1651 1088 1701 1114 d0-

909 1135 1027 1162 ctrinam
1043 1136 1113 1162 hanc
1130 1135 1221 1165 tradit.
1236 1135 1366 1169 onmique
1386 1135 1475 1169 sigillo
1487 1135 1616 1161 tutiorem
1635 1141 1699 1161 sett-

907 1180 1020 1206 tentiam
1047 1187 1124 1207 suam
1140 1180 1176 1206 illi
1197 1180 1401 1214 circumponit?
1415 1181 1497 1214 Atqui
1523 1180 1545 1207 si
1570 1180 1640 1206 forte
1656 1179 1700 1206 lex

907 1225 1062 1252 Servatoris
1079 1229 1106 1252 et
1125 1226 1322 1260 discipulorum
1348 1225 1441 1260 opinio
1466 1226 1582 1252 formula
1608 1225 1699 1260 aliqua

907 1271 1063 1299 necessaria
1084 1271 1118 1298 ad
1134 1279 1183 1306 par
1197 1279 1229 1298 ac.
1253 1271 1341 1299 simile
1355 1272 1473 1298 ollicium
1501 1276 1633 1303 uteretur,
1651 1278 1700 1298 nc-

906 1324 960 1351 que
980 1316 1032 1343 ιιιω
1055 1317 1114 1343 duae
1138 1317 1280 1343 sentcntiae
1296 1317 1367 1343 inter
1386 1324 1415 1343 se
1431 1316 1608 1347 dissiderenl,
1631 1320 1700 1341 alta.-

907 1369 968 1389 men
982 1369 1017 1388 ne
1033 1367 1089 1388 tum
1109 1362 1219 1396 quidem
1243 1361 1384 1389 ferendum
1401 1361 1552 1391 videretur.
1573 1360 1698 1387 servilem

906 1408 1027 1442 linguam
1043 1408 1120 1435 herili
1137 1409 1170 1434 de
1183 1416 1212 1434 re
1224 1415 1303 1435 sacra
1321 1407 1452 1434 doctrinae
1467 1406 1606 1440 anteponi.
1621 1405 1700 1439 Quod

908 1454 931 1481 si
952 1461 1048 1488 reapse
1068 1453 1267 1488 discipulorum
1290 1454 1400 1480 decreto
1423 1453 1580 1487 magistrate
1609 1452 1700 1485 ipsum

907 1498 1076 1532 antiquatur,
1092 1505 1183 1525 nonne
1197 1498 1254 1525 haec
1270 1498 1362 1531 gravis
1380 1497 1496 1524 audacia
1512 1501 1563 1527 est,
1579 1503 1640 1530 quae
1652 1488 1711 1522 ve:

910 1544 962 1571 nite
981 1545 1094 1579 gratiam
1110 1545 1275 1572 contumelia
1296 1543 1403 1571 allicit?
1419 1551 1518 1578 nempe
1530 1542 1554 1570 si
1567 1542 1699 1577 judicium

908 1589 1080 1618 Dominicum
1095 1592 1121 1617 in
1138 1598 1229 1618 rerum
1243 1589 1462 1617 necessariarum
1474 1596 1590 1616 numero
1599 1594 1700 1622 nequa-

908 1645 991 1673 quam
1016 1637 1166 1670 habeatur;
1197 1644 1341 1664 servorum
1365 1640 1456 1663 autem
1484 1634 1701 1669 excogitationes

909 1684 936 1711 in
961 1683 1125 1710 necessariis
1150 1686 1338 1716 reputt-titur:
1363 1682 1441 1716 sique
1467 1681 1622 1715 negligatur
1650 1679 1676 1706 id
1691 1698 1699 1711 ,

909 1729 989 1763 cujus
1007 1729 1160 1762 neglectum
1175 1728 1235 1754 sine
1247 1727 1358 1754 vesania
1376 1726 1454 1754 fateri
1472 1734 1525 1754 non
1541 1733 1700 1760 possumus,

908 1779 1016 1802 ametur
1031 1779 1123 1800 autem
1139 1778 1221 1807 atque
1236 1777 1419 1808 anteponatur
1440 1772 1477 1804 id,
1501 1772 1581 1806 cujus
1601 1771 1704 1798 electio-

908 1820 1050 1847 damnatio
1066 1819 1193 1853 eligentis
1211 1824 1263 1845 est.
1286 1818 1345 1845 Jam
1368 1827 1434 1845 vero
1457 1818 1582 1852 discipttli
1600 1817 1621 1844 si
1638 1816 1700 1844 talis

909 1867 1034 1900 tantique
1049 1865 1175 1900 pratccpti
1195 1865 1248 1892 vim
1268 1865 1452 1900 neglexissent
1465 1871 1498 1891 ac
1513 1863 1698 1895 violavissent,

908 1918 970 1939 cum
985 1918 1014 1937 se
1031 1917 1126 1944 reapse
1141 1909 1322 1936 contumaciae
1345 1909 1405 1940 ejus
1420 1916 1479 1935 reos
1497 1908 1698 1943 pra-stitisseut.

908 1965 973 1984 num
990 1955 1221 1983 sacratdoetrinze
1247 1955 1366 1982 asseclas
1391 1954 1495 1982 hortari
1523 1959 1646 1988 poterant
1671 1957 1700 1980 ιιι

908 2002 1046 2030 mandatis
1062 2000 1213 2029 Dominicis
1229 2000 1381 2031 obedirent.
1397 2000 1430 2027 ad
1445 2007 1532 2035 eaque
1545 2007 1574 2027 se
1591 1998 1700 2026 confor-

909 2053 1025 2079 ntarent,
1041 2055 1175 2082 suamque
1190 2048 1273 2074 vitam
1285 2055 1317 2074 ex
1331 2048 1429 2074 horum
1444 2047 1604 2082 praescripto
1622 2054 1700 2081 rege-

908 2095 996 2122 rent?
1025 2094 1092 2121 Nam
1122 2094 1169 2128 qui
1196 2101 1244 2128 per
1270 2093 1357 2128 ipsam
1388 2098 1586 2127 pneceptorum
1614 2092 1698 2118 viola~

909 2141 1020 2172 tionem,
1033 2140 1192 2167 obetlicntes
1205 2139 1343 2166 mandatis
1356 2139 1480 2166 homines
1492 2138 1581 2165 facere
1593 2138 1698 2170 nititur,

909 2187 980 2214 idetn
1000 2187 1052 2214 sibi
1081 2186 1218 2213 licentiam
1240 2185 1330 2213 aufert
1353 2185 1509 2220 postulandi
1536 2185 1569 2211 ab
1585 2185 1646 2212 aliis
1666 2193 1700 2210 ne

68 2229 174 2265 εὑρήσει
191 2231 306 2266 μᾶλλον,
323 2232 356 2259 δι’
368 2229 398 2259 οἶα
414 2233 462 2259 καὶ
477 2234 526 2268 τὴν
540 2233 717 2260 διδασκαλίαν
732 2235 854 2271 ἐπαρθή-

947 2233 980 2259 od
1003 2233 1060 2267 jam
1082 2238 1225 2268 peccatum
1249 2231 1332 2259 fuerit
1352 2237 1475 2266 peccent.
1494 2230 1552 2263 Quo
1568 2230 1698 2264 quidnam

68 2282 136 2325 σεται
153 2276 288 2309 νοθεύειν,
305 2278 350 2303 καὶ
366 2278 416 2313 τὴν
427 2278 548 2314 ἐσχάτην
567 2278 647 2314 ὕϐριν
661 2279 856 2315 προσάψασθαι

67 2321 101 2354 τῷ
112 2321 276 2356 κηρύγματι
289 2331 296 2355 ;

96 2408 126 2435 δ’.
142 2409 238 2436 Ταῦτα
255 2409 345 2437 τοίνυν
360 2411 506 2438 καὶπολλὰ
525 2412 628 2439 τοιαῦθ’
643 2412 724 2448 ἕτερα
745 2413 789 2440 διὰ
800 2413 855 2440 τῶν

67 2453 179 2482 εὐσεϐῶν
193 2457 243 2482 καὶ
259 2456 415 2484 ἀδεκάστων
428 2457 559 2492 προϊόντα
580 2459 728 2494 λογισμῶν,
744 2460 792 2487 καὶ
805 2459 856 2496 τὴν

66 2501 236 2534 νομισθεῖσαν
261 2502 338 2529 λύσιν
367 2504 520 2539 αἱτιὼμενα
542 2504 625 2540 ἀλλην
647 2506 709 2532 τινὰ
737 2506 855 2541 θεωρίαν

66 2546 107 2571 τοῦ
122 2546 283 2582 ζητήματος
305 2549 459 2584 ἀνιχνεύειν
484 2550 652 2585 ὑποτίθεται,
665 2551 700 2578 δι’
715 2549 750 2587 ἧς
764 2552 855 2578 καὶτὸ

66 2591 108 2625 τῆς
131 2594 252 2629 ἀπορίας
277 2594 459 2630 δυσπρόσοδον
480 2596 528 2623 ἐπὶ
551 2597 581 2623 τὸ
599 2597 670 2624 λεῖον
688 2599 736 2624 καὶ
752 2598 854 2632 ὁμαλὸν

67 2636 111 2671 τῆς
123 2639 304 2676 καταλήψεως
326 2641 516 2677 ἀνευρύνεται,
531 2642 579 2669 καὶ
594 2644 607 2669 ό
623 2643 676 2670 τῶν
691 2643 854 2670 διαϐουλὶων

65 2681 136 2716 ἧχλος
165 2683 438 2721 διασκεδασθήσεται.
462 2687 523 2713 Ὄτι
542 2688 591 2723 μὲν
612 2688 667 2724 γὰρ
694 2689 748 2715 τῶν
764 2688 853 2724 είερῶν

65 2725 220 2756 ἀποστόλων
231 2731 259 2757 αἱ
271 2733 404 2766 παναγεῖς
416 2733 463 2759 καὶ
475 2733 631 2760 τελεστικαὶ
642 2734 692 2768 τῆς
709 2734 852 2766 εὐσεϐείας

66 2772 177 2807 ίιράξεις
201 2777 391 2812 ίερουργοῦσαι
413 2780 444 2805 τὺ
464 2779 606 2815 βάπτισμα
626 2780 738 2816 ὀνόματι
764 2780 852 2816 Ἰησοῦ

64 2818 180 2853 Χριστοῦ
202 2821 327 2855 λέγονται
353 2824 431 2851 τοῦτο
452 2825 663 2861 τελεσιουργεῖν,
686 2826 773 2859 οὐδεὶς
796 2826 852 2854 τῶν

98 2875 138 2892 ⁵⁸⁸
151 2876 246 2907 Matth.
262 2889 358 2915 iuvui,
376 2882 418 2917 l9,
433 2884 479 2910 1’0.

908 2278 1089 2313 opportunius
1106 2278 1226 2305 inveniet
1248 2277 1347 2307 hostis.
1368 2277 1440 2304 unde
1464 2280 1491 2302 et
1512 2275 1697 2309 magisterium

908 2325 1063 2352 adulterare
1083 2325 1166 2357 ausit,
1183 2328 1211 2351 et
1234 2328 1384 2351 extremam
1408 2322 1586 2357 ignominiam
1609 2321 1700 2348 Evan-

908 2371 978 2406 gelio
993 2370 1160 2405 aspergere?

945 2417 973 2443 4.
995 2416 1040 2443 Hae
1069 2421 1151 2451 atque
1181 2415 1243 2443 alite
1261 2414 1424 2450 ,hujusmoili
1449 2421 1464 2440 a
1491 2412 1542 2447 piis
1569 2411 1698 2447 profecta:

908 2462 1129 2497 incorruptisque
1158 2461 1274 2496 ingeniis
1292 2459 1543 2491 contradictiones,
1567 2465 1628 2492 qua:
1651 2457 1698 2491 ju—

907 2512 978 2535 stant
1004 2506 1143 2542 pastulant
1163 2505 1343 2537 solutionem,
1369 2502 1511 2537 impellunt
1533 2509 1583 2528 nos
1603 2499 1636 2527 ad
1653 2499 1697 2527 in-

906 2553 1058 2588 dagandum
1090 2553 1173 2579 aliam
1200 2550 1360 2585 quaestionis
1387 2547 1619 2583 explanationem.
1643 2553 1697 2580 qua

906 2599 981 2627 dubii
995 2599 1131 2633 asperitas
1142 2597 1174 2624 ad
1187 2595 1373 2630 intelligentiae
1386 2594 1530 2621 laevitatem
1543 2597 1624 2626 atque
1640 2591 1698 2626 pla-

905 2644 998 2671 nitiem
1012 2643 1151 2675 dilatetur,
1176 2647 1203 2669 et
1217 2640 1426 2675 ambiguitatum
1450 2638 1575 2666 molestia
1599 2637 1698 2671 dispel-

904 2691 985 2719 latur.
1009 2690 1134 2717 Proiecto
1149 2688 1222 2724 quod
1240 2687 1328 2714 sancti
1347 2685 1542 2720 religionisque
1569 2690 1697 2711 suasores

906 2737 1032 2764 divorum
1043 2735 1231 2771 apostolorum
1252 2733 1336 2760 Actus
1360 2731 1525 2766 baptismum
1553 2728 1580 2756 in
1594 2728 1696 2756 Christi

906 2782 1016 2809 nomine
1032 2780 1252 2807 administratum
1267 2777 1360 2805 dicant
1387 2784 1468 2803 netno
1484 2782 1550 2803 sana
1568 2772 1697 2800 audiendi

906 2827 930 2854 vi
956 2826 1102 2862 praeditus,
1116 2832 1216 2859 negare
1233 2822 1360 2851 audebit'
1376 2825 1564 2850 verumtamen
1584 2819 1697 2854 quinam
