1878 3057
771 158 903 191 ΡΗΟΤῙΙ
916 162 1169 196 ΡΑΤΠΙΑΗΕΗᾹΞ
1189 167 1242 198 CP.

196 202 290 229 horum
311 204 456 232 verborum
473 213 505 233 ac
526 207 666 235 nominum
692 217 790 240 sensus
815 214 967 248 signiﬁcatu

196 248 228 265 αἴ·
254 248 323 265 Imm!
336 255 413 265 mlum
425 258 518 265 ...η-ην.
536 252 666 265 ξηιηιιεωη
680 259 688 265 .
720 257 728 265 ι
739 258 755 265 -_
767 258 773 264 η
795 259 800 264 -
892 261 896 265 .

1045 219 1119 253 ικοὴν
1134 220 1310 254 ὑγιαίνουσαν
1331 223 1447 258 ἐχόντων
1462 226 1613 262 ἀντιλέγειν
1629 228 1820 265 ὑποστήσεταιο

193 248 240 280 sit,
253 248 323 275 haud
335 255 413 283 reque
424 258 519 279 omnes
536 252 699 289 intelligunt.
713 257 757 284 Ait
767 258 849 293 igitur
858 261 982 296 princeps

194 293 380 327 apostolorum
396 294 504 328 Petrus,
522 297 587 324 dunt
607 298 716 328 Judteos
746 303 778 329 ad
793 305 981 337 paenitentiam

195 340 359 371 hortaretur,
384 341 546 376 veniamque
563 344 595 371 iis
613 350 725 379 patratae
748 349 829 377 ctedis
850 351 979 379 oﬂ‘erret:

195 394 204 409 ι
220 384 376 419 Baptizatur
392 388 581 422 unusquisque
596 397 714 419 vestrum
737 394 765 420 in
788 397 899 423 nomine
915 396 981 426 Jcsu

192 431 292 458 Christi
302 432 327 458 in
338 433 524 461 remissionem
534 442 704 470 peccatorum
713 439 782 468 5"“.
790 450 798 466 I
808 440 981 480 Rursumque

192 474 285 501 divino
302 475 391 503 aﬂlatu
413 478 445 504 ad
467 478 658 514 baptizandum
681 487 980 517 centurionetninstin-

193 524 264 551 ctus,
274 520 430 549 Cornelium
441 523 528 558 ipsum
540 530 566 552 et
577 528 623 561 qui
635 536 696 555 cutn
706 537 739 557 eo
751 537 830 559 erant
838 541 981 568 regenera-

192 563 266 589 tione
283 564 409 599 dignatus
419 572 470 599 est,
484 569 583 597 donum
596 571 634 598 eis
646 575 814 604 remissionis
829 577 855 604 in
870 580 980 608 nomine

192 607 297 635 Domini
319 610 490 644 impertiens.
506 614 638 643 Praeterea
653 617 749 653 Ephesi
765 622 876 654 quidam
901 631 979 654 erant

189 654 324 687 discipuli,
341 657 387 690 qui
399 656 511 687 Joannis
524 666 627 689 tantum
640 663 776 698 baptismo
789 667 834 695 loti
853 669 977 699 fuerant:

188 703 269 733 atque
289 699 316 727 hi
343 708 403 736 post
417 704 537 732 auditam
563 707 638 736 Pauli
657 712 887 748 praedicationem,
914 725 976 745 cum

188 744 221 771 iis
237 745 388 779 piaeulares
403 749 437 776 ab
449 751 579 785 Apostolo
590 762 686 783 manus
699 757 726 784 in
743 760 853 787 nomine
868 761 976 791 Domini

185 789 249 818 Jesu
265 792 366 820 Christi
384 794 500 824 fuissent
516 798 651 832 itnpositze
662 821 669 833 ,
692 804 804 831 οωιθειο
823 806 977 841 adoptionis

186 837 286 864 donum
299 846 479 875 exceperunt,
496 848 522 870 et
534 847 700 874 sanctissimi
721 848 839 884 Spiritus
855 852 974 881 alllatum

184 883 287 915 experti
309 889 373 912 sunt
386 886 418 913 ”.
439 886 632 922 Szepeuumero
652 892 721 920 alias
737 897 887 924 secundum
907 898 978 927 hanc
994 896 1015 923 Β
1029 912 1040 930 τ

185 927 328 956 formulam
346 931 510 966 baptismum
526 936 745 966 administratum
765 940 837 969 haud
851 950 922 978 :egre
933 943 974 971 in-

183 974 287 1001 venies.
313 974 503 1007 Verumtamen
520 1001 527 1014 ,
559 982 596 1009 ttti
609 982 666 1016 jam
690 985 793 1013 dictum
816 992 868 1020 est,
903 997 974 1025 saepe

183 1018 271 1047 facilis
289 1020 512 1057 interpretatioin
523 1034 606 1055 sacrae
619 1030 716 1057 mentis
734 1031 839 1060 sinibus
854 1036 971 1069 condita,

183 1065 235 1091 nisi
250 1068 387 1096 eruditum
403 1070 537 1105 judicium
554 1081 586 1101 ac
611 1076 816 1105 meditationem
831 1081 973 1109 nancisca-

183 1114 238 1144 tur,
250 1120 339 1148 neqtte
352 1115 520 1146 obscuritate
533 1127 620 1155 neque
630 1128 778 1156 apparente
793 1128 972 1161 repugnantia

181 1155 353 1188 liberabitur.
368 1159 492 1197 Namque
518 1155 688 1195 inconsultus
714 1155 831 1198 vocibus
844 1155 911 1206 ipsis
927 1181 972 1200 as-

180 1208 287 1236 sensus,
302 1211 334 1231 ac
346 1206 491 1235 verborum
504 1215 583 1244 prout
598 1216 697 1240 sonant
710 1215 851 1248 admissio,
863 1222 890 1243 et
904 1218 972 1246 alias

180 1247 278 1275 tnultas
291 1249 430 1279 multoties
441 1253 624 1283 absurditates
639 1259 752 1292 peperit,
764 1265 790 1287 et
805 1269 877 1288 ttunc
890 1263 970 1290 etiam

179 1299 234 1319 non
253 1293 279 1320 in
306 1296 376 1323 duos
398 1298 472 1325 solos
493 1300 563 1327 ritus
581 1303 728 1330 verendum
756 1308 971 1340 regenerationis

180 1338 337 1371 mysterium
353 1340 497 1376 divideret,
522 1346 569 1372 sed
583 1347 653 1374 alios
676 1350 776 1378 multos
790 1338 813 1378 -ο
836 1353 971 1383 divisione

178 1383 341 1415 pullulantes
356 1387 516 1418 exhiberet;
537 1392 671 1426 siquidem
685 1402 719 1422 ex
734 1396 903 1426 incremento
915 1401 971 1435 prio

179 1435 223 1454 mo
235 1429 369 1464 originem
384 1433 436 1460 alia
455 1436 608 1470 traherent;
626 1440 670 1466 ita'
681 1445 710 1468 ut
725 1441 752 1468 iu
767 1443 969 1474 multitudinem

177 1473 351 1502 diduceretur
367 1479 447 1506 unica
466 1485 546 1516 atque
564 1483 702 1513 individua
721 1488 835 1523 religio,
857 1496 885 1518 et
904 1493 968 1519 uni-
982 1507 1002 1534 ρ

177 1518 272 1534 fumat-
297 1526 376 1534 ηιμ..-
407 1533 411 1534 ,
446 1526 451 1531 -
510 1527 517 1534 ι
730 1533 734 1534 ,

176 1518 274 1547 formis
297 1526 378 1557 atque
407 1526 536 1555 unitnoda
561 1537 702 1559 sacrorum
728 1518 863 1563 ittslitutio
884 1545 967 1572 :qutn

176 1566 278 1593 rituum
292 1570 411 1598 varietas
431 1573 544 1601 minime
563 1575 666 1604 auferri
682 1583 788 1613 potest,
807 1581 860 1609 nisi
879 1584 966 1617 prima

175 1610 280 1639 invecta
298 1614 463 1650 diversitas,
489 1627 550 1654 quas
573 1621 657 1649 divini
680 1610 807 1660 prazcepti
829 1610 966 1665 priet-oga-

175 1656 256 1684 tivam
272 1662 466 1696 pessntndedit,
485 1665 566 1693 simul
588 1656 739 1696 auferatur.

174 1701 310 1730 πςύνουσα
324 1706 354 1732 τὸ
371 1707 470 1736 ἑνιαῖον
486 1711 532 1737 καὶ
546 1711 669 1748 ἄτμητον
683 1715 733 1750 τῆς

172 1794 316 1830 θεύσασαν,
332 1800 370 1835 μὴ
387 1801 448 1836 οὐχὶ
466 1794 764 1842 συμπαραγράφεσθαι.

205 1861 232 1888 5.
244 1862 332 1890 Cerne
344 1871 446 1900 autem,
456 1867 546 1901 sodes,
555 1875 621 1904 quot
633 1871 659 1898 itt
671 1877 763 1907 partes
772 1874 875 1904 dividat
886 1882 968 1913 atque

170 1908 314 1942 dispertiat
327 1911 448 1940 divinam
465 1916 659 1952 ccelestemque
678 1920 831 1955 adoptionis
850 1925 966 1958 gratiam

172 1952 376 1983 inconsiderata
390 1977 397 1990 ,
417 1961 447 1985 ut
466 1960 597 1993 diximus,
614 1963 759 1991 verborum
779 1966 964 2002 observantia,

169 2000 240 2033 apud
253 2007 300 2028 eos
310 2002 357 2036 qui
368 2004 464 2031 nolunt
477 2005 509 2031 ad
520 2008 659 2040 penetrale
672 2010 795 2037 veritatis
811 2000 962 2045 permeare;

169 2045 275 2080 Quippe
287 2049 437 2076 secundum
451 2058 545 2078 eorum
562 2052 730 2087 institututn,
742 2057 789 2090 qui
805 2058 886 2085 verba
899 2058 961 2093 plus

169 2100 248 2125 aequo
260 2094 423 2128 suspiciunt,
440 2096 508 2123 alter
523 2098 631 2132 quidem
645 2101 714 2128 ritus
731 2102 757 2128 in
770 2103 880 2130 nomine
895 2103 960 2132 Jesu

168 2137 269 2165 Christi
288 2139 417 2174 baptizat,
436 2141 504 2169 alter
526 2146 718 2173 tantummodo
738 2147 765 2174 in
779 2149 892 2177 nomine
907 2149 959 2177 Do-

169 2185 245 2211 tnini.
263 2185 416 2218 Quamnam
433 2189 517 2224 igitur
532 2197 564 2217 ex
580 2191 622 2219 his
636 2191 761 2221 formulis
773 2194 800 2221 itt
815 2196 887 2223 sacri
900 2204 969 2224 mur

168 2231 241 2259 neris
261 2233 462 2262 tninistratione
484 2238 698 2271 usurpabimus?
712 2239 807 2275 Neque
829 2241 901 2269 enim
917 2243 958 2270 al-

169 2279 252 2306 ternis
272 2284 299 2306 et
314 2288 362 2314 pro
378 2281 456 2309 libito
473 2283 516 2310 his
529 2283 697 2313 dictionibus
711 2280 850 2315 uti'licet:
869 2293 896 2316 et
911 2290 957 2324 qui

167 2323 324 2351 alterutram
340 2326 531 2359 praedictarum
546 2329 648 2360 abolet.
671 2331 695 2358 is
717 2331 790 2359 viam
815 2333 900 2361 tnunit
924 2334 958 2362 ad

166 2369 234 2396 alias
250 2377 358 2405 quoque
375 2371 537 2402 abolitiones
554 2376 796 2406 eonslabiliendas.
816 2379 904 2414 Atque
920 2379 958 2408 ita

165 2415 234 2442 ritus
248 2421 362 2444 cunctos
374 2417 445 2445 inter
454 2427 484 2446 se
498 2421 576 2455 quasi
585 2422 681 2456 praelio
694 2424 868 2452 contmittent
879 2425 896 2452 ii
908 2427 955 2460 qui

165 2460 330 2494 baptismum
341 2471 373 2491 ex
386 2463 525 2493 Dominica
534 2467 706 2496 institutione
718 2470 867 2498 celebrant.
878 2471 956 2504 Quod

165 2505 188 2533 si
200 2506 227 2533 in
243 2508 363 2543 mysticae
375 2510 535 2545 adoptionis-
546 2511 669 2541 formulis
683 2513 769 2542 libera
789 2516 824 2543 sit
840 2516 957 2546 facultas

166 2552 218 2580 hoc
231 2554 382 2587 auferendi,
402 2556 467 2584 illud
484 2558 646 2593 adjiciendi;
662 2560 725 2595 quis
739 2561 795 2595 jam
814 2562 956 2598 impediat,

165 2602 312 2634 quominus
335 2602 380 2628 alii
399 2603 476 2635 alias,
495 2609 592 2639 prteter
605 2606 703 2639 dictas,
725 2609 881 2641 excogitth
906 2610 957 2637 ini-

165 2645 309 2674 llationos?
325 2647 433 2680 Quanto
450 2650 533 2684 igitur
544 2651 647 2685 justius
662 2658 744 2688 atque
754 2659 830 2681 extra
847 2663 955 2684 omnem

165 2693 382 2720 controversiam
406 2700 459 2726 est,
479 2702 539 2721 eatn
554 2697 688 2724 stabiliter
714 2706 770 2733 pra:
801 2700 957 2729 arbitrariis

165 2737 310 2766 formulam
326 2739 452 2774 retinere,
465 2749 546 2776 quam
559 2743 646 2777 ipsitts
657 2744 780 2773 veritatis
791 2746 882 2782 lingua
896 2755 957 2782 pro-

198 2859 258 2877 sus
277 2860 337 2889 Αυι,
356 2869 386 2893 ιι,
402 2862 454 2894 58;
475 2871 488 2890 κ
504 2862 546 2890 48.
587 2864 608 2880 ’⁵
626 2865 685 2893 Act.
703 2873 760 2898 xtx,
780 2866 805 2894 ὃ.

1037 263 1103 289 Τίνα
1126 264 1154 291 δὲ
1177 265 1296 294 διάνοιαν
1318 269 1352 296 τὰ
1373 271 1486 299 τοιαῦτα
1505 274 1615 308 ῥήματα
1639 276 1686 302 καὶ
1705 263 1820 312 ὀνόματα

1035 308 1202 337 ἀναπτύσσει
1216 313 1263 339 καὶ
1277 314 1459 350 διερμηνεύει,
1474 318 1565 346 οὐκέτι
1576 321 1679 352 παντὸς
1688 323 1747 349 ἐστι
1765 332 1821 349 συν.

1037 353 1115 381 ιέναι.
1134 355 1215 390 Λέγει
1237 358 1285 392 μὲν
1305 359 1351 386 οὖν
1365 362 1391 394 γὸ
1403 352 1558 397 ’κορυφαῖος
1576 365 1678 400 Πέτρος
1689 369 1729 399 είς
1743 372 1808 403 μετὰ

1035 406 1109 426 νοιαν
1133 401 1197 433 τοὺς
1232 402 1373 437 Ἰουδαίους
1400 407 1556 441 ὲπαλεὶφων
1586 411 1633 437 καὶ
1659 414 1815 448 συγγνώμη.

1034 445 1277 482 εὐαγγελιζόμενος
1292 450 1339 484 τῆς
1354 453 1522 486 μιαιφονίας·
1540 464 1549 480 t
1565 445 1748 493 Βαπτισθητω
1760 445 1818 486 ἐκέ.

1034 499 1096 523 στος
1109 493 1186 527 ὑμῶν
1201 495 1230 521 ἐν
1248 496 1287 530 τῷ
1299 496 1411 532 ὀνόματι
1435 499 1523 534 Ἰησοῦ
1539 502 1656 536 Χριστοῦ
1666 505 1708 535 εἰς
1726 505 1815 538 ἄφεσιι

1033 536 1187 570 ἁμαρτιῶν.
1206 549 1215 564 ι
1232 539 1287 566 Kal
1297 541 1378 568 πάλιν
1395 543 1427 569 ἐκ
1444 543 1519 576 θείας
1538 547 1683 579 ἐπιπνοίας
1697 536 1817 576 τὸν-ἐκα-

1032 583 1179 620 τόνταρχον
1191 586 1373 620 βαπτίσασθαι
1389 593 1566 625 προτραπεὶς,
1577 593 1658 621 αὐτόν
1670 604 1700 621 τε
1717 597 1818 632 Κορνή-

1032 627 1088 654 λιον
1104 630 1150 656 καὶ
1175 632 1237 663 τοὺς
1255 633 1315 666 μετ’
1332 635 1415 661 αὑτοῦ
1433 634 1481 670 τῆς
1505 638 1716 673 παλιγγενεσίας
1738 627 1816 674 ἀὲιοί,

1031 674 1062 700 τὸ
1071 674 1157 709 δῶρον
1172 677 1263 709 αὐτοῖς
1275 679 1326 713 τῆς
1343 680 1467 714 ἀφέσεως
1483 683 1511 708 ἐν
1524 683 1562 718 τῷ
1576 684 1688 719 ὀνόματι
1700 687 1747 712 τοῦ
1763 688 1817 713 Κυ-

1032 720 1090 754 ρίου
1106 721 1265 756 ἰερουργῶν.
1282 724 1336 751 Καὶ
1349 725 1420 752 κατὰ
1430 726 1479 762 τὴν
1501 729 1617 762 Ἔφεσον
1631 729 1659 756 δὲ
1677 728 1749 766 ἦσαν
1770 741 1817 766 μα-

1031 764 1110 799 θηταὶ
1122 766 1147 792 οἳ
1163 767 1243 801 μόνον
1260 769 1298 804 τῷ
1311 769 1358 796 τοῦ
1376 772 1498 799 Ἰωάννου
1516 774 1686 810 βαπτίσματι
1705 777 1816 805 ἐϐαπτί-

1031 820 1124 839 σαντο·
1134 813 1180 845 οὓς
1197 815 1244 841 καὶ
1258 816 1406 850 ἀκούοντας
1421 819 1468 846 τοῦ
1483 821 1590 848 Παύλου
1597 822 1783 857 διδάσκοντος,
1801 827 1815 860 ἡ

1033 858 1137 894 ἱστορία
1152 861 1304 897 ἀναγράφει
1321 864 1461 898 ἐπιθέντος
1473 868 1566 900 αὐτοῖς
1583 870 1629 895 τοῦ
1654 858 1815 898 mnam)»;

1043 905 1076 936 ὰς
1094 905 1265 942 ίλαστηρίους
1281 911 1374 944 χεῖρας
1386 911 1426 943 είς
1441 912 1470 938 τὺ
1487 913 1571 948 ΰνομα
1581 914 1628 941 τὸῦ
1642 916 1747 951 Κυρίου
1767 917 1816 953 ἰη-

1025 950 1072 977 σοῦ
1085 952 1215 987 Χριστοῦ,
1232 954 1263 980 τὸ
1280 955 1406 991 οὐράνιον
1418 957 1468 991 τῆς
1490 959 1626 992 υἱοθεσίας
1639 962 1728 997 δῶρον
1740 964 1815 996 δέξα-

1024 997 1095 1030 σθαι,
1108 999 1156 1024 xci.
1169 999 1428 1037 τῆςὲπιφοιτήσεως
1444 1005 1596 1032 ἀπολαῦσαι
1615 1007 1662 1034 τοῦ
1683 1010 1815 1043 παναγίου

1024 1042 1193 1078 Πνεύματος.
1221 1046 1276 1072 Καὶ
1297 1048 1382 1083 μυρία
1400 1049 1429 1075 δὲ
1454 1049 1521 1076 ἄλλα
1545 1051 1659 1079 τοιαῦτα
1681 1042 1816 1081 κατὰγτδν

1022 1089 1114 1123 ὅμοιον
1126 1090 1181 1116 τῶν
1199 1092 1330 1127 ῥημάτων
1349 1093 1433 1120 τύπον
1454 1095 1500 1121 τοῦ
1518 1096 1706 1132 βαπτίσματος
1722 1099 1814 1135 ἐξενη-

1022 1135 1140 1169 νεγμένα
1156 1136 1355 1173 ἀταλαιπώρως
1384 1139 1441 1166 ἐστὶ
1468 1141 1697 1177 καταλαμϐάνειν.
1728 1145 1811 1179 Πλὴν.

1022 1179 1060 1212 ὡς
1073 1181 1190 1216 εἴρηται,
1206 1182 1337 1217 πολλάκις
1350 1185 1380 1212 τὸ
1391 1186 1536 1223 πρόχειρον
1548 1188 1599 1223 τῆς
1611 1190 1763 1225 ἑρμηνείας
1779 1191 1815 1225 τῷ

1023 1225 1099 1259 βάθει
1113 1227 1313 1263 καταδυόμενον
1327 1232 1377 1266 τῆς
1387 1232 1464 1267 ἱερᾶς
1477 1233 1607 1267 διανοίας,
1623 1235 1656 1261 ἂν
1676 1235 1714 1270 μὴ
1730 1244 1815 1271 τερος-

1022 1270 1091 1307 λάὸῃ
1109 1271 1158 1307 τὴν
1181 1274 1375 1309 φιλολογοῢσαν
1404 1277 1524 1312 βάσανον
1546 1280 1594 1306 καὶ
1618 1270 1815 1317 μελέτηνξτῆς

1022 1315 1157 1351 ἀσαφείας
1179 1319 1226 1345 καὶ
1242 1319 1293 1354 τῆς
1308 1322 1379 1348 κατὰ
1399 1323 1450 1358 τὴν
1471 1324 1605 1360 ὑπόληψιν
1624 1315 1748 1358 στάσεως
1767 1315 1815 1353 οὐνκ

1021 1361 1109 1388 ἐθέλει
1130 1363 1359 1394 ἀπαλλάττεσθαι.
1384 1368 1441 1394 Kal
1468 1369 1522 1404 γὰρ
1538 1371 1553 1405 ἡ
1572 1371 1643 1397 κατὰ
1656 1372 1707 1403 τὰς
1724 1372 1815 1406 φωνὰς

1021 1406 1176 1442 ἀδιάκριτος
1192 1411 1401 1446 συγκατάθεσις,
1417 1415 1463 1440 καὶ
1484 1416 1500 1450 ἡ
1515 1416 1584 1442 κατὰ
1608 1417 1658 1452 τὴν
1672 1418 1815 1452 ἁπήχησιν

1020 1451 1075 1479 τῶν
1090 1454 1221 1489 ῥημάτων
1239 1457 1391 1493 παραδοχὴ,
1409 1458 1476 1486 ἄλλα
1492 1468 1521 1486 τε
1538 1461 1623 1488 πολλὰ
1634 1451 1688 1488 τῶν
1704 1451 1816 1490 ἀτοπων

1019 1497 1048 1524 ἐν
1066 1498 1173 1532 πολλοῖς
1185 1501 1313 1534 πολλάκις
1324 1503 1442 1531 άπέτεκε
1455 1513 1462 1520 ·
1481 1507 1528 1533 καὶ
1540 1507 1588 1532 νῦν
1599 1507 1633 1533 ἂν
1649 1508 1698 1535 οὐκ
1711 1509 1752 1539 είς
1765 1509 1812 1535 δύο

1020 1543 1131 1576 τελετὰς
1145 1545 1228 1580 μόνας
1240 1547 1271 1573 τὸ
1290 1549 1403 1583 φρικτὸν
1416 1550 1466 1585 τῆς
1492 1551 1701 1586 παλιγγενεσίας
1723 1553 1816 1579 διακό-

1020 1589 1106 1624 ψειεν,
1129 1591 1197 1618 ἀλλὰ
1210 1593 1258 1619 καὶ
1274 1595 1375 1629 μυρίας
1389 1595 1472 1628 ἄλλας
1484 1598 1517 1632 τῇ
1533 1599 1673 1634 κατατομῇ
1697 1599 1815 1634 προϐαι-

1019 1635 1117 1667 νούσας
1131 1637 1272 1672 ἐπιδείξει,
1295 1640 1345 1675 τὴν
1371 1642 1484 1678 πρώτην
1506 1643 1664 1679 προσθήκην
1685 1645 1817 1679 ἀφορμὴν

1019 1680 1137 1715 εὑροῦσα
1158 1683 1212 1710 τῶν
1229 1686 1297 1719 μετὰ
1317 1684 1435 1723 ταύτην·
1463 1690 1510 1715 καὶ
1526 1690 1567 1721 είς
1592 1689 1696 1725 πλῆθος
1715 1691 1816 1716 ἀπολε-

747 1716 898 1752 εὐσεϐεῑας,
931 1722 979 1749 καὶ
997 1723 1027 1750 τὸ
1061 1727 1110 1762 τῆς
1133 1716 1330 1765 μυσταγωγίας
1350 1716 1486 1768 μονοειδὲς
1502 1716 1738 1771 καίμονότροπον
1755 1746 1762 1752 ·
1781 1737 1815 1768 ἃς

171 1747 262 1775 οὐκέτι
287 1754 549 1790 παραγραφόμενον,
566 1758 628 1785 οὐδὲ
645 1760 696 1795 τὴν
711 1747 828 1799 ’πρώτην
841 1747 1175 1805 ὲπσίπλθσῦσάυίάάιᾋ

1204 1778 1352 1814 προνόμιον
1380 1780 1429 1815 τῆς
1448 1781 1616 1816 Δεσποτικῆς
1646 1781 1758 1817 ἐντολῆς
1772 1792 1818 1809 νο·

1056 1890 1088 1908 ε.
1104 1881 1176 1917 Ὅρα
1190 1882 1218 1909 δὲ
1239 1883 1279 1915 είς
1295 1883 1367 1912 πόσα
1385 1886 1549 1921 κατατέμνει
1566 1887 1613 1914 καί⁸
1631 1890 1815 1925 καταμερίζει

1019 1926 1050 1953 τὺ
1065 1926 1136 1953 θεῖον
1148 1928 1195 1955 καὶ
1218 1929 1342 1964 οὐράνιον
1356 1930 1480 1966 χάρισμα
1499 1932 1550 1967 τῆς
1569 1934 1706 1967 υἱοθεσίας
1725 1937 1742 1972 ἡ
1759 1938 1815 1963 τῶν

1020 1973 1151 2007 ῥημάτων
1160 1973 1197 2005 ὡς
1211 1973 1341 2007 πολλάκις
1354 1975 1460 2012 ἔφημεν
1472 1978 1653 2012 ἀϐασάνιστος
1669 1982 1796 2018 προσοχὴ
1805 2004 1814 2016 ,

1019 2017 1065 2042 καὶ
1090 2017 1121 2043 τὺ
1150 2017 1188 2053 μὴ
1215 2018 1359 2053 βούλεσθαι
1383 2021 1452 2056 πρὸς
1469 2022 1500 2048 τὸ
1515 2023 1595 2058 βάθος
1617 2025 1666 2059 τῆς
1681 2017 1815 2061 ἀληθείας

1015 2062 1207 2091 καταδύεσθαι.
1231 2064 1263 2091 Ἡ
1290 2066 1340 2101 μὲν
1359 2067 1414 2103 γὰρ
1439 2069 1510 2095 κατὰ
1531 2070 1580 2103 τὴν
1604 2071 1735 2099 ὑπόθεσιν
1756 2073 1814 2099 τῶν

1014 2107 1084 2143 πρὸς
1108 2109 1156 2141 τὰς
1177 2109 1264 2142 λέξεις
1289 2114 1454 2148 κεχηνὸτων,
1471 2116 1500 2141 ἐν
1524 2116 1563 2151 τῷ
1580 2108 1695 2152 ¹ὀνόματι
1721 2119 1812 2154 Ἰησοῦ

1013 2153 1133 2189 Χριστοῦ
1150 2154 1288 2190 βαπτίζει,
1311 2158 1378 2193 άλλη
1399 2159 1428 2186 δὲ
1448 2161 1477 2186 ὲν
1494 2160 1533 2195 τῷ
1556 2162 1668 2196 ὀνόματι
1687 2163 1736 2190 τοῦ
1753 2153 1812 2191 Ku-

1014 2199 1074 2234 ρίου
1090 2201 1182 2235 μόνον.
1199 2202 1258 2229 Τίνι
1280 2203 1327 2230 οὖν
1341 2204 1395 2231 τῶν
1417 2206 1572 2241 εἰρημένων
1590 2208 1618 2234 ἐν
1640 2210 1673 2244 τῇ
1690 2210 1739 2236 τοῦ
1758 2211 1813 2238 δὼ-

1014 2254 1061 2281 ρου
1086 2247 1276 2284 τελεσιουργίᾳ
1303 2251 1479 2286 χρησόμεθα;
1509 2253 1564 2280 Οὐκ
1587 2253 1678 2289 ἔχουσι
1702 2256 1758 2292 γάρ
1781 2257 1812 2283 τὸ

1013 2292 1203 2328 παραλλάττον
1216 2295 1276 2321 οὐδὲ
1290 2295 1320 2322 τὸ
1341 2299 1560 2332 προκεκριμένον
1575 2301 1724 2335 κεχρῆσθαι
1751 2304 1811 2334 ταῖς

1013 2337 1187 2374 βουλομένοις
1209 2340 1238 2366 αἱ
1262 2342 1350 2375 φωναί
1368 2349 1375 2357 ·
1390 2343 1437 2369 καὶ
1462 2344 1476 2369 ὀ
1495 2344 1560 2378 μίαν
1577 2346 1630 2371 τῶν
1652 2347 1810 2381 εἰρημένων

1013 2386 1273 2421 παραγραφόμενος,
1290 2387 1392 2415 ἔδωκεν
1407 2388 1466 2416 ὁδὸν
1485 2389 1518 2416 δι’
1531 2387 1565 2426 ἦς
1585 2391 1676 2423 ἕξουσι
1692 2393 1723 2418 τὸ
1739 2395 1810 2428 κρά-

1009 2438 1056 2461 τος
1067 2431 1178 2458 καὶτῶν
1191 2432 1279 2459 ἄλλων
1299 2434 1326 2459 αί
1351 2435 1543 2470 παραγραφαί.
1561 2437 1616 2462 Καὶ
1628 2436 1700 2464 οὕτω
1714 2438 1811 2470 πάσας

1009 2476 1083 2502 κατὰ
1095 2477 1190 2503 πασῶν
1206 2478 1426 2513 παρατάττεσθαι
1439 2480 1630 2508 συνελάσουσιν
1644 2480 1722 2516 οἴμαι
1737 2484 1812 2510 κατὰ

1006 2520 1055 2556 τὴν
1070 2519 1236 2557 δεσποτικὴν
1248 2524 1446 2558 μυσταγωγίαν
1455 2525 1597 2558 τελοῦντες
1608 2526 1639 2552 τὸ
1651 2526 1809 2563 βάπτισμα.

1007 2567 1061 2594 Καὶ
1077 2569 1101 2594 εὶ
1125 2567 1229 2595 δέδοται
1251 2569 1324 2596 κατὰ
1337 2570 1387 2602 τὰς
1408 2571 1579 2606 ἐκφωνήσεις
1600 2573 1649 2607 τῆς
1669 2575 1810 2609 μυστικῆς

1007 2613 1145 2645 υἱοθεσίας
1162 2614 1193 2640 τὸ
1209 2614 1258 2650 μὲν
1278 2615 1388 2650 ἀφελεῖν
1400 2636 1407 2649 ,
1421 2617 1452 2643 τὸ
1466 2617 1494 2643 δὲ
1512 2618 1682 2653 προσθεῖναι,
1700 2620 1727 2645 τί
1751 2629 1810 2647 κω-

1006 2658 1064 2686 λύει
1088 2660 1170 2686 πάλιν
1185 2660 1248 2692 τοὺς
1273 2660 1456 2696 βουλομένους
1473 2663 1520 2689 καὶ
1539 2664 1615 2698 παρὰ
1627 2664 1676 2695 τὰς
1690 2666 1808 2700 εἰρημέ-

1011 2710 1059 2736 νας
1075 2705 1172 2741 ἐτέρας
1195 2707 1314 2733 ἐπινοεῖν
1328 2707 1459 2741 teletae;
1484 2709 1564 2744 Πόσῳ
1579 2709 1607 2736 δὲ
1626 2710 1729 2744 μᾶλλον
1743 2712 1807 2738 ἀντὶ

1009 2750 1064 2777 τῶν
1076 2750 1290 2787 οὒκείρημένων
1309 2753 1342 2788 ἢν
1356 2753 1373 2788 ὴ
1389 2753 1439 2789 τῆς
1454 2744 1583 2790 ἀληθὲιας
1597 2755 1683 2792 αὐτῆς
1701 2756 1806 2784 ἀπεθέ-
