1878 3057
57 171 98 204 309
488 167 538 195 AD
566 163 864 195 AMPHILOCHIUM

56 234 123 254 σπισε
133 224 240 259 γλῶσσα
263 222 366 257 ταύτην
382 220 539 256 κρατύνειν,
559 220 607 247 καὶ
627 219 698 246 κατὰ
720 218 822 253 ταύτην
837 221 860 248 Α

54 272 157 299 ἐκτελεῖν
167 270 212 305 τὴν
226 260 434 303 παλιγγενεσίαν
447 266 519 293 ὅσιόν
531 275 561 293 τε
572 266 618 292 καὶ
630 265 720 297 αἰτίας
731 264 822 299 πάσης

54 314 254 352 ὑπερανεστηκός
264 323 272 348 ;

83 360 114 396 ς’,
139 362 191 389 Καὶ
214 360 288 387 οὔπω
311 358 387 386 εἷπον
412 358 465 385 τῶν
483 357 601 392 ἐλέγχων
614 356 649 389 τδξ
660 356 766 391 ἄμαχον
781 355 821 382 ὃτι

54 409 151 435 δώσουσι
162 406 210 433 κᾶν
225 406 262 441 μὴ
277 405 390 431 θέλωσιν
403 405 427 430 οἱ
441 404 490 438 τὴν
501 402 665 436 δεσποτικὴν
678 409 824 436 μυσταγω-

46 454 105 489 γγίαν
132 452 176 479 ἀπ’
200 451 287 486 ἀρχῆς
301 450 435 481 λιπόντες,
457 449 589 484 ἀπείρους
609 448 658 480 τὰς
683 447 740 482 τῆςς
759 447 823 482 μιᾶς

44 493 170 541 ξυίοθεσίας
187 496 308 528 τελετὰς,
324 496 372 522 καὶ
387 495 427 526 είς
447 494 547 530 χλεύην
560 493 591 520 τὺ
605 493 729 528 χάρισμα
744 501 823 526 περι-

56 545 175 580 στήσουσι.
191 541 355 568 Βαπτίσουσι
377 540 405 566 δὲ
422 541 470 566 καὶ
484 539 576 565 οὐκέτι
593 538 639 565 τοῦ
661 537 756 572 ἱερέως
774 537 824 569 τὰς

56 589 196 624 θεοπρεπεῖς
217 586 460 622 μυσταγιυγοῦντος
476 585 598 620 κλήσεις,
615 584 674 611 ἀλλ’
692 583 781 611 αὑτοῦ
791 591 824 617 γε

56 634 92 660 τοῦ
105 632 247 667 μυουμένου
267 631 322 666 πρὸ
344 629 391 657 τοῦ
414 630 550 664 μυηθῆναι
568 628 618 664 τὴν
640 627 824 663 μυσταγωγὴν

56 679 137 715 πρᾶξιν
153 678 329 713 ἁρπάζοντος,
342 676 389 702 καὶ
402 675 463 702 τότε
477 676 526 710 οὐχ
540 675 649 710 ἐτέρους
660 673 718 700 ἀλλ’
729 673 825 699 ἑαυτὸν

56 726 211 759 καθαίροντος
223 725 263 759 τῷ
277 722 382 758 λουτρῷ
399 721 449 757 τῆς
463 721 683 755 παλιγγενεσίας.
701 720 758 746 Καὶ
771 719 825 755 γὰρ

56 774 78 798 ἐν
92 772 176 802 αὑταῖς
193 771 250 796 ἐστι
269 770 324 796 τῶν
339 769 495 796 ἀποστόλων
507 767 597 803 εὑρεῖν
618 767 678 798 ταῖς
693 767 824 801 ἁγιοπρε-

57 817 108 843 πέει
131 816 272 851 Πράξεσιν,
298 815 336 846 ὡς
359 814 413 840 τῶν
437 813 566 849 μαθητῶν
597 811 637 844 εἷς
663 812 792 848 ὑπάρχων
812 812 826 838 ὁ

62 862 180 893 Ἀνανίας,
208 861 256 887 καὶ
280 860 354 891 θείας
375 859 463 894 ὅψεως
485 857 707 893 προσταττούσης
727 858 766 889 είς
780 857 826 883 τὸν

55 908 120 943 χορὸν
141 908 192 933 τῶν
212 905 376 938 ἀποστόλων]
393 903 557 937 συναγαγεῖν
572 903 624 939 τὴν
648 901 765 937 διώκτην
780 903 827 928 καὶ
841 897 864 926 Β

55 953 124 979 δεινὸν
137 952 262 987 πολέμιον
285 950 335 985 τῆς
349 948 489 979 εὐσεΰείας
507 948 552 975 τὸν
569 947 647 974 οὔπω
662 947 767 973 Παῦλον
781 955 827 980 γε-

56 999 145 1033 γονότα,
168 997 249 1032 ἡνίκα
268 996 315 1023 καὶ
337 996 367 1022 τὸ
389 994 544 1030 σωματικὴν
562 993 656 1024 σκότος
672 992 726 1019 τῶν
740 992 828 1027 ὄψεων

55 1045 81 1078 τῇ
100 1045 145 1078 τῆς
162 1042 253 1077 χειρὸς
274 1042 330 1076 ἀφῇ
358 1042 372 1067 ὁ
399 1039 579 1076 μυσταγωγὸς
604 1038 651 1065 τοῦ
676 1039 827 1073 μυουμένου

56 1089 166 1125 περιεῖλε,
179 1090 239 1115 τότε
252 1088 286 1123 δὴ
304 1088 365 1114 τότε
387 1087 401 1112 ὁ
424 1087 549 1118 Ἀνανίας
564 1085 633 1121 πρὸς
651 1084 698 1111 τὸν
716 1086 749 1111 ἐκ
765 1085 829 1111 σκό-

55 1144 104 1166 τους
119 1135 154 1166 εῐς
168 1135 197 1161 τὸ
211 1133 268 1168 φῶς
288 1133 335 1159 καὶ
352 1132 397 1158 τὸν
411 1131 474 1158 νοῦν
487 1131 536 1157 καὶ
549 1130 598 1161 τὰς
614 1130 691 1163 ὄψεις
711 1129 829 1164 μεταϐε-

55 1182 182 1216 ἥλημένον,
208 1179 256 1206 καὶ
279 1178 338 1211 νῦν,
363 1178 441 1212 φησὶ,
473 1177 506 1203 Τί
531 1176 658 1211 μέλλεις;
686 1175 828 1207 Ἀναστὰς,

56 1226 163 1261 βάπτισαι
173 1226 219 1252 καὶ
231 1224 382 1251 ἀπόλουσαι
391 1222 441 1254 τὰς
454 1221 591 1257 ἁμαρτίας
604 1230 651 1248 σου
665 1220 830 1247 ἐπικαλεσά-

57 1280 121 1306 μενος
131 1272 158 1298 τὸ
172 1272 259 1305 δνομα
270 1270 317 1296 τοῦ
329 1268 432 1304 Κυρίου
445 1276 452 1284 ·
470 1268 502 1294 σὺ
517 1266 762 1302 ἐπικαλεσάμενος,
773 1265 829 1292 ἀλλ’

55 1319 102 1355 οὐχὶ
113 1320 178 1350 τινος
189 1318 284 1353 ἑτέρου
299 1316 432 1352 μυοῦντος
445 1312 505 1342 οὐδὲ
519 1314 664 1350 ὲπᾴδοντος
676 1314 726 1345 τὰς
740 1313 830 1340 θεολό-

55 1374 107 1398 γους
119 1365 234 1400 κλήσεις.
256 1364 288 1390 Τί
311 1363 411 1394 λέγεις.
425 1363 439 1388 ὁ
460 1361 612 1397 μυούμενος
624 1362 688 1396 πρὶν
705 1359 721 1394 ἢ
738 1359 830 1394 τυχεῖν

57 1411 242 1446 τῆς”μνήσεως
276 1408 487 1444 ὲμυσταγώγει;
513 1407 527 1433 ὁ
544 1406 594 1441 τῆς
618 1404 831 1438 παλιγγενεσίας

56 1455 172 1491 δεόμενος,
189 1455 273 1486 αὐτὸς
294 1455 405 1489 ἐνήργει
424 1453 474 1488 τὴν
498 1450 726 1485 παλιγγενεσίαν;
745 1450 759 1475 ὁ
783 1448 830 1475 τοῦ

57 1502 134 1538 ἱερέως
144 1503 218 1537 χερσὶ
234 1502 283 1528 καὶ
297 1500 399 1535 χείλεσι
410 1498 469 1525 τελε
475 1497 610 1531 ιούμενος,
624 1496 706 1527 αὐτὸς
716 1496 747 1522 τδ
756 1495 829 1522 ὲκεί-

57 1557 92 1575 von
110 1549 234 1584 ἁρπαζων
250 1547 359 1582 ἀξίωμα
385 1545 473 1580 ἑαυτῷ
487 1545 536 1579 τὴν
549 1543 706 1577 τελειότητα
725 1541 830 1578 περιτί-

57 1579 169 1629 summa
185 1579 241 1630 γὰρ
260 1593 306 1620 τοῦ
320 1579 484 1628 γράμματος
497 1590 658 1617 ἐπιπόλαιον
672 1609 679 1622 ,
695 1585 717 1623 ᾧ
735 1597 831 1615 πεποιο
846 1579 868 1607 c

58 1641 120 1672 θόςες
131 1641 176 1676 τὴν
192 1639 361 1673 Δεσποτικὴν
375 1637 484 1672 ἐντολὴν
499 1638 737 1671 παραγράφονται,
753 1634 833 1661 τοῦτο

62 1687 158 1721 »ομίζειν
176 1686 276 1717 αὐτοὺς
290 1687 336 1712 καὶ
349 1685 386 1719 μὴ
399 1682 577 1718 βουλομένους
591 1682 711 1708 ἀπαιτεῖ.
727 1680 834 1716 Τρόπος

58 1730 94 1758 οὖν
106 1729 176 1762 οὗτος
192 1731 273 1761 ἄλλος
295 1730 420 1765 μυήσεως
437 1727 532 1763 μηδενὶ
549 1727 608 1753 ’τῶν
625 1725 832 1761 προειρημένων

59 1777 255 1812 συμφερόμενος.
281 1776 366 1802 Ὅταν
383 1774 411 1801 δὲ
423 1775 437 1801 ὁ
457 1774 604 1809 κορυφαῖος
619 1772 667 1804 τὰς
688 1771 834 1802 καθολικὰς

60 1823 216 1858 παραινέσεις
227 1823 343 1858 γράφων
359 1822 415 1852 τοῖς
427 1819 482 1846 τῶν
490 1819 625 1846 Ἰουδαίων
641 1819 671 1844 ὲν
687 1815 832 1851 διασπορᾷ,

58 1868 89 1903 τῷ
101 1869 184 1904 δρόμῳ
206 1870 258 1904 τῆς
288 1867 410 1902 γλώττης
433 1865 482 1893 καὶ
505 1864 544 1900 τῷ
561 1864 638 1899 τάχει
658 1863 707 1898 τῆς
726 1862 834 1898 γραφῆς

59 1914 134 1949 λερσὶν
149 1915 248 1949 ἀμφοῖν
266 1912 440 1940 καθυπάτευε
455 1911 524 1946 (40),
539 1910 570 1936 τὸ
586 1909 727 1945 βάπτισμα
743 1915 834 1934 συνει-

58 1960 142 1995 δήσεως
150 1961 333 1987 ἀπεθέσπισεν
342 1958 511 1992 ἀγαθῆς,οὐκ
523 1957 554 1983 ὲκ
563 1955 686 1991 τρίποδος
695 1953 835 1990 χρώμενος

60 2007 181 2040 μαντικοῦ,
204 2007 264 2034 ἀλλ’
281 2006 314 2032 ὲκ
330 2005 480 2039 θεολήπτου
494 2002 587 2038 ψυχῆς
604 2000 756 2037 ίερολογῶν·
777 1999 835 2027 ἀλλ’

58 2051 100 2086 ἄρα
112 2053 167 2087 οὐχί
179 2053 210 2079 σὺ
225 2052 308 2078 πάλιν
323 2048 521 2086 ἀρπάσαιςςτὴν
532 2048 614 2081 λέξιν,
630 2047 677 2073 καὶ
690 2054 835 2081 μυσταγως-

58 2098 106 2130 γίας
115 2099 204 2133 ἑτέρας
222 2098 368 2132 εἰσήγησιν
379 2095 429 2122 οὐκ
443 2094 641 2129 ἁνακηρύξαις,
658 2092 707 2119 καὶ
720 2091 834 2126 λουτρὸν

58 2142 202 2176 ἐγιαινίζειν
219 2143 428 2178 ἁμαρτημάτων
439 2140 650 2175 καθάρσιον,οὑκ
661 2139 704 2165 ἐπ’
721 2138 833 2173 ὀνόματι

58 2188 95 2214 τοῦ
108 2189 203 2226 Κυρίου
222 2188 312 2224 Ἰησοῦ
332 2187 509 2221 τελούμενον,
526 2184 587 2212 οὐδὲ
603 2183 662 2211 κατ’
677 2183 757 2211 ἄλλον
771 2182 834 2210 τινὰ

58 2233 100 2260 τῶν
114 2235 263 2270 είρημένων
277 2234 357 2267 λόγον
374 2231 650 2275 μυσταγωγούμενον,
663 2229 730 2256 ἀλλὰ
747 2237 836 2256 συνει-
851 2245 875 2275 D

58 2277 145 2312 δήσεως
158 2280 263 2315 ἀγαθῆς
278 2280 317 2310 εἰς
329 2278 396 2305 Θεὸν
409 2277 531 2313 ὑπάρχον
545 2270 730 2311 ὲπερῶτημα;
752 2275 835 2310 Ὁρᾷς

58 2324 117 2357 licet;
139 2327 248 2356 ἀτόποις
265 2325 378 2356 ἑαυτοὺς
398 2323 559 2355 ἐκδιδόασιν,
574 2320 614 2353 οἷς
635 2322 652 2356 ἡ
666 2321 720 2347 τῶν
735 2321 836 2354 ὀνομά-

59 2376 101 2395 των
121 2370 299 2401 ἀϐασάνιστος
326 2368 452 2404 προφορά
474 2367 526 2401 τῆς
545 2367 575 2392 ὲν
597 2366 653 2396 τοῖς
676 2365 836 2399 πράγμασιν

59 2413 169 2449 ἀληθείας
184 2414 396 2451 προτετίμηταις
421 2413 503 2440 Ἀλλὰ
515 2412 542 2438 τί
556 2420 626 2446 φημι
639 2411 686 2438 καὶ
702 2411 795 2447 ἕτερόν
809 2418 836 2436 τι

63 2459 102 2485 τῶν
115 2461 264 2496 εἰρημένων
279 2460 385 2491 οὐδενὸς
400 2457 646 2493 ἁνεπαχῦέστερον,
659 2457 702 2483 ίνσι
712 2457 749 2492 μὴ
764 2456 835 2490 λέγω

61 2505 152 2532 πάντων
167 2506 336 2542 βαρύτερον;
357 2506 390 2532 Ἡ
409 2504 456 2531 τοῦ
472 2505 626 2540 πνεύματος
643 2504 835 2538 μεγαλόφωνος

63 2550 161 2586 σάλπιγξ
185 2553 291 2584 Παῦλος
320 2553 335 2578 ὁ
356 2551 503 2586 μετάρσιος
523 2550 666 2585 ἄνθρωπος
691 2549 763 2583 μέγα
789 2549 837 2575 καὶ

65 2599 191 2632 περιφανὲς
200 2599 399 2629 ἀπεσάλπισεν,
415 2598 452 2629 ὡς
468 2599 509 2629 είς
524 2597 570 2624 τὸν
582 2597 697 2624 θάνατον
714 2594 833 2630 Χριστοῦ

63 2642 127 2676 ἡμεῖς
140 2645 351 2680 ἐϐαπτίσθημεν.
360 2645 492 2677 Ἀκούεις,
507 2643 645 2679 ἄνθρωπε,
661 2642 729 2669 ἀλλὰ
743 2642 834 2677 προεῖ-

105 2724 125 2739 ¹⁶
139 2724 196 2752 Act.
218 2732 257 2757 Ix,
270 2725 303 2752 ll)
316 2731 374 2759 seq.
413 2723 436 2740 ’⁷
451 2723 544 2751 ll‘etr.
560 2730 602 2755 ιιι,
617 2721 663 2748 2|.
701 2720 725 2736 ³³
739 2719 818 2747 ltom.
838 2726 876 2750 vr.

892 163 1064 199 QUIESTIO
1090 161 1196 194 XLIII.
1612 157 1665 190 310

873 219 1032 250 nuntiavit,
1069 223 1152 253 atque
1190 217 1272 252 hujus
1308 216 1398 244 verbis
1432 214 1664 250 regenerationem

874 273 937 302 pera
941 273 1002 301 gere
1009 265 1021 292 ?

913 357 939 384 6.
952 355 1080 383 Nondum
1098 360 1189 382 tamen
1208 353 1338 381 invictam
1351 351 1449 386 protuli
1461 351 1598 386 opinionis
1613 350 1666 378 hu-

874 403 920 438 jus
937 401 1144 433 refutationem;
1163 407 1261 434 nempe
1274 398 1347 434 quod
1362 398 1407 432 qui
1424 397 1595 424 Dominicnm
1611 396 1665 422 ini-

877 449 999 476 tiationis
1010 448 1091 475 ritum
1108 447 1233 473 deserere
1243 446 1387 479 coeperint,
1406 444 1423 470 ii
1436 443 1478 470 vel
1493 443 1567 469 inviti
1584 443 1666 469 intru-

869 493 1021 522 ‘merabiles
1033 493 1114 519 unius
1129 491 1288 525 adoptionis,
1298 490 1418 517 rationes
1435 489 1593 523 procudent,
1605 495 1668 522 gra-

879 539 998 572 tiamque
1011 538 1082 564 hanc
1098 536 1216 563 ludibrio
1234 535 1375 567 objicient.
1402 533 1583 568 Baptizabnnt
1595 533 1666 559 enim

878 584 951 612 haud
973 584 1030 618 jam
1044 581 1184 609 sacerdote
1205 581 1312 607 divinas
1328 584 1466 614 prteeuute
1482 578 1669 605 invocationes

878 636 972 657 verum
987 629 1045 663 ipso
1062 627 1211 662 neophyto,
1224 630 1370 660 antequam
1385 624 1518 656 initietur,
1533 627 1670 657 mystago-

879 676 969 710 gicum
985 678 1076 701 actum
1093 672 1144 700 sibi
1161 672 1317 699 vindicante
1331 679 1337 697 :
1351 671 1388 697 ita
1402 674 1430 697 ut
1453 669 1524 696 haud
1540 669 1608 695 alios
1623 668 1669 695 sed

879 721 937 755 ipse
958 727 987 747 se
1014 719 1124 745 lavacro
1148 716 1361 751 regenerationis
1379 715 1479 749 expiet.
1510 714 1614 740 Etenim
1643 712 1668 738 in

879 765 982 794 sanctis
1005 765 1070 799 ipsis
1094 764 1277 799 apostolorum
1300 762 1412 789 Actibus
1425 762 1457 793 “,
1493 760 1613 787 Ananias
1637 767 1671 786 ex

880 810 1021 846 discipulis
1036 815 1118 839 unus.
1134 809 1239 836 caelesti
1255 809 1314 835 viso
1330 808 1424 842 jussus
1441 807 1468 833 in
1485 806 1669 840 apostolorum

880 863 980 885 canum
995 857 1132 884 ascribere
1147 860 1351 890 persecutorem
1371 854 1444 880 illutn
1469 860 1613 886 acremque
1630 859 1672 878 res

879 903 987 938 ligionis
1005 903 1122 932 hostem,
1140 901 1260 928 nondum
1279 899 1393 926 Paulum
1405 898 1548 930 eﬂ‘ectnm;
1565 902 1673 931 postea-

879 957 960 985 quam
986 955 1133 982 corporeas
1155 947 1283 974 tenebras
1305 953 1388 973 manu
1408 944 1534 979 imposita
1551 943 1673 969 initiator

879 995 986 1022 initialo
1000 994 1112 1028 eripuit,
1131 997 1196 1019 tunc
1210 992 1319 1019 demttm
1347 990 1466 1017 Ananias
1493 988 1607 1018 homini,
1624 986 1672 1021 qui

881 1041 980 1067 mentis
992 1040 1072 1066 simul
1090 1044 1116 1065 et
1139 1038 1282 1065 oculorum
1305 1036 1394 1063 visum
1421 1038 1561 1070 receperat
1577 1042 1584 1060 :
1601 1032 1673 1066 Quid

880 1084 1007 1116 moraris,
1021 1084 1076 1111 ait?
1092 1083 1190 1117 Surge,
1203 1083 1353 1117 baptizare,
1365 1086 1392 1108 et
1415 1086 1479 1114 tuas
1491 1079 1585 1113 culpas
1600 1079 1672 1110 elue,

880 1138 980 1158 nomen
996 1130 1104 1158 Domini
1131 1129 1282 1156 invocans:
1297 1132 1325 1155 tu
1340 1147 1348 1159 ,
1364 1128 1490 1162 inquam,
1514 1127 1571 1160 ipse
1598 1125 1675 1161 invo-

864 1184 959 1210 _cans,
979 1184 1032 1203 non
1051 1176 1123 1203 alius
1138 1175 1250 1202 initians
1264 1182 1352 1209 neque
1363 1172 1470 1200 divinas
1487 1171 1675 1199 invocationes

881 1223 1046 1258 pratcinens.
1065 1221 1136 1255 Quid
1157 1221 1218 1248 ais?
1243 1221 1295 1248 tiro
1322 1220 1441 1246 nondum
1462 1219 1596 1249 initiatus.
1617 1215 1674 1252 jam

882 1273 973 1296 tamen
998 1272 1176 1303 mystagogus
1204 1266 1286 1293 erat?
1313 1264 1525 1300 regenerationis
1555 1263 1674 1296 indigus,

882 1319 978 1342 auctor
995 1314 1077 1341 [iebat
1093 1311 1327 1347 regenerationis?
1343 1311 1389 1345 qui
1415 1308 1567 1337 sacerdotis
1587 1307 1676 1334 mani-

882 1361 934 1388 bus
945 1359 1080 1393 labiisque
1095 1357 1246 1384 initiandus
1261 1361 1331 1386 erat.
1347 1356 1406 1389 ipse
1422 1354 1504 1388 hujus
1514 1352 1676 1387 dignitatem

883 1404 1026 1437 invadens,
1054 1403 1288 1430 consecrationem
1304 1400 1413 1428 sibimet
1435 1396 1678 1432 circumponebal?

883 1451 951 1478 Nam
962 1451 1059 1478 litterae
1073 1448 1232 1484 superﬁcies
1243 1469 1249 1481 ,
1267 1455 1321 1482 qua
1337 1445 1397 1474 freti
1416 1444 1587 1472 Dominictnn
1607 1450 1678 1477 prm-

884 1502 991 1532 ceptum
1015 1497 1157 1530 abrogant,
1175 1494 1215 1521 sic
1228 1501 1275 1521 eos
1300 1497 1429 1523 statuere,
1450 1490 1500 1517 etsi
1516 1494 1616 1524 praeter
1629 1495 1678 1514 vo-

884 1543 1028 1575 luntatem,
1046 1542 1128 1576 cogit.
1155 1539 1232 1567 Alius
1263 1539 1346 1574 igitur
1374 1537 1419 1564 hic
1449 1542 1492 1564 est
1516 1533 1678 1562 initialionis

884 1590 965 1621 ritus.
980 1588 1101 1623 nullique
1118 1585 1290 1621 superiorum
1305 1583 1414 1611 similis.
1440 1580 1511 1614 Quid
1534 1587 1599 1607 vero
1615 1587 1679 1607 cum

884 1635 1010 1670 princeps
1019 1633 1204 1667 apostolorum
1214 1629 1354 1666 generales
1362 1628 1568 1656 adhortationes
1575 1627 1679 1660 disper-

885 1679 923 1706 sis
939 1677 1040 1705 Judzeis
1057 1676 1191 1708 scribens,
1208 1675 1307 1710 linguae
1323 1681 1406 1700 cursu
1428 1673 1624 1707 scripturchue
1635 1677 1680 1697 ce‘

885 1724 992 1751 lcritate
1012 1722 1140 1749 manibus
1163 1720 1268 1748 scilicet
1287 1718 1420 1746 ambabus
1443 1717 1615 1752 gubernans,
1633 1715 1680 1742 ba-

884 1770 1015 1804 ptismum
1033 1767 1209 1795 conscientize
1231 1766 1309 1793 bona:
1323 1764 1459 1791 nuntiavit
1470 1762 1503 1795 '1,
1521 1762 1594 1789 haud
1614 1768 1680 1788 sane

885 1814 997 1841 fatidico
1013 1813 1143 1840 insistens
1159 1811 1259 1846 tripodi
1273 1831 1280 1844 ,
1299 1811 1344 1837 sed
1361 1809 1451 1836 amato
1472 1807 1605 1834 divinitus
1619 1806 1680 1832 ani-

886 1867 929 1887 mo
943 1857 1077 1893 loquens?
1091 1864 1182 1883 nonne
1192 1860 1220 1883 tu
1231 1856 1281 1882 hac
1293 1857 1418 1889 protinus
1429 1854 1547 1881 dictione
1557 1853 1679 1886 abrepta,

886 1903 1100 1932 consecrationis
1118 1902 1230 1929 alterius
1242 1899 1426 1927 inventioneni
1442 1898 1615 1934 prtedicabis,
1631 1905 1680 1924 no-

886 1957 950 1976 vum
968 1956 1063 1983 nempe
1080 1948 1219 1975 lavacrum
1237 1951 1346 1981 peccata
1366 1945 1489 1979 expians,
1507 1951 1594 1978 neque
1610 1943 1635 1969 id
1652 1943 1679 1969 in

886 1993 995 2022 Domini
1015 1993 1079 2021 Jesu
1095 1993 1205 2020 nomine
1222 1991 1418 2027 peragendum,
1438 1998 1526 2025 neque
1543 1990 1596 2016 alio
1614 1996 1681 2023 quo-

887 2041 928 2068 vis
950 2040 1143 2075 praedictorum
1170 2038 1313 2065 modorum
1340 2035 1602 2066 concelebrandum.
1633 2034 1680 2060 sed

887 2087 960 2123 quod
976 2085 1150 2114 conscientia:
1166 2085 1245 2111 bona:
1268 2084 1295 2110 in
1317 2083 1399 2110 Deum
1426 2081 1603 2116 interrogatio
1628 2080 1683 2108 sit?

874 2128 955 2160 ’Hcm
971 2131 1080 2166 quantis
1093 2138 1121 2158 se
1132 2129 1351 2157 altsurditatilius
1369 2128 1510 2162 implicant
1524 2127 1560 2159 hi,
1577 2127 1623 2161 qui
1639 2126 1682 2152 in-

888 2177 1040 2205 consultam
1052 2175 1194 2202 rerborum
1208 2173 1456 2208 pronuntiationem
1468 2171 1575 2199 veritati
1590 2179 1681 2197 rerum

888 2222 1075 2263 anteponunt!
1104 2220 1159 2248 Cur
1173 2226 1256 2254 porro
1278 2218 1333 2253 jam
1351 2225 1499 2245 metuerem
1526 2217 1681 2250 exemplum

889 2261 962 2298 aliud
976 2269 1069 2296 minus
1087 2267 1243 2298 molestum,
1256 2272 1289 2292 ne
1305 2265 1393 2292 dicam
1410 2263 1532 2290 omnium
1553 2261 1683 2296 gravissi-

889 2316 982 2344 mum?
1002 2313 1161 2342 Clarissima
1179 2312 1268 2340 sancti
1285 2311 1403 2346 Spiritus
1423 2311 1487 2336 tuba
1503 2308 1621 2339 Paulus,
1638 2307 1682 2333 ille

888 2361 1013 2390 mortalis
1037 2360 1126 2387 adhuc
1150 2359 1177 2386 in
1192 2359 1292 2386 ccelum
1317 2357 1452 2388 sublatus,
1470 2354 1557 2381 Valide
1575 2353 1682 2389 perspi-

889 2415 994 2442 cueque
1009 2405 1162 2442 personuit,
1177 2412 1228 2432 nos
1240 2405 1267 2430 in
1279 2402 1382 2432 Christi
1395 2406 1480 2429 morte
1493 2400 1577 2427 fuisse
1593 2399 1683 2433 bapti-

890 2460 976 2482 zatos.
992 2451 1090 2480 Audin‘
1104 2451 1206 2478 homo?
1218 2449 1300 2484 Atqui
1315 2448 1386 2475 idem
1398 2447 1499 2474 Paulus
1512 2451 1591 2472 antea
1608 2445 1683 2471 di\e-

890 2505 942 2532 rat,
959 2509 969 2526 (
983 2499 1122 2534 Quotquot
1132 2499 1158 2524 in
1168 2497 1278 2524 Christo
1293 2495 1422 2530 baptizati
1437 2501 1533 2521 sumus
1546 2493 1596 2518 ⁸⁸.»
1610 2490 1682 2525 Ergo

891 2548 951 2576 dure
971 2546 1028 2582 jam
1044 2549 1109 2574 sunt
1123 2543 1246 2571 initiandi
1270 2541 1405 2574 formulae,
1422 2540 1571 2568 secundum
1586 2546 1681 2565 eorum

889 2594 1045 2629 opinionem
1061 2591 1109 2627 qui
1129 2590 1189 2617 sine
1201 2588 1305 2624 judicio
1321 2587 1375 2614 ullo
1395 2585 1535 2615 vocabulis
1551 2584 1681 2611 utendum

888 2648 950 2669 esse
964 2638 1152 2674 pronuntiant.

890 2718 918 2744 5.

802 2791 918 2819 NOTAE.

91 2851 139 2887 (40)
158 2853 298 2889 Eleganter
315 2855 367 2882 hoc
384 2854 470 2882 utitur
486 2853 597 2881 Photius
618 2854 709 2888 ignoto
729 2853 830 2880 nostris

65 2883 162 2916 fortasse
178 2883 376 2926 leiicographis
391 2889 530 2918 consulari
545 2883 641 2922 verbo‘;
659 2888 723 2924 quia
740 2896 830 2916 sermo

885 2856 926 2880 est
941 2851 975 2878 de
989 2850 1116 2878 Ecclesia;
1140 2857 1270 2886 supremo
1286 2850 1468 2886 gubernatore
1483 2846 1576 2878 Petro,
1599 2842 1679 2880 quasi

885 2887 1047 2915 Christianae
1062 2886 1127 2921 reip.
1142 2885 1266 2913 consule.
