1878 3057
213 162 264 198 311

214 229 263 247 πεν
306 220 402 252 αὺτᾶς·
422 229 431 246 ι
456 221 533 247 Ὅσοι
557 222 597 253 εἰς
625 222 744 257 Χριστὸν
781 225 995 260 ἐϐαπτίσθημεν.
1025 237 1034 253 ι

789 170 920 201 ΡΗΟΤΙΙ
939 172 1192 205 ΡΑΤΒΙΛΒΟῘΙιΕ
1207 177 1262 207 CP.

1797 183 1841 213 3l2

1058 230 1162 257 Οὐκοῦν
1190 233 1248 267 ἅμα
1270 233 1316 260 δύο
1348 236 1539 271 μυσταγωγίαι
1559 237 1631 265 κατὰ
1653 238 1703 274 τὴν
1723 239 1840 267 ὑπόθεσιν

211 267 266 294 τῶν
282 267 454 305 ἁδιακρὶτως.
467 269 618 304 κεχρῆσθαι
632 269 852 304 δογματιξόντων
870 275 926 305 τοῖς
941 274 1068 308 ὀνόμασι.

247 327 273 354 7.
295 325 364 359 Quid
390 333 455 361 ergo
482 327 626 354 dicendum
658 328 720 355 est?
744 327 869 357 Profecto
900 331 1036 365 harumA

212 371 414 399 convictionum
432 380 509 407 aequa
527 374 711 400 consideratio
732 382 785 401 nun
812 376 901 404 solum
921 385 1001 405 coar-

211 418 270 450 guit
295 424 389 443 eorum
415 417 557 444 hominum
580 418 748 446 indelinitam
775 420 924 454 rationem,
954 423 1001 457 qui

211 462 300 488 varias
312 467 408 496 prater
418 463 590 490 Dominicam
606 464 732 492 initiandi
744 464 878 494 formulas
891 475 905 494 a
919 468 1002 496 disci-

180 527 184 530 .
211 508 284 542 pulis
313 508 429 536 traditas
455 509 655 537 incredibiliter
682 510 807 546 ﬁngunt;
833 513 879 540 sed
905 514 999 541 cadent

210 561 320 588 quoque
353 553 461 580 videtur
491 555 613 582 inserere
641 555 784 584 Dominico
813 558 894 585 eﬁ‘ato
931 560 1000 588 alias

210 606 302 631 voces,
326 606 395 633 quas
420 598 628 627 iudiﬁ‘erentiam
654 608 717 635 erga
742 602 807 629 illud
833 603 905 631 haud
931 607 1000 633 satis

211 645 297 675 tueri,
327 652 380 671 non
408 645 527 672 absurde
555 647 663 673 causari
689 647 762 674 licet.
790 648 871 684 Atqui
904 659 999 678 revera

211 690 349 724 negotium
375 698 426 717 non
453 691 489 717 ita
511 698 541 718 se
561 691 640 719 habet
656 701 663 718 :
678 700 732 719 non
759 694 832 720 enim
850 703 931 723 voces
948 697 1000 724 illa:

210 736 357 770 quidquam
380 736 437 763 fieri
454 741 587 769 statuunt,
606 742 704 771 praster
719 738 868 767 Dominica:
884 741 1000 769 locutio-

209 782 252 808 nis
273 782 405 809 terminos
420 787 504 817 alque
521 783 685 816 oraculum;
706 792 795 819 neque
820 787 872 813 sibi
897 795 1000 822 prtem-

210 828 328 862 gativam
359 828 442 862 hujus
470 828 631 862 vindicant;
664 831 711 857 sed
745 831 810 865 ipsa:
843 834 936 866 potius
965 835 998 862 ad

209 873 363 908 praedictam
380 874 452 901 illam
475 875 690 907 regenerationis
707 875 857 904 formulam
876 878 1000 906 referun-

209 924 263 953 tur,
276 925 358 954 atque
367 920 491 947 eamdem
507 925 563 947 tota
579 928 692 948 suorum
706 922 837 950 varietate
851 925 998 952 verborum

207 966 365 1000 significant
378 973 411 993 ac
425 966 578 1000 designant.
592 966 663 999 Quid
682 967 765 1002 igitur
777 969 923 997 dicendum
937 971 998 999 est?

206 1011 282 1046 quid,
310 1011 434 1046 inquam.
459 1012 530 1039 aliud
553 1017 652 1047 praeter
678 1013 706 1040 id
726 1014 798 1048 quod
816 1014 873 1049 jam
890 1010 996 1045 dictum
1012 1006 1034 1033 Β

206 1055 269 1083 est?
302 1056 431 1083 nimirum
464 1058 583 1092 generali
615 1058 728 1085 notione
756 1059 901 1088 dicendum
933 1067 995 1094 est,

206 1102 298 1128 omnia
327 1110 393 1137 qum-
417 1105 652 1137 regencrationem
682 1105 837 1140 significant
865 1108 994 1140 nomina,

207 1149 264 1175 vice
277 1148 352 1182 fungi
374 1149 524 1176 facularum
547 1150 728 1184 quarumdam
753 1152 914 1184 lucentium,
936 1161 996 1188 qua:

207 1195 233 1221 in
247 1195 368 1221 divinum
386 1195 462 1221 illum
483 1200 510 1222 et
528 1196 690 1230 originalem
709 1201 736 1223 et
759 1197 942 1226 immortalem
963 1207 995 1226 ac

206 1248 353 1276 perennem
379 1240 468 1274 ignem
495 1240 688 1269 refunduutur.
716 1242 810 1277 Neque
835 1252 901 1271 sane
930 1245 995 1280 ipsa:

206 1286 276 1320 ignis
298 1286 342 1312 ille
359 1286 535 1320 purgatorius
554 1291 628 1320 sunt,
655 1296 744 1322 neque
761 1296 809 1322 per
824 1289 898 1324 ipsas
919 1297 996 1325 rege-

206 1333 312 1359 ueratio
324 1331 352 1358 ﬁt
366 1341 373 1358 :
385 1339 446 1358 nam
461 1340 532 1359 unus
544 1337 585 1359 est
596 1333 641 1367 qui
655 1332 864 1361 ioenarrabilem
879 1335 994 1369 gratiam

205 1381 287 1412 atque
304 1377 476 1412 adoptionem
494 1377 602 1405 confert
616 1379 698 1413 ignis,
719 1378 772 1406 illa:
789 1384 880 1406 autem
899 1379 994 1407 facula;

205 1424 278 1449 hunc
304 1423 462 1456 ostendunt,
480 1424 540 1451 alia:
559 1424 669 1458 quidem
694 1425 805 1457 clarius,
832 1426 893 1452 aliae
912 1427 994 1460 paulo

203 1470 348 1498 obscurius
386 1471 422 1497 ita
438 1475 528 1498 tamen
554 1475 584 1498 ut
602 1479 682 1498 unam
699 1473 878 1508 eamdemque
902 1473 994 1501 initia-

205 1517 303 1544 Iinuem
330 1517 442 1552 mystice
472 1523 554 1552 atque
586 1525 686 1545 arcane
715 1518 793 1545 nobis
827 1519 991 1554 signiﬁcent.

204 1562 330 1590 Profecto
352 1563 543 1591 considerandi
569 1563 712 1596 studiosis,
733 1569 815 1599 atque
837 1565 871 1592 iis
885 1566 932 1600 qui
958 1567 992 1593 ad

202 1609 424 1643 ιτοςηοεοεηᾱυηι
459 1609 602 1636 nominum
635 1609 836 1645 verborumque
879 1618 992 1638 SCIISUIII

204 1655 291 1688 gratia
309 1655 422 1689 spiritus
439 1655 616 1690 adjuvantur,
640 1661 738 1682 cuncta
757 1663 817 1690 qum
835 1664 918 1691 supra
936 1657 992 1684 sin-
1006 1670 1030 1701 Ο

203 1700 317 1736 giilatim
333 1701 405 1727 dicta
421 1699 506 1733 fuere,
523 1701 689 1735 baptismum
705 1701 731 1727 iu
749 1701 830 1728 Patre
849 1706 876 1728 et
898 1701 954 1729 ﬁlio
969 1707 996 1730 et

206 1746 307 1781 Spiritu
324 1750 420 1774 sancto
435 1746 593 1781 pradicant.
613 1745 714 1773 Verum
741 1747 757 1773 ii
775 1747 822 1781 qui
839 1746 866 1774 in
888 1747 996 1775 aurium

1087 335 1119 368 ζ’.
1133 337 1166 362 Τί
1179 335 1224 364 οὗν
1234 337 1274 364 δεῖ
1287 337 1374 372 λέγειν
1384 348 1391 373 ;
1400 339 1432 367 Ἣ
1444 341 1497 375 γὰρ
1507 341 1559 369 τῶν
1575 342 1694 379 ἐλέγχων
1702 344 1841 377 ἀδέκαστος

1054 381 1226 414 συνεξέτασις
1240 405 1247 416 ,
1265 384 1315 410 οὐκ
1338 385 1461 418 ἐκείνους
1477 387 1575 421 μόνους
1590 389 1715 424 ἐλέγχειν
1731 390 1792 425 ἔσχε
1815 392 1841 418 τὸ

1052 427 1271 462 ἀπαράγρατπον
1281 449 1289 460 ,
1300 430 1325 456 οἳ
1336 430 1482 467 διαφόρους
1500 435 1697 468 μυσταγωγίης
1710 437 1786 470 παρὰ
1799 438 1840 471 τὴν

1051 473 1214 510 δεσποτικὴν
1222 477 1430 512 τερατολογοῦσι
1438 480 1501 511 τοὺς
1513 481 1637 516 μαθητὰς
1650 483 1839 517 ἐπιδείξασθαί,

1051 520 1120 547 ἀλλά
1130 530 1162 555 γε
1176 522 1250 549 δοκεῖ
1265 525 1436 560 παρενείρειν
1450 527 1518 559 ὅλως
1530 529 1579 563 τῆς
1592 529 1762 564 Δεσποτικῆς
1774 531 1838 566 ἱερο-

1051 567 1144 600 λογίας
1156 570 1337 605 προκειμένης
1356 571 1451 606 ἐτέρας
1472 573 1572 607 φωνὰς,
1586 574 1614 600 αἳ
1625 574 1661 610 μὴ
1675 577 1745 602 κατὰ
1758 578 1839 604 πάντα

1052 612 1119 648 πρὸς
1135 614 1220 649 αὐτὴν
1236 615 1266 641 τὸ
1280 616 1488 650 ἀπαράλλακτον
1505 618 1683 650 διασώζουσιν
1699 624 1713 638 η
1727 621 1838 654 ἁποφαὶ-

1051 666 1106 684 νειν
1125 659 1174 685 οὐκ
1193 659 1324 688 ἀναίτιον.
1341 661 1377 687 Τὸ
1396 662 1441 693 δὲ,
1460 663 1535 689 οὐδὲν
1551 664 1672 691 τοιοῦτόν
1696 667 1770 692 ἐστιν
1788 675 1794 681 ·
1809 669 1836 693 οὐ

1051 704 1106 739 γὰρ
1142 705 1379 740 ἀντινομοθετοῦσι
1410 708 1540 742 πράττειν
1568 710 1642 745 παρὰ
1667 711 1714 737 τὸν
1737 713 1838 746 ἐκείνης

1049 750 1112 784 ὅρον
1128 749 1174 777 καὶ
1202 751 1232 777 τὸ
1253 751 1401 787 θέσπισμα,
1418 754 1472 780 οὐδ’
1495 755 1534 786 εἰς
1558 755 1658 787 ἑαυτὰς
1678 759 1836 791 περιϊστῶσι

1050 794 1080 820 τὸ
1095 794 1197 830 ταύτης
1213 796 1368 831 προνόμιον,
1383 799 1422 829 είς
1438 799 1521 834 αὐτὴν
1535 799 1563 825 δὲ
1579 801 1663 834 μόνην
1675 802 1837 836 ἀναφέρουσι

1050 839 1096 865 τὸν
1111 839 1160 874 τῆς
1174 840 1383 874 παλιγγενεσίας
1401 842 1489 877 λόγον,
1507 845 1554 871 καὶ
1569 846 1672 880 ταύτην
1686 848 1715 873 ὲν
1733 850 1766 882 τῇ
1785 858 1838 875 ποια

1051 885 1125 920 κιλῖᾳ
1143 885 1197 912 τῶν
1219 886 1358 922 ὀνομάτων
1370 888 1579 923 διασημαίνουσὶ
1592 901 1621 917 τε
1636 895 1683 918 καὶ
1701 894 1837 928 ἀπαγγέλ-

1051 929 1137 957 λουσι.
1158 931 1190 957 Τί
1205 930 1250 957 οὖν
1263 931 1304 958 δεῖ
1319 932 1426 966 λέγειν;
1439 934 1464 960 τί
1481 935 1509 960 δὲ
1525 935 1588 961 ἄλλο
1606 938 1672 972 παρ’
1683 938 1698 964 ὃ
1715 938 1837 974 εἴρηταις

1051 976 1098 1003 καὶ
1112 977 1371 1013 παραδειγματικῶς
1394 979 1480 1005 εἰπεῖν
1497 980 1538 1007 ὅτι
1556 983 1644 1008 πάντα
1657 984 1707 1010 ὅσα
1723 984 1774 1018 τὴν
1789 994 1838 1012 πα-

1047 1021 1216 1056 λιγγενεσίαν
1226 1023 1462 1058 ἐπισημαίνονται,
1476 1023 1531 1052 οἷον
1542 1026 1688 1061 λαμπάδες
1705 1031 1760 1057 εἰσί
1774 1040 1839 1063 τινες

1047 1068 1248 1103 φωταυγοῦσαι,
1277 1071 1324 1096 καὶ
1338 1070 1405 1105 πρὸς
1427 1071 1458 1097 τὺ
1471 1072 1543 1100 θεῖον
1554 1074 1602 1100 καὶ
1622 1077 1741 1109 πηγαῖον
1756 1077 1839 1104 ἐκεῖ-ιο

1046 1114 1093 1141 καὶ
1107 1115 1245 1149 ἀκήρατον
1258 1115 1303 1141 καὶ
1321 1115 1433 1143 ἀένναον
1457 1118 1648 1154 ἀναχεόμεναι.
1667 1121 1704 1147 Οὐ
1727 1121 1781 1157 μὴν
1796 1124 1839 1149 αὖ·

1046 1158 1090 1184 ταί
1119 1167 1150 1192 γε
1177 1159 1230 1185 εἰσὶ
1255 1159 1286 1186 τδ
1307 1159 1454 1195 καθάρσιον
1484 1161 1550 1197 πῦρ,
1563 1164 1624 1190 οὐδὲ
1645 1165 1718 1192 κατὰ
1741 1167 1838 1198 ταύτας

1045 1203 1274 1239 τελεσιουργεῖται
1297 1205 1314 1240 ὴ
1340 1206 1535 1243 ἀναγέννησις·
1559 1210 1616 1236 ἀλλ’
1639 1211 1668 1237 ἓν
1701 1212 1751 1247 μέν
1769 1215 1840 1240 ἐστιν

1045 1251 1133 1276 ἐκεῖνο
1147 1251 1177 1278 τὸ
1195 1251 1244 1287 τὴν
1257 1252 1327 1288 ὑπὲρ
1345 1253 1423 1287 λόγον
1447 1255 1528 1290 χάριν
1541 1257 1588 1286 καὶ
1604 1257 1743 1286 υἱοθεσίαν
1764 1268 1840 1294 χαρι-

1045 1295 1169 1330 ζόμενον,
1186 1296 1277 1323 ἐκεῖνα
1300 1297 1328 1324 δὲ
1339 1296 1418 1324 τοῦτο
1435 1299 1622 1335 παραδηλοῦσι
1640 1310 1647 1316 ·
1668 1303 1701 1328 τὰ
1729 1303 1779 1337 μὲν
1793 1312 1841 1330 σα-

1045 1340 1185 1375 φέστερον,
1213 1342 1247 1367 τὰ
1269 1342 1297 1368 δὲ
1319 1343 1586 1380 αῐνιγματικώτερον
1608 1346 1654 1373 καὶ
1678 1347 1728 1381 τὴν
1757 1349 1840 1383 αὐτὴν

1045 1383 1109 1417 ἡμῖν
1122 1384 1168 1409 καὶ
1181 1384 1244 1418 μίαν
1254 1386 1448 1420 μυσταγωγίαν
1463 1388 1600 1422 μυστικῶς
1613 1397 1643 1415 τε
1654 1390 1701 1416 καὶ
1710 1399 1840 1417 συνεπτυ-

1044 1429 1152 1463 γμένως
1160 1430 1245 1465 ὑποση
1251 1432 1400 1465 μαίνονται.
1412 1433 1466 1458 Καὶ
1477 1433 1529 1468 γὰρ
1540 1435 1596 1465 τοῖς
1608 1435 1656 1469 μὲν
1664 1435 1840 1470 φιλοθεάμοσι

1044 1475 1092 1502 καὶ
1101 1476 1162 1501 νοῦν
1170 1476 1310 1511 ὀνομάτων
1324 1478 1370 1504 καὶ
1388 1479 1519 1513 ῥημάτων
1528 1482 1669 1507 κατανοεῖν
1677 1482 1757 1516 χάριν
1768 1491 1805 1508 πα
1810 1484 1840 1516 pi

1043 1520 1091 1547 τοῦ
1113 1522 1269 1556 πνεύματος
1289 1523 1441 1558 εἰληφόσιν,
1464 1525 1580 1551 ἕκαστον
1606 1527 1661 1552 τῶν
1684 1527 1735 1553 ἀνὰ
1758 1528 1839 1562 μέρος

1044 1566 1196 1601 εἰρημένων
1209 1567 1239 1592 τὸ
1253 1569 1293 1599 είς
1311 1568 1420 1604 Πατέρα
1431 1570 1477 1596 καὶ
1492 1569 1556 1597 Υἱὺν
1573 1571 1620 1597 καὶ
1636 1571 1749 1606 Πνεῦμα
1765 1573 1841 1605 ἅγιον

1044 1611 1246 1645 ἀπαγγέλλουσι
1267 1612 1418 1647 βάπτισμα.
1444 1615 1507 1647 Τοῖς
1529 1615 1557 1642 δὲ
1579 1617 1660 1651 μέχρι
1683 1617 1733 1652 τῆς
1755 1618 1842 1652 πύλης

1044 1657 1098 1683 τῶν
1110 1657 1198 1684 ἀκοῶν
1214 1658 1259 1684 τὸν
1271 1656 1337 1693 ἦχον
1351 1660 1582 1696 παραδεχομένοις
1596 1662 1643 1688 τοῦ
1659 1663 1797 1698 ῥήματος,
1812 1665 1841 1690 τὴ

1049 1703 1071 1729 δ’
1088 1703 1160 1729 ἔνδον
1174 1704 1264 1738 κωφὸν
1277 1705 1450 1740 προϊεμένοις
1464 1707 1616 1742 κριτήριον,
1631 1710 1740 1745 μυρίοις
1755 1711 1790 1738 ἂν
1801 1712 1842 1745 εἴη

1050 1749 1222 1783 περιπταὶειν
1240 1750 1297 1781 τοῖς
1315 1752 1547 1786 παραπτώμασινῖ

205 1792 393 1821 tantummodo
420 1792 515 1819 limine
543 1792 670 1820 vocabuli
700 1800 800 1820 sonum
831 1793 990 1829 excipiunt,
1025 1801 1098 1822 οωοο
1131 1801 1223 1823 autem
1253 1797 1384 1824 interiore
1403 1798 1506 1833 judicio
1530 1805 1663 1833 utuntur,
1687 1801 1843 1832 innumeris

203 1837 376 1867 circumferri
389 1838 528 1866 erroribus
549 1839 647 1867 solent.

238 1895 265 1922 8.
283 1894 377 1930 Neque
401 1895 428 1922 in
452 1896 504 1923 hoc
528 1895 628 1927 solum,
649 1895 722 1930 quod
746 1903 818 1923 nunc
838 1904 991 1929 versamus,

203 1944 342 1979 proposito
359 1943 436 1970 multi
452 1952 481 1971 re
506 1944 608 1971 omissa
627 1943 708 1971 nudis
727 1944 841 1972 vocibus
865 1945 990 1972 haerent:

203 1996 296 2016 verum
311 1988 392 2016 etiam
417 1989 486 2016 alias
507 1989 658 2023 saepissime
672 1997 679 2016 :
694 1997 749 2024 quo
767 1989 796 2016 ﬁt
811 1993 840 2016 ut
865 1989 991 2017 haeretica

201 2034 361 2062 cxoriautur
389 2033 503 2066 zizania,
529 2041 589 2068 qua:
616 2033 721 2060 nullum
749 2034 844 2061 utilem
868 2034 989 2062 fructum

203 2081 333 2113 offerunt,
348 2080 403 2107 imo
416 2087 479 2107 vero
490 2080 609 2107 exitialia
627 2087 730 2108 venena
745 2085 888 2115 generant.
904 2081 992 2108 Aliter

203 2134 232 2153 se
252 2126 321 2161 gerit
338 2126 435 2160 pietas,
456 2133 517 2159 quae
542 2132 608 2152 sane
628 2125 730 2159 ubique
755 2125 880 2159 spiritum
897 2126 990 2160 potius

203 2179 284 2205 quam
312 2172 430 2198 litteram
456 2175 641 2204 consectatur,
666 2174 693 2197 et
718 2171 858 2203 religionis
873 2171 990 2199 fructum

204 2217 327 2252 perripit,
348 2216 467 2251 ejusque.
485 2217 616 2244 alimonia
642 2216 750 2250 fruitur,
771 2217 830 2245 sine
854 2218 908 2245 ulla
934 2226 992 2245 ser-

205 2262 308 2297 pemini
331 2263 446 2290 seminis
459 2262 601 2295 insitione,
620 2262 674 2289 imo
688 2263 815 2290 draconis
836 2261 935 2291 veteris
957 2272 991 2292 ne

203 2307 317 2342 vestigio
339 2307 449 2341 quidem
474 2314 591 2341 usquam
617 2307 710 2334 obvio.
737 2307 806 2334 Nam
830 2316 879 2335 cur
899 2309 991 2336 dicere

203 2353 303 2386 liceat,
335 2353 476 2387 baptizare
503 2353 530 2380 in
557 2352 687 2386 Christo,
713 2353 794 2381 aliam
822 2361 883 2381 esse
905 2354 990 2390 legem

201 2401 350 2435 baptismi?
377 2400 441 2428 item
472 2408 522 2427 cur
551 2400 604 2428 alia
634 2400 676 2427 lex
708 2401 766 2433 sit,
795 2401 936 2435 baptizare
962 2401 989 2429 in

200 2447 301 2473 tiliristi
319 2437 504 2474 morte?Nam
520 2446 544 2474 si
556 2451 672 2481 utraque
688 2446 791 2474 locutio
807 2447 850 2474 lex
863 2447 988 2475 initiandi

199 2497 252 2524 est,
271 2491 394 2527 profecto
418 2492 491 2528 leges
511 2492 628 2519 invicem
645 2496 805 2527 repugnant.
821 2491 906 2519 Porro
928 2493 990 2528 qui-

203 2539 254 2566 bus
273 2538 444 2573 argumentis
460 2538 622 2565 alterutram
642 2537 797 2565 couvellere
815 2538 992 2566 machinabe—
1007 2533 1029 2561 Ι)

199 2583 248 2614 ris,
276 2582 375 2610 iisdem
402 2583 535 2618 reliquam
561 2582 643 2610 simul
671 2587 788 2611 evertes.
814 2581 946 2612 Similiter
969 2584 992 2612 si

202 2629 244 2657 lue
270 2629 429 2657 locutiones
452 2629 507 2656 vim
525 2629 586 2656 latas
605 2628 672 2664 legis
701 2628 842 2662 haberent,
867 2629 911 2657 illa
937 2631 990 2664 iam

204 2675 348 2702 Dominico
373 2683 420 2702 ore
446 2675 622 2710 pronuntiata
649 2674 774 2702 initiandi
797 2674 913 2704 formula
934 2684 987 2703 non

203 2720 342 2750 immerito
361 2720 498 2748 videretur
516 2720 620 2749 inutilis
645 2727 677 2748 ac
702 2727 904 2755 supervacanea
921 2730 928 2750 :
947 2722 987 2749 vel

1079 1893 1114 1929 η’.
1141 1894 1198 1920 Οὐκ
1216 1894 1263 1921 ἐπὶ
1285 1895 1370 1932 μόνης
1392 1896 1420 1924 δὲ
1442 1898 1491 1933 τῆς
1518 1899 1661 1936 παρούσης
1682 1901 1842 1934 ὑποθέσεως

1042 1938 1133 1973 ψιλαῖς
1146 1941 1206 1970 ταῖς
1221 1939 1310 1973 λέξεσι
1331 1942 1426 1969 πολλοὶ
1442 1943 1496 1970 τῶν
1511 1946 1682 1980 πραγμάτων
1701 1947 1842 1974 ἀποστάν-

1042 1993 1087 2017 τες
1101 1986 1304 2021 περικάθηνται
1322 1995 1329 2002 ⁸
1351 1988 1419 2015 ἀλλὰ
1435 1990 1481 2015 καὶ
1496 1990 1542 2016 ἐπὶ
1562 1991 1668 2026 μυρίων
1683 1993 1786 2026 ἄλλων,
1806 1995 1841 2021 δι’

1042 2027 1080 2058 ὧν
1093 2032 1127 2058 τὰ
1141 2033 1265 2067 αίρετικὰ
1274 2033 1323 2069 τῆς
1337 2034 1502 2069 Ἐκκλησίας
1518 2036 1698 2071 παραφυέντα
1716 2038 1839 2071 ζιζάνια,

1042 2078 1148 2114 καρπὸν
1163 2079 1212 2113 μὲν
1228 2079 1323 2105 οὐδένα
1336 2080 1470 2115 τρόφιμον
1492 2084 1629 2117 γεωργεῖ,
1644 2084 1839 2121 δηλητηριώδη

1041 2123 1069 2149 δὲ
1082 2123 1225 2158 βλαστάνει
1246 2124 1389 2159 φάρμακα,
1409 2125 1478 2152 Ἀλλ’
1496 2127 1544 2162 οὑχ
1560 2127 1647 2160 οὕτως
1668 2129 1684 2164 ὴ
1699 2129 1840 2163 εὐσέϐεια,

1044 2169 1183 2204 πανταχοῦ
1195 2169 1223 2195 δὲ
1238 2170 1338 2205 μᾶλλον
1351 2169 1399 2196 τοῦ
1412 2171 1568 2207 πνεύματος
1582 2173 1598 2208 ἤ
1612 2173 1658 2199 τοῦ
1671 2176 1841 2211 γράμματος

1042 2214 1182 2250 γινομένη,
1199 2215 1247 2242 καὶ
1263 2215 1308 2242 τὸν
1325 2216 1432 2251 καρπὸν
1447 2217 1495 2252 τῆς
1508 2217 1649 2250 εὐσεϐείας
1664 2221 1754 2255 τρυγᾷ
1769 2242 1776 2252 ,
1797 2223 1842 2248 καὶ

1045 2259 1148 2293 τροφῆς
1164 2259 1443 2295 ἀπολαύει,οὺδεμιᾱς
1455 2262 1673 2298 ὲπιμιγνυμένης
1689 2265 1759 2300 αὐτῇ
1775 2266 1842 2300 δρα-

1043 2305 1166 2337 κοντείας
1179 2306 1344 2342 ὲπισπορᾶς,
1356 2307 1413 2334 ἀλλ’
1423 2308 1483 2334 οὐδὲ
1495 2308 1566 2343 ἴχνος
1581 2310 1656 2336 οὐδὲν
1668 2310 1841 2345 ὑποφαινοὺ-

1043 2359 1093 2386 σης
1107 2351 1155 2378 τοῦ
1171 2352 1286 2378 παλαιοῦ
1302 2352 1400 2386 ὕφεως.
1422 2354 1499 2380 Ἐπεὶ
1515 2355 1574 2386 πῶς
1590 2355 1623 2382 ἂν
1638 2356 1681 2390 εἴη
1697 2357 1790 2391 λέγειν
1803 2358 1840 2389 ὡς

1041 2397 1072 2423 τὸ
1082 2397 1120 2429 είς
1133 2397 1250 2432 Χριστὸν
1263 2398 1415 2433 βαπτίζειν,
1428 2399 1522 2434 ἔτερος
1533 2399 1614 2434 νόμος
1627 2400 1823 2436 βαπτίσματος
1834 2411 1840 2434 ;

1041 2442 1100 2474 πῶς
1116 2441 1137 2468 δ’
1158 2442 1236 2474 ἄλλος
1248 2442 1278 2468 τὸ
1293 2444 1332 2474 είς
1349 2442 1394 2469 τὸν
1411 2442 1458 2469 τοῦ
1478 2443 1597 2479 Χριστοῦ
1619 2444 1762 2479 βαπτίζειν
1790 2446 1842 2472 θά-

1041 2496 1136 2521 νατον;
1159 2488 1190 2515 Εἰ
1212 2488 1265 2524 γὰρ
1288 2489 1338 2524 τῆς
1357 2489 1553 2524 μυσταγωγίας
1573 2490 1654 2525 νόμος
1676 2488 1710 2526 ἦν
1731 2492 1839 2518 τούτων

1043 2535 1183 2571 ἑκάτερον,
1195 2534 1321 2569 ἀλλήλοις
1333 2536 1561 2571 ὰντενομοθέτουν
1575 2537 1608 2564 ἄν
1620 2545 1627 2552 ·
1641 2537 1689 2563 καὶ
1698 2537 1733 2564 δι’
1745 2534 1786 2564 ὧν
1799 2546 1842 2569 τις

1045 2581 1209 2616 ἀνατρέπειν
1224 2582 1361 2617 ἐπεχείρει
1377 2582 1500 2618 θάτερον,
1515 2582 1545 2609 τὸ
1563 2583 1656 2609 λοιπδν
1674 2584 1842 2618 συνανέτρε-

1044 2636 1106 2655 πεν.
1131 2628 1268 2660 Ὡσαύτως
1282 2628 1309 2655 δὲ
1326 2629 1372 2655 καὶ
1388 2629 1413 2655 εί
1430 2629 1520 2664 νόμων
1543 2630 1673 2666 εἰσφορᾶς
1688 2630 1841 2665 προνόμιον

1042 2671 1114 2709 εἶχον
1135 2674 1169 2700 τὰ
1187 2673 1310 2705 τοιαῦτα,
1329 2674 1379 2700 οὐκ
1396 2674 1502 2708 ἀλόγως
1525 2675 1558 2702 ἂν
1579 2675 1627 2701 καὶ
1650 2676 1667 2710 ὴ
1690 2675 1840 2709 δεσποτικὴ

1046 2720 1223 2754 μυσταγωγία
1249 2720 1289 2752 εἰς
1304 2720 1335 2747 τὸ
1360 2722 1488 2756 περιττόν
1503 2730 1529 2749 τι
1546 2722 1594 2749 καὶ
1616 2720 1754 2757 ἄχρηστον
1770 2729 1836 2756 παρ

846 2807 964 2835 VARle
986 2807 1191 2842 LECTIONES.

265 2876 279 2892 1³
297 2871 367 2900 Num
385 2872 556 2901 scribendum
571 2871 604 2904 ἃς
621 2886 652 2892 -—-
670 2871 829 2904 διασώζεινῖ
