1878 3057
58 135 98 167 317

499 135 549 165 AD
568 134 867 165 AMPIULOCHIUM
884 134 1057 170 QUIESTIO
1076 135 1185 166 XLIII.

1613 136 1667 168 313

55 189 264 224 ἀναδειχθήσεταυ
278 188 326 214 καὶ
341 187 395 224 γὰρ
412 188 465 214 ὑπὸ
475 189 528 215 τῶν
542 189 747 216 δυσσεόούντων
763 198 812 216 πο-

911 190 1000 222 'iuam,
1011 190 1111 225 inquit,
1124 188 1347 224 praedicationem
1362 190 1397 217 ab
1412 190 1503 225 impiis
1520 199 1664 227 oppugna-

55 235 225 270 λιορκούμενόν
245 243 275 261 τε
305 235 353 261 καὶ
368 235 593 270 κατασειόμενον,
618 235 700 267 αὐτὸς
717 236 820 262 ἀναδα-

55 283 132 308 στᾱσει
144 280 187 307 καὶ
204 280 378 315 ὑποστηρίξει
398 280 444 306 καὶ
460 281 628 316 ἀκράδαντον
646 281 821 316 παραστήσει

55 328 78 353 τὸ
97 326 208 357 θεοσεὸὲς
237 327 379 360 κήρυγμα.
409 325 493 352 Τοῦτο
519 326 573 362 γὰρ
595 326 712 353 ἐνταῦθα
734 328 750 361 ἡ
774 327 820 353 τοῦ

54 373 179 406 ὅνόμιιτος
201 372 367 405 ἀπαγγέλλει
389 371 514 406 δύναμις,
539 373 589 406 τὴν
610 373 696 407 ἀληθῆ
718 373 820 406 πίστιν,

53 419 78 444 τὸ
90 420 132 453 τῆς
147 414 282 449 εὐσεὸἐίας
296 418 435 453 φρόνημα,
451 419 501 452 τῆς
514 418 650 452 θεολογίας
672 419 702 445 τὸ
718 419 822 454 κήρυγ-

55 473 94 497 μα,
112 463 156 496 τῆς
169 462 213 488 τοῦ
228 463 316 497 Λόγου
332 463 496 499 σαρκώσεως
515 463 545 490 τὸ
571 465 720 500 μυστήριον
733 472 740 479 '
761 464 822 491 ἐπεὶ

54 509 74 534 τε
95 508 202 542 χαλεπὸν
228 506 262 543 ἦν
276 529 283 539 ,
311 509 392 536 τίνων
409 509 437 535 δὲ
464 510 660 544 στηριγμάτων
681 511 819 545 δεόμενον,

54 554 130 585 ἁπλῶς
143 554 224 585 οὕτως
241 555 287 580 καὶ
304 555 356 590 μιᾷ
369 556 444 590 φωνῇ
465 555 680 591 προσαγορεύειν
695 557 741 583 τὸν
763 556 821 583 Κύ-

55 608 118 634 pinv;
143 600 194 626 Καὶ
214 600 303 626 αὐτῶν
325 601 410 626 ἐνίοτε
434 600 488 627 τῶν
500 601 647 635 δαιμονίων
662 602 822 637 ἅναϐοωμέ-

55 655 95 671 νων
108 645 149 672 καὶ
166 645 232 680 μετὰ
245 646 406 681 προσθήκης
421 646 494 677 τινδς
510 647 540 673 τὺ
550 648 714 673 Δεσποτικὸν
726 648 820 682 ὅνομα.

54 691 119 717 Ἀλλὰ
132 691 206 725 δῆλον
223 691 261 722 ὡς
275 691 322 717 νῦν
335 691 439 725 ὄνομα,
457 692 486 717 τὺ
499 692 541 718 διὰ
553 692 660 719 Παύλου
672 693 824 726 καταγγελ-

54 737 147 770 ὶὸμενον
162 737 293 772 κήρυγμα
308 737 392 770 λέγει,
413 738 460 763 καὶ
476 737 506 763 τὸ
521 738 589 772 πρὸς
603 738 670 764 Θεὸν
688 738 822 773 ἀναφερό-

56 790 120 815 μενον
136 782 230 814 σέϐας,
250 782 321 817 ὑπὲρ
338 779 368 808 οὗ
387 783 502 818 μυρίους
516 783 584 809 καθ’
600 783 719 818 ἑκάστην
743 784 824 811 θανά-

55 835 103 858 τους
124 827 210 862 ὀπρὶν
231 827 349 862 διῶκτης
363 829 448 863 ἡδέως
465 829 558 864 ἔφερε,
580 829 724 861 διδάσκων,
750 838 822 864 παρ-

55 871 131 904 ςιινῶν,
156 872 341 906 μυσταγωγῶν
355 891 362 904 ,
379 872 525 907 κηρύσσων
550 873 600 909 τὴν
622 874 713 900 πίστιν
726 895 733 906 ,
761 875 823 901 καθ’
841 861 861 889 Β

55 917 79 950 ἦν
91 917 155 952 αὐτῷ
172 917 367 952 μυσταγωγίαν
383 919 397 944 ὸ
413 919 511 954 Σωτὴρ
531 919 716 954 ἀπεκάλυψεν·
738 920 823 954 «Ἐγὼ

55 963 106 996 γὰρ,
127 964 215 997 φησὶν,
234 963 366 996 ὑποδείξω
381 964 455 999 αὐτῷ
470 965 519 991 ὅσα
534 965 575 991 δεῖ
589 965 671 992 αὐτον
687 966 756 1001 ὑπὲρ
775 966 822 993 τοῦ

55 1008 165 1043 ὀνόματός
181 1018 232 1044 μου
255 1009 378 1036 παθεῖν.)

83 1054 119 1089 ιβ’.
134 1055 187 1081 Καὶ
199 1055 251 1090 ὅρα
266 1057 381 1090 συνεχὴς
397 1056 525 1094 ἠχρῆσις
538 1055 586 1082 τοῦ
602 1057 759 1090 ᾢνόματος.
774 1056 824 1082 Διὰ

54 1099 88 1132 tl;
110 1100 162 1127 Ἵνα
184 1101 199 1136 ή
225 1101 344 1137 ἐπιμονὴ
372 1102 421 1136 τῆς
445 1101 538 1136 φωνῆς
559 1102 589 1127 τὸ
617 1103 684 1128 αὐτὸ
707 1103 823 1137 πρᾶγμα

55 1145 164 1178 πολλάκις
184 1147 356 1182 σημαίνουσά
376 1156 406 1173 τε
424 1148 471 1174 καὶ
489 1148 639 1183 κατάδηλον
661 1149 822 1183 ποιουμένη,

55 1190 132 1226 ὥσπερ
139 1192 179 1218 διὰ
187 1192 237 1227 τῆς
244 1192 331 1227 ἀκοῆς
343 1193 508 1220 ὲντυτιώσειε
520 1195 574 1225 τοῖς
585 1194 725 1228 λογισμοῖς
734 1194 764 1220 τὸ
775 1194 824 1228 τῆς

55 1237 175 1270 εύςεεείας
193 1240 342 1274 μυστήριον
353 1240 400 1265 καὶ
414 1237 457 1266 οἷα
473 1239 612 1274 βασιλικὸν
629 1240 825 1275 ἐκσφράγισμα

54 1283 223 1315 ταίςδιανοίαις
232 1283 312 1311 τοῦτο
321 1284 448 1319 φέροντες
456 1285 503 1310 καὶ
512 1284 579 1319 πρὸς
585 1284 823 1319 αὺτδάφορῶντες,

56 1326 148 1362 μηπρὸς
162 1328 260 1359 πολλὰς
270 1329 367 1363 εἴημεν
377 1329 453 1360 ὁδοὺς
459 1329 599 1365 διαφόροις
609 1332 712 1364 φωναῖς
721 1339 826 1366 σχημα-

55 1375 190 1410 τιζομένους
197 1376 406 1411 ἐκτρεπόμενοι.
416 1376 501 1412 Ὑπὲρ
510 1377 557 1405 τοῦ
568 1378 721 1412 μυστηρίου
729 1378 823 1405 τούτου

56 1423 141 1456 καὶτῆς
152 1424 213 1458 περὶ
223 1423 274 1458 τὴν
286 1423 527 1459 πίοτινὰκριϐείας
538 1425 551 1450 ὁ
560 1424 665 1457 Παῦλος
677 1425 780 1460 ἔπασχε
791 1425 824 1452 τὰ

55 1468 180 1501 ἀνήκεστα·
190 1468 218 1494 οὐ
230 1468 286 1504 γὰρ
299 1469 363 1502 περὶ
373 1468 505 1503 ὀνόματος
516 1468 606 1503 ψιλοῦ,
617 1469 676 1496 οὐδὲ
685 1470 825 1497 συλλαὸῶν

57 1512 151 1549 βραχείᾳ
167 1514 302 1546 συνθέσει,
319 1514 348 1540 τὸ
361 1514 475 1549 φρικτὸν
491 1514 538 1541 καὶ
555 1514 627 1549 μέγα
639 1515 689 1549 τῆς
706 1515 822 1547 πίστεως
839 1532 860 1561 c

57 1561 263 1594 περιγράφοντος.
283 1560 327 1586 Διὸ
345 1560 391 1587 καὶ
406 1560 517 1587 ἀκούειν
532 1561 590 1587 ἐστὶ
605 1560 658 1587 τῶν
676 1561 757 1596 ἱερῶν
772 1562 825 1588 πά-

56 1605 88 1631 λιν
102 1607 307 1633 ἑκδιδασκόντων
322 1607 462 1643 ῥημάτων·
477 1608 525 1642 οὐχ
542 1604 618 1639 οὗτος
634 1607 708 1634 ἐστὶν
724 1609 737 1634 ὁ
758 1616 825 1643 πορ-

57 1651 125 1686 lupa;
148 1653 175 1680 ἐν
198 1652 380 1688 Ἰερουσαλὴμ
403 1653 433 1680 τὸ
457 1653 543 1688 ὄνομα
565 1653 661 1685 τοῦτο;
685 1653 747 1684 Πῶς
773 1654 827 1689 γὰρ

59 1698 180 1731 επορθεῖτο
203 1697 279 1731 λέξις
302 1698 393 1733 πληγῇ
411 1698 493 1732 ἀέρος
520 1698 635 1734 βραχείᾳ
659 1706 827 1733 περιγραφο-

59 1742 122 1778 μένη,
143 1744 272 1779 καὶπρὸς
288 1744 390 1779 μηδένα
406 1743 468 1771 νοῦν
483 1744 514 1770 τό
536 1752 568 1778 γε
591 1744 635 1770 ἐπ’
660 1745 740 1780 αὐτῇ,
760 1744 827 1779 μηδὲ

58 1788 120 1819 ὖᾶξαν
136 1789 265 1824 Θεολὸγων
300 1789 503 1825 ἀναπλουμένη,
524 1790 586 1826 μηδ’
601 1789 754 1826 ἀνθρώπων
777 1789 828 1824 ψυ-

63 1834 110 1866 χαῖς
120 1834 213 1860 ἐνιέναι
225 1834 371 1869 δογμάτων
386 1834 529 1870 ἀκρίὸειαν
547 1834 696 1869 δυναμένη,
716 1833 763 1859 καὶ
777 1834 828 1868 τὴν

59 1878 156 1914 ὓπαρξιν
181 1881 383 1915 χρονικωτέραν
406 1880 455 1906 οὐκ
481 1880 581 1915 ἔχουσα
603 1880 654 1915 τῆς
673 1879 826 1913 γενέσεως;

62 1926 127 1953 Ἀλλὰ
141 1928 191 1963 γὰρ
209 1927 291 1962 δῆλον
307 1927 345 1958 ὡς
361 1927 409 1954 νῦν
425 1927 528 1961 ὄνομα,
551 1927 580 1953 οὐ
602 1927 633 1952 τὸ
647 1926 761 1962 σύνηθες
782 1927 829 1953 καὶ

59 1972 111 1999 πᾶσι
121 1974 334 2009 περιφερόμενον
352 1974 453 2000 ἐννοεῖν
468 1973 508 1999 δεῖ
519 1992 527 2004 ,
553 1972 621 2000 ἀλλὰ
636 1973 666 1999 τὺ
680 1973 729 2008 τῆς
750 1973 827 1999 εὐσε-

58 2018 119 2049 6είας
134 2020 196 2055 ὅλης
219 2019 395 2053 ἀπαγγέλλων
415 2027 445 2045 τε
459 2018 506 2045 καὶ
522 2018 702 2054 διασημαῖνον
723 2018 827 2053 μυστή-

59 2071 111 2097 ριον,
129 2066 173 2093 καὶ
190 2065 240 2101 τὴν
256 2065 302 2091 τοῦ
317 2065 494 2100 κηρύγματος
508 2064 552 2091 διὰ
566 2064 656 2099 πάσης
674 2063 751 2098 ἡμῶν
773 2064 823 2098 τῆς

58 2109 176 2144 θεολογίας
190 2111 341 2144 προϊοῦσαν
357 2110 510 2145 ἀκρίϐειαν.
526 2110 582 2137 Καὶ
596 2110 650 2145 γὰρ
666 2110 696 2136 τὸ
708 2109 829 2136 τοιοῦτον

57 2154 134 2189 ὄνομα,
148 2157 206 2190 ἦτοι
220 2156 272 2190 τῆς
287 2156 404 2187 πίστεως
419 2157 436 2190 ἠ
452 2155 590 2186 τελείωσις
603 2175 610 2187 ,
627 2155 674 2182 καὶ
698 2156 757 2186 ταῖς
772 2155 829 2181 δια-

873 239 928 262 tam
941 240 1022 270 atque
1039 243 1201 263 concussam
1216 236 1362 263 sustinebit
1374 236 1431 271 ipse
1447 241 1527 271 atque
1546 238 1664 266 lirmabit

874 283 1073 316 immotamque
1088 286 1198 308 statuet.
1225 281 1264 308 ita
1282 281 1407 308 videlicet
1430 282 1483 310 hoc
1502 283 1562 310 loco
1583 291 1665 311 voca-

873 328 967 355 bulum
981 336 1073 354 nomen
1090 332 1170 354 sonat
1184 335 1276 354 veram
1293 327 1383 360 ﬁdem,
1399 328 1471 362 piam
1487 329 1663 360 sententiam,

872 373 973 400 divina
995 373 1128 400 doctrina:
1161 372 1379 406 praedicationem
1394 393 1400 405 ,
1423 372 1505 400 Verbi
1529 374 1664 401 incarnati

873 418 1045 453 mysterium.
1059 418 1146 445 Secus
1158 418 1231 445 enim
1248 425 1298 445 cur
1312 419 1399 445 ardua
1422 419 1528 451 fuisset,
1546 420 1588 446 vel
1603 420 1666 454 qui-

873 464 925 491 bus
939 464 1115 492 adminiculis
1132 464 1295 499 indiguisset
1311 465 1425 499 simplex
1447 472 1498 491 uec
1517 466 1598 493 unius
1613 473 1664 493 vo-

874 510 963 537 cabuli
980 511 1047 537 lines
1061 511 1197 537 excedens
1211 510 1319 537 Domini
1331 510 1476 545 appellatio
1488 510 1530 536 "?
1545 510 1624 537 Certe
1637 515 1666 538 ct

876 556 928 590 ipsi
943 555 1093 590 aliquando
1106 557 1244 583 daemones
1259 563 1321 582 cum
1339 556 1431 591 aliquo
1447 556 1529 583 etiam
1544 556 1665 590 epitheto

875 600 1047 627 Dotninicum
1066 608 1164 627 nomen
1189 601 1445 635 pronuntiaverunt.
1475 600 1526 627 Sed
1552 608 1664 635 pr0rsus

873 647 1043 681 exploratum
1057 651 1108 678 est,
1120 654 1193 673 nunc
1207 645 1340 672 vocabulo
1350 653 1453 677 nomen,
1464 645 1664 680 praedicandam

875 699 889 718 a
907 691 990 718 Paulo
1004 691 1157 718 doctrinam
1174 692 1239 724 dici,
1260 692 1443 725 devotumque
1467 691 1522 718 Deo
1545 691 1662 722 cultum,

875 737 953 771 cujus
980 738 1065 772 gratia
1091 737 1253 764 innumeras
1279 737 1402 771 quotidie
1425 742 1526 763 mortcs
1554 737 1588 770 is,
1618 737 1665 772 qui

875 788 953 810 antea
974 789 1134 818 persecutor
1156 783 1258 815 fueral,
1285 783 1402 810 libenter
1428 783 1589 818 perferebat,
1615 784 1666 811 do-

875 827 973 858 cendo.
989 826 1135 859 hortando,
1154 826 1300 858 initiando,
1324 826 1499 862 praedicando
1517 827 1607 860 fidem,
1624 835 1666 854 se-

875 872 994 899 cundum
1009 880 1091 907 quam
1113 871 1242 899 Servator
1259 880 1336 899 sacra
1365 881 1428 900 eum
1457 873 1587 906 religione
1612 874 1665 900 int-

876 918 983 945 buerat.
1006 927 1014 944 (
1031 917 1087 952 Ego
1103 919 1187 950 enim,
1206 919 1304 953 inquit,
1323 918 1465 946 ostendam
1490 919 1539 951 il!i,
1563 925 1665 954 quanta

870 963 963 1004 ipsum
978 968 1102 998 oporteat
1123 964 1175 991 mei
1189 965 1308 991 nominis
1324 972 1407 991 causa
1423 964 1478 998 pati
1494 965 1524 991 ³⁸.
1545 974 1555 990 ι

911 1052 954 1079 12.
995 1052 1085 1087 Atque
1114 1051 1182 1079 adeo
1211 1052 1311 1079 vidcsis
1341 1057 1501 1087 perpetuum
1541 1052 1664 1079 vocabuli

875 1107 969 1125 nomen
997 1107 1089 1126 usum.
1112 1099 1169 1125 Cur
1193 1099 1304 1131 autem?
1325 1099 1428 1132 Nempe
1455 1103 1483 1125 ut
1509 1097 1664 1125 constantia

875 1144 1093 1178 vocabuli,quod
1104 1145 1226 1171 eamdem
1240 1151 1296 1171 rem
1308 1144 1447 1171 multolies
1463 1144 1573 1170 denotat
1584 1148 1665 1178 atque

875 1191 1004 1222 ostendit,
1022 1191 1063 1217 vel
1078 1191 1137 1224 ipso
1157 1190 1252 1218 auditu
1272 1190 1357 1217 menti
1373 1190 1510 1224 iusculpat
1526 1189 1665 1224 religionis

876 1237 1052 1272 mysterium;
1074 1243 1157 1271 atque
1183 1241 1213 1264 ut
1238 1236 1263 1263 id
1286 1244 1335 1263 ceu
1363 1236 1466 1271 regium
1492 1235 1664 1269 signaculum

875 1287 986 1317 pectore
1004 1283 1165 1317 impressum
1185 1282 1313 1313 ferentes,
1329 1286 1356 1309 et
1369 1282 1402 1308 ad
1414 1282 1466 1308 hoc
1477 1282 1663 1316 respicientes.

876 1328 1089 1363 haudquaquam
1105 1328 1131 1355 in
1148 1328 1206 1355 vias
1223 1328 1389 1363 multiplices
1406 1328 1534 1355 varietate
1548 1328 1666 1355 vocabu-

877 1373 965 1401 lorum
981 1373 1131 1408 palelactas
1147 1373 1326 1401 divertamus.
1344 1373 1430 1407 Hujus
1447 1380 1529 1400 causa
1543 1373 1666 1406 mysterii

877 1416 959 1453 atque
971 1423 1107 1446 accuratae
1125 1418 1187 1445 ﬁdei
1203 1417 1304 1445 Paulus
1318 1417 1512 1445 acerbissimas
1525 1417 1666 1445 molestias

876 1463 997 1499 pertulit.
1023 1462 1089 1493 NonL
1099 1463 1170 1490 enim
1195 1464 1268 1490 nudo
1285 1464 1397 1490 nomine
1414 1468 1502 1494 tenus,
1520 1470 1607 1497 neque
1623 1463 1666 1489 in-

880 1512 919 1535 tra
933 1508 1042 1535 brevem
1054 1507 1220 1543 syllabarum
1232 1507 1469 1541 compositionem,
1481 1509 1666 1534 venerandum

879 1562 1064 1588 magnumque
1098 1554 1257 1589 mysterium
1292 1553 1543 1581 circumscribebat.
1576 1553 1667 1586 Quare

878 1608 974 1628 rursus
993 1601 1089 1628 audire
1105 1601 1214 1636 expedit
1238 1608 1378 1628 sacrorum
1403 1600 1587 1634 magisterium
1605 1608 1667 1627 ver—

878 1647 996 1674 borum:
1017 1646 1111 1674 Nonne
1134 1647 1157 1674 is
1184 1651 1237 1679 est,
1261 1646 1308 1681 qui
1328 1646 1454 1673 vastabat
1474 1645 1668 1680 Hierosolymis

879 1700 977 1719 nomen
995 1692 1202 1725 hoc'lQuonam
1224 1698 1314 1719 autem
1331 1696 1410 1726 pacto
1419 1691 1501 1718 dictio
1515 1699 1575 1725 quae
1593 1691 1668 1718 brevi

878 1738 940 1765 teris
955 1738 1132 1772 percussione
1144 1738 1248 1770 ﬁnitur,
1261 1738 1415 1766 vastitatem
1429 1737 1560 1765 fecisset?
1573 1737 1668 1770 dictio,

879 1782 1001 1816 inquant,
1018 1790 1079 1817 quae
1094 1783 1199 1810 nullutu
1220 1791 1268 1818 per
1284 1791 1313 1810 se
1332 1790 1444 1810 sensum
1466 1782 1599 1814 continet,
1618 1791 1668 1808 ne-

879 1835 932 1863 que
953 1829 1132 1864 theologicam
1149 1830 1269 1864 aliquatn
1287 1829 1450 1856 sententiam
1464 1829 1603 1863 exprimit,
1619 1836 1668 1856 ne-

879 1883 932 1909 que
950 1875 976 1902 in
994 1875 1137 1902 hominum
1156 1875 1257 1903 animis
1272 1875 1411 1902 deﬁnitum
1436 1875 1546 1909 aliquod
1570 1875 1668 1909 dogma

880 1921 1040 1956 imprimere
1060 1926 1167 1956 potest;
1183 1929 1243 1956 qute
1258 1921 1376 1955 denique
1391 1919 1577 1947 exsistentiam
1595 1920 1668 1947 haud

879 1966 1072 2002 longteviorem
1100 1968 1241 1994 nativitate
1260 1967 1352 1996 habet.
1371 1965 1547 2000 Perspicuum
1562 1969 1603 1993 est
1618 1966 1669 1992 ita-

879 2021 941 2048 que,
961 2021 1034 2040 nunc
1047 2013 1072 2039 in
1084 2013 1219 2040 vocabulo
1231 2021 1323 2039 nomen
1335 2012 1407 2039 haud
1419 2016 1577 2038 consuetam
1595 2011 1666 2038 illam

879 2060 1121 2093 pervulgatamque
1140 2059 1353 2093 signiticantiam
1375 2065 1436 2085 esse
1455 2057 1666 2092 intelligendam,

879 2105 925 2132 sed
941 2105 1100 2140 mysterium
1119 2105 1210 2139 potius
1224 2112 1278 2138 quo
1293 2105 1387 2138 religio
1403 2103 1528 2131 universa
1546 2104 1668 2130 .nuuitut‘

880 2157 911 2177 ac
930 2151 1084 2182 denotatur,
1107 2158 1204 2185 nempe
1226 2150 1389 2184 exquisitam
1417 2149 1554 2184 Evangelii
1579 2149 1668 2176 scient-

57 2200 116 2232 νοίας
127 2202 201 2236 ἡμῶν
213 2202 408 2237 ἐμϐαθύνεται,
419 2202 466 2228 καὶ
477 2202 600 2236 θεμέλιον
607 2201 741 2236 λαμὸἀνει
751 2201 825 2236 ἐδρα-

911 2203 947 2222 tm
977 2204 1037 2230 qua:
1062 2204 1095 2223 ex
1122 2196 1197 2223 omni
1225 2201 1317 2222 nostra
1347 2195 1498 2229 theologica
1523 2194 1667 2228 disciplina

58 2245 153 2280 ξάμενον
164 2250 196 2283 τῇ
209 2249 266 2274 τῶν
284 2248 465 2275 πιστευόντων
477 2247 594 2283 φιλοθέῳ
611 2247 708 2283 γνώμῃ
728 2247 775 2274 καὶ
795 2249 828 2282 τῇ

59 2294 201 2328 στερρότητι
218 2294 268 2320 τοῦ
282 2294 467 2328 φρονήματος.
490 2292 576 2319 Τοῦτο
589 2293 620 2319 τὸ
632 2293 718 2327 ὄνομα
737 2293 751 2318 ὁ
766 2293 830 2327 πρὶν

60 2339 98 2370 μὲν
116 2339 217 2370 Σαῦλος·
236 2340 403 2374 ἐπολιόρκει,
429 2339 443 2365 ὁ
467 2339 496 2365 δὲ
520 2339 588 2373 μετὰ
612 2338 700 2365 ταῦτα
725 2338 830 2370 Παῦλος

59 2383 156 2410 ἐνώπιον
169 2385 253 2412 ἐθνῶν
271 2386 316 2412 καὶ
342 2384 475 2420 βασιλέων
497 2383 663 2416 ἐϐάσταζεν,
683 2385 830 2419 ἀπερίτρε-

59 2437 112 2454 πτον
121 2431 195 2457 τοῦτο
210 2432 258 2457 καὶ
270 2431 494 2464 ἀκαταγώνιοτον
516 2430 590 2461 ἰδίοις
608 2430 829 2465 ἐπιδεικνύμενος

59 2474 191 2510 ἀγνίσμασι
204 2498 211 2509 ,
236 2477 283 2504 καὶ
309 2477 395 2503 πολλὰ
419 2477 475 2503 τῶν
489 2476 574 2503 ἐθνῶν
589 2477 642 2503 ἀπὸ
664 2477 714 2511 τῆς
732 2476 829 2502 δυσσε-

61 2520 122 2553 Eafa;
137 2523 174 2554 εἰς
197 2522 301 2557 ταύτην
330 2522 506 2557 μεθαρμόσας
534 2522 581 2549 καὶ
606 2522 829 2556 μυσταγωγήσας

61 2566 98 2600 τὴν
111 2569 258 2595 εὐσέϐειαν.
269 2570 315 2595 Δεῖ
331 2569 431 2601 τοίνυν,
444 2568 555 2595 ἐπειδὰν
567 2568 600 2594 τὰ
616 2568 701 2600 Λόγια
713 2567 779 2602 λέγῃ
793 2567 830 2598 ὠς

62 2612 190 2646 ὲόἁπτιζον
205 2616 230 2641 οι
246 2615 366 2650 μαθηταὶ
383 2616 411 2641 ὲν
422 2615 462 2649 τῷ
477 2614 590 2649 ὀνόματι
601 2613 688 2649 Ἰησοῦ
700 2612 830 2649 Χριστοῦ,

61 2655 74 2690 ἢ
87 2659 138 2685 κατ’
150 2659 232 2694 ἄλλην
247 2660 308 2686 τινὰ
318 2659 455 2695 συνθήκην
469 2659 660 2695 παραπλησίου
672 2659 751 2692 λόγου
763 2667 832 2693 συμ-

63 2705 214 2740 φερομένην,
236 2705 274 2741 τῷ
294 2706 469 2741 προκειμένῳ
491 2705 541 2740 τῆς
560 2706 742 2741 ἐκφωνήσεως
755 2704 832 2740 τύπῳ

62 2746 197 2781 ἀκολούθως
212 2758 242 2776 τε
261 2749 307 2788 καὶ
322 2749 482 2785 θεοπρεπῶς
506 2749 616 2776 ἐννοεῖν·
635 2749 682 2775 καὶ
699 2749 753 2775 τῶν
779 2757 832 2783 μα-

91 2835 110 2852 “
125 2837 217 2865 Matth.
235 2846 293 2871 vin,
308 2838 353 2866 29.
394 2837 416 2854 ³⁸
431 2838 492 2865 Act.
514 2845 552 2868 ιιι,
578 2837 621 2863 l6.

879 2247 983 2269 manat.
1003 2242 1059 2270 lloc
1082 2250 1194 2274 nomen,
1221 2250 1268 2269 seu
1294 2242 1385 2276 potius
1413 2241 1474 2268 ﬁdei
1497 2249 1615 2271 sumina,
1641 2244 1668 2266 ct

880 2288 1018 2314 mentibus
1036 2288 1138 2315 nostris
1155 2287 1327 2321 insculpitur,
1344 2292 1371 2313 et
1384 2285 1568 2313 fundamentis
1583 2285 1668 2311 utitur

880 2334 923 2368 pia
941 2333 1110 2360 credentium
1134 2337 1225 2360 mente
1243 2333 1451 2366 constantiaque
1467 2331 1607 2358 seutcutim
1621 2331 1667 2357 lir-
1709 2335 1712 2339 '

881 2380 972 2406 matis.
992 2380 1049 2408 lloc
1075 2378 1176 2406 Saulus
1205 2386 1302 2406 nomen
1322 2378 1460 2410 vastabat;
1487 2381 1568 2410 atque
1597 2376 1667 2402 idem

882 2431 975 2460 postea
991 2425 1093 2453 Paulus
1108 2433 1199 2452 coram
1214 2424 1340 2459 gentibus
1354 2424 1516 2459 regibusque
1527 2422 1666 2456 portabat;

882 2471 1068 2505 insuperabile
1082 2471 1108 2497 id
1121 2476 1201 2505 atque
1217 2470 1347 2496 invictum
1364 2469 1423 2496 suis
1449 2469 1514 2503 ipsis
1538 2467 1668 2494 facinori-

883 2518 935 2544 bus
954 2517 1099 2547 exhibens,
1125 2516 1279 2550 multasqne
1294 2519 1389 2549 gentes
1416 2511 1450 2540 ab
1474 2514 1610 2546 impietate
1635 2511 1668 2538 ad

883 2571 976 2591 veram
994 2563 1153 2597 religionem
1170 2561 1343 2596 pet-trahens,
1367 2560 1507 2592 sacrisque
1534 2558 1669 2584 imbuens.

884 2609 971 2644 Igitur
986 2609 1204 2644 quotiescunque
1227 2607 1298 2641 apud
1311 2612 1403 2632 sacras
1417 2604 1531 2631 Litteras
1543 2603 1671 2630 dicuntur

886 2655 1012 2690 discipuli
1028 2653 1211 2689 baptizavisse
1226 2653 1252 2679 in
1263 2651 1364 2679 Christi
1386 2650 1494 2676 nomine
1509 2652 1555 2675 aut
1572 2655 1672 2674 sccun-

886 2702 950 2729 dum
968 2701 1048 2728 aliatn
1062 2698 1209 2726 locutionis
1225 2697 1323 2725 similis
1343 2695 1498 2725 formulam,
1527 2693 1552 2720 id
1573 2692 1673 2719 intelli-

887 2747 1005 2783 gendum
1021 2749 1064 2774 est
1082 2745 1164 2780 digne
1180 2752 1212 2772 ac
1229 2743 1424 2771 convenienter
1439 2744 1519 2776 prout
1536 2739 1588 2767 fert
1609 2744 1674 2775 pm—
