1878 3057
70 150 110 183 321
514 147 564 176 AD
583 144 805 176 AMPHILOCH
811 145 884 175 IUM

98 206 132 233 ιδ’.
145 206 233 236 Ὅπως
249 204 299 239 μέν
314 212 355 230 τοι
369 211 400 238 γε
419 203 466 229 καὶ
480 203 494 229 ὁ
508 203 614 234 Παῦλος
630 202 800 238 κατήγγελλε
810 201 841 228 τὸ
855 203 878 231 Α

69 254 138 288 ὄνομα
150 251 192 277 τοῦ
210 249 308 286 Ἰησοῦ,
329 249 377 276 καὶ
394 249 466 276 κατὰ
485 250 562 275 ποῖον
578 248 779 284 σημαινόμενον
789 247 838 274 τοῦ

68 299 190 332 ὀνόματος,
212 295 360 322 κάντεῦθεν
381 295 462 330 δῆλον
472 303 479 310 ·
494 294 595 329 μᾶλλον
610 294 639 321 δὲ
662 293 718 320 τῶν
732 293 840 320 ἐκείνου

68 344 138 377 λόγων
151 344 166 378 ἡ
180 342 258 377 χάρις
270 338 309 368 ὧν
323 340 413 376 ἥψατο
426 341 475 376 τῆς
485 340 609 376 καρδίας,
619 339 717 375 ἄδηλον
740 339 839 368 οὐδενί.

67 389 115 416 Νῦν
128 388 172 423 μὲν
188 388 241 423 γὰρ
256 388 287 414 τὸ
304 386 419 422 φρικτὸν
435 387 480 413 καὶ
498 385 691 421 φιλάνθρωπον
705 384 755 420 τῆς
773 393 841 420 σαρ-

67 435 170 466 κώσεως,
184 433 232 460 καὶ
253 432 444 467 μυσταγωγῶν
459 432 505 458 καὶ
522 431 667 466 κηρύττων
683 430 838 457 ἐδείκνυτο·

67 481 105 507 νῦν
117 480 141 506 δὲ
155 479 286 513 θεολογῶν
297 478 346 514 τὴν
362 470 465 513 Τριάδα
481 476 715 513 ἐπαρρησιάζετο,
725 484 842 503 συνανα-

67 527 192 562 κηρὺττων
211 525 259 551 καὶ
282 524 332 560 τὴν
352 524 436 558 ἄλλην
460 523 508 550 τοῦ
540 524 693 559 μυστηρίου
722 523 841 557 δύναμιν

67 573 192 608 θειὼητα·
205 571 275 598 ἀλλά
298 571 352 606 γὰρ
374 570 452 597 οὐδέν
469 571 528 596 ἐστι
543 567 599 597 οἷον
618 569 701 596 αὑτοῦ
717 569 840 602 ἀκούειν,

68 629 76 645 ‹
87 620 128 650 ⁸ος
137 618 171 645 ὣν
180 618 352 652 ἀπαύγασμα
363 617 413 652 τῆς
421 617 499 652 δόξης
508 617 556 644 καὶ
567 617 711 653 χαρακτὴρ
717 616 768 651 τῆς
777 617 840 642 ὑπο-

67 665 170 697 στάσεως
184 664 278 697 αὺτοῦ,
294 664 416 700 δηλονότι
429 663 477 690 τοῦ
493 664 599 700 Harpe;
615 665 628 690 ὁ
640 663 714 695 Υἱὸς,
725 663 775 698 οὐχ
792 663 842 698 ἀρ-

65 711 158 746 παγμδν
164 712 287 746 ἡγήσατο
294 711 324 737 τὸ
333 708 401 737 εἶναι
413 710 457 736 ἴσα
468 709 538 744 Θεῷ.
553 719 562 735 ι
577 710 644 736 Οὐδὲ
657 709 712 744 γὰρ
722 708 784 744 ἔσχε
795 709 841 735 τὸν

66 758 150 792 κλῆρον
163 757 211 791 τῆς
226 756 354 791 θεότητος
377 757 410 782 ἐκ
430 756 567 791 διαδοχῆς,
590 755 650 782 οὐδὲ
680 754 841 790 ἐπιθέμενος

65 804 103 830 καὶ
114 804 236 839 ἁρπάσας
251 803 280 836 ἑξ
293 802 398 837 ἑτέρου,
415 802 557 837 περιέθετο
575 802 606 828 τὸ
623 802 723 836 κράτος
736 799 840 836 ὲαυτῷ⁴

63 849 111 876 ἀλλ’
121 850 166 877 ἀπ’
175 849 277 884 ἀρχῆς,
288 849 325 880 ὡς
340 850 390 884 τῆς
408 849 492 884 αὐτῆς
503 848 541 875 ὢν
555 848 650 879 οὐσίας
658 848 706 874 καὶ
720 846 840 882 φύσεως,

64 896 103 922 καὶ
123 876 389 931 ρηαρῗαἶτέύτηξ
406 876 553 930 ἀφαίρεσιν
575 876 708 930 μηδαμῶς
723 876 879 929 ignosci-1;];

63 951 98 968 ναι
115 940 257 976 πεφυκώς.
275 941 325 968 Διά
352 941 434 968 τοῦτο
455 941 539 976 μηδὲν
554 941 623 972 ὅλως
647 940 777 976 δυσχερὲς
789 940 840 973 ὑφ-

63 987 194 1023 ορώμενος,
209 996 218 1011 σ
231 986 382 1013 Ἐκένωσεν
393 987 489 1013 ἑαυτὸν
501 985 708 1022 μορφὴνγδούὶωυ
717 984 817 1012 λαϐών·
830 994 839 1010 ι

63 1035 101 1060 καὶ
111 1035 200 1066 πάλιν,
216 1043 225 1060 ‹
240 1031 287 1066 Εἷς
300 1034 366 1066 Θεὸς
381 1034 427 1061 καὶ
441 1033 536 1068 Πατὴρ
547 1032 576 1065 ἐξ
588 1029 618 1060 οὗ
635 1032 669 1059 τὰ
682 1033 780 1059 πάντα·
795 1032 843 1059 καὶ

62 1076 96 1111 εἷς
107 1080 204 1115 Κύριος
222 1079 326 1114 Ἰησοῦς
341 1079 460 1114 Χριστὸς
474 1079 508 1105 δι’
521 1076 553 1106 οὗ
574 1079 609 1106 τὰ
626 1078 728 1105 πάντα·
746 1078 793 1104 καὶ
814 1077 843 1103 ἓν

62 1126 162 1161 Πνεῦμα
175 1127 254 1160 ἅγιον
267 1128 295 1153 ὲν
306 1123 369 1160 qna;
382 1126 484 1153 πάντα.
496 1135 505 1151 ι
515 1125 594 1152 Οὕτω
606 1125 639 1160 δὴ
650 1125 721 1152 οὕτω
736 1125 783 1150 καὶ
794 1124 844 1159 τὴν

60 1172 99 1200 τοῦ
111 1174 195 1208 Λόγου
219 1173 376 1208 οἰκονομίαν
395 1173 575 1207 ἀνεκήρυττε,
596 1171 644 1198 καὶ
664 1171 714 1206 τῆς
730 1170 844 1206 Τριάδος

60 1219 187 1253 θεολογίαν
227 1219 394 1255 ὲκράτυνεν·
415 1218 448 1246 ἐκ
474 1226 505 1245 τε
530 1217 577 1244 τοῦ
606 1217 643 1253 μὴ
677 1216 787 1252 ἀφελεῖν
814 1216 845 1242 τὸ

60 1266 147 1293 ἑνιαῖον
172 1266 230 1293 ἀπὸ
246 1266 384 1301 μηδεμιᾶς
407 1265 463 1292 τῶν
474 1265 559 1300 τριῶν
580 1264 768 1296 ὑποστάσεων,
786 1263 844 1289 ἀλλ’

59 1312 186 1348 ὁμοτίμως
200 1313 243 1344 είς
257 1313 324 1338 αὐτὸ
345 1313 447 1343 ταύτας
465 1309 652 1345 ἀναφέρεσθαι
665 1317 672 1324 ·
685 1310 733 1336 καὶ
750 1311 782 1336 ὲκ
795 1308 844 1335 τοῦ

61 1358 92 1393 μὴ
113 1358 161 1394 τὴν
185 1358 239 1394 μὲν
266 1358 390 1389 πάντων,
403 1357 452 1393 τὴν
465 1357 494 1384 δὲ
513 1357 595 1384 τινῶν
611 1357 705 1392 ἄρχειν
720 1356 768 1383 καὶ
779 1364 846 1390 προ-

59 1405 130 1436 νοεῖν,
144 1404 216 1430 ἀλλὰ
232 1404 281 1436 τὰς
294 1404 368 1438 τρεῖς
381 1404 491 1430 πάντων
505 1404 560 1430 τῶν
573 1403 659 1430 ὃντων
679 1403 727 1430 καὶ
741 1403 791 1438 τὴν
802 1403 846 1437 δη-

61 1451 197 1485 μιουργίαν
214 1451 288 1486 ἔχειν
307 1450 445 1485 ὀμοεθνῶς
474 1450 522 1477 καὶ
539 1450 692 1485 ὀμοτίμως,
724 1450 772 1477 καὶ
795 1449 844 1484 τὴν

59 1497 197 1532 κυριότητα
213 1498 262 1522 καὶ
278 1496 328 1531 τὴν
341 1497 482 1532 πρόνοιαν.

88 1541 128 1568 ιε’.
146 1543 233 1577 Ὀρᾷς
248 1542 322 1574 ὅπως
340 1543 354 1568 ό
364 1543 414 1577 τῆς
429 1542 595 1576 Ἐκκλησίας
605 1541 766 1573 διδάσκαλος
781 1541 845 1569 ὲὸά-
861 1547 882 1577 c

59 1588 132 1619 σταζε
142 1588 267 1623 τὸόνομα
279 1587 326 1615 τοῦ
336 1587 470 1624 Χριστοῦ;
481 1588 522 1615 ἔτι
534 1589 645 1624 συνόρα’
656 1599 664 1615 ι
676 1588 780 1621 Παῦλος
792 1588 849 1615 δοῦ-

59 1635 97 1666 λος
117 1635 207 1670 Ἰησοῦ
235 1634 354 1670 Χριστυῦ
373 1635 472 1670 κλητὸς
487 1635 635 1667 ἀπόστολος
650 1635 845 1671 ἀφωρισμένος

60 1681 91 1710 εἰς
101 1681 270 1715 Εὑαγγέλιον
276 1681 355 1714 Θεοῦ,
365 1681 379 1707 ὃ
388 1682 624 1716 προεπηγγείλατο
634 1681 677 1707 διὰ
683 1681 737 1707 ιιῶν
744 1690 850 1717 προφη-

60 1727 108 1753 τῶν
128 1729 212 1754 αὑτοῦ
228 1729 258 1754 ἐν
274 1728 397 1764 Γραφαῖς
410 1729 515 1762 ἁγίαις,
532 1729 596 1764 περὶ
609 1728 658 1755 τοῦ
677 1728 743 1755 Υἱοῦ
759 1729 842 1755 αὐτοῦ

61 1772 101 1800 τοῦ
109 1775 261 1809 γενομένου
272 1775 306 1801 ὲκ
318 1775 476 1810 σπέρματος
487 1774 578 1801 Δαϐίδ¹
587 1784 596 1800 ι
614 1774 695 1802 πάλιν
709 1775 850 1802 κάνταῦθα

60 1822 220 1855 κηρύττεται
240 1821 257 1855 ἡ
272 1820 357 1856 Τριάς
370 1829 377 1836 ο
392 1820 460 1851 Θεὸς
480 1821 527 1847 καὶ
544 1820 609 1852 Υἱὸς
628 1819 676 1847 τοῦ
703 1820 771 1847 Θεοῦ
797 1821 844 1848 καὶ

60 1866 165 1901 Πνεῦμα
178 1866 272 1901 ἅγιον,
293 1867 340 1893 καὶ
360 1868 376 1901 ἡ
399 1867 538 1902 σάρκωσις
557 1869 849 1905 συνανακηρυττομὲνη

58 1913 100 1940 τοῦ
115 1914 217 1949 Λόγου.
241 1914 318 1940 Ἐπεὶ
333 1914 361 1941 δὲ
373 1915 436 1941 Υἱδν
454 1914 523 1941 Θεοῦ
542 1913 630 1947 εἶπεν,
649 1916 747 1949 ἐπάγει
767 1915 801 1943 δι’
813 1912 851 1942 ὧν

60 1961 215 1996 ἀφορίζεται
230 1961 246 1987 ό
258 1961 333 1993 Υίὸς⁴
342 1960 389 1987 τοῦ
404 1961 458 1997 γὰρ
471 1961 698 1996 ὲπιγνωσθέντος,
713 1963 791 1996 φησὶ,
804 1961 853 1989 καὶ

61 2006 254 2042 ἁςορισθέντος
268 2006 298 2039 ἐξ
311 2007 398 2034 ἀλλων
413 2015 443 2033 τε
467 2007 573 2034 πολλῶν
596 2006 749 2042 ἰδιωμάτων
762 2007 780 2035 ἃ.
798 2017 853 2044 μη-

59 2051 108 2078 δενὶ
118 2053 267 2088 πρόσεστι,
287 2052 334 2079 καὶ
349 2052 415 2079 ὅτιὸ
436 2051 571 2088 μηδέποτε
597 2054 719 2087 γέγονεν,
738 2054 854 2090 αὐτουρ-

58 2097 100 2131 γὸς
121 2099 172 2132 τῆς
193 2099 267 2130 ἰδίας
294 2098 472 2130 ἀναστάσεως
492 2099 615 2133 γέγονεν.
634 2100 691 2134 Οὐχ
709 2100 810 2135 ἥκιστα
826 2099 854 2126 δὲ

59 2145 100 2170 καὶ
114 2144 143 2177 ἐξ
157 2141 199 2171 ὧν
215 2144 248 2171 τὸ
265 2144 400 2178 πανάγιον
413 2144 527 2179 Πνεῦμα
538 2144 686 2172 ἐπεσκίασὲ
694 2154 724 2172 τε
734 2145 774 2181 τῷ
783 2145 854 2181 τόκῳ

58 2190 98 2216 τὸν
116 2191 269 2226 ὁμοούσιον
283 2191 369 2224 Λόγον
388 2192 420 2217 ὲκ
440 2191 599 2226 σπέρματος
618 2191 701 2218 Δαὸὶδ
722 2192 852 2227 συνεργὸν

58 2238 210 2273 προελθεῖν,
230 2239 279 2265 καὶ
294 2238 400 2274 μάρτυς
416 2239 445 2265 ὲν
459 2238 499 2273 τῷ
519 2238 689 2274 βαπτίσματι
704 2239 755 2274 τῆς
770 2239 855 2274 ἀψευτ

59 2282 114 2314 εοῦς
125 2284 259 2320 υἱότητος
283 2283 331 2310 καὶ
355 2284 405 2318 τῆς
420 2284 565 2319 ὸμοουσίου
581 2283 708 2319 θεότητος
721 2284 856 2319 γεγονώς.

59 2329 100 2360 Εἰς
109 2329 196 2365 κόρον
209 2329 256 2359 ἂν,
273 2325 362 2363 οἶμαι,
379 2327 535 2364 λογισθείην
545 2330 600 2361 τοῖς
612 2330 761 2365 ἀκροαταῖς
773 2339 858 2366 προσ-

60 2375 188 2410 φέρεσθαι
208 2375 258 2401 καὶ
279 2374 313 2402 τὰ
335 2374 451 2408 περιττὰ
479 2375 631 2410 φιλότιμος,
653 2377 678 2402 εί
702 2375 793 2408 πάσας
806 2377 856 2408 τὰς

59 2422 167 2456 χρήσεις
184 2422 237 2447 τοῦ
251 2420 397 2447 θεσπεσίου
416 2420 527 2447 Παῧλου
550 2421 750 2457 ἀναγράφοιμι,
773 2423 808 2449 δι’
820 2420 858 2449 ὧν

60 2466 193 2501 ὲθεολόγει
205 2475 237 2493 τε
247 2465 297 2501 τὴν
308 2466 423 2502 Τριάδα,
440 2466 488 2492 καὶ
499 2466 547 2501 τῆς
562 2466 726 2501 σαρκώσεως
738 2466 856 2503 ἐκήρυτ-

59 2513 124 2539 sub
148 2513 319 2548 μυστήριον,
344 2511 487 2547 βαστάζων
504 2511 619 2538 ἐνώπιον
640 2512 726 2539 ἐθνῶν
754 2521 783 2539 τε
806 2513 854 2540 καὶ

60 2558 192 2594 βασιλέων
207 2559 241 2585 τὸ
249 2558 336 2594 ὄνομα
351 2558 399 2585 τοῦ
414 2559 532 2594 Κυρίου.
554 2559 653 2595 Διόπερ
668 2560 725 2591 τοῖς
740 2559 856 2595 εἰρημέ-

61 2613 111 2635 νοις
125 2603 377 2639 ἀρκεσθησόμεθα,
389 2603 466 2630 οὐδὲν
482 2603 562 2638 ἔργον
578 2603 782 2637 ὑπολείποντες,
796 2605 857 2631 οὐδὲ

59 2651 111 2680 τοῖς
124 2650 258 2676 ἐθέλουσι
274 2649 423 2680 κάκείνοις,
443 2648 623 2683 ἀναλέγεσθαι
635 2657 642 2663 ·
652 2650 723 2676 κατά
734 2650 768 2676 τὰ
785 2650 855 2677 αὐτὰ

59 2695 84 2722 δὲ
96 2695 284 2730 δηλονότικαὶ
294 2695 349 2722 τῶν
367 2695 455 2722 ἀλλων
468 2695 598 2730 μαθητῶν
610 2697 624 2721 ό
639 2696 710 2727 θεῖος
723 2696 857 2732 ἐκήρυττε

59 2742 102 2767 καὶ
116 2742 250 2768 ἐδίδασκε
266 2741 357 2776 χορός.
384 2741 428 2772 Ὧς
450 2741 480 2768 δὲ
502 2741 665 2777 ἐκήρυττον,
685 2741 772 2773 οὕτως
793 2742 858 2769 ἐϐά-

59 2789 152 2822 πτιζον
165 2797 172 2804 ·
195 2789 350 2824 ἐκήρυττον
366 2787 394 2815 δὲ
407 2787 445 2820 ὡς
463 2788 480 2824 ἡ
495 2789 677 2820 ὲνυπόστατος
696 2789 797 2821 αὐτοὺς
813 2798 859 2816 σο-

60 2834 105 2867 ςλὶα
124 2834 270 2868 θεολογεῖν
283 2835 332 2860 καὶ
355 2833 502 2870 κηρύττειν
521 2834 711 2867 ὲξεπαίδευεν·
731 2831 769 2862 ὧν
785 2835 814 2862 ἓν
827 2834 861 2871 ἦν

869 2222 891 2249 D

905 143 1079 181 QU/ESTIO
1107 145 1218 175 XLIII.
1628 142 1683 174 322

928 202 972 229 M.
992 202 1116 235 Quanam
1145 202 1227 237 igitur
1251 202 1357 228 ratione
1372 201 1473 229 Paulus
1494 200 1557 229 Iesu
1581 209 1683 229 nomen

892 248 1042 280 nuntiaret,
1066 253 1093 274 et
1120 253 1241 282 quanam
1260 247 1380 274 nominis
1398 247 1593 282 signiﬁcantia,
1619 248 1686 276 hac-

892 297 972 320 tenus
987 292 1155 328 patefactum
1172 297 1213 320 est
1230 300 1237 319 :
1252 293 1404 328 praasertim
1418 300 1482 320 vero
1503 293 1529 320 id
1545 293 1684 321 neminem

890 346 986 367 eorum
1004 339 1094 372 latuit,
1118 347 1236 374 quorum
1261 346 1309 366 cor
1325 347 1484 366 sermonum
1512 339 1584 367 illius
1597 341 1685 374 gratia

891 386 990 420 tetigit.
1007 385 1088 413 Modo
1103 385 1175 413 enim
1191 386 1374 412 venerandam
1393 390 1421 412 et
1439 385 1684 414 clementissimam

891 431 1109 460 incarnationem
1124 432 1241 459 docebat
1253 431 1481 467 priedicandoque
1494 432 1683 460 monstrabat:

892 479 974 506 modo
1003 479 1154 514 theologica
1183 479 1308 506 oratione
1334 478 1496 506 Trinitatem
1530 479 1684 506 animosius

892 526 1043 557 asserebat,
1065 530 1190 553 caeteratn
1207 533 1317 561 quoque
1343 526 1466 561 mysterii
1485 525 1539 552 vim
1561 533 1594 553 ac
1613 526 1685 553 divi-

892 571 1004 598 nitatem
1030 571 1113 598 simul
1135 571 1334 606 depraedieans.
1362 571 1416 598 Sed
1437 571 1505 598 nihil
1528 571 1626 599 melius
1653 571 1688 598 de

892 624 926 644 eo
947 618 1035 646 audiri
1053 623 1155 653 potest,
1176 626 1258 653 quam
1282 627 1291 644 ι
1312 618 1440 651 Quicum
1465 623 1538 645 esset
1557 618 1688 653 splendor

892 663 987 698 gloria:
1001 668 1029 691 et
1044 663 1130 699 ﬁgura
1146 664 1307 691 substantiae
1321 663 1382 697 ejus
1396 663 1454 679 '8'"
1476 663 1585 698 (nempe
1601 663 1687 692 Filius

893 709 1024 744 splendor
1050 715 1078 737 et
1095 710 1181 745 tigura
1200 711 1302 744 Patris)
1321 718 1375 737 non
1394 710 1517 745 rapinam
1536 711 1687 739 arbitratus

893 761 934 783 est
949 763 978 783 se
986 764 1047 784 esse
1059 756 1192 791 aequalem
1208 756 1263 784 Deo
1274 756 1307 784 ⁸ο.
1327 766 1336 783 ›
1350 756 1409 784 Non
1425 757 1498 784 enim
1512 757 1689 785 successione

894 802 1008 830 sortitus
1018 803 1188 830 divinitatem
1199 807 1268 834 erat.
1285 808 1374 838 neque
1390 803 1414 830 vi
1432 802 1583 831 detractam
1604 804 1686 832 alicui

894 849 1047 884 potentiam
1064 849 1116 877 sibi
1131 849 1371 885 circnmposuerat
1385 859 1392 877 :
1409 850 1455 877 sed
1471 850 1505 878 ab
1525 850 1604 878 initio
1620 851 1688 878 sub—

892 895 1002 923 stantiae
1024 895 1146 931 ejusdem
1163 900 1322 931 naturaeque
1343 896 1406 929 fuit,
1422 897 1582 932 nullutnque
1606 897 1688 932 hujus

894 942 1088 969 detrimentum
1114 942 1169 976 pati
1193 946 1308 977 poterat.
1327 942 1434 970 Idcirco
1450 943 1518 970 nihil
1541 943 1688 972 molestum

895 986 1063 1021 detrectans,
1078 997 1087 1014 ε
1104 988 1260 1016 Exinauivit
1279 989 1471 1023 semetipsum,
1487 988 1605 1017 formam
1615 990 1688 1018 servi

895 1034 1033 1069 accipiens
1056 1034 1089 1061 “.
1116 1044 1126 1060 ι
1154 1034 1186 1062 Et
1203 1043 1299 1062 rursus
1317 1044 1323 1062 :
1342 1044 1351 1061 ι
1372 1035 1449 1063 Unus
1468 1035 1540 1064 Deus
1558 1041 1585 1064 et
1608 1035 1689 1064 Pater

895 1087 928 1107 ex
952 1088 1008 1114 quo
1027 1081 1119 1108 omnia
1135 1087 1143 1107 :
1161 1086 1189 1108 et
1202 1089 1274 1109 unus
1295 1080 1374 1109 Jesus
1389 1081 1526 1113 Christus,
1544 1089 1592 1116 per
1606 1090 1687 1117 quem

896 1125 1006 1160 omnia;
1020 1131 1046 1153 et
1060 1134 1131 1153 unus
1145 1125 1263 1161 Spiritus
1279 1131 1402 1160 sanctus,
1418 1127 1444 1154 in
1454 1135 1510 1162 quo
1523 1129 1617 1156 omnia
1628 1129 1661 1155 δ’.
1676 1138 1686 1153 ι

897 1172 944 1200 Sic
958 1171 1071 1200 omnino
1088 1172 1416 1201 Paulusinearnationem
1432 1174 1611 1209 praedicabat,
1627 1174 1690 1202 'l'ri-

896 1219 1047 1254 nitatisque
1074 1219 1195 1246 divinam
1224 1219 1350 1247 notitiam
1381 1220 1563 1248 conﬁrmabat
1587 1230 1594 1248 :
1623 1221 1688 1248 dum

897 1262 1004 1291 scilicet
1019 1264 1153 1291 unitatem
1171 1264 1237 1291 nulli
1261 1264 1345 1292 trium
1363 1273 1544 1300 personarum
1562 1266 1690 1293 detrahe-

898 1314 948 1342 ret,
961 1310 1127 1345 easdemque
1138 1311 1172 1338 ad
1185 1318 1268 1338 unum
1283 1300 1425 1346 aequaliter
1441 1312 1571 1345 referret;
1587 1317 1613 1340 et
1623 1313 1689 1340 dum

898 1355 971 1383 baud
995 1356 1076 1383 aliam
1100 1364 1246 1392 personam
1273 1358 1383 1385 cunctis
1401 1358 1504 1395 _rebus,
1526 1359 1608 1386 aliam
1625 1367 1691 1386 vero

898 1401 1036 1428 nonnullis
1042 1401 1178 1429 dominari
1191 1407 1219 1430 et
1228 1403 1374 1430 consulere
1384 1403 1498 1435 diceret;
1507 1403 1554 1431 sed
1564 1408 1619 1432 tres
1628 1412 1692 1439 per-

897 1455 980 1476 sonas
991 1449 1116 1476 onmium
1135 1456 1225 1476 rerum
1236 1449 1403 1477 creationem
1414 1449 1584 1485 conjunctim
1597 1458 1691 1486 aequa—

897 1495 1014 1530 literque
1021 1496 1170 1527 curavisse,
1184 1495 1337 1531 iisdemque
1343 1497 1480 1523 moderari
1493 1504 1526 1524 ac
1535 1497 1692 1532 providere.

935 1541 979 1568 i5.
993 1541 1087 1568 Viden'
1104 1546 1133 1568 ut
1150 1541 1277 1569 Ecclesia:
1291 1541 1387 1569 doctor
1402 1542 1504 1570 Christi
1519 1550 1618 1570 nomen
1630 1550 1694 1578 por-

900 1588 1017 1615 taverit?
1039 1587 1092 1615 Sed
1124 1596 1207 1623 perge
1235 1596 1318 1623 porro
1340 1589 1537 1617 considerare:
1556 1599 1566 1615 ‹
1592 1589 1694 1618 Paulus

901 1642 997 1662 servus
1008 1634 1073 1663 Jesu
1087 1635 1190 1663 Christi
1202 1640 1317 1663 vocatus
1330 1636 1473 1671 apostolus
1488 1641 1647 1672 segregatus
1664 1637 1693 1665 in

901 1680 1078 1715 Evangeiium
1106 1681 1164 1714 Dei,
1180 1681 1255 1717 quod
1279 1682 1445 1716 promiserat
1471 1690 1520 1717 per
1546 1684 1696 1718 prophetas

901 1733 967 1753 suos
989 1726 1016 1753 in
1034 1725 1185 1761 Scripturis
1202 1727 1316 1759 sanctis,
1333 1727 1367 1755 de
1393 1727 1462 1755 Filio
1476 1736 1527 1756 suo
1543 1729 1590 1764 qui
1607 1728 1697 1756 factus

901 1777 943 1800 est
960 1772 985 1800 ei
1005 1780 1038 1800 ex
1061 1780 1161 1807 genere
1177 1773 1262 1801 David
1277 1773 1312 1800 ".
1335 1783 1343 1799 ι
1361 1774 1460 1802 lterum
1477 1775 1520 1802 hie
1531 1775 1697 1810 praedicatur

902 1818 1032 1850 Trinitas,
1048 1818 1120 1845 Deus
1144 1823 1171 1845 et
1195 1818 1281 1846 Filius
1306 1818 1353 1846 Dei
1379 1823 1406 1846 et
1432 1818 1549 1854 Spiritus
1564 1825 1696 1852 sanctus.

902 1871 1010 1891 necnon
1035 1869 1062 1890 et
1079 1863 1157 1891 Verbi
1173 1864 1326 1892 incarnatio
1343 1865 1426 1892 simul
1443 1865 1617 1900 praedicatur.
1634 1866 1696 1894 Jam

904 1911 951 1938 ubi
966 1909 1013 1937 Dei
1031 1909 1131 1937 Filium
1151 1910 1231 1944 dixit,
1246 1910 1342 1945 adjicit
1358 1911 1441 1938 etiam
1456 1918 1576 1946 quanam
1589 1913 1697 1941 ratione

903 1956 1089 1991 distinguatur
1100 1955 1197 1983 Filius.
1207 1956 1275 1984 Natn
1287 1965 1349 1984 cum
1360 1957 1488 1992 cognitus
1497 1957 1698 1994 distinctusque

902 2001 959 2037 jam
970 2005 1044 2029 esset
1056 2001 1118 2030 aliis
1130 2002 1224 2030 multis
1235 2002 1460 2037 proprietatibus,
1469 2011 1531 2038 quat
1544 2009 1642 2039 prater
1656 2005 1698 2040 ip-

905 2056 966 2076 sum
984 2048 1085 2076 nemini
1100 2049 1210 2082 insunt;
1228 2053 1285 2076 tum
1298 2057 1364 2077 vero
1375 2050 1600 2087 quodrnunquam
1618 2055 1698 2079 antea

906 2095 1069 2130 contigerat,
1083 2095 1140 2129 ipse
1151 2099 1246 2122 auctor
1257 2096 1467 2127 resurrectionis
1481 2104 1537 2124 sum
1552 2096 1613 2124 fuit.
1630 2096 1698 2125 Item

908 2139 1027 2174 Spiritus
1044 2145 1156 2167 sanctus
1179 2139 1264 2167 fetum
1277 2140 1481 2174 obumbrando,
1499 2142 1695 2176 deditoperam

907 2191 938 2214 ut
963 2186 1081 2214 Verbum
1101 2186 1338 2214 consubstantiale
1352 2194 1386 2214 ex
1404 2187 1513 2215 Davidis
1531 2195 1630 2223 genere
1649 2196 1698 2215 na-

906 2237 1042 2265 sceretur;
1055 2236 1138 2267 atque
1154 2233 1180 2259 in
1195 2232 1358 2267 baptismate
1374 2233 1500 2260 ﬁliationi
1511 2240 1581 2261 verae
1595 2238 1622 2261 et
1632 2241 1699 2262 con-

906 2278 1082 2306 substantiali
1102 2278 1242 2306 Divinitati
1266 2279 1455 2306 testimonium
1477 2279 1562 2307 dedit.
1580 2279 1700 2307 Satieta-

907 2329 961 2352 tem
969 2324 1143 2352 audientibus
1156 2333 1256 2358 creent,
1267 2325 1423 2360 nimiusque
1431 2325 1535 2357 videar,
1549 2325 1572 2352 si
1585 2329 1699 2353 cunctas

907 2372 1002 2408 inclyti
1014 2371 1137 2407 Apostoli
1154 2371 1306 2399 locutiones
1330 2372 1468 2399 ascribere
1483 2371 1575 2402 velim,
1596 2371 1699 2406 quibus

909 2417 1062 2452 theologica
1085 2417 1209 2444 oratione
1232 2415 1397 2444 Trinitatem
1419 2425 1470 2444 nos
1487 2417 1590 2449 docuit.
1616 2421 1644 2444 et
1665 2416 1700 2443 du

909 2462 1107 2491 incarnationis
1125 2463 1256 2497 mysterio
1279 2462 1411 2490 certiores
1432 2461 1506 2494 fecit,
1530 2469 1629 2489 nomen
1646 2460 1701 2489 D0-

911 2509 980 2536 mini
995 2516 1087 2536 coram
1110 2508 1238 2543 gentibus
1263 2508 1430 2542 regibusque
1455 2511 1576 2542 portans.
1599 2507 1702 2539 Quam-

912 2555 1007 2582 obrem
1021 2554 1104 2582 dictis
1118 2553 1238 2581 contenti
1256 2554 1378 2585 erimus;
1403 2553 1553 2588 praesertim
1565 2553 1631 2588 quia
1650 2559 1704 2580 co:-

911 2606 978 2632 tera.
994 2601 1017 2629 si
1028 2601 1091 2636 quis
1104 2601 1187 2633 volet,
1197 2600 1272 2627 nullo
1285 2600 1394 2635 negotio
1409 2607 1573 2628 coacervare
1591 2599 1702 2635 poterit.

909 2649 999 2683 Atque
1012 2648 1064 2676 hoc
1079 2648 1160 2675 modo
1176 2647 1297 2681 reliquus
1311 2647 1395 2674 etiam
1407 2647 1606 2682 discipulorum
1621 2654 1704 2675 vene-

911 2697 1014 2724 randus
1026 2696 1129 2724 chorus
1140 2695 1306 2731 praedicabat
1316 2699 1399 2730 atque
1411 2695 1536 2722 docebat.
1551 2695 1611 2722 Jam
1623 2694 1704 2723 sicuti

912 2743 938 2770 hi
967 2743 1162 2778 praedicabant,
1189 2742 1225 2770 ita
1249 2742 1332 2769 etiam
1360 2741 1544 2776 baptizabant.
1569 2741 1705 2770 Praedica-

912 2791 980 2818 bant
1005 2794 1095 2818 autem
1122 2790 1204 2817 sicuti
1230 2789 1306 2824 ipsos
1331 2788 1503 2824 hypostatica
1524 2789 1658 2824 sapientia
1672 2790 1706 2815 ad

916 2837 1068 2872 theologice
1084 2835 1251 2871 loquendum
1265 2835 1527 2871 przedicandumque
1538 2835 1703 2863 erudiverat.

101 2892 162 2909 "-"
187 2892 273 2919 Ilebr.
291 2900 310 2924 I,
324 2891 351 2919 5.
394 2892 418 2908 “
439 2891 538 2927 Philip.
555 2902 584 2928 ll,
604 2894 631 2922 6.
667 2893 688 2910 "
708 2893 774 2922 ibid.
794 2894 819 2921 7.

922 2894 979 2921 Sor.
994 2901 1053 2928 vni,
1070 2895 1098 2922 6.
1134 2894 1161 2932 ⁸³.
1176 2893 1254 2922 Rom.
1274 2902 1292 2927 ι,
1313 2893 1337 2927 l,
1354 2893 1381 2920 ‘2.

206 2940 345 2971 Pnn‘ot.
363 2940 422 2971 Gtt.
456 2942 504 2973 Cl.

1507 2941 1542 2970 11
