1878 3057
69 145 114 177 325

512 146 562 176 ΑΙ)
575 144 874 176 AMPHILOCHIUM
886 144 1061 181 QUESTIO
1074 143 1185 175 XLIII.

1625 146 1679 177 326

69 203 112 234 xi;
125 201 284 236 συνέγραφε,
302 202 407 234 Παῦλος
420 202 562 229 ἐδίδασκεν
572 211 580 218 ·
597 201 638 233 οἷς
654 202 704 229 καὶ
715 202 770 229 τῶν
785 203 838 229 λοι-

909 202 966 229 nim
985 200 1123 236 suspicari
1141 200 1214 232 licet,
1230 198 1379 228 moruleris
1396 200 1471 235 ipsos
1490 200 1569 228 noxis
1587 207 1618 228 se
1630 201 1681 229 ob-

68 248 119 275 πῶν
140 247 290 274 ἀποστόλων
308 248 323 274 ὁ
349 247 430 283 χορὸς
448 248 489 283 (οὐ
515 248 572 284 γὰρ
596 245 630 284 ἦν
643 247 768 283 οὐδαμῶς
784 247 838 274 οὐδ’

67 293 107 320 ἐπὶ
118 292 176 320 νοῦν
196 292 287 320 λαϐεῖν
306 293 404 327 αὐτοὺς
425 293 492 330 περὶ
516 293 551 321 τὰ
577 294 674 329 καίρια
695 293 839 330 φέρεσθαι)

68 338 290 372 συνανεκήρυττεν.
316 337 411 371 Οὕτως
434 339 520 374 ὄνομα
542 338 661 374 Χριστοῦ
682 339 699 374 ὴ
713 339 804 370 πίστις
821 339 839 374 ἡ

67 386 100 416 εἰς
121 384 252 420 Χριστόν·
277 384 370 417 πίστις
394 385 423 412 δὲ
443 386 484 417 είς
500 385 619 420 Χριστὸν
644 385 662 419 ὴ
690 384 726 411 δι’
755 383 839 411 αὐτοῦ

893 247 1028 281 stringere
1040 245 1148 273 solitos.
1168 244 1280 273 Constat
1295 244 1376 279 igitur
1391 244 1493 272 Christi
1515 252 1614 273 nomen
1631 253 1682 280 pro

894 292 947 320 [ide
966 292 993 318 in
1009 290 1149 318 Christum
1164 289 1216 318 dici
1236 298 1243 316 :
1258 289 1324 317 lides
1339 297 1404 318 vero
1421 290 1448 317 in
1460 289 1601 318 Christum
1614 290 1683 318 nihil

893 341 936 365 est
960 337 1013 365 nisi
1037 336 1137 364 tradita
1167 335 1367 371 spectatoribus
1391 335 1467 363 verbi
1489 340 1571 371 atque
1595 336 1684 363 admi-

894 383 990 411 nistris
1010 389 1089 410 sacra
1108 382 1233 409 doctrina
1252 385 1280 408 et
1293 381 1491 409 incarnationis
1508 383 1679 418 mysterium,
1721 385 1725 388 '

56 431 257 467 ἵιιιαραδεδομένη
278 432 334 462 τοῖς
361 430 511 462 αὐτόπταις
530 430 577 457 τοῦ
609 430 689 465 λόγου
714 430 761 456 καὶ
783 429 934 465 ὑπηρέταις
962 428 1096 463 θεολογία,
1125 428 1174 455 καὶ
1203 427 1254 463 τῆς
1277 427 1434 463 οἰκονομίας
1459 427 1490 454 τὸ
1518 430 1679 465 μυστήριον·

95 499 133 531 ιζ’.
152 498 185 525 ΣΞ,
198 498 225 525 δὲ
240 498 266 525 et
282 506 323 530 τις
337 498 408 533 ἔρως
417 497 520 533 ἐπῆλθε
531 497 600 533 πρὸς
613 497 663 534 τὴν
672 498 759 533 αὐτὴν
772 497 838 524 ὑπό-

67 546 129 571 θεσιν
144 544 266 579 εὐπορεῖν
283 543 414 571 πλειόνων
427 543 664 579 ἐπιχειρημάτων,
689 542 837 570 κάντεῦθεν

66 591 106 624 τῆς
117 590 266 624 προθέσεως
284 589 335 615 οὐκ
355 588 505 624 ὰποτεύξῃ.
527 588 640 624 Πρῶτον
656 589 706 624 μέν
718 588 773 624 γὰρ
788 588 838 623 τῆς

66 635 104 667 ἁπῗ
116 635 196 670 ἀρχῆς
212 634 328 669 ἀπορίας
350 634 520 668 εὐλογωτὲρα
537 634 614 665 λύσις
629 634 680 660 οὐκ
691 633 725 660 ἃν
741 634 784 669 ετη
795 642 839 665 τις

66 681 134 715 ἑτέρα
148 680 221 715 παρὰ
232 680 284 715 τὴν
299 679 452 715 εἰρημένην
470 679 575 713 σαφῶς,
587 679 774 714 ἐμφανίζουσα
789 679 839 715 τὴν

65 725 104 752 τοῦ
123 725 281 760 ζητήματος
307 725 419 759 γνῶσιν.
437 724 570 759 Δεύτερον
590 725 619 751 δὲ
642 725 691 751 καὶ
710 725 744 760 ἦν
765 733 838 755 τινες

65 771 197 805 ἐπενόησαν
212 770 301 803 λύσιν,
314 771 345 797 τὸ
358 771 555 805 ἀνεπιτίμητον
568 771 619 797 οὐκ
629 769 691 805 ἔσχε
703 777 711 785 ·
723 770 769 797 καὶ
783 770 836 805 γὰρ
853 760 875 788 Β

65 817 106 851 ἤδη
120 818 165 852 μὲν
179 818 228 844 οὐκ
240 817 336 851 ὀλίγας
352 817 435 844 ἔδωκε
447 817 532 849 λαϐάς
542 826 548 833 ·
564 817 624 852 δοίη
639 817 662 843 δ’
672 817 705 844 ἄν
721 825 763 843 σοι
775 816 838 852 βου-

64 862 154 897 λομένῳ
170 863 215 889 καί
231 863 354 895 πλείους.
373 863 405 889 Et
426 863 482 898 γὰρ
506 862 673 898 προσίστατο
693 863 750 894 τοῖς
776 861 838 889 κατ’

64 909 138 943 ἀρχὰς
147 908 288 944 προσιοῦσι
304 910 353 936 καὶ
370 909 451 943 μόνον
473 908 678 944 προφερόμενον
695 907 726 935 τὸ
750 908 838 944 ὖνομα

63 954 101 981 τοῦ
108 955 230 990 Χριστοῦ,
241 954 301 986 πῶς
311 953 346 990 ἦν
355 955 410 981 τῶν
421 954 642 989 κατεπειγόντων
657 954 838 990 βαπτίζοντας

64 1000 118 1027 αὐτὸ
132 1000 307 1036 προκομίζειν
319 1010 326 1034 ;
342 1000 409 1027 Οὐδέ
422 1000 477 1035 γὰρ
490 999 639 1035 θεραπείαν
654 999 717 1026 τινὰ
728 999 776 1026 τοῦ
792 999 838 1026 Θο-

64 1046 192 1081 ρυὸοὖντος
201 1047 333 1081 παρεῖχεν
342 1046 374 1073 ἂν
380 1046 411 1073 τὸ
417 1045 596 1082 παραλυποῦν
608 1046 819 1081 προτεινόμενον
828 1052 836 1060 “

64 1091 112 1118 ἀλλ’
125 1092 167 1118 ἐπὶ
184 1092 267 1118 πλέον
287 1091 467 1127 ἐξετράχυνεν
494 1091 527 1118 ἂν
547 1091 595 1118 καὶ
620 1091 838 1126 ἁνεφλέγμαινεν

63 1137 117 1164 αὐτὸ
129 1138 176 1173 τὴν
190 1137 316 1174 γνώμην.
332 1138 489 1173 Σιγώμενον
511 1137 567 1172 γὰρ
589 1137 691 1173 μᾶλλον
706 1137 736 1164 τὸ
759 1137 839 1164 ἀνια-

64 1186 111 1219 ρὸν,
124 1186 139 1222 ἢ
154 1185 350 1221 φθεγγόμενον,
372 1186 437 1217 τοὺς
455 1185 684 1220 δυσχεραίνοντας
700 1184 766 1211 αὐτὸ
778 1184 838 1211 δια-

64 1231 177 1265 πραΰνει.
193 1231 250 1257 Καὶ
265 1230 297 1257 τὸ
311 1230 352 1257 ἐτι
378 1229 479 1266 μᾶλλον
499 1230 653 1264 ἁναφλέγον
673 1229 715 1260 είς
739 1228 838 1264 ὀργὴν,

64 1276 185 1311 σιωπῆσαι
199 1277 252 1312 μὲν
265 1276 310 1302 καὶ
325 1275 462 1311 ὑπεριδεῖν
474 1275 492 1302 ἃ
503 1276 559 1307 τοῖς
571 1275 679 1305 πολλοῖς
692 1274 747 1300 τῶν
769 1273 837 1300 Ἰου-

62 1322 132 1349 δαίων
147 1322 322 1359 ἐγνωρίζετο,
337 1321 448 1358 Πατέρα
468 1321 539 1355 λέγω
559 1321 608 1348 καὶ
636 1320 760 1356 Πνεῦμα,
773 1319 838 1347 ἀντ-

65 1368 207 1402 επεισάγειν
219 1368 252 1395 δὲ
265 1368 314 1404 τὴν
328 1368 425 1403 κλῆσιν
436 1368 484 1395 τοῦ
493 1367 570 1399 Υίοῦ,
587 1365 627 1399 οἷς
643 1366 704 1393 οὐδὲ
717 1366 768 1401 τὴν
781 1375 837 1401 φω-

62 1412 102 1448 νὴν
116 1414 212 1441 ἄλυπον
225 1411 262 1450 ἦν
280 1415 340 1445 ταῖς
362 1414 460 1445 ἀκοαῖς
479 1413 682 1449 παραδέχεσθαι
697 1413 753 1448 (45)
768 1421 775 1428 ·
791 1412 838 1439 καὶ

62 1461 106 1495 γὰρ
120 1460 215 1495 μᾶλλον
223 1460 260 1487 ἂν
271 1459 472 1494 προαγόμενον,
482 1458 554 1485 οὕτω
564 1458 740 1494 προσίστατο.
760 1456 838 1484 Μετὰ

63 1506 105 1540 μὲν
117 1507 167 1542 γὰρ
183 1506 236 1533 τῶν
258 1505 425 1541 τιμωμένων
441 1504 672 1539 συνταττομένου,
688 1503 757 1539 πρὸς
771 1503 838 1529 ἐκα-

62 1551 132 1586 τέραν
146 1552 243 1586 μοῖραν
256 1551 306 1586 τήν
320 1559 348 1577 τε
366 1548 582 1586 παραλυποῦσαν
599 1549 646 1576 καὶ
659 1548 709 1584 τὴν
725 1548 839 1583 εὐφραί-

62 1604 147 1623 νουσαν
160 1597 173 1623 ό
186 1595 329 1631 ἀκροατὴς
343 1595 487 1631 ἐμερίζετο
498 1603 506 1611 ·
524 1595 571 1622 καὶ
587 1594 656 1630 πρὸς
669 1594 733 1629 μίαν
744 1601 838 1620 καινο-

62 1641 146 1675 τομίαν
170 1641 220 1676 τῆς
251 1640 411 1676 προσθήκης
429 1644 442 1657 ο
457 1640 634 1676 ἐταράσσετο.
650 1639 712 1666 Τῶν
727 1639 756 1666 δὲ
766 1648 840 1673 γνω-

65 1686 138 1721 ρίμων
150 1687 197 1713 καὶ
207 1686 377 1722 τιμωμένων
393 1687 455 1721 σιγῇ
468 1685 741 1722 παραπεμπομένων,
756 1685 838 1720 μόνου

63 1732 86 1758 δὲ
96 1732 140 1759 τοῦ
152 1732 320 1768 πλήττοντος
340 1733 399 1760 ἀντ’
414 1732 527 1759 ἐκείνων
546 1731 764 1767 κηρυσσομένου,
779 1730 838 1762 πῶς

62 1779 102 1805 οὐκ
114 1777 145 1814 ἧν
160 1779 345 1814 εὐλογώτερον
369 1778 513 1814 ἀποπηδᾷν
536 1777 646 1810 αὐτίκα,
670 1777 718 1803 καὶ
731 1777 766 1803 τὰ
781 1772 839 1802 ὦτα

63 1825 187 1860 φράττειν,
203 1825 314 1858 διπλαῖς
327 1825 427 1859 μᾶλλον
438 1824 467 1851 δέ
478 1823 645 1856 πλλαπλαῖς
655 1823 839 1858 βαλλομένους

62 1872 110 1902 ταῖς
123 1872 319 1907 καινοτομίαις,
336 1872 383 1898 καὶ
395 1871 426 1897 τὸ
442 1871 520 1906 βέλος
538 1870 589 1905 τῆς
607 1869 686 1901 ἀνίας
712 1869 840 1904 πικρότε-

63 1925 101 1952 ρον
112 1918 156 1944 καὶ
168 1917 336 1953 δριμύτερον
350 1915 583 1952 ὑποδεχομένους
602 1914 632 1947 ἐξ
647 1911 685 1942 ὧν
699 1914 799 1949 μᾶλλον
809 1913 839 1940 τὸ

63 1964 187 1996 παντελῶς
203 1964 307 1994 αὐτοὺς
320 1962 548 1998 ἐκτραχύνεσθαι,
562 1961 610 1988 καὶ
629 1960 677 1987 τοῦ
697 1959 840 1995 προσιέναι

62 2009 119 2040 ὅλως
139 2009 177 2045 τῷ
200 2009 373 2045 κηρύγματι,
397 2009 438 2041 είς
459 2008 490 2035 τὸ
515 2007 649 2035 ἀδύνατον
674 2005 840 2033 κατεσκευά-

63 2053 122 2085 ζετο.

92 2104 130 2136 ιη’.
146 2102 201 2129 οὐκ
215 2101 368 2137 ἠνείχοντο,
389 2101 467 2136 φησὶ,
483 2099 515 2127 τὸ
532 2098 668 2127 Ἰουδαίων
681 2097 756 2130 ἔθνος
770 2097 837 2124 Θεδν
853 2105 876 2135 υ

62 2145 99 2173 τὸν
112 2147 225 2182 Χριστὸν
238 2147 393 2182 ὁμολογεῖν·
410 2146 456 2173 διὰ
466 2145 547 2173 τοῦτο
561 2145 614 2180 ἄρα
630 2145 659 2171 ἐν
673 2143 713 2179 τῷ
724 2144 839 2179 ὀνόματι

63 2191 134 2218 αὐτοῦ
140 2192 193 2219 τῶν
201 2191 361 2219 ἀποστόλων
369 2191 383 2218 ὸ
390 2191 469 2226 χορὸς
482 2189 622 2221 ἐσάπτιξε.
634 2189 689 2216 Καὶ
698 2188 751 2215 ποῦ
761 2187 840 2215 τοῦτο

63 2236 130 2271 λόγον
140 2237 196 2272 ἐχοι
206 2237 340 2273 πραΰνειν
347 2237 392 2264 διὰ
401 2236 449 2263 τοῦ
458 2235 683 2271 φλεγμαίνοντος,
697 2234 746 2261 καὶ
756 2234 840 2269 θερα-

64 2282 145 2309 πεύειν
158 2283 202 2310 διὰ
216 2282 266 2310 τοῦ
286 2281 463 2318 τραύματος;
481 2281 544 2313 Πῶς
564 2281 587 2308 δ’
606 2281 655 2315 οὐχ
677 2281 692 2306 ό
720 2280 841 2311 ἐναντίος

64 2327 130 2362 λόγος
152 2329 192 2360 εἰς
212 2329 244 2355 τὺ
268 2327 451 2364 εὐλογώτερον
472 2327 505 2355 ἂν
529 2328 571 2362 εῐη
591 2326 638 2354 καὶ
657 2326 841 2361 συνετώτερον

65 2375 277 2410 προτεινόμενοςς
301 2375 360 2402 οὐκ
374 2373 521 2406 ἐσάπτιζον
540 2374 566 2400 οί
590 2372 735 2400 ἀπόστολοι
753 2373 794 2404 είς
811 2371 842 2398 τὸ

65 2418 138 2454 ὕνομα
160 2419 207 2446 τοῦ
229 2419 367 2455 Χριστοῦσ
389 2419 495 2455 βαρέως
513 2418 567 2454 γὰρ
590 2418 616 2445 οί
644 2417 842 2452 μυσταγωγοῦ-

925 497 970 525 l7.
989 495 1050 524 Jam
1066 503 1131 524 vero
1144 496 1167 525 si
1182 504 1237 532 qua
1252 501 1278 525 te
1302 497 1438 531 cupiditas
1456 501 1531 524 tenet
1546 497 1573 524 in
1586 498 1681 526 eodem

889 544 1030 579 proposito
1043 544 1213 578 argumentis
1228 543 1354 579 pluribus
1367 543 1535 576 abundandi,
1552 543 1597 571 hic
1612 551 1682 579 quo-

889 596 943 623 que
959 596 1072 623 scopum
1092 593 1169 616 tuum
1187 588 1354 624 assequeris.
1373 588 1442 616 Nam
1467 589 1557 624 primo
1570 589 1680 617 dubita—

889 633 972 660 tionis
985 634 1055 668 ejus.
1070 641 1152 669 quam
1165 633 1244 661 initio
1254 633 1426 668 scripsimus,
1441 634 1515 661 nulla
1531 639 1572 662 est
1584 639 1682 669 pra-ter

888 679 1045 714 praedictam
1076 680 1244 715 probabilior
1283 680 1404 712 solutio,
1436 687 1498 715 quae
1537 679 1683 709 manifeste

890 725 1051 760 quaestionis
1073 725 1292 760 explanationem
1323 726 1415 753 tradit.
1443 725 1546 753 Deinde
1564 734 1626 761 quae
1647 727 1683 753 ab

890 769 951 797 aliis
965 769 1126 805 jexcogitata
1143 769 1197 797 fuit
1216 770 1330 803 solutio,
1356 778 1411 798 non
1434 774 1510 798 caret
1533 771 1665 806 reprehen

889 814 978 848 sione,
994 822 1080 850 eaque
1095 822 1150 842 non
1166 823 1268 850 paucas
1288 823 1384 850 reapse
1401 816 1575 850 vituperandi
1599 824 1682 844 ansas

888 860 978 890 dedit:
990 865 1018 888 et
1034 860 1145 895 quidem
1157 860 1206 888 tibi
1222 861 1323 889 volenti
1338 862 1430 896 plures
1447 861 1588 897 praebebit.
1612 861 1681 889 Nam

888 905 911 933 si
927 906 1080 934 offendebat
1094 907 1199 942 primos
1219 907 1279 935 illos
1295 907 1449 943 proselytos
1473 909 1515 935 vel
1533 916 1582 936 ore
1603 913 1683 936 tenus

888 952 1023 988 prolatum
1038 952 1140 980 Christi
1155 960 1265 986 nomen,
1277 953 1391 988 cnrjam
1408 961 1519 982 necesse
1534 960 1595 982 erat
1609 955 1682 982 inter

888 998 1083 1033 baptizandum
1107 998 1134 1026 id
1166 999 1320 1034 oggerere?
1345 998 1425 1027 Certe
1457 1000 1524 1027 illud
1550 1000 1682 1027 medelam

888 1044 1103 1079 perturbationis
1124 1045 1228 1072 nullam
1257 1045 1376 1078 fecisset,
1390 1045 1463 1081 quod
1487 1054 1541 1073 non
1564 1046 1623 1074 sine
1641 1047 1683 1074 in-

888 1094 966 1125 grato
987 1098 1068 1118 sensu
1085 1091 1208 1119 exhiberi
1233 1096 1365 1126 poterat:
1393 1093 1460 1127 quin
1483 1093 1551 1120 adeo
1575 1097 1682 1121 mentes

888 1135 1058 1163 cﬂ'eravisset
1074 1136 1163 1170 potius
1188 1141 1271 1171 atque
1288 1136 1466 1165 incendisset.
1489 1137 1557 1165 Nam
1582 1138 1605 1166 si
1624 1146 1684 1166 mo~

889 1181 1014 1209 lesla’res
1030 1187 1083 1213 cst,
1098 1181 1204 1209 silendo
1219 1182 1308 1217 inagis
1331 1190 1413 1218 quam
1430 1183 1614 1217 praedicando,
1634 1191 1682 1211 eos

889 1228 936 1263 qui
953 1228 1100 1256 abhorrent
1113 1229 1239 1264 mitigare
1264 1229 1394 1258 solemus.
1419 1229 1488 1257 Tum
1514 1231 1553 1258 ira
1570 1231 1681 1269 gravius

889 1277 1025 1301 commota
1050 1273 1156 1306 fuisset,
1185 1274 1208 1302 si
1234 1274 1252 1302 ii
1280 1275 1390 1303 silentio
1413 1277 1499 1310 pressi
1518 1276 1635 1304 fuissent
1648 1284 1682 1305 ac

889 1319 1016 1354 neglecti,
1036 1319 1082 1354 qui
1100 1320 1196 1347 multis
1219 1320 1322 1348 Iudaeis
1347 1321 1478 1356 comperti
1499 1326 1587 1355 erant,
1602 1323 1682 1350 Pater

889 1365 1019 1392 nimirum
1034 1370 1061 1392 et
1071 1365 1190 1400 Spiritus
1202 1373 1210 1397 ς
1223 1366 1336 1394 obtrusa
1349 1370 1440 1394 autem
1455 1366 1517 1394 Filii
1532 1367 1680 1401 invocatio.

890 1411 968 1446 cujus
981 1419 1015 1438 ne
1031 1419 1129 1439 nomen
1145 1411 1256 1448 quidem
1271 1412 1332 1441 sine
1347 1414 1471 1441 molestia
1484 1414 1578 1442 auditu
1592 1415 1681 1449 excipi

889 1465 1021 1495 poterat:
1047 1461 1119 1496 quod
1149 1469 1217 1489 sane
1249 1461 1285 1489 ita
1323 1462 1458 1496 prolatum
1494 1463 1682 1490 vehementius

889 1506 1052 1534 oh‘endebat.
1068 1506 1168 1534 Contra
1189 1508 1212 1535 si
1228 1515 1325 1535 nomen
1342 1508 1393 1536 hoc
1415 1515 1476 1535 cum
1500 1508 1561 1536 aliis
1575 1508 1631 1543 jam
1653 1509 1680 1537 in

890 1552 995 1580 honore
1013 1553 1114 1581 habitis
1127 1554 1326 1588 collocabatur,
1341 1554 1467 1582 bifariam
1482 1555 1590 1583 auditor
1607 1555 1681 1583 scin-

889 1597 1014 1631 debatur,
1038 1598 1137 1632 partim
1169 1599 1273 1627 scilicet
1295 1607 1365 1634 aegre
1388 1599 1487 1632 ferens,
1506 1600 1604 1635 partim
1633 1608 1681 1636 ge-

889 1645 995 1673 stiens:
1013 1646 1070 1673 sola
1088 1650 1179 1674 autem
1197 1647 1374 1675 additamenti
1391 1649 1512 1676 novitate
1533 1650 1682 1677 conturba-

889 1691 980 1719 batur.
1005 1691 1041 1719 At
1056 1699 1119 1719 vero
1138 1692 1162 1720 si
1179 1692 1282 1727 cogniti
1304 1693 1361 1728 jam
1385 1698 1410 1721 et
1429 1693 1457 1721 in
1476 1695 1581 1723 honore
1596 1695 1680 1723 habiti

889 1737 997 1765 silentio
1010 1739 1300 1773 praetermitterentur;
1321 1747 1394 1767 unus
1410 1745 1514 1773 autem,
1529 1741 1576 1775 qui
1594 1741 1680 1768 oden-

889 1783 981 1815 debat,
993 1783 1185 1818 praedicaretur
1202 1783 1317 1818 :quidni
1335 1785 1545 1820 exspectandum
1561 1789 1631 1818 erat,
1651 1790 1681 1813 ut

889 1829 1016 1864 protinus
1027 1828 1112 1857 Judtei
1131 1830 1303 1865 aufugerent,
1320 1838 1401 1858 aures
1415 1831 1602 1864 occluderent,
1620 1839 1682 1865 per-

889 1875 958 1902 culsi
970 1875 1077 1903 scilicet
1088 1875 1190 1910 duplici
1205 1876 1260 1904 imo
1275 1877 1418 1912 multiplici
1430 1878 1559 1910 novitate,
1572 1878 1682 1913 teloque

890 1921 1007 1949 tristitie
1019 1921 1145 1949 acerbius
1161 1922 1341 1957 asperiuSque
1360 1927 1471 1958 recepto
1487 1931 1494 1949 :
1515 1931 1570 1958 quo
1586 1923 1680 1956 liebat.

891 1973 920 1995 ut
932 1967 984 2002 ipsi
999 1967 1086 2003 magis
1099 1968 1285 2000 irritarentur,
1300 1973 1327 1996 et
1341 1968 1376 1995 ab
1389 1975 1500 1996 accessu
1513 1968 1548 1996 ad
1558 1969 1682 2004 Evange-

889 2011 958 2040 lium
974 2012 1088 2051 omnino
1104 2012 1325 2048 prohiberentur.
1598 2007 1603 2012 ’

925 2097 969 2126 18.
989 2098 1251 2127 Aiuntadversarii:
1266 2097 1325 2127 Non
1338 2099 1442 2127 ferebat
1455 2099 1585 2127 Judaicus
1596 2107 1684 2135 popu—

888 2144 931 2172 lus
954 2143 1093 2172 Christum
1108 2144 1193 2172 Deum
1216 2145 1366 2173 conﬁteri:
1390 2150 1593 2181 proptereaque
1615 2153 1684 2181 apo-

889 2190 1024 2219 stolorum
1046 2195 1135 2219 coetus
1161 2191 1189 2218 in
1207 2191 1318 2218 nomine
1345 2191 1405 2226 ejus
1419 2191 1586 2227 baptizabat.
1600 2190 1684 2231 Atqui

890 2243 946 2263 non
970 2240 1013 2264 est
1037 2235 1138 2263 rationi
1160 2241 1390 2270 consentaneum,
1408 2242 1437 2264 ut
1453 2245 1483 2265 re
1496 2238 1595 2265 acerba
1610 2239 1684 2266 miti-

889 2287 998 2315 gemus,
1023 2287 1105 2316 atque
1131 2286 1162 2309 ut
1192 2282 1303 2310 vulnere
1339 2283 1502 2311 medicinam
1538 2283 1683 2312 faciamus.

891 2326 993 2360 Quidni
1011 2327 1102 2362 potius
1117 2328 1275 2356 contrarius
1286 2335 1377 2356 sermo
1393 2328 1604 2363 probabiliorem
1620 2337 1684 2364 pru-

892 2372 1100 2407 dentioremque
1119 2373 1281 2401 sententiam
1310 2373 1447 2408 praebeat?
1479 2373 1539 2400 Non
1562 2373 1684 2409 baptiza-

893 2417 960 2444 bant
976 2417 1093 2450 apostoli
1118 2418 1145 2444 in
1161 2417 1263 2446 Christi
1287 2419 1420 2452 nomine;
1438 2425 1510 2454 aegre
1525 2418 1597 2446 enim
1613 2418 1685 2447 [erc-

705 2529 826 2559 ἺΔΒΙΛΕ
843 2529 1044 2558 LEC'I‘lONES.

97 2610 155 2647 (l5‘)
170 2611 239 2640 Cod.
252 2611 302 2646 τὴν
316 2610 486 2646 προσθήκην.

792 2699 909 2729 NOTAE.

99 2778 149 2812 (55)
159 2779 197 2808 De
211 2780 308 2808 notitia
325 2780 387 2808 Filii
400 2779 471 2813 apud
488 2778 616 2806 Hebrxos
632 2778 776 2806 dicendum
792 2787 843 2807 no-

68 2811 163 2850 bis_erit
174 2823 237 2842 cum
252 2815 388 2842 Theodori
403 2811 589 2850 Mopsuesteni
605 2813 842 2850 Commentarium

69 2848 97 2874 ad
110 2848 263 2878 Zachariam
277 2851 437 2886 prophetam
449 2847 560 2878 edemus
579 2847 652 2883 (\ide
668 2847 841 2885 l’atrologim,

899 2785 965 2808 tom.
978 2778 1083 2810 LXVI).
1105 2779 1212 2807 Videsls
1236 2779 1346 2808 interim
1368 2778 1518 2807 Eusebium
1538 2778 1689 2807 Caesarien-

897 2825 955 2847 scm
973 2818 1000 2846 in
1022 2818 1110 2853 Opere
1123 2815 1275 2850 theologico
1290 2814 1554 2849 contraMarcellum,
1572 2822 1591 2847 ι,
1612 2814 1653 2842 l9.
