1878 3057
199 143 250 174 327

776 141 908 172 PHOTII
928 141 1181 172 PATBIARCHE
1196 143 1251 172 (ΣΡ.

1779 148 1832 178 323

191 202 265 228 bant
299 199 399 228 initiati
432 199 502 225 hanc
535 198 755 234 appellationem.
796 198 892 226 Nonne
920 199 970 225 cnit

1065 208 1123 225 ενοι
1140 200 1186 226 καὶ
1203 201 1272 234 πρὸς
1287 200 1372 235 αὐτὴν
1382 199 1431 236 τὴν
1442 201 1538 236 κλῆσιν
1553 203 1693 238 ἐφέροντο.
1707 201 1770 239 Ἀρ·
1787 205 1831 230 οὐκ

196 248 289 282 fugam
309 247 400 281 patius
415 246 544 280 baptismi
569 247 733 278 suasissent,
755 246 778 273 si
797 246 833 274 ita
851 246 991 280 baptizare

191 291 389 322 instituissent,
424 291 481 318 ritu
509 291 640 318 nimirum
667 291 856 325 praedicationi
871 292 989 326 propria:

195 338 377 365 adversante?
389 337 517 369 Atenim,
532 337 670 372 inquiunt,
685 337 862 372 baptizabant
870 339 990 373 apostoli

193 391 244 418 pro
260 391 309 411 suo
323 383 412 416 libito,
429 391 483 410 non
502 384 540 410 uti
558 384 691 410 docuerat
706 383 838 411 Dominus
855 393 861 411 ε
887 392 991 419 praeva-

193 430 303 464 luitque
320 430 457 457 sententia
473 437 582 462 eorum,
599 430 635 456 ita
653 435 682 457 ut
694 434 816 465 tempore
833 435 858 458 et
872 438 988 458 consue-

193 475 288 502 tudine
299 475 396 510 dogma
419 475 539 510 Magistri
564 476 764 510 antiquaretur.
786 475 886 503 Verum
900 476 988 503 enitu—

190 529 258 548 vero
284 522 346 556 quis
364 521 475 548 demum
502 525 578 549 tanto
603 529 700 550 rursus
724 521 910 550 inﬂammatus
930 524 988 550 zelo

191 566 244 594 fttit
258 571 387 602 tantaque
401 568 425 594 vi
440 568 580 602 praeditus,
599 572 627 595 ut
647 568 803 596 Servatoris
819 573 986 604 praeceptum

191 613 322 640 oblivioni
335 612 392 647 jam
417 614 548 640 traditum
565 614 752 642 instauraret?
770 614 924 642 Mehereule
939 622 987 642 ne-

191 659 291 686 miuem
320 659 477 694 ltujusmodi
509 668 598 695 neque
612 668 686 687 nunc
713 661 849 695 appellare
871 665 985 695 queunt,

190 712 280 739 neque
294 713 413 740 unquam
429 705 616 740 appellabunt.
633 705 700 739 Quis
708 706 782 733 enim
802 706 866 733 huic
881 706 985 733 homini

191 751 383 783 auscultasset,
399 753 553 786 ‘postquam
572 752 744 779 Dominicum
759 752 918 780 mandatqu
928 752 985 787 jam

190 796 289 824 fuisset
302 797 453 824 abolitum?
468 797 550 832 idque
566 798 633 824 adeo
649 805 704 825 non
720 806 735 825 a
749 798 921 832 vulgaribus,
937 797 984 826 sed

190 841 225 868 ab
255 841 289 869 iis
318 841 365 876 qui
381 842 508 869 credendi
526 842 552 868 in
570 841 712 869 Christum
736 843 859 877 magistri
879 842 984 870 caeteris

189 894 385 922 praeconesque
400 887 516 914 fuerant.
531 887 610 921 Quis,
625 888 749 922 inquam,
766 888 836 916 alitts
861 888 888 915 in
903 896 984 916 suum

189 933 313 960 ordinem
335 933 500 961 restituisset
517 938 680 968 praeceptum
704 933 899 961 Dominicum?
916 942 985 969 prat-

189 979 283 1006 sertim
304 987 365 1006 cuin
392 979 437 1006 ille
457 979 657 1014 discipulorum
675 979 823 1014 cogitatus,
845 984 875 1006 ut
887 980 985 1007 adver—

188 1023 325 1051 sariorum
343 1032 434 1052 sermo
449 1024 578 1057 aﬂirmat,
589 1025 645 1060 jam
663 1029 721 1052 toto
735 1026 803 1052 orbe
818 1029 891 1053 esset
903 1025 985 1052 (limi-

187 1077 246 1102 sus,
267 1075 349 1105 atque
373 1070 443 1104 apud
474 1077 570 1097 omnes
587 1070 711 1097 initiatos
727 1070 755 1097 iu
771 1078 849 1098 more
867 1071 984 1105 positus.

189 1115 259 1143 Sane
273 1120 419 1150 antequam
438 1116 483 1143 illa
507 1117 580 1144 circa
605 1116 770 1151 baptismum
804 1116 912 1144 novitas
926 1116 986 1144 vul-

186 1167 247 1197 gata
273 1166 357 1193 esset,
380 1162 551 1189 Dominicam
573 1161 657 1197 legem
685 1162 757 1189 haud
780 1169 851 1197 aegre
874 1162 985 1192 ﬁrmare

186 1207 330 1239 licuisset;
357 1215 453 1234 verum
477 1208 522 1235 illa
549 1209 668 1235 novitate
696 1208 730 1235 ad
755 1208 830 1235 orbis
848 1211 983 1235 terrarum

186 1255 318 1282 terminos
331 1259 490 1290 propagata,
503 1255 630 1289 quisnam
648 1255 782 1290 potuisset
795 1254 982 1281 dominantem

185 1300 241 1335 iam
253 1300 334 1327 ritum
350 1300 500 1334 expellere:
512 1300 587 1326 illum
600 1303 702 1332 autem,
719 1299 766 1333 qui
780 1299 858 1326 initio
873 1299 982 1333 quidem

186 1346 305 1373 traditus
318 1345 418 1377 fuerat,
432 1345 480 1373 sed
493 1345 592 1373 deinde
612 1345 727 1373 omnino
744 1352 920 1380 suppressus.
939 1352 983 1372 re-

187 1390 301 1418 vocare?
316 1390 384 1418 Nam
398 1390 420 1418 si
441 1393 551 1424 propter
565 1390 721 1417 auditorum
733 1397 859 1418 morosos
875 1391 983 1418 animos

187 1438 329 1465 Dominico
343 1437 472 1464 mandato
483 1444 536 1464 non
548 1442 590 1465 est
601 1437 678 1464 locus
687 1436 826 1468 inventus,
836 1443 899 1464 cum
910 1444 981 1464 non-

185 1482 251 1509 dum
261 1481 314 1509 alia
331 1482 456 1509 initiandi
475 1482 591 1509 formula
607 1482 717 1509 illorum
729 1489 809 1509 aures
820 1483 982 1517 occupavis-

186 1534 238 1561 set,
254 1536 306 1556 nec
321 1528 458 1556 mentibus
477 1528 605 1563 inscripta
617 1528 714 1556 fuisset
730 1533 811 1564 atque
829 1529 980 1563 impressa;
996 1544 1016 1573 ο

184 1583 251 1602 num
259 1574 358 1601 deinde
369 1574 440 1609 apud
451 1574 508 1609 jam
520 1574 642 1601 imbutos
658 1574 809 1609 apostolico
831 1575 885 1602 ritu
900 1579 982 1610 atque

186 1620 319 1652 initiatos,
335 1619 424 1646 aditus
439 1619 522 1654 priori
546 1619 610 1646 ritui
632 1620 782 1655 sperandus
798 1626 867 1653 erat,
888 1621 984 1649 adver-

185 1669 263 1692 sante
277 1666 364 1692 altero
373 1669 455 1698 atque
467 1664 627 1697 obsistente,
638 1666 685 1699 qui
708 1665 764 1700 jam
782 1666 982 1700 insuperabiles

186 1712 259 1739 vires
272 1710 447 1738 obtinuerat?
458 1710 493 1739 Ut
502 1711 578 1739 vides
596 1712 679 1747 igitur
687 1712 903 1741 demonstratum
914 1722 982 1748 qua-

184 1765 337 1792 quaversus
348 1762 401 1790 est,
414 1758 460 1792 qui
471 1763 638 1793 spectatores
648 1757 727 1785 Verbi
738 1758 854 1786 fuissent
869 1760 982 1794 verique

183 1802 348 1835 administri,
363 1807 391 1830 et
407 1811 524 1837 quorum
540 1804 601 1831 vitae
615 1804 781 1832 curriculum
797 1812 829 1832 eo
844 1805 980 1838 tendebat,

184 1853 214 1875 ut
230 1850 271 1876 vel
295 1849 352 1884 ipsa
373 1857 438 1877 nece
463 1857 540 1877 suam
567 1858 631 1885 erga
647 1850 792 1878 Domiuutn
818 1851 980 1879 charitatem

183 1900 359 1928 testarentur,
372 1895 634 1930 lteri,inquam,non
648 1903 729 1931 posse
740 1897 805 1931 quin
818 1897 845 1924 hi
857 1897 978 1932 ejusdem

181 1941 309 1967 mandata
336 1941 439 1975 integra
459 1945 540 1975 atque
564 1940 694 1968 inviolata
723 1935 785 1969 esse
813 1943 978 1970 curaverint.

216 1987 260 2013 19.
281 1986 352 2019 Quid
366 1994 448 2020 porro
469 1985 556 2019 dices,
581 1987 624 2014 vel
647 1987 708 2021 quis
722 1993 748 2015 te
766 1988 867 2015 horror
890 1989 979 2016 corri-

180 2032 240 2066 piet
258 2037 340 2065 atque
357 2035 458 2062 metus,
485 2039 547 2058 eum
563 2031 736 2060 deet-etorum
763 2034 978 2068 apostolicorum

180 2076 332 2103 districtam
358 2076 520 2104 sententiam
552 2077 666 2105 audies?
689 2086 772 2113 quam
798 2087 854 2106 non
868 2087 939 2108 unus
952 2085 979 2108 et

179 2122 260 2153 alter,
275 2129 363 2156 neque
376 2121 453 2148 multi
470 2122 622 2157 sigillatim,
637 2123 683 2150 sed
698 2123 845 2152 universus
858 2125 978 2160 discipu,

178 2169 269 2196 lortttn
297 2173 386 2196 emtus
409 2169 529 2204 scripsit,
566 2169 709 2198 Dominico
740 2177 876 2207 praacepto
905 2173 977 2201 haud

1001 872 1022 899 Β

1044 244 1084 275 εἰς
1102 245 1260 279 ἀποτροπὴν
1286 245 1386 280 μᾶλλον
1414 246 1518 280 ἐπῆγον
1532 247 1578 273 τοῦ
1595 247 1794 283 βαπτίσματος,
1809 251 1830 276 εί

1043 289 1115 325 οὕτω
1134 288 1276 324 βαπτίζειν
1310 290 1470 325 ἐπεχείρουν
1492 291 1538 318 καὶ
1558 291 1628 327 πρὸς
1648 293 1830 328 τούναντίονῆ

1044 334 1194 370 ἐκήρυττον
1209 344 1216 368 ;
1239 335 1309 361 Ἀλλ’
1323 336 1470 368 ἐϐάπτιζον
1486 337 1524 368 ὡς
1539 337 1692 370 ἐϐούλοντο,
1713 339 1772 365 ἀλλ’
1786 340 1831 374 οὐχ

1042 380 1079 411 ὡς
1096 380 1110 406 ό
1122 380 1262 416 Δεσπότης
1278 381 1418 414 ἐδιῖάξατο
1429 390 1436 396 ·
1452 382 1500 409 καὶ
1512 383 1611 417 κράτος
1622 383 1718 410 ἐλαϐεν
1731 385 1748 419 ἡ
1764 385 1831 418 γνὼ-

1042 433 1091 460 μη,
1107 425 1154 452 καὶ
1171 425 1226 452 ἔθει
1251 427 1298 453 καὶ
1321 427 1410 463 χρόνῳ
1424 428 1455 454 τὸ
1482 427 1529 454 τοῦ
1551 429 1720 456 Διδασκάλου
1747 431 1831 464 δόγμα

1041 472 1282 508 παραγράφεσθαι.
1296 474 1343 505 Τίς
1360 472 1407 501 οὖν
1429 475 1509 501 πάλιν
1529 475 1546 510 ἥ
1564 475 1647 502 πόθεν
1667 476 1771 511 ἐπέστη
1786 477 1831 513 ζῆ-

1039 517 1084 545 λον
1098 519 1145 545 καὶ
1158 519 1266 555 ῥώμην,
1278 520 1308 551 ὃς
1320 520 1454 556 τοσαύτην
1464 521 1542 556 ἔσχεν
1554 522 1699 548 ἀναλαϐεῖν
1710 523 1745 549 δι’
1759 519 1830 550 (om

1039 565 1224 601 παράγγελμα
1233 565 1280 592 τοῦ
1289 566 1417 601 Σωτῆρος
1428 566 1498 603 λήθῃ
1508 567 1651 602 δεδομένον
1660 568 1829 601 dvas-timum;

1045 611 1116 637 Ἀλλ’
1129 612 1219 638 εἰπεῖν
1232 612 1282 639 οὐκ
1292 612 1400 647 ἔχουσιν
1410 613 1467 639 οὐδ’
1488 613 1520 640 ἂν
1531 613 1641 641 εἴπωσι.
1656 615 1703 646 Τίς
1720 615 1774 650 γὰρ
1790 616 1830 641 αὺ-

1036 657 1075 692 τῷ
1083 657 1129 684 καὶ
1138 657 1271 693 προσέσχε
1280 658 1329 693 τῆς
1338 659 1506 694 Δεσποτικῆς
1517 659 1566 694 μὲν
1581 659 1630 695 ἤδη
1648 661 1829 696 παρεωραμέ-

1036 711 1084 738 νης
1104 703 1229 738 έντολῆς;
1247 704 1293 730 καὶ
1308 705 1368 731 τότε
1384 704 1433 740 οὐχ
1447 705 1499 731 ὑπὸ
1508 705 1562 732 τῶν
1573 706 1721 740 τυχόντων,
1737 706 1794 733 ἀλλ’
1806 707 1828 732 οῖ

1035 747 1089 773 τῶν
1099 747 1187 775 ἄλλων
1201 747 1271 784 ἦσαν
1286 749 1336 784 τῆς
1344 749 1384 779 εἰς
1393 749 1511 784 Χριστὸν
1519 748 1638 780 πίστεως
1649 750 1771 785 κήρυκες
1782 751 1825 775 καὶ

1035 793 1199 821 διδάσκαλοι.
1215 795 1263 826 Τίς
1280 792 1326 822 οὖν
1341 795 1435 830 ἔτερος
1462 796 1502 827 είς
1515 796 1566 830 τὴν
1580 796 1687 822 οἰκείαν
1703 795 1781 827 τάξιν
1795 796 1822 821 ch

1035 839 1199 866 Δεσποτικὺν
1212 840 1371 875 ἐπανήγαγε
1384 841 1567 876 πρόσταγμα;
1584 841 1632 868 καὶ
1644 841 1767 876 μάλιστα
1779 842 1825 875 τῆς

1035 885 1090 912 τῶν
1102 886 1232 922 μαθητῶν
1242 887 1375 920 ἐπινοίας,
1386 887 1423 919 ὡς
1432 889 1446 913 ό
1457 887 1664 922 διαφιλονεικῶν
1674 888 1754 922 λόγος
1767 887 1826 922 βού-

1036 932 1124 965 λεται,
1140 933 1179 964 εἰς
1190 933 1240 968 τὴν
1251 933 1416 968 οἰκουμένην
1424 933 1628 969 ἑξαπλωθείσης
1640 934 1690 970 ἤδη
1708 935 1756 960 καὶ
1769 943 1827 960 συν-

1036 978 1117 1013 ήθους
1132 978 1218 1005 ᾶπασι
1241 980 1298 1010 τοῖς
1317 979 1593 1014 μυσταγωγουμένοις
1612 979 1825 1014 καθισταμένης.

1036 1024 1090 1051 Καί
1105 1033 1147 1051 τοι
1160 1025 1197 1060 μή
1219 1033 1263 1051 πω
1277 1025 1327 1060 μὲν
1341 1025 1543 1064 πλατυνθείσης
1559 1025 1610 1060 τῆς
1623 1024 1689 1061 περὶ
1704 1025 1753 1051 τοῦ
1779 1024 1825 1060 βα-

1035 1071 1189 1106 πτίσματος
1203 1071 1389 1106 καινοτομίας,
1402 1071 1452 1098 οὐκ
1463 1069 1497 1106 ἦν
1509 1071 1626 1107 ἐργῶδες
1642 1071 1730 1103 οὕτως
1737 1072 1768 1098 τὸ
1780 1074 1825 1097 Δε-

1036 1117 1163 1143 σποτικδν
1190 1117 1373 1152 κρατύνεσθαι
1407 1117 1593 1153 νομοθέτημα.
1612 1117 1723 1152 Ταύτης
1745 1117 1774 1144 δὲ
1795 1116 1827 1143 τὰ

1035 1163 1143 1198 πέρατα
1154 1163 1205 1198 τῆς
1221 1163 1384 1199 οἰκουμένης
1410 1163 1630 1199 καταλαϐούσης,
1655 1164 1697 1195 τίς
1728 1163 1762 1190 ἂν
1786 1164 1826 1198 εἴη

1034 1210 1048 1236 ὁ
1063 1209 1113 1244 τὴν
1138 1209 1328 1244 κατασχοῦσαν
1353 1211 1402 1244 μὲν
1427 1209 1625 1245 μυσταγωγίαν
1649 1209 1776 1236 ἐκϐαλεῖν
1787 1218 1828 1242 γε·

1034 1255 1184 1290 γενημένος
1207 1255 1320 1286 δυνατός
1332 1263 1340 1289 ;
1354 1255 1402 1290 τὴν
1421 1255 1444 1282 δ’
1459 1255 1489 1288 ἐξ
1508 1256 1597 1290 ἀρχῆς
1617 1255 1743 1282 δοθεῖσαν
1768 1255 1827 1290 μὲν,

1035 1300 1221 1335 σεσιγημένην
1246 1300 1275 1327 δὲ
1301 1301 1452 1334 παντελῶς,
1471 1300 1711 1333 ἀνακαλέσασθαι;
1726 1301 1757 1327 Εἰ
1773 1301 1828 1336 γάρ

1034 1348 1083 1382 οὐχ
1099 1343 1161 1381 εὗρε
1174 1345 1265 1381 χώραν
1277 1346 1322 1373 διὰ
1337 1347 1368 1373 τὺ
1380 1347 1600 1382 δυσπαράδεκτον
1612 1347 1667 1374 τῶν
1682 1347 1827 1382 ἀκροατῶν

1033 1392 1051 1427 ἡ
1064 1393 1196 1427 σωτήριος
1213 1392 1317 1428 ἐντολὴ,
1340 1393 1423 1420 ὁπότε
1456 1393 1575 1428 μηδεμία
1600 1402 1642 1424 τις
1657 1393 1742 1428 ἑτέρα
1758 1392 1827 1428 μύη-

1035 1446 1077 1470 σις
1101 1438 1288 1473 προκατέλαϐε
1306 1438 1356 1470 τάς
1377 1439 1462 1470 ἀκοὰς
1483 1439 1584 1470 αὐτῶν,
1604 1438 1672 1474 μηδὲ
1690 1440 1751 1469 ταῖς
1779 1439 1829 1473 ψυ-

1034 1484 1094 1518 χαῖς
1110 1484 1246 1520 ἐνεγράφη
1255 1484 1303 1511 καὶ
1313 1484 1482 1520 ὲνετυπώθη,
1496 1485 1607 1511 ἐπειδὰν
1619 1485 1829 1520 κατεσχέθησαν

1034 1531 1081 1556 καὶ
1092 1529 1272 1565 ὲτελέσθησαν
1284 1531 1317 1566 τῇ
1339 1531 1392 1557 τῶν
1416 1531 1573 1558 ἀποστόλων
1595 1531 1701 1566 τελετῇ,
1719 1531 1780 1563 πῶς
1797 1532 1830 1558 ἂν

1035 1576 1110 1611 εὖροι
1124 1575 1311 1610 παρείσδυσιν,
1333 1576 1550 1612 άντιπιπτούσης
1575 1576 1643 1612 αὐτῇ
1661 1577 1711 1603 καὶ
1730 1577 1829 1604 ἀνταν-

1036 1622 1183 1657 ισταμένης
1194 1622 1243 1657 τῆς
1255 1622 1305 1658 ἤδη
1319 1622 1350 1649 τὸ
1364 1623 1464 1658 κράτος
1474 1624 1580 1659 ἄμαχον
1596 1625 1728 1660 ὲχούσηςς
1747 1625 1830 1661 Ὁρᾷς

1032 1667 1070 1699 ὡς
1086 1667 1216 1694 ἀδύνατον
1231 1668 1401 1704 πανταχόθεν
1410 1669 1595 1697 ἐπιδείκνυται
1605 1671 1669 1703 τοὺς
1686 1671 1830 1702 αὐτόπτας

1032 1712 1080 1739 τοῦ
1105 1713 1186 1747 λόγου
1211 1714 1259 1740 καὶ
1283 1714 1321 1746 ὡς
1337 1714 1446 1749 άληθῶς
1471 1715 1622 1751 ὑπηρέτας,
1636 1714 1673 1743 ῶν
1689 1718 1703 1743 ὸ
1718 1716 1779 1751 βίος
1796 1715 1829 1751 ἦν

1034 1759 1080 1786 καὶ
1095 1760 1109 1785 ό
1123 1759 1222 1795 δρόμος
1243 1760 1350 1795 θανάτῳ
1367 1759 1397 1786 τὸ
1409 1761 1575 1788 Δεσποτικὸν
1601 1761 1751 1796 βεϐαιῶσαι
1769 1762 1830 1797 φίλ-

1031 1814 1106 1840 τρον,
1120 1805 1235 1832 καὶτῶν
1255 1805 1339 1832 αὑτοῦ
1359 1805 1556 1842 θεσπισμάτων
1574 1807 1635 1843 (μὴ)
1653 1809 1828 1844 συντηρῆσαι

1031 1852 1061 1878 τὸ
1074 1851 1250 1887 ἀπαράϐατὼ
1264 1860 1294 1878 τε
1311 1852 1358 1879 καὶ
1371 1853 1583 1889 ἀπερίτρεπτον.

1065 1999 1108 2027 ιϐ’.
1128 2000 1160 2026 Τί
1174 2000 1198 2026 δ’
1209 2000 1241 2027 ἂν
1258 2000 1347 2032 εῐποις
1360 2009 1368 2033 ς
1380 2001 1422 2033 τίς
1432 2001 1455 2028 δ’
1468 2001 1501 2029 ἄν
1526 2011 1556 2029 σε
1580 2007 1618 2039 μη
1640 2004 1710 2040 λάϐῃ
1736 2007 1826 2042 φρίκη

1030 2046 1076 2071 καὶ
1088 2045 1149 2077 δέος
1163 2047 1273 2073 ἐπειδὰν
1287 2047 1343 2073 τῶν
1356 2048 1544 2075 ἀποπολικῶν
1561 2048 1671 2085 θεσμῶν
1684 2050 1734 2083 τὰς
1743 2053 1827 2080 ἀπει-

1029 2089 1164 2125 λουμένας
1191 2091 1299 2126 ψήφους
1319 2092 1456 2128 ἀκούσῃς;
1472 2093 1505 2125 ἃς
1526 2094 1575 2130 οὐχ
1600 2093 1640 2127 εἷς
1664 2096 1745 2130 μόνον
1764 2098 1826 2124 οὐδὲ

1029 2135 1164 2172 δεύτερος,
1178 2137 1240 2164 οὐδὲ
1255 2138 1318 2164 καθ’
1331 2138 1379 2165 ἕνα
1405 2139 1525 2172 πλείους,
1546 2141 1658 2174 σύμπας
1674 2142 1698 2168 δ’
1711 2143 1726 2168 ό
1741 2144 1825 2178 χορὸς

1029 2181 1083 2208 τῶν
1100 2182 1229 2217 μαθητῶν
1248 2183 1297 2218 τὴν
1321 2185 1488 2220 Δεσποτικὴν
1512 2186 1622 2221 ἐντολὴν
1645 2187 1778 2222 βεϐαιῶν,
1794 2190 1824 2216 οὐ

179 2215 358 2250 antiquando,
386 2215 460 2250 quod
476 2215 558 2248 absit,
580 2216 627 2243 sed
652 2217 817 2245 stabiliendo
840 2218 970 2246 intentus.

1065 2215 1110 2260 ων,
1126 2215 1227 2262 ἄπαγε,
1243 2215 1416 2264 ἀπεφήνατο.
1430 2215 1484 2257 Keil.
1499 2231 1551 2258 ποῦ
1567 2215 1662 2260 λαιϐείν
1680 2233 1754 2260 ἔστιν

179 2261 296 2289 Ubinam
315 2267 405 2288 autem
427 2267 481 2289 tam
493 2260 636 2290 horrenda:
651 2263 732 2290 mium
754 2264 840 2291 sunt?
853 2265 974 2300 Aposto—

178 2307 268 2334 lorum
285 2307 390 2334 scilicet
403 2308 544 2335 audiendre
557 2313 622 2336 Sunt
637 2309 740 2337 coelesti
763 2310 896 2345 suffragio
914 2311 975 2338 latae

176 2351 260 2387 leges,
284 2360 346 2386 qua:
374 2352 527 2380 clarissima
554 2361 619 2381 voce
643 2354 783 2382 clamant:
815 2364 824 2381 t
852 2355 880 2387 Si
911 2356 973 2390 quis

176 2398 323 2432 episcopus
351 2402 398 2425 aut
425 2398 565 2434 presbyter
581 2399 666 2433 (audi,
686 2400 788 2431 homo;
816 2408 973 2436 quanquam

174 2443 311 2478 singulari
338 2444 491 2471 attentione
516 2452 571 2471 non
597 2449 640 2472 est
653 2452 732 2479 opus,
755 2446 885 2480 quoniam
904 2447 974 2474 nihil

176 2489 250 2517 aliud
268 2498 350 2525 quarti
379 2490 548 2518 Dominicatn
574 2491 748 2519 traditionem
761 2492 864 2520 sanciri
883 2493 918 2520 ab
930 2493 973 2521 his

175 2535 277 2570 patet);
317 2536 340 2563 si
367 2536 429 2570 quis
458 2541 552 2564 contra
583 2537 690 2564 Domini
721 2537 893 2571 mandatum,
917 2547 971 2566 non

175 2580 351 2614 baptizaveril
370 2581 396 2608 in
413 2581 494 2610 Patre
508 2586 534 2609 et
552 2581 622 2610 Filio
633 2589 660 2609 et
676 2582 781 2617 Spiritu
799 2588 907 2618 sancto,
923 2584 971 2613 dc-

174 2631 301 2658 ponatur.
320 2635 329 2651 ι
360 2625 454 2661 Neque
481 2627 614 2654 hactenus
630 2635 740 2662 poenam
757 2633 881 2656 statuunt
897 2639 904 2656 :
919 2631 967 2658 sed

173 2670 196 2696 si
209 2671 291 2698 etiam
308 2672 420 2699 nomina
434 2673 593 2701 nominibus
609 2678 780 2702 eotnmutare
796 2674 966 2709 baptizantcs

1026 2272 1081 2299 τῶν
1102 2273 1132 2299 τὸ
1159 2274 1273 2309 φρικτὸν
1300 2276 1350 2311 τῆς
1376 2277 1465 2311 apag;
1482 2278 1578 2306 Αὐτῶν
1601 2280 1691 2315 χρεὼν
1707 2281 1824 2310 ἀκούειν

1025 2318 1080 2345 τῶν
1096 2319 1215 2355 οὐρανίῳ
1230 2320 1313 2356 ψήφῳ
1331 2324 1532 2358 κεκυρωμένων
1551 2326 1649 2359 φωνῶν
1667 2326 1724 2361 (46)
1737 2335 1744 2343 ”
1762 2327 1824 2355 δια-

1025 2363 1140 2398 πρύσιον
1171 2361 1252 2392 αὗται
1277 2366 1390 2401 βοῶσινο
1403 2378 1412 2394 ι
1429 2368 1463 2394 Εἴ
1477 2377 1521 2401 τις
1548 2371 1696 2403 ἐπίσκοπος
1718 2372 1734 2407 ἢ
1755 2381 1822 2408 πρε-

1026 2409 1158 2445 σϐύτερος
1174 2411 1344 2447 (ἐπίστησον,
1366 2413 1505 2448 ἄνθρωπε,
1523 2415 1624 2450 μᾶλλον
1641 2416 1669 2443 δὲ
1682 2417 1743 2444 οὐδὲ
1760 2419 1824 2445 ἑπι-

1026 2456 1149 2488 στάσεως
1169 2457 1288 2484 ἐνταῦθα
1304 2458 1344 2484 δεῖ
1357 2466 1362 2472 ·
1377 2461 1537 2495 περιφανῶς
1561 2461 1615 2497 γὰρ
1629 2463 1646 2498 ἡ
1662 2463 1820 2499 Δεσποτικὴ

1022 2500 1155 2536 κυροῦται
1168 2502 1341 2537 παράδοσις),
1355 2503 1431 2535 είτις
1443 2503 1492 2532 οὖν
1502 2505 1573 2532 κατὰ
1588 2509 1638 2542 τὴν
1651 2507 1700 2534 τοῦ
1713 2509 1820 2544 Κυρίου

1021 2544 1143 2579 διάταξιν
1160 2547 1197 2582 μὴ
1210 2548 1338 2582 βαπτίσοι
1355 2550 1395 2580 εις
1414 2551 1524 2586 Πατέρα
1535 2553 1582 2579 καὶ
1595 2554 1659 2580 Υἱὸν
1673 2555 1721 2581 καὶ
1735 2555 1819 2589 ἅγιον

1022 2592 1146 2627 Πνεῦμα,
1167 2593 1365 2629 καθαιρείσθω.
1382 2605 1391 2622 ι
1412 2598 1466 2624 Καὶ
1484 2599 1544 2625 οὐδὲ
1560 2600 1641 2636 μέχρι
1654 2601 1752 2628 τούτου
1768 2604 1819 2636 τὴν

1021 2638 1172 2674 καταδίκην
1198 2640 1327 2667 ἱστῶσινο
1348 2642 1416 2669 ἀλλὰ
1441 2644 1489 2670 καὶ
1509 2645 1557 2671 ὲάν
1569 2645 1710 2680 ὀνομάτων
1723 2656 1817 2683 παρσ-

1019 2683 1111 2710 λαϐεἰν
1129 2685 1153 2712 οί
1165 2684 1341 2720 βαπτίζοντες
1355 2689 1566 2727 ἐπιχειρήσωσι,
1581 2692 1666 2728 μηδὲν
1684 2694 1756 2726 ὅλως
1769 2695 1816 2721 τὸν

927 2737 1043 2768 NOTAE.

186 2787 264 2828 qui)
282 2788 353 2828 Tum
380 2787 505 2828 canones
527 2791 607 2827 vulgo
630 2794 794 2828 apostolicos
818 2802 873 2824 tum
889 2797 961 2825 Con-

173 2824 316 2865 tittttiones
336 2824 406 2865 .(elsi
436 2824 748 2865 scripturn‘_utrumque
766 2824 954 2865 pervetustum

173 2863 219 2893 stt)
234 2863 343 2887 mentiri
368 2867 466 2889 nomen
488 2863 685 2898 apostolorum,
703 2863 863 2902 inertiojam
876 2869 956 2896 dubi—

1087 2799 1178 2834 Quare
1194 2803 1285 2832 Photii
1297 2812 1502 2844 argumentum
1529 2808 1593 2837 hinc
1613 2810 1742 2844 petitum,
1757 2810 1811 2837 etsi

1013 2835 1117 2898 {tullium
1135 2846 1189 2866 nou
1210 2845 1262 2873 est,
1277 2835 1358 2869 vires"
1373 2847 1462 2870 tamen
1492 2835 1742 2879 apostolicos-inoo
1761 2835 1812 2872 ita:

1023 2879 1046 2898 lC
1061 2890 1067 2898 .
1175 2893 1181 2898 .
