1878 3057
59 173 98 204 320

56 227 151 264 ἀριθμὸν
165 227 210 261 τῆς
225 226 339 261 Τριάδος
359 226 586 262 ὑπο-τεμνόμενοι,
611 227 665 253 οὐδ’
676 226 764 258 οὕτως
778 227 820 254 εὑ·
834 229 858 258 Α

57 274 175 309 ρίσκουσιν
185 272 328 308 ἀποφυγὴν
340 271 387 298 τοῦ
409 272 446 308 μὴ
465 272 526 307 οὐχὶ
537 272 586 308 τὴν
601 273 662 308 ίσην
678 273 771 300 δοῦναι
783 273 821 300 δί-

57 328 112 354 κην·
122 320 190 346 οὐδὲν
201 319 252 354 γὰρ
265 317 346 354 ἦττον
372 318 426 344 οὐδ’
440 315 513 346 οὗτοι
528 319 558 346 τὺ
572 321 737 347 Δεσποτικὸν
753 329 821 356 προ-

56 365 214 400 πηλακίζουσι
226 365 325 400 δόγμα.
342 364 404 391 Οὐδ’
417 365 451 391 ἂν
467 365 516 398 τὰς
530 365 580 401 μὲν
594 366 704 401 κλήσεις
716 367 821 401 φυλάτ-

56 420 122 438 τωσιν
134 412 167 443 ὡς
181 412 342 451 παρϋαὸον,
358 412 389 438 τὸ
407 411 500 447 σχῆμα
512 412 541 438 δὲ
558 412 608 447 τῆς
629 413 658 438 ἐν
670 412 709 447 τῷ
724 412 824 447 βαπτί-

57 466 123 491 σματι
136 457 302 489 καταδύσεως
326 458 363 493 μὴ
382 458 581 490 συνδυάσωσιν,
599 457 668 485 ἀλλὰ
692 458 738 484 διὰ
757 460 823 493 μιᾶς

56 503 104 529 ἀντὶ
113 503 161 529 τῶν
174 502 255 538 τριῶν
265 503 311 529 τὸν
331 502 532 538 βαπτιζόμενον
559 503 736 536 τελειώσωσι,
755 504 824 539 μᾶλ-

57 549 126 576 λονδὲ
146 550 228 576 εἰπεῖν
256 549 423 584 οἰκειότερον
447 549 654 582 συντελέσωσιν,
675 550 729 577 οὐδ’
748 550 781 577 ἂν
791 551 825 578 τὰ

58 596 96 630 μὲν
110 595 169 622 ἄλλα
180 595 227 627 τῆς
238 596 350 631 ἐντολῆς
367 595 559 628 ἐκτελέσωσιν,
577 597 617 628 εἰς
640 596 668 622 δέ
685 596 731 623 τὸν
743 596 825 624 Briva-

57 649 92 666 τον
103 640 144 666 τοῦ
157 640 256 676 Κυρίου
269 640 439 675 βαπτίσωσιν
449 661 456 673 ,
471 640 503 666 οὐ
521 640 570 676 μὲν
592 640 640 668 οὖν
662 641 713 676 τῆς
736 641 825 673 αἰτίας

57 687 95 712 οὐκ
107 685 269 712 ἀπολύονται.
287 686 332 721 Τῷ
356 685 378 712 δ’
404 685 480 721 αὐτῷ
493 686 689 721 περιπίπτουσι
706 688 752 714 καὶ
765 689 825 722 κρί-

59 734 110 766 ματι
133 731 176 758 καὶ
202 731 377 767 ἐγκλήματι·
392 733 409 767 ἡ
427 733 482 768 γάρ
501 734 529 759 ἐν
544 734 601 765 τοῖς
618 733 722 768 ὁμοίοις
736 735 826 770 παρά·

57 779 119 810 ϐασις
132 779 177 813 τὴν
192 778 289 813 ὁμοίαν
310 779 447 814 τιμωρίαν
473 779 680 815 εἰσπράττεται.
696 780 751 806 Καὶ
770 781 827 816 γὰρ

57 825 134 859 ἐπίσης
160 824 226 859 πρὸς
254 825 304 858 τὴν
332 824 462 860 ἀθέτησιν
483 824 662 852 ἀποκλίνουσι
677 826 729 862 τῆς
746 826 827 853 σεϐα-

57 872 120 905 σμίου
143 871 249 905 ἐντολῆς
281 871 329 897 καὶ
347 871 405 897 ὅσοι
434 870 497 897 καθ’
521 871 616 905 ἕτερον
640 878 702 898 τινα
724 872 826 907 τρόπον

495 172 546 201 AD
567 172 866 202 AMPH-ILOCHIUM
885 172 1060 208 QUESTIO
1078 173 1189 203 XLIII.

1616 176 1667 205 3Ἱο

870 227 930 255 ausi
947 228 1058 260 fuerint,
1083 228 1148 256 licet
1161 227 1307 256 Trinitatis
1333 236 1484 257 numerum
1510 238 1564 258 non
1578 232 1670 260 itum:-

873 273 993 305 uuerint,
1010 274 1192 302 nihilominus
1211 274 1278 309 quin
1292 282 1386 309 parem
1411 283 1520 310 poenam
1542 278 1669 313 subeam,

873 319 930 348 tieri
946 328 1001 348 non
1015 325 1120 356 potest;
1133 329 1211 356 aeque
1237 321 1311 349 enim
1333 322 1476 350 Dominico
1492 323 1614 359 dogmati
1629 325 1670 353 in-

871 365 936 401 jurii
949 371 1024 393 sunt.
1040 365 1073 392 Et
1087 367 1109 393 si
1129 366 1199 394 forte
1220 366 1419 401 appellationes
1441 369 1591 395 secundum
1615 373 1672 397 tra-

873 411 1003 438 ditionem
1032 412 1179 444 retineant,
1209 411 1344 438 rationem
1368 417 1458 438 tamen
1481 411 1509 439 in
1534 413 1672 448 baptismo

873 457 1023 492 legitimam
1053 464 1107 484 non
1133 457 1216 484 simul
1243 462 1388 492 usurpem,
1416 465 1510 484 verum
1528 458 1607 486 unica
1622 466 1672 494 pro

875 504 961 531 tribus
990 503 1167 530 immersione
1193 502 1386 537 baptizandum
1416 503 1536 535 initient,
1563 510 1611 530 seu
1644 509 1675 530 ut

875 548 965 583 aptius
979 548 1078 583 loquar
1092 548 1235 583 perﬁciant
1251 556 1258 581 ;
1286 547 1350 575 item
1364 548 1388 575 si
1403 548 1525 582 reliquas
1545 548 1674 583 praecepti

874 597 966 627 partes
981 598 1087 625 curent,
1117 593 1143 620 in
1166 593 1271 620 Christi
1287 596 1379 621 autem
1409 597 1496 620 morte
1523 593 1673 628 baptizent,

875 641 991 668 crimine
1021 648 1075 668 non
1102 641 1259 675 vacabunt;
1288 641 1344 668 imo
1377 642 1449 669 haud
1473 642 1572 669 minori
1595 643 1674 677 culpa

875 693 1002 721 noxaque
1019 691 1107 714 semet
1122 687 1257 714 irretient.
1286 687 1354 714 Nam
1381 695 1458 722 :eque
1477 687 1510 715 ad
1527 689 1676 715 venerandi

875 734 996 761 mandati
1012 734 1188 761 violationem
1209 734 1375 762 incumbunt
1398 738 1455 761 tum
1475 735 1520 769 qui
1542 735 1596 762 alio
1621 734 1676 762 ritu

876 780 999 814 quolibet
1015 785 1115 815 praeter
1128 781 1280 815 legitimum
1301 780 1459 815 baptizant,
1478 785 1535 807 tum
1552 779 1598 814 qui
1614 787 1678 807 cum

877 827 980 856 Christi
996 835 1044 856 aut
1059 829 1158 857 mortis
1172 829 1296 864 ejusdem
1315 830 1500 865 appellatione
1507 830 1676 864 baptismum

880 875 1041 902 conﬁciunt.

56 916 177 951 βαπτίζειν
189 917 365 952 ἐτόλμησαν,
383 916 430 944 καὶ
449 917 521 949 ὂσοις
535 917 609 949 ἔδοξε
626 918 660 953 τῇ
680 918 825 953 ἐπικλήσει
845 919 892 946 τοῦ
921 921 1052 956 Χριστοῦ,
1069 922 1086 957 ἢ
1120 922 1169 949 τοῦ
1199 922 1317 949 θανάτου
1343 922 1438 955 αὑτοῦ,
1473 921 1676 956 ἱερουργεϊσοαι

56 965 79 991 τὸ
90 965 229 1000 βάπτισμα.

83 1015 112 1040 κ’.
132 1012 263 1043 Ἀκούεις,
281 1008 303 1038 ὦ
319 1011 427 1045 Παῦλε;
449 1012 520 1038 Ἀλλ’
544 1012 663 1048 ἀνάσχου
688 1014 736 1040 καὶ
758 1014 827 1050 μετὰ

916 1013 961 1040 20.
983 1013 1094 1046 Audin’,
1115 1013 1219 1041 Paule?
1232 1013 1319 1048 Igitur
1333 1017 1359 1041 te
1379 1021 1507 1048 compara
1522 1019 1583 1048 post
1600 1022 1679 1041 coro-

57 1058 267 1094 etsqaavoucgrrpb;
284 1058 394 1092 ἀγῶνας
410 1057 577 1085 ἀποδύεσθαι
591 1066 599 1075 ’
615 1059 698 1086 πάλιν
716 1060 827 1095 πορθεῖς

55 1105 94 1139 τὴν
111 1105 279 1140 Ἐκκλησίαν,
296 1104 378 1131 πάλιν
393 1105 539 1137 ἐπιστολὰς
551 1105 626 1141 παρὰ
637 1105 692 1133 τῶν
713 1106 827 1132 Ἰουδαῖ-

57 1150 99 1176 κὼν
119 1150 265 1185 ἀρχιερέων
285 1149 445 1185 λαμϐάνεις,
469 1151 539 1185 μετὰ
555 1150 583 1176 δὲ
603 1150 648 1177 τὸν
667 1150 772 1178 Παῦλον
787 1152 828 1183 εἰς

56 1196 137 1223 Σαῦλον
148 1197 271 1231 ἐξέστης.
289 1197 346 1224 Καὶ
361 1197 420 1229 πῶς
439 1197 526 1224 ταῦτα
548 1197 669 1231 διδάξας,
686 1198 768 1225 πάλιν
783 1198 828 1224 λέ-

55 1250 101 1276 γεις
113 1242 149 1274 είς
159 1243 204 1269 τὸν
217 1243 337 1269 θάνατον
353 1242 400 1269 τοῦ
425 1242 546 1278 Χριστοῦ
569 1244 676 1275 πάντας
700 1244 829 1279 βαπτίζε-

55 1288 118 1320 sliat;
134 1288 184 1314 Kal.
196 1288 246 1315 νῦν
262 1288 312 1323 μὲν
329 1288 398 1323 μετὰ
411 1288 465 1315 τῶν
482 1289 688 1316 συναποστό).ων
707 1290 753 1316 καὶ
767 1298 829 1317 ουν-

54 1335 192 1368 αγωνιστῶν
207 1335 308 1366 ποινὰς
325 1335 389 1365 τοὺς
404 1334 466 1360 καθ’
479 1334 508 1361 ἐν
521 1343 549 1361 τι
562 1335 667 1361 τούτων
684 1335 827 1370 βαπτίζειν

53 1380 189 1415 τολμῶντας
211 1381 352 1413 ἀπαιτεῖς,
370 1380 417 1407 νῦν
433 1381 463 1407 δὲ
478 1379 539 1407 καθ’
552 1381 649 1408 ἐαυτὸν
670 1381 827 1416 γενόμενος,

52 1427 76 1453 οὐ
89 1428 161 1461 μόνον
176 1427 269 1462 λέγεις
284 1427 338 1453 οὐδ’
354 1427 382 1453 ὲν
395 1427 493 1461 γωνία,
516 1426 585 1453 ἀλλὰ
600 1427 647 1454 καὶ
664 1427 827 1463 κηρύττεις·

53 1473 90 1498 καὶ
118 1473 174 1508 οὐχὶ
202 1473 352 1509 κηρύττεις
382 1472 453 1508 μὲν,
476 1473 507 1500 οὐ
539 1473 658 1510 γράφεις
680 1474 730 1506 δὲ,
760 1474 828 1501 ἀλλὰ

53 1520 90 1545 καὶ
98 1520 234 1555 γράμματι
248 1521 280 1546 τὸ
294 1521 426 1554 κήρυγμα
442 1520 592 1555 Ῥωμαίοις
618 1520 738 1555 μάλιστα
759 1521 828 1556 γρά-

53 1572 107 1597 φων,
118 1566 155 1597 εἰς
170 1566 280 1601 ἄμαχον
295 1565 420 1600 ἐπαίρεις
433 1565 510 1600 ἰσχὺν
534 1566 574 1596 είς
587 1565 633 1591 τὸν
651 1565 767 1592 θάνατον
781 1565 828 1592 τοῦ

53 1609 152 1644 Χριστοῦ
159 1612 222 1642 τοὺς
233 1610 451 1646 βαπτιζομένους
464 1610 655 1645 βαπτίζεσθαι.
670 1610 740 1637 Ἀλλ’
753 1610 767 1636 ὁ
779 1611 828 1646 μὲν

52 1656 91 1690 τῆς
101 1656 223 1692 ἀληθείας
249 1655 339 1692 κῆρυξ
356 1656 410 1682 τῶν
425 1656 592 1689 εἰσαγόντων
606 1656 654 1683 τοῦ
673 1656 830 1692 βαπτίσμα-

52 1709 87 1732 τος
97 1702 139 1737 τὴν
151 1703 340 1737 καινοτομίαν,
358 1702 488 1728 κάκεῖνον
512 1702 595 1728 αὑτὸν
609 1702 827 1737 ἐπιψηφίζεσθαι
841 1690 863 1720 c

53 1748 77 1781 τῇ
88 1747 142 1784 δόξῃ
156 1749 394 1785 κατηγορούντων,
406 1747 456 1776 ὧδε
474 1750 508 1776 ἂν
519 1750 617 1781 αὐτοὺς
629 1751 827 1786 ὲπιστομίσειε.

80 1799 125 1822 ια’.
138 1797 201 1830 Ναί,
218 1797 320 1832 φησὶν,
334 1795 458 1832 ὁμολογῶ
475 1796 524 1831 μὲν
535 1797 598 1829 τοὺς
616 1796 828 1832 βαπτισθέντας,

53 1841 84 1872 είς
95 1842 135 1869 τὸν
150 1843 267 1870 Θάνατον
282 1842 329 1870 τοῦ
344 1842 464 1878 Χριστοῦ
485 1843 682 1877 βαπτίσασοαι,
698 1844 748 1879 οὐχ
764 1845 829 1878 ὁμο-

53 1886 110 1922 λογῶ
124 1889 149 1915 δὲ
165 1890 195 1916 τὸ
213 1890 358 1925 βάπτισμα
370 1891 402 1925 τῇ
414 1889 461 1916 τοῦ
475 1889 591 1916 θανάτου
608 1890 691 1916 αὑτοῦ
711 1891 829 1926 ἐπικλή-

54 1941 87 1958 σει
99 1935 298 1970 ἱερουργείσθαι
312 1943 319 1949 ·
335 1935 373 1971 μὴ
396 1935 502 1969 γένοιτο
518 1944 525 1950 ·
542 1935 611 1962 ἀλλὰ
625 1936 762 1963 τελεῖσθαι
778 1937 830 1972 μὲν

52 1979 118 2008 τοῦτο
138 1982 166 2008 τὸ
189 1982 279 2018 δῶρον
302 1982 352 2016 τῆς
373 1981 513 2016 ἀφέσεως,
529 1980 568 2013 ὡς
592 1982 673 2013 αὐτὸς
696 1983 710 2008 ὁ
734 1983 830 2020 Σωτὴρ

53 2027 225 2062 παραδέδωκεν
241 2029 283 2059 εἰς
297 2028 328 2054 τὸ
344 2028 431 2063 ὄνομα
449 2027 497 2054 τοῦ
519 2028 626 2064 Harpe;
642 2029 689 2055 καὶ
701 2030 747 2056 τοῦ
763 2030 829 2058 Υἱοῦ

53 2072 143 2099 καὶτοῦ
160 2074 240 2108 ἁγίου
262 2074 440 2109 Πνεύματος·
460 2074 595 2110 σύμϐολον
613 2074 637 2101 δ’
652 2072 724 2102 εῖναι
750 2076 830 2103 τοῦτο

51 2117 89 2143 τοῦ
99 2119 210 2146 θανάτου
224 2119 321 2151 αὐτοῦ,
337 2119 380 2146 διὰ
394 2120 444 2154 τῆς
470 2120 583 2155 τριττῆς
606 2121 781 2153 καταδύσεὼς
801 2131 830 2149 τε

52 2165 89 2190 mi
105 2165 258 2197 άναδύσεως
271 2165 321 2200 τήν
334 2167 484 2201 τριήμερον
499 2166 582 2193 αὐτοῦ
598 2167 688 2203 ταφὴν
703 2168 751 2194 καὶ
764 2168 830 2195 ἀνά-

53 2218 132 2238 στασιν
148 2211 283 2243 εἰκονίζον
301 2220 330 2238 τε
353 2213 401 2239 καὶ
412 2212 640 2248 διατυπούμενον.
656 2214 702 2240 Διὸ
716 2214 764 2240 καὶ
780 2214 831 2249 οὐχ

52 2257 130 2289 ἁπλῶς
144 2256 232 2290 εἷπον,
255 2267 264 2284 ς
283 2258 329 2290 Ei;
349 2257 396 2284 τὸν
417 2258 530 2285 θάνατον
549 2258 632 2285 αὑτοῦ
662 2259 831 2295 ἐϐαπτίσθη-

54 2311 102 2336 μεν,
117 2313 126 2330 ι
142 2304 210 2331 ἀλλὰ
231 2303 371 2340 προτάξας
384 2303 425 2337 τὸ,
445 2313 454 2329 ι
475 2304 554 2331 Ὅσοι
572 2305 613 2336 είς
635 2305 753 2340 Χριστὸν
766 2304 831 2332 ἐϐα-

878 1067 928 1087 nas
956 1060 990 1087 ad
1021 1060 1178 1088 subeundos
1209 1060 1348 1095 (agones:
1392 1067 1492 1088 rursus
1523 1059 1677 1088 Ecclesium

877 1111 985 1138 vastas,
1016 1114 1114 1134 rursus
1142 1106 1273 1141 epistolas
1300 1114 1315 1133 a
1338 1105 1462 1133 Judalcis
1497 1106 1678 1140 pontiﬁcibus

878 1152 965 1180 refers
983 1161 990 1179 :
1018 1160 1080 1180 cum
1095 1152 1151 1187 jam
1164 1151 1267 1180 Paulus
1282 1152 1379 1182 fueris.
1397 1153 1496 1179 iterum
1520 1152 1546 1178 in
1562 1152 1677 1179 Saulqu

879 1199 987 1226 recidis.
1010 1198 1077 1226 Nam
1091 1206 1140 1226 cur
1155 1198 1201 1234 qui
1223 1198 1286 1225 talia
1312 1198 1451 1230 docueris,
1482 1206 1555 1225 nunc
1581 1206 1678 1226 omnes

875 1245 956 1280 jubes
983 1246 1011 1272 in
1037 1245 1138 1273 Christi
1164 1250 1252 1272 morte
1280 1245 1438 1279 baptizari?
1470 1244 1502 1272 Ει
1517 1245 1598 1272 modo
1613 1253 1678 1272 cum

879 1291 1010 1326 apostolis
1031 1291 1210 1325 laborumque
1224 1291 1310 1318 sociis
1333 1298 1429 1326 poenas
1444 1291 1479 1318 ab
1495 1291 1529 1318 iis
1544 1291 1676 1326 reposcis,

878 1337 924 1372 qui
943 1345 1005 1364 cum
1024 1337 1145 1372 qualibet
1160 1344 1193 1364 ex
1209 1336 1251 1363 his
1269 1336 1366 1363 formis
1387 1337 1529 1370 baptizare
1545 1337 1604 1364 ausi
1619 1336 1678 1364 fue-

879 1384 955 1416 rint;
981 1383 1064 1410 modo
1091 1383 1150 1418 ipse
1179 1382 1321 1418 sigillatim
1339 1390 1394 1409 non
1413 1382 1502 1409 solum
1532 1383 1558 1409 in
1576 1383 1677 1418 angulo

879 1429 959 1461 dicis,
977 1429 1025 1456 sed
1037 1434 1064 1456 et
1079 1428 1232 1463 praedicas:
1253 1435 1303 1455 nec
1330 1427 1418 1455 solum
1445 1427 1588 1462 praedicas,
1607 1428 1677 1455 scri-

879 1475 967 1502 bendo
990 1479 1080 1502 tamen
1095 1474 1248 1506 abstinens,
1280 1473 1327 1500 sed
1353 1473 1453 1500 litteris
1471 1477 1498 1500 et
1518 1474 1627 1508 quidem
1643 1473 1677 1500 ad

881 1521 1018 1548 Iiomanos
1043 1521 1154 1555 scriptis
1180 1520 1346 1555 praiconium
1374 1520 1583 1551 commendans,
1599 1527 1677 1546 sum-

880 1575 953 1594 mam
981 1568 1080 1594 tribuis
1115 1567 1307 1594 auctoritatem
1342 1566 1479 1601 baptismo
1508 1566 1535 1593 in
1575 1566 1678 1593 Christi

880 1619 970 1642 morte
994 1614 1105 1642 collato.
1133 1613 1188 1641 Sed
1217 1614 1293 1641 enim
1310 1613 1435 1641 veritatis
1459 1620 1548 1648 priceo
1568 1621 1616 1640 eos
1631 1614 1679 1648 qui

881 1660 1009 1695 baptismi
1024 1660 1173 1687 novitatem
1189 1659 1331 1691 invehunt,
1355 1666 1439 1694 seque
1464 1659 1553 1693 ipsum
1570 1664 1679 1686 senten-

881 1707 924 1734 tiae
940 1715 1035 1734 eorum
1051 1706 1194 1742 astipulari
1207 1706 1421 1738 calumniantur,
1448 1706 1487 1733 sic
1505 1705 1560 1732 fere
1578 1705 1680 1732 refuta-

880 1752 928 1779 bit.

914 1798 960 1825 21.
981 1798 1112 1833 Equidem
1151 1804 1200 1832 ego
1231 1797 1276 1824 aio
1291 1797 1441 1831 baptizatos
1456 1796 1623 1831 baptismum
1651 1797 1678 1823 iu

880 1845 982 1872 Christi
1000 1849 1086 1872 morte
1101 1844 1255 1877 recepisse;
1274 1850 1327 1869 non
1346 1846 1435 1869 tamen
1452 1842 1495 1869 aio
1511 1842 1677 1876 baptismum

881 1891 908 1918 in
926 1890 1050 1925 ejusdem
1064 1889 1160 1916 mortis
1176 1889 1351 1916 invocatione
1370 1887 1490 1915 conferri
1506 1896 1513 1920 ;
1531 1888 1605 1922 quod
1631 1887 1678 1914 ab—

881 1937 938 1970 sit;
964 1936 1011 1964 scd
1042 1936 1103 1964 dico
1124 1935 1297 1963 remissionis
1322 1935 1374 1962 hoc
1392 1934 1496 1961 «louum
1514 1934 1582 1972 lieri,
1598 1938 1679 1969 prout

882 1985 940 2019 ipse
970 1983 1098 2010 Servator
1120 1982 1244 2014 tradidit,
1276 1982 1303 2008 in
1333 1981 1444 2009 nomine
1466 1980 1556 2009 Patris
1577 1986 1604 2008 et
1617 1980 1678 2007 Filii

881 2036 908 2058 et
929 2030 1047 2064 Spiritus
1075 2029 1162 2056 sancti
1180 2037 1187 2055 :
1209 2028 1236 2055 id
1265 2035 1330 2055 vero
1345 2036 1406 2055 esse
1430 2028 1586 2063 symbolum
1603 2035 1679 2054 mor-

883 2077 919 2103 tis
946 2075 1016 2109 ejus,
1039 2074 1103 2109 quia
1134 2073 1222 2100 tribus
1252 2072 1477 2100 immersionibus
1510 2072 1679 2109 totidemque

882 2120 1084 2149 emersiouibus
1099 2119 1260 2146 triduauam
1288 2119 1376 2153 ipsius
1393 2119 1560 2153 sepulturam
1586 2126 1678 2146 resur-

883 2167 1085 2200 rectionemque
1096 2164 1230 2192 deformat
1243 2169 1325 2199 atque
1334 2164 1474 2199 exprimit.
1493 2165 1598 2191 Idcirco
1607 2165 1678 2191 haud

883 2212 1044 2247 simpliciter
1054 2210 1112 2238 dixi
1126 2220 1132 2238 :
1145 2221 1154 2236 ‹
1166 2210 1194 2237 In
1207 2215 1295 2237 morte
1305 2210 1365 2244 ejus
1377 2210 1504 2244 baptizati
1516 2218 1612 2237 sumus
1622 2209 1655 2242 ",
1667 2220 1675 2235 ι

883 2257 929 2287 sed
939 2265 1001 2286 cum
1013 2261 1094 2285 antea
1102 2257 1232 2284 dixissem
1245 2265 1252 2283 :
1265 2266 1273 2282 ι
1284 2255 1422 2290 Quotquot
1435 2256 1460 2282 in
1472 2255 1582 2282 Clu-isto
1591 2255 1679 2289 bapti-

884 2303 936 2330 zati
948 2310 1056 2335 sumus,
1067 2311 1076 2327 ι
1090 2301 1188 2329 deinde
1198 2300 1301 2334 addidi,
1318 2310 1326 2326 ι
1343 2300 1370 2328 lu
1381 2306 1468 2329 morte
1479 2300 1538 2335 ejus
1548 2300 1678 2334 baptizati

54 2350 204 2386 πτίσθημεν,
224 2361 233 2377 ι
248 2351 335 2382 οὕτως
358 2351 500 2386 ἐπήγαγον
517 2351 547 2377 τὸ
565 2360 575 2377 ‹
591 2351 640 2383 Εἰς
654 2352 700 2378 τὸν
713 2352 827 2380 θάνατον

916 2352 986 2377 imus
1000 2350 1022 2365 ’ί
1040 2358 1047 2376 :
1067 2359 1077 2375 ›
1095 2349 1198 2377 scilicet
1211 2349 1262 2376 hac
1274 2348 1400 2383 proxima
1412 2347 1596 2375 diﬂ'ereutium
1613 2355 1677 2374 seu-

52 2395 121 2422 αὒτοῦ
135 2397 368 2432 ἐδαπτίστθημεν·
382 2406 391 2422 ι
405 2398 438 2432 τῇ
449 2397 520 2424 κατὰ
530 2397 670 2433 συνέχειαν
681 2399 830 2434 παραθέσει

52 2440 96 2467 τῶν
106 2441 241 2478 διαφόρων
253 2442 362 2469 ἐννοιῶν
376 2451 405 2469 τε
426 2443 473 2470 καί¹
490 2443 640 2478 ὀνομάτων,
657 2445 728 2471 κατὰ
746 2445 830 2480 μηδε-

54 2484 107 2516 μίαν
121 2486 167 2520 μὲν
189 2486 395 2521 ἱερουργεῖσθαι
415 2487 447 2513 τὸ
473 2486 617 2523 βάπτισμα
641 2488 829 2524 διδαξάμενος,

52 2526 64 2561 ἢ
80 2529 127 2564 γὰρ
142 2530 174 2556 ἂν
189 2530 321 2556 τάναντία
333 2531 381 2557 καὶ
398 2530 517 2565 μάλιστα
537 2532 596 2566 ἅμα
620 2533 727 2568 φρονῶν
740 2542 770 2559 τε
784 2534 831 2561 καὶ

53 2572 124 2607 λέγων
143 2575 276 2608 ἑαλωκὼς
295 2575 365 2612 εἴην.
407 2576 490 2604 Ἀλλὰ
509 2577 554 2604 διὰ
582 2578 632 2613 μὲν
656 2578 704 2605 τοῦ
731 2581 830 2613 εἰπεῖν,

55 2627 62 2643 t
79 2619 119 2652 Είς
132 2621 252 2657 Χριστὸν
272 2622 489 2658 ἐϐαπτίσθημεν,
505 2633 514 2650 ι
532 2624 573 2650 ὅτι
593 2624 664 2651 κατὰ
685 2624 734 2660 τὴν
750 2625 832 2653 αὐτοῦ

53 2669 233 2703 μυσταγωγίαν
250 2669 431 2705 βαπτισθῆναι
453 2671 634 2705 παρεδήλωσα
646 2679 652 2686 “
668 2672 711 2699 διὰ
732 2672 759 2699 δὲ
785 2673 832 2700 τοῦ

80 2768 100 2783 ²⁹
114 2768 190 2797 Rom.
212 2779 251 2802 vi,
265 2772 291 2798 3.
328 2772 349 2786 ⁵¹
370 2771 436 2798 ibid.
474 2772 496 2788 ³²
515 2770 596 2799 llebr.
615 2780 650 2803 ιν,
674 2772 714 2799 lii.

886 2397 1034 2425 teutiarum
1059 2403 1091 2423 ac
1118 2397 1260 2423 nominum
1290 2394 1442 2429 adjectiouc
1467 2394 1535 2421 satis
1565 2393 1678 2425 docens,

886 2444 1037 2472 secundum
1055 2443 1156 2470 nullam
1170 2451 1202 2470 ex
1217 2442 1259 2470 his
1276 2441 1372 2469 formis
1387 2441 1552 2476 baptismum
1567 2440 1675 2467 conﬁci.

886 2491 1013 2526 Alioquin
1031 2490 1167 2518 contraria
1186 2489 1304 2516 maxime
1321 2492 1348 2515 et
1366 2488 1466 2515 sentire
1481 2491 1507 2514 ct
1523 2487 1615 2514 dicere
1630 2495 1677 2514 eo-

886 2544 1025 2571 arguerer.
1041 2534 1093 2563 Sed
1112 2543 1204 2562 revera
1221 2543 1283 2561 cum
1298 2534 1353 2561 dixi
1367 2542 1373 2559 :
1393 2543 1402 2559 ι
1421 2533 1448 2560 ln
1463 2533 1571 2560 Christo
1589 2532 1676 2567 bap|i~

887 2582 940 2609 zati
959 2589 1065 2614 sumus,
1084 2591 1094 2607 ι
1110 2580 1262 2608 secundum
1276 2579 1336 2614 ejus
1351 2579 1475 2606 initiandi
1491 2579 1572 2606 ritum
1591 2579 1678 2613 Impli-

889 2632 964 2655 zatos
980 2635 1031 2655 nos
1049 2627 1206 2659 declaravi;
1223 2634 1285 2653 eum
1302 2631 1392 2653 autem
1407 2625 1483 2652 dixi:
1506 2635 1515 2651 ‹
1536 2626 1563 2652 ln
1591 2633 1643 2652 mo:
1653 2630 1679 2653 te

888 2674 948 2709 ejus
984 2673 1111 2708 baptizati
1147 2673 1260 2705 luitnus,
1283 2682 1291 2699 ι
1318 2672 1385 2699 nihil
1414 2671 1485 2699 aliud
1514 2671 1678 2707 siguilieavi,

799 2833 916 2861 NOTAE.

80 2888 131 2923 tri?)
149 2888 254 2916 Conon.
275 2895 360 2924 aposl.
380 2891 420 2923 58,
440 2890 483 2918 49.
501 2889 566 2918 Item
580 2891 670 2918 Const.
687 2897 771 2926 “post.
790 2891 838 2919 lib.
861 2900 907 2926 ru,
923 2892 976 2918 25..
