1878 3057
193 158 244 192 331

770 160 902 191 ΡΗΟΤΙΙ
920 161 1175 193 ΡΑΤΙΠΑΗΟΗίΕ
1188 162 1242 193 CP.

1766 165 1814 197 332

193 217 245 245 nisi
264 216 338 252 quod
354 215 504 251 baptismus
533 223 548 244 a
566 215 712 244 Servatore
727 216 871 244 institutus
883 222 934 252 typl

1071 220 1126 250 πεῖν,
1147 229 1156 245 ι
1174 219 1221 250 Εἰς
1237 219 1282 246 τὸν
1296 219 1410 246 θάνατον
1429 219 1511 246 αὑτοῦ
1521 219 1737 257 ἐϐαπτίσθημεν,
1757 231 1766 248 ι
1777 223 1812 249 ὅτι

191 271 247 299 ιιι-ιιι
261 271 290 290 Se
305 262 356 290 fert
371 268 453 296 atque
471 262 598 298 imaginis
623 267 738 290 mortem
759 263 831 297 ejus,
847 271 908 298 qua:
928 264 979 290 im-

191 309 366 337 mortalitatis
390 308 492 336 fontem
519 308 597 336 nobis
621 308 760 336 reseravit.
782 308 862 336 Aliud
886 313 977 336 autem

190 356 304 382 omnino
328 359 370 382 est
387 354 427 382 sic
449 354 523 389 loqui
541 358 569 380 ut
595 361 647 382 nos
668 354 822 388 ediximus,
843 354 917 382 aliud
937 360 979 382 est

190 401 325 429 affirmare
340 401 412 435 (quae
426 391 553 427 damnata
570 408 585 427 a
601 400 679 427 nobis
691 400 824 427 sententia
838 400 889 435 est)
903 407 979 435 rege-

192 446 343 474 nerationis
379 445 540 479 mysterium
578 452 639 472 cum
680 445 851 472 invocatione
883 445 980 472 mortis

191 492 293 519 Christi
310 491 420 518 conﬁeri
437 490 559 517 solitum.
582 489 658 516 [laud
678 497 729 518 nos
752 489 835 524 igitur
860 494 978 516 mentem

191 538 408 569 immutavimus,
435 544 525 572 neque
541 536 574 563 ad
600 535 730 564 Judaicas
744 527 875 570 Epistolas
887 535 943 570 jam
963 543 978 562 a

190 585 271 613 nobis
289 584 457 619 improbalas
477 583 576 610 reversi
592 590 687 610 sumus
708 591 715 609 :
730 583 775 618 qui
787 582 911 609 videlicet
925 589 981 610 eu:-

189 630 269 658 lestia
282 629 408 664 dogmata
425 636 478 655 non
493 628 520 655 in
544 628 668 663 lapideis,
692 628 738 655 sed
762 627 928 655 lirmissimis
953 631 981 655 et

189 683 331 711 nunquam
346 675 503 710 frangendis
510 675 594 701 animi
610 674 709 702 tabulis
724 674 924 710 inscripsimus.
941 673 980 701 Illi

192 723 282 758 potius
298 722 413 749 Paulum
436 721 632 749 transformare
653 721 680 748 in
705 721 818 748 Saulum
843 721 979 753 nituntur,

192 776 273 805 atque
296 770 322 796 in
349 769 411 797 aliis
436 769 571 804 ejusmodi
600 769 763 802 obtrectant,
779 776 935 804 quanquam
953 768 979 796 id

192 818 281 853 ipsum
301 816 379 844 fateri
394 824 442 843 eos
458 815 549 850 pudet,
572 823 643 850 quos
665 823 807 850 perperam
830 814 980 850 intelligere

192 868 219 891 et
234 862 395 890 calumniari
413 868 552 889 sermones
563 868 637 887 meos
652 860 739 895 juvat.
755 860 810 894 Ego
822 867 891 888 sane
905 867 980 887 com-

1029 264 1115 290 τύπον
1133 265 1214 300 φέρει
1226 265 1274 291 καὶ
1287 265 1379 291 εἰκόνα
1393 265 1440 292 τοῦ
1457 265 1508 302 τὴν
1517 265 1667 292 ἀθανασίαν
1681 267 1750 302 ἡμῖν
1764 277 1813 302 πη-

1029 308 1165 343 γάσαντος
1191 309 1307 337 θανάτου
1332 309 1414 336 αὑτοῦ
1441 310 1472 336 τὸ
1504 311 1640 346 σωτήριον
1666 311 1814 348 βάπτισμα.

1030 355 1145 391 Ἕτερον
1167 355 1195 382 δὲ
1216 355 1357 387 παντελῶς
1378 356 1437 383 ἐστι
1460 356 1550 390 λέγειν
1568 356 1659 384 ταῦτα
1680 358 1749 393 ὅπερ
1772 359 1815 384 καὶ

1029 401 1112 436 ἡμεῖς
1124 401 1269 435 τιθέμεθα,
1287 401 1335 427 καὶ
1350 401 1443 436 ἕτερον
1455 401 1486 428 τὸ
1497 401 1588 436 λέγειν
1600 402 1641 428 ὅτι
1655 404 1687 438 τῇ
1702 403 1815 438 ἐπικλή-

1032 454 1073 472 σει
1088 445 1134 472 τοῦ
1148 446 1264 473 θανάτου
1276 446 1372 478 αὐτοῦ,
1391 447 1406 473 ὃ
1420 447 1648 483 καταδικάζομεν,
1660 449 1690 475 τὸ
1701 449 1752 483 τῆς
1767 457 1815 475 πα-

1030 491 1201 526 λιγγενεσίας
1224 492 1407 527 ίερουργεῖται
1432 493 1592 528 μυστήριον.
1621 493 1725 520 Οὔκουν
1740 495 1817 528 ἡμεῖς

1032 538 1212 573 μετέστημεν,
1229 539 1290 565 οὐδὲ
1305 539 1376 574 πρὸς
1389 539 1439 570 τὰς
1463 539 1613 571 Ἰουδαϊκὰς
1629 540 1774 571 ἐπιστολὰς
1781 536 1816 566 ὧν

1031 583 1207 619 κατέγνωμεν
1226 585 1440 621 ἑπεστράφημεν
1452 593 1459 600 ·
1480 585 1555 618 ἅπαξ
1584 586 1619 612 τὰ
1645 586 1759 622 οὐράνια
1778 585 1817 612 δό-

1030 638 1124 665 γματα
1139 630 1189 656 οὐκ
1209 630 1238 657 ὲν
1253 630 1367 663 λιθίναις
1380 630 1487 665 πλαξὶν,
1501 632 1559 658 ἀλλ’
1577 633 1606 658 ὲν
1626 632 1817 668 στερῤοτάταις

1032 675 1080 702 καὶ
1100 675 1266 711 άθραύστοις
1283 677 1468 712 ἐγγραφέντες
1497 678 1548 712 τῆς
1579 678 1669 714 ψυχῆς
1702 678 1816 711 πίναξιν.

1037 720 1152 747 Ἐκεῖνοι
1164 720 1192 747 δὲ
1205 721 1336 756 μεθιστᾷν
1346 722 1515 757 ἐπιχειροῦσι
1527 723 1573 750 τὸν
1584 723 1689 750 Παῦλον
1703 724 1743 755 είς
1752 723 1817 750 Σαῦ-

1032 764 1086 797 λον,
1100 766 1147 792 καὶ
1163 766 1198 792 τὰ
1220 765 1288 792 ἄλλα
1303 766 1490 801 διασύρουσιν,
1513 766 1565 795 κᾶν
1584 768 1730 802 ὁμολογεῖν
1745 769 1819 795 ἐπαι-

1032 811 1194 846 σχύνωνται.
1208 809 1248 843 οἷς
1261 813 1407 847 παρανοεῖν
1418 813 1465 840 καὶ
1475 815 1653 848 συκοφαντεῖν
1665 815 1729 846 τοὺς
1740 814 1819 849 ἐμοὺς

1032 856 1133 892 ἐπῆλθε
1145 857 1242 891 λόγους
1254 866 1261 874 ·
1280 858 1341 884 ἐπεὶ
1360 858 1410 890 τάς
1424 868 1456 893 γε
1478 859 1572 892 κοινὰς
1583 859 1639 886 τῶν
1651 862 1818 887 συναποστά-

191 918 289 938 munes
306 917 428 937 meorum
449 909 476 935 in
495 908 647 943 apostolatu
670 907 807 935 sociorum
831 912 932 935 sentenl

1075 912 1085 929 ν
1099 903 1207 938 ψήφους
1222 904 1269 930 καὶ
1286 904 1368 936 αὐτὸς
1390 905 1491 940 ὁμοίως
1518 906 1641 942 στέργων
1656 907 1705 933 καὶ
1719 906 1816 942 κυρῶν,

191 957 249 991 ipse
263 962 374 990 quoque
385 954 552 989 amplectens
565 961 597 980 ac
618 953 753 984 sanciens,
776 953 900 980 homines
919 953 980 980 illos

190 1003 237 1037 qui
254 1002 308 1029 alio
323 1001 421 1036 quovis
438 1000 518 1027 modo
532 999 672 1034 baptizare
689 999 798 1031 audent,
810 1007 893 1034 quam
909 998 979 1026 litin

192 1045 333 1073 Dominica
349 1044 473 1072 initiandi
489 1043 626 1077 formula;
642 1044 750 1071 etiamsi
772 1043 914 1071 Trinitatis
929 1043 980 1071 tria

191 1090 301 1118 nomina
317 1089 474 1120 adhilwant,
491 1087 598 1115 etiamsi
626 1087 694 1114 nihil
715 1087 884 1122 reliquorum
898 1087 981 1114 omit-

191 1140 268 1167 tant;
285 1135 308 1162 si
322 1139 412 1162 tamen
427 1134 454 1160 hi
469 1140 522 1160 una
539 1132 716 1160 immersiune
736 1131 901 1167 baptismum
917 1139 982 1158 con-

191 1181 341 1213 liciant;et
360 1180 382 1207 si
408 1186 442 1206 ne
455 1179 482 1206 id
509 1178 619 1213 quidem
635 1178 818 1210 committant,
831 1177 878 1206 sed
895 1177 937 1205 vel
953 1177 980 1204 in

191 1226 295 1254 Christi
318 1225 491 1253 invocatione
515 1225 667 1259 baptizent,
689 1224 730 1251 vel
753 1224 780 1251 iu
799 1223 860 1258 eius
881 1227 980 1257 morte,

190 1273 233 1301 vel
248 1273 329 1300 aliam
347 1271 497 1306 quamlibet
521 1271 682 1303 novitatem,
709 1275 808 1305 pneter
828 1269 982 1297 Servatoris

191 1318 377 1350 traditionem,
393 1317 564 1352 excogitent;
578 1324 628 1351 ego
640 1317 690 1344 hos
706 1316 779 1343 nulla
795 1316 873 1343 venia
885 1316 982 1351 digna-

191 1366 260 1398 bor;
282 1365 328 1393 sed
345 1372 407 1391 eum
425 1364 471 1399 qui
490 1365 531 1390 vel
548 1363 574 1390 in
599 1370 655 1390 uno
667 1362 858 1397 esupradictis
882 1370 982 1397 pecca-

191 1411 262 1438 verit
278 1410 319 1437 vel
332 1410 358 1437 in
372 1410 427 1437 alio
441 1409 536 1442 simili,
553 1408 614 1435 sine
626 1408 711 1435 dubio
721 1415 798 1436 reum
817 1415 906 1443 agam.
921 1407 981 1436 Non

191 1458 265 1487 enim
290 1457 354 1492 quia
376 1456 517 1484 nominum
541 1455 659 1490 qualitas
679 1454 811 1488 variatur,
838 1454 899 1482 ideo
925 1453 983 1481 leve

192 1504 296 1531 crimen
309 1503 480 1530 contrahitur
494 1510 501 1534 ;
520 1502 567 1530 sed
584 1502 648 1536 quia
673 1501 833 1529 mandatum
851 1501 982 1532 violatur,

193 1550 297 1579 idcirco
313 1556 376 1576 reus
393 1547 569 1575 damnatione
584 1547 690 1574 feritur.
705 1547 769 1574 Haec
782 1547 885 1574 Paulus
896 1546 983 1574 eccle-

192 1597 240 1624 siae
253 1599 356 1626 Orator,
375 1593 444 1621 mori
460 1593 543 1628 hujus
559 1592 692 1627 pravique
713 1592 901 1626 patrocinans,
922 1591 983 1619 Ser-

192 1640 295 1668 vatoris
319 1643 483 1675 praeceptum
503 1637 683 1669 confirmans,
701 1644 732 1664 os
757 1636 868 1664 illorum
892 1636 984 1664 occlu-

192 1686 262 1715 dens
275 1685 322 1720 qui
336 1683 504 1711 contrarium
523 1682 647 1710 factitare
669 1682 728 1710 ausi
749 1687 853 1715 essent,
867 1689 982 1710 suorum

192 1734 283 1758 autem
298 1730 325 1756 in
342 1728 475 1756 electione
496 1732 524 1755 et
546 1726 700 1762 apostolatui
720 1734 916 1761 praecessorum
934 1727 984 1754 de-

191 1781 266 1805 erela
283 1774 373 1810 sigillo
384 1774 521 1800 muniens.
536 1772 578 1799 Tu
594 1779 657 1799 vero
670 1771 736 1807 quid
747 1771 804 1807 jam
818 1771 879 1799 ais?
891 1771 985 1799 fierine

190 1822 279 1858 potuit
299 1826 328 1848 ut
350 1819 465 1856 apostoli
490 1818 735 1854 transgressionem
757 1818 820 1845 aliis
835 1817 985 1852 exprohra-

192 1871 263 1899 rent,
280 1866 331 1901 ipsi
351 1865 474 1901 magistri
490 1864 723 1899 transgressionis
734 1863 840 1891 essent?
855 1868 937 1897 atque
950 1863 985 1890 ab

191 1913 253 1942 aliis
266 1920 344 1940 noxas
358 1919 453 1946 pteuas
471 1914 667 1945 reposcerent;
684 1909 736 1944 ipsi
754 1909 866 1944 impune
885 1916 985 1944 pecca—

191 1965 270 1988 turos
285 1966 314 1987 se
328 1957 488 1986 crederent?
502 1957 567 1992 quid
581 1957 668 1992 quod.
689 1956 712 1984 si
729 1956 794 1991 quid
817 1955 863 1983 alii
887 1963 986 1991 peeca-

192 2007 269 2038 baut,
287 2005 310 2032 si
338 2009 429 2031 tamen
455 2003 615 2038 pcecabant,
643 2002 695 2037 ipsi
726 2001 762 2029 ob
791 2001 818 2029 id
847 2001 982 2036 plectendi

192 2056 281 2084 erant,
295 2051 358 2086 quia
372 2058 457 2078 causa
472 2049 598 2077 criminis
610 2049 662 2076 illis
678 2047 809 2075 fuerant?
821 2048 874 2081 Sed
891 2048 984 2076 hacte-

192 2107 245 2128 nus
261 2098 329 2126 dicta
343 2096 490 2125 sufﬁciant.

1031 949 1094 981 τοὺς
1115 950 1177 976 καθ’
1192 950 1287 985 ἕτερόν
1300 958 1363 977 τινα
1375 950 1475 987 τρόπον
1491 951 1633 986 βαπτίζειν
1649 953 1819 987 ἀποτολμῶν-

1030 1004 1080 1027 τας
1095 996 1141 1022 καὶ
1155 997 1193 1032 μὴ
1211 995 1283 1023 κατὰ
1297 996 1348 1032 τὴν
1360 996 1530 1032 Δεσποτικὴν
1551 999 1759 1032 μυσταγωγίαν,
1772 998 1820 1024 κᾶν

1031 1042 1081 1076 τῆς
1095 1041 1209 1076 Τριάδος
1231 1041 1363 1077 ἰσάριθμα
1384 1043 1419 1070 τὰ
1431 1043 1551 1078 ὀνόματα
1568 1043 1819 1080 παραλαμὸάνωσι,

1031 1087 1083 1114 κᾶν
1100 1087 1179 1114 οὐδὲν
1196 1088 1245 1122 μὲν
1261 1088 1316 1114 τῶν
1331 1088 1420 1116 ἄλλων
1435 1089 1681 1125 παραχαράττωσι,
1698 1089 1744 1116 διὰ
1760 1090 1820 1125 μιᾶς

1031 1134 1059 1160 δὲ
1075 1133 1251 1166 καταδύσεως
1262 1134 1292 1161 τὸ
1307 1133 1448 1170 βάπτισμα
1463 1135 1648 1171 ἀπαρτίζωσι,
1672 1135 1725 1161 κᾶν
1757 1135 1821 1171 μηδὲ

1031 1181 1137 1212 τούτοις
1162 1181 1307 1215 ἐνέχωνται
1320 1201 1327 1213 ,
1343 1182 1382 1213 εἰς
1408 1181 1436 1208 δὲ
1455 1182 1504 1217 τὴν
1527 1182 1574 1209 τοῦ
1588 1182 1708 1218 Χριστοῦ
1729 1181 1822 1217 κλῆσιν

1033 1225 1242 1261 βαπτίζωσιν,ῆ
1262 1227 1303 1257 εῐς
1326 1226 1375 1261 τὴν
1396 1225 1443 1252 τοῦ
1463 1226 1579 1253 θανάτου
1600 1227 1696 1259 αὐτοῦ,
1712 1226 1764 1253 κᾶν
1779 1226 1822 1253 ἆλ-

1032 1272 1082 1307 λην
1088 1273 1149 1299 τινὰ
1160 1271 1281 1299 ἐπίνοιαν
1291 1272 1455 1307 ὲπινοὴσωσι
1463 1273 1677 1308 καινοτομοῦσαν
1687 1273 1738 1308 τὴν
1750 1272 1822 1299 θείαν

1033 1318 1115 1345 αὑτοῦ
1129 1319 1175 1346 καὶ
1190 1320 1322 1355 σωτήριον
1340 1318 1501 1354 παράδοσιν,
1522 1319 1651 1354 οὐδεμιᾶς
1664 1319 1753 1354 ἔγωγε
1768 1327 1824 1353 φει-

1032 1364 1094 1396 δοῠς
1106 1365 1170 1396 τοὺς
1189 1365 1327 1397 τοιούτους
1343 1364 1492 1400 ἀξιώσαιμι
1503 1373 1511 1380 ·
1522 1364 1592 1392 ἀλλὰ
1605 1365 1651 1391 τὸν
1663 1364 1706 1399 ἐφ’
1717 1365 1760 1391 ἑνὶ
1774 1365 1824 1390 τινὶ

1032 1409 1088 1436 τῶν
1104 1410 1259 1445 εἰρημένων
1275 1410 1384 1442 ἁλόντα,
1399 1410 1416 1445 ἢ
1430 1410 1546 1437 τινὶτῶν
1560 1409 1666 1441 τούτοις
1680 1409 1826 1446 παραπλη-

1034 1456 1111 1487 σίων,
1126 1456 1178 1491 τῆς
1192 1456 1277 1491 αὐτῆς
1292 1456 1443 1492 καταδίκης
1452 1456 1502 1492 οὐχ
1517 1456 1613 1491 ἁλοίην
1629 1455 1666 1491 μὴ
1683 1456 1826 1491 γραφόμε-

1034 1509 1079 1533 νος
1094 1501 1196 1536 ἔνοχον.
1210 1501 1247 1528 οὐ
1263 1501 1318 1536 γὰρ
1331 1502 1348 1537 ὴ
1367 1502 1417 1537 τῆς
1442 1502 1497 1528 τῶν
1512 1501 1654 1537 ὀνομάτων
1683 1502 1826 1537 ποιότητος

1035 1546 1171 1582 ἑναλλαγὴ
1184 1547 1251 1582 πρὸς
1263 1548 1293 1573 τὸ
1307 1547 1419 1582 μέτριον
1431 1548 1492 1582 ἄγει
1501 1547 1530 1574 τὺ
1544 1547 1682 1583 ἔγκλημα.
1698 1547 1770 1574 ἀλλὰ
1781 1547 1826 1582 τῆς

1035 1592 1143 1628 ἐντολῆς
1158 1593 1174 1628 ὴ
1189 1593 1346 1628 παράὸασις
1355 1594 1404 1628 τῆς
1421 1593 1507 1628 αὐτῆς
1530 1594 1681 1630 καταδίκης
1707 1595 1766 1625 τοῖς
1785 1594 1828 1622 ὲνι

1034 1637 1108 1673 ύχοις
1119 1638 1281 1665 καθίσταται
1295 1638 1435 1674 πρόξενος.
1450 1638 1545 1666 Ταῦτα
1568 1638 1675 1671 Παῦλος
1691 1639 1743 1674 τῆς
1768 1639 1826 1665 ‘Ex-

1035 1683 1151 1719 κλησίας
1164 1685 1178 1710 ὁ
1196 1685 1300 1720 ῥήτωρ,
1317 1684 1475 1720 συνηγορῶν
1494 1685 1544 1720 μὲν
1556 1685 1644 1719 αὐτῆς
1660 1684 1699 1720 τῷ
1715 1684 1775 1711 ἔθει
1784 1685 1829 1711 καὶ

1034 1731 1093 1761 ταῖς
1112 1729 1241 1765 πράξεσι,
1260 1731 1404 1765 κρατύνων
1429 1731 1457 1758 δὲ
1479 1731 1528 1767 τὴν
1552 1731 1687 1766 σωτήριον
1705 1731 1827 1766 ἐντολὴν,

1034 1776 1221 1810 ἐπιστομίζων
1248 1776 1277 1803 δὲ
1299 1777 1363 1809 τοὺς
1384 1777 1442 1804 ὅσοι
1461 1778 1529 1814 πρὸς
1553 1777 1711 1805 τούναντίον
1733 1778 1829 1813 ῥέπειν

1035 1821 1228 1856 ἐπεχείρησαν,
1251 1822 1306 1849 τῶν
1329 1823 1519 1858 προλαϐόντων
1539 1823 1621 1851 αὑτὸν
1633 1824 1674 1855 εἰς
1688 1824 1740 1859 τὴν
1754 1824 1829 1851 ὲκλο·

1035 1865 1087 1901 γὴν
1096 1866 1144 1893 καὶ
1157 1867 1309 1903 ἀποστολὴν
1326 1868 1593 1904 ὲπισφραγιζόμενος
1606 1869 1641 1896 τὰ
1651 1869 1827 1905 ψηφίσματα.

1035 1912 1072 1939 Σὺ
1091 1911 1120 1938 δὲ
1134 1912 1160 1939 τί
1172 1912 1262 1947 λέγεις
1277 1913 1338 1946 Evt;
1359 1912 1414 1949 ἄρα
1435 1915 1547 1942 δυνατόν
1573 1916 1648 1942 ἐστιν
1669 1915 1764 1948 ἄλλοις
1782 1915 1829 1950 μὲν

1036 1956 1195 1991 παράϐασιν
1222 1957 1359 1992 ἐγκαλεῖν,
1379 1959 1479 1991 αὐτοὺς
1503 1959 1532 1987 δὲ
1558 1959 1739 1987 καθίστασθαι
1763 1960 1830 1988 διδα-

1037 2002 1153 2034 σκάλους
1175 2003 1225 2038 τῆς
1242 2004 1444 2038 παραϐάσεως;
1465 2005 1512 2033 καὶ
1522 2005 1671 2041 λαμϐάνειν
1688 2006 1739 2041 μὲν
1764 2006 1828 2041 παρ’

1036 2048 1138 2084 ἑτέρων
1151 2050 1200 2084 τῆς
1214 2050 1398 2085 παραϐάσεως
1410 2051 1518 2083 ποινὰς.
1532 2052 1647 2083 ἑαυτοὺς
1663 2052 1692 2078 δὲ
1706 2053 1828 2087 νομίζειν

1037 2095 1200 2126 ἀνευθύνους
1213 2094 1283 2123 εἶναι
1301 2096 1350 2123 τοῦ
1366 2097 1569 2133 ,τολμήματος
1586 2098 1632 2125 καί
1653 2107 1696 2125 τοι
1719 2100 1769 2125 καὶ
1793 2095 1828 2125 ὧν

191 2147 352 2184 ἡμάρτανον
366 2144 465 2179 ἕτεροι,
487 2142 566 2178 εἴπερ
582 2141 751 2177 ἡμάρτανον,
767 2141 888 2173 ἐκείνους
900 2141 984 2176 ὲχρῆν
1005 2141 1116 2177 ὑπέχειν
1131 2141 1182 2177 τὴν
1197 2141 1287 2178 δίκην,
1315 2142 1354 2175 ὡς
1382 2143 1432 2180 τῆς
1444 2145 1534 2176 αίτίας
1546 2145 1594 2171 ἀπ’
1604 2145 1694 2171 αὐτῶν
1704 2146 1744 2176 εἰς
1758 2142 1829 2172 ὲκεί-

191 2204 255 2226 you;
283 2192 419 2227 δοθείσης.
457 2189 538 2216 Ἀλλὰ
568 2188 622 2224 γὰρ
651 2188 733 2216 ἱκανὰ
758 2189 805 2215 καὶ
828 2188 915 2215 ταῦτα
940 2186 1027 2224 οἶμαι.

227 2240 273 2268 22.
287 2239 365 2265 Nunc
377 2245 432 2265 uno
447 2237 546 2266 intuitu
561 2236 706 2264 videndum
719 2240 855 2271 superest,
871 2236 968 2271 quibus

1088 2236 1124 2271 β’.
1139 2237 1242 2273 Καιρὸς
1254 2237 1276 2265 δ’
1288 2238 1322 2265 ἃν
1335 2238 1377 2274 εῐη
1392 2239 1510 2274 συνορᾷν
1522 2237 1556 2265 δι’
1570 2237 1641 2265 ὅσων
1661 2238 1710 2265 τοῦ
1737 2238 1770 2271 ἐξ
1784 2238 1829 2273 ἀρ-

193 2294 256 2315 nam
272 2293 305 2313 ex
322 2283 493 2320 argumentis
509 2282 655 2317 proposiue
672 2282 706 2309 ab
724 2282 803 2309 initio
824 2282 986 2318 quaestionis

193 2332 294 2362 solutio
312 2331 442 2358 dimanet.
459 2328 522 2356 llaec
543 2329 631 2364 primo
647 2337 662 2355 ιι
675 2328 844 2364 singulorum
861 2328 985 2356 vocabuli

194 2387 287 2408 nomen
308 2377 511 2413 significatuum
536 2375 724 2407 distinctione,
744 2380 826 2410 atque
849 2382 864 2402 a
889 2374 985 2402 confu-

194 2426 281 2454 sionis
295 2422 532 2452 discriminatioue
549 2421 692 2450 deducitur
707 2431 713 2448 :
739 2421 775 2448 ita
799 2424 828 2447 ut
842 2420 986 2455 perspicue

193 2472 314 2500 sciamus
330 2470 503 2506 quandonam
527 2477 621 2497 nomen
641 2467 823 2502 significatum
846 2466 985 2502 proprium

193 2516 310 2548 habeat;
323 2515 433 2551 quando
447 2515 511 2542 item
524 2514 637 2549 gloriam
653 2513 840 2546 honoremque
852 2511 985 2539 nominati

193 2563 318 2595 denotet;
346 2569 443 2589 rursus
471 2560 581 2594 quando
615 2559 739 2594 ejusdem
774 2558 927 2585 doctrinam
954 2565 986 2585 ac

193 2607 428 2645 praedicationem.
444 2606 527 2634 Favet
548 2610 678 2641 prater-ea
706 2604 835 2632 solutioni
856 2604 879 2631 si
902 2604 987 2639 probe

194 2661 353 2686 noscamus,
373 2652 444 2680 haud
467 2652 635 2680 adamnssiln
659 2659 811 2686 congruere
825 2659 887 2679 cum
911 2650 989 2678 vocis

193 2707 259 2737 typo
273 2699 470 2728 sententiarum
485 2698 704 2726 similitudinem.
726 2697 792 2725 Nam
812 2705 900 2732 neque
912 2698 987 2725 locu-

193 2749 282 2775 tiones
299 2746 325 2774 in
342 2745 443 2774 Christi
466 2749 565 2777 morte,
587 2749 614 2772 et
629 2745 656 2772 in
672 2744 784 2772 Christo
800 2744 942 2779 baptizari.
959 2748 986 2771 et

194 2795 221 2821 in
236 2801 291 2821 uno
300 2799 425 2827 corpore,
440 2791 491 2818 sub
507 2791 604 2819 eodem
617 2791 692 2819 vocis
705 2791 845 2819 schemate
859 2789 984 2818 eamdem

194 2838 355 2866 sententiam
373 2836 504 2864 exhibent
522 2843 529 2863 :
553 2835 601 2863 sed
622 2836 819 2871 quantum‘lm
840 2836 984 2863 verborum

198 2891 230 2912 se
247 2883 388 2911 nominum
408 2881 630 2916 pronuntiatione
647 2883 779 2917 proximae
794 2882 908 2910 invicem
921 2886 987 2910 sunt

1035 2282 1087 2318 χῆς
1101 2284 1279 2320 ἀπορήματος
1304 2284 1528 2320 ἐπιχειρημάτων
1551 2284 1739 2321 προελήλυθεν
1752 2286 1771 2320 ἠ
1785 2284 1830 2311 λύ-

1036 2337 1090 2360 σις.
1105 2330 1216 2365 Πρόεισι
1231 2331 1280 2365 μὲν
1294 2331 1348 2367 γὰρ
1363 2330 1424 2358 καθ’
1440 2331 1489 2358 ἕνα
1505 2330 1585 2365 λόγον
1596 2330 1830 2365 διαστελλομένων

1035 2374 1091 2401 τῶν
1108 2376 1317 2411 σημαινομένων
1327 2377 1376 2404 τοῦ
1395 2377 1531 2412 ὀνόματος
1546 2377 1595 2404 καὶ
1607 2377 1657 2410 τῆς
1670 2374 1829 2410 συγχύσεως

1036 2421 1248 2457 διακρινομένης
1259 2430 1265 2437 ·
1278 2422 1316 2454 ὡς
1327 2431 1358 2449 τε
1373 2423 1467 2457 σαφῶς
1480 2423 1579 2449 εἰδέναι
1591 2422 1657 2449 πότε
1671 2421 1722 2456 μὲν
1733 2421 1767 2448 τὸ
1783 2421 1831 2448 κύ-

1037 2476 1095 2503 ριον
1109 2468 1245 2496 αὐτὸκαθ’
1263 2469 1345 2495 ἑαυτὸ
1356 2469 1386 2495 τδ
1401 2468 1496 2503 ὄνομα
1509 2468 1652 2504 σημαίνει,
1667 2468 1733 2494 πότε
1748 2468 1780 2494 δὲ
1789 2467 1831 2494 δό-

1037 2513 1087 2546 ξαν
1099 2514 1147 2541 καὶ
1158 2515 1242 2550 τιμὴν
1255 2515 1302 2541 τοῦ
1327 2514 1541 2549 ὀνομαζομένου,
1557 2514 1605 2540 καὶ
1625 2513 1691 2540 πότε
1715 2514 1767 2548 τὴν
1785 2514 1826 2540 δι-

1036 2559 1185 2587 δασκαλίαν
1204 2560 1286 2587 αὑτοῦ
1299 2560 1347 2587 καὶ
1368 2560 1399 2587 τὸ
1421 2561 1563 2596 κήρυγμα.
1578 2560 1782 2594 Συνεπικροτετ
1803 2559 1830 2585 δὲ

1036 2605 1086 2640 τὴν
1098 2605 1175 2633 λύσιν
1190 2607 1236 2633 καὶ
1261 2606 1292 2632 τὸ
1313 2606 1408 2633 λαϐεῖν
1434 2605 1590 2640 ἐπιστήμην
1621 2604 1659 2640 μὴ
1684 2604 1831 2636 διαπαντὸς

1036 2651 1152 2679 ἔπεσθαι
1179 2651 1218 2687 τῷ
1247 2651 1326 2687 τύπῳ
1351 2652 1400 2688 τῆς
1426 2651 1518 2686 φωνῆς
1545 2650 1595 2686 τὴν
1611 2650 1666 2677 τῶν
1685 2651 1830 2686 νοημάτων

1035 2699 1193 2733 ὁμοιότητα.
1209 2698 1277 2725 Οὐδὲ
1293 2698 1347 2733 γὰρ
1359 2698 1389 2725 τδ
1400 2699 1439 2730 εἰς
1453 2698 1498 2725 τὸν
1510 2698 1624 2725 θάνατον
1632 2698 1679 2726 τοῦ
1696 2698 1828 2734 Χριστοῦ,

1036 2745 1097 2772 οὐδὲ
1122 2745 1154 2771 τδ
1178 2745 1219 2777 εἰς
1241 2745 1360 2781 Χριστὸν
1377 2745 1559 2780 βαπτισθῆναι
1579 2745 1720 2780 λέγεσθαι,
1736 2746 1767 2772 οὺ
1782 2745 1829 2780 μὲν

1037 2788 1084 2817 οὖν
1101 2791 1160 2817 ἀλλ’
1173 2791 1235 2818 οὐδὲ
1249 2791 1280 2817 τὸ
1292 2791 1331 2823 εἰς
1350 2791 1379 2817 ἓν
1392 2790 1484 2826 σῶμα,
1497 2791 1543 2818 διὰ
1559 2791 1590 2818 τὸ
1605 2791 1700 2827 σχῆμα
1712 2792 1763 2826 τῆς
1779 2800 1828 2825 φω-

1038 2836 1088 2870 νῆς
1116 2836 1167 2871 τὴν
1194 2837 1280 2872 αὐτὴν
1304 2839 1515 2874 παραστήσουσι
1536 2838 1677 2864 διάνοιαν“
1693 2838 1752 2865 ἀλλ’
1769 2838 1828 2863 ὅσον

1038 2881 1125 2909 ταῦτα
1141 2883 1176 2918 τῇ
1193 2884 1316 2919 προφορᾷ
1334 2883 1388 2910 τῶν
1401 2883 1532 2919 ῥημάτων
1548 2882 1596 2909 καὶ
1611 2882 1665 2909 τῶν
1689 2882 1827 2918 ὀνομάτων
