1878 3057
71 214 212 249 σινεγγίζει
226 224 256 242 τε
273 215 319 244 καὶ
334 214 577 251 συσχηματίζεται,
589 215 717 243 τοσοῦτον
730 216 778 242 ἀπ’
792 216 841 243 ἁλ-
855 219 876 246 Α

61 260 147 294 ’λήλων
160 260 231 287 κατά
241 261 292 296 τὴν
304 261 358 288 τῶν
369 260 513 296 νοημάτων
523 261 665 296 διέστηκεν
673 261 716 288 ἐτε
721 261 822 296 ρότητα
832 282 840 288 .

66 306 113 331 Καὶ
133 306 200 340 πρὸς
213 305 320 338 τούτοις
342 306 360 333 ἃ
381 307 442 338 ταῖς
463 306 557 338 ἄλλαις
581 306 764 332 ἐπιδέδεικται
787 306 841 332 τῶν

66 350 162 376 ἀτόπων
175 350 370 386 συνεπομένων
378 350 544 377 ὲπιλύσεσιν.
560 350 619 376 Ἔτι
639 349 667 376 δὲ
679 349 719 376 ὅτι
732 350 771 384 μὴ
786 346 841 375 οἷον

65 394 95 430 ἦν
116 395 167 422 τῶν
198 395 328 431 μαθητῶν
350 396 399 431 τὴν
423 395 470 422 τοῦ
494 395 657 422 διδασκάλου
680 394 842 430 νομοθεσίαν

67 441 290 476 καινοτομούντων
310 442 442 478 ἑτέρωθεν
463 441 679 477 ἀνακτήσασθαι,
698 440 767 467 ἀλλὰ
794 441 842 466 καὶ

66 487 125 522 αὑτὴ
141 488 220 522 μέχρι
240 488 288 514 νῦν
305 488 416 523 ἐκράτει
437 488 486 523 τῆς
500 487 610 522 ἐντολῆς
632 487 771 522 ἀθέτησις,
792 487 842 513 οὐκ

67 533 169 567 ἐχούσης
182 533 300 568 πάροδον
313 534 363 568 τῆς
377 533 425 560 νῦν
447 532 626 569 θειαξομένης
639 534 673 568 τῇ
691 533 841 568 Ἐκκλησίᾳ

68 577 249 609 καταστάσεως
262 585 271 595 '
284 578 330 604 καὶ
346 579 387 605 ὃτι
415 579 554 614 μάρτυρες
569 580 618 614 τῆς
633 579 762 614 τοιαύτης
778 579 839 605 tm-

67 621 157 652 λύσεως
170 621 224 649 τῶν
235 622 367 657 μαθητῶν
383 623 407 649 oi
424 625 568 658 κορυφαῖοι
582 623 771 658 καθεστήκασι
788 623 842 649 Πέ-

67 675 120 701 τρος
150 667 195 693 καὶ
219 668 347 699 Παῦλος·
366 668 414 695 καὶ
437 669 468 695 τὺ
495 668 608 704 φρικτὸν
639 668 687 695 καὶ
713 668 840 704 φοϐερὸν,

66 712 100 738 ὅτι
116 712 236 748 συνοδικὴ
257 713 313 739 τῶν
338 713 505 745 ἀποστόλων,
523 714 569 740 καὶ
586 714 764 748 ἀδυσώπητος
793 722 841 740 κα-

66 757 217 792 ταλαμϐάνει
241 758 334 793 ψῆφος
362 759 427 791 τοὺς
449 759 510 785 καθ’
528 759 621 794 ἕτερόν
650 768 711 786 τινα
740 759 842 795 τρόπον

66 803 190 838 βάπτισμα
218 805 297 840 παρὰ
332 805 377 833 τὸν
407 805 454 832 τοῦ
483 805 622 832 Δεσπότου
656 806 737 840 νόμον
781 807 842 834 τολ⁶

67 849 160 884 μῶντας
190 851 346 884 ιἐπιτελεϊν1
372 852 420 878 καὶ
452 851 671 887 ἀντινομοθετεῖν
699 854 731 888 τῇ
767 853 840 880 ἐκεί·

66 904 103 922 νου
129 897 270 932 κυριότητι
284 906 291 913 ·
320 897 364 924 διὰ
388 898 467 924 τοῦτο
488 883 575 933 καίὴ
602 898 654 925 ἀνὰ
676 883 766 926 πᾶσαν
792 883 879 934 τὴνΒ

65 941 126 968 οἰκον
131 941 211 977 μένην
218 942 370 976 Ἐκκλησία
381 943 452 969 κατὰ
459 942 584 979 διαδοχὴν
594 943 649 970 τῶν
656 943 846 972 ἁποστολικῶν

68 987 180 1021 πράξεών
193 997 222 1015 τε
236 989 286 1015 καὶ
299 989 487 1024 κηρυγμάτων
505 990 546 1020 είς
559 989 647 1024 ὄνομα
662 990 771 1025 Πατρδς
796 991 843 1017 καὶ

66 1032 121 1059 Tim]
135 1033 178 1060 καὶ
192 1034 272 1069 ἁγίου
289 1034 446 1070 Πνεύματος
460 1035 639 1070 βαπτίζουσα,
652 1035 721 1070 μετὰ
730 1035 760 1062 τὺ
775 1036 843 1062 καθ-

65 1079 166 1113 αρθῆναι
180 1081 244 1111 τοὺς
260 1080 484 1116 βαπτισαμὲνους
496 1082 529 1116 τῇ
551 1081 741 1116 ἀναγεννήσει,
758 1082 842 1115 εὐμε-

64 1124 128 1151 λεῖτε
135 1125 178 1152 καὶ
183 1125 336 1161 διαπρυσίῳ
343 1126 437 1153 εῐωθεν
443 1126 607 1161 ὑποψάλλειν
616 1128 648 1162 τῇ
659 1128 743 1162 φωνῇ,
750 1137 759 1153 ‹
766 1127 843 1154 Ὅσοι

65 1170 96 1201 είς
107 1171 214 1206 Χριστὸν
230 1171 426 1207 ἐϐαπτίσθητε,
441 1172 560 1207 Χριστὸν
583 1171 743 1199 ἐνεδύσασθε
758 1172 839 1208 (48)·ι

65 1216 127 1242 οὐδὲν
140 1214 217 1251 ἦττον
240 1217 480 1252 ἀνακηρύττουσα,
495 1218 536 1244 ὃτι
560 1217 688 1255 καθάπερ
713 1217 761 1244 νῦν
778 1219 843 1250 τοὺς

66 1261 204 1297 είςῐίατέρα
217 1263 265 1290 καὶ
280 1263 346 1289 Υίὸν
361 1263 408 1290 καὶ
420 1263 533 1298 Πνεῦμα
542 1262 620 1298 ἅγιον
632 1263 841 1298 βαπτισθέντας,

66 1308 97 1338 είς
109 1307 217 1343 Χριστὸν
230 1308 350 1343 λέγομεν
377 1308 556 1344 βαπτισθῆναι
572 1309 620 1336 καὶ
631 1309 752 1344 Χριστὸν
765 1309 842 1336 ἐνδύ-

67 1352 158 1378 σασθαι·
181 1351 252 1379 οὕτω
270 1353 393 1380 καὶτῶν
418 1353 576 1381 ἀποστόλων
599 1355 613 1381 ὸ
631 1354 711 1389 χορὸς
739 1354 770 1381 τὸ
793 1353 843 1388 τῆς

65 1396 252 1432 ἀνα-γεννήσεως
269 1397 384 1434 λουτρὸν
398 1399 614 1433 ἱερουργοῦντες,
623 1400 656 1434 τῇ
674 1398 721 1425 τοῦ
735 1398 843 1434 Πατρὺς

67 1443 103 1468 καὶ
116 1442 158 1469 τοῦ
181 1443 246 1470 Υίοῦ
267 1444 318 1471 καὶ
337 1443 384 1470 τοῦ
405 1444 483 1479 ἁγίου
508 1444 669 1479 Πνεύματος
689 1444 841 1479 ἐπικλήσει,

68 1487 190 1522 βαπτίζειν
203 1489 331 1524 ἐλέγοντο
354 1490 394 1522 είς
411 1490 541 1525 Χριστὸν,
561 1489 609 1517 καὶ
625 1490 655 1516 ὲν
671 1489 710 1525 τῷ
729 1489 842 1526 ὀνόματι

72 1531 145 1567 Ἰησοῦ
159 1533 289 1569 Χριστοῦ,
306 1535 353 1560 καὶ
367 1534 401 1561 τὰ
416 1534 595 1570 παραπλήσια
610 1534 678 1569 (49).

319 1590 486 1617 ΕΡΩΤΗΣΙΣ
502 1590 556 1617 ΜΔ¹

70 1635 94 1661 π
102 1635 183 1672 δηλοῖ
194 1636 227 1663 τὸ
239 1636 423 1671 εἰρημένονμ
436 1638 485 1664 Ἐν
496 1637 587 1664 παντὶ
598 1637 689 1672 καιρῷ
700 1638 841 1666 ἔστωσαν

95 1671 129 1707 re
138 1672 232 1705 ἱμάτιά
244 1680 305 1699 σου
315 1672 421 1705 λευκὰ,
431 1673 479 1699 καί
496 1673 601 1699 ἔλαιον
615 1673 665 1700 ἐπὶ
680 1673 736 1707 τῆς
749 1682 841 1707 κεφα-

95 1705 146 1743 ⁸ζῆς
167 1715 228 1743 σουγ
240 1707 287 1741 μὴ
312 1707 518 1743 ιζστερησᾴτω,
549 1707 598 1735 καί
619 1708 673 1735 τοῦ
695 1705 794 1743 άὸφοῦ
815 1710 843 1736 al

97 1741 231 1777 ὀφθαλμοί
248 1742 286 1769 ἐν
297 1741 336 1776 τῇ
348 1742 467 1777 κεφαλῇ
482 1743 588 1771 αὑτοῦ.

854 1562 877 1592 C

530 159 579 188 AD
597 159 891 190 AMPHILOCHIUM
912 160 1085 195 QUIESTIO
1100 163 1200 193 XLIV.

1633 159 1684 190 334

891 221 918 243 et
934 217 1122 252 conﬂguratas,
1136 218 1302 245 tantumdem
1315 217 1557 246 inter-sedill‘eruut
1570 222 1682 243 senten-

892 262 993 289 tiarum
1027 264 1194 291 diversitate.
1234 263 1280 291 llis
1320 263 1389 290 adde
1425 261 1683 293 demonstrationes,

893 314 954 341 qua:
972 315 1004 334 ex
1027 309 1254 343 consequentium
1285 308 1466 336 absurdorum
1502 306 1686 335 solutionibus

893 356 1013 379 manant.
1029 352 1175 386 Praeterea,
1199 353 1271 388 quod
1294 353 1317 379 si
1336 353 1462 386 discipuli
1492 352 1543 386 legi
1561 350 1684 386 magistri

892 395 1040 424 novitatem
1057 404 1136 424 suam
1157 398 1376 433 supposuissent,
1396 398 1438 424 lex
1463 401 1556 431 postea
1578 396 1623 422 illa
1647 395 1686 422 in-

893 443 1010 469 staurari
1023 443 1133 471 aliunde
1149 451 1202 471 non
1228 443 1373 478 potuisset,
1396 450 1491 469 verum
1522 442 1576 469 huc
1598 448 1685 475 usque

892 487 1032 523 abrogatio
1046 488 1106 523 ejus
1129 490 1283 522 mansisset,
1306 496 1394 523 neque
1412 488 1610 523 postliminium
1636 495 1684 513 ex-

893 532 1006 561 stitisset
1028 534 1235 562 consuetudinis
1250 534 1320 569 ejus,
1339 540 1401 569 quae
1422 541 1495 560 nunc
1509 532 1538 560 in
1563 531 1685 559 Ecclesia

892 577 1023 607 divinitus
1035 580 1117 615 viget.
1133 579 1246 615 Insuper
1257 580 1328 615 quod
1340 580 1422 614 hujus
1431 578 1575 606 solutionis
1589 578 1687 605 sull‘ra—

892 628 1002 658 gatores
1037 629 1102 652 sunt
1128 625 1326 660 discipulorum
1358 625 1495 660 principes
1528 624 1626 650 Petrus
1660 629 1687 649 et

893 668 992 697 Paulus
1008 679 1015 696 :
1035 670 1164 705 quodque
1183 670 1262 705 longe
1289 670 1484 706 gravissimum
1497 669 1686 696 tremendum-

892 722 945 750 que
964 720 1016 748 est,
1032 715 1162 751 synodica
1179 716 1368 751 apostolorum
1384 720 1410 743 et
1428 715 1605 743 inexorabilis
1623 722 1685 741 scn-

894 761 976 788 tentia
992 761 1108 795 percutit
1130 769 1178 789 eos
1201 762 1248 797 qui
1264 761 1318 789 alio
1338 762 1435 796 quovis
1459 761 1552 792 modo,
1573 766 1687 796 praeter-

892 813 973 841 quam
994 813 1009 833 a
1031 806 1146 834 Domino
1170 808 1329 834 mandatum
1357 807 1419 840 fuit,
1442 806 1578 841 baptisma
1602 807 1686 832 conli-

893 851 978 884 ciunt,
996 856 1023 879 et
1037 856 1132 879 contra
1155 853 1215 887 ejus
1231 861 1387 888 supremam
1409 857 1570 886 potestatem
1593 852 1686 879 decer-

893 901 971 924 nunt.
979 897 1069 931 Quare
1085 903 1141 926 toto
1155 900 1221 926 orbe
1236 904 1369 926 terrarum
1388 903 1536 934 propagata
1552 898 1685 929 Ecclesia.

893 951 954 978 qua:
971 944 1120 970 secundum
1139 946 1256 972 Actuum
1279 945 1533 980 prmconiorumque
1556 944 1686 979 apostoli-

893 995 994 1015 eorum
1007 989 1178 1017 traditionem
1206 990 1325 1025 baptizat
1356 991 1382 1017 in
1412 991 1523 1017 nomine
1550 990 1639 1017 Patris
1659 995 1686 1016 et

893 1033 955 1060 Filii
972 1037 999 1060 ct
1016 1033 1134 1068 Spiritus
1149 1035 1248 1066 sancti,
1271 1039 1417 1069 postquam
1444 1035 1593 1068 baptizatos
1609 1041 1686 1068 rege—

894 1079 1035 1106 neratione
1060 1080 1194 1114 purgavit,
1222 1080 1360 1107 modulata
1380 1080 1508 1115 claraque
1530 1087 1596 1106 voce
1617 1080 1686 1106 solet

894 1132 1012 1151 canere:
1029 1134 1038 1150 ι
1058 1125 1199 1160 Quotquot
1213 1126 1239 1152 in
1254 1125 1364 1153 Christo
1375 1126 1503 1160 baptizati
1515 1125 1592 1157 estis,
1607 1125 1686 1152 Chri—

893 1173 965 1196 stum
987 1169 1125 1197 induistis.
1143 1180 1152 1196 ι
1165 1170 1253 1206 Atque
1275 1171 1312 1197 ita
1337 1171 1484 1205 pradicare
1499 1178 1551 1197 non
1566 1170 1683 1200 dubitat,

892 1213 973 1241 sicuti
986 1221 1060 1241 nunc
1075 1215 1101 1241 in
1113 1215 1192 1242 Patre
1201 1219 1228 1242 et
1242 1214 1312 1242 Filio
1325 1220 1352 1242 et
1363 1215 1466 1250 Spiritu
1482 1221 1579 1242 sancto
1596 1215 1684 1249 bapti-

893 1263 969 1286 zatos
986 1260 1141 1295 suscepisse
1168 1260 1334 1296 baptismum
1359 1262 1477 1289 dicimus
1502 1266 1529 1288 et
1546 1260 1684 1288 Christum

893 1305 1037 1339 induisse;
1061 1306 1099 1333 ita
1123 1311 1225 1334 emtum
1245 1308 1434 1342 apostolorum
1470 1306 1685 1341 regenerationis

892 1351 1031 1380 lavacrum
1048 1352 1284 1380 administrantem
1299 1361 1360 1380 cum
1372 1353 1461 1380 Patris
1469 1359 1496 1380 et
1508 1353 1567 1379 Filii
1582 1358 1608 1379 et
1622 1352 1686 1387 Spi-

893 1397 963 1424 ritus
980 1398 1069 1425 sancti
1091 1397 1274 1432 invocatione,
1291 1399 1394 1426 dictum
1408 1398 1473 1426 olim
1499 1398 1585 1426 fuisse
1602 1398 1687 1432 bapti-

894 1451 958 1471 zare
973 1444 999 1471 in
1015 1444 1138 1476 Christo.
1150 1445 1214 1472 etin
1229 1445 1340 1472 nomine
1352 1444 1415 1473 Jcsu
1431 1444 1544 1477 Christi,
1561 1448 1589 1472 et
1608 1444 1685 1472 simi-

895 1488 968 1517 libus
984 1489 1122 1518 formulis.

1059 1588 1225 1622 QUESTIO
1243 1589 1324 1617 xuv
1345 1590 1394 1626 [aL
1414 1589 1518 1626 xuu].

894 1633 967 1667 Quid
979 1634 1112 1671 signiﬁcat
1123 1635 1192 1662 illud
1213 1635 1284 1671 quod
1300 1636 1400 1663 dictum
1418 1640 1476 1663 est:
1497 1645 1506 1661 ι
1528 1635 1606 1663 Omni
1623 1639 1688 1662 tam-

929 1677 992 1704 pore
1005 1670 1059 1697 sint
1078 1670 1237 1698 vestimenta
1251 1676 1298 1698 tua
1316 1671 1388 1702 alba,
1409 1676 1434 1698 et
1450 1671 1537 1698 oleum
1554 1671 1582 1697 in
1600 1671 1687 1705 capit:

932 1709 976 1731 tuo
992 1713 1023 1732 ne
1034 1705 1150 1740 deﬁciat,
1166 1710 1190 1733 et
1205 1706 1331 1740 sapientis
1345 1706 1414 1734 oculi
1427 1707 1454 1733 in
1483 1706 1568 1740 capite
1584 1706 1653 1740 ejus.
1673 1714 1683 1732 ι

373 1787 444 1811 Edita
458 1794 472 1812 a
482 1786 555 1817 Maio,
567 1788 629 1813 Nov.
648 1787 719 1819 COIL,
737 1791 754 1814 t.
767 1789 808 1820 IX,
819 1797 842 1822 p.
854 1790 920 1818 27-5.
936 1793 1082 1824 Explanatio
1095 1793 1120 1818 iu
1131 1793 1225 1819 Eccles.
1237 1795 1296 1826 Ix,8
1307 1795 1343 1826 ll,
1358 1795 1395 1820 Η.

98 1827 129 1854 To
137 1827 317 1863 λευχειμονεῖν
332 1825 372 1860 οἷς
385 1829 401 1864 ὴ
416 1829 488 1856 κατὰ
499 1829 533 1856 τὰ
546 1829 650 1856 παλαιὰ
664 1829 768 1865 νόμιμα
792 1840 840 1858 πο-

71 1873 140 1901 λιτεία
150 1875 379 1909 περισπούδαστον
390 1875 558 1911 εὐφροσύνης
574 1876 648 1911 ἱερᾶς
659 1877 705 1904 καὶ
714 1878 842 1914 ἀγιοπρε-

71 1919 125 1951 ποῦς
138 1921 325 1951 καταστάσεως
337 1921 565 1955 παρελαμϐάνετο
579 1922 726 1957 σύμϐολον,
743 1924 792 1950 καὶ
809 1924 841 1959 δὴ

72 1965 108 1990 καὶ
124 1965 151 1992 τὸ
176 1966 224 2001 τὴν
251 1967 375 2001 κεφαλὴν
400 1966 481 2002 ἐλαίῳ
505 1967 664 2002 ἀλείφεσθαι
686 1969 736 2003 τῆς
760 1969 843 2005 αὐτῆς

71 2011 196 2046 τεκμήριον
205 2011 346 2038 ἐποιοῦντο
353 2012 508 2043 διαθέσεως.
519 2013 564 2039 Διὸ
573 2013 620 2040 καὶ
627 2015 640 2040 ὁ
649 2014 750 2050 Κύριος
761 2015 840 2050 ἡμῶν

71 2055 110 2088 τῆς
124 2057 171 2082 τῶν
183 2058 338 2092 Φαρισαίων
352 2058 467 2092 ἀπάγων
482 2059 558 2094 ἡμᾶς
579 2060 723 2094 μιμήσεως
740 2060 817 2094 ἔλεγε

74 2100 123 2126 ιΣὺ
135 2101 159 2128 δὲ
176 2103 313 2137 νηστεύων
326 2102 434 2137 ἄλειψαί
452 2111 498 2129 σου
515 2103 563 2138 τὴν
582 2104 705 2140 κεφαλὴν
723 2105 814 2140 ἐλαίῳ·
830 2115 839 2131 ι

71 2142 124 2178 οἷον,
140 2147 224 2182 Μηδὲν
240 2148 413 2183 σκυθρωπὸν,
429 2148 497 2184 μηδὲ
526 2150 647 2185 κατηφὲς
666 2150 705 2185 τῷ
721 2151 771 2185 τῆς
793 2161 841 2186 νη-

929 1834 1012 1862 Veste
1026 1835 1087 1863 alba
1109 1836 1195 1869 indui,
1225 1836 1259 1863 iis
1285 1837 1384 1872 quibus
1414 1837 1474 1863 vita:
1515 1836 1593 1871 juxta
1634 1844 1686 1863 au—

895 1879 986 1915 tiquos
1001 1881 1069 1908 ritus
1082 1881 1238 1909 institutum
1252 1883 1342 1910 studio
1355 1882 1505 1916 appetitum
1520 1887 1686 1914 erat,sacr:e

894 1927 997 1954 laetitia:
1009 1931 1036 1954 et
1052 1927 1140 1955 sancti
1153 1933 1240 1955 status
1254 1927 1408 1963 symbolum
1432 1927 1641 1959 assuinebatur;
1659 1931 1687 1954 et.

896 1980 962 2000 sane
981 1972 1072 2000 adhuc
1099 1977 1181 2008 caput
1206 1972 1270 2008 ungi
1293 1973 1353 2000 oleo
1372 1973 1423 2000 sibi
1439 1972 1576 2000 faciebant
1604 1972 1687 2006 hujus

896 2013 1085 2052 dispositionis
1106 2019 1292 2046 testimonium
1306 2027 1313 2052 ;
1330 2023 1498 2054 quapropter
1513 2022 1539 2046 et
1555 2018 1687 2045 Dominus

895 2069 988 2092 noster
1006 2071 1057 2092 nos
1071 2072 1086 2091 a
1103 2064 1303 2092 Pharisaeorum
1325 2069 1450 2091 avertens
1475 2063 1628 2091 imitatione
1646 2063 1687 2091 di-

895 2110 991 2137 cebat:
1005 2104 1022 2136 ’‹
1040 2110 1080 2137 Tu
1097 2115 1189 2138 autem
1205 2118 1267 2137 cum
1281 2110 1402 2145 jejunas,
1419 2118 1490 2144 unge
1509 2114 1592 2144 caput
1608 2114 1685 2136 tuum

894 2155 971 2188 oleo;
1004 2156 1106 2190 iquasi
1127 2155 1263 2183 dixisset:
1288 2155 1361 2182 Nihil
1387 2155 1474 2187 triste,
1502 2155 1570 2182 nihil
1594 2155 1685 2182 moesti

73 2192 148 2224 mia;
171 2194 362 2230 κατορθώματι
390 2194 594 2231 συνδιαπλέξῃς.
629 2195 705 2222 Ἐπεὶ
728 2195 775 2223 οὖν
803 2197 838 2224 τὰ

930 2200 985 2227 unii
1000 2200 1072 2228 bono
1083 2200 1250 2229 immisceas.
1263 2199 1403 2234 Quoniam
1426 2200 1510 2236 igitur
1524 2201 1586 2228 allia
1599 2205 1683 2228 vesti-

810 2254 927 2283 NOTAE.

73 2294 220 2356 sugg-Vide
231 2298 388 2327 Graecorum
399 2298 614 2335 Euchologium,
625 2308 684 2335 cap.
703 2301 737 2329 de
751 2300 841 2336 bapti-

107 2337 152 2357 ate.

99 2364 147 2405 (μθ)
161 2365 254 2405 Photio
264 2372 294 2405 ut
306 2368 438 2396 scriberet
449 2368 611 2397 luculentam
626 2369 696 2397 hanc
710 2370 743 2397 de
753 2370 842 2405 bapti-

74 2402 114 2426 smi
131 2402 491 2440 formuladissertationem,
509 2405 554 2431 vix
573 2405 668 2440 dubito
692 2405 758 2440 quin
775 2402 841 2432 cau—

74 2440 120 2461 sam
143 2436 265 2465 obtulerit
291 2440 489 2475 controversia
498 2447 551 2475 per
570 2439 595 2466 id
620 2436 728 2475 tempus
750 2440 840 2467 denuo

74 2474 201 2509 commota,
217 2481 299 2509 quam
323 2481 338 2501 e
353 2474 454 2501 celebri
475 2473 505 2501 Si
522 2474 625 2501 Nicolai
653 2473 685 2501 l.‘
705 2475 783 2509 Papae
796 2483 840 2502 rc—

75 2510 160 2544 sponso
171 2507 207 2544 ad_
217 2507 347 2544 Bulgaros
360 2509 427 2537 satis
442 2510 642 2544 cognoscimus,
659 2510 692 2537 de
704 2507 840 2544 baptismo

76 2541 184 2578 nimirum
202 2541 228 2569 in
243 2541 273 2578 δέ
291 2543 435 2571 Trinitatis
446 2541 489 2571 vel
504 2544 529 2570 in
545 2544 648 2571 Christi
667 2541 777 2572 nomine
791 2546 840 2573 ad-

77 2575 219 2616 uiiuistrato.
233 2577 314 2616 Quod
325 2583 415 2605 autem
427 2578 539 2616 Ehotius
559 2586 646 2614 neque
664 2580 717 2607 hoc
729 2581 839 2616 scripto

77 2614 149 2648 neque
163 2611 205 2638 illa
220 2613 332 2646 epistola
347 2614 495 2648 encyclica,
508 2621 567 2648 qua!
578 2611 620 2641 est
633 2615 752 2648 secunda
770 2611 843 2642 inter

77 2642 156 2677 editas,
164 2642 385 2675 contumeliarum
395 2642 422 2676 et
430 2642 650 2676 eriminationum
663 2649 689 2676 in
702 2642 842 2677 Romanos

77 2675 234 2719 ﬁtilgarorum
260 2683 383 2719 doctores
401 2684 491 2717 plena,
516 2683 664 2718 quidquam
684 2675 840 2719 hujusmodi

77 2709 170 2753 ilicolao
185 2717 280 2744 viventi
299 2709 440 2753 objecerrlt,
456 2709 490 2744 id.
503 2709 841 2753 rursus

78 2746 211 2787 humaniter
225 2757 252 2778 et
268 2746 359 2787 iuiqlie
374 2746 464 2780 facere
475 2761 524 2780 eos
541 2754 587 2787 qui
601 2746 714 2781 Nicolao
728 2746 839 2781 maledi-

78 2786 139 2824 φης,
152 2786 192 2812 cui
203 2786 243 2813 vel
260 2786 451 2824 acerbissimos
475 2786 563 2815 hostis
577 2789 604 2815 in
629 2790 679 2816 hac
692 2793 769 2824 parte
792 2789 840 2816 ob-

79 2820 178 2858 trectare
189 2828 241 2848 non
252 2828 293 2849 est
303 2830 397 2858 ausus.
413 2823 453 2849 Ad
471 2830 527 2850 rem
548 2824 634 2858 ipsam
647 2820 719 2858 quod
732 2824 838 2853 attinet.

80 2857 177 2886 quaestio
193 2863 257 2885 sane
287 2857 416 2886 historica
440 2859 529 2893 potius
556 2857 607 2891 cst,
630 2857 720 2888 utrum
742 2867 839 2894 nempe

894 2302 1010 2339 apostoli
1025 2302 1154 2339 peculiari
1175 2302 1266 2339 aliquo
1282 2303 1343 2339 jure
1358 2302 1567 2339 ab__evangelica
1596 2302 1683 2330 forma

896 2338 1042 2371 aliquando
1057 2338 1235 2365 discesserint
1249 2357 1256 2370 ,
1282 2337 1378 2365 necne.
1393 2337 1460 2364 Nam
1477 2338 1548 2372 quod
1563 2342 1635 2364 certe
1658 2339 1694 2366 in.

896 2373 1022 2406 prmsenti
1034 2373 1095 2400 aliis
1107 2373 1196 2400 verbis
1212 2372 1349 2407 baptizare
1361 2380 1414 2399 non
1433 2372 1522 2405 liceat,
1539 2372 1590 2399 nisi
1604 2380 1686 2399 evan-

896 2407 989 2442 gelicis
1006 2409 1072 2434 etin
1086 2407 1205 2434 Ecclesia
1228 2409 1358 2435 universa
1378 2408 1495 2439 usitatis,
1526 2415 1606 2434 nemo
1627 2407 1683 2441 jam

896 2448 985 2476 negat.
1005 2442 1076 2469 Inter
1094 2443 1193 2470 multos
1209 2443 1387 2473 recentiores,
1409 2443 1456 2477 qui
1468 2442 1693 2470 controversiam

894 2479 1001 2504 curiose
1014 2478 1190 2510 ventilarunt,
1203 2478 1358 2513 theologos,
1371 2478 1526 2505 Harduiuus
1537 2481 1564 2504 et
1579 2477 1686 2504 Calme-

895 2516 939 2539 tus
953 2512 1075 2539 eminent
1099 2518 1179 2547 atque
1203 2511 1314 2540 Ursus:
1324 2513 1356 2540 Et
1377 2513 1432 2539 duo
1451 2513 1560 2547 quidem
1581 2513 1685 2546 priores

893 2553 955 2574 cum
971 2548 1071 2575 inedita
1090 2548 1178 2575 Photii
1193 2548 1327 2575 sententia
1350 2548 1443 2582 (quam
1462 2547 1607 2582 eacteroqui
1630 2556 1685 2575 non

893 2556 955 2574 cum
971 2556 1071 2575 meuna
1090 2556 1178 2575 rnotu
1193 2556 1327 2575 sententia
1350 2556 1358 2582 ι
1381 2556 1443 2574 nam
1462 2556 1607 2582 Ciclel‘oqlll
1630 2556 1685 2575 non

893 2581 1024 2618 legerant)
1037 2583 1104 2610 satis
1114 2584 1340 2617 conspiraveruut
1350 2556 1442 2610 :(brsu
1458 2587 1560 2614 autem,
1572 2583 1686 2617 copioso

897 2616 959 2644 licet
971 2622 997 2644 et
1013 2616 1104 2648 docto.
1128 2616 1229 2652 quiab
1250 2618 1292 2644 his
1312 2618 1434 2650 dissidet,
1458 2622 1485 2644 et
1509 2621 1573 2644 tunc
1592 2616 1691 2647 statim.

896 2653 1093 2688 proropinione
1109 2660 1157 2679 sua
1178 2657 1274 2679 contra
1292 2653 1446 2688 theologum
1459 2653 1604 2687 quemdam
1620 2652 1685 2680 Sor—

897 2687 1024 2714 bonicum
1035 2688 1228 2715 decertandum
1244 2688 1303 2720 fuit,
1319 2693 1346 2715 et
1361 2687 1432 2714 nunc
1448 2689 1556 2722 gravior
1570 2688 1684 2715 Photius

898 2727 959 2756 post
989 2722 1044 2749 fata
1078 2723 1251 2750 adversarius
1276 2723 1407 2750 exoritur.
1442 2723 1537 2750 Photio
1565 2723 1691 2756 denique-

897 2762 1047 2793 consouaut
1071 2757 1210 2793 Didymus,
1236 2758 1267 2784 de
1291 2758 1386 2793 Spirit.
1412 2763 1514 2790 sancto,
1546 2766 1605 2793 cap.
1637 2757 1683 2790 24,

897 2797 924 2820 ct
944 2791 1164 2828 Theophylacius
1185 2793 1235 2820 sub
1256 2791 1335 2820 linem
1362 2793 1550 2821 commentarii
1571 2791 1604 2821 ad
1630 2793 1686 2820 ιιι-

896 2836 968 2855 cam.
