1878 3057
162 134 215 168 335

157 195 250 218 menta
263 196 290 218 et
307 191 398 218 oleum
418 191 452 219 iis
476 191 521 225 qui
539 193 565 219 in
587 193 645 228 lege
669 193 796 222 vivebant
816 195 950 223 or-nabant
964 199 987 225 Α

158 244 270 271 corpus,
291 236 482 271 significabant
497 243 588 265 autem
618 239 702 266 vitam
726 240 752 266 i-n
766 240 859 267 lmtitia
884 248 950 267 con-

158 283 281 310 stitutam
295 291 301 309 :
318 283 355 311 ita
372 291 420 318 per
435 289 537 312 aeterna
549 285 674 319 exempla
691 285 808 313 Verbum
823 294 873 314 nos
885 287 951 313 hor-

158 333 233 356 tatur
245 332 273 355 ut
285 329 409 356 eamdem
420 334 539 356 mentem
556 330 669 358 nitidam
680 335 838 358 etornatam
851 332 951 359 habea-

159 381 228 403 mus.
247 373 348 402 Nitebil
364 374 454 402 autem
470 379 496 402 et
509 375 662 408 ornabitur,
677 376 699 403 si
715 377 792 405 SH)le
808 377 867 412 ejus
883 377 951 405 alba:

157 419 223 447 sint.
238 420 314 448 Albae
337 429 420 456 porro
437 426 529 454 erunt,
550 423 663 457 quando
677 424 796 458 puritate
815 428 842 452 et
859 425 951 458 splen-

157 466 224 493 dere
249 466 383 494 virtutum
398 467 500 502 absque
524 468 579 495 ulla
602 476 648 496 eas
668 469 830 504 inquinante
846 471 949 497 malitia

157 512 340 546 splendebunt
350 518 377 540 et
394 514 567 542 translucida
580 520 679 548 erunt;
696 523 814 550 quorum
828 518 951 544 exterior

158 565 211 584 non
227 562 269 585 est
280 566 341 593 erga
356 559 439 587 Drum
455 560 552 596 pietas.
572 561 608 588 Ea
623 565 666 589 est
675 562 748 589 enim
760 569 821 596 quae
837 562 951 590 virtutes

157 605 285 640 producit
302 610 329 635 et
345 608 461 635 scaturit
484 613 511 635 et
526 608 553 635 in
574 608 627 635 illis
647 609 764 636 chorum
795 616 949 637 censonum

157 653 364 682 ctconcinnnm
391 655 522 688 ostendit,
558 660 585 682 et
612 660 717 684 vestem
741 655 899 690 nuptialem,
923 660 952 683 et

158 699 262 726 caelesti
276 707 355 729 caena
369 700 478 736 dignam
499 701 564 728 texit
579 706 607 729 et
616 710 648 729 ea
660 702 779 730 animam
797 702 951 730 circumdat

157 747 185 770 et
211 743 309 772 salutis
335 751 378 772 est
393 746 587 779 conciliatrix;
608 747 709 781 quibus
723 752 749 774 ct
778 747 831 775 olei
856 747 951 775 unctio

157 788 294 824 imprimis
319 791 443 826 injicitur
462 797 489 820 et
512 793 668 826 adaptatur.
703 793 736 820 Et
761 793 875 820 verbum
888 794 926 820 ait
941 802 950 820 :

161 844 170 860 ι
189 835 285 863 Oleum
300 837 328 864 in
343 838 431 872 capite
447 843 494 866 tuo
502 846 537 866 ne
545 840 666 871 deﬁciat,
683 849 694 866 ›
708 840 910 875 eleemosynam
922 839 948 866 in

157 883 300 916 praximos
308 883 386 911 olivae
406 884 539 919 liquorem
555 886 746 918 subscribens,
759 893 816 920 quo
832 890 862 912 ut
877 893 949 912 nun-
965 878 987 907 Β

158 935 239 963 quam
253 934 332 962 egeat
347 935 430 965 caput
442 936 568 959 nostrum
584 932 720 960 hortatur.
749 931 808 958 Non
837 931 909 958 enim
925 930 948 958 si

157 973 220 1008 quis
236 974 384 1009 aliquando
398 976 528 1004 misertus
544 981 598 1009 est,
617 977 837 1004 misericordiam
861 976 950 1003 adim—

157 1019 256 1053 plevit;
278 1020 325 1048 sed
340 1021 363 1048 si
385 1022 487 1056 saepius
504 1027 627 1057 egentem
645 1022 818 1056 contempsit,
841 1027 950 1048 antece-

157 1061 254 1092 dentes
265 1065 324 1093 dies
336 1066 454 1094 reddidit
467 1075 525 1094 sua:
536 1067 617 1094 bonae
627 1067 745 1094 actionis
760 1070 949 1096 accusatores,

157 1109 303 1140 virtutiset
312 1112 492 1148 eleeulosynae
498 1118 713 1148 contemptorem
722 1120 775 1139 non
786 1112 952 1139 erubescens

159 1158 249 1193 ipsum
259 1160 401 1194 convinci;
417 1165 445 1188 et
459 1161 533 1196 quod
546 1161 621 1194 fecit,
638 1169 692 1189 non
705 1161 825 1192 virtutis,
842 1159 890 1188 sed
901 1167 950 1186 cu-

157 1204 267 1239 jusdam
281 1207 403 1234 ostendit
419 1215 480 1235 esse
492 1208 719 1236 circumstantiae.

159 1251 217 1278 ἀλλ’
228 1252 256 1279 εἴ
266 1261 307 1285 τις
324 1254 454 1286 πολλάκις
464 1255 510 1281 τὸν
519 1255 645 1289 δεόμενον
655 1253 791 1289 ὑπερεῖδε,
807 1252 838 1279 τὸ
853 1250 987 1285 προλαὸὺν

738 139 872 170 ΡΗΟΤΙΙ
890 140 1028 171 PATRIA
1033 140 1145 171 RCH/E
1160 141 1214 171 ΟΡ.

1000 196 1085 223 λευκὰ
1101 196 1197 230 ἱμάτια
1209 196 1265 226 τοῖς
1280 195 1309 222 ἐν
1321 194 1358 230 τῷ
1378 194 1452 229 νόμῳ
1467 194 1514 221 καὶ
1529 194 1559 221 τὸ
1573 194 1661 221 Ξλαιον
1679 194 1798 230 ἐκόσμει

1003 241 1051 276 μὲν
1063 241 1094 267 τὸ
1109 240 1200 276 σῶμα,
1218 240 1312 276 ἐδήλου
1338 240 1366 267 δὲ
1378 240 1427 274 τὴν
1441 240 1470 266 ἐν
1483 241 1515 275 τῇ
1537 239 1692 275 εὐφροσύνῃ
1706 240 1796 267 κατά-

1002 294 1096 312 στασιν
1112 286 1161 321 τῆς
1175 286 1259 320 ζωῆς,
1274 285 1358 317 οὕτως
1376 285 1429 312 ἀπὸ
1438 285 1493 311 τῶν
1508 285 1586 316 ἐκτὸς
1598 285 1797 320 παραδειγμά-

1000 341 1054 357 των
1068 333 1082 358 ὁ
1096 332 1181 364 Λόγος
1194 331 1278 366 αὐτὴν
1293 331 1510 367 παρακελεύεται
1529 330 1646 366 φαιδρὰν
1660 331 1736 366 ἔχειν
1752 332 1800 357 καὶ

1003 376 1207 413 ἐξωραῐσμὲνην
1235 377 1285 412 τὴν
1314 376 1413 411 ψυχήν.
1443 375 1623 411 Φαιδρύνοιτο
1645 375 1668 402 δ’
1693 376 1728 402 ἂν
1751 376 1800 401 καὶ

1001 422 1146 458 ὡραῖζοιτο
1156 422 1264 449 καὶτῶν
1280 423 1382 456 ταύτης
1393 421 1575 456 περιόολαίων
1587 421 1694 448 λευκῶν
1707 421 1800 456 ὑπαρ-

1001 470 1112 504 χόντων.
1137 469 1229 496 Λευκὰ
1243 469 1265 495 δ’
1280 468 1312 495 ἂν
1325 468 1461 502 γεγνοιντο
1480 467 1592 494 ἐπειδὰν
1605 468 1654 503 τὴν
1677 467 1799 503 καθαρά

1000 525 1071 549 τητα
1086 515 1134 542 καὶ
1150 515 1331 550 λαμπρότητα
1349 514 1403 541 τῶν
1419 513 1525 549 ἀρετῶν
1536 514 1601 541 ἄνευ
1613 513 1687 545 τινὸς
1698 514 1800 548 ἐπιμε-

1000 561 1143 595 λαινούσης
1155 561 1225 587 αὐτὰ
1240 560 1339 591 κακίας
1358 559 1560 587 ἀποστίλὸοντα
1574 558 1617 595 εἴη
1634 559 1681 586 καὶ
1697 559 1799 593 διαφειο

1001 608 1033 642 νῆ
1046 615 1053 621 ·
1078 603 1116 634 ὢν
1130 607 1180 634 οὐκ
1204 606 1356 641 ἐστιχωρὶς
1377 606 1431 632 οὐδ’
1446 607 1462 641 ἡ
1480 606 1550 641 πρὸς
1564 607 1595 632 τὸ
1613 605 1693 631 Θεῖον
1716 605 1799 631 εὐσέ-

1005 653 1077 679 ϐεια.
1099 651 1172 687 Αὐτὴ
1187 652 1240 688 γάρ
1267 652 1340 678 ἐστιν
1360 652 1376 687 ή
1393 652 1437 679 καὶ
1454 652 1503 683 τὰς
1523 652 1624 686 ἀρετὰς
1640 651 1799 686 προϐαλλο-

1003 698 1070 733 μένη
1095 698 1143 724 καὶ
1171 697 1344 732 πηγάζουσα,
1370 698 1417 724 καὶ
1442 698 1488 724 τὸν
1515 698 1544 724 ὲν
1571 697 1689 728 ἐκεινοις
1715 697 1799 732 χορὸν

1000 743 1159 779 ὲναρμόνιόν
1173 752 1202 770 τε
1222 744 1268 771 καὶ
1285 743 1432 778 σύμφωνον
1455 743 1663 778 ἀποφαίνουσα,
1681 743 1731 770 καὶ
1752 743 1800 769 τὸν

1001 788 1136 824 νυμφικδν
1164 788 1264 824 χιτῶνα
1277 788 1324 814 καὶ
1339 789 1388 823 τῆς
1415 789 1576 824 ἐπουρανίου
1593 788 1731 820 παστάδος
1748 789 1797 815 ἐπ-

1001 834 1078 868 άξιον
1090 834 1272 869 ὲξυφαίνουσά
1284 843 1313 861 τε
1328 835 1375 861 καὶ¹
1386 834 1599 869 περιϐάλλεσθαι
1615 834 1799 869 παρασκευά-

1001 881 1086 913 ζουσα
1101 881 1150 916 τὴν
1164 880 1252 916 ψυχὴν
1268 880 1315 907 καὶ
1329 880 1379 916 τῆς
1399 880 1534 916 σωτηρίας
1549 880 1713 915 ὑπάρχουσα
1730 879 1801 915 πρό-

1004 927 1079 960 ξενος
1093 935 1100 943 ’
1115 924 1154 957 οἷς
1169 927 1216 953 καὶ
1229 925 1277 953 τοῦ
1299 926 1390 952 ελαίου
1407 926 1496 962 χρίσις
1515 926 1633 960 μάλιστά
1646 934 1677 951 τε
1691 933 1801 960 προκα-

1003 972 1167 999 ταϐἀλλεταί
1190 981 1221 998 τε
1246 972 1293 999 καὶ
1318 971 1569 1008 προκαταρτίζεται
1586 979 1594 987 ⁸
1618 971 1666 998 καὶ
1683 972 1698 997 ὁ
1718 970 1801 1005 λόγος

1005 1018 1086 1054 φησι·
1103 1028 1112 1043 ι
1128 1018 1181 1044 Καὶ
1203 1017 1293 1045 ἔλαιον
1304 1019 1351 1045 ἐπὶ
1363 1019 1412 1052 τῆς
1428 1018 1548 1053 κεφαλῆς
1563 1026 1610 1043 σου
1632 1017 1670 1052 μὴ
1682 1017 1800 1051 ὑστερη-

1006 1066 1090 1093 cdt-rw
1103 1075 1112 1092 ι
1122 1066 1172 1102 τὴν
1188 1066 1228 1097 εἰς
1242 1065 1307 1097 τοὺς
1322 1065 1437 1100 πλησίον
1449 1063 1634 1099 ἐλεημοσύνην
1647 1063 1697 1090 καὶ
1708 1063 1739 1088 τὸ
1749 1063 1800 1095 τῆς

1007 1111 1140 1147 γηγενοῦς
1159 1111 1248 1138 ἐλαίου
1266 1111 1374 1143 λιϐάδος
1394 1110 1621 1146 ὑπογραφόμενος
1639 1118 1647 1126 ν
1664 1107 1699 1145 ἧς
1718 1107 1801 1143 μηδέ-

1006 1165 1071 1183 ποτε
1087 1156 1258 1191 ὑστερεῖσθαι
1276 1156 1354 1190 ἡμῶν
1370 1156 1419 1191 τὴν
1432 1155 1554 1190 κεφαλὴν
1567 1152 1799 1190 παρακελεύεται.

1004 1204 1042 1231 Οὐ
1057 1203 1111 1237 γὰρ
1122 1202 1149 1228 εἴ
1163 1210 1205 1233 τις
1223 1202 1290 1228 ποτὲ
1305 1201 1415 1237 ἠλέησε,
1428 1201 1473 1228 τὸν
1489 1201 1563 1227 ἔλεον
1570 1199 1775 1235 κατωρθώσατο
1790 1205 1798 1213 ·

1019 1251 1068 1285 τῆς
1101 1249 1286 1285 ἁγαθουργίας
1320 1248 1475 1283 κατήγορον
1512 1246 1720 1282 ἀπειργάσατο,
1747 1243 1800 1279 τῆς

159 1298 260 1334 ἀρετῆς
273 1300 320 1325 καὶ
339 1301 390 1335 τῆς
404 1301 590 1336 ὲλεημοσύνης
614 1301 773 1336 ὑπερόπτην
793 1299 890 1326 ἑαυτὸν
905 1297 955 1324 οὐκ
971 1296 1040 1331 ἔχων
1053 1296 1133 1331 ὑδριν
1143 1293 1347 1330 διελέγχεσθαι·
1362 1294 1410 1320 καὶ
1429 1293 1460 1320 τὸ
1479 1292 1602 1328 πραχθὲν
1615 1291 1666 1318 οὐκ
1682 1290 1799 1326 ἀρετῆς,

160 1344 229 1371 ἀλλά
243 1354 315 1377 τινος
328 1347 461 1382 διελέγχει
480 1349 678 1383 περιστάσεως.

197 1390 230 1417 Et
242 1391 303 1419 vide
318 1393 400 1428 hujus
427 1394 503 1421 vocis
525 1394 696 1422 altitudinem
726 1397 753 1421 et
777 1392 952 1428 sapientiam.

163 1448 173 1464 ι
191 1436 229 1465 Ne
255 1439 374 1473 deﬁciat,
402 1441 502 1475 inquit,
523 1442 613 1468 oleum
633 1442 659 1468 in
674 1441 763 1476 capite
786 1445 844 1468 tuo.
865 1449 874 1466 ›
897 1438 953 1466 Etsi

163 1483 233 1510 enim
249 1484 349 1518 saepius
378 1486 466 1516 unxit,
487 1490 632 1520 quantum,
649 1486 749 1520 inquit,
763 1484 954 1520 apinguediue

159 1527 254 1559 distat,
275 1531 382 1554 tantmn
404 1529 431 1555 iu
459 1536 508 1556 sua
539 1529 628 1563 priore
655 1529 763 1556 actione
793 1528 894 1556 deficit.
920 1526 954 1555 Et

159 1571 272 1599 aliunde
287 1573 328 1598 vis
343 1571 425 1605 huius
439 1573 513 1600 verbi
531 1573 709 1600 meditatione
729 1572 889 1603 invenitur;
914 1572 951 1598 ita
965 1590 988 1619 c

160 1621 192 1644 ut
204 1616 248 1643 ille
264 1616 310 1651 qui
326 1617 387 1645 oleo
402 1618 489 1645 utitur
504 1625 558 1645 non
574 1622 678 1645 tantam
698 1617 885 1652 indigentibus
906 1616 953 1644 be-

162 1661 334 1689 neﬁcentiam
350 1662 471 1695 adducit,
482 1667 617 1698 quantum
632 1662 685 1689 sibi
699 1662 806 1689 lucrum
827 1661 916 1696 injicit
927 1665 954 1688 ct

160 1706 273 1740 praebet.
293 1706 399 1734 Idcirco
416 1708 443 1734 in
456 1714 625 1742 congeneres
651 1706 869 1734 misericordiam
887 1713 954 1732 con-

160 1755 283 1778 temnere
297 1753 413 1785 propriae
433 1751 609 1786 pinguedinis
627 1756 654 1778 et
671 1751 797 1777 utilitatis
818 1749 953 1784 privatio-

161 1802 223 1821 nem
237 1799 393 1827 nuucupat;
410 1800 436 1822 et
455 1802 508 1822 non
526 1794 687 1829 simpliciter
710 1794 891 1828 privationem
905 1801 953 1820 cu-

159 1839 269 1875 jusdam
290 1841 376 1875 partis
399 1848 494 1868 eorum
521 1848 582 1876 quae
607 1845 670 1868 sunt
699 1840 726 1866 in
750 1847 881 1875 corpore,
907 1839 953 1867 sed

160 1885 291 1920 praecipui
314 1890 341 1912 et
368 1885 551 1921 capacissimi,
574 1893 670 1920 nempe
685 1885 794 1920 capitis.
812 1884 864 1912 Sed
880 1884 953 1911 enim

161 1931 235 1966 quod
245 1931 348 1959 dictqu
360 1935 412 1964 est,
426 1931 543 1966 idipsum
554 1937 596 1959 est
605 1931 639 1959 iis
650 1939 746 1959 carere
756 1930 857 1966 quibus
870 1933 954 1964 caput

163 1968 285 2011 ungitur.
302 1977 377 2004 Multi
389 1978 462 2005 enim
475 1985 564 2012 neque
579 1977 631 2005 olei
641 1977 845 2012 possessionem
862 1983 952 2011 neque

161 2030 243 2050 usum
258 2023 437 2054 admirantes,
453 2023 513 2058 cjus
525 2024 605 2050 famae
621 2031 681 2058 quae
695 2031 743 2058 per
757 2023 782 2050 id
803 2023 955 2058 acquiritur

162 2073 190 2096 et
206 2069 325 2096 nominis
338 2077 459 2097 amorem
477 2070 616 2103 induunt;
633 2075 660 2098 et
674 2071 719 2098 alii
735 2070 845 2105 quidem
856 2070 956 2097 nonni-

163 2113 201 2142 hil
221 2113 390 2141 distribuunt
402 2122 496 2142 eorum
515 2123 576 2150 qua:
602 2115 670 2150 ipsis
699 2116 799 2148 adsint,
819 2123 910 2150 neque
922 2123 955 2142 ea

162 2167 225 2195 qua:
238 2160 290 2186 sibi
306 2164 370 2187 sunt
389 2160 562 2195 charissima,
579 2169 612 2189 eo
629 2161 692 2188 olco
705 2169 804 2188 nomen
821 2161 873 2189 sibi
889 2169 955 2189 con-

1038 1388 1095 1415 Καὶ
1106 1388 1157 1423 ὅρα
1168 1386 1200 1413 τὸ
1215 1385 1284 1420 βαθὺ
1297 1385 1345 1411 καὶ
1366 1392 1511 1419 περινενοη
1517 1383 1596 1417 μένον
1610 1381 1660 1417 τῆς
1672 1380 1776 1413 λέξεως
1789 1386 1798 1394 ⁸

1005 1431 1255 1470 ιΜὴὺστερησάτω,
1263 1430 1338 1465 φησὶ.
1345 1429 1375 1456 τὸ
1381 1428 1468 1455 ἔλαιον
1480 1428 1525 1455 ἐπὶ
1533 1428 1581 1462 τῆς
1589 1425 1710 1461 κεφαλῆς
1721 1433 1780 1451 σου.
1787 1432 1798 1450 ι

1004 1481 1034 1507 Εἰ
1047 1480 1102 1515 γὰρ
1117 1478 1164 1505 καὶ
1174 1477 1302 1508 πολλάκις
1316 1475 1455 1510 ἠλείψατο,
1469 1475 1497 1501 ὲν
1508 1470 1541 1507 ᾧ,
1552 1473 1629 1508 φησὶ,
1639 1471 1688 1498 τοῦ
1703 1470 1800 1497 λιπαί-

1003 1525 1097 1553 νεσθαι
1111 1524 1214 1556 διέστη,
1229 1521 1372 1557 ὑστέρημα
1392 1519 1471 1546 τοῦτο
1484 1519 1534 1553 τῆς
1556 1517 1712 1553 ἔμπροσθεν
1731 1515 1802 1543 καθ-

1004 1571 1110 1597 ίσταται
1127 1567 1263 1604 πράξεωςο
1280 1567 1327 1593 καὶ
1342 1566 1428 1597 ἄλλως
1439 1566 1468 1592 δὲ
1482 1565 1511 1591 τὸ
1524 1564 1574 1599 τῆς
1584 1562 1683 1595 λέξεως
1693 1563 1803 1597 ἐμφαν-

1005 1616 1080 1643 τικὸν
1096 1615 1276 1650 θεωρήματος
1297 1612 1406 1649 εὕρεσις
1420 1611 1526 1646 γίνεται
1544 1617 1551 1625 ·
1570 1610 1607 1642 ὡς
1623 1610 1638 1635 ὁ
1652 1609 1692 1644 τῷ
1715 1607 1802 1642 ἐλαίῳ

1006 1663 1146 1698 χρώμενος
1159 1661 1190 1687 οὐ
1206 1658 1342 1694 τοσαύτην
1365 1658 1420 1690 τοῖς
1436 1656 1606 1691 ὲλεουμένοις
1618 1655 1668 1690 τὴν
1684 1655 1803 1690 εὐεργε-

1007 1708 1067 1735 σίαν
1080 1707 1196 1740 εἰσάγει,
1213 1706 1274 1732 ὅσον
1290 1704 1380 1740 ἑαυτῷ
1395 1703 1596 1730 καταϐάλλεται
1610 1702 1658 1728 καὶ
1673 1700 1804 1737 προξενεί

1005 1754 1035 1781 τὺ
1049 1754 1155 1789 κέρδος.
1176 1752 1229 1778 Διὰ
1242 1751 1322 1778 τοῦτο
1351 1750 1382 1777 τὸ
1398 1750 1531 1785 περιορᾷν
1544 1749 1590 1774 τὸν
1604 1748 1644 1779 εἰς
1659 1747 1722 1777 τοὺς
1733 1747 1802 1781 ὁμο-

1006 1801 1084 1836 φυεῖς
1096 1799 1181 1831 ἔλεον,
1198 1798 1345 1833 ὑστέρησιν
1359 1797 1409 1831 τῆς
1433 1796 1500 1826 ἰδίας
1513 1794 1668 1824 λιπάνσεως
1687 1792 1736 1820 καὶ
1751 1793 1803 1827 τῆς

1006 1846 1139 1882 ὠφελείας
1152 1845 1284 1872 ἀποκαλεί
1298 1852 1305 1859 ·
1316 1843 1364 1870 καὶ
1382 1843 1431 1877 οὐχ
1444 1842 1536 1872 ἁπλῶς
1551 1841 1680 1875 στέρησιν
1699 1838 1804 1874 μέρους

1005 1893 1077 1924 τινὺς
1090 1892 1145 1918 τῶν
1159 1891 1293 1926 τυχόντων
1313 1890 1342 1916 ἐν
1358 1889 1396 1924 τῷ
1415 1889 1533 1924 σώματι,
1549 1886 1617 1914 ἀλλὰ
1631 1885 1679 1912 τοῦ
1697 1893 1803 1920 κυριω-

1005 1939 1087 1965 τάτου
1101 1938 1148 1964 καὶ
1173 1935 1406 1963 συνεκτικωτάτου
1421 1934 1472 1969 τῆς
1486 1933 1619 1968 κεφαλῆς.
1648 1931 1729 1957 Ἀλλὰ
1748 1931 1804 1966 γὰρ

1005 1983 1061 2012 οἷον
1089 1983 1197 2019 εἴρηται
1220 1982 1341 2009 τοιοῦτόν
1361 1983 1420 2008 ἐστι
1439 1981 1469 2007 τὸ
1484 1980 1656 2015 ὑστερεῖσθαι
1677 1979 1709 2005 δι’
1724 1975 1765 2005 ὧν
1786 1978 1803 2013 ἡ

1006 2031 1112 2066 κεφαλὴ
1136 2029 1331 2063 ὲπαλείφεται·
1361 2027 1453 2053 πολλοὶ
1477 2027 1532 2061 γὰρ
1556 2026 1619 2052 οὔτε
1638 2024 1686 2051 τοῦ
1708 2024 1803 2051 ἐλαίου

1005 2078 1055 2112 τὴν
1084 2076 1179 2111 κτῆσιν
1194 2075 1255 2102 οὐδὲ
1275 2074 1324 2109 τὴν
1349 2074 1447 2109 χρῆσιν
1473 2072 1659 2107 θαυμάζοντες
1681 2071 1732 2105 τῆς
1754 2069 1803 2097 ἀπ’

1006 2121 1089 2149 αὑτοῦ
1105 2121 1184 2155 δόξης
1199 2119 1246 2146 καὶ
1267 2119 1416 2154 ὀνομασίας
1431 2118 1476 2144 τὸν
1506 2117 1596 2153 ἔρωτα
1609 2116 1777 2143 ὑποδύονται
1794 2123 1802 2131 ·

1006 2168 1054 2195 καὶ
1067 2167 1092 2193 οἱ
1104 2167 1153 2202 μὲν
1169 2165 1328 2200 διανέμουσὶ
1344 2173 1405 2191 τινα
1420 2164 1474 2190 τῶν
1489 2163 1658 2199 προσόντων,
1672 2163 1721 2188 καὶ
1735 2161 1804 2188 ταῦ-

162 2205 257 2232 ciliare
271 2205 402 2238 volentes,
425 2206 472 2233 alii
484 2214 548 2234 vero
572 2211 602 2234 ut
616 2207 784 2234 multitudini
806 2207 952 2234 videantur

1038 2224 1040 2240 ι
1058 2213 1119 2240 οὐδὲ
1136 2213 1228 2244 αὐτοῖς
1242 2210 1475 2247 περισπούδαστα,
1492 2210 1542 2245 τὴν
1556 2209 1603 2235 τοῦ
1618 2208 1711 2235 ἐλαίου
1729 2216 1802 2243 παρ-

162 2251 266 2279 divitiis
280 2251 423 2284 pollentes,
439 2257 467 2280 et
481 2260 575 2280 eorum
586 2254 630 2288 qui
647 2254 731 2281 multa
745 2254 871 2281 ambiunt
885 2261 955 2281 con-

163 2303 328 2332 temptores;
344 2298 390 2325 alii
406 2303 497 2326 autem
513 2303 625 2334 propter
635 2299 717 2326 aliam
734 2299 767 2326 ad
786 2299 853 2326 nihil
867 2299 956 2326 virtu-

162 2342 198 2369 tis
213 2343 370 2378 vergentem
389 2343 523 2370 rationem
537 2352 544 2377 ;
561 2351 680 2379 quorum
692 2344 816 2379 quamvis
831 2343 956 2370 videatur

161 2389 285 2418 diffluere
314 2390 515 2424 misericordia,
535 2399 590 2418 non
611 2395 703 2418 tamen
720 2398 735 2418 a
751 2390 841 2425 capite
863 2397 957 2425 neque

162 2443 246 2470 supra
261 2441 343 2470 caput
357 2435 419 2463 talis
440 2436 627 2464 misericordia
646 2436 744 2464 fertur.
760 2436 820 2464 Non
836 2437 908 2464 enim
928 2437 955 2464 in

159 2482 266 2517 judicio
289 2489 316 2510 ct
337 2483 500 2511 intentionis
523 2484 696 2517 rectitudine,
726 2484 774 2511 sed
802 2484 828 2511 in
855 2485 955 2520 agitata

162 2533 253 2556 mrnte
276 2533 304 2556 et
321 2529 500 2563 cupiditatum
522 2538 600 2557 cura.
626 2529 706 2562 Quod
720 2529 788 2563 ,ideo
804 2530 909 2557 utiliter
930 2534 957 2557 et

163 2574 310 2602 salubriter
323 2584 375 2602 non
393 2577 509 2603 multum
535 2576 611 2603 danti
628 2575 744 2603 diffundi
768 2580 794 2603 et
814 2576 956 2603 abundare

163 2625 280 2654 poterat,
296 2621 322 2648 in
346 2621 458 2649 modum
477 2630 564 2657 patrue
583 2627 610 2650 et
626 2623 771 2651 infeliciter
787 2624 824 2650 illi
846 2623 957 2650 subtra-

163 2665 248 2697 hitur,
271 2675 321 2694 nec
340 2674 373 2694 eo
397 2668 478 2695 modo
510 2676 539 2695 se
562 2669 733 2703 privantibus
757 2669 799 2695 vel
820 2669 955 2704 guttulam

163 2713 300 2740 commodi
320 2713 418 2741 reddit.
449 2714 500 2747 Qui
514 2722 579 2742 vero
606 2715 664 2743 sola
684 2715 823 2750 egentium
840 2723 907 2742 cura
929 2719 958 2741 et

164 2758 282 2792 propriae
297 2759 395 2786 anima:
410 2764 437 2787 ct
455 2759 565 2787 virtutis
580 2760 780 2793 misericordia,
795 2760 861 2787 facit
872 2761 955 2787 mise-

163 2803 322 2836 ricordiam,
340 2804 385 2831 ille
398 2812 461 2831 vere
472 2805 505 2832 de
522 2806 611 2840 capite
644 2806 745 2834 donum
769 2806 856 2833 fnmlil
880 2811 907 2834 et
922 2806 956 2833 de

167 2854 240 2876 recta
268 2849 429 2884 intentione,
446 2859 496 2879 nec
514 2856 595 2887 caput
617 2860 696 2880 suum
723 2853 767 2880 illa
791 2854 956 2889 pinguedine

1007 2260 1128 2294 ωνυμίαν
1144 2259 1271 2292 συνάγειν
1287 2257 1446 2292 βουλόμενοι
1463 2264 1471 2271 ⁸
1486 2256 1511 2281 οἰ
1524 2255 1552 2281 δὲ
1566 2255 1608 2281 ἵνα
1622 2255 1679 2285 τοῖς
1693 2254 1803 2284 πολλάς

1006 2305 1101 2338 δόξωσι
1114 2304 1264 2340 χρημάτων
1288 2303 1442 2338 κρείττους,
1461 2301 1573 2328 καὶτῶν
1589 2300 1657 2326 πολὺ
1680 2300 1802 2325 σπουδα-

1007 2352 1128 2387 ζομένων
1152 2352 1321 2386 ὑπερόπται·
1348 2350 1372 2375 οὶ
1385 2349 1413 2375 δὲ
1437 2348 1470 2375 δι’
1491 2347 1583 2383 ἕτερόν
1602 2355 1628 2373 τι
1643 2346 1698 2373 τῶν
1719 2346 1802 2381 μηδὲν

1007 2400 1046 2430 εἰς
1071 2397 1121 2432 τῆς
1135 2397 1237 2432 ἀρετῆς
1254 2395 1466 2431 ἀναφερομένων
1481 2394 1560 2428 λόγον
1577 2401 1584 2408 '
1603 2401 1641 2420 ων
1661 2392 1715 2419 κᾶν
1735 2392 1802 2427 δοκῇ

1007 2443 1142 2479 διαρρέειν
1166 2443 1180 2468 ὁ
1204 2442 1290 2474 ἔλεος,
1308 2441 1366 2468 ἀλλ’
1395 2441 1446 2467 οὐκ
1469 2440 1523 2466 ἀπὸ
1541 2439 1590 2474 τῆς
1610 2438 1732 2472 κεφαλῆς
1747 2438 1802 2464 οὐδ’

1008 2489 1053 2516 ἐπὶ
1067 2490 1116 2524 τὴν
1135 2488 1253 2523 κεφαλὴν
1274 2488 1288 2514 ὁ
1301 2486 1422 2518 τοιοῦτος
1436 2486 1550 2520 φέρεται
1563 2494 1569 2500 ·
1584 2485 1614 2511 οὐ
1628 2484 1683 2519 γὰρ
1695 2485 1724 2510 ὲν
1739 2484 1802 2519 κρε-

1008 2545 1048 2563 σει
1060 2535 1178 2567 διανοίας
1187 2536 1234 2562 καὶ
1244 2533 1381 2570 ὀρθότητι,
1392 2533 1459 2559 ἀλλὰ
1468 2531 1636 2566 σαλευομένῃ
1644 2530 1742 2565 γνώμῃ
1754 2530 1803 2556 καὶ

1007 2581 1141 2617 θεραπείᾳ.
1151 2581 1245 2608 παθῶν
1255 2589 1261 2595 ·
1277 2580 1292 2606 ὃ
1302 2579 1497 2614 συμφερόντως
1512 2578 1544 2604 ἂν
1556 2578 1603 2604 καὶ
1620 2577 1802 2612 σωτηριωδὼς

1008 2628 1126 2663 μάλιστα
1134 2626 1171 2662 τῷ
1181 2626 1303 2653 κενοῦντι
1312 2624 1462 2660 διακεῖσθαί
1471 2633 1499 2650 τε
1509 2624 1555 2650 καὶ
1570 2623 1763 2658 δαψιλεύεσοαι
1773 2621 1800 2650 εὖ

1008 2672 1081 2708 μάλα
1089 2671 1214 2707 ἠδύνατο,
1223 2670 1378 2705 ἐπιζημίως
1386 2678 1415 2695 τε
1427 2669 1473 2695 καὶ
1485 2668 1643 2702 ἐπισφαλῶς
1656 2668 1802 2694 ἁποκενοῦ-

1006 2719 1111 2750 ’τσιι,καλ¹
1121 2717 1188 2752 μηδὲ
1198 2716 1356 2751 σταλαγμὸν
1365 2715 1498 2749 ὠφελείας
1507 2716 1562 2745 τοῖς
1571 2713 1696 2740 κενοῦσιν
1703 2713 1799 2740 ἀνταλ-

1006 2765 1179 2798 λαττόμενον.
1186 2763 1215 2789 '0
1223 2762 1250 2789 δὲ
1256 2763 1301 2789 ἐπὶ
1307 2761 1441 2797 θεραπείᾳ
1448 2761 1516 2796 μόνῃ
1521 2760 1574 2786 τῶν
1581 2760 1703 2794 πενήτων
1711 2760 1800 2794 καὶτῷ

1008 2810 1114 2845 ἱλασμῷ
1129 2811 1178 2844 τῆς
1195 2809 1262 2840 ιδίας
1270 2808 1360 2844 ψυχῆς
1371 2808 1464 2843 καὶτῷ
1476 2807 1526 2842 τῆς
1540 2808 1640 2842 ἀρετῆς
1656 2806 1683 2833 νέ
1687 2816 1747 2841 μων
1758 2807 1800 2832 τὸν

1007 2853 1169 2889 ξλεονρῦτος
1179 2856 1216 2888 ὡς
1222 2855 1330 2891 ἀληθῶς
1338 2855 1391 2882 ἀπὸ
1397 2853 1517 2889 κεφαλῆς
1523 2862 1551 2880 τε
1560 2853 1590 2880 τὸ
1595 2853 1682 2888 δῶρον
1690 2855 1798 2889 προχέει
