1878 3057
59 154 98 185 337
451 148 501 178 AD
516 145 814 178 AMPIIILOCHIUM
833 145 1007 180 QUJ‘ESTIO
1025 146 1126 176 XLIV.

1596 145 1649 177 3718

59 206 148 240 καὶτῆς
164 203 241 239 ὀρθῆς
253 202 379 238 κρίσεως,
396 203 444 229 καὶ
455 202 504 237 τὴν
518 202 616 228 ἑαυτοῦ
630 201 749 236 κεφαλὴν
765 201 814 228 οὐκ

911 206 954 228 vat
970 209 1024 236 qua
1047 201 1121 228 illam
1135 202 1300 236 praecipuam
1316 208 1419 238 partem
1436 202 1547 229 roborat
1561 207 1587 228 et
1607 202 1649 228 hi-

59 251 181 286 ἀποστερεῖ
189 249 234 284 τῆς
244 247 471 284 ἀναρῤωνυούσης
481 247 511 273 τὸ
522 247 685 282 ἡγεμονικὸν
697 247 742 273 καὶ
755 246 813 272 ἱλα-

58 297 168 333 ρυνούσης
187 294 346 324 λιπάνσεως.
359 293 443 327 Δῆλον
458 293 481 319 δ’
496 293 536 319 ὅτι
550 292 589 327 τῷ
602 293 651 326 τῆς
665 291 814 326 ἐλεημοσύ-

58 352 96 378 vri;
107 340 282 376 κατορθώματι
299 340 346 365 καὶ
360 339 438 366 ἄλλαι
452 339 653 372 συναναφύουσι
676 338 722 364 καὶ
749 345 812 363 συν-

58 387 192 422 εξανθοὼιν
199 385 303 421 ἀρεταί.
320 385 368 416 Τίς
378 385 433 420 γὰρ
453 384 490 416 ὡς
503 384 610 419 ἀληθῶς
627 383 814 418 ἀκαπήλευτον

59 435 131 470 φέρων
145 434 172 459 ὲν
184 432 269 466 ἑαυτῷ
291 431 339 458 τοῦ
352 431 443 462 ἐλέους
460 431 489 457 τὸ
503 430 649 465 πολύτιμον
661 431 755 465 χρῆ-μα
769 429 814 463 βά-

60 487 138 506 σκανον
153 477 277 513 ὀφθαλμῷ
298 476 423 503 ἐπιϐαλεῖ
443 476 482 511 τῷ
505 476 629 510 πλησίον,
649 476 665 510 ἢ
683 475 819 510 τύραννον

59 524 171 558 ἐποψήσει
192 524 266 558 χεῖρα
280 522 325 548 καὶ
340 521 442 556 ταύτην
462 522 495 556 ἢν
520 520 596 547 οὕπω
609 519 687 555 ἔληξε
705 519 815 555 προτεί-

59 579 102 596 νειν
122 570 161 595 τὸν
182 569 252 595 ἔλεον
277 566 494 599 ὰναὸλύζουσανς
513 566 556 597 τίς
573 566 601 592 δὲ
619 565 720 601 λῃστὴς
741 565 817 592 ἁλλο-

59 615 124 650 τρίων
133 614 214 641 ἔσεται
229 614 327 649 γάμων
340 613 381 648 τῷ
398 612 481 647 ἐλαίῳ
494 612 708 647 περιῤῥεόμενός
722 620 752 637 τε
769 611 817 637 καὶ

60 661 97 695 τὴν
119 661 221 695 γνῶμην
246 659 470 695 μαλασσόμενος;
485 657 568 684 Ἀλλά
586 666 619 691 γε
639 657 735 688 τόκους
758 655 817 687 πῶς

60 705 207 741 εἰσπράξεται
233 706 297 736 τοὺς
320 704 461 739 ὀφειλέτας
489 700 566 735 οὗτος
591 704 605 729 ὁ
626 702 817 738 καταμερίςων

59 752 101 783 τοῖς
113 750 279 785 ὲνὸεεστέροις
293 751 340 776 καὶ
354 750 404 776 ὅσα
416 749 514 784 κλῆρος
525 750 538 775 ό
551 748 677 783 πατρῷος
687 749 726 778 εἰς
737 747 817 774 αὐτὸν

59 796 193 829 διεσίϐασενς
204 795 300 822 οὐκοῦν
310 795 356 821 διὰ
368 796 432 830 μιᾶς
444 794 543 829 αρετῆς
553 794 603 828 τῆς
613 792 817 828 ἀναδλυζούσης

59 842 93 868 τὸν
101 841 166 868 ἔλεον
174 841 272 874 καὶτὰς
285 840 368 872 ᾶλλας
381 841 418 871 ὼς
431 840 571 874 συγγενεῖς
580 840 628 866 καὶ
654 838 819 865 συνακολού-

60 886 171 921 θουςὸτὴν
178 887 224 921 ὴγε
229 886 323 921 μονίαν
333 886 441 921 ἐκείνης
448 884 663 921 προκαταλαϐὼν
671 885 710 916 είς
718 884 820 919 φάλαγ-
835 879 855 907 Β

60 941 98 966 τις
106 931 183 967 ἐαυτῷ
194 932 239 958 καὶ
251 931 413 966 συμμάχους
425 931 547 963 διατάξει
559 930 818 963 καὶὲξοικειώοεται.

86 977 128 1004 Τοῦ
148 978 173 1004 δὲ
194 977 405 1013 κατωρθωκότος
425 978 454 1003 ὲν
479 978 579 1012 σπουδῇ
604 977 651 1003 καὶ
673 976 754 1012 σοφίᾳ
775 977 821 1002 τον

59 1021 126 1054 ἔλεον,
139 1021 226 1048 τούτου
241 1021 262 1048 δ’
283 1021 316 1048 ἂν
331 1019 385 1048 εῐεν
402 1021 450 1048 καὶ
463 1021 487 1047 οἱ
502 1021 637 1056 ὀφθαλμοὶ
652 1021 697 1047 ἐπὶ
711 1021 761 1055 τῆς
773 1029 820 1047 κε-

60 1068 136 1103 φαλῆς,
157 1069 292 1095 τουτέστιν
322 1069 338 1103 ἡ
361 1068 496 1103 ἐποπτική
518 1076 548 1093 τε
574 1067 622 1093 καὶ
646 1067 821 1102 διακρίνουσα

59 1115 80 1139 τδ
91 1114 167 1149 χεῖρον
180 1113 230 1140 ἀπὸ
244 1113 293 1140 τοῦ
306 1113 459 1147 κρείττονος
471 1113 527 1146 ’ἐξις
542 1113 590 1139 καὶ
605 1112 732 1147 δύναμις.
756 1113 819 1145 Τοῖς

60 1160 102 1194 γὰρ
119 1159 349 1195 ἀποόιῖσταμένοις
365 1159 416 1194 τῆς
435 1159 506 1185 κατὰ
527 1158 574 1185 τὸν
597 1158 673 1185 ἔλεον
694 1158 820 1193 πράξεως

59 1206 94 1232 καὶ
104 1206 262 1240 συμπαθείας
272 1226 280 1238 ,
294 1206 318 1232 οι
335 1205 470 1240 ὀφθαλμοὶ
485 1205 533 1231 καὶ
546 1205 562 1239 ἡ
575 1204 713 1239 διάκρισις
727 1204 820 1231 οὐκέτι

60 1252 94 1278 ἐπὶ
106 1252 149 1287 τῆς
159 1252 287 1286 κεφαλῆς,
309 1251 364 1278 οὐδ’
378 1251 447 1277 ὥστε
466 1250 572 1284 φαίνειν
587 1250 635 1277 καὶ
650 1250 759 1285 ὁδηγεῖν
773 1250 820 1276 τὸν

59 1298 133 1330 αὺτοῖς
154 1298 301 1334 χρώμενον,
324 1297 381 1324 ἀλλ’
395 1296 442 1323 ἐπὶ
467 1296 517 1331 τῆς
534 1295 635 1330 ὀσφύος
655 1296 672 1332 ἢ
692 1297 742 1330 τῆς
768 1305 818 1330 γα-

61 1343 131 1378 στρὸς,
153 1343 247 1378 μᾶλλον
271 1343 301 1369 δὲ
323 1342 377 1370 τῶν
398 1342 487 1369 ποδῶν
510 1342 654 1376 γεγόνασιν
673 1342 819 1368 ὑποπόδιον

60 1389 274 1424 καταπατούμενοι
299 1397 329 1415 τε
359 1389 406 1415 καὶ
423 1387 625 1423 ἀχρειούμενοι,
649 1388 697 1413 καὶ
721 1387 820 1422 τυφλὸν

60 1436 94 1460 ml
107 1435 271 1470 πλανώμενον
294 1435 323 1460 ὲν
349 1433 426 1469 βαθεῖ
441 1434 529 1468 σκότῳ
551 1433 750 1465 καταλιπόντες
773 1433 819 1460 τὺν

60 1480 186 1515 ἄνθρωπον.
201 1482 232 1508 Εἰ
244 1481 273 1508 δὲ
292 1480 397 1515 κεφαλὴ
411 1479 508 1513 ἀνδρὸς
518 1479 532 1505 ό
548 1478 676 1514 Χριστὸς,
692 1479 822 1514 παραινεί

60 1526 82 1551 τὸ
94 1527 171 1560 λόγιον
183 1527 254 1562 ἡμᾶς
272 1526 318 1552 ἀεὶ
334 1525 382 1552 καὶ
399 1524 442 1551 διὰ
455 1525 556 1555 παντὸς
569 1525 675 1559 ἀφορᾷν
690 1524 758 1559 πρὸς
770 1524 819 1550 αὺ-

60 1569 102 1604 τὸν,
115 1573 155 1598 καὶ
164 1573 191 1598 ὲν
206 1571 282 1607 αὐτῷ
295 1571 386 1597 πᾶσαν
399 1570 477 1605 ἡμῶν
497 1569 637 1604 στηρίζειν
651 1569 700 1596 καὶ
716 1569 821 1596 ἀνατεί-

61 1625 102 1643 νειν
113 1617 157 1652 τὴν
169 1619 321 1652 ἐποπτικην
334 1625 364 1642 τε
379 1617 425 1643 καὶ
439 1615 610 1650 θεωρητικὴν
630 1615 709 1650 ἡμῶν
724 1614 822 1649 ἐπιμέ-

61 1662 118 1690 λειαν
128 1671 135 1679 ’
149 1673 161 1690 θ
173 1663 351 1700 Προωρώμην
362 1662 415 1697 γὰρ
423 1661 469 1688 τὸν
479 1661 582 1696 Κύριον
590 1661 705 1687 ἐνώπιόν
715 1669 765 1695 μου
778 1660 822 1688 διὰ

61 1708 149 1740 παντὸς,
158 1709 196 1736 ὅτι
209 1709 241 1735 ἐκ
262 1707 358 1740 δεξιῶν
373 1715 423 1742 μου
439 1706 523 1738 ἐστὶν,
539 1706 583 1732 ἶνα
600 1705 637 1741 μὴ
657 1705 790 1732 σαλευθῶ.
809 1714 819 1730 ι

66 1753 129 1780 Ἀλλὰ
137 1754 186 1789 γὰρ
204 1763 214 1779 ‹
227 1754 271 1785 Ὡς
291 1751 426 1787 ὀφθαλμοῖ
438 1751 594 1785 παιδίσκης.
606 1750 699 1784 φησὶν,
715 1749 756 1781 είς
767 1750 823 1784 χεῖ-

63 1807 100 1832 ρας
108 1799 151 1831 τῆς
163 1799 255 1835 κυρίας
269 1799 367 1834 αὐτῆς,
378 1797 464 1829 οὕτως
476 1797 502 1823 ot
512 1796 648 1831 ὀφθαλμοὶ
659 1795 736 1831 ἡμῶν
752 1796 822 1831 πρὸς

62 1843 142 1877 Κύριον
163 1844 206 1870 τὸν
226 1843 295 1870 Θεὸν
310 1842 402 1877 ήμῶν·
418 1851 427 1867 ι
447 1843 495 1868 καὶ
509 1841 540 1867 τὸ
555 1840 651 1875 κέρδος
666 1837 721 1867 οἷον
737 1848 823 1867 κατα-

60 1888 219 1923 λαμϐάνουσιν
232 1890 308 1924 ἡμᾶς
321 1889 346 1915 οι
360 1888 497 1923 φιλότιμοι
511 1887 559 1913 καὶ
571 1885 693 1912 πλούσιοι
705 1886 820 1920 δωρεάν·

61 1937 97 1961 καὶ
111 1936 157 1971 μὴν
169 1936 213 1963 καὶ
231 1936 276 1962 διὰ
292 1935 392 1966 παντὸς
405 1934 490 1960 ὄντων
505 1934 558 1960 τῶν
568 1933 711 1968 ἡμετέρων
725 1932 822 1967 ὀφθαλ-

62 1981 107 2014 μῶν
117 1982 178 2017 πρὸς
191 1982 237 2009 τὸν
253 1981 368 2016 Κύριον,
386 1981 413 2006 al
433 1979 546 2013 παγίδες
559 1978 592 2010 ἃς
608 1980 622 2005 ὁ
635 1978 732 2014 ἐχθρὸς
745 1977 821 2013 παρὰ

61 2027 86 2053 τὰ
99 2028 240 2063 διαδήματα
264 2027 345 2063 ἡμῶν
370 2026 495 2056 ἐκτείνει,
519 2025 603 2060 ἀργαὶ⁴
625 2025 671 2050 καὶ
685 2024 822 2058 ἄπρακτοι

62 2074 163 2106 καὶτοὺς
175 2074 256 2106 πόδας
273 2073 353 2108 ἡμῶν
366 2072 492 2106 κατέχειν
509 2069 637 2104 οὐδεμίαν
657 2069 732 2104 ἰσχὺν
746 2068 821 2103 ἔχου-

62 2127 105 2146 στι.
119 2120 197 2152 Αὐτὸς
209 2120 263 2154 γὰρ
275 2119 291 2145 ὁ
306 2117 430 2152 πλάστης
446 2117 494 2143 καὶ
508 2115 671 2149 προνοητὴς,
687 2113 734 2140 καὶ
747 2112 780 2139 δι’
791 2109 822 2140 οὗ

61 2163 83 2188 τὸ
96 2165 153 2199 ὀρᾷν
168 2163 335 2198 πεποίθαμέν
350 2170 379 2188 τε
401 2161 449 2188 καὶ
471 2159 707 2193 πεπιστεύκαμεν,
721 2158 821 2193 ἀμάχῳ

864 247 944 274 larat.
963 247 1039 274 Patet
1057 251 1149 275 autem
1163 248 1344 284 eleemosynaa
1354 250 1426 276 bono
1441 252 1503 275 actu
1519 248 1650 282 [praestitit

863 295 890 317 et
903 290 970 317 alias
984 291 1059 318 nasci
1069 295 1097 317 et
1107 290 1251 318 ﬂorescere
1263 292 1384 319 virtutes.
1397 291 1464 324 Quis
1479 299 1531 318 non
1545 291 1651 318 adulte-

865 341 939 362 ratas
961 336 989 362 in
1006 343 1035 363 se
1050 337 1141 364 ferens
1158 337 1352 364 misericordia:
1362 338 1525 364 excellentes
1540 337 1650 364 divitias

865 384 1027 411 malevolum
1039 385 1149 411 oculum
1165 385 1192 412 in
1213 385 1367 420 proximum
1383 385 1498 419 injicict,
1516 390 1543 412 et
1560 390 1651 420 tyran-

866 430 955 457 nicam
973 432 1077 457 emittet
1093 438 1202 463 manum
1216 436 1243 456 et
1257 431 1330 457 illam
1351 437 1432 465 quam
1449 430 1569 457 nondum
1592 437 1652 456 ces-

866 476 935 503 savit
951 476 1114 510 protendere
1128 476 1342 503 misericordiam
1359 476 1551 504 scaturientein
1561 475 1573 501 ?
1584 475 1650 508 Quis

866 522 921 549 erit.
934 522 1085 548 alienarunt
1102 522 1257 555 nuptiarum
1278 521 1332 554 fur,
1347 522 1407 548 oleo
1418 526 1534 548 utentem
1548 521 1651 547 habens

868 567 1008 594 intinctam
1027 573 1054 594 et
1075 568 1226 594 mollitam?
1242 567 1294 595 Sed
1317 567 1396 595 etiam
1415 567 1553 602 quomodo
1571 573 1652 600 pecu-

868 613 941 640 niam
957 621 970 639 a
991 613 1153 640 debentibus
1171 613 1329 648 parentibus
1351 613 1451 648 exiget,
1465 614 1511 647 qui
1528 612 1652 646 indigeo»

867 659 941 686 tibus
955 663 982 686 et
996 667 1027 686 ea
1043 666 1103 693 qua:
1124 664 1236 693 paterna
1257 659 1399 685 liaaredilas
1419 659 1471 692 ipsi
1491 657 1653 688 transmisit,

869 705 1059 731 distribuerit?
1073 705 1156 739 Igitur
1169 712 1222 732 una
1237 705 1337 731 virtute
1352 704 1568 731 miscricordiam
1593 711 1654 730 sca-

870 750 996 782 turiente,
1016 754 1043 776 et
1063 749 1132 776 alias
1156 754 1184 776 ut
1208 757 1374 784 congeneres
1396 754 1423 776 et
1444 754 1653 783 consequentes,

869 795 914 822 ille
926 795 972 830 qui
990 795 1047 830 ejus
1064 795 1176 822 ductum
1193 800 1255 822 ante
1272 796 1403 830 suscepit,
1424 795 1477 822 sibi
1498 795 1524 821 in
1541 794 1653 829 phalan—

870 848 917 876 ges
929 846 955 869 et
966 841 1055 869 socius
1069 841 1195 876 disponet
1209 846 1235 868 et
1249 840 1398 868 familiares
1411 841 1514 868 reddet.

906 973 956 1006 Qui
988 980 1052 1000 vero
1074 980 1135 999 cum
1159 972 1217 999 zelo
1240 977 1268 999 et
1289 971 1423 1007 sapientia
1433 971 1654 1006 {miscricordiam

871 1019 1035 1052 impleverit,
1053 1018 1115 1052 ejus
1131 1018 1212 1045 etiam
1227 1022 1307 1044 erunt
1333 1017 1406 1044 oculi
1422 1017 1449 1043 in
1465 1017 1561 1051 capite,
1573 1016 1598 1043 id
1615 1021 1657 1043 est

870 1064 1031 1099 inspiciendi
1048 1069 1076 1090 et
1091 1063 1263 1090 discernendi
1281 1062 1358 1097 pejus
1371 1070 1386 1089 a
1403 1062 1528 1094 meliore,
1551 1061 1588 1088 illi
1603 1063 1656 1088 erit

869 1116 957 1138 status
972 1116 998 1138 et
1010 1111 1060 1137 vis.
1070 1109 1120 1142 Qui
1133 1110 1205 1137 enim
1217 1110 1251 1136 ab
1264 1109 1419 1136 actionibus
1429 1113 1457 1136 et
1465 1109 1656 1144 compassionc

868 1162 930 1190 quae
943 1154 1094 1181 secundum
1119 1153 1335 1180 misericordiam
1358 1158 1422 1180 sunt
1444 1153 1523 1186 longe
1542 1153 1654 1184 distant,

869 1205 964 1226 eorum
989 1197 1061 1225 oculi
1077 1201 1104 1224 et
1122 1197 1165 1224 vis
1174 1196 1351 1224 discernendi
1375 1204 1430 1223 non
1447 1196 1474 1222 in
1495 1196 1592 1231 capite,
1608 1204 1655 1223 ne-

869 1251 922 1279 que
935 1244 972 1271 ita
989 1248 1090 1270 utenm
1110 1243 1157 1277 qui
1185 1242 1237 1269 illis
1254 1242 1337 1268 nititur
1365 1242 1519 1269 illuminent
1538 1246 1565 1269 et
1585 1241 1655 1268 diri-

869 1295 943 1326 gant.
961 1290 1007 1318 sed
1022 1290 1048 1316 in
1066 1289 1166 1316 lumbis
1185 1293 1211 1316 et
1236 1293 1344 1319 ventre,
1365 1288 1412 1315 sed
1441 1289 1535 1323 potius
1556 1288 1653 1323 pedum

869 1335 1027 1366 scabellum,
1052 1333 1201 1369 proculcati
1227 1337 1254 1361 et
1279 1333 1463 1360 inutilesfacti
1481 1337 1507 1360 et
1518 1333 1654 1359 hominem

869 1380 895 1406 in
906 1379 999 1407 densis
1013 1378 1131 1406 tenebris
1147 1385 1249 1406 cmcum
1265 1382 1292 1404 et
1307 1382 1442 1405 errantem
1458 1377 1654 1411 relinquentes.

869 1425 896 1452 Si
908 1431 1000 1453 autem
1016 1429 1096 1459 caput
1111 1425 1232 1451 hominis
1247 1424 1386 1454 Christus,
1408 1430 1458 1450 nos
1474 1423 1544 1450 ratio
1562 1423 1655 1450 horta-

869 1476 913 1499 tur
927 1476 958 1499 ut
971 1472 1048 1498 illum
1069 1479 1175 1506 semper
1192 1475 1220 1497 et
1230 1469 1304 1497 omni
1321 1469 1403 1496 modo
1423 1469 1614 1504 inspiciamus,
1628 1472 1656 1496 et

870 1523 899 1545 ut
918 1518 946 1544 in
959 1525 1021 1545 eum
1051 1521 1175 1544 nostram
1197 1517 1348 1543 intuentem
1366 1520 1393 1542 et
1417 1515 1657 1550 contemplativam

871 1570 964 1590 ειη-θη]
978 1563 1114 1597 erigamus
1126 1567 1153 1588 et
1168 1561 1346 1588 extendamus
1358 1570 1364 1587 :
1384 1570 1394 1586 ι
1408 1560 1588 1587 Providebam
1604 1559 1657 1586 Do-

871 1608 974 1635 minum
991 1609 1017 1635 in
1031 1611 1180 1642 conspectu
1193 1614 1253 1634 meo
1269 1614 1386 1640 semper,
1407 1605 1534 1640 quoniam
1553 1613 1568 1632 a
1589 1605 1655 1631 dex-

870 1654 920 1681 tris
930 1658 972 1681 est
983 1654 1060 1687 mihi,
1073 1662 1105 1681 ne
1113 1660 1303 1686 commovear;
1317 1662 1326 1678 ι
1341 1652 1389 1680 sed
1405 1652 1476 1679 enim
1490 1661 1497 1678 :
1511 1660 1520 1676 ‹
1537 1650 1569 1679 Ut
1584 1651 1656 1678 oculi

870 1699 976 1727 ancillae
993 1699 1020 1725 in
1046 1707 1143 1726 manus
1161 1699 1282 1726 domina:
1297 1705 1366 1730 suae,
1383 1697 1420 1724 ita
1434 1697 1505 1724 oculi
1521 1697 1607 1723 nostri
1622 1696 1656 1723 ad

871 1743 1015 1770 Dominum
1030 1742 1117 1770 Deum
1131 1748 1267 1770 nostrum.
1287 1752 1295 1768 ι
1315 1742 1346 1769 Ει
1360 1742 1464 1769 lucrum
1481 1741 1535 1768 tale
1556 1739 1610 1767 erit.
1630 1744 1658 1766 ut

871 1792 1006 1822 occupent
1023 1795 1072 1814 nos
1089 1787 1227 1814 ambitiosi
1244 1792 1272 1814 et
1292 1787 1392 1813 divites
1409 1787 1523 1813 frustra.
1542 1785 1577 1812 Et
1593 1792 1659 1810 vero

871 1839 1000 1870 perpetuo
1017 1834 1108 1861 oculis
1144 1833 1247 1861 nostris
1268 1833 1301 1859 ad
1317 1832 1460 1869 Dominum
1471 1831 1579 1863 erectis,
1602 1835 1659 1857 tcn-

872 1879 969 1906 diculae
993 1886 1062 1913 quas
1082 1878 1209 1905 inimicus
1225 1878 1302 1913 juxta
1317 1882 1440 1904 nostrum
1459 1877 1511 1903 iter
1527 1876 1659 1910 disponit,

873 1925 966 1952 otiosa:
985 1929 1012 1951 et
1037 1924 1137 1952 inertes
1163 1927 1236 1955 sunt,
1265 1927 1292 1950 et
1313 1922 1396 1957 pedes
1418 1926 1527 1950 nostros
1547 1922 1659 1950 minime

871 1969 963 1996 valent
975 1969 1113 1997 cohibere.
1130 1969 1190 2004 Ipse
1209 1969 1281 1995 enim
1298 1968 1424 1997 conditor
1440 1972 1533 1994 noster
1546 1971 1573 1994 et
1593 1974 1659 1994 nos-

873 2020 914 2043 tra
929 2015 1104 2043 Providentia
1119 2019 1147 2042 et
1160 2016 1204 2042 ille
1215 2023 1261 2050 per
1273 2022 1353 2049 quem
1364 2015 1479 2042 videndo
1494 2015 1659 2041 confidimus

872 2067 900 2090 et
925 2062 1102 2094 credidimus,
1126 2061 1226 2088 invicta
1253 2061 1415 2088 fortitudine
1437 2061 1521 2095 pedes
1550 2065 1660 2088 nostros

874 2108 908 2135 ab
920 2107 1022 2134 inimici
1043 2107 1148 2134 retibus
1168 2106 1309 2134 abstrahet
1330 2110 1357 2133 et
1378 2105 1487 2133 facilem
1507 2109 1534 2132 et
1554 2111 1658 2139 inquam

874 2157 975 2179 nostrre
991 2152 1088 2180 salutis
1100 2153 1171 2179 viam
1190 2151 1280 2179 faciet.
1305 2151 1449 2184 Quomodo
1466 2151 1549 2186 igitur
1567 2150 1633 2178 illud
1650 2160 1658 2177 ς

62 2197 192 2244 ῥώμη-τοὺς
205 2197 292 2240 πόδας
312 2207 390 2243 ἡμῶν
404 2207 435 2232 ὲκ
449 2206 503 2232 τῶν
517 2204 565 2231 τοῦ
581 2203 679 2239 ἐχθροῦ
698 2203 820 2236 παγίδων

909 2200 934 2227 le
943 2200 1051 2227 deficiat
1064 2199 1153 2227 oleum
1162 2198 1196 2226 de
1205 2199 1292 2233 capite
1303 2201 1362 2230 tuo,
1374 2207 1383 2223 ι
1397 2197 1433 2225 sit
1443 2197 1658 2232 intelligendum,

61 2254 202 2287 ἁποσττάσει,
215 2255 263 2282 καὶ
279 2253 355 2281 λείαν
368 2252 416 2279 καὶ
431 2251 537 2285 ὁμαλὴν
547 2251 596 2285 τὴν
612 2249 671 2276 ὁδὸν
683 2250 700 2284 ἡ
705 2248 763 2284 μῶν
773 2249 822 2282 τῆς

876 2247 1030 2281 expositum
1047 2249 1099 2272 est.

62 2301 175 2336 σωτηρίας
191 2300 389 2335 ἀπεργάσεται.
404 2297 441 2324 Τὸ
457 2297 507 2332 μὲν
520 2296 567 2323 οὖν
585 2304 594 2322 ‹
613 2295 723 2322 Ἔλαιον
743 2294 793 2330 τῆς
807 2293 928 2328 κεφαλῆς
944 2300 990 2319 σου
1010 2292 1048 2327 μὴ
1072 2290 1248 2326 ὑστερησάτω
1258 2309 1266 2322 ,
1283 2299 1293 2316 ι
1307 2289 1368 2316 τίνα
1384 2289 1507 2324 προσῆκε
1541 2287 1660 2314 νοεῖσθαι

61 2346 150 2380 τρόπον,
161 2347 343 2382 διηγόρευται.

87 2395 112 2420 EE
124 2395 144 2421 δ’
156 2395 213 2422 ἀντὶ
227 2394 274 2421 τοῦ
287 2403 296 2419 ι
306 2393 352 2428 Μὴ
364 2390 552 2427 ύστερησάτω,
567 2400 576 2416 ι
589 2389 620 2416 τὸ
635 2389 726 2423 λόγιον
740 2388 769 2414 οὗ
787 2387 825 2422 μὴ

61 2439 175 2476 ὑστερήσῃ
194 2440 232 2475 τῷ
257 2440 402 2475 γράμματι
431 2436 633 2471 ἁπαγγέλλοιτο
655 2434 824 2470 (εὑρίσκεται

61 2486 102 2521 γὰρ
119 2488 161 2514 καὶ
181 2487 292 2522 τοιαύτη
310 2486 363 2513 τῶν
389 2485 519 2521 ῥημάτων
536 2485 553 2519 ὴ
571 2482 719 2518 προφορὰ),
748 2481 824 2507 οὐδὲν

62 2531 154 2559 κωλύει·
169 2534 214 2559 καὶ
227 2532 300 2559 οὓτω
313 2532 344 2558 τὸ
358 2531 407 2566 μὲν
426 2540 436 2557 ‹
452 2531 595 2557 Ἔστωσαν
608 2529 642 2555 τὰ
660 2527 757 2562 ἱμάτιά
776 2535 821 2552 σου

61 2577 137 2610 λευκὰ,
151 2589 160 2604 ι
174 2580 210 2611 ὡς
225 2579 274 2606 καὶ
297 2578 470 2614 προείρηται,
484 2576 618 2611 σύμϐολον
633 2574 688 2601 τῶν
717 2573 823 2608 ἀρετῶν

63 2624 235 2659 ὲκλαμῦάνειν·
257 2625 288 2651 τὸ
310 2624 338 2650 δὲ
353 2624 399 2659 Μὴ
415 2623 553 2658 ὖστερήσῃ
568 2621 615 2648 ἐπὶ
636 2620 687 2654 τῆς
702 2619 823 2653 κεφαλῆς

63 2669 145 2704 ἔλαιον,
158 2673 196 2698 ὅτι
211 2671 266 2698 τῶν
282 2669 504 2705 κατορθωμάτων
521 2665 760 2702 περιαυγαζόντων
775 2664 823 2698 τὴν

63 2715 144 2751 ψυχὴν,
153 2719 198 2744 καὶ
212 2716 447 2754 περιϐαλλομένης
459 2715 543 2748 αὐτῆς
552 2713 598 2739 τὸν
612 2711 706 2745 νοητὸν
719 2711 823 2745 κόσμον

64 2762 101 2787 καὶ
111 2763 154 2798 τὴν
162 2764 190 2796 ἐξ
198 2764 287 2790 αὐτῶν
297 2762 488 2798 λαμπρότητα.
497 2760 527 2785 τὸ
540 2758 725 2793 πολυτίμητον
735 2756 824 2782 ἔλαιον

66 2807 103 2832 καὶ
118 2807 196 2843 μύρον
207 2808 222 2834 ὃ
235 2808 283 2843 τὴν
295 2808 342 2834 τοῦ
357 2806 436 2840 ἁγίου
451 2804 609 2838 Πνεύματος
622 2802 702 2837 χάριν
713 2801 760 2827 καὶ
775 2800 826 2827 δω-

68 2851 120 2886 ρεὰν
133 2853 325 2888 ὑπογράφεται,
336 2852 367 2879 οὐ
387 2851 424 2888 μὴ
440 2850 576 2886 ὑστερήσῃ
600 2846 766 2883 καταρδεῦον
780 2846 827 2872 καὶ

912 2383 939 2411 Si
951 2387 1041 2411 autem
1055 2388 1106 2416 pro
1126 2390 1135 2406 ‹
1154 2379 1193 2407 Ne
1205 2379 1314 2408 deficiat
1334 2388 1343 2405 ι
1364 2377 1497 2412 scriptum
1521 2376 1557 2403 sit
1570 2379 1605 2408 et,
1621 2373 1661 2403 Ne

875 2430 985 2457 deﬁcias
1003 2427 1151 2463 (invenitur
1172 2425 1245 2453 enim
1270 2429 1297 2452 et
1312 2424 1373 2451 talis
1402 2423 1548 2450 verborum
1574 2428 1661 2447 enun-

875 2475 979 2510 ciatio),
994 2473 1061 2501 nihil
1076 2473 1176 2499 obstat.
1191 2471 1224 2498 Et
1243 2471 1283 2498 sic
1298 2469 1364 2497 illud
1381 2479 1387 2496 :
1402 2478 1411 2495 ι
1423 2468 1484 2495 Sint
1499 2466 1660 2510 vestimenta

876 2525 920 2548 tua
940 2519 1011 2550 alba,
1027 2527 1036 2543 ι
1050 2522 1078 2544 ut
1097 2521 1125 2544 et
1144 2515 1246 2543 dictum
1262 2519 1313 2546 est,
1335 2512 1421 2546 accipi
1436 2511 1516 2538 debet
1528 2514 1557 2536 ut
1577 2509 1662 2535 virtu-

875 2571 932 2593 tum
959 2564 1133 2600 symbolum;
1148 2561 1212 2588 illud
1228 2567 1292 2588 vero
1311 2567 1319 2585 :
1337 2567 1346 2584 ι
1370 2557 1408 2584 Ne
1426 2555 1538 2583 delicias
1555 2554 1614 2580 oleo
1632 2553 1658 2579 in

877 2611 965 2646 capite
980 2616 1036 2642 tuo,
1057 2619 1065 2635 ι
1081 2607 1199 2637 ostendit
1216 2611 1252 2638 te,
1267 2604 1348 2632 rectis
1371 2601 1569 2629 intentionibus
1585 2606 1661 2625 men-

879 2663 930 2685 tem
947 2662 1019 2684 tuain
1043 2656 1133 2682 nitore
1163 2652 1335 2683 ornantibus,
1356 2653 1383 2676 et
1404 2646 1539 2683 spirituali
1563 2647 1663 2672 ornatu

877 2704 950 2731 illam
967 2702 1094 2730 induente
1104 2703 1130 2727 et
1146 2700 1202 2730 illo,
1212 2699 1296 2733 quiex
1309 2697 1350 2724 his
1360 2695 1494 2730 sequitur,
1507 2691 1660 2728 splendore.

880 2751 932 2777 hoc
953 2749 1103 2784 pretiosum
1126 2746 1215 2773 oleum
1238 2749 1265 2770 et
1293 2746 1460 2778 unguentum
1481 2738 1554 2774 quod
1575 2735 1664 2764 sancti.

880 2782 998 2831 Spiritus
1023 2792 1138 2828 gratiam
1154 2795 1182 2818 et
1195 2792 1297 2818 donum
1324 2787 1454 2816 describit
1477 2793 1531 2813 non
1554 2782 1663 2811 differre

881 2843 980 2871 debere
1002 2839 1075 2876 quod
1096 2843 1172 2867 tuum
1201 2839 1282 2871 caput
1306 2835 1411 2863 imbuat
1428 2837 1456 2861 ct
1474 2833 1598 2867 inungat,
1635 2834 1663 2857 et
