  <div class='ocr_page' id='page_1' title='image "/cluster/home/n/w/nwhite01/storage/ocr_20150623/101/njp.32101077772877/233.png"; bbox 0 0 1878 3057; ppageno 0'>
   <div class='ocr_carea' id='block_1_1' title="bbox 193 136 245 167">
    <p class='ocr_par' dir='ltr' id='par_1_1' title="bbox 193 136 245 167">
     <span class='ocr_line' id='line_1_1' title="bbox 193 136 245 167; baseline 0 0"><span class='ocrx_word' id='word_1_1' title='bbox 193 136 245 167; x_wconf 75' lang='lat'><strong>3‘30</strong></span> 
     </span>
    </p>
   </div>
   <div class='ocr_carea' id='block_1_2' title="bbox 765 138 1237 170">
    <p class='ocr_par' dir='ltr' id='par_1_2' title="bbox 765 138 1237 170">
     <span class='ocr_line' id='line_1_2' title="bbox 765 138 1237 170; baseline 0.004 -2"><span class='ocrx_word' id='word_1_2' title='bbox 765 138 898 168; x_wconf 86' lang='lat' dir='ltr'><strong>PHOTII</strong></span> <span class='ocrx_word' id='word_1_3' title='bbox 915 139 1167 169; x_wconf 79' lang='lat' dir='ltr'><strong>PATRIARCH/E</strong></span> <span class='ocrx_word' id='word_1_4' title='bbox 1182 139 1237 170; x_wconf 72' lang='grc' dir='ltr'><strong>(ΖΡ.</strong></span> 
     </span>
    </p>
   </div>
   <div class='ocr_carea' id='block_1_3' title="bbox 1764 139 1813 170">
    <p class='ocr_par' dir='ltr' id='par_1_3' title="bbox 1764 139 1813 170">
     <span class='ocr_line' id='line_1_3' title="bbox 1764 139 1813 170; baseline 0 0"><span class='ocrx_word' id='word_1_5' title='bbox 1764 139 1813 170; x_wconf 65' lang='grc'><strong>341)</strong></span> 
     </span>
    </p>
   </div>
   <div class='ocr_carea' id='block_1_4' title="bbox 190 189 959 230">
    <p class='ocr_par' dir='ltr' id='par_1_4' title="bbox 190 189 959 228">
     <span class='ocr_line' id='line_1_4' title="bbox 190 189 959 228; baseline 0.003 -10"><span class='ocrx_word' id='word_1_6' title='bbox 190 192 265 218; x_wconf 83' lang='lat' dir='ltr'><strong>omni</strong></span> <span class='ocrx_word' id='word_1_7' title='bbox 281 198 359 219; x_wconf 84' lang='lat' dir='ltr'><strong>sacra</strong></span> <span class='ocrx_word' id='word_1_8' title='bbox 371 195 397 218; x_wconf 88' lang='lat' dir='ltr'><strong>et</strong></span> <span class='ocrx_word' id='word_1_9' title='bbox 419 189 498 218; x_wconf 87' lang='lat' dir='ltr'><strong>beata</strong></span> <span class='ocrx_word' id='word_1_10' title='bbox 519 191 748 226; x_wconf 72' lang='lat' dir='ltr'><strong>contemplatione</strong></span> <span class='ocrx_word' id='word_1_11' title='bbox 762 198 790 220; x_wconf 93' lang='lat' dir='ltr'><strong>et</strong></span> <span class='ocrx_word' id='word_1_12' title='bbox 805 193 959 228; x_wconf 72' lang='lat' dir='ltr'><strong>perfection</strong></span> 
     </span>
    </p>
   </div>
   <div class='ocr_carea' id='block_1_5' title="bbox 1041 189 1812 230">
    <p class='ocr_par' dir='ltr' id='par_1_5' title="bbox 1041 193 1812 230">
     <span class='ocr_line' id='line_1_5' title="bbox 1041 193 1812 230; baseline 0.001 -10"><span class='ocrx_word' id='word_1_13' title='bbox 1041 195 1215 230; x_wconf 80' lang='grc' dir='ltr'>αταμυριζον</span> <span class='ocrx_word' id='word_1_14' title='bbox 1231 202 1278 220; x_wconf 88' lang='grc' dir='ltr'><strong>σου</strong></span> <span class='ocrx_word' id='word_1_15' title='bbox 1291 193 1321 220; x_wconf 79' lang='grc' dir='ltr'>τὸ</span> <span class='ocrx_word' id='word_1_16' title='bbox 1331 193 1507 229; x_wconf 80' lang='grc' dir='ltr'>ἡγεμονικὸν,</span> <span class='ocrx_word' id='word_1_17' title='bbox 1516 193 1564 221; x_wconf 77' lang='grc' dir='ltr'>καὶ</span> <span class='ocrx_word' id='word_1_18' title='bbox 1574 194 1663 229; x_wconf 69' lang='grc' dir='ltr'>πάσης</span> <span class='ocrx_word' id='word_1_19' title='bbox 1681 195 1757 230; x_wconf 71' lang='grc' dir='ltr'><strong>ῑερὶς</strong></span> <span class='ocrx_word' id='word_1_20' title='bbox 1768 196 1812 221; x_wconf 78' lang='grc' dir='ltr'>καὶ</span> 
     </span>
    </p>
   </div>
   <div class='ocr_carea' id='block_1_6' title="bbox 189 236 975 272">
    <p class='ocr_par' dir='ltr' id='par_1_6' title="bbox 189 236 975 272">
     <span class='ocr_line' id='line_1_6' title="bbox 189 236 975 272; baseline 0.005 -9"><span class='ocrx_word' id='word_1_21' title='bbox 189 236 312 270; x_wconf 89' lang='lat' dir='ltr'><strong>impleat.</strong></span> <span class='ocrx_word' id='word_1_22' title='bbox 331 237 388 264; x_wconf 87' lang='lat' dir='ltr'><strong>Etsi</strong></span> <span class='ocrx_word' id='word_1_23' title='bbox 404 237 477 264; x_wconf 89' lang='lat' dir='ltr'><strong>enim</strong></span> <span class='ocrx_word' id='word_1_24' title='bbox 504 242 587 272; x_wconf 85' lang='lat' dir='ltr'><strong>caput</strong></span> <span class='ocrx_word' id='word_1_25' title='bbox 607 237 744 271; x_wconf 65' lang='lat' dir='ltr'><strong>Ecclesiae,</strong></span> <span class='ocrx_word' id='word_1_26' title='bbox 764 239 789 266; x_wconf 90' lang='lat' dir='ltr'><strong>id</strong></span> <span class='ocrx_word' id='word_1_27' title='bbox 803 244 845 267; x_wconf 90' lang='lat' dir='ltr'><strong>est</strong></span> <span class='ocrx_word' id='word_1_28' title='bbox 856 239 975 266; x_wconf 87' lang='lat' dir='ltr'><strong>ﬁdelium</strong></span> 
     </span>
    </p>
   </div>
   <div class='ocr_carea' id='block_1_7' title="bbox 189 280 977 318">
    <p class='ocr_par' dir='ltr' id='par_1_7' title="bbox 189 280 977 318">
     <span class='ocr_line' id='line_1_7' title="bbox 189 280 977 318; baseline 0.004 -10"><span class='ocrx_word' id='word_1_29' title='bbox 189 280 316 308; x_wconf 77' lang='lat' dir='ltr'><strong>Christus</strong></span> <span class='ocrx_word' id='word_1_30' title='bbox 344 281 459 313; x_wconf 81' lang='lat' dir='ltr'><strong>dicitur.</strong></span> <span class='ocrx_word' id='word_1_31' title='bbox 479 281 532 309; x_wconf 85' lang='lat' dir='ltr'><strong>sibi</strong></span> <span class='ocrx_word' id='word_1_32' title='bbox 560 286 650 310; x_wconf 86' lang='lat' dir='ltr'><strong>tamen</strong></span> <span class='ocrx_word' id='word_1_33' title='bbox 675 282 729 310; x_wconf 90' lang='lat' dir='ltr'><strong>alio</strong></span> <span class='ocrx_word' id='word_1_34' title='bbox 747 283 827 311; x_wconf 92' lang='lat' dir='ltr'><strong>modo</strong></span> <span class='ocrx_word' id='word_1_35' title='bbox 845 291 977 318; x_wconf 83' lang='lat' dir='ltr'><strong>pauperes</strong></span> 
     </span>
    </p>
   </div>
   <div class='ocr_carea' id='block_1_8' title="bbox 187 326 976 364">
    <p class='ocr_par' dir='ltr' id='par_1_8' title="bbox 187 326 976 364">
     <span class='ocr_line' id='line_1_8' title="bbox 187 326 976 364; baseline 0.006 -12"><span class='ocrx_word' id='word_1_36' title='bbox 187 326 328 361; x_wconf 75' lang='lat' dir='ltr'><strong>coniungit</strong></span> <span class='ocrx_word' id='word_1_37' title='bbox 342 331 370 353; x_wconf 88' lang='lat' dir='ltr'><strong>et</strong></span> <span class='ocrx_word' id='word_1_38' title='bbox 380 327 471 354; x_wconf 87' lang='lat' dir='ltr'><strong>datam</strong></span> <span class='ocrx_word' id='word_1_39' title='bbox 490 327 542 354; x_wconf 84' lang='lat' dir='ltr'><strong>illis</strong></span> <span class='ocrx_word' id='word_1_40' title='bbox 557 328 758 364; x_wconf 82' lang='lat' dir='ltr'><strong>cleemosynam</strong></span> <span class='ocrx_word' id='word_1_41' title='bbox 774 330 807 356; x_wconf 82' lang='lat' dir='ltr'><strong>ad</strong></span> <span class='ocrx_word' id='word_1_42' title='bbox 826 337 856 357; x_wconf 89' lang='lat' dir='ltr'><strong>se</strong></span> <span class='ocrx_word' id='word_1_43' title='bbox 871 329 976 364; x_wconf 79' lang='lat' dir='ltr'><strong>refert;</strong></span> 
     </span>
    </p>
   </div>
   <div class='ocr_carea' id='block_1_9' title="bbox 189 371 974 403">
    <p class='ocr_par' dir='ltr' id='par_1_9' title="bbox 189 371 974 403">
     <span class='ocr_line' id='line_1_9' title="bbox 189 371 974 403; baseline 0.008 -7"><span class='ocrx_word' id='word_1_44' title='bbox 189 380 198 395; x_wconf 70' lang='grc' dir='ltr'><strong>ε</strong></span> <span class='ocrx_word' id='word_1_45' title='bbox 209 371 286 403; x_wconf 82' lang='lat' dir='ltr'><strong>Quod</strong></span> <span class='ocrx_word' id='word_1_46' title='bbox 294 371 366 398; x_wconf 89' lang='lat' dir='ltr'><strong>cnim</strong></span> <span class='ocrx_word' id='word_1_47' title='bbox 377 372 422 399; x_wconf 90' lang='lat' dir='ltr'><strong>uni</strong></span> <span class='ocrx_word' id='word_1_48' title='bbox 436 379 530 400; x_wconf 88' lang='lat' dir='ltr'><strong>eorum</strong></span> <span class='ocrx_word' id='word_1_49' title='bbox 540 373 655 401; x_wconf 77' lang='lat' dir='ltr'><strong>fratrum</strong></span> <span class='ocrx_word' id='word_1_50' title='bbox 666 382 787 402; x_wconf 89' lang='lat' dir='ltr'><strong>meorum</strong></span> <span class='ocrx_word' id='word_1_51' title='bbox 799 376 974 402; x_wconf 76' lang='lat' dir='ltr'><strong>minimarum</strong></span> 
     </span>
    </p>
   </div>
   <div class='ocr_carea' id='block_1_10' title="bbox 187 414 979 454">
    <p class='ocr_par' dir='ltr' id='par_1_10' title="bbox 187 414 979 454">
     <span class='ocr_line' id='line_1_10' title="bbox 187 414 979 454; baseline 0.01 -13"><span class='ocrx_word' id='word_1_52' title='bbox 187 414 316 449; x_wconf 75' lang='lat' dir='ltr'><strong>feceritis,</strong></span> <span class='ocrx_word' id='word_1_53' title='bbox 329 417 395 444; x_wconf 90' lang='lat' dir='ltr'><strong>mihi</strong></span> <span class='ocrx_word' id='word_1_54' title='bbox 408 417 523 450; x_wconf 81' lang='lat' dir='ltr'><strong>fecistis.</strong></span> <span class='ocrx_word' id='word_1_55' title='bbox 542 428 552 444; x_wconf 80' lang='grc' dir='ltr'><strong>ι</strong></span> <span class='ocrx_word' id='word_1_56' title='bbox 568 418 620 446; x_wconf 87' lang='lat' dir='ltr'><strong>Per</strong></span> <span class='ocrx_word' id='word_1_57' title='bbox 634 421 811 454; x_wconf 73' lang='lat' dir='ltr'><strong>praecedentia</strong></span> <span class='ocrx_word' id='word_1_58' title='bbox 829 422 912 449; x_wconf 84' lang='lat' dir='ltr'><strong>verba</strong></span> <span class='ocrx_word' id='word_1_59' title='bbox 925 422 979 449; x_wconf 80' lang='lat' dir='ltr'><strong>Ec-</strong></span> 
     </span>
    </p>
   </div>
   <div class='ocr_carea' id='block_1_11' title="bbox 185 458 972 501">
    <p class='ocr_par' dir='ltr' id='par_1_11' title="bbox 185 458 972 501">
     <span class='ocr_line' id='line_1_11' title="bbox 185 458 972 501; baseline 0.011 -16"><span class='ocrx_word' id='word_1_60' title='bbox 185 458 328 487; x_wconf 79' lang='lat' dir='ltr'><strong>clesiastes</strong></span> <span class='ocrx_word' id='word_1_61' title='bbox 341 460 467 488; x_wconf 73' lang='lat' dir='ltr'><strong>hortatur</strong></span> <span class='ocrx_word' id='word_1_62' title='bbox 478 466 505 489; x_wconf 92' lang='lat' dir='ltr'><strong>ut</strong></span> <span class='ocrx_word' id='word_1_63' title='bbox 515 468 596 497; x_wconf 83' lang='lat' dir='ltr'><strong>caput</strong></span> <span class='ocrx_word' id='word_1_64' title='bbox 606 469 728 492; x_wconf 91' lang='lat' dir='ltr'><strong>nostrum</strong></span> <span class='ocrx_word' id='word_1_65' title='bbox 739 465 799 492; x_wconf 88' lang='lat' dir='ltr'><strong>oleo</strong></span> <span class='ocrx_word' id='word_1_66' title='bbox 808 473 908 501; x_wconf 80' lang='lat' dir='ltr'><strong>ungere</strong></span> <span class='ocrx_word' id='word_1_67' title='bbox 917 474 972 494; x_wconf 90' lang='lat' dir='ltr'><strong>non</strong></span> 
     </span>
    </p>
   </div>
   <div class='ocr_carea' id='block_1_12' title="bbox 184 505 972 547">
    <p class='ocr_par' dir='ltr' id='par_1_12' title="bbox 184 505 972 547">
     <span class='ocr_line' id='line_1_12' title="bbox 184 505 972 547; baseline 0.013 -17"><span class='ocrx_word' id='word_1_68' title='bbox 184 505 371 540; x_wconf 77' lang='lat' dir='ltr'><strong>negligamus;</strong></span> <span class='ocrx_word' id='word_1_69' title='bbox 392 508 466 542; x_wconf 91' lang='lat' dir='ltr'><strong>quod</strong></span> <span class='ocrx_word' id='word_1_70' title='bbox 486 513 528 535; x_wconf 87' lang='lat' dir='ltr'><strong>est</strong></span> <span class='ocrx_word' id='word_1_71' title='bbox 541 515 669 544; x_wconf 88' lang='lat' dir='ltr'><strong>perpetuo</strong></span> <span class='ocrx_word' id='word_1_72' title='bbox 683 511 884 547; x_wconf 87' lang='lat' dir='ltr'><strong>eleemosynam</strong></span> <span class='ocrx_word' id='word_1_73' title='bbox 904 520 972 547; x_wconf 87' lang='lat' dir='ltr'><strong>pau-</strong></span> 
     </span>
    </p>
   </div>
   <div class='ocr_carea' id='block_1_13' title="bbox 183 552 974 594">
    <p class='ocr_par' dir='ltr' id='par_1_13' title="bbox 183 552 974 594">
     <span class='ocr_line' id='line_1_13' title="bbox 183 552 974 594; baseline 0.011 -16"><span class='ocrx_word' id='word_1_74' title='bbox 183 552 296 586; x_wconf 86' lang='lat' dir='ltr'><strong>peribus</strong></span> <span class='ocrx_word' id='word_1_75' title='bbox 307 554 381 581; x_wconf 88' lang='lat' dir='ltr'><strong>dare.</strong></span> <span class='ocrx_word' id='word_1_76' title='bbox 395 554 448 582; x_wconf 90' lang='lat' dir='ltr'><strong>Pcr</strong></span> <span class='ocrx_word' id='word_1_77' title='bbox 462 555 520 583; x_wconf 74' lang='lat' dir='ltr'><strong>haec</strong></span> <span class='ocrx_word' id='word_1_78' title='bbox 532 557 603 584; x_wconf 91' lang='lat' dir='ltr'><strong>enim</strong></span> <span class='ocrx_word' id='word_1_79' title='bbox 616 558 642 584; x_wconf 86' lang='lat' dir='ltr'><strong>in</strong></span> <span class='ocrx_word' id='word_1_80' title='bbox 658 563 780 586; x_wconf 87' lang='lat' dir='ltr'><strong>nostrum</strong></span> <span class='ocrx_word' id='word_1_81' title='bbox 794 563 875 594; x_wconf 87' lang='lat' dir='ltr'><strong>caput</strong></span> <span class='ocrx_word' id='word_1_82' title='bbox 894 559 974 587; x_wconf 88' lang='lat' dir='ltr'><strong>Chri-</strong></span> 
     </span>
    </p>
   </div>
   <div class='ocr_carea' id='block_1_14' title="bbox 184 599 971 640">
    <p class='ocr_par' dir='ltr' id='par_1_14' title="bbox 184 599 971 640">
     <span class='ocr_line' id='line_1_14' title="bbox 184 599 971 640; baseline 0.011 -16"><span class='ocrx_word' id='word_1_83' title='bbox 184 601 257 624; x_wconf 89' lang='lat' dir='ltr'><strong>stum</strong></span> <span class='ocrx_word' id='word_1_84' title='bbox 280 599 492 628; x_wconf 80' lang='lat' dir='ltr'><strong>misericordiam</strong></span> <span class='ocrx_word' id='word_1_85' title='bbox 523 601 685 637; x_wconf 86' lang='lat' dir='ltr'><strong>inferimus;</strong></span> <span class='ocrx_word' id='word_1_86' title='bbox 707 604 754 631; x_wconf 86' lang='lat' dir='ltr'><strong>sed</strong></span> <span class='ocrx_word' id='word_1_87' title='bbox 777 604 834 632; x_wconf 73' lang='lat' dir='ltr'><strong>haec</strong></span> <span class='ocrx_word' id='word_1_88' title='bbox 861 605 971 640; x_wconf 86' lang='lat' dir='ltr'><strong>quidem</strong></span> 
     </span>
    </p>
   </div>
   <div class='ocr_carea' id='block_1_15' title="bbox 183 643 325 672">
    <p class='ocr_par' dir='ltr' id='par_1_15' title="bbox 183 643 325 672">
     <span class='ocr_line' id='line_1_15' title="bbox 183 643 325 672; baseline 0.007 -3"><span class='ocrx_word' id='word_1_89' title='bbox 183 643 325 672; x_wconf 82' lang='lat' dir='ltr'><strong>hactenus.</strong></span> 
     </span>
    </p>
   </div>
   <div class='ocr_carea' id='block_1_16' title="bbox 1028 239 1812 275">
    <p class='ocr_par' dir='ltr' id='par_1_16' title="bbox 1028 239 1812 275">
     <span class='ocr_line' id='line_1_16' title="bbox 1028 239 1812 275; baseline 0.003 -9"><span class='ocrx_word' id='word_1_90' title='bbox 1028 240 1168 275; x_wconf 80' lang='grc' dir='ltr'><strong>μακαρίας</strong></span> <span class='ocrx_word' id='word_1_91' title='bbox 1179 239 1382 275; x_wconf 84' lang='grc' dir='ltr'>ἀνεμπιμπλῶν</span> <span class='ocrx_word' id='word_1_92' title='bbox 1396 239 1513 274; x_wconf 81' lang='grc' dir='ltr'><strong>Θεωρίας</strong></span> <span class='ocrx_word' id='word_1_93' title='bbox 1527 248 1557 266; x_wconf 89' lang='grc' dir='ltr'><strong>τε</strong></span> <span class='ocrx_word' id='word_1_94' title='bbox 1571 241 1619 267; x_wconf 80' lang='grc' dir='ltr'>καὶ</span> <span class='ocrx_word' id='word_1_95' title='bbox 1632 241 1812 275; x_wconf 81' lang='grc' dir='ltr'>τελειότητος.</span> 
     </span>
    </p>
   </div>
   <div class='ocr_carea' id='block_1_17' title="bbox 1025 282 1799 320">
    <p class='ocr_par' dir='ltr' id='par_1_17' title="bbox 1025 282 1799 320">
     <span class='ocr_line' id='line_1_17' title="bbox 1025 282 1799 320; baseline 0.004 -12"><span class='ocrx_word' id='word_1_96' title='bbox 1025 283 1057 309; x_wconf 81' lang='lat' dir='ltr'><strong>El</strong></span> <span class='ocrx_word' id='word_1_97' title='bbox 1070 282 1099 309; x_wconf 79' lang='grc' dir='ltr'><strong>δὲ</strong></span> <span class='ocrx_word' id='word_1_98' title='bbox 1112 283 1159 310; x_wconf 78' lang='grc' dir='ltr'>καὶ</span> <span class='ocrx_word' id='word_1_99' title='bbox 1175 283 1280 318; x_wconf 77' lang='grc' dir='ltr'>κεφαλὴ</span> <span class='ocrx_word' id='word_1_100' title='bbox 1296 283 1345 318; x_wconf 86' lang='grc' dir='ltr'><strong>τῆς</strong></span> <span class='ocrx_word' id='word_1_101' title='bbox 1365 283 1541 320; x_wconf 72' lang='grc' dir='ltr'>Ἐκκλησίας,</span> <span class='ocrx_word' id='word_1_102' title='bbox 1558 285 1682 311; x_wconf 75' lang='grc' dir='ltr'><strong>τουτέστι</strong></span> <span class='ocrx_word' id='word_1_103' title='bbox 1696 285 1753 312; x_wconf 84' lang='grc' dir='ltr'><strong>τῶν</strong></span> <span class='ocrx_word' id='word_1_104' title='bbox 1770 294 1799 311; x_wconf 84' lang='grc' dir='ltr'><strong>πι</strong></span> 
     </span>
    </p>
   </div>
   <div class='ocr_carea' id='block_1_18' title="bbox 1027 327 1812 363">
    <p class='ocr_par' dir='ltr' id='par_1_18' title="bbox 1027 327 1812 363">
     <span class='ocr_line' id='line_1_18' title="bbox 1027 327 1812 363; baseline 0.005 -10"><span class='ocrx_word' id='word_1_105' title='bbox 1027 327 1110 361; x_wconf 84' lang='grc' dir='ltr'>στῶν,</span> <span class='ocrx_word' id='word_1_106' title='bbox 1131 328 1145 354; x_wconf 85' lang='grc' dir='ltr'>ὁ</span> <span class='ocrx_word' id='word_1_107' title='bbox 1161 328 1279 363; x_wconf 76' lang='grc' dir='ltr'>Χριστὸς</span> <span class='ocrx_word' id='word_1_108' title='bbox 1291 328 1401 362; x_wconf 88' lang='grc' dir='ltr'>λέγεται</span> <span class='ocrx_word' id='word_1_109' title='bbox 1416 329 1463 355; x_wconf 81' lang='grc' dir='ltr'>καὶ</span> <span class='ocrx_word' id='word_1_110' title='bbox 1479 329 1649 363; x_wconf 78' lang='grc' dir='ltr'><strong>πιστεύεται,</strong></span> <span class='ocrx_word' id='word_1_111' title='bbox 1665 331 1812 357; x_wconf 76' lang='grc' dir='ltr'>οἰκειοῦται</span> 
     </span>
    </p>
   </div>
   <div class='ocr_carea' id='block_1_19' title="bbox 1026 373 1813 411">
    <p class='ocr_par' dir='ltr' id='par_1_19' title="bbox 1026 373 1813 411">
     <span class='ocr_line' id='line_1_19' title="bbox 1026 373 1813 411; baseline 0.003 -11"><span class='ocrx_word' id='word_1_112' title='bbox 1026 373 1055 400; x_wconf 78' lang='grc' dir='ltr'><strong>δὲ</strong></span> <span class='ocrx_word' id='word_1_113' title='bbox 1074 374 1155 400; x_wconf 80' lang='grc' dir='ltr'>πάλιν</span> <span class='ocrx_word' id='word_1_114' title='bbox 1169 374 1271 409; x_wconf 80' lang='grc' dir='ltr'><strong>τρόπον</strong></span> <span class='ocrx_word' id='word_1_115' title='bbox 1293 374 1388 410; x_wconf 69' lang='grc' dir='ltr'>ἕτερον</span> <span class='ocrx_word' id='word_1_116' title='bbox 1403 375 1468 406; x_wconf 80' lang='grc' dir='ltr'>τοὺς</span> <span class='ocrx_word' id='word_1_117' title='bbox 1490 374 1610 408; x_wconf 83' lang='grc' dir='ltr'><strong>πένητας</strong></span> <span class='ocrx_word' id='word_1_118' title='bbox 1627 376 1676 403; x_wconf 78' lang='grc' dir='ltr'>καὶ</span> <span class='ocrx_word' id='word_1_119' title='bbox 1697 376 1748 411; x_wconf 77' lang='grc' dir='ltr'>τὴν</span> <span class='ocrx_word' id='word_1_120' title='bbox 1775 378 1813 408; x_wconf 78' lang='grc' dir='ltr'><strong>εἰς</strong></span> 
     </span>
    </p>
   </div>
   <div class='ocr_carea' id='block_1_20' title="bbox 1025 419 1812 457">
    <p class='ocr_par' dir='ltr' id='par_1_20' title="bbox 1025 419 1812 457">
     <span class='ocr_line' id='line_1_20' title="bbox 1025 419 1812 457; baseline 0.004 -11"><span class='ocrx_word' id='word_1_121' title='bbox 1025 419 1147 451; x_wconf 74' lang='grc' dir='ltr'><strong>ἐκείνους</strong></span> <span class='ocrx_word' id='word_1_122' title='bbox 1169 420 1356 456; x_wconf 72' lang='grc' dir='ltr'><strong>ἐλεημοσύνην</strong></span> <span class='ocrx_word' id='word_1_123' title='bbox 1368 421 1408 452; x_wconf 80' lang='grc' dir='ltr'><strong>εἰς</strong></span> <span class='ocrx_word' id='word_1_124' title='bbox 1418 420 1514 447; x_wconf 78' lang='grc' dir='ltr'>ἑαυτὸν</span> <span class='ocrx_word' id='word_1_125' title='bbox 1531 421 1713 457; x_wconf 79' lang='grc' dir='ltr'>ἀναδέχεται·</span> <span class='ocrx_word' id='word_1_126' title='bbox 1731 432 1740 448; x_wconf 84' lang='grc'><strong>‹</strong></span> <span class='ocrx_word' id='word_1_127' title='bbox 1755 423 1812 457; x_wconf 75' lang='grc' dir='ltr'><strong>Ἐφ’</strong></span> 
     </span>
    </p>
   </div>
   <div class='ocr_carea' id='block_1_21' title="bbox 1024 465 1813 503">
    <p class='ocr_par' dir='ltr' id='par_1_21' title="bbox 1024 465 1813 503">
     <span class='ocr_line' id='line_1_21' title="bbox 1024 465 1813 503; baseline 0.004 -12"><span class='ocrx_word' id='word_1_128' title='bbox 1024 465 1087 491; x_wconf 84' lang='grc' dir='ltr'>ὅσον</span> <span class='ocrx_word' id='word_1_129' title='bbox 1104 465 1158 500; x_wconf 86' lang='grc' dir='ltr'><strong>γὰρ</strong></span> <span class='ocrx_word' id='word_1_130' title='bbox 1174 466 1321 500; x_wconf 85' lang='grc' dir='ltr'>ἐποιήσατε</span> <span class='ocrx_word' id='word_1_131' title='bbox 1344 466 1384 493; x_wconf 80' lang='grc' dir='ltr'>ἐνὶ</span> <span class='ocrx_word' id='word_1_132' title='bbox 1411 466 1514 493; x_wconf 82' lang='grc' dir='ltr'>τούτων</span> <span class='ocrx_word' id='word_1_133' title='bbox 1536 467 1591 494; x_wconf 89' lang='grc' dir='ltr'><strong>τῶν</strong></span> <span class='ocrx_word' id='word_1_134' title='bbox 1615 468 1738 503; x_wconf 82' lang='grc' dir='ltr'>ἀδελφῶν</span> <span class='ocrx_word' id='word_1_135' title='bbox 1763 477 1813 501; x_wconf 68' lang='grc' dir='ltr'><strong>μου</strong></span> 
     </span>
    </p>
   </div>
   <div class='ocr_carea' id='block_1_22' title="bbox 1024 511 1812 548">
    <p class='ocr_par' dir='ltr' id='par_1_22' title="bbox 1024 511 1812 548">
     <span class='ocr_line' id='line_1_22' title="bbox 1024 511 1812 548; baseline 0.004 -10"><span class='ocrx_word' id='word_1_136' title='bbox 1024 511 1078 538; x_wconf 86' lang='grc' dir='ltr'><strong>τῶν</strong></span> <span class='ocrx_word' id='word_1_137' title='bbox 1093 512 1253 548; x_wconf 86' lang='grc' dir='ltr'>ἐλαχίστων,</span> <span class='ocrx_word' id='word_1_138' title='bbox 1266 513 1327 547; x_wconf 74' lang='grc' dir='ltr'>ἐμοὶ</span> <span class='ocrx_word' id='word_1_139' title='bbox 1337 513 1494 548; x_wconf 72' lang='grc' dir='ltr'>ἐποιήσατε.</span> <span class='ocrx_word' id='word_1_140' title='bbox 1510 522 1519 539; x_wconf 75' lang='grc' dir='ltr'><strong>ι</strong></span> <span class='ocrx_word' id='word_1_141' title='bbox 1534 514 1583 540; x_wconf 83' lang='grc' dir='ltr'>Διὰ</span> <span class='ocrx_word' id='word_1_142' title='bbox 1593 513 1647 540; x_wconf 84' lang='grc' dir='ltr'><strong>τῶν</strong></span> <span class='ocrx_word' id='word_1_143' title='bbox 1662 516 1812 548; x_wconf 83' lang='grc' dir='ltr'>προκειμέ-</span> 
     </span>
    </p>
   </div>
   <div class='ocr_carea' id='block_1_23' title="bbox 1024 558 1813 595">
    <p class='ocr_par' dir='ltr' id='par_1_23' title="bbox 1024 558 1813 595">
     <span class='ocr_line' id='line_1_23' title="bbox 1024 558 1813 595; baseline 0.003 -10"><span class='ocrx_word' id='word_1_144' title='bbox 1024 567 1076 586; x_wconf 86' lang='grc' dir='ltr'><strong>νων</strong></span> <span class='ocrx_word' id='word_1_145' title='bbox 1090 558 1177 592; x_wconf 85' lang='grc' dir='ltr'>λόγων</span> <span class='ocrx_word' id='word_1_146' title='bbox 1189 559 1202 585; x_wconf 85' lang='grc' dir='ltr'>ὁ</span> <span class='ocrx_word' id='word_1_147' title='bbox 1215 558 1435 593; x_wconf 83' lang='grc' dir='ltr'>Ἐκκλησιαστὴς</span> <span class='ocrx_word' id='word_1_148' title='bbox 1449 560 1578 594; x_wconf 84' lang='grc' dir='ltr'>παραινεῖ</span> <span class='ocrx_word' id='word_1_149' title='bbox 1593 559 1630 594; x_wconf 77' lang='grc' dir='ltr'>μὴ</span> <span class='ocrx_word' id='word_1_150' title='bbox 1647 561 1813 595; x_wconf 80' lang='grc' dir='ltr'>καταμελεῖν</span> 
     </span>
    </p>
   </div>
   <div class='ocr_carea' id='block_1_24' title="bbox 1023 601 1813 639">
    <p class='ocr_par' dir='ltr' id='par_1_24' title="bbox 1023 601 1813 639">
     <span class='ocr_line' id='line_1_24' title="bbox 1023 601 1813 639; baseline 0.001 -10"><span class='ocrx_word' id='word_1_151' title='bbox 1023 603 1073 629; x_wconf 82' lang='grc' dir='ltr'><strong>τοῦ</strong></span> <span class='ocrx_word' id='word_1_152' title='bbox 1089 603 1212 636; x_wconf 78' lang='grc' dir='ltr'>ἀλείφειν</span> <span class='ocrx_word' id='word_1_153' title='bbox 1235 602 1315 637; x_wconf 85' lang='grc' dir='ltr'>ἡμῶν</span> <span class='ocrx_word' id='word_1_154' title='bbox 1328 601 1411 637; x_wconf 85' lang='grc' dir='ltr'>ἐλαίῳ</span> <span class='ocrx_word' id='word_1_155' title='bbox 1434 603 1483 638; x_wconf 81' lang='grc' dir='ltr'>τὴν</span> <span class='ocrx_word' id='word_1_156' title='bbox 1500 603 1637 639; x_wconf 80' lang='grc' dir='ltr'>κεφαλήν·</span> <span class='ocrx_word' id='word_1_157' title='bbox 1651 604 1721 639; x_wconf 83' lang='grc' dir='ltr'>ὅπερ</span> <span class='ocrx_word' id='word_1_158' title='bbox 1739 605 1813 630; x_wconf 72' lang='grc' dir='ltr'>ἐστὶν</span> 
     </span>
    </p>
   </div>
   <div class='ocr_carea' id='block_1_25' title="bbox 1023 648 1811 686">
    <p class='ocr_par' dir='ltr' id='par_1_25' title="bbox 1023 648 1811 686">
     <span class='ocr_line' id='line_1_25' title="bbox 1023 648 1811 686; baseline 0.001 -11"><span class='ocrx_word' id='word_1_159' title='bbox 1023 649 1138 676; x_wconf 81' lang='grc' dir='ltr'>ἀένναον</span> <span class='ocrx_word' id='word_1_160' title='bbox 1156 648 1207 682; x_wconf 80' lang='grc' dir='ltr'>τὴν</span> <span class='ocrx_word' id='word_1_161' title='bbox 1222 648 1409 683; x_wconf 79' lang='grc' dir='ltr'>ἐλεημοσύνην</span> <span class='ocrx_word' id='word_1_162' title='bbox 1422 649 1478 680; x_wconf 81' lang='grc' dir='ltr'>τοῖς</span> <span class='ocrx_word' id='word_1_163' title='bbox 1494 649 1654 683; x_wconf 80' lang='grc' dir='ltr'>πενομένοις</span> <span class='ocrx_word' id='word_1_164' title='bbox 1671 652 1811 686; x_wconf 81' lang='grc' dir='ltr'>χορηγεῖν.</span> 
     </span>
    </p>
   </div>
   <div class='ocr_carea' id='block_1_26' title="bbox 182 688 1813 732">
    <p class='ocr_par' dir='ltr' id='par_1_26' title="bbox 182 688 1813 732">
     <span class='ocr_line' id='line_1_26' title="bbox 182 688 1813 732; baseline 0 -9"><span class='ocrx_word' id='word_1_165' title='bbox 182 688 233 715; x_wconf 77' lang='grc' dir='ltr'><strong>Διά</strong></span> <span class='ocrx_word' id='word_1_166' title='bbox 248 688 302 724; x_wconf 70' lang='grc' dir='ltr'>γὰρ</span> <span class='ocrx_word' id='word_1_167' title='bbox 316 689 430 718; x_wconf 69' lang='grc' dir='ltr'><strong>ὲκείνων</strong></span> <span class='ocrx_word' id='word_1_168' title='bbox 444 693 485 724; x_wconf 69' lang='grc' dir='ltr'><strong>εἰς</strong></span> <span class='ocrx_word' id='word_1_169' title='bbox 499 693 549 728; x_wconf 78' lang='grc' dir='ltr'><strong>τὴν</strong></span> <span class='ocrx_word' id='word_1_170' title='bbox 564 694 644 729; x_wconf 81' lang='grc' dir='ltr'>ἡμῶν</span> <span class='ocrx_word' id='word_1_171' title='bbox 664 695 788 730; x_wconf 75' lang='grc' dir='ltr'>κεφαλὴν</span> <span class='ocrx_word' id='word_1_172' title='bbox 809 696 855 722; x_wconf 73' lang='grc' dir='ltr'>τὸν</span> <span class='ocrx_word' id='word_1_173' title='bbox 870 696 988 732; x_wconf 79' lang='grc' dir='ltr'>Χριστὸν</span> <span class='ocrx_word' id='word_1_174' title='bbox 1007 695 1053 723; x_wconf 80' lang='grc' dir='ltr'>τὸν</span> <span class='ocrx_word' id='word_1_175' title='bbox 1079 694 1154 722; x_wconf 74' lang='grc' dir='ltr'>ἔλεον</span> <span class='ocrx_word' id='word_1_176' title='bbox 1187 694 1380 730; x_wconf 80' lang='grc' dir='ltr'>ἀναφέρομεν·</span> <span class='ocrx_word' id='word_1_177' title='bbox 1405 694 1473 722; x_wconf 80' lang='grc' dir='ltr'>ἀλλὰ</span> <span class='ocrx_word' id='word_1_178' title='bbox 1496 695 1584 723; x_wconf 81' lang='grc' dir='ltr'>ταῦτα</span> <span class='ocrx_word' id='word_1_179' title='bbox 1607 696 1658 731; x_wconf 76' lang='grc' dir='ltr'>μὲν</span> <span class='ocrx_word' id='word_1_180' title='bbox 1680 697 1728 722; x_wconf 80' lang='grc' dir='ltr'><strong>ἐπὶ</strong></span> <span class='ocrx_word' id='word_1_181' title='bbox 1752 706 1813 723; x_wconf 79' lang='grc' dir='ltr'>τοσ-</span> 
     </span>
    </p>
   </div>
   <div class='ocr_carea' id='block_1_27' title="bbox 182 732 271 761">
    <p class='ocr_par' dir='ltr' id='par_1_27' title="bbox 182 732 271 761">
     <span class='ocr_line' id='line_1_27' title="bbox 182 732 271 761; baseline 0.034 -3"><span class='ocrx_word' id='word_1_182' title='bbox 182 732 271 761; x_wconf 88' lang='grc' dir='ltr'>οὖτον.</span> 
     </span>
    </p>
   </div>
   <div class='ocr_carea' id='block_1_28' title="bbox 217 777 959 823">
    <p class='ocr_par' dir='ltr' id='par_1_28' title="bbox 217 777 959 822">
     <span class='ocr_line' id='line_1_28' title="bbox 217 777 959 822; baseline 0.015 -17"><span class='ocrx_word' id='word_1_183' title='bbox 217 777 282 806; x_wconf 88' lang='lat' dir='ltr'><strong>Scio</strong></span> <span class='ocrx_word' id='word_1_184' title='bbox 294 784 385 808; x_wconf 90' lang='lat' dir='ltr'><strong>autem</strong></span> <span class='ocrx_word' id='word_1_185' title='bbox 399 783 532 816; x_wconf 86' lang='lat' dir='ltr'><strong>quosdam</strong></span> <span class='ocrx_word' id='word_1_186' title='bbox 545 784 653 820; x_wconf 75' lang='lat' dir='ltr'><strong>dignam</strong></span> <span class='ocrx_word' id='word_1_187' title='bbox 666 785 692 813; x_wconf 94' lang='lat' dir='ltr'><strong>in</strong></span> <span class='ocrx_word' id='word_1_188' title='bbox 708 786 799 814; x_wconf 89' lang='lat' dir='ltr'><strong>multis</strong></span> <span class='ocrx_word' id='word_1_189' title='bbox 815 787 959 822; x_wconf 88' lang='lat' dir='ltr'><strong>opinionen</strong></span> 
     </span>
    </p>
   </div>
   <div class='ocr_carea' id='block_1_29' title="bbox 1041 777 1812 823">
    <p class='ocr_par' dir='ltr' id='par_1_29' title="bbox 1058 784 1812 823">
     <span class='ocr_line' id='line_1_29' title="bbox 1058 784 1812 823; baseline 0.001 -10"><span class='ocrx_word' id='word_1_190' title='bbox 1058 784 1124 813; x_wconf 83' lang='grc' dir='ltr'>Οἶδα</span> <span class='ocrx_word' id='word_1_191' title='bbox 1140 785 1168 813; x_wconf 78' lang='grc' dir='ltr'>δέ</span> <span class='ocrx_word' id='word_1_192' title='bbox 1180 794 1257 818; x_wconf 86' lang='grc' dir='ltr'>τινας</span> <span class='ocrx_word' id='word_1_193' title='bbox 1277 785 1416 820; x_wconf 78' lang='grc' dir='ltr'>ἀξιόλογον</span> <span class='ocrx_word' id='word_1_194' title='bbox 1431 786 1460 813; x_wconf 75' lang='grc' dir='ltr'><strong>ἐν</strong></span> <span class='ocrx_word' id='word_1_195' title='bbox 1470 786 1578 819; x_wconf 76' lang='grc' dir='ltr'>πολλοῖς</span> <span class='ocrx_word' id='word_1_196' title='bbox 1592 787 1729 822; x_wconf 71' lang='grc' dir='ltr'>ὑπόληψιν</span> <span class='ocrx_word' id='word_1_197' title='bbox 1742 796 1812 823; x_wconf 87' lang='grc' dir='ltr'>παρ-</span> 
     </span>
    </p>
   </div>
   <div class='ocr_carea' id='block_1_30' title="bbox 181 828 971 867">
    <p class='ocr_par' dir='ltr' id='par_1_30' title="bbox 181 828 971 867">
     <span class='ocr_line' id='line_1_30' title="bbox 181 828 971 867; baseline 0.015 -18"><span class='ocrx_word' id='word_1_198' title='bbox 181 828 348 856; x_wconf 60' lang='lat' dir='ltr'><strong>prasentare</strong></span> <span class='ocrx_word' id='word_1_199' title='bbox 362 833 422 860; x_wconf 73' lang='grc' dir='ltr'>ψιειξ</span> <span class='ocrx_word' id='word_1_200' title='bbox 438 832 572 863; x_wconf 79' lang='lat' dir='ltr'><strong>expurgat</strong></span> <span class='ocrx_word' id='word_1_201' title='bbox 594 836 625 856; x_wconf 86' lang='lat' dir='ltr'><strong>ea</strong></span> <span class='ocrx_word' id='word_1_202' title='bbox 643 836 705 864; x_wconf 68' lang='lat' dir='ltr'><strong>qua:</strong></span> <span class='ocrx_word' id='word_1_203' title='bbox 727 838 759 858; x_wconf 82' lang='lat' dir='ltr'><strong>ex</strong></span> <span class='ocrx_word' id='word_1_204' title='bbox 778 837 872 859; x_wconf 81' lang='lat' dir='ltr'><strong>nostra</strong></span> <span class='ocrx_word' id='word_1_205' title='bbox 887 841 971 867; x_wconf 64' lang='grc'><strong>38118³</strong></span> 
     </span>
    </p>
   </div>
   <div class='ocr_carea' id='block_1_31' title="bbox 181 867 970 912">
    <p class='ocr_par' dir='ltr' id='par_1_31' title="bbox 181 867 970 912">
     <span class='ocr_line' id='line_1_31' title="bbox 181 867 970 912; baseline 0.018 -20"><span class='ocrx_word' id='word_1_206' title='bbox 181 867 288 895; x_wconf 81' lang='lat' dir='ltr'><strong>ratione</strong></span> <span class='ocrx_word' id='word_1_207' title='bbox 303 870 428 905; x_wconf 80' lang='lat' dir='ltr'><strong>contagia</strong></span> <span class='ocrx_word' id='word_1_208' title='bbox 452 878 605 906; x_wconf 89' lang='lat' dir='ltr'><strong>sequuntur</strong></span> <span class='ocrx_word' id='word_1_209' title='bbox 625 878 654 902; x_wconf 91' lang='lat' dir='ltr'><strong>et</strong></span> <span class='ocrx_word' id='word_1_210' title='bbox 674 876 793 904; x_wconf 83' lang='lat' dir='ltr'><strong>carnalis</strong></span> <span class='ocrx_word' id='word_1_211' title='bbox 816 878 970 912; x_wconf 85' lang='lat' dir='ltr'><strong>cupiditatis</strong></span> 
     </span>
    </p>
   </div>
   <div class='ocr_carea' id='block_1_32' title="bbox 181 912 971 953">
    <p class='ocr_par' dir='ltr' id='par_1_32' title="bbox 181 912 971 953">
     <span class='ocr_line' id='line_1_32' title="bbox 181 912 971 953; baseline 0.019 -15"><span class='ocrx_word' id='word_1_212' title='bbox 181 912 277 940; x_wconf 81' lang='lat' dir='ltr'><strong>sordes</strong></span> <span class='ocrx_word' id='word_1_213' title='bbox 293 922 301 940; x_wconf 72' lang='grc' dir='ltr'><strong>ε</strong></span> <span class='ocrx_word' id='word_1_214' title='bbox 320 915 393 942; x_wconf 87' lang='lat' dir='ltr'><strong>illam</strong></span> <span class='ocrx_word' id='word_1_215' title='bbox 410 924 474 944; x_wconf 89' lang='lat' dir='ltr'><strong>vero</strong></span> <span class='ocrx_word' id='word_1_216' title='bbox 488 919 675 953; x_wconf 86' lang='lat' dir='ltr'><strong>purificantem</strong></span> <span class='ocrx_word' id='word_1_217' title='bbox 689 927 715 949; x_wconf 90' lang='lat' dir='ltr'><strong>et</strong></span> <span class='ocrx_word' id='word_1_218' title='bbox 727 923 873 952; x_wconf 86' lang='lat' dir='ltr'><strong>salutarem</strong></span> <span class='ocrx_word' id='word_1_219' title='bbox 890 932 971 952; x_wconf 86' lang='lat' dir='ltr'><strong>reno-</strong></span> 
     </span>
    </p>
   </div>
   <div class='ocr_carea' id='block_1_33' title="bbox 181 957 969 999">
    <p class='ocr_par' dir='ltr' id='par_1_33' title="bbox 181 957 969 999">
     <span class='ocr_line' id='line_1_33' title="bbox 181 957 969 999; baseline 0.02 -17"><span class='ocrx_word' id='word_1_220' title='bbox 181 957 318 985; x_wconf 83' lang='lat' dir='ltr'><strong>vationem</strong></span> <span class='ocrx_word' id='word_1_221' title='bbox 329 967 378 994; x_wconf 90' lang='lat' dir='ltr'><strong>per</strong></span> <span class='ocrx_word' id='word_1_222' title='bbox 387 964 567 996; x_wconf 65' lang='lat' dir='ltr'><strong>praecedentia</strong></span> <span class='ocrx_word' id='word_1_223' title='bbox 581 965 663 993; x_wconf 85' lang='lat' dir='ltr'><strong>verba</strong></span> <span class='ocrx_word' id='word_1_224' title='bbox 675 974 688 992; x_wconf 81' lang='lat' dir='ltr'><strong>a</strong></span> <span class='ocrx_word' id='word_1_225' title='bbox 702 967 848 996; x_wconf 86' lang='lat' dir='ltr'><strong>Salomone</strong></span> <span class='ocrx_word' id='word_1_226' title='bbox 862 971 969 999; x_wconf 87' lang='lat' dir='ltr'><strong>ostendi</strong></span> 
     </span>
    </p>
   </div>
   <div class='ocr_carea' id='block_1_34' title="bbox 180 1004 970 1045">
    <p class='ocr_par' dir='ltr' id='par_1_34' title="bbox 180 1004 970 1045">
     <span class='ocr_line' id='line_1_34' title="bbox 180 1004 970 1045; baseline 0.02 -17"><span class='ocrx_word' id='word_1_227' title='bbox 180 1004 358 1036; x_wconf 84' lang='lat' dir='ltr'><strong>contendunt.</strong></span> <span class='ocrx_word' id='word_1_228' title='bbox 381 1006 485 1035; x_wconf 88' lang='lat' dir='ltr'><strong>hortari</strong></span> <span class='ocrx_word' id='word_1_229' title='bbox 502 1009 574 1036; x_wconf 89' lang='lat' dir='ltr'><strong>enim</strong></span> <span class='ocrx_word' id='word_1_230' title='bbox 594 1012 786 1045; x_wconf 69' lang='lat' dir='ltr'><strong>prmvidenlem</strong></span> <span class='ocrx_word' id='word_1_231' title='bbox 803 1014 904 1043; x_wconf 85' lang='lat' dir='ltr'><strong>Christi</strong></span> <span class='ocrx_word' id='word_1_232' title='bbox 920 1017 970 1044; x_wconf 88' lang='lat' dir='ltr'><strong>ad-</strong></span> 
     </span>
    </p>
   </div>
   <div class='ocr_carea' id='block_1_35' title="bbox 179 1052 969 1092">
    <p class='ocr_par' dir='ltr' id='par_1_35' title="bbox 179 1052 969 1092">
     <span class='ocr_line' id='line_1_35' title="bbox 179 1052 969 1092; baseline 0.022 -19"><span class='ocrx_word' id='word_1_233' title='bbox 179 1052 290 1076; x_wconf 82' lang='lat' dir='ltr'><strong>ventum</strong></span> <span class='ocrx_word' id='word_1_234' title='bbox 306 1054 334 1077; x_wconf 88' lang='lat' dir='ltr'><strong>et</strong></span> <span class='ocrx_word' id='word_1_235' title='bbox 348 1052 480 1087; x_wconf 83' lang='lat' dir='ltr'><strong>mysticas</strong></span> <span class='ocrx_word' id='word_1_236' title='bbox 496 1062 544 1089; x_wconf 89' lang='lat' dir='ltr'><strong>per</strong></span> <span class='ocrx_word' id='word_1_237' title='bbox 558 1063 620 1083; x_wconf 89' lang='lat' dir='ltr'><strong>eum</strong></span> <span class='ocrx_word' id='word_1_238' title='bbox 635 1057 824 1092; x_wconf 78' lang='lat' dir='ltr'><strong>perfectiones,</strong></span> <span class='ocrx_word' id='word_1_239' title='bbox 843 1065 872 1088; x_wconf 93' lang='lat' dir='ltr'><strong>ut</strong></span> <span class='ocrx_word' id='word_1_240' title='bbox 886 1061 969 1090; x_wconf 92' lang='lat' dir='ltr'><strong>homo</strong></span> 
     </span>
    </p>
   </div>
   <div class='ocr_carea' id='block_1_36' title="bbox 179 1095 969 1138">
    <p class='ocr_par' dir='ltr' id='par_1_36' title="bbox 179 1095 969 1138">
     <span class='ocr_line' id='line_1_36' title="bbox 179 1095 969 1138; baseline 0.02 -19"><span class='ocrx_word' id='word_1_241' title='bbox 179 1100 279 1127; x_wconf 85' lang='lat' dir='ltr'><strong>purum</strong></span> <span class='ocrx_word' id='word_1_242' title='bbox 307 1095 383 1123; x_wconf 85' lang='lat' dir='ltr'><strong>illum</strong></span> <span class='ocrx_word' id='word_1_243' title='bbox 411 1102 439 1125; x_wconf 90' lang='lat' dir='ltr'><strong>et</strong></span> <span class='ocrx_word' id='word_1_244' title='bbox 461 1099 591 1128; x_wconf 79' lang='lat' dir='ltr'><strong>nitentem</strong></span> <span class='ocrx_word' id='word_1_245' title='bbox 608 1103 722 1130; x_wconf 85' lang='lat' dir='ltr'><strong>vestium</strong></span> <span class='ocrx_word' id='word_1_246' title='bbox 747 1104 917 1138; x_wconf 87' lang='lat' dir='ltr'><strong>splendorem</strong></span> <span class='ocrx_word' id='word_1_247' title='bbox 942 1112 969 1135; x_wconf 89' lang='lat' dir='ltr'><strong>ct</strong></span> 
     </span>
    </p>
   </div>
   <div class='ocr_carea' id='block_1_37' title="bbox 178 1142 968 1185">
    <p class='ocr_par' dir='ltr' id='par_1_37' title="bbox 178 1142 968 1185">
     <span class='ocr_line' id='line_1_37' title="bbox 178 1142 968 1185; baseline 0.02 -19"><span class='ocrx_word' id='word_1_248' title='bbox 178 1148 267 1176; x_wconf 87' lang='lat' dir='ltr'><strong>usque</strong></span> <span class='ocrx_word' id='word_1_249' title='bbox 282 1142 315 1171; x_wconf 88' lang='lat' dir='ltr'><strong>ad</strong></span> <span class='ocrx_word' id='word_1_250' title='bbox 336 1144 456 1172; x_wconf 87' lang='lat' dir='ltr'><strong>animam</strong></span> <span class='ocrx_word' id='word_1_251' title='bbox 482 1150 679 1185; x_wconf 73' lang='lat' dir='ltr'><strong>pertingentem</strong></span> <span class='ocrx_word' id='word_1_252' title='bbox 703 1151 854 1180; x_wconf 88' lang='lat' dir='ltr'><strong>albedinem</strong></span> <span class='ocrx_word' id='word_1_253' title='bbox 880 1156 968 1182; x_wconf 87' lang='lat' dir='ltr'><strong>omni-</strong></span> 
     </span>
    </p>
   </div>
   <div class='ocr_carea' id='block_1_38' title="bbox 179 1187 968 1236">
    <p class='ocr_par' dir='ltr' id='par_1_38' title="bbox 179 1187 968 1236">
     <span class='ocr_line' id='line_1_38' title="bbox 179 1187 968 1236; baseline 0.02 -23"><span class='ocrx_word' id='word_1_254' title='bbox 179 1187 230 1214; x_wconf 85' lang='lat' dir='ltr'><strong>bus</strong></span> <span class='ocrx_word' id='word_1_255' title='bbox 245 1189 398 1223; x_wconf 90' lang='lat' dir='ltr'><strong>anteferat;</strong></span> <span class='ocrx_word' id='word_1_256' title='bbox 421 1191 448 1219; x_wconf 89' lang='lat' dir='ltr'><strong>in</strong></span> <span class='ocrx_word' id='word_1_257' title='bbox 463 1200 516 1227; x_wconf 89' lang='lat' dir='ltr'><strong>qua</strong></span> <span class='ocrx_word' id='word_1_258' title='bbox 534 1199 561 1221; x_wconf 90' lang='lat' dir='ltr'><strong>et</strong></span> <span class='ocrx_word' id='word_1_259' title='bbox 572 1200 653 1230; x_wconf 87' lang='lat' dir='ltr'><strong>caput</strong></span> <span class='ocrx_word' id='word_1_260' title='bbox 670 1197 731 1225; x_wconf 87' lang='lat' dir='ltr'><strong>oleo</strong></span> <span class='ocrx_word' id='word_1_261' title='bbox 748 1198 890 1234; x_wconf 70' lang='lat' dir='ltr'><strong>iniungitur</strong></span> <span class='ocrx_word' id='word_1_262' title='bbox 906 1209 968 1236; x_wconf 89' lang='lat' dir='ltr'><strong>per-</strong></span> 
     </span>
    </p>
   </div>
   <div class='ocr_carea' id='block_1_39' title="bbox 179 1232 967 1279">
    <p class='ocr_par' dir='ltr' id='par_1_39' title="bbox 179 1232 967 1279">
     <span class='ocr_line' id='line_1_39' title="bbox 179 1232 967 1279; baseline 0.02 -20"><span class='ocrx_word' id='word_1_263' title='bbox 179 1232 331 1263; x_wconf 77' lang='lat' dir='ltr'><strong>fectissimo</strong></span> <span class='ocrx_word' id='word_1_264' title='bbox 353 1243 492 1272; x_wconf 77' lang='lat' dir='ltr'><strong>unguento</strong></span> <span class='ocrx_word' id='word_1_265' title='bbox 508 1248 556 1274; x_wconf 91' lang='lat' dir='ltr'><strong>per</strong></span> <span class='ocrx_word' id='word_1_266' title='bbox 573 1246 698 1270; x_wconf 86' lang='lat' dir='ltr'><strong>sanctum</strong></span> <span class='ocrx_word' id='word_1_267' title='bbox 721 1243 871 1279; x_wconf 89' lang='lat' dir='ltr'><strong>Spiritum;</strong></span> <span class='ocrx_word' id='word_1_268' title='bbox 891 1252 918 1274; x_wconf 88' lang='lat' dir='ltr'><strong>et</strong></span> <span class='ocrx_word' id='word_1_269' title='bbox 934 1247 967 1276; x_wconf 89' lang='lat' dir='ltr'><strong>iis</strong></span> 
     </span>
    </p>
   </div>
   <div class='ocr_carea' id='block_1_40' title="bbox 178 1279 967 1326">
    <p class='ocr_par' dir='ltr' id='par_1_40' title="bbox 178 1279 967 1326">
     <span class='ocr_line' id='line_1_40' title="bbox 178 1279 967 1326; baseline 0.019 -21"><span class='ocrx_word' id='word_1_270' title='bbox 178 1279 307 1308; x_wconf 83' lang='lat' dir='ltr'><strong>sensibus</strong></span> <span class='ocrx_word' id='word_1_271' title='bbox 335 1282 436 1316; x_wconf 82' lang='lat' dir='ltr'><strong>quibus</strong></span> <span class='ocrx_word' id='word_1_272' title='bbox 463 1289 560 1318; x_wconf 68' lang='lat' dir='ltr'><strong>prwest</strong></span> <span class='ocrx_word' id='word_1_273' title='bbox 584 1292 675 1321; x_wconf 91' lang='lat' dir='ltr'><strong>caput,</strong></span> <span class='ocrx_word' id='word_1_274' title='bbox 699 1296 732 1316; x_wconf 89' lang='lat' dir='ltr'><strong>ex</strong></span> <span class='ocrx_word' id='word_1_275' title='bbox 762 1290 821 1324; x_wconf 88' lang='lat' dir='ltr'><strong>ipso</strong></span> <span class='ocrx_word' id='word_1_276' title='bbox 845 1293 967 1326; x_wconf 76' lang='lat' dir='ltr'><strong>praebens</strong></span> 
     </span>
    </p>
   </div>
   <div class='ocr_carea' id='block_1_41' title="bbox 179 1326 970 1366">
    <p class='ocr_par' dir='ltr' id='par_1_41' title="bbox 179 1326 970 1366">
     <span class='ocr_line' id='line_1_41' title="bbox 179 1326 970 1366; baseline 0.02 -16"><span class='ocrx_word' id='word_1_277' title='bbox 179 1326 384 1360; x_wconf 86' lang='lat' dir='ltr'><strong>perceptionum</strong></span> <span class='ocrx_word' id='word_1_278' title='bbox 401 1328 513 1357; x_wconf 85' lang='lat' dir='ltr'><strong>ﬂumen.</strong></span> <span class='ocrx_word' id='word_1_279' title='bbox 531 1329 564 1357; x_wconf 87' lang='lat' dir='ltr'><strong>Et</strong></span> <span class='ocrx_word' id='word_1_280' title='bbox 581 1331 637 1359; x_wconf 81' lang='lat' dir='ltr'><strong>fere</strong></span> <span class='ocrx_word' id='word_1_281' title='bbox 656 1338 759 1362; x_wconf 56' lang='lat' dir='ltr'><strong>ceterae</strong></span> <span class='ocrx_word' id='word_1_282' title='bbox 774 1343 855 1364; x_wconf 89' lang='lat' dir='ltr'><strong>voces</strong></span> <span class='ocrx_word' id='word_1_283' title='bbox 870 1345 970 1366; x_wconf 80' lang='lat' dir='ltr'><strong>omnes</strong></span> 
     </span>
    </p>
   </div>
   <div class='ocr_carea' id='block_1_42' title="bbox 177 1371 967 1411">
    <p class='ocr_par' dir='ltr' id='par_1_42' title="bbox 177 1371 967 1411">
     <span class='ocr_line' id='line_1_42' title="bbox 177 1371 967 1411; baseline 0.02 -16"><span class='ocrx_word' id='word_1_284' title='bbox 177 1371 330 1405; x_wconf 63' lang='lat' dir='ltr'><strong>pra-posita:</strong></span> <span class='ocrx_word' id='word_1_285' title='bbox 344 1372 456 1400; x_wconf 71' lang='lat' dir='ltr'><strong>theorire</strong></span> <span class='ocrx_word' id='word_1_286' title='bbox 470 1376 619 1410; x_wconf 65' lang='lat' dir='ltr'><strong>adaequatis</strong></span> <span class='ocrx_word' id='word_1_287' title='bbox 636 1383 701 1405; x_wconf 85' lang='lat' dir='ltr'><strong>sunt</strong></span> <span class='ocrx_word' id='word_1_288' title='bbox 718 1384 745 1407; x_wconf 89' lang='lat' dir='ltr'><strong>et</strong></span> <span class='ocrx_word' id='word_1_289' title='bbox 759 1382 881 1410; x_wconf 88' lang='lat' dir='ltr'><strong>omnium</strong></span> <span class='ocrx_word' id='word_1_290' title='bbox 899 1383 967 1411; x_wconf 83' lang='lat' dir='ltr'><strong>alia-</strong></span> 
     </span>
    </p>
   </div>
   <div class='ocr_carea' id='block_1_43' title="bbox 178 1417 966 1464">
    <p class='ocr_par' dir='ltr' id='par_1_43' title="bbox 178 1417 966 1464">
     <span class='ocr_line' id='line_1_43' title="bbox 178 1417 966 1464; baseline 0.022 -23"><span class='ocrx_word' id='word_1_291' title='bbox 178 1423 239 1442; x_wconf 88' lang='lat' dir='ltr'><strong>rum</strong></span> <span class='ocrx_word' id='word_1_292' title='bbox 254 1417 477 1451; x_wconf 80' lang='lat' dir='ltr'><strong>explanationum</strong></span> <span class='ocrx_word' id='word_1_293' title='bbox 495 1420 640 1451; x_wconf 80' lang='lat' dir='ltr'><strong>familiaris</strong></span> <span class='ocrx_word' id='word_1_294' title='bbox 659 1425 766 1454; x_wconf 88' lang='lat' dir='ltr'><strong>reddita</strong></span> <span class='ocrx_word' id='word_1_295' title='bbox 778 1432 820 1454; x_wconf 89' lang='lat' dir='ltr'><strong>est</strong></span> <span class='ocrx_word' id='word_1_296' title='bbox 836 1428 966 1464; x_wconf 90' lang='lat' dir='ltr'><strong>interpre-</strong></span> 
     </span>
    </p>
   </div>
   <div class='ocr_carea' id='block_1_44' title="bbox 177 1461 967 1508">
    <p class='ocr_par' dir='ltr' id='par_1_44' title="bbox 177 1461 967 1508">
     <span class='ocr_line' id='line_1_44' title="bbox 177 1461 967 1508; baseline 0.02 -21"><span class='ocrx_word' id='word_1_297' title='bbox 177 1461 256 1489; x_wconf 87' lang='lat' dir='ltr'><strong>tatio.</strong></span> <span class='ocrx_word' id='word_1_298' title='bbox 283 1463 360 1491; x_wconf 88' lang='lat' dir='ltr'><strong>Unde</strong></span> <span class='ocrx_word' id='word_1_299' title='bbox 383 1465 485 1493; x_wconf 87' lang='lat' dir='ltr'><strong>nemini</strong></span> <span class='ocrx_word' id='word_1_300' title='bbox 504 1466 618 1495; x_wconf 84' lang='lat' dir='ltr'><strong>dubium</strong></span> <span class='ocrx_word' id='word_1_301' title='bbox 636 1477 697 1497; x_wconf 88' lang='lat' dir='ltr'><strong>esse</strong></span> <span class='ocrx_word' id='word_1_302' title='bbox 713 1471 801 1504; x_wconf 83' lang='lat' dir='ltr'><strong>debet.</strong></span> <span class='ocrx_word' id='word_1_303' title='bbox 814 1474 879 1508; x_wconf 89' lang='lat' dir='ltr'><strong>quin</strong></span> <span class='ocrx_word' id='word_1_304' title='bbox 899 1461 967 1504; x_wconf 78' lang='lat' dir='ltr'><strong>bene</strong></span> 
     </span>
    </p>
   </div>
   <div class='ocr_carea' id='block_1_45' title="bbox 177 1510 966 1547">
    <p class='ocr_par' dir='ltr' id='par_1_45' title="bbox 177 1510 966 1547">
     <span class='ocr_line' id='line_1_45' title="bbox 177 1510 966 1547; baseline 0.016 -13"><span class='ocrx_word' id='word_1_305' title='bbox 177 1510 205 1534; x_wconf 86' lang='lat' dir='ltr'><strong>et</strong></span> <span class='ocrx_word' id='word_1_306' title='bbox 215 1513 343 1535; x_wconf 85' lang='lat' dir='ltr'><strong>accurate</strong></span> <span class='ocrx_word' id='word_1_307' title='bbox 359 1510 563 1539; x_wconf 89' lang='lat' dir='ltr'><strong>consideratum</strong></span> <span class='ocrx_word' id='word_1_308' title='bbox 580 1512 626 1540; x_wconf 87' lang='lat' dir='ltr'><strong>sit.</strong></span> <span class='ocrx_word' id='word_1_309' title='bbox 650 1514 717 1542; x_wconf 89' lang='lat' dir='ltr'><strong>Illud</strong></span> <span class='ocrx_word' id='word_1_310' title='bbox 733 1520 844 1545; x_wconf 91' lang='lat' dir='ltr'><strong>autem:</strong></span> <span class='ocrx_word' id='word_1_311' title='bbox 862 1527 872 1544; x_wconf 80' lang='grc' dir='ltr'><strong>ι</strong></span> <span class='ocrx_word' id='word_1_312' title='bbox 886 1518 966 1547; x_wconf 90' lang='lat' dir='ltr'><strong>Omni</strong></span> 
     </span>
    </p>
   </div>
   <div class='ocr_carea' id='block_1_46' title="bbox 177 1553 966 1599">
    <p class='ocr_par' dir='ltr' id='par_1_46' title="bbox 177 1553 966 1599">
     <span class='ocr_line' id='line_1_46' title="bbox 177 1553 966 1599; baseline 0.02 -22"><span class='ocrx_word' id='word_1_313' title='bbox 177 1555 301 1586; x_wconf 89' lang='lat' dir='ltr'><strong>tempore</strong></span> <span class='ocrx_word' id='word_1_314' title='bbox 324 1553 475 1581; x_wconf 87' lang='lat' dir='ltr'><strong>induantur</strong></span> <span class='ocrx_word' id='word_1_315' title='bbox 492 1557 653 1585; x_wconf 86' lang='lat' dir='ltr'><strong>vestimenta</strong></span> <span class='ocrx_word' id='word_1_316' title='bbox 676 1559 748 1593; x_wconf 86' lang='lat' dir='ltr'><strong>alba,</strong></span> <span class='ocrx_word' id='word_1_317' title='bbox 772 1566 799 1588; x_wconf 88' lang='lat' dir='ltr'><strong>et</strong></span> <span class='ocrx_word' id='word_1_318' title='bbox 824 1570 966 1599; x_wconf 83' lang='lat' dir='ltr'><strong>nunquam</strong></span> 
     </span>
    </p>
   </div>
   <div class='ocr_carea' id='block_1_47' title="bbox 177 1595 966 1641">
    <p class='ocr_par' dir='ltr' id='par_1_47' title="bbox 177 1595 966 1641">
     <span class='ocr_line' id='line_1_47' title="bbox 177 1595 966 1641; baseline 0.019 -19"><span class='ocrx_word' id='word_1_319' title='bbox 177 1595 288 1624; x_wconf 83' lang='lat' dir='ltr'><strong>deficiat</strong></span> <span class='ocrx_word' id='word_1_320' title='bbox 312 1605 360 1632; x_wconf 90' lang='lat' dir='ltr'><strong>per</strong></span> <span class='ocrx_word' id='word_1_321' title='bbox 377 1604 547 1634; x_wconf 81' lang='lat' dir='ltr'><strong>unguentum</strong></span> <span class='ocrx_word' id='word_1_322' title='bbox 566 1603 659 1630; x_wconf 87' lang='lat' dir='ltr'><strong>unctio</strong></span> <span class='ocrx_word' id='word_1_323' title='bbox 675 1604 702 1631; x_wconf 95' lang='lat' dir='ltr'><strong>in</strong></span> <span class='ocrx_word' id='word_1_324' title='bbox 728 1607 825 1640; x_wconf 81' lang='lat' dir='ltr'><strong>capite,</strong></span> <span class='ocrx_word' id='word_1_325' title='bbox 844 1610 862 1641; x_wconf 71' lang='grc' dir='ltr'>ιζ</span> <span class='ocrx_word' id='word_1_326' title='bbox 873 1595 966 1637; x_wconf 75' lang='lat' dir='ltr'><strong>nescio</strong></span> 
     </span>
    </p>
   </div>
   <div class='ocr_carea' id='block_1_48' title="bbox 177 1643 966 1683">
    <p class='ocr_par' dir='ltr' id='par_1_48' title="bbox 177 1643 966 1683">
     <span class='ocr_line' id='line_1_48' title="bbox 177 1643 966 1683; baseline 0.019 -15"><span class='ocrx_word' id='word_1_327' title='bbox 177 1643 315 1677; x_wconf 90' lang='lat' dir='ltr'><strong>quomodo</strong></span> <span class='ocrx_word' id='word_1_328' title='bbox 330 1644 507 1680; x_wconf 76' lang='lat' dir='ltr'><strong>adimpletum</strong></span> <span class='ocrx_word' id='word_1_329' title='bbox 529 1655 589 1675; x_wconf 89' lang='lat' dir='ltr'><strong>esse</strong></span> <span class='ocrx_word' id='word_1_330' title='bbox 611 1649 752 1682; x_wconf 77' lang='lat' dir='ltr'><strong>probetur.</strong></span> <span class='ocrx_word' id='word_1_331' title='bbox 780 1660 842 1679; x_wconf 86' lang='lat' dir='ltr'><strong>cum</strong></span> <span class='ocrx_word' id='word_1_332' title='bbox 870 1653 896 1681; x_wconf 91' lang='lat' dir='ltr'><strong>id</strong></span> <span class='ocrx_word' id='word_1_333' title='bbox 912 1663 966 1683; x_wconf 88' lang='lat' dir='ltr'><strong>una</strong></span> 
     </span>
    </p>
   </div>
   <div class='ocr_carea' id='block_1_49' title="bbox 175 1688 964 1728">
    <p class='ocr_par' dir='ltr' id='par_1_49' title="bbox 175 1688 964 1728">
     <span class='ocr_line' id='line_1_49' title="bbox 175 1688 964 1728; baseline 0.018 -14"><span class='ocrx_word' id='word_1_334' title='bbox 175 1688 236 1715; x_wconf 87' lang='lat' dir='ltr'><strong>vice</strong></span> <span class='ocrx_word' id='word_1_335' title='bbox 260 1692 365 1716; x_wconf 89' lang='lat' dir='ltr'><strong>tantum</strong></span> <span class='ocrx_word' id='word_1_336' title='bbox 389 1691 560 1719; x_wconf 84' lang='lat' dir='ltr'><strong>occasionem</strong></span> <span class='ocrx_word' id='word_1_337' title='bbox 585 1693 694 1721; x_wconf 86' lang='lat' dir='ltr'><strong>habeat.</strong></span> <span class='ocrx_word' id='word_1_338' title='bbox 711 1695 762 1723; x_wconf 88' lang='lat' dir='ltr'><strong>Sed</strong></span> <span class='ocrx_word' id='word_1_339' title='bbox 781 1697 964 1728; x_wconf 86' lang='lat' dir='ltr'><strong>hortationem</strong></span> 
     </span>
    </p>
   </div>
   <div class='ocr_carea' id='block_1_50' title="bbox 176 1732 965 1779">
    <p class='ocr_par' dir='ltr' id='par_1_50' title="bbox 176 1732 965 1779">
     <span class='ocr_line' id='line_1_50' title="bbox 176 1732 965 1779; baseline 0.019 -21"><span class='ocrx_word' id='word_1_340' title='bbox 176 1732 307 1761; x_wconf 87' lang='lat' dir='ltr'><strong>adhibere</strong></span> <span class='ocrx_word' id='word_1_341' title='bbox 325 1735 428 1762; x_wconf 90' lang='lat' dir='ltr'><strong>nemini</strong></span> <span class='ocrx_word' id='word_1_342' title='bbox 445 1737 490 1771; x_wconf 84' lang='lat' dir='ltr'><strong>qui</strong></span> <span class='ocrx_word' id='word_1_343' title='bbox 506 1741 572 1765; x_wconf 89' lang='lat' dir='ltr'><strong>tunc</strong></span> <span class='ocrx_word' id='word_1_344' title='bbox 586 1742 718 1774; x_wconf 90' lang='lat' dir='ltr'><strong>temporis</strong></span> <span class='ocrx_word' id='word_1_345' title='bbox 733 1745 781 1769; x_wconf 81' lang='lat' dir='ltr'><strong>aut</strong></span> <span class='ocrx_word' id='word_1_346' title='bbox 799 1742 965 1779; x_wconf 70' lang='lat' dir='ltr'><strong>intelligere,</strong></span> 
     </span>
    </p>
   </div>
   <div class='ocr_carea' id='block_1_51' title="bbox 175 1779 966 1822">
    <p class='ocr_par' dir='ltr' id='par_1_51' title="bbox 175 1779 966 1822">
     <span class='ocr_line' id='line_1_51' title="bbox 175 1779 966 1822; baseline 0.018 -16"><span class='ocrx_word' id='word_1_347' title='bbox 175 1783 203 1806; x_wconf 91' lang='lat' dir='ltr'><strong>ct</strong></span> <span class='ocrx_word' id='word_1_348' title='bbox 222 1779 256 1807; x_wconf 89' lang='lat' dir='ltr'><strong>ad</strong></span> <span class='ocrx_word' id='word_1_349' title='bbox 269 1788 339 1815; x_wconf 88' lang='lat' dir='ltr'><strong>opus</strong></span> <span class='ocrx_word' id='word_1_350' title='bbox 360 1781 452 1810; x_wconf 87' lang='lat' dir='ltr'><strong>induci</strong></span> <span class='ocrx_word' id='word_1_351' title='bbox 475 1784 571 1818; x_wconf 85' lang='lat' dir='ltr'><strong>possit,</strong></span> <span class='ocrx_word' id='word_1_352' title='bbox 599 1787 692 1814; x_wconf 88' lang='lat' dir='ltr'><strong>nescio</strong></span> <span class='ocrx_word' id='word_1_353' title='bbox 718 1790 858 1822; x_wconf 88' lang='lat' dir='ltr'><strong>quomodo</strong></span> <span class='ocrx_word' id='word_1_354' title='bbox 884 1790 966 1820; x_wconf 88' lang='lat' dir='ltr'><strong>facile</strong></span> 
     </span>
    </p>
   </div>
   <div class='ocr_carea' id='block_1_52' title="bbox 175 1829 964 1867">
    <p class='ocr_par' dir='ltr' id='par_1_52' title="bbox 175 1829 964 1867">
     <span class='ocr_line' id='line_1_52' title="bbox 175 1829 964 1867; baseline 0.02 -16"><span class='ocrx_word' id='word_1_355' title='bbox 175 1832 288 1853; x_wconf 85' lang='lat' dir='ltr'><strong>sensum</strong></span> <span class='ocrx_word' id='word_1_356' title='bbox 312 1834 413 1855; x_wconf 82' lang='lat' dir='ltr'><strong>vanum</strong></span> <span class='ocrx_word' id='word_1_357' title='bbox 438 1829 557 1864; x_wconf 85' lang='lat' dir='ltr'><strong>abjiccrc</strong></span> <span class='ocrx_word' id='word_1_358' title='bbox 583 1832 693 1860; x_wconf 77' lang='lat' dir='ltr'><strong>valeat?</strong></span> <span class='ocrx_word' id='word_1_359' title='bbox 719 1833 822 1863; x_wconf 74' lang='lat' dir='ltr'><strong>Forsan</strong></span> <span class='ocrx_word' id='word_1_360' title='bbox 845 1842 937 1866; x_wconf 87' lang='lat' dir='ltr'><strong>autem</strong></span> <span class='ocrx_word' id='word_1_361' title='bbox 957 1848 964 1867; x_wconf 87' lang='lat'><strong>:</strong></span> 
     </span>
    </p>
   </div>
   <div class='ocr_carea' id='block_1_53' title="bbox 175 1870 966 1919">
    <p class='ocr_par' dir='ltr' id='par_1_53' title="bbox 175 1870 966 1919">
     <span class='ocr_line' id='line_1_53' title="bbox 175 1870 966 1919; baseline 0.019 -22"><span class='ocrx_word' id='word_1_362' title='bbox 175 1870 255 1898; x_wconf 90' lang='lat' dir='ltr'><strong>Omni</strong></span> <span class='ocrx_word' id='word_1_363' title='bbox 274 1876 396 1908; x_wconf 90' lang='lat' dir='ltr'><strong>tempore</strong></span> <span class='ocrx_word' id='word_1_364' title='bbox 410 1875 471 1903; x_wconf 86' lang='lat' dir='ltr'><strong>alba</strong></span> <span class='ocrx_word' id='word_1_365' title='bbox 482 1877 642 1906; x_wconf 87' lang='lat' dir='ltr'><strong>vestimenta</strong></span> <span class='ocrx_word' id='word_1_366' title='bbox 658 1878 730 1907; x_wconf 85' lang='lat' dir='ltr'><strong>ferre</strong></span> <span class='ocrx_word' id='word_1_367' title='bbox 739 1881 906 1918; x_wconf 83' lang='lat' dir='ltr'><strong>intelligetur</strong></span> <span class='ocrx_word' id='word_1_368' title='bbox 919 1885 966 1919; x_wconf 87' lang='lat' dir='ltr'><strong>qui</strong></span> 
     </span>
    </p>
   </div>
   <div class='ocr_carea' id='block_1_54' title="bbox 175 1918 966 1964">
    <p class='ocr_par' dir='ltr' id='par_1_54' title="bbox 175 1918 966 1964">
     <span class='ocr_line' id='line_1_54' title="bbox 175 1918 966 1964; baseline 0.021 -23"><span class='ocrx_word' id='word_1_369' title='bbox 175 1920 237 1949; x_wconf 82' lang='lat' dir='ltr'><strong>post</strong></span> <span class='ocrx_word' id='word_1_370' title='bbox 246 1918 392 1950; x_wconf 85' lang='lat' dir='ltr'><strong>purificans</strong></span> <span class='ocrx_word' id='word_1_371' title='bbox 404 1919 537 1955; x_wconf 80' lang='lat' dir='ltr'><strong>baptisma</strong></span> <span class='ocrx_word' id='word_1_372' title='bbox 546 1923 679 1952; x_wconf 89' lang='lat' dir='ltr'><strong>virtutum</strong></span> <span class='ocrx_word' id='word_1_373' title='bbox 691 1926 836 1960; x_wconf 84' lang='lat' dir='ltr'><strong>splendore</strong></span> <span class='ocrx_word' id='word_1_374' title='bbox 846 1918 966 1964; x_wconf 76' lang='lat' dir='ltr'><strong>scipsum</strong></span> 
     </span>
    </p>
   </div>
   <div class='ocr_carea' id='block_1_55' title="bbox 174 1962 967 2011">
    <p class='ocr_par' dir='ltr' id='par_1_55' title="bbox 174 1962 967 2011">
     <span class='ocr_line' id='line_1_55' title="bbox 174 1962 967 2011; baseline 0.02 -23"><span class='ocrx_word' id='word_1_375' title='bbox 174 1962 266 1995; x_wconf 84' lang='lat' dir='ltr'><strong>vestit,</strong></span> <span class='ocrx_word' id='word_1_376' title='bbox 293 1968 321 1991; x_wconf 87' lang='lat' dir='ltr'><strong>et</strong></span> <span class='ocrx_word' id='word_1_377' title='bbox 342 1966 418 1992; x_wconf 87' lang='lat' dir='ltr'><strong>onmi</strong></span> <span class='ocrx_word' id='word_1_378' title='bbox 442 1970 523 1995; x_wconf 85' lang='lat' dir='ltr'><strong>modo</strong></span> <span class='ocrx_word' id='word_1_379' title='bbox 546 1969 673 2003; x_wconf 90' lang='lat' dir='ltr'><strong>prohibet</strong></span> <span class='ocrx_word' id='word_1_380' title='bbox 698 1979 731 1998; x_wconf 91' lang='lat' dir='ltr'><strong>ne</strong></span> <span class='ocrx_word' id='word_1_381' title='bbox 752 1975 855 2006; x_wconf 80' lang='lat' dir='ltr'><strong>peccati</strong></span> <span class='ocrx_word' id='word_1_382' title='bbox 878 1962 967 2011; x_wconf 78' lang='lat' dir='ltr'><strong>caligo</strong></span> 
     </span>
    </p>
   </div>
   <div class='ocr_carea' id='block_1_56' title="bbox 175 2008 965 2051">
    <p class='ocr_par' dir='ltr' id='par_1_56' title="bbox 175 2008 965 2051">
     <span class='ocr_line' id='line_1_56' title="bbox 175 2008 965 2051; baseline 0.02 -18"><span class='ocrx_word' id='word_1_383' title='bbox 175 2008 209 2034; x_wconf 81' lang='lat' dir='ltr'><strong>ad</strong></span> <span class='ocrx_word' id='word_1_384' title='bbox 223 2015 252 2035; x_wconf 89' lang='lat' dir='ltr'><strong>se</strong></span> <span class='ocrx_word' id='word_1_385' title='bbox 268 2009 390 2037; x_wconf 88' lang='lat' dir='ltr'><strong>accedat.</strong></span> <span class='ocrx_word' id='word_1_386' title='bbox 418 2010 451 2038; x_wconf 87' lang='lat' dir='ltr'><strong>Et</strong></span> <span class='ocrx_word' id='word_1_387' title='bbox 475 2019 646 2047; x_wconf 74' lang='lat' dir='ltr'><strong>unguentum</strong></span> <span class='ocrx_word' id='word_1_388' title='bbox 670 2016 697 2043; x_wconf 93' lang='lat' dir='ltr'><strong>in</strong></span> <span class='ocrx_word' id='word_1_389' title='bbox 715 2019 806 2051; x_wconf 85' lang='lat' dir='ltr'><strong>capite</strong></span> <span class='ocrx_word' id='word_1_390' title='bbox 826 2027 877 2047; x_wconf 89' lang='lat' dir='ltr'><strong>suo</strong></span> <span class='ocrx_word' id='word_1_391' title='bbox 894 2008 965 2048; x_wconf 73' lang='lat' dir='ltr'><strong>nun-</strong></span> 
     </span>
    </p>
   </div>
   <div class='ocr_carea' id='block_1_57' title="bbox 174 2054 965 2101">
    <p class='ocr_par' dir='ltr' id='par_1_57' title="bbox 174 2054 965 2101">
     <span class='ocr_line' id='line_1_57' title="bbox 174 2054 965 2101; baseline 0.02 -23"><span class='ocrx_word' id='word_1_392' title='bbox 174 2060 257 2086; x_wconf 87' lang='lat' dir='ltr'><strong>quam</strong></span> <span class='ocrx_word' id='word_1_393' title='bbox 275 2054 392 2083; x_wconf 84' lang='lat' dir='ltr'><strong>deficere</strong></span> <span class='ocrx_word' id='word_1_394' title='bbox 407 2056 487 2089; x_wconf 76' lang='lat' dir='ltr'><strong>sinet,</strong></span> <span class='ocrx_word' id='word_1_395' title='bbox 503 2059 550 2093; x_wconf 91' lang='lat' dir='ltr'><strong>qui</strong></span> <span class='ocrx_word' id='word_1_396' title='bbox 573 2067 681 2094; x_wconf 89' lang='lat' dir='ltr'><strong>semper</strong></span> <span class='ocrx_word' id='word_1_397' title='bbox 699 2069 730 2089; x_wconf 88' lang='lat' dir='ltr'><strong>ea</strong></span> <span class='ocrx_word' id='word_1_398' title='bbox 751 2071 812 2097; x_wconf 73' lang='lat' dir='ltr'><strong>quae</strong></span> <span class='ocrx_word' id='word_1_399' title='bbox 829 2070 893 2092; x_wconf 89' lang='lat' dir='ltr'><strong>sunt</strong></span> <span class='ocrx_word' id='word_1_400' title='bbox 908 2067 965 2101; x_wconf 88' lang='lat' dir='ltr'><strong>spi-</strong></span> 
     </span>
    </p>
   </div>
   <div class='ocr_carea' id='block_1_58' title="bbox 175 2098 963 2139">
    <p class='ocr_par' dir='ltr' id='par_1_58' title="bbox 175 2098 963 2139">
     <span class='ocr_line' id='line_1_58' title="bbox 175 2098 963 2139; baseline 0.019 -15"><span class='ocrx_word' id='word_1_401' title='bbox 175 2098 244 2125; x_wconf 86' lang='lat' dir='ltr'><strong>ritus</strong></span> <span class='ocrx_word' id='word_1_402' title='bbox 259 2099 389 2133; x_wconf 78' lang='lat' dir='ltr'><strong>cogitabit</strong></span> <span class='ocrx_word' id='word_1_403' title='bbox 409 2106 436 2128; x_wconf 92' lang='lat' dir='ltr'><strong>et</strong></span> <span class='ocrx_word' id='word_1_404' title='bbox 453 2109 481 2130; x_wconf 85' lang='lat' dir='ltr'><strong>se</strong></span> <span class='ocrx_word' id='word_1_405' title='bbox 498 2104 591 2138; x_wconf 62' lang='lat' dir='ltr'><strong>gratia;</strong></span> <span class='ocrx_word' id='word_1_406' title='bbox 618 2105 722 2133; x_wconf 88' lang='lat' dir='ltr'><strong>imbuet</strong></span> <span class='ocrx_word' id='word_1_407' title='bbox 740 2107 911 2138; x_wconf 86' lang='lat' dir='ltr'><strong>fluminibus.</strong></span> <span class='ocrx_word' id='word_1_408' title='bbox 924 2098 963 2139; x_wconf 40' lang='lat' dir='ltr'><strong>&#39;Si</strong></span> 
     </span>
    </p>
   </div>
   <div class='ocr_carea' id='block_1_59' title="bbox 173 2146 963 2188">
    <p class='ocr_par' dir='ltr' id='par_1_59' title="bbox 173 2146 963 2188">
     <span class='ocr_line' id='line_1_59' title="bbox 173 2146 963 2188; baseline 0.019 -19"><span class='ocrx_word' id='word_1_409' title='bbox 173 2150 240 2170; x_wconf 87' lang='lat' dir='ltr'><strong>vero</strong></span> <span class='ocrx_word' id='word_1_410' title='bbox 251 2149 278 2171; x_wconf 88' lang='lat' dir='ltr'><strong>et</strong></span> <span class='ocrx_word' id='word_1_411' title='bbox 294 2146 484 2180; x_wconf 87' lang='lat' dir='ltr'><strong>propheticam</strong></span> <span class='ocrx_word' id='word_1_412' title='bbox 505 2149 620 2183; x_wconf 81' lang='lat' dir='ltr'><strong>gratiam</strong></span> <span class='ocrx_word' id='word_1_413' title='bbox 637 2150 768 2180; x_wconf 87' lang='lat' dir='ltr'><strong>Salomon</strong></span> <span class='ocrx_word' id='word_1_414' title='bbox 785 2153 893 2188; x_wconf 87' lang='lat' dir='ltr'><strong>plenam</strong></span> <span class='ocrx_word' id='word_1_415' title='bbox 912 2157 963 2184; x_wconf 90' lang='lat' dir='ltr'><strong>ha-</strong></span> 
     </span>
    </p>
   </div>
   <div class='ocr_carea' id='block_1_60' title="bbox 174 2190 963 2235">
    <p class='ocr_par' dir='ltr' id='par_1_60' title="bbox 174 2190 963 2235">
     <span class='ocr_line' id='line_1_60' title="bbox 174 2190 963 2235; baseline 0.015 -19"><span class='ocrx_word' id='word_1_416' title='bbox 174 2190 276 2224; x_wconf 83' lang='lat' dir='ltr'><strong>buerit,</strong></span> <span class='ocrx_word' id='word_1_417' title='bbox 295 2192 385 2219; x_wconf 80' lang='lat' dir='ltr'><strong>divina</strong></span> <span class='ocrx_word' id='word_1_418' title='bbox 399 2196 426 2220; x_wconf 88' lang='lat' dir='ltr'><strong>et</strong></span> <span class='ocrx_word' id='word_1_419' title='bbox 439 2194 556 2222; x_wconf 91' lang='lat' dir='ltr'><strong>humana</strong></span> <span class='ocrx_word' id='word_1_420' title='bbox 572 2203 745 2231; x_wconf 68' lang='lat' dir='ltr'><strong>percurrens,</strong></span> <span class='ocrx_word' id='word_1_421' title='bbox 764 2199 877 2227; x_wconf 68' lang='lat' dir='ltr'><strong>verbum</strong></span> <span class='ocrx_word' id='word_1_422' title='bbox 893 2208 963 2235; x_wconf 70' lang='lat' dir='ltr'><strong>prae-</strong></span> 
     </span>
    </p>
   </div>
   <div class='ocr_carea' id='block_1_61' title="bbox 173 2235 963 2278">
    <p class='ocr_par' dir='ltr' id='par_1_61' title="bbox 173 2235 963 2278">
     <span class='ocr_line' id='line_1_61' title="bbox 173 2235 963 2278; baseline 0.015 -15"><span class='ocrx_word' id='word_1_423' title='bbox 173 2235 243 2264; x_wconf 78' lang='lat' dir='ltr'><strong>dixit</strong></span> <span class='ocrx_word' id='word_1_424' title='bbox 269 2237 347 2272; x_wconf 87' lang='lat' dir='ltr'><strong>cujus</strong></span> <span class='ocrx_word' id='word_1_425' title='bbox 373 2238 473 2267; x_wconf 88' lang='lat' dir='ltr'><strong>futuris</strong></span> <span class='ocrx_word' id='word_1_426' title='bbox 497 2241 667 2276; x_wconf 87' lang='lat' dir='ltr'><strong>temporibus</strong></span> <span class='ocrx_word' id='word_1_427' title='bbox 694 2250 763 2278; x_wconf 83' lang='lat' dir='ltr'><strong>opus</strong></span> <span class='ocrx_word' id='word_1_428' title='bbox 783 2245 899 2274; x_wconf 88' lang='lat' dir='ltr'><strong>debebat</strong></span> <span class='ocrx_word' id='word_1_429' title='bbox 913 2254 963 2275; x_wconf 79' lang='lat' dir='ltr'><strong>ex-</strong></span> 
     </span>
    </p>
   </div>
   <div class='ocr_carea' id='block_1_62' title="bbox 174 2291 297 2319">
    <p class='ocr_par' dir='ltr' id='par_1_62' title="bbox 174 2291 297 2319">
     <span class='ocr_line' id='line_1_62' title="bbox 174 2291 297 2319; baseline 0.008 -9"><span class='ocrx_word' id='word_1_430' title='bbox 174 2291 297 2319; x_wconf 71' lang='lat' dir='ltr'><strong>surgere.</strong></span> 
     </span>
    </p>
   </div>
   <div class='ocr_carea' id='block_1_63' title="bbox 1022 831 1812 868">
    <p class='ocr_par' dir='ltr' id='par_1_63' title="bbox 1022 831 1812 868">
     <span class='ocr_line' id='line_1_63' title="bbox 1022 831 1812 868; baseline 0.003 -11"><span class='ocrx_word' id='word_1_431' title='bbox 1022 831 1172 866; x_wconf 84' lang='grc' dir='ltr'>εχομένους</span> <span class='ocrx_word' id='word_1_432' title='bbox 1184 831 1233 866; x_wconf 84' lang='grc' dir='ltr'>τὴν</span> <span class='ocrx_word' id='word_1_433' title='bbox 1248 831 1489 866; x_wconf 78' lang='grc' dir='ltr'>ἀποκαθαίρουσαν</span> <span class='ocrx_word' id='word_1_434' title='bbox 1510 833 1526 868; x_wconf 82' lang='grc' dir='ltr'>ἡ</span> <span class='ocrx_word' id='word_1_435' title='bbox 1532 832 1590 866; x_wconf 89' lang='grc' dir='ltr'><strong>μῶν</strong></span> <span class='ocrx_word' id='word_1_436' title='bbox 1604 833 1668 864; x_wconf 84' lang='grc' dir='ltr'>τοὺς</span> <span class='ocrx_word' id='word_1_437' title='bbox 1684 833 1740 859; x_wconf 76' lang='grc' dir='ltr'>ἀπὸ</span> <span class='ocrx_word' id='word_1_438' title='bbox 1763 834 1812 868; x_wconf 72' lang='grc' dir='ltr'><strong>τῆς</strong></span> 
     </span>
    </p>
   </div>
   <div class='ocr_carea' id='block_1_64' title="bbox 1022 877 1812 915">
    <p class='ocr_par' dir='ltr' id='par_1_64' title="bbox 1022 877 1812 915">
     <span class='ocr_line' id='line_1_64' title="bbox 1022 877 1812 915; baseline 0.004 -12"><span class='ocrx_word' id='word_1_439' title='bbox 1022 877 1157 912; x_wconf 85' lang='grc' dir='ltr'>γενέσεως</span> <span class='ocrx_word' id='word_1_440' title='bbox 1180 877 1338 913; x_wconf 74' lang='grc' dir='ltr'>μολυσμοὺς</span> <span class='ocrx_word' id='word_1_441' title='bbox 1355 878 1403 904; x_wconf 76' lang='grc' dir='ltr'><strong>καὶ</strong></span> <span class='ocrx_word' id='word_1_442' title='bbox 1426 879 1477 914; x_wconf 84' lang='grc' dir='ltr'>τῆς</span> <span class='ocrx_word' id='word_1_443' title='bbox 1501 879 1595 905; x_wconf 79' lang='grc' dir='ltr'>ἐνύλου</span> <span class='ocrx_word' id='word_1_444' title='bbox 1621 879 1812 915; x_wconf 79' lang='grc' dir='ltr'>προσπαθείας</span> 
     </span>
    </p>
   </div>
   <div class='ocr_carea' id='block_1_65' title="bbox 1021 922 1811 960">
    <p class='ocr_par' dir='ltr' id='par_1_65' title="bbox 1021 922 1811 960">
     <span class='ocr_line' id='line_1_65' title="bbox 1021 922 1811 960; baseline 0.004 -12"><span class='ocrx_word' id='word_1_445' title='bbox 1021 922 1066 949; x_wconf 78' lang='grc' dir='ltr'>τὸν</span> <span class='ocrx_word' id='word_1_446' title='bbox 1081 922 1185 958; x_wconf 70' lang='grc' dir='ltr'>ρύποψ</span> <span class='ocrx_word' id='word_1_447' title='bbox 1210 922 1312 957; x_wconf 84' lang='grc' dir='ltr'>ταύτην</span> <span class='ocrx_word' id='word_1_448' title='bbox 1327 922 1354 948; x_wconf 84' lang='grc' dir='ltr'><strong>δὲ</strong></span> <span class='ocrx_word' id='word_1_449' title='bbox 1369 922 1418 956; x_wconf 83' lang='grc' dir='ltr'>τὴν</span> <span class='ocrx_word' id='word_1_450' title='bbox 1435 923 1584 958; x_wconf 80' lang='grc' dir='ltr'>καθάρσιον</span> <span class='ocrx_word' id='word_1_451' title='bbox 1606 925 1653 950; x_wconf 73' lang='grc' dir='ltr'>καὶ</span> <span class='ocrx_word' id='word_1_452' title='bbox 1674 925 1811 960; x_wconf 81' lang='grc' dir='ltr'>σωτήριον</span> 
     </span>
    </p>
   </div>
   <div class='ocr_carea' id='block_1_66' title="bbox 1020 967 1810 1004">
    <p class='ocr_par' dir='ltr' id='par_1_66' title="bbox 1020 967 1810 1004">
     <span class='ocr_line' id='line_1_66' title="bbox 1020 967 1810 1004; baseline 0.005 -11"><span class='ocrx_word' id='word_1_453' title='bbox 1020 967 1202 1002; x_wconf 73' lang='grc' dir='ltr'>ἀναγέννησιν</span> <span class='ocrx_word' id='word_1_454' title='bbox 1217 967 1262 994; x_wconf 84' lang='grc' dir='ltr'>διὰ</span> <span class='ocrx_word' id='word_1_455' title='bbox 1278 967 1334 994; x_wconf 84' lang='grc' dir='ltr'><strong>τῶν</strong></span> <span class='ocrx_word' id='word_1_456' title='bbox 1347 969 1538 1003; x_wconf 79' lang='grc' dir='ltr'>προκειμένων</span> <span class='ocrx_word' id='word_1_457' title='bbox 1551 970 1683 1004; x_wconf 82' lang='grc' dir='ltr'>ῥημάτων</span> <span class='ocrx_word' id='word_1_458' title='bbox 1696 970 1750 997; x_wconf 74' lang='grc' dir='ltr'><strong>ὑπὸ</strong></span> <span class='ocrx_word' id='word_1_459' title='bbox 1763 971 1810 997; x_wconf 77' lang='grc' dir='ltr'><strong>τοῦ</strong></span> 
     </span>
    </p>
   </div>
   <div class='ocr_carea' id='block_1_67' title="bbox 1021 1012 1811 1052">
    <p class='ocr_par' dir='ltr' id='par_1_67' title="bbox 1021 1012 1811 1052">
     <span class='ocr_line' id='line_1_67' title="bbox 1021 1012 1811 1052; baseline 0.005 -13"><span class='ocrx_word' id='word_1_460' title='bbox 1021 1012 1194 1047; x_wconf 85' lang='grc' dir='ltr'>Σολομῶντος</span> <span class='ocrx_word' id='word_1_461' title='bbox 1217 1013 1378 1048; x_wconf 83' lang='grc' dir='ltr'>δηλοῦσθαι·</span> <span class='ocrx_word' id='word_1_462' title='bbox 1406 1016 1549 1049; x_wconf 85' lang='grc' dir='ltr'>παραινεῖν</span> <span class='ocrx_word' id='word_1_463' title='bbox 1573 1017 1627 1050; x_wconf 86' lang='grc' dir='ltr'><strong>γὰρ</strong></span> <span class='ocrx_word' id='word_1_464' title='bbox 1648 1016 1811 1052; x_wconf 73' lang='grc' dir='ltr'>προορῶντα</span> 
     </span>
    </p>
   </div>
   <div class='ocr_carea' id='block_1_68' title="bbox 1020 1059 1809 1096">
    <p class='ocr_par' dir='ltr' id='par_1_68' title="bbox 1020 1059 1809 1096">
     <span class='ocr_line' id='line_1_68' title="bbox 1020 1059 1809 1096; baseline 0.004 -10"><span class='ocrx_word' id='word_1_465' title='bbox 1020 1059 1139 1094; x_wconf 82' lang='grc' dir='ltr'>Χριστοῦ</span> <span class='ocrx_word' id='word_1_466' title='bbox 1155 1059 1205 1095; x_wconf 83' lang='grc' dir='ltr'>τὴν</span> <span class='ocrx_word' id='word_1_467' title='bbox 1219 1059 1365 1095; x_wconf 73' lang='grc' dir='ltr'>ἐπιδημίαν</span> <span class='ocrx_word' id='word_1_468' title='bbox 1386 1061 1434 1087; x_wconf 74' lang='grc' dir='ltr'><strong>καὶ</strong></span> <span class='ocrx_word' id='word_1_469' title='bbox 1448 1061 1497 1093; x_wconf 76' lang='grc' dir='ltr'><strong>τὰς</strong></span> <span class='ocrx_word' id='word_1_470' title='bbox 1514 1062 1651 1096; x_wconf 80' lang='grc' dir='ltr'>μυστικὰς</span> <span class='ocrx_word' id='word_1_471' title='bbox 1675 1063 1710 1089; x_wconf 83' lang='grc' dir='ltr'><strong>δι’</strong></span> <span class='ocrx_word' id='word_1_472' title='bbox 1725 1063 1809 1089; x_wconf 63' lang='lat' dir='ltr'><strong>auro-3</strong></span> 
     </span>
    </p>
   </div>
   <div class='ocr_carea' id='block_1_69' title="bbox 1019 1103 1810 1142">
    <p class='ocr_par' dir='ltr' id='par_1_69' title="bbox 1019 1103 1810 1142">
     <span class='ocr_line' id='line_1_69' title="bbox 1019 1103 1810 1142; baseline 0.005 -12"><span class='ocrx_word' id='word_1_473' title='bbox 1019 1103 1130 1136; x_wconf 77' lang='grc' dir='ltr'>τελετὰς</span> <span class='ocrx_word' id='word_1_474' title='bbox 1155 1104 1201 1131; x_wconf 65' lang='grc' dir='ltr'>τὸν</span> <span class='ocrx_word' id='word_1_475' title='bbox 1223 1104 1367 1140; x_wconf 73' lang='grc' dir='ltr'>ἄνθρωπον</span> <span class='ocrx_word' id='word_1_476' title='bbox 1395 1105 1446 1141; x_wconf 82' lang='grc' dir='ltr'>τὴν</span> <span class='ocrx_word' id='word_1_477' title='bbox 1473 1106 1596 1141; x_wconf 81' lang='grc' dir='ltr'>καθαρὰν</span> <span class='ocrx_word' id='word_1_478' title='bbox 1625 1107 1729 1142; x_wconf 85' lang='grc' dir='ltr'>ταύτην</span> <span class='ocrx_word' id='word_1_479' title='bbox 1762 1109 1810 1134; x_wconf 73' lang='grc' dir='ltr'><strong>καὶ</strong></span> 
     </span>
    </p>
   </div>
   <div class='ocr_carea' id='block_1_70' title="bbox 1019 1149 1810 1189">
    <p class='ocr_par' dir='ltr' id='par_1_70' title="bbox 1019 1149 1810 1189">
     <span class='ocr_line' id='line_1_70' title="bbox 1019 1149 1810 1189; baseline 0.005 -13"><span class='ocrx_word' id='word_1_480' title='bbox 1019 1149 1117 1185; x_wconf 82' lang='grc' dir='ltr'>διαυγῆ</span> <span class='ocrx_word' id='word_1_481' title='bbox 1135 1150 1342 1186; x_wconf 83' lang='grc' dir='ltr'>λαμπροφορίαν</span> <span class='ocrx_word' id='word_1_482' title='bbox 1358 1151 1405 1177; x_wconf 75' lang='grc' dir='ltr'>καὶ</span> <span class='ocrx_word' id='word_1_483' title='bbox 1421 1151 1502 1186; x_wconf 77' lang='grc' dir='ltr'>μέχρι</span> <span class='ocrx_word' id='word_1_484' title='bbox 1516 1152 1605 1187; x_wconf 79' lang='grc' dir='ltr'>ψυχῆς</span> <span class='ocrx_word' id='word_1_485' title='bbox 1618 1153 1810 1189; x_wconf 76' lang='grc' dir='ltr'>ὲμὸαθυνομέ-</span> 
     </span>
    </p>
   </div>
   <div class='ocr_carea' id='block_1_71' title="bbox 1018 1196 1811 1234">
    <p class='ocr_par' dir='ltr' id='par_1_71' title="bbox 1018 1196 1811 1234">
     <span class='ocr_line' id='line_1_71' title="bbox 1018 1196 1811 1234; baseline 0.005 -12"><span class='ocrx_word' id='word_1_486' title='bbox 1018 1204 1068 1231; x_wconf 89' lang='grc' dir='ltr'><strong>νην</strong></span> <span class='ocrx_word' id='word_1_487' title='bbox 1081 1196 1231 1231; x_wconf 82' lang='grc' dir='ltr'>λευκότητα</span> <span class='ocrx_word' id='word_1_488' title='bbox 1244 1197 1298 1223; x_wconf 90' lang='grc' dir='ltr'><strong>τῶν</strong></span> <span class='ocrx_word' id='word_1_489' title='bbox 1313 1196 1401 1224; x_wconf 81' lang='grc' dir='ltr'>ἄλλων</span> <span class='ocrx_word' id='word_1_490' title='bbox 1415 1197 1543 1224; x_wconf 81' lang='grc' dir='ltr'>ἁπάντων</span> <span class='ocrx_word' id='word_1_491' title='bbox 1555 1200 1749 1234; x_wconf 81' lang='grc' dir='ltr'>προαιρεῖσθαι</span> <span class='ocrx_word' id='word_1_492' title='bbox 1759 1208 1766 1214; x_wconf 89' lang='grc'><strong>·</strong></span> <span class='ocrx_word' id='word_1_493' title='bbox 1781 1201 1811 1226; x_wconf 82' lang='grc' dir='ltr'><strong>ἐν</strong></span> 
     </span>
    </p>
   </div>
   <div class='ocr_carea' id='block_1_72' title="bbox 1018 1237 1811 1280">
    <p class='ocr_par' dir='ltr' id='par_1_72' title="bbox 1018 1237 1811 1280">
     <span class='ocr_line' id='line_1_72' title="bbox 1018 1237 1811 1280; baseline 0.006 -13"><span class='ocrx_word' id='word_1_494' title='bbox 1018 1237 1035 1277; x_wconf 82' lang='grc' dir='ltr'>ᾖ</span> <span class='ocrx_word' id='word_1_495' title='bbox 1057 1241 1105 1268; x_wconf 78' lang='grc' dir='ltr'>καὶ</span> <span class='ocrx_word' id='word_1_496' title='bbox 1130 1242 1146 1276; x_wconf 84' lang='grc' dir='ltr'>ἡ</span> <span class='ocrx_word' id='word_1_497' title='bbox 1172 1242 1278 1277; x_wconf 85' lang='grc' dir='ltr'>κεφαλὴ</span> <span class='ocrx_word' id='word_1_498' title='bbox 1293 1242 1332 1277; x_wconf 88' lang='grc' dir='ltr'>τῷ</span> <span class='ocrx_word' id='word_1_499' title='bbox 1349 1242 1432 1278; x_wconf 80' lang='grc' dir='ltr'>ἐλαίῳ</span> <span class='ocrx_word' id='word_1_500' title='bbox 1448 1243 1624 1278; x_wconf 81' lang='grc' dir='ltr'>ἐπαλείφεται</span> <span class='ocrx_word' id='word_1_501' title='bbox 1646 1245 1686 1280; x_wconf 86' lang='grc' dir='ltr'>τῷ</span> <span class='ocrx_word' id='word_1_502' title='bbox 1703 1246 1811 1272; x_wconf 84' lang='grc' dir='ltr'>τετελε-</span> 
     </span>
    </p>
   </div>
   <div class='ocr_carea' id='block_1_73' title="bbox 1018 1286 1811 1324">
    <p class='ocr_par' dir='ltr' id='par_1_73' title="bbox 1018 1286 1811 1324">
     <span class='ocr_line' id='line_1_73' title="bbox 1018 1286 1811 1324; baseline 0.008 -12"><span class='ocrx_word' id='word_1_503' title='bbox 1018 1287 1110 1322; x_wconf 84' lang='grc' dir='ltr'>σμένῳ</span> <span class='ocrx_word' id='word_1_504' title='bbox 1124 1286 1204 1322; x_wconf 87' lang='grc' dir='ltr'>μύρῳ</span> <span class='ocrx_word' id='word_1_505' title='bbox 1218 1287 1261 1314; x_wconf 78' lang='grc' dir='ltr'><strong>διὰ</strong></span> <span class='ocrx_word' id='word_1_506' title='bbox 1274 1288 1322 1314; x_wconf 85' lang='grc' dir='ltr'>τοῦ</span> <span class='ocrx_word' id='word_1_507' title='bbox 1344 1288 1423 1322; x_wconf 82' lang='grc' dir='ltr'>ἁγίου</span> <span class='ocrx_word' id='word_1_508' title='bbox 1451 1289 1609 1324; x_wconf 84' lang='grc' dir='ltr'>Πνεύματος</span> <span class='ocrx_word' id='word_1_509' title='bbox 1620 1299 1627 1306; x_wconf 94' lang='grc'><strong>·</strong></span> <span class='ocrx_word' id='word_1_510' title='bbox 1651 1292 1699 1317; x_wconf 80' lang='grc' dir='ltr'>καὶ</span> <span class='ocrx_word' id='word_1_511' title='bbox 1715 1289 1753 1318; x_wconf 81' lang='grc' dir='ltr'>ὧν</span> <span class='ocrx_word' id='word_1_512' title='bbox 1768 1293 1811 1318; x_wconf 87' lang='grc' dir='ltr'><strong>αἰ-</strong></span> 
     </span>
    </p>
   </div>
   <div class='ocr_carea' id='block_1_74' title="bbox 1018 1333 1812 1373">
    <p class='ocr_par' dir='ltr' id='par_1_74' title="bbox 1018 1333 1812 1373">
     <span class='ocr_line' id='line_1_74' title="bbox 1018 1333 1812 1373; baseline 0.006 -14"><span class='ocrx_word' id='word_1_513' title='bbox 1018 1333 1171 1369; x_wconf 86' lang='grc' dir='ltr'>σθήσεωνὴ</span> <span class='ocrx_word' id='word_1_514' title='bbox 1188 1334 1292 1368; x_wconf 79' lang='grc' dir='ltr'>κεφαλὴ</span> <span class='ocrx_word' id='word_1_515' title='bbox 1316 1335 1488 1369; x_wconf 78' lang='grc' dir='ltr'>καθηγεῖται,</span> <span class='ocrx_word' id='word_1_516' title='bbox 1512 1335 1541 1368; x_wconf 75' lang='grc' dir='ltr'>ἐξ</span> <span class='ocrx_word' id='word_1_517' title='bbox 1565 1336 1650 1371; x_wconf 79' lang='grc' dir='ltr'>αὐτῆς</span> <span class='ocrx_word' id='word_1_518' title='bbox 1666 1337 1696 1363; x_wconf 83' lang='grc' dir='ltr'><strong>τὸ</strong></span> <span class='ocrx_word' id='word_1_519' title='bbox 1719 1338 1812 1373; x_wconf 71' lang='grc' dir='ltr'>ῥεῦμα</span> 
     </span>
    </p>
   </div>
   <div class='ocr_carea' id='block_1_75' title="bbox 1016 1379 1810 1418">
    <p class='ocr_par' dir='ltr' id='par_1_75' title="bbox 1016 1379 1810 1418">
     <span class='ocr_line' id='line_1_75' title="bbox 1016 1379 1810 1418; baseline 0.004 -12"><span class='ocrx_word' id='word_1_520' title='bbox 1016 1379 1071 1406; x_wconf 83' lang='grc' dir='ltr'><strong>τῶν</strong></span> <span class='ocrx_word' id='word_1_521' title='bbox 1086 1380 1255 1415; x_wconf 75' lang='grc' dir='ltr'>ἀντιλήψεων</span> <span class='ocrx_word' id='word_1_522' title='bbox 1268 1380 1423 1416; x_wconf 82' lang='grc' dir='ltr'>χορηγοῦσα</span> <span class='ocrx_word' id='word_1_523' title='bbox 1433 1389 1440 1396; x_wconf 71' lang='grc' dir='ltr'><strong>ο</strong></span> <span class='ocrx_word' id='word_1_524' title='bbox 1457 1382 1503 1408; x_wconf 77' lang='grc' dir='ltr'>καὶ</span> <span class='ocrx_word' id='word_1_525' title='bbox 1515 1382 1544 1408; x_wconf 81' lang='grc' dir='ltr'>τδ</span> <span class='ocrx_word' id='word_1_526' title='bbox 1556 1382 1605 1417; x_wconf 83' lang='grc' dir='ltr'>μὲν</span> <span class='ocrx_word' id='word_1_527' title='bbox 1621 1382 1722 1418; x_wconf 79' lang='grc' dir='ltr'>μικροῦ</span> <span class='ocrx_word' id='word_1_528' title='bbox 1738 1383 1810 1417; x_wconf 77' lang='grc' dir='ltr'>σύμ-</span> 
     </span>
    </p>
   </div>
   <div class='ocr_carea' id='block_1_76' title="bbox 1017 1424 1811 1464">
    <p class='ocr_par' dir='ltr' id='par_1_76' title="bbox 1017 1424 1811 1464">
     <span class='ocr_line' id='line_1_76' title="bbox 1017 1424 1811 1464; baseline 0.005 -13"><span class='ocrx_word' id='word_1_529' title='bbox 1017 1434 1071 1452; x_wconf 90' lang='grc' dir='ltr'><strong>παν</strong></span> <span class='ocrx_word' id='word_1_530' title='bbox 1085 1425 1139 1452; x_wconf 89' lang='grc' dir='ltr'><strong>τῶν</strong></span> <span class='ocrx_word' id='word_1_531' title='bbox 1153 1426 1252 1459; x_wconf 75' lang='grc' dir='ltr'>λέξεων</span> <span class='ocrx_word' id='word_1_532' title='bbox 1268 1427 1331 1462; x_wconf 84' lang='grc' dir='ltr'>περὶ</span> <span class='ocrx_word' id='word_1_533' title='bbox 1347 1427 1415 1453; x_wconf 82' lang='grc' dir='ltr'>πόδα</span> <span class='ocrx_word' id='word_1_534' title='bbox 1427 1424 1497 1454; x_wconf 85' lang='grc' dir='ltr'>εἶναι</span> <span class='ocrx_word' id='word_1_535' title='bbox 1510 1429 1542 1464; x_wconf 85' lang='grc' dir='ltr'>τῇ</span> <span class='ocrx_word' id='word_1_536' title='bbox 1560 1429 1730 1464; x_wconf 83' lang='grc' dir='ltr'>προκειμένῃ</span> <span class='ocrx_word' id='word_1_537' title='bbox 1743 1429 1811 1456; x_wconf 77' lang='grc' dir='ltr'>θεω·</span> 
     </span>
    </p>
   </div>
   <div class='ocr_carea' id='block_1_77' title="bbox 980 1464 1811 1511">
    <p class='ocr_par' dir='ltr' id='par_1_77' title="bbox 980 1464 1811 1511">
     <span class='ocr_line' id='line_1_77' title="bbox 980 1464 1811 1511; baseline 0.006 -14"><span class='ocrx_word' id='word_1_538' title='bbox 980 1464 1002 1493; x_wconf 73' lang='lat' dir='ltr'><strong><em>C</em></strong></span> <span class='ocrx_word' id='word_1_539' title='bbox 1020 1472 1065 1507; x_wconf 70' lang='grc' dir='ltr'><strong>ρίᾳ</strong></span> <span class='ocrx_word' id='word_1_540' title='bbox 1079 1472 1125 1498; x_wconf 80' lang='grc' dir='ltr'>καὶ</span> <span class='ocrx_word' id='word_1_541' title='bbox 1137 1471 1193 1511; x_wconf 72' lang='grc' dir='ltr'><strong>τῶν</strong></span> <span class='ocrx_word' id='word_1_542' title='bbox 1209 1472 1298 1499; x_wconf 74' lang='grc' dir='ltr'>ἄλλων</span> <span class='ocrx_word' id='word_1_543' title='bbox 1312 1472 1406 1499; x_wconf 83' lang='grc' dir='ltr'>πασῶν</span> <span class='ocrx_word' id='word_1_544' title='bbox 1418 1473 1595 1506; x_wconf 77' lang='grc' dir='ltr'>ἀναπτύξεων</span> <span class='ocrx_word' id='word_1_545' title='bbox 1611 1475 1811 1506; x_wconf 58' lang='lat' dir='ltr'><strong>simulatis-(lat</strong></span> 
     </span>
    </p>
   </div>
   <div class='ocr_carea' id='block_1_78' title="bbox 1017 1517 1812 1555">
    <p class='ocr_par' dir='ltr' id='par_1_78' title="bbox 1017 1517 1812 1555">
     <span class='ocr_line' id='line_1_78' title="bbox 1017 1517 1812 1555; baseline 0.005 -12"><span class='ocrx_word' id='word_1_546' title='bbox 1017 1517 1067 1553; x_wconf 80' lang='grc' dir='ltr'>τὴν</span> <span class='ocrx_word' id='word_1_547' title='bbox 1082 1517 1241 1553; x_wconf 80' lang='grc' dir='ltr'>ἑρμηνείαν,</span> <span class='ocrx_word' id='word_1_548' title='bbox 1257 1518 1345 1545; x_wconf 77' lang='grc' dir='ltr'>οὐδενὶ</span> <span class='ocrx_word' id='word_1_549' title='bbox 1358 1518 1508 1553; x_wconf 81' lang='grc' dir='ltr'>δισταγμὸν</span> <span class='ocrx_word' id='word_1_550' title='bbox 1524 1519 1561 1555; x_wconf 81' lang='grc' dir='ltr'>μὴ</span> <span class='ocrx_word' id='word_1_551' title='bbox 1575 1520 1635 1555; x_wconf 76' lang='grc' dir='ltr'>οὐχὶ</span> <span class='ocrx_word' id='word_1_552' title='bbox 1649 1521 1742 1552; x_wconf 80' lang='grc' dir='ltr'>καλῶς</span> <span class='ocrx_word' id='word_1_553' title='bbox 1762 1523 1812 1548; x_wconf 76' lang='grc' dir='ltr'>καὶ</span> 
     </span>
    </p>
   </div>
   <div class='ocr_carea' id='block_1_79' title="bbox 1017 1563 1812 1601">
    <p class='ocr_par' dir='ltr' id='par_1_79' title="bbox 1017 1563 1812 1601">
     <span class='ocr_line' id='line_1_79' title="bbox 1017 1563 1812 1601; baseline 0.006 -12"><span class='ocrx_word' id='word_1_554' title='bbox 1017 1564 1058 1595; x_wconf 87' lang='grc' dir='ltr'>εἰς</span> <span class='ocrx_word' id='word_1_555' title='bbox 1071 1564 1102 1590; x_wconf 85' lang='grc' dir='ltr'>τὸ</span> <span class='ocrx_word' id='word_1_556' title='bbox 1119 1563 1317 1599; x_wconf 78' lang='grc' dir='ltr'>ἁκριὸέστατον</span> <span class='ocrx_word' id='word_1_557' title='bbox 1330 1565 1517 1601; x_wconf 86' lang='grc' dir='ltr'>τεθεωρῆσθαι</span> <span class='ocrx_word' id='word_1_558' title='bbox 1533 1568 1658 1601; x_wconf 81' lang='grc' dir='ltr'>παρέχει.</span> <span class='ocrx_word' id='word_1_559' title='bbox 1682 1567 1719 1593; x_wconf 83' lang='grc' dir='ltr'><strong>Τὸ</strong></span> <span class='ocrx_word' id='word_1_560' title='bbox 1733 1567 1764 1594; x_wconf 79' lang='grc' dir='ltr'><strong>δὲ</strong></span> <span class='ocrx_word' id='word_1_561' title='bbox 1781 1569 1812 1594; x_wconf 78' lang='grc' dir='ltr'><strong>ἐν</strong></span> 
     </span>
    </p>
   </div>
   <div class='ocr_carea' id='block_1_80' title="bbox 1018 1609 1811 1647">
    <p class='ocr_par' dir='ltr' id='par_1_80' title="bbox 1018 1609 1811 1647">
     <span class='ocr_line' id='line_1_80' title="bbox 1018 1609 1811 1647; baseline 0.006 -13"><span class='ocrx_word' id='word_1_562' title='bbox 1018 1610 1100 1636; x_wconf 79' lang='grc' dir='ltr'>παντὶ</span> <span class='ocrx_word' id='word_1_563' title='bbox 1115 1609 1203 1645; x_wconf 81' lang='grc' dir='ltr'>καιρῷ</span> <span class='ocrx_word' id='word_1_564' title='bbox 1225 1610 1439 1645; x_wconf 76' lang='grc' dir='ltr'>περιϐεϐλῆσθαι</span> <span class='ocrx_word' id='word_1_565' title='bbox 1463 1611 1518 1638; x_wconf 85' lang='grc' dir='ltr'><strong>τῶν</strong></span> <span class='ocrx_word' id='word_1_566' title='bbox 1534 1612 1650 1646; x_wconf 75' lang='grc' dir='ltr'>ἱματίων</span> <span class='ocrx_word' id='word_1_567' title='bbox 1662 1613 1697 1638; x_wconf 78' lang='grc' dir='ltr'><strong>τὰ</strong></span> <span class='ocrx_word' id='word_1_568' title='bbox 1711 1612 1811 1647; x_wconf 74' lang='grc' dir='ltr'>λευκὰ,</span> 
     </span>
    </p>
   </div>
   <div class='ocr_carea' id='block_1_81' title="bbox 1017 1655 1812 1695">
    <p class='ocr_par' dir='ltr' id='par_1_81' title="bbox 1017 1655 1812 1695">
     <span class='ocr_line' id='line_1_81' title="bbox 1017 1655 1812 1695; baseline 0.006 -14"><span class='ocrx_word' id='word_1_569' title='bbox 1017 1655 1105 1682; x_wconf 77' lang='grc' dir='ltr'>καὶτὸ</span> <span class='ocrx_word' id='word_1_570' title='bbox 1123 1656 1162 1691; x_wconf 81' lang='grc' dir='ltr'>μὴ</span> <span class='ocrx_word' id='word_1_571' title='bbox 1176 1657 1348 1692; x_wconf 85' lang='grc' dir='ltr'>ὑστερεῖσθαι</span> <span class='ocrx_word' id='word_1_572' title='bbox 1369 1657 1505 1692; x_wconf 84' lang='grc' dir='ltr'>μηδέποτε</span> <span class='ocrx_word' id='word_1_573' title='bbox 1524 1658 1574 1693; x_wconf 80' lang='grc' dir='ltr'><strong>τῆς</strong></span> <span class='ocrx_word' id='word_1_574' title='bbox 1596 1657 1642 1685; x_wconf 72' lang='grc' dir='ltr'><strong>διὰ</strong></span> <span class='ocrx_word' id='word_1_575' title='bbox 1658 1658 1705 1685; x_wconf 85' lang='grc' dir='ltr'>τοῦ</span> <span class='ocrx_word' id='word_1_576' title='bbox 1721 1659 1812 1695; x_wconf 85' lang='grc' dir='ltr'>μύρου</span> 
     </span>
    </p>
   </div>
   <div class='ocr_carea' id='block_1_82' title="bbox 1017 1701 1812 1747">
    <p class='ocr_par' dir='ltr' id='par_1_82' title="bbox 1017 1701 1812 1747">
     <span class='ocr_line' id='line_1_82' title="bbox 1017 1701 1812 1747; baseline 0.006 -21"><span class='ocrx_word' id='word_1_577' title='bbox 1017 1701 1134 1737; x_wconf 80' lang='grc' dir='ltr'>χρίσεως</span> <span class='ocrx_word' id='word_1_578' title='bbox 1147 1701 1197 1737; x_wconf 83' lang='grc' dir='ltr'>τὴν</span> <span class='ocrx_word' id='word_1_579' title='bbox 1212 1702 1344 1738; x_wconf 80' lang='grc' dir='ltr'>κεφαλὴν,</span> <span class='ocrx_word' id='word_1_580' title='bbox 1360 1703 1410 1729; x_wconf 78' lang='grc' dir='ltr'>οὐκ</span> <span class='ocrx_word' id='word_1_581' title='bbox 1422 1701 1480 1730; x_wconf 83' lang='grc' dir='ltr'>οῐδα</span> <span class='ocrx_word' id='word_1_582' title='bbox 1493 1703 1552 1735; x_wconf 86' lang='grc' dir='ltr'><strong>πῶς</strong></span> <span class='ocrx_word' id='word_1_583' title='bbox 1570 1703 1604 1730; x_wconf 80' lang='grc' dir='ltr'>ἂν</span> <span class='ocrx_word' id='word_1_584' title='bbox 1622 1704 1722 1747; x_wconf 52' lang='lat' dir='ltr'><strong>dgito);</strong></span> <span class='ocrx_word' id='word_1_585' title='bbox 1738 1713 1812 1740; x_wconf 86' lang='grc' dir='ltr'>συμ-</span> 
     </span>
    </p>
   </div>
   <div class='ocr_carea' id='block_1_83' title="bbox 1018 1746 1812 1786">
    <p class='ocr_par' dir='ltr' id='par_1_83' title="bbox 1018 1746 1812 1786">
     <span class='ocr_line' id='line_1_83' title="bbox 1018 1746 1812 1786; baseline 0.006 -14"><span class='ocrx_word' id='word_1_586' title='bbox 1018 1746 1161 1783; x_wconf 77' lang='grc' dir='ltr'>ϐιὸααθείη</span> <span class='ocrx_word' id='word_1_587' title='bbox 1176 1748 1250 1780; x_wconf 58' lang='lat' dir='ltr'><strong>arma</strong></span> <span class='ocrx_word' id='word_1_588' title='bbox 1272 1749 1368 1783; x_wconf 79' lang='grc' dir='ltr'>ἔχοντα</span> <span class='ocrx_word' id='word_1_589' title='bbox 1393 1751 1489 1786; x_wconf 87' lang='grc' dir='ltr'>καιρὸν</span> <span class='ocrx_word' id='word_1_590' title='bbox 1515 1746 1719 1777; x_wconf 74' lang='grc' dir='ltr'>ἐπιτελεῖσθαι·</span> <span class='ocrx_word' id='word_1_591' title='bbox 1739 1751 1812 1778; x_wconf 76' lang='grc' dir='ltr'>ἀλλὰ</span> 
     </span>
    </p>
   </div>
   <div class='ocr_carea' id='block_1_84' title="bbox 1017 1793 1813 1832">
    <p class='ocr_par' dir='ltr' id='par_1_84' title="bbox 1017 1793 1813 1832">
     <span class='ocr_line' id='line_1_84' title="bbox 1017 1793 1813 1832; baseline 0.005 -12"><span class='ocrx_word' id='word_1_592' title='bbox 1017 1794 1063 1820; x_wconf 75' lang='grc' dir='ltr'>καὶ</span> <span class='ocrx_word' id='word_1_593' title='bbox 1077 1793 1107 1819; x_wconf 82' lang='grc' dir='ltr'>τὸ</span> <span class='ocrx_word' id='word_1_594' title='bbox 1121 1795 1281 1830; x_wconf 83' lang='grc' dir='ltr'>παραίνεσιν</span> <span class='ocrx_word' id='word_1_595' title='bbox 1299 1795 1419 1830; x_wconf 73' lang='grc' dir='ltr'>εἰσάγειν</span> <span class='ocrx_word' id='word_1_596' title='bbox 1444 1796 1539 1831; x_wconf 84' lang='grc' dir='ltr'>μηδενὶ</span> <span class='ocrx_word' id='word_1_597' title='bbox 1556 1796 1708 1831; x_wconf 82' lang='grc' dir='ltr'>τηνικαῦτα</span> <span class='ocrx_word' id='word_1_598' title='bbox 1739 1799 1813 1832; x_wconf 79' lang='grc' dir='ltr'>μήτε</span> 
     </span>
    </p>
   </div>
   <div class='ocr_carea' id='block_1_85' title="bbox 1018 1839 1813 1877">
    <p class='ocr_par' dir='ltr' id='par_1_85' title="bbox 1018 1839 1813 1877">
     <span class='ocr_line' id='line_1_85' title="bbox 1018 1839 1813 1877; baseline 0.006 -13"><span class='ocrx_word' id='word_1_599' title='bbox 1018 1839 1137 1865; x_wconf 82' lang='grc' dir='ltr'>συνιέναι</span> <span class='ocrx_word' id='word_1_600' title='bbox 1150 1839 1300 1875; x_wconf 82' lang='grc' dir='ltr'>δυναμένῳ,</span> <span class='ocrx_word' id='word_1_601' title='bbox 1317 1841 1386 1876; x_wconf 85' lang='grc' dir='ltr'>μήτε</span> <span class='ocrx_word' id='word_1_602' title='bbox 1402 1841 1457 1877; x_wconf 83' lang='grc' dir='ltr'>μὴν</span> <span class='ocrx_word' id='word_1_603' title='bbox 1471 1842 1512 1873; x_wconf 83' lang='grc' dir='ltr'><strong>είς</strong></span> <span class='ocrx_word' id='word_1_604' title='bbox 1526 1842 1607 1877; x_wconf 74' lang='grc' dir='ltr'>ἔργον</span> <span class='ocrx_word' id='word_1_605' title='bbox 1621 1842 1700 1876; x_wconf 79' lang='grc' dir='ltr'>ἄγειν</span> <span class='ocrx_word' id='word_1_606' title='bbox 1713 1844 1813 1877; x_wconf 83' lang='grc' dir='ltr'>ἀνεχο-</span> 
     </span>
    </p>
   </div>
   <div class='ocr_carea' id='block_1_86' title="bbox 1019 1883 1813 1923">
    <p class='ocr_par' dir='ltr' id='par_1_86' title="bbox 1019 1883 1813 1923">
     <span class='ocr_line' id='line_1_86' title="bbox 1019 1883 1813 1923; baseline 0.006 -13"><span class='ocrx_word' id='word_1_607' title='bbox 1019 1883 1101 1918; x_wconf 79' lang='grc' dir='ltr'>μένιμ,</span> <span class='ocrx_word' id='word_1_608' title='bbox 1116 1885 1166 1911; x_wconf 76' lang='grc' dir='ltr'>οὐκ</span> <span class='ocrx_word' id='word_1_609' title='bbox 1181 1883 1240 1911; x_wconf 85' lang='grc' dir='ltr'>οἶδα</span> <span class='ocrx_word' id='word_1_610' title='bbox 1258 1885 1316 1917; x_wconf 80' lang='grc' dir='ltr'>πῶς</span> <span class='ocrx_word' id='word_1_611' title='bbox 1332 1886 1365 1912; x_wconf 83' lang='grc' dir='ltr'>ἂν</span> <span class='ocrx_word' id='word_1_612' title='bbox 1386 1887 1418 1913; x_wconf 83' lang='grc' dir='ltr'>ὲκ</span> <span class='ocrx_word' id='word_1_613' title='bbox 1437 1887 1483 1913; x_wconf 75' lang='grc' dir='ltr'>τοῦ</span> <span class='ocrx_word' id='word_1_614' title='bbox 1508 1888 1607 1923; x_wconf 77' lang='grc' dir='ltr'>ῥᾴστου</span> <span class='ocrx_word' id='word_1_615' title='bbox 1634 1887 1664 1914; x_wconf 70' lang='grc' dir='ltr'>τὸ</span> <span class='ocrx_word' id='word_1_616' title='bbox 1693 1888 1813 1923; x_wconf 85' lang='grc' dir='ltr'>μάταιον</span> 
     </span>
    </p>
   </div>
   <div class='ocr_carea' id='block_1_87' title="bbox 1016 1930 1814 1968">
    <p class='ocr_par' dir='ltr' id='par_1_87' title="bbox 1016 1930 1814 1968">
     <span class='ocr_line' id='line_1_87' title="bbox 1016 1930 1814 1968; baseline 0.006 -12"><span class='ocrx_word' id='word_1_617' title='bbox 1016 1930 1258 1958; x_wconf 59' lang='grc' dir='ltr'>ἀποσκευάσασθαι</span> <span class='ocrx_word' id='word_1_618' title='bbox 1283 1932 1492 1967; x_wconf 81' lang='grc' dir='ltr'>κατευοδωθείη.</span> <span class='ocrx_word' id='word_1_619' title='bbox 1506 1933 1583 1968; x_wconf 83' lang='grc' dir='ltr'>Τάχα</span> <span class='ocrx_word' id='word_1_620' title='bbox 1599 1933 1621 1959; x_wconf 76' lang='grc' dir='ltr'><strong>δ’</strong></span> <span class='ocrx_word' id='word_1_621' title='bbox 1638 1932 1671 1960; x_wconf 80' lang='grc' dir='ltr'>ἂν</span> <span class='ocrx_word' id='word_1_622' title='bbox 1685 1934 1714 1960; x_wconf 81' lang='grc' dir='ltr'>ἑν</span> <span class='ocrx_word' id='word_1_623' title='bbox 1728 1936 1814 1961; x_wconf 73' lang='grc' dir='ltr'>παντὶ</span> 
     </span>
    </p>
   </div>
   <div class='ocr_carea' id='block_1_88' title="bbox 1017 1976 1813 2014">
    <p class='ocr_par' dir='ltr' id='par_1_88' title="bbox 1017 1976 1813 2014">
     <span class='ocr_line' id='line_1_88' title="bbox 1017 1976 1813 2014; baseline 0.005 -12"><span class='ocrx_word' id='word_1_624' title='bbox 1017 1976 1105 2012; x_wconf 82' lang='grc' dir='ltr'>καιρῷ</span> <span class='ocrx_word' id='word_1_625' title='bbox 1128 1978 1222 2012; x_wconf 84' lang='grc' dir='ltr'>φορεῖν</span> <span class='ocrx_word' id='word_1_626' title='bbox 1245 1977 1330 2004; x_wconf 71' lang='grc' dir='ltr'>λευκὰ</span> <span class='ocrx_word' id='word_1_627' title='bbox 1355 1978 1466 2013; x_wconf 83' lang='grc' dir='ltr'>νοηθείη</span> <span class='ocrx_word' id='word_1_628' title='bbox 1490 1979 1505 2005; x_wconf 87' lang='grc' dir='ltr'>ὀ</span> <span class='ocrx_word' id='word_1_629' title='bbox 1531 1979 1601 2014; x_wconf 83' lang='grc' dir='ltr'>μετὰ</span> <span class='ocrx_word' id='word_1_630' title='bbox 1613 1979 1643 2006; x_wconf 79' lang='grc' dir='ltr'>τὸ</span> <span class='ocrx_word' id='word_1_631' title='bbox 1660 1979 1813 2014; x_wconf 85' lang='grc' dir='ltr'>καθάρσιον</span> 
     </span>
    </p>
   </div>
   <div class='ocr_carea' id='block_1_89' title="bbox 1018 2020 1814 2059">
    <p class='ocr_par' dir='ltr' id='par_1_89' title="bbox 1018 2020 1814 2059">
     <span class='ocr_line' id='line_1_89' title="bbox 1018 2020 1814 2059; baseline 0.005 -12"><span class='ocrx_word' id='word_1_632' title='bbox 1018 2020 1160 2057; x_wconf 80' lang='grc' dir='ltr'>βάπτισμα</span> <span class='ocrx_word' id='word_1_633' title='bbox 1175 2024 1208 2058; x_wconf 86' lang='grc' dir='ltr'><strong>τῇ</strong></span> <span class='ocrx_word' id='word_1_634' title='bbox 1224 2022 1398 2059; x_wconf 83' lang='grc' dir='ltr'>λαμπρότητι</span> <span class='ocrx_word' id='word_1_635' title='bbox 1422 2023 1477 2050; x_wconf 87' lang='grc' dir='ltr'><strong>τῶν</strong></span> <span class='ocrx_word' id='word_1_636' title='bbox 1495 2024 1601 2059; x_wconf 83' lang='grc' dir='ltr'>ἀρετῶν</span> <span class='ocrx_word' id='word_1_637' title='bbox 1624 2024 1814 2059; x_wconf 80' lang='grc' dir='ltr'>περιστέλλων</span> 
     </span>
    </p>
   </div>
   <div class='ocr_carea' id='block_1_90' title="bbox 1016 2067 1813 2106">
    <p class='ocr_par' dir='ltr' id='par_1_90' title="bbox 1016 2067 1813 2106">
     <span class='ocr_line' id='line_1_90' title="bbox 1016 2067 1813 2106; baseline 0.006 -13"><span class='ocrx_word' id='word_1_638' title='bbox 1016 2067 1122 2100; x_wconf 76' lang='grc' dir='ltr'>ἐαυτὸν,</span> <span class='ocrx_word' id='word_1_639' title='bbox 1139 2068 1187 2096; x_wconf 68' lang='grc' dir='ltr'><strong>καὶ¹</strong></span> <span class='ocrx_word' id='word_1_640' title='bbox 1208 2069 1253 2095; x_wconf 80' lang='grc' dir='ltr'>τὸν</span> <span class='ocrx_word' id='word_1_641' title='bbox 1276 2070 1327 2105; x_wconf 86' lang='grc' dir='ltr'><strong>τῆς</strong></span> <span class='ocrx_word' id='word_1_642' title='bbox 1341 2070 1479 2106; x_wconf 80' lang='grc' dir='ltr'>ἁμαρτίας</span> <span class='ocrx_word' id='word_1_643' title='bbox 1496 2070 1577 2104; x_wconf 80' lang='grc' dir='ltr'>ζόφον</span> <span class='ocrx_word' id='word_1_644' title='bbox 1594 2071 1735 2103; x_wconf 79' lang='grc' dir='ltr'>παντελῶς</span> <span class='ocrx_word' id='word_1_645' title='bbox 1753 2073 1813 2098; x_wconf 79' lang='grc' dir='ltr'><strong>ἀπ-</strong></span> 
     </span>
    </p>
   </div>
   <div class='ocr_carea' id='block_1_91' title="bbox 1017 2111 1814 2151">
    <p class='ocr_par' dir='ltr' id='par_1_91' title="bbox 1017 2111 1814 2151">
     <span class='ocr_line' id='line_1_91' title="bbox 1017 2111 1814 2151; baseline 0.006 -14"><span class='ocrx_word' id='word_1_646' title='bbox 1017 2111 1135 2139; x_wconf 83' lang='grc' dir='ltr'>ελαύνων</span> <span class='ocrx_word' id='word_1_647' title='bbox 1148 2112 1309 2148; x_wconf 76' lang='grc' dir='ltr'>πλησιάζειν</span> <span class='ocrx_word' id='word_1_648' title='bbox 1324 2115 1422 2150; x_wconf 82' lang='grc' dir='ltr'>ἐαυτῷ.</span> <span class='ocrx_word' id='word_1_649' title='bbox 1435 2116 1465 2142; x_wconf 88' lang='grc'><strong>’0</strong></span> <span class='ocrx_word' id='word_1_650' title='bbox 1479 2115 1534 2151; x_wconf 80' lang='grc' dir='ltr'><strong>γὰρ</strong></span> <span class='ocrx_word' id='word_1_651' title='bbox 1548 2115 1711 2147; x_wconf 79' lang='grc' dir='ltr'>τοιοῦτος’ἐν</span> <span class='ocrx_word' id='word_1_652' title='bbox 1728 2119 1814 2143; x_wconf 67' lang='grc' dir='ltr'>παντὶ</span> 
     </span>
    </p>
   </div>
   <div class='ocr_carea' id='block_1_92' title="bbox 1015 2158 1813 2197">
    <p class='ocr_par' dir='ltr' id='par_1_92' title="bbox 1015 2158 1813 2197">
     <span class='ocr_line' id='line_1_92' title="bbox 1015 2158 1813 2197; baseline 0.006 -13"><span class='ocrx_word' id='word_1_653' title='bbox 1015 2158 1104 2194; x_wconf 84' lang='grc' dir='ltr'>καιρῷ</span> <span class='ocrx_word' id='word_1_654' title='bbox 1118 2158 1308 2196; x_wconf 79' lang='grc' dir='ltr'>λαμπροφορεῖ</span> <span class='ocrx_word' id='word_1_655' title='bbox 1317 2169 1323 2175; x_wconf 92' lang='grc'><strong>·</strong></span> <span class='ocrx_word' id='word_1_656' title='bbox 1347 2162 1394 2188; x_wconf 79' lang='grc' dir='ltr'>καὶ</span> <span class='ocrx_word' id='word_1_657' title='bbox 1413 2161 1444 2188; x_wconf 83' lang='grc' dir='ltr'>τὸ</span> <span class='ocrx_word' id='word_1_658' title='bbox 1462 2162 1547 2197; x_wconf 80' lang='grc' dir='ltr'>μῦρον</span> <span class='ocrx_word' id='word_1_659' title='bbox 1560 2162 1588 2188; x_wconf 79' lang='grc' dir='ltr'>δὲ</span> <span class='ocrx_word' id='word_1_660' title='bbox 1601 2163 1615 2189; x_wconf 89' lang='grc' dir='ltr'>ὁ</span> <span class='ocrx_word' id='word_1_661' title='bbox 1629 2162 1750 2194; x_wconf 79' lang='grc' dir='ltr'>τοιοῦτος</span> <span class='ocrx_word' id='word_1_662' title='bbox 1763 2164 1813 2189; x_wconf 77' lang='grc' dir='ltr'>ἐπὶ</span> 
     </span>
    </p>
   </div>
   <div class='ocr_carea' id='block_1_93' title="bbox 1013 2204 1812 2244">
    <p class='ocr_par' dir='ltr' id='par_1_93' title="bbox 1013 2204 1812 2244">
     <span class='ocr_line' id='line_1_93' title="bbox 1013 2204 1812 2244; baseline 0.006 -14"><span class='ocrx_word' id='word_1_663' title='bbox 1013 2204 1064 2239; x_wconf 82' lang='grc' dir='ltr'><strong>τῆς</strong></span> <span class='ocrx_word' id='word_1_664' title='bbox 1081 2205 1200 2241; x_wconf 77' lang='grc' dir='ltr'>κεφαλῆς</span> <span class='ocrx_word' id='word_1_665' title='bbox 1218 2207 1263 2242; x_wconf 72' lang='grc' dir='ltr'>εἴη</span> <span class='ocrx_word' id='word_1_666' title='bbox 1278 2206 1313 2233; x_wconf 82' lang='grc' dir='ltr'>ἂν</span> <span class='ocrx_word' id='word_1_667' title='bbox 1329 2206 1367 2243; x_wconf 82' lang='grc' dir='ltr'>μὴ</span> <span class='ocrx_word' id='word_1_668' title='bbox 1383 2207 1581 2243; x_wconf 83' lang='grc' dir='ltr'>ὕστερούμενος</span> <span class='ocrx_word' id='word_1_669' title='bbox 1594 2228 1602 2241; x_wconf 85' lang='grc'><strong>,</strong></span> <span class='ocrx_word' id='word_1_670' title='bbox 1627 2209 1673 2235; x_wconf 77' lang='grc' dir='ltr'><strong>ἀεὶ</strong></span> <span class='ocrx_word' id='word_1_671' title='bbox 1701 2209 1812 2244; x_wconf 80' lang='grc' dir='ltr'>φρονῶν</span> 
     </span>
    </p>
   </div>
   <div class='ocr_carea' id='block_1_94' title="bbox 1013 2250 1810 2289">
    <p class='ocr_par' dir='ltr' id='par_1_94' title="bbox 1013 2250 1810 2289">
     <span class='ocr_line' id='line_1_94' title="bbox 1013 2250 1810 2289; baseline 0.006 -13"><span class='ocrx_word' id='word_1_672' title='bbox 1013 2250 1049 2276; x_wconf 82' lang='grc' dir='ltr'><strong>τὰ</strong></span> <span class='ocrx_word' id='word_1_673' title='bbox 1059 2250 1106 2276; x_wconf 86' lang='grc' dir='ltr'><strong>τοῦ</strong></span> <span class='ocrx_word' id='word_1_674' title='bbox 1123 2251 1279 2286; x_wconf 80' lang='grc' dir='ltr'>πνεύματος</span> <span class='ocrx_word' id='word_1_675' title='bbox 1290 2252 1337 2279; x_wconf 75' lang='grc' dir='ltr'>καὶ</span> <span class='ocrx_word' id='word_1_676' title='bbox 1353 2252 1404 2288; x_wconf 77' lang='grc' dir='ltr'><strong>τῆς</strong></span> <span class='ocrx_word' id='word_1_677' title='bbox 1420 2253 1528 2280; x_wconf 76' lang='grc' dir='ltr'>ἐκεῖθεν</span> <span class='ocrx_word' id='word_1_678' title='bbox 1542 2254 1655 2289; x_wconf 81' lang='grc' dir='ltr'>χάριτος</span> <span class='ocrx_word' id='word_1_679' title='bbox 1671 2255 1810 2289; x_wconf 78' lang='grc' dir='ltr'>καταρδόο</span> 
     </span>
    </p>
   </div>
   <div class='ocr_carea' id='block_1_95' title="bbox 1016 2298 1810 2336">
    <p class='ocr_par' dir='ltr' id='par_1_95' title="bbox 1016 2298 1810 2336">
     <span class='ocr_line' id='line_1_95' title="bbox 1016 2298 1810 2336; baseline 0.005 -14"><span class='ocrx_word' id='word_1_680' title='bbox 1016 2304 1096 2330; x_wconf 86' lang='grc' dir='ltr'>μενος</span> <span class='ocrx_word' id='word_1_681' title='bbox 1112 2298 1169 2329; x_wconf 82' lang='grc' dir='ltr'>τοῖς</span> <span class='ocrx_word' id='word_1_682' title='bbox 1185 2298 1314 2333; x_wconf 80' lang='grc' dir='ltr'>ῥείθροις.</span> <span class='ocrx_word' id='word_1_683' title='bbox 1329 2299 1361 2325; x_wconf 84' lang='grc' dir='ltr'>Εἰ</span> <span class='ocrx_word' id='word_1_684' title='bbox 1372 2299 1401 2326; x_wconf 83' lang='grc' dir='ltr'><strong>δὲ</strong></span> <span class='ocrx_word' id='word_1_685' title='bbox 1415 2299 1462 2326; x_wconf 72' lang='grc' dir='ltr'><strong>καὶ</strong></span> <span class='ocrx_word' id='word_1_686' title='bbox 1472 2299 1503 2326; x_wconf 75' lang='grc' dir='ltr'>τὸ</span> <span class='ocrx_word' id='word_1_687' title='bbox 1518 2301 1687 2336; x_wconf 72' lang='grc' dir='ltr'>προφητικὸν</span> <span class='ocrx_word' id='word_1_688' title='bbox 1699 2301 1714 2326; x_wconf 85' lang='grc' dir='ltr'><strong><em>ὸ</em></strong></span> <span class='ocrx_word' id='word_1_689' title='bbox 1728 2300 1810 2326; x_wconf 84' lang='grc' dir='ltr'>Σολο-</span> 
     </span>
    </p>
   </div>
   <div class='ocr_carea' id='block_1_96' title="bbox 175 2327 1810 2382">
    <p class='ocr_par' dir='ltr' id='par_1_96' title="bbox 175 2327 1810 2382">
     <span class='ocr_line' id='line_1_96' title="bbox 175 2327 1810 2382; baseline 0.012 -27"><span class='ocrx_word' id='word_1_690' title='bbox 175 2329 234 2364; x_wconf 90' lang='grc' dir='ltr'>μὼν</span> <span class='ocrx_word' id='word_1_691' title='bbox 244 2327 301 2366; x_wconf 79' lang='grc' dir='ltr'>εἶχε</span> <span class='ocrx_word' id='word_1_692' title='bbox 317 2331 442 2367; x_wconf 86' lang='grc' dir='ltr'>χάρισμα</span> <span class='ocrx_word' id='word_1_693' title='bbox 461 2332 717 2369; x_wconf 85' lang='grc' dir='ltr'>συμπληρούμενον,</span> <span class='ocrx_word' id='word_1_694' title='bbox 732 2336 767 2364; x_wconf 78' lang='grc' dir='ltr'><strong>τὰ</strong></span> <span class='ocrx_word' id='word_1_695' title='bbox 799 2337 859 2365; x_wconf 85' lang='grc' dir='ltr'>θεῖα</span> <span class='ocrx_word' id='word_1_696' title='bbox 880 2339 934 2366; x_wconf 75' lang='grc' dir='ltr'>και-</span> <span class='ocrx_word' id='word_1_697' title='bbox 959 2339 993 2366; x_wconf 81' lang='grc' dir='ltr'>τὰ</span> <span class='ocrx_word' id='word_1_698' title='bbox 1011 2327 1172 2376; x_wconf 62' lang='grc' dir='ltr'>ἀνθρώπινα</span> <span class='ocrx_word' id='word_1_699' title='bbox 1185 2327 1312 2377; x_wconf 43' lang='grc' dir='ltr'>διεξιὼν,</span> <span class='ocrx_word' id='word_1_700' title='bbox 1334 2344 1379 2370; x_wconf 84' lang='grc' dir='ltr'><strong>τὸν</strong></span> <span class='ocrx_word' id='word_1_701' title='bbox 1393 2344 1471 2379; x_wconf 84' lang='grc' dir='ltr'>λόγον</span> <span class='ocrx_word' id='word_1_702' title='bbox 1486 2327 1617 2380; x_wconf 69' lang='grc' dir='ltr'>προεῖπεν</span> <span class='ocrx_word' id='word_1_703' title='bbox 1642 2342 1673 2372; x_wconf 78' lang='grc' dir='ltr'>οὖ</span> <span class='ocrx_word' id='word_1_704' title='bbox 1700 2346 1810 2382; x_wconf 79' lang='grc' dir='ltr'>χρόνοις</span> 
     </span>
    </p>
   </div>
   <div class='ocr_carea' id='block_1_97' title="bbox 174 2375 702 2415">
    <p class='ocr_par' dir='ltr' id='par_1_97' title="bbox 174 2375 702 2415">
     <span class='ocr_line' id='line_1_97' title="bbox 174 2375 702 2415; baseline 0.011 -13"><span class='ocrx_word' id='word_1_705' title='bbox 174 2375 287 2412; x_wconf 74' lang='grc' dir='ltr'>ὕστερον</span> <span class='ocrx_word' id='word_1_706' title='bbox 301 2376 397 2412; x_wconf 76' lang='grc' dir='ltr'>ἔμελλε</span> <span class='ocrx_word' id='word_1_707' title='bbox 412 2378 442 2405; x_wconf 84' lang='grc' dir='ltr'><strong>τὺ</strong></span> <span class='ocrx_word' id='word_1_708' title='bbox 457 2378 538 2415; x_wconf 69' lang='grc' dir='ltr'>ἔργον</span> <span class='ocrx_word' id='word_1_709' title='bbox 554 2380 702 2408; x_wconf 79' lang='grc' dir='ltr'>ἐκϐαίνειν.</span> 
     </span>
    </p>
   </div>
   <div class='ocr_carea' id='block_1_98' title="bbox 342 2435 794 2477">
    <p class='ocr_par' dir='ltr' id='par_1_98' title="bbox 342 2435 794 2477">
     <span class='ocr_line' id='line_1_98' title="bbox 342 2435 794 2477; baseline 0.009 -14"><span class='ocrx_word' id='word_1_710' title='bbox 342 2435 507 2470; x_wconf 73' lang='lat' dir='ltr'><strong>QUAESTIO</strong></span> <span class='ocrx_word' id='word_1_711' title='bbox 522 2437 602 2466; x_wconf 79' lang='lat' dir='ltr'><strong>XLV.</strong></span> <span class='ocrx_word' id='word_1_712' title='bbox 621 2438 670 2475; x_wconf 80' lang='lat' dir='ltr'><strong>[aL</strong></span> <span class='ocrx_word' id='word_1_713' title='bbox 687 2439 794 2477; x_wconf 69' lang='lat' dir='ltr'><strong>xum</strong></span> 
     </span>
    </p>
   </div>
   <div class='ocr_carea' id='block_1_99' title="bbox 173 2479 959 2521">
    <p class='ocr_par' dir='ltr' id='par_1_99' title="bbox 173 2479 959 2521">
     <span class='ocr_line' id='line_1_99' title="bbox 173 2479 959 2521; baseline 0.009 -13"><span class='ocrx_word' id='word_1_714' title='bbox 173 2479 247 2508; x_wconf 78' lang='lat' dir='ltr'><strong>Illud</strong></span> <span class='ocrx_word' id='word_1_715' title='bbox 260 2489 270 2508; x_wconf 89' lang='lat'><strong><em>:</em></strong></span> <span class='ocrx_word' id='word_1_716' title='bbox 293 2490 303 2507; x_wconf 78' lang='grc' dir='ltr'><strong>ι</strong></span> <span class='ocrx_word' id='word_1_717' title='bbox 316 2482 389 2521; x_wconf 42' lang='grc' dir='ltr'>,ριιω</span> <span class='ocrx_word' id='word_1_718' title='bbox 406 2488 448 2521; x_wconf 64' lang='lat' dir='ltr'><strong>est</strong></span> <span class='ocrx_word' id='word_1_719' title='bbox 468 2489 554 2521; x_wconf 62' lang='lat' dir='ltr'><strong>mater</strong></span> <span class='ocrx_word' id='word_1_720' title='bbox 573 2493 630 2521; x_wconf 76' lang='lat' dir='ltr'><strong>mea</strong></span> <span class='ocrx_word' id='word_1_721' title='bbox 650 2490 675 2512; x_wconf 76' lang='lat' dir='ltr'><strong>et</strong></span> <span class='ocrx_word' id='word_1_722' title='bbox 696 2487 741 2521; x_wconf 78' lang='lat' dir='ltr'><strong>qui</strong></span> <span class='ocrx_word' id='word_1_723' title='bbox 753 2487 851 2521; x_wconf 76' lang='lat' dir='ltr'><strong>fratres</strong></span> <span class='ocrx_word' id='word_1_724' title='bbox 865 2489 925 2519; x_wconf 76' lang='lat' dir='ltr'><strong>mei,</strong></span> <span class='ocrx_word' id='word_1_725' title='bbox 949 2498 959 2515; x_wconf 73' lang='grc' dir='ltr'><strong>ι</strong></span> 
     </span>
    </p>
   </div>
   <div class='ocr_carea' id='block_1_100' title="bbox 207 2516 961 2553">
    <p class='ocr_par' dir='ltr' id='par_1_100' title="bbox 207 2516 961 2553">
     <span class='ocr_line' id='line_1_100' title="bbox 207 2516 961 2553; baseline 0.012 -11"><span class='ocrx_word' id='word_1_726' title='bbox 207 2516 338 2553; x_wconf 65' lang='lat' dir='ltr'><strong>quomodo</strong></span> <span class='ocrx_word' id='word_1_727' title='bbox 349 2518 545 2553; x_wconf 79' lang='lat' dir='ltr'><strong>intelligendum</strong></span> <span class='ocrx_word' id='word_1_728' title='bbox 555 2525 593 2546; x_wconf 74' lang='lat' dir='ltr'><strong>est</strong></span> <span class='ocrx_word' id='word_1_729' title='bbox 603 2520 616 2546; x_wconf 80' lang='lat'><strong><em>?</em></strong></span> <span class='ocrx_word' id='word_1_730' title='bbox 631 2516 709 2548; x_wconf 76' lang='lat' dir='ltr'><strong>multi</strong></span> <span class='ocrx_word' id='word_1_731' title='bbox 718 2516 787 2548; x_wconf 71' lang='lat' dir='ltr'><strong>enim</strong></span> <span class='ocrx_word' id='word_1_732' title='bbox 799 2522 827 2549; x_wconf 82' lang='lat' dir='ltr'><strong>id</strong></span> <span class='ocrx_word' id='word_1_733' title='bbox 839 2524 867 2550; x_wconf 79' lang='lat' dir='ltr'><strong>in</strong></span> <span class='ocrx_word' id='word_1_734' title='bbox 881 2516 961 2550; x_wconf 73' lang='grc' dir='ltr'><strong>κάη-</strong></span> 
     </span>
    </p>
   </div>
   <div class='ocr_carea' id='block_1_101' title="bbox 209 2551 617 2588">
    <p class='ocr_par' dir='ltr' id='par_1_101' title="bbox 209 2551 617 2588">
     <span class='ocr_line' id='line_1_101' title="bbox 209 2551 617 2588; baseline 0.01 -11"><span class='ocrx_word' id='word_1_735' title='bbox 209 2551 267 2577; x_wconf 80' lang='lat' dir='ltr'><strong>dali</strong></span> <span class='ocrx_word' id='word_1_736' title='bbox 280 2551 444 2580; x_wconf 67' lang='lat' dir='ltr'><strong>occasionem</strong></span> <span class='ocrx_word' id='word_1_737' title='bbox 461 2559 617 2588; x_wconf 77' lang='lat' dir='ltr'><strong>posuerunt.</strong></span> 
     </span>
    </p>
   </div>
   <div class='ocr_carea' id='block_1_102' title="bbox 1284 2444 1539 2473">
    <p class='ocr_par' dir='ltr' id='par_1_102' title="bbox 1284 2444 1539 2473">
     <span class='ocr_line' id='line_1_102' title="bbox 1284 2444 1539 2473; baseline 0.012 -3"><span class='ocrx_word' id='word_1_738' title='bbox 1284 2444 1452 2470; x_wconf 79' lang='grc' dir='ltr'><strong>ΕΡΩἹἩΣῙΣ</strong></span> <span class='ocrx_word' id='word_1_739' title='bbox 1470 2445 1539 2473; x_wconf 85' lang='lat' dir='ltr'><strong>ME’.</strong></span> 
     </span>
    </p>
   </div>
   <div class='ocr_carea' id='block_1_103' title="bbox 1018 2489 1808 2525">
    <p class='ocr_par' dir='ltr' id='par_1_103' title="bbox 1018 2489 1808 2525">
     <span class='ocr_line' id='line_1_103' title="bbox 1018 2489 1808 2525; baseline 0.003 -9"><span class='ocrx_word' id='word_1_740' title='bbox 1018 2489 1066 2522; x_wconf 86' lang='grc' dir='ltr'><strong>Τὸ,</strong></span> <span class='ocrx_word' id='word_1_741' title='bbox 1081 2498 1090 2515; x_wconf 85' lang='grc'><strong>‹</strong></span> <span class='ocrx_word' id='word_1_742' title='bbox 1113 2489 1161 2523; x_wconf 81' lang='grc' dir='ltr'><strong>Τίς</strong></span> <span class='ocrx_word' id='word_1_743' title='bbox 1178 2490 1264 2516; x_wconf 80' lang='grc' dir='ltr'>ἐστιν</span> <span class='ocrx_word' id='word_1_744' title='bbox 1278 2490 1298 2525; x_wconf 82' lang='grc' dir='ltr'><strong><em>ᾐ</em></strong></span> <span class='ocrx_word' id='word_1_745' title='bbox 1317 2490 1416 2525; x_wconf 74' lang='grc' dir='ltr'>μήτηρ</span> <span class='ocrx_word' id='word_1_746' title='bbox 1428 2499 1488 2524; x_wconf 90' lang='grc' dir='ltr'><strong>μου</strong></span> <span class='ocrx_word' id='word_1_747' title='bbox 1503 2489 1554 2518; x_wconf 77' lang='grc' dir='ltr'>καὶ</span> <span class='ocrx_word' id='word_1_748' title='bbox 1573 2490 1655 2524; x_wconf 78' lang='grc' dir='ltr'>τινες</span> <span class='ocrx_word' id='word_1_749' title='bbox 1676 2492 1704 2517; x_wconf 82' lang='grc' dir='ltr'>οι</span> <span class='ocrx_word' id='word_1_750' title='bbox 1719 2490 1808 2518; x_wconf 71' lang='grc' dir='ltr'><strong>ἀδελ-</strong></span> 
     </span>
    </p>
   </div>
   <div class='ocr_carea' id='block_1_104' title="bbox 1050 2524 1809 2561">
    <p class='ocr_par' dir='ltr' id='par_1_104' title="bbox 1050 2524 1809 2561">
     <span class='ocr_line' id='line_1_104' title="bbox 1050 2524 1809 2561; baseline 0.005 -11"><span class='ocrx_word' id='word_1_751' title='bbox 1050 2524 1102 2558; x_wconf 64' lang='grc' dir='ltr'>φοί</span> <span class='ocrx_word' id='word_1_752' title='bbox 1125 2533 1196 2558; x_wconf 85' lang='grc' dir='ltr'>μου,</span> <span class='ocrx_word' id='word_1_753' title='bbox 1216 2534 1225 2549; x_wconf 72' lang='grc' dir='ltr'><strong>ι</strong></span> <span class='ocrx_word' id='word_1_754' title='bbox 1250 2524 1322 2561; x_wconf 67' lang='grc' dir='ltr'>πῶς</span> <span class='ocrx_word' id='word_1_755' title='bbox 1337 2525 1484 2558; x_wconf 77' lang='grc' dir='ltr'>νοητέον;</span> <span class='ocrx_word' id='word_1_756' title='bbox 1511 2526 1623 2553; x_wconf 74' lang='grc' dir='ltr'>πολλοὶ</span> <span class='ocrx_word' id='word_1_757' title='bbox 1647 2526 1703 2561; x_wconf 83' lang='grc' dir='ltr'><strong>τὰρ</strong></span> <span class='ocrx_word' id='word_1_758' title='bbox 1733 2527 1809 2554; x_wconf 73' lang='grc' dir='ltr'>αὐτὸ</span> 
     </span>
    </p>
   </div>
   <div class='ocr_carea' id='block_1_105' title="bbox 1050 2559 1630 2597">
    <p class='ocr_par' dir='ltr' id='par_1_105' title="bbox 1050 2559 1630 2597">
     <span class='ocr_line' id='line_1_105' title="bbox 1050 2559 1630 2597; baseline 0.005 -11"><span class='ocrx_word' id='word_1_759' title='bbox 1050 2561 1282 2593; x_wconf 75' lang='grc' dir='ltr'>προσκόμματος</span> <span class='ocrx_word' id='word_1_760' title='bbox 1294 2559 1398 2587; x_wconf 70' lang='grc' dir='ltr'>ἔθεντο</span> <span class='ocrx_word' id='word_1_761' title='bbox 1413 2562 1565 2595; x_wconf 70' lang='grc' dir='ltr'>πρόφασιν</span> <span class='ocrx_word' id='word_1_762' title='bbox 1579 2561 1630 2597; x_wconf 75' lang='grc' dir='ltr'><strong>(Ι).</strong></span> 
     </span>
    </p>
   </div>
   <div class='ocr_carea' id='block_1_106' title="bbox 545 2610 1432 2647">
    <p class='ocr_par' dir='ltr' id='par_1_106' title="bbox 545 2610 1432 2647">
     <span class='ocr_line' id='line_1_106' title="bbox 545 2610 1432 2647; baseline 0.009 -13"><span class='ocrx_word' id='word_1_763' title='bbox 545 2610 617 2635; x_wconf 81' lang='lat' dir='ltr'><strong>Edita</strong></span> <span class='ocrx_word' id='word_1_764' title='bbox 633 2618 646 2635; x_wconf 86' lang='lat' dir='ltr'><strong>a</strong></span> <span class='ocrx_word' id='word_1_765' title='bbox 657 2611 730 2642; x_wconf 77' lang='lat' dir='ltr'><strong>Maio,</strong></span> <span class='ocrx_word' id='word_1_766' title='bbox 742 2612 757 2636; x_wconf 97' lang='grc'>1.</span> <span class='ocrx_word' id='word_1_767' title='bbox 779 2618 811 2643; x_wconf 88' lang='lat' dir='ltr'><strong>c.,</strong></span> <span class='ocrx_word' id='word_1_768' title='bbox 823 2620 846 2644; x_wconf 89' lang='lat' dir='ltr'><strong>p.</strong></span> <span class='ocrx_word' id='word_1_769' title='bbox 860 2613 941 2638; x_wconf 68' lang='lat'><strong>50-55.</strong></span> <span class='ocrx_word' id='word_1_770' title='bbox 954 2613 1101 2646; x_wconf 80' lang='lat' dir='ltr'><strong>Explanatio</strong></span> <span class='ocrx_word' id='word_1_771' title='bbox 1112 2615 1244 2640; x_wconf 85' lang='lat' dir='ltr'><strong>verborum</strong></span> <span class='ocrx_word' id='word_1_772' title='bbox 1257 2616 1332 2641; x_wconf 77' lang='lat' dir='ltr'><strong>Marc.</strong></span> <span class='ocrx_word' id='word_1_773' title='bbox 1345 2623 1380 2647; x_wconf 89' lang='grc' dir='ltr'>ιιι,</span> <span class='ocrx_word' id='word_1_774' title='bbox 1392 2617 1432 2642; x_wconf 77' lang='grc'><strong>55.</strong></span> 
     </span>
    </p>
   </div>
   <div class='ocr_carea' id='block_1_107' title="bbox 208 2659 957 2699">
    <p class='ocr_par' dir='ltr' id='par_1_107' title="bbox 208 2659 957 2699">
     <span class='ocr_line' id='line_1_107' title="bbox 208 2659 957 2699; baseline 0.013 -13"><span class='ocrx_word' id='word_1_775' title='bbox 208 2659 282 2688; x_wconf 85' lang='lat' dir='ltr'><strong>Nihil</strong></span> <span class='ocrx_word' id='word_1_776' title='bbox 296 2660 407 2695; x_wconf 88' lang='lat' dir='ltr'><strong>mirum,</strong></span> <span class='ocrx_word' id='word_1_777' title='bbox 416 2663 438 2690; x_wconf 87' lang='lat' dir='ltr'><strong>si</strong></span> <span class='ocrx_word' id='word_1_778' title='bbox 452 2663 476 2691; x_wconf 90' lang='lat' dir='ltr'><strong>is</strong></span> <span class='ocrx_word' id='word_1_779' title='bbox 488 2663 535 2699; x_wconf 89' lang='lat' dir='ltr'><strong>qui</strong></span> <span class='ocrx_word' id='word_1_780' title='bbox 545 2670 635 2693; x_wconf 89' lang='lat' dir='ltr'><strong>mente</strong></span> <span class='ocrx_word' id='word_1_781' title='bbox 648 2665 774 2694; x_wconf 88' lang='lat' dir='ltr'><strong>inlirmus</strong></span> <span class='ocrx_word' id='word_1_782' title='bbox 785 2671 827 2695; x_wconf 88' lang='lat' dir='ltr'><strong>cst</strong></span> <span class='ocrx_word' id='word_1_783' title='bbox 837 2667 957 2696; x_wconf 74' lang='lat' dir='ltr'><strong>oil‘endat</strong></span> 
     </span>
    </p>
   </div>
   <div class='ocr_carea' id='block_1_108' title="bbox 1048 2669 1804 2713">
    <p class='ocr_par' dir='ltr' id='par_1_108' title="bbox 1048 2669 1804 2713">
     <span class='ocr_line' id='line_1_108' title="bbox 1048 2669 1804 2713; baseline 0.012 -18"><span class='ocrx_word' id='word_1_784' title='bbox 1048 2669 1131 2697; x_wconf 76' lang='grc' dir='ltr'>Οὐδὲν</span> <span class='ocrx_word' id='word_1_785' title='bbox 1156 2671 1312 2706; x_wconf 78' lang='grc' dir='ltr'>θαυμαστὸν</span> <span class='ocrx_word' id='word_1_786' title='bbox 1333 2672 1367 2699; x_wconf 85' lang='grc' dir='ltr'>ἂν</span> <span class='ocrx_word' id='word_1_787' title='bbox 1391 2673 1406 2699; x_wconf 88' lang='grc' dir='ltr'>ὁ</span> <span class='ocrx_word' id='word_1_788' title='bbox 1428 2672 1478 2709; x_wconf 83' lang='grc' dir='ltr'>τὴν</span> <span class='ocrx_word' id='word_1_789' title='bbox 1505 2674 1618 2711; x_wconf 78' lang='grc' dir='ltr'>γνώμην</span> <span class='ocrx_word' id='word_1_790' title='bbox 1639 2676 1804 2713; x_wconf 73' lang='grc' dir='ltr'>ἀστήρικτος</span> 
     </span>
    </p>
   </div>
   <div class='ocr_carea' id='block_1_109' title="bbox 945 2746 1060 2776">
    <p class='ocr_par' dir='ltr' id='par_1_109' title="bbox 945 2746 1060 2776">
     <span class='ocr_line' id='line_1_109' title="bbox 945 2746 1060 2776; baseline 0.017 -2"><span class='ocrx_word' id='word_1_791' title='bbox 945 2746 1060 2776; x_wconf 67' lang='grc' dir='ltr'><strong>ΝΟΤᾹΣ.</strong></span> 
     </span>
    </p>
   </div>
   <div class='ocr_carea' id='block_1_110' title="bbox 212 2797 1798 2845">
    <p class='ocr_par' dir='ltr' id='par_1_110' title="bbox 212 2797 1798 2845">
     <span class='ocr_line' id='line_1_110' title="bbox 212 2797 1798 2845; baseline 0.009 -22"><span class='ocrx_word' id='word_1_792' title='bbox 212 2797 250 2834; x_wconf 83' lang='grc' dir='ltr'><strong>(Ι)</strong></span> <span class='ocrx_word' id='word_1_793' title='bbox 268 2797 544 2845; x_wconf 41' lang='lat' dir='ltr'><strong>Quaestionemdtan&#39;c</strong></span> <span class='ocrx_word' id='word_1_794' title='bbox 555 2801 708 2845; x_wconf 37' lang='lat' dir='ltr'><strong>“edisserit,</strong></span> <span class='ocrx_word' id='word_1_795' title='bbox 741 2803 877 2845; x_wconf 47' lang='lat' dir='ltr'><strong>seldnaliis</strong></span> <span class='ocrx_word' id='word_1_796' title='bbox 905 2805 1066 2841; x_wconf 83' lang='lat' dir='ltr'><strong>plerumque</strong></span> <span class='ocrx_word' id='word_1_797' title='bbox 1086 2808 1186 2841; x_wconf 79' lang='lat' dir='ltr'><strong>verbis,</strong></span> <span class='ocrx_word' id='word_1_798' title='bbox 1221 2808 1337 2838; x_wconf 72' lang='lat' dir='ltr'><strong>l‘hotius</strong></span> <span class='ocrx_word' id='word_1_799' title='bbox 1367 2810 1450 2838; x_wconf 85' lang='lat' dir='ltr'><strong>etiam</strong></span> <span class='ocrx_word' id='word_1_800' title='bbox 1480 2810 1506 2837; x_wconf 90' lang='lat' dir='ltr'><strong>in</strong></span> <span class='ocrx_word' id='word_1_801' title='bbox 1524 2809 1638 2845; x_wconf 75' lang='lat' dir='ltr'><strong>epistula</strong></span> <span class='ocrx_word' id='word_1_802' title='bbox 1664 2809 1724 2837; x_wconf 74' lang='grc'><strong>152.</strong></span> <span class='ocrx_word' id='word_1_803' title='bbox 1755 2810 1798 2838; x_wconf 85' lang='lat' dir='ltr'><strong>ed.</strong></span> 
     </span>
    </p>
   </div>
   <div class='ocr_carea' id='block_1_111' title="bbox 175 2832 819 2872">
    <p class='ocr_par' dir='ltr' id='par_1_111' title="bbox 175 2832 819 2872">
     <span class='ocr_line' id='line_1_111' title="bbox 175 2832 819 2872; baseline 0.009 -12"><span class='ocrx_word' id='word_1_804' title='bbox 175 2832 324 2861; x_wconf 65' lang='lat' dir='ltr'><strong>Blontacut.</strong></span> <span class='ocrx_word' id='word_1_805' title='bbox 339 2842 421 2869; x_wconf 81' lang='lat' dir='ltr'><strong>quant</strong></span> <span class='ocrx_word' id='word_1_806' title='bbox 437 2834 507 2868; x_wconf 77' lang='lat' dir='ltr'><strong>vide,</strong></span> <span class='ocrx_word' id='word_1_807' title='bbox 525 2835 594 2863; x_wconf 81' lang='lat' dir='ltr'><strong>infra</strong></span> <span class='ocrx_word' id='word_1_808' title='bbox 612 2832 728 2872; x_wconf 69' lang='lat' dir='ltr'><strong>quwstio</strong></span> <span class='ocrx_word' id='word_1_809' title='bbox 743 2837 819 2866; x_wconf 85' lang='lat' dir='ltr'><strong>CCV.</strong></span> 
     </span>
    </p>
   </div>
  </div>
