1878 3057
51 168 108 203 341

487 173 539 203 AD
556 174 857 207 AMPHILOCHIUM
874 175 1052 207 OUIESTIO
1064 178 1149 209 XLV.

1642 182 1694 213 342

50 225 225 261 προσκόπτῃ
240 225 284 260 ἐφ’
298 223 366 262 οῐςή
381 227 504 263 σωτηρία
522 229 629 261 πολλοῖς
643 230 793 265 διαλάμπει
805 231 852 258 καὶ

958 232 1060 266 quibus
1082 232 1159 260 salus
1185 236 1213 259 et
1239 233 1342 261 utilitas
1366 233 1460 261 multis
1485 234 1629 269 splendet;
1647 238 1694 264 sed

51 270 200 302 ὠφέλεια·
226 271 286 299 ἀλλ’
302 272 391 298 ἐκεῖνο
409 273 566 309 θαυμαστὸν
590 276 614 302 εἰ
628 276 753 308 καὶτοὺς
773 276 854 303 ἑκου-

50 319 127 349 σίως
142 317 362 353 τυφλώποντας.
379 319 409 345 τὺ
424 320 543 354 φορητδν
559 320 618 354 φῶς
633 321 759 356 ἀνέχεται
775 330 854 357 περι-

51 363 196 398 αυγάζειν
211 364 261 400 τὴν
275 364 377 398 γνῶσιν
388 365 437 391 καὶ
452 367 641 400 χειραγωγεῖν.
656 367 705 394 οὐκ
718 367 855 400 ὲξουθενεῖ

52 409 186 446 καθορᾷν
199 411 247 446 τὴν
259 410 399 446 ἀλήθειαν.
421 411 499 438 Ἐπεὶ
512 412 560 439 καὶ
581 413 596 439 ὀ
618 412 720 447 Κύριος
737 413 783 439 καὶ
795 413 854 439 Σω-

52 457 112 492 τὴρ
126 457 211 492 ἡμῶν
227 459 283 489 τοῖς
300 457 500 492 ἀπολλυμένοις
513 459 681 494 πρόσκομμα
693 460 790 493 γέγονε
806 460 854 486 καὶ

53 502 152 537 πέτρα
170 502 318 530 σκανδάλου
343 504 391 530 καὶ
412 503 487 535 λίθος
501 498 786 539 ἀποδεδοκιμασμένος
813 505 854 536 εἰς

53 548 187 584 κεφαλὴν
212 549 314 583 γωνίας
330 549 562 584 ὑποϐεϐλημένος,
587 550 639 576 οὐκ
661 551 742 582 αὐτὸς
765 550 854 578 ταῦτα

52 594 196 628 γεγονὼς,
210 594 279 621 ἀλλά
298 596 354 627 τοῖς
368 595 586 630 πεπλανημένοις
600 595 679 627 δόξας
700 595 851 629 γεγονέναι.

53 639 211 666 Κάνταῦθα
224 640 313 666 τοίνυν
327 640 377 667 οὐκ
392 639 649 674 ἀποσκευαζόμενος
667 640 717 675 τὴν
734 640 851 675 μητέρα,

53 684 96 716 ὡς
118 685 153 711 τὸ
176 685 256 712 ἄθεον
272 686 400 721 φρόνημα
422 685 546 719 βούλεται
562 685 616 711 τῶν
640 685 851 718 δυσσεϐούντων,

52 731 98 757 τό·
127 739 138 757 ι
154 731 206 762 Τίς
226 731 309 763 ἐστιν,
326 729 415 764 εἷπεν,
430 732 447 766 ή
463 732 555 766 μητήρ
575 740 638 766 μου,
659 741 668 757 ι
685 731 716 758 οὐ
731 731 760 758 δὲ
778 731 854 766 παρά

53 775 164 810 φαῦλον
186 776 236 812 τὴν
260 775 394 803 τεκοῦσαν
419 776 570 810 τιθέμενος.
593 776 696 811 ταύτην
720 777 735 802 ὁ
756 776 852 812 Σωτὴρ

52 821 151 856 ἀφῆκε
165 821 216 856 τὴν
229 821 333 855 φωνήν.
347 821 410 853 Πῶς
424 821 479 856 γὰρ
491 821 520 853 ὃς
534 830 565 855 γε
581 822 653 848 κατά
663 822 693 848 τὸ
707 822 852 849 ἀτελέστε-

53 876 104 902 ρον
119 868 175 902 τῆς
190 867 298 902 ἡλικίας
313 867 388 902 νόμῳ
400 868 509 902 φύσεως
525 868 565 894 ἔτι
577 868 780 903 γινωσκόμενος
800 869 852 894 ὑπ-

52 913 192 940 ετάσσετό
215 921 244 940 τε
259 915 292 949 τῇ
306 914 398 949 Μητρὶ
415 914 462 940 καὶ
482 913 518 940 τὰ
541 914 679 949 προνόμια
707 913 848 949 πανταχοῦ

51 961 87 994 τῇ
103 959 228 995 τεκούσῃ
242 959 404 991 συνδιέσωζε
413 979 420 991 ,
437 959 496 991 πῶς
510 956 588 991 οὗτος
604 959 673 995 πρὸς
687 959 738 995 τὴν
750 960 852 986 τελειό-

51 1014 126 1040 τητα
143 1005 197 1040 τῆς
209 1004 317 1039 ἡλικίας
337 1004 444 1039 φθάσας
458 1005 636 1040 ἀτελέστερον
658 1006 705 1031 καὶ
725 1006 852 1040 ἀγνωμο-

51 1051 189 1086 νέστερον
202 1050 271 1086 πρὸς
282 1051 332 1085 τὴν
344 1051 460 1086 Μητέρα
472 1050 505 1077 ἂν
519 1050 667 1082 διετίθετο;
682 1049 788 1077 Οῶιουν
800 1051 851 1078 οὐκ

52 1096 317 1131 ἀποσκευαξομένου
342 1096 392 1131 τὴν
413 1095 527 1131 Μητέρα
542 1096 577 1122 τὰ
599 1096 721 1131 ῥήματα,
745 1095 849 1130 ἄπαγε,

51 1141 112 1168 ἀλλ’
135 1141 235 1177 ἑτέραν
260 1142 321 1168 τινὰ
340 1141 460 1168 διάνοιαν
486 1142 701 1177 ἑρμηνεύοντος⁸
720 1141 772 1168 ποῦ
794 1143 849 1178 γὰρ

52 1186 220 1219 ἀκόλουθον,
238 1187 290 1214 ποῦ
303 1187 325 1214 δ’
339 1187 530 1220 ἀστασίαστον,
547 1188 576 1220 ἐξ
588 1185 622 1222 ἦς
635 1187 679 1214 διὰ
694 1188 849 1223 φιλανθρω-

52 1233 123 1260 πίαν
140 1233 244 1269 ἠξίωσε
260 1234 343 1269 σαρκὶ
361 1234 503 1268 προελθεῖν
519 1234 566 1260 καὶ
580 1234 635 1260 τῶν
652 1234 795 1269 άχράντων
811 1234 851 1261 αἱ-

55 1278 154 1313 μάτων
169 1279 184 1305 ὁ
199 1278 349 1314 εὐδοκήσας
361 1279 452 1314 ἑαυτῷ
468 1279 597 1315 βροτείαν
611 1280 720 1315 μορφὴν
738 1280 850 1315 συμπή-

53 1324 155 1356 ξασθαί
172 1333 204 1351 τε
220 1326 266 1352 καὶ
281 1325 471 1361 περιέψεσθαι,
497 1325 602 1361 ταύτην
619 1326 775 1358 ἀπαξιῶσαι
790 1325 850 1362 Μη-

51 1372 125 1406 τέρα
146 1371 341 1406 συνομολογεῖν
354 1372 401 1398 καὶ
422 1371 473 1406 τῆς
494 1372 524 1398 ἐν
552 1368 673 1407 ῥήμασιν
689 1372 850 1408 ἀποστερεῖν

52 1417 227 1451 οἰκειότητος
235 1424 242 1431 ·
256 1417 431 1452 προῦποστὰς
442 1418 489 1444 καὶ
501 1417 719 1452 προκαταλαϐὼν
726 1417 773 1444 καὶ
783 1426 851 1453 προ-

52 1463 254 1499 δωρησάμενος
272 1464 322 1499 τὴν
337 1464 366 1490 ἐν
387 1463 427 1499 τῷ
441 1463 585 1498 πράγματι
610 1463 703 1498 σχέσιν
719 1463 767 1490 καὶ
782 1463 850 1499 ἀλή-

54 1510 147 1537 θειαν.
164 1510 221 1536 Καὶ
233 1510 257 1536 εἰ
269 1509 394 1544 ἔμελλεν,
407 1509 430 1535 ὣ
440 1509 491 1544 τῆς
502 1509 708 1544 γλωσσαλγίαςι
725 1510 850 1545 ἀπαρνή-

55 1555 161 1582 σασθαι
176 1555 289 1590 ταύτην,
307 1556 333 1582 τί
357 1556 404 1582 καὶ
419 1555 469 1591 τὴν
482 1548 572 1592 ἀρχὴν
591 1555 659 1586 ὅλως
674 1556 849 1591 προσήκατος

54 1601 84 1628 τί
97 1602 148 1628 καὶ
158 1602 256 1636 σχῆμα
271 1601 394 1637 περιέδυ,
407 1599 439 1628 οὗ
450 1601 498 1637 τὴν
513 1602 621 1637 μορφὴν
635 1601 713 1636 ὓϐριν
727 1602 848 1637 ὲνόμιζε;

56 1648 106 1674 καὶ
119 1647 177 1681 γὰρ
193 1648 241 1674 καὶ
263 1647 345 1682 μέχρι
365 1647 461 1674 τούτου
483 1647 533 1682 τῆς
557 1647 684 1682 γλώσσης
707 1647 792 1683 ἤλασε
816 1648 852 1675 τά

55 1693 241 1729 τολμήματα·
257 1692 316 1719 ἀλλ’
338 1694 355 1728 ἠ
374 1693 424 1729 μὲν
446 1693 559 1720 ἐκείνων
573 1693 700 1726 ἀπόνοια,
715 1693 803 1730 ταύτῃ
821 1702 851 1721 τε

57 1740 108 1767 καὶ
122 1739 153 1772 ἐξ
167 1739 256 1767 ἄλλων
267 1739 398 1766 πλειόνων
410 1739 457 1766 τὸν
469 1738 578 1774 ἔλεγχον
592 1738 710 1766 δίδωσιν.

97 1786 180 1818 Ἴσως
197 1785 220 1812 δ’
236 1785 270 1813 ἀν
284 1794 327 1817 τις
351 1784 381 1811 οὐ
402 1785 496 1821 «app.»
511 1785 566 1811 τῶν
579 1784 767 1819 εὐαγγελικῶν
783 1793 852 1820 γνω-

60 1831 204 1867 ρισμάτων
229 1830 460 1866 διαπλαττόμενος
489 1831 572 1864 φάναι
604 1830 651 1857 τὸν
680 1830 795 1866 Σωτῆρα
821 1829 852 1856 τὺ

59 1876 139 1912 ῥῆμα
160 1877 228 1911 ὲρεῖ,
243 1876 293 1911 οὐχ
315 1875 535 1910 ὑποτεμνόμενον
558 1875 609 1911 μὲν
631 1876 664 1910 τῇ
690 1875 784 1911 Μητρὶ
802 1874 852 1910 τὴν

58 1923 154 1957 τιμὴν,
170 1922 231 1948 οὐδὲ
247 1921 338 1956 πολλῷ
357 1921 457 1956 μᾶλλον
472 1920 681 1956 ἀπαρνούμενον
696 1921 746 1957 τὴν
762 1920 852 1956 ἐμφυ-

58 1976 106 1994 τον
121 1967 214 2003 σχέσιν
229 1966 278 1994 καὶ
294 1966 421 2001 στοργὴν,
437 1966 497 1993 οὐδὲ
505 1965 603 1992 πολλοῦ
617 1965 657 1992 δεῖ
671 1965 790 2001 γέμοντα
803 1965 852 1992 καὶ

59 2014 204 2048 πρέποντα
217 2014 251 2048 τῇ
266 2013 457 2049 γεννησαμένη
472 2012 554 2047 γέρα,
572 2012 646 2046 ὅμως
657 2011 707 2046 τῆς
720 2012 785 2047 περὶ
799 2012 851 2038 αὺ-

59 2060 111 2095 τὴν
125 2059 276 2095 θεραπείας
300 2059 348 2094 τὴν
369 2058 425 2085 τῶν
449 2058 600 2092 ἀνθρώπων
613 2058 750 2093 προτιμᾷν
765 2065 854 2093 σωτης

63 2105 137 2140 ρίαν,
151 2105 200 2132 καὶ
215 2104 266 2140 τὴν
283 2105 323 2136 εὶς
336 2103 414 2131 τοῦτο
430 2104 459 2131 τὸ
472 2103 550 2135 τέλος
565 2103 703 2138 φέρουσαν
724 2103 853 2130 διδασκα-

60 2151 133 2184 λίαν,
146 2152 181 2178 δι’
194 2151 243 2183 οὓς
258 2151 305 2177 καὶ
318 2151 420 2186 Μήτηρ
434 2151 482 2177 καὶ
491 2150 570 2181 τόκος
585 2149 697 2177 καὶτῶν
714 2148 852 2184 πατρῴων

61 2197 174 2224 κόλπων
190 2197 328 2228 ἀκένωτος
344 2196 460 2227 κένωσις
482 2196 529 2222 καὶ
553 2196 583 2221 ὲν
607 2195 762 2230 ἀνθρώποις
786 2197 852 2222 ἀνα-

906 277 1060 304 miraudum
1077 278 1149 312 quod
1166 278 1321 306 voluntarie
1340 286 1475 307 caecorum
1490 280 1624 315 adjuvans
1651 282 1694 309 lu-

905 328 968 348 men
987 321 1155 349 intellectum
1173 322 1330 350 illuminare
1346 323 1481 351 sustineat
1501 329 1529 351 et
1545 332 1627 351 manu
1643 327 1694 352 du-

904 374 983 399 cere;
1005 375 1055 394 nec
1073 368 1131 402 jam
1143 375 1191 395 eos
1205 368 1332 403 indignos
1349 368 1454 402 judicet
1479 369 1525 404 qui
1550 370 1693 398 veritatem

904 413 1027 440 videant.
1039 413 1138 441 Noster
1154 415 1227 441 enim
1245 414 1377 442 Dominus
1392 418 1420 442 et
1438 415 1562 443 Salvator
1578 423 1695 450 pereun-

905 459 978 487 tibus
993 459 1167 487 obstaculum
1183 460 1297 488 effectus
1317 465 1359 488 est
1380 466 1406 488 et
1429 467 1504 496 petra
1525 462 1646 489 scandali
1666 468 1694 490 et

905 505 974 540 lapis
989 505 1148 540 reprobatus
1160 506 1188 532 in
1203 510 1284 540 caput
1297 506 1390 541 anguli
1408 505 1559 540 subjectus.
1573 507 1634 534 Non
1648 507 1694 534 ille

904 558 972 578 sane
986 551 1011 577 id
1026 550 1141 578 effectus
1158 555 1210 584 est,
1228 551 1275 579 sed
1291 551 1449 579 errantibus
1468 551 1544 579 visus
1560 556 1603 580 est
1614 552 1693 580 efIici.

904 595 938 623 Et
952 596 979 623 in
995 596 1048 624 hoc
1065 596 1125 624 loco
1141 602 1214 624 certe
1228 605 1283 625 non
1308 597 1435 632 rejicieus
1451 601 1577 630 matrem,
1594 602 1623 625 ut
1636 598 1697 625 vult

904 641 1065 676 blasphema
1093 642 1241 677 impiorum
1270 642 1418 676 cogitatio,
1441 650 1532 678 neque
1558 650 1618 670 eam
1646 643 1694 678 qui

904 687 994 722 ipsum
1019 687 1113 722 genuit
1136 688 1330 718 contemnens,
1357 688 1428 716 hanc
1448 696 1541 716 vocem
1567 689 1695 716 Salvator

903 733 995 760 emisit
1009 741 1015 759 :
1034 742 1044 759 ι
1058 733 1124 765 Quae
1133 738 1185 765 est,
1203 734 1302 768 inquit.
1315 738 1401 761 mater
1414 734 1494 761 mea?
1519 744 1528 759 ι
1550 734 1694 767 Quomodo

903 779 975 806 enim
990 779 1037 813 qui
1050 786 1099 814 pro
1109 780 1198 806 artatis
1207 779 1413 814 imperfectione
1424 786 1528 807 natura:
1538 780 1596 815 lege
1605 780 1694 808 adhuc

903 825 1028 859 cognitus
1039 825 1118 851 matri
1145 825 1271 852 subditus
1297 829 1367 857 erat,
1392 830 1419 853 et
1429 826 1532 861 primas
1548 832 1638 860 partes
1656 826 1692 852 illi

902 869 950 904 qui
977 869 1065 903 ipsum
1091 873 1244 904 pepererat,
1270 870 1408 902 servabat,
1438 871 1578 905 quomodo
1608 871 1692 903 idem,

904 921 1049 951 postquam
1067 915 1100 942 ad
1115 915 1203 943 a-tatis
1231 915 1428 950 perfectionem
1447 916 1570 950 pervenit
1592 917 1694 951 imper-

903 962 1002 990 fectins
1029 967 1056 988 et
1082 961 1217 996 ingratius
1237 969 1302 997 erga
1331 966 1447 989 matrem
1472 962 1608 989 sentiret?
1633 961 1692 988 Non

903 1007 987 1042 igitur
1005 1011 1120 1034 matrem
1149 1007 1298 1041 rejicientis
1317 1007 1401 1034 verba
1419 1011 1494 1038 sunt.
1515 1007 1562 1034 sed
1579 1007 1691 1034 alteram

903 1053 1024 1087 aliquam
1049 1052 1242 1087 cogitationem
1266 1052 1401 1080 docentis.
1431 1052 1575 1084 Quomodo
1596 1060 1693 1080 conse-

903 1106 991 1134 quens
1006 1103 1048 1125 est
1061 1103 1088 1125 et
1105 1106 1158 1125 non
1178 1098 1340 1129 absurdum,
1350 1105 1411 1125 eam
1434 1105 1467 1125 ex
1482 1105 1536 1132 qua
1552 1105 1600 1133 per
1613 1097 1692 1125 beni-

903 1144 1035 1179 guitatem
1062 1150 1145 1171 carne
1171 1143 1288 1170 amictus
1317 1143 1426 1178 prodire
1450 1135 1644 1178 dignatus-est
1665 1148 1694 1170 et

903 1190 1014 1218 sincero
1041 1189 1174 1224 sanguine
1196 1189 1249 1216 sibi
1274 1189 1416 1216 mortalem
1443 1188 1559 1217 fortnam
1581 1189 1693 1217 confor—

903 1242 980 1262 mare
997 1239 1026 1261 et
1042 1234 1118 1261 obire
1138 1233 1234 1266 voluit,
1256 1242 1328 1266 eam,
1348 1234 1473 1268 inquam,
1495 1234 1614 1261 abnuere
1634 1242 1693 1260 ma-

902 1285 972 1308 trem
1005 1279 1131 1307 contiteri
1166 1283 1194 1306 et
1227 1279 1316 1306 verbis
1353 1286 1413 1306 eam
1455 1278 1693 1312 consanguinitate

903 1326 1032 1362 privare?
1055 1329 1200 1360 postquam
1213 1330 1276 1352 ante
1288 1325 1314 1351 in
1333 1333 1362 1352 re
1376 1325 1498 1352 habitum
1513 1329 1540 1352 et
1552 1325 1692 1352 veritatem

903 1372 1024 1407 suscepit
1047 1375 1074 1398 et
1095 1371 1207 1398 admisit
1229 1375 1256 1398 et
1282 1371 1397 1405 largitus
1415 1371 1476 1398 est?
1492 1371 1525 1398 Et
1545 1370 1568 1398 si
1586 1370 1692 1402 debuit,

904 1418 983 1454 (prob
996 1417 1193 1452 blasphemiam
1206 1416 1234 1451 !)
1251 1416 1324 1443 illam
1340 1417 1485 1451 denegare,
1501 1416 1566 1451 quid
1583 1424 1642 1443 cam
1658 1415 1693 1442 ab

903 1464 983 1491 initio
1007 1463 1232 1498 approbaverat?
1254 1462 1326 1496 Quid
1349 1467 1378 1490 et
1405 1463 1526 1490 habitum
1553 1463 1692 1494 induebat,

903 1511 982 1544 cujus
1001 1509 1116 1537 formam
1141 1509 1319 1544 opprobrium
1341 1509 1489 1536 credebat?
1517 1507 1621 1536 Etenim
1644 1515 1692 1535 us-

865 1570 887 1600 ε
903 1564 957 1592 que
981 1557 1015 1584 ad
1043 1556 1069 1584 id
1096 1561 1174 1591 urget
1200 1556 1300 1591 linguae
1328 1555 1452 1582 audacia.
1477 1555 1529 1582 Sed
1546 1559 1573 1582 et
1596 1562 1692 1581 eorum

903 1603 1003 1639 lingure
1028 1602 1143 1629 audacia
1167 1607 1195 1629 et
1216 1602 1279 1629 inde
1292 1606 1319 1629 ct
1335 1609 1369 1629 ex
1392 1601 1486 1628 multis
1506 1601 1568 1628 aliis
1582 1601 1624 1628 sui
1647 1607 1692 1628 ar-

902 1652 1064 1684 gumentqu
1084 1646 1196 1682 praabet.

938 1781 1065 1809 Forsitan
1079 1784 1107 1807 et
1127 1779 1229 1814 aliquis
1246 1786 1302 1806 non
1320 1778 1402 1813 longe
1419 1777 1454 1805 ab
1471 1777 1637 1813 evangelicis
1652 1777 1695 1804 in-

902 1828 981 1856 diciis
1008 1827 1125 1861 opinans
1164 1826 1216 1853 boc
1240 1825 1353 1852 verbum
1377 1824 1503 1852 emisisse
1524 1824 1692 1851 Salvatorem

902 1873 986 1904 dicet.
1014 1880 1067 1899 non
1095 1872 1190 1899 matris
1213 1871 1345 1898 honorem
1368 1869 1537 1897 auferentem
1565 1877 1655 1904 neque
1678 1876 1693 1896 a

903 1918 1009 1946 fortiori
1028 1918 1180 1952 ingenitum
1198 1916 1320 1943 habitum
1330 1920 1356 1943 et
1367 1923 1488 1942 amorem
1500 1916 1692 1950 abnegantem,

903 1972 992 2000 neque
1008 1964 1123 1990 multum
1150 1970 1218 1991 sane
1237 1962 1329 1993 abest.
1347 1963 1427 1997 plena
1452 1966 1479 1989 et
1503 1962 1691 1989 convenientia

903 2011 983 2038 matri
1001 2010 1126 2046 praemia,
1142 2014 1232 2036 tamen
1245 2009 1317 2036 illius
1332 2016 1406 2036 cura:
1418 2008 1533 2035 salutem
1551 2008 1692 2034 hominum

903 2061 1113 2092 anteponentem
1131 2061 1157 2083 et
1177 2056 1210 2083 ad
1226 2063 1288 2083 eum
1317 2056 1398 2082 tinem
1421 2055 1565 2082 ducentem
1590 2055 1692 2082 doctri-

904 2110 986 2136 nam;
1000 2107 1110 2137 propter
1124 2109 1195 2136 quos
1216 2105 1243 2128 et
1266 2105 1354 2128 mater
1379 2105 1406 2128 et
1425 2105 1520 2135 partus
1538 2105 1566 2128 et
1588 2101 1693 2135 paterni

904 2149 982 2175 sinus
1004 2155 1059 2174 non
1083 2149 1216 2174 evacuata
1239 2145 1396 2178 evacuatio,
1426 2150 1453 2173 et
1479 2146 1507 2172 iu
1535 2146 1694 2173 hominibus

904 2193 1086 2221 commoratio
1100 2197 1128 2220 et
1147 2193 1208 2219 vita:
1227 2192 1383 2220 institutum
1401 2197 1428 2219 et
1444 2199 1511 2219 crux
1530 2193 1693 2224 voluntaria,

62 2242 169 2278 στροφὴ
186 2242 235 2270 καὶ
247 2241 370 2269 πολιτεία
384 2242 430 2269 καὶ
451 2241 566 2276 σταυρὸς
581 2240 706 2273 ἑκούσιος
722 2241 770 2268 καὶ
781 2249 852 2268 κακ-

943 2239 1066 2267 malefica
1078 2246 1171 2272 mors;
1185 2239 1283 2266 deinde
1297 2243 1325 2266 ct
1339 2240 1478 2274 sepultura
1492 2244 1519 2266 et
1530 2240 1695 2267 resurrectio

61 2287 172 2322 ούργων
195 2286 328 2319 θάνατος,
352 2284 412 2313 εῐτα
434 2287 482 2313 καὶ
510 2286 585 2321 ταφὴ
618 2287 666 2313 καὶ
689 2287 852 2320 ἀνάστασις,

62 2332 215 2367 ἑπισχύσαι
231 2332 253 2358 δ’
264 2332 297 2359 ἂν
313 2332 456 2368 πειραθείη
473 2332 521 2367 τὴν
534 2332 669 2364 ἐπίνοιαν,
681 2332 729 2358 καὶ
743 2333 785 2360 ὅτι
801 2341 854 2368 περ

62 2377 117 2404 οὐδ’
134 2375 170 2413 ἦν
192 2377 279 2409 ἄλλως
307 2377 437 2413 πράττειν
461 2378 507 2405 τὸν
532 2378 648 2413 Ἰησοῦν,
669 2380 693 2405 εί
717 2379 756 2415 μὴ
781 2380 854 2407 κατὰ

63 2423 168 2458 ταύτην
181 2423 232 2457 τὴν
243 2423 405 2450 ἀκολουθίαν
418 2423 465 2450 καὶ
477 2424 522 2450 τὸν
539 2424 635 2458 είρμὸν
655 2424 706 2460 τῆς
726 2426 855 2460 προνοίας

62 2469 207 2498 διετίθετο,
225 2468 366 2497 Ἐδίδασκε
382 2470 435 2505 γὰρ
456 2471 470 2496 ὸ
493 2470 589 2505 Σωτὴρ
611 2471 680 2505 μετά
694 2471 748 2498 τῶν
764 2471 855 2498 ἄλλων

62 2515 209 2550 σωτηρίων
227 2514 397 2551 μαθημάτων
415 2515 464 2542 καὶ
484 2515 515 2542 τὸ
537 2518 574 2552 μὴ
591 2518 728 2552 προτιμᾷν
748 2518 855 2553 πατέρα

63 2559 79 2594 ἢ
96 2560 206 2595 μητέρα
227 2559 243 2596 ἢ
266 2561 395 2594 γυναῖκα,
408 2561 459 2596 τῆς
474 2560 558 2587 αὑτοῦ
581 2561 759 2596 ψυχωφελοῦς
781 2561 855 2588 διδα-

65 2605 179 2637 σκαλίας
195 2606 243 2632 καὶ
264 2605 314 2640 τῆς
336 2606 406 2640 πρὸς
424 2606 506 2633 αὑτὸν
526 2607 716 2637 ἀπονεὺσεωςο
733 2616 742 2632 ι
759 2607 855 2640 Ὅστις

63 2652 128 2686 γὰρ,
144 2651 240 2687 φησὶν,
253 2652 304 2678 οὐκ
320 2653 512 2688 ἐγκαταλείψει
529 2655 634 2690 πατέρα
656 2656 672 2691 ἢ
688 2656 808 2691 μητέρα,
824 2665 852 2684 κ.

62 2703 87 2722 τ.
100 2695 138 2727 λ..
156 2695 208 2722 οὐκ
222 2695 280 2722 ἐστι
294 2705 346 2731 μου
365 2697 450 2731 ἄξιος,
468 2707 478 2724 ι
506 2700 655 2733 τουτέστιν,
670 2700 700 2732 ὃς
712 2701 742 2727 οὐ
758 2710 855 2737 προτι-

63 2741 146 2776 μήσει
162 2741 213 2777 τὴν
228 2741 298 2777 ἐμὴν
316 2742 364 2769 καὶ
378 2742 519 2776 σώζουσαν
542 2746 705 2781 παραίνεσιν
726 2747 774 2774 καὶ
796 2756 855 2775 νου-

63 2786 166 2818 θεσίαν,
184 2786 232 2812 καὶ
247 2786 296 2822 τὴν
309 2787 349 2819 εἰς
364 2788 415 2822 ἐμὲ
424 2789 553 2825 στοργὴν,
572 2787 650 2823 οὗτος
668 2791 780 2823 ἐξέπεσε
805 2792 854 2827 μὲν

63 2832 115 2858 τῶν
130 2832 320 2867 ἀτελευτήτων
334 2834 456 2868 ἀγαθῶν,
472 2835 586 2867 ἐξέπεσε
601 2836 631 2863 δὲ
653 2837 704 2872 τῆς
720 2837 854 2873 μακαριό-

63 2883 142 2912 τητος
157 2874 192 2913 ἧς
207 2878 234 2904 οἱ
250 2880 471 2916 προτιμήσαντες
485 2880 539 2908 τῶν
560 2882 728 2924 συγγενικῶν
742 2882 852 2921 θεσμῶν

904 2285 1023 2314 validam
1039 2290 1157 2313 mentem
1176 2285 1289 2312 reddere
1303 2287 1492 2319 iconarentur;
1517 2289 1544 2311 et
1559 2285 1623 2319 quia
1639 2293 1692 2312 non

904 2336 1012 2368 poterat
1021 2339 1051 2359 se
1064 2339 1160 2366 gerere
1170 2329 1339 2362 Jesum,nisi
1356 2331 1426 2357 hanc
1440 2330 1513 2357 viam
1529 2335 1556 2357 et
1566 2330 1693 2357 semitam

905 2384 1077 2414 sequeretur.
1093 2378 1214 2405 Docebat
1228 2378 1301 2405 enim
1319 2377 1445 2404 Salvator
1462 2376 1546 2404 simul
1565 2384 1626 2404 cum
1642 2384 1696 2403 eaa-

905 2425 972 2453 teris
990 2424 1159 2452 salutaribus
1174 2423 1309 2450 doctrinis
1324 2423 1413 2457 ipsius
1437 2423 1537 2450 animis
1555 2426 1610 2448 tam
1634 2421 1694 2449 utili

905 2470 1040 2498 doctrina:
1052 2474 1080 2497 et
1097 2469 1130 2496 ad
1147 2470 1235 2504 ipsum
1260 2468 1431 2496 inclinationi
1454 2476 1508 2495 non
1529 2472 1634 2503 patrem
1648 2472 1696 2495 aut

905 2521 1020 2543 matrem
1043 2520 1091 2542 aut
1115 2523 1226 2542 uxorem
1251 2514 1456 2542 anteferendam
1481 2524 1488 2541 :
1509 2523 1517 2539 ι
1533 2513 1696 2549 Quicunque

905 2562 1045 2589 enimnon
1062 2561 1200 2596 relinquet
1221 2564 1326 2596 patrem
1346 2565 1374 2586 et
1394 2564 1523 2592 matrem,
1547 2564 1613 2592 etc.,
1638 2567 1694 2586 non

905 2613 949 2636 est
961 2616 1004 2636 me
1019 2607 1129 2644 dignus,
1153 2617 1162 2633 ι
1185 2607 1211 2634 id
1229 2611 1282 2638 est,
1300 2606 1346 2641 qui
1365 2614 1418 2633 non
1441 2610 1587 2641 anteponet
1606 2614 1696 2633 meam

905 2655 1054 2683 salutarem
1079 2654 1263 2682 hortationem
1287 2657 1314 2680 et
1338 2652 1483 2680 consilium
1504 2656 1532 2679 et
1549 2652 1603 2679 mei
1620 2660 1697 2680 amo-

905 2709 975 2734 rem,
1002 2700 1046 2728 ille
1068 2700 1102 2727 ab
1116 2699 1226 2728 aeternis
1244 2699 1324 2726 bonis
1348 2698 1465 2731 decidit;
1483 2698 1518 2726 ab
1541 2699 1586 2726 illa
1602 2703 1694 2726 autem

906 2746 1075 2774 beatitudine
1094 2745 1203 2777 decidit,
1224 2753 1277 2779 qua
1300 2745 1326 2772 iu
1347 2750 1480 2773 aeternum
1504 2744 1633 2772 fruuntur
1648 2745 1694 2780 qui

906 2791 1107 2827 congeneribus
1119 2791 1253 2818 institutis
1265 2798 1342 2818 meas
1353 2791 1426 2826 leges
1438 2795 1465 2818 et
1480 2790 1603 2818 divinum
1618 2798 1695 2817 amo-

906 2845 962 2866 rem
981 2836 1166 2872 praetulerunt.

947 2882 1033 2919 tlujus
1044 2890 1111 2911 vero
1127 2882 1248 2911 mandati
1268 2882 1427 2910 facilitatem
1445 2887 1473 2911 et
1493 2879 1694 2916 adimpletionis
