1878 3057
173 149 227 182 3ὲ3

754 150 886 180 ΡΠΟΤΙΙ
902 150 1155 181 ΡΑΤΒῙΑΒΕΙΙΕ
1174 151 1230 181 CP.
1760 148 1803 178 ΒΗ

175 208 415 245 promptitudinem
425 208 628 242 slatuens,ipse
639 208 704 235 illud
721 209 828 243 primus
845 211 966 243 insequi-

1058 228 1081 252 ›ς
1095 220 1180 255 ἐμοὺς
1195 219 1298 254 νόμους
1321 218 1368 245 καὶ
1382 218 1429 245 τὸν
1444 218 1517 245 θεῖον
1540 217 1630 253 ἔρωτα
1652 216 1697 243 διὰ
1711 218 1803 248 παντὸς

174 260 395 290 tur,etmalern:e
405 254 562 282 necessitati
571 259 595 282 et
605 255 699 288 gratiae
710 255 965 282 auditorum'insti-

173 303 304 330 tutionem
313 300 432 335 praefert,
438 300 493 328 fere
499 300 593 328 dicens
605 310 611 327 :
621 301 854 334 Quemadmodum
861 310 911 337 ego
919 308 968 328 vos

172 348 273 375 docens
279 352 432 375 etvestram
438 348 554 375 salutem
563 354 726 382 procurans.
734 352 884 375 maternam
896 347 969 375 solli-

173 395 335 426 citudinem,
352 394 503 421 secundum
521 393 584 426 feci,
594 394 709 422 salutem
720 397 839 421 vestram
854 399 967 428 antepo-

172 448 250 472 nens,
263 441 299 468 ita
315 444 423 475 oportet
438 447 486 467 vos
504 447 615 467 omnem
641 448 689 474 per
705 439 814 467 vincula
833 446 967 474 corporea

173 486 363 521 procedentem
394 486 517 513 habitum
546 489 574 512 et
605 490 712 512 natura;
745 484 965 512 convenientiam

173 540 223 567 pro
233 538 322 560 vestra
334 533 422 560 salute
431 537 458 560 et
467 537 624 560 nostrarum
633 532 821 559 doctrinarum
835 536 863 558 et
876 531 967 565 legum

173 578 296 605 custodia
307 581 334 604 et
343 578 534 605 observatione
548 583 731 605 commutare.
741 577 840 604 Eadem
858 576 966 604 ratione

173 628 202 650 et
214 623 238 650 ei
255 624 301 658 qui
314 623 402 658 ipsum
418 624 533 658 rogabat
554 629 584 651 ut
605 625 638 652 ad
658 624 844 659 sepeliendum
860 627 967 658 patrem

174 669 261 697 abiret
272 689 280 702 ,
309 678 363 697 non
381 671 533 704 concessit;
549 679 603 698 non
621 669 817 698 contemnendi
831 675 966 702 matrem,

175 715 256 746 absit,
272 719 299 742 et
316 717 467 750 praesertim
485 717 568 751 piam,
589 724 679 750 neque
699 716 786 750 patris
805 715 966 750 dignitatem

175 762 327 797 ncgligendi
342 767 370 789 et
389 763 448 796 ejus
468 763 635 790 desiderium
657 762 758 796 injuria
780 759 967 796 prosequendi

175 809 347 836 occasionem
370 809 509 843 przebens;
531 809 579 836 sed
600 808 760 836 omnimodo
783 815 834 835 nos
852 807 967 834 hortans

175 859 204 882 ut
219 855 388 889 spiritualem
406 855 522 882 salutem
535 862 675 890 corporeae
688 855 762 882 omni
777 851 967 888 conjunctioni

174 907 202 929 et
216 902 391 937 dispositioni
414 901 609 929 anteferamus.
630 901 693 928 Πῖσα
715 901 828 928 forsitan
856 899 968 934 aliquis,

175 952 205 975 ut
220 948 323 975 dictum
339 954 391 980 est,
407 952 520 975 matrem
537 954 638 983 putans
657 955 685 975 se
708 947 896 982 praerogativis
915 947 965 974 ho-

175 993 252 1020 noris
270 1001 325 1019 non
342 994 460 1028 privare,
478 993 524 1021 sed
541 993 565 1020 ei
583 994 610 1020 'm
627 993 723 1021 eodem
739 994 826 1028 gradu
844 1001 965 1026 servare,

175 1038 311 1066 disserere
321 1044 467 1067 conaretur
482 1039 579 1066 matris
602 1044 629 1066 et
652 1039 862 1067 convenientem
884 1047 968 1067 vene-

1017 248 1196 292 ἀπολαύουσι.
1212 248 1321 300 ’έαύτης
1336 265 1364 292 δὲ
1379 266 1428 300 τῆς
1442 248 1598 300 ἐντολῆςτδ
1620 265 1685 300 ῥᾷον
1702 265 1748 291 καὶ
1763 265 1803 291 εὺ-
1839 248 1840 298 l

1018 311 1191 346 κατόρθωτον
1215 310 1353 337 καθιστῶν
1375 311 1389 337 6
1409 310 1516 346 Σωτὴρ,
1534 310 1616 342 αὐτὸς
1629 309 1733 344 ταύτην
1751 318 1805 344 μετ-

1018 357 1129 392 έρχεται
1142 358 1251 393 πρῶτος
1273 357 1320 384 καὶ
1342 358 1382 388 εἰς
1398 358 1459 388 τοὺς
1475 357 1614 392 ἀκροατὰς
1635 356 1805 383 διδασκαλίαν
1841 356 1842 379 ἶ

1017 403 1066 438 τῆς
1082 402 1221 438 μητρικῆς
1238 400 1380 438 προκρίνει
1403 403 1497 438 χρείας
1520 403 1566 429 καὶ
1580 403 1702 438 χάριτος,
1720 411 1806 436 μονον.
1841 393 1843 411 ³

1019 449 1079 484 ουχὶ
1111 448 1199 482 λέγων
1221 449 1262 475 ὅτι
1286 448 1413 483 καθάπερ
1435 448 1490 482 ἐγὼ
1512 448 1646 475 διδάσκων
1667 448 1749 482 ὑμᾶς,
1765 449 1807 474 καὶ

1018 495 1082 528 περὶ
1096 493 1146 529 τὴν
1158 493 1236 529 ὑμῶν
1250 494 1389 529 σωτηρίαν
1402 493 1601 528 ἀσχολούμενος
1616 493 1664 528 τὴν
1677 493 1806 528 μητρικὴν

1018 539 1121 574 ἐθέμην
1132 540 1261 574 δευτέραν
1277 539 1434 575 θεραπείαν,
1457 540 1506 574 τὴν
1521 538 1660 574 ὑμετέραν
1675 538 1806 573 σωτηρίαν

1019 585 1212 622 προελόμενος,
1229 585 1301 612 οὕτω
1321 585 1375 621 χρὴ
1391 585 1463 620 ὑμᾶς
1480 585 1589 619 ἀπάσης
1613 586 1665 620 τῆς
1689 585 1734 611 διὰ
1758 584 1807 610 τῶν

1019 630 1187 665 σωματικῶν
1206 629 1313 664 δεσμῶν
1329 629 1478 665 προϊούσης
1493 629 1612 665 σχέσεώς
1625 639 1654 656 τε
1679 630 1728 656 καὶ
1749 639 1808 664 συμι
1846 641 1847 644 η

1019 675 1136 706 παθείας
1150 675 1201 710 τὴν
1214 675 1291 710 ὑμῶν
1303 675 1394 701 αὐτῶν
1410 675 1551 710 σωτηρίαν
1571 675 1806 706 ἀπαλλάττεσθαι,

1019 721 1067 748 καὶ
1081 721 1136 747 τῶν
1149 720 1225 755 ἐμῶν
1245 720 1421 756 διδαγμάτων
1436 721 1484 747 καὶ
1511 721 1603 755 νόμων
1616 721 1666 756 τὴν
1688 721 1808 755 φυλακὴν

1019 767 1067 793 καὶ
1079 766 1258 802 συντήρησιν.
1273 766 1369 802 Ταύτῃ
1385 775 1428 792 τοι
1443 767 1490 792 καὶ
1503 765 1549 792 τὸν
1563 766 1749 801 αἰτησάμενον
1762 767 1808 792 άπ-

1019 811 1108 838 ελθεῖν
1123 811 1170 837 ἐπὶ
1185 811 1216 838 τὸ
1229 811 1315 846 θάψαι
1332 812 1378 838 τὸν
1392 811 1514 846 Πατέρα,
1534 811 1585 838 οὐκ
1600 811 1767 846 ἐπέτρεψεν·
1782 811 1808 836 οὗ

1020 859 1205 894 καταφρονεῖν
1220 857 1335 893 μητρὸς,
1354 857 1392 892 μή
1405 865 1431 883 τι
1446 857 1552 890 γένοιτο
1568 856 1615 883 καὶ
1627 855 1747 891 μάλιστα
1766 857 1809 890 τῆς

1020 905 1107 938 ὁσίας,
1125 904 1186 931 οὐδὲ
1200 903 1248 930 τοῦ
1270 904 1374 939 πατρὸς
1396 902 1574 938 ὲξαργείσθαι
1587 902 1638 938 τὴν
1654 902 1749 937 σχέσιν
1768 901 1810 928 καὶ

1021 951 1068 979 τὸν
1083 950 1166 978 πόθον
1183 950 1336 986 ἐνυϐρίζειν
1349 951 1477 985 ἀφορμὰς
1492 949 1582 980 διδοὺς
1593 969 1601 981 ,
1622 949 1692 975 ἀλλὰ
1710 957 1810 974 παντα-

1021 998 1070 1034 χοῦ
1086 998 1227 1034 παραινῶν
1242 997 1290 1033 τὴν
1301 997 1421 1032 ψυχικὴν
1438 995 1598 1032 προκρίνειν
1616 995 1755 1030 σωτηρίαν
1767 994 1812 1028 τῆς

1023 1042 1185 1080 σωματικῆς
1210 1043 1319 1079 ἁπάσης
1344 1043 1392 1069 καὶ
1406 1042 1555 1077 συναφείας
1581 1041 1628 1068 καὶ
1655 1041 1811 1071 διαθέσεως.

176 1085 309 1111 rationem
330 1089 357 1112 et
372 1085 554 1112 reverentiam
567 1089 660 1112 tuens.
677 1085 806 1112 Attamen
831 1085 888 1111 haec
909 1085 968 1112 col-

1058 1090 1108 1116 ὖτα
1124 1091 1174 1125 μὲν
1186 1089 1233 1116 οὖν
1249 1090 1315 1121 ἴσως
1330 1089 1363 1116 ἄν
1376 1097 1428 1121 τις,
1441 1088 1537 1123 ὥσπερ
1549 1088 1668 1123 εἴρηται,
1681 1086 1769 1112 δοκῶν
1782 1087 1811 1120 τῇ

175 1131 242 1158 latio
268 1131 379 1158 modum
404 1131 514 1166 quidem
545 1132 657 1166 exponit
679 1140 734 1167 quo
754 1132 787 1159 ad
808 1131 967 1159 inferiorem

175 1177 299 1204 ordinem
314 1176 467 1210 descendit,
487 1185 540 1204 non
556 1183 648 1205 autern
662 1185 723 1205 eam
748 1178 782 1206 ab
799 1178 913 1206 honoris
927 1178 971 1205 di-

175 1223 328 1250 minutione
342 1224 450 1252 liberat.

1019 1137 1103 1172 μητρὶ
1132 1136 1187 1163 τῶν
1212 1136 1367 1171 προνομίων
1390 1135 1440 1169 τῆς
1467 1134 1550 1169 τιμῆς
1571 1134 1621 1160 οὐκ
1637 1132 1810 1167 ἀποστερεῖν,

1015 1183 1072 1210 ἀλλ’
1088 1183 1117 1209 ἐν
1129 1181 1168 1217 τῷ
1184 1183 1234 1217 ἴσῳ
1251 1182 1407 1217 συντηρεῖν,
1423 1180 1524 1207 διέλθοι
1548 1178 1813 1215 πραγματευόμενος

1025 1228 1073 1255 καὶ
1093 1230 1142 1263 τὴν
1166 1228 1361 1264 προσήκουσαν
1384 1226 1451 1253 αἰδῶ
1472 1224 1662 1256 συνδιασώζων
1675 1225 1724 1251 καὶ
1739 1223 1815 1250 σεῦα-

175 1270 326 1304 σμιότητα·
353 1270 400 1297 καί
413 1279 456 1297 τοι
473 1271 505 1297 τὸ
522 1270 574 1305 τῆς
600 1271 774 1306 συγκρίσεως
798 1273 844 1299 τὸν
867 1275 969 1310 τρόπον
989 1276 1040 1311 μὲν
1073 1275 1222 1312 ἐρμηνεύει
1252 1275 1314 1302 καθ’
1331 1274 1361 1300 6v
1381 1273 1450 1309 πρὸς
1466 1272 1516 1308 τὴν
1534 1272 1639 1299 ἐλάττω
1654 1271 1733 1303 τάξιν
1751 1278 1814 1296 κατ-

175 1316 224 1351 έϐη
235 1316 268 1342 τὺ
280 1317 505 1352 συγκρινόμενον,
521 1317 571 1344 οὐκ
595 1317 763 1344 ἀπαλλάττει
778 1318 807 1345 δέ
819 1319 870 1354 τῆς
885 1319 1076 1352 ἐλαττώσεως.

212 1388 276 1415 Scio
289 1388 422 1423 quosdam
438 1388 581 1415 beatorum
599 1387 710 1415 Patrum
733 1396 804 1423 quos
827 1389 853 1416 in
876 1389 969 1418 multis

176 1442 248 1469 saepe
271 1434 378 1462 mirans
401 1439 428 1462 et
451 1434 609 1467 admittens,
631 1442 685 1462 non
706 1435 751 1462 hic
770 1436 829 1469 pari
851 1435 969 1463 benevo-

177 1480 259 1507 lentia
282 1481 408 1511 mirarer,
429 1480 477 1515 qui
503 1480 594 1514 impiae
613 1481 751 1516 opinionis
769 1481 970 1515 improbatione

178 1527 204 1553 in
224 1527 304 1553 talem
321 1534 434 1554 sensum
453 1526 667 1553 descenderunt.
690 1527 758 1554 Cum
784 1532 872 1555 mater
891 1527 968 1561 Jesu,

1058 1389 1123 1417 Οἶδα
1137 1390 1166 1417 δέ
1180 1398 1257 1421 τινας
1271 1390 1325 1416 τῶν
1342 1390 1486 1424 μακαρίων
1507 1388 1586 1423 ἡμῶν
1609 1387 1753 1422 Πατέρων,
1772 1387 1816 1417 οὓς

1022 1436 1052 1463 ἐν
1077 1436 1184 1467 πολλοῖς
1208 1435 1340 1466 πολλάκις
1363 1434 1509 1468 θαυμάσας
1533 1433 1580 1459 καὶ
1604 1433 1816 1466 ἀποδεχόμενος,

1022 1483 1072 1510 οὒκ
1088 1482 1122 1509 ἃν
1138 1484 1167 1509 ἐν
1183 1481 1270 1518 ταύτῃ
1283 1483 1316 1517 τῇ
1329 1480 1427 1516 γνώμῃ
1441 1480 1615 1515 θαυμάσαιμι
1630 1479 1674 1506 ἐπ’
1689 1479 1818 1514 ἁθετήσει

1021 1529 1073 1564 τῆς
1096 1527 1244 1559 δυσσεϐοῦς
1269 1525 1350 1562 δόξης
1370 1527 1411 1558 εἰς
1435 1526 1566 1561 τοιαύτην
1589 1525 1818 1560 καταϐεϐηκότας

177 1572 280 1606 aliquid
294 1572 443 1599 humanum
466 1578 578 1606 experta
594 1572 628 1600 de
643 1581 695 1600 suo
710 1573 766 1600 filio
790 1581 820 1601 se
839 1573 968 1608 jactaret,

1058 1576 1156 1602 ivotav-
1176 1575 1214 1606 ὡς
1229 1574 1346 1610 ἐπείπερ
1362 1574 1379 1608 ἡ
1395 1574 1496 1608 Μήτηρ
1509 1572 1556 1600 τοῦ
1576 1571 1664 1607 Ἰησοῦ
1679 1572 1816 1606 ἀνθρώπι-

179 1617 263 1645 libere
279 1622 370 1644 autem
389 1618 463 1652 loqui
479 1623 623 1652 qumreret,
640 1624 667 1647 et
686 1619 778 1647 Letitia
800 1619 970 1647 diffundere-

179 1669 235 1695 tur.
247 1672 280 1692 eo
297 1665 370 1700 quod
382 1665 445 1692 talis
461 1665 509 1692 filii
530 1670 618 1693 mater
632 1670 716 1699 esset,
733 1671 760 1694 et
779 1671 891 1701 propter
907 1667 969 1699 hoc,

179 1709 296 1736 docente
321 1710 387 1739 lilio.
412 1709 569 1742 accederet;
595 1714 623 1737 et
646 1715 676 1738 ut
702 1710 826 1742 decebat,
846 1711 971 1738 doctrina

180 1757 295 1792 gloriam
319 1756 370 1784 sibi
395 1756 450 1784 filio
475 1757 634 1792 acquirente
659 1758 861 1792 (‘oitgloriﬁral‘i
883 1758 970 1792 ipsam

179 1809 206 1831 et
219 1804 279 1838 ejus
296 1803 384 1831 laudis
399 1804 558 1838 participem
576 1804 634 1832 fieri
649 1810 773 1839 cuperet,
791 1804 852 1832 ideo
872 1804 971 1832 Salva-

181 1855 224 1876 tor
235 1850 282 1884 qui
301 1853 329 1876 et
353 1849 423 1876 alios
445 1849 479 1876 ab
494 1849 578 1876 animi
601 1849 799 1884 cupiditatibus
817 1851 932 1878 mundat
945 1856 972 1878 et

181 1896 280 1924 talibus
291 1899 405 1922 matrem
421 1895 626 1923 infirmitatibus
638 1896 745 1930 eripere
761 1896 878 1928 volebat,
892 1898 971 1932 quasi

180 1942 381 1976 vituperatione
398 1941 505 1975 plenam
522 1941 615 1969 emisit
628 1948 736 1974 vocem,
749 1942 862 1970 dicens:
884 1952 892 1968 ι
906 1943 973 1976 Quae

180 1990 221 2014 est
240 1991 327 2012 mater
348 1992 419 2018 mea,
444 1990 471 2012 ct
491 1985 537 2020 qui
553 1990 618 2012 sunt
633 1984 735 2013 fratres
754 1986 830 2013 mei?
848 1996 857 2012 ι
879 1986 933 2014 Sed
948 1987 972 2015 si

181 2033 219 2060 illi
233 2033 332 2067 quibus
354 2040 386 2059 ea
410 2031 502 2058 dicere
525 2032 551 2058 in
568 2036 686 2059 mentem
706 2032 781 2059 venit
796 2037 824 2059 et
840 2040 854 2059 a
873 2033 973 2067 quibus

181 2079 272 2113 reipsa
289 2079 361 2104 diua
375 2082 450 2108 sunt,
465 2082 623 2105 contextum
637 2079 758 2105 examini
778 2079 970 2113 subjecissent,

182 2125 445 2153 animadvertissent
470 2130 585 2152 matrem
609 2125 676 2152 nihil
694 2126 747 2153 tale
760 2126 906 2152 ostendere
923 2133 974 2154 nec

182 2172 331 2206 superbum
347 2178 402 2206 prae
417 2178 447 2197 se
461 2170 583 2197 animum
604 2178 710 2204 gerere.
724 2170 782 2197 Non
800 2171 885 2203 enim,
903 2171 972 2198 Filio

1023 1621 1068 1649 νόν
1082 1630 1109 1648 τι
1124 1620 1249 1647 παθοῦσα
1262 1620 1463 1655 ἐπεσεμνύνετο
1481 1619 1530 1654 μὲν
1555 1618 1595 1654 τῷ
1608 1618 1688 1646 Παιδὶ
1701 1639 1708 1650 ,
1726 1619 1819 1653 ἐζήτει

1021 1667 1051 1694 δὲ
1063 1667 1305 1703 παρρησιασθῆναι
1320 1666 1368 1692 καὶ
1381 1665 1543 1701 διαχυθῆναι
1557 1664 1597 1699 τῷ
1619 1664 1819 1698 άγαλλιάματι,

1021 1713 1062 1740 ὅτι
1077 1712 1237 1748 τηλικούτου
1253 1711 1352 1743 Παιδὸς
1369 1710 1541 1746 ἐχρημάτισε
1566 1710 1667 1745 Μήτηρ
1679 1729 1686 1742 ,
1712 1709 1764 1736 xai.
1779 1709 1821 1735 διὰ

1022 1759 1103 1786 τοῦτο
1118 1758 1234 1794 προσῄει
1256 1758 1430 1789 διδάσκοντος
1453 1757 1501 1783 τοῦ
1517 1756 1600 1783 Υίοῢ·
1629 1756 1676 1783 καὶ
1691 1756 1729 1788 ὡς
1746 1756 1820 1786 είκὸς

1022 1806 1055 1840 τῇ
1079 1803 1240 1839 διδασκαλία
1261 1802 1442 1838 δοξαζομένου
1460 1801 1676 1836 συνδοξασθῆναι
1703 1801 1752 1827 καὶ
1776 1801 1821 1827 τὸν

1023 1850 1135 1876 ἔπαινον
1151 1848 1393 1885 συμμερίσασθαι·
1409 1847 1450 1874 διὸ
1468 1848 1514 1874 καὶ
1531 1847 1627 1882 Σωτὴρ
1656 1847 1704 1873 καὶ
1722 1847 1737 1873 6
1757 1846 1822 1877 τοὺς

1023 1895 1121 1927 ἄλλους
1146 1895 1342 1930 ἀποκαθαίρων
1359 1895 1414 1921 τῶν
1438 1893 1563 1928 ψυχικῶν
1589 1893 1685 1920 παθῶν
1705 1893 1755 1919 καὶ
1773 1893 1821 1926 τὴν

1023 1943 1139 1978 Μητέρα
1164 1942 1220 1969 τῶν
1242 1941 1373 1968 τοιούτων
1390 1941 1572 1968 ἀπαλλάττειν
1600 1939 1685 1966 θέλων
1699 1940 1821 1965 ἐλαττω-

1025 1989 1129 2025 μάτων,
1143 1988 1222 2022 τάξιν
1238 1988 1425 2022 ἐπιτιμήσεως
1438 1987 1591 2021 ἐπέχουσαν
1606 1986 1698 2021 άφῆκε
1711 1985 1763 2020 τὴν
1777 1986 1822 2012 λέ-

1023 2043 1125 2070 γουσαν
1142 2036 1247 2070 ῳωνήψ
1265 2044 1274 2061 ε
1293 2034 1342 2066 Τίς
1355 2035 1429 2061 ἐστιν
1444 2035 1461 2069 ὴ
1475 2035 1575 2070 Μήτηρ
1595 2042 1658 2068 μου,
1676 2032 1726 2059 καλ¹
1748 2033 1822 2063 τίνες

1023 2083 1048 2109 οἱ
1073 2082 1184 2116 ἀδελφοί
1201 2089 1271 2116 μους
1290 2090 1299 2107 ι
1321 2081 1394 2107 Ἀλλ’
1407 2078 1448 2112 οἷς
1465 2080 1515 2115 μὲν
1537 2079 1655 2114 ἐπῆλθεν
1679 2079 1770 2106 ταῦτα
1784 2079 1822 2105 εἱ-

1024 2130 1096 2160 πεῖν,
1124 2127 1171 2154 καί
1185 2136 1217 2161 γε
1231 2128 1340 2162 εἴρηται
1359 2128 1376 2162 ἡ
1389 2126 1417 2153 δὲ
1429 2128 1480 2162 τῆς
1499 2126 1662 2157 ἀκολουθίας
1678 2125 1822 2158 συνεξέτα-

1025 2173 1199 2209 σις,πρῶτον
1218 2173 1267 2209 μὲν
1280 2174 1329 2208 οὐχ
1344 2174 1394 2208 ὁρᾷ
1407 2172 1456 2208 τὴν
1472 2172 1589 2208 Μητέρα
1605 2171 1681 2198 οὐδὲν
1698 2172 1822 2198 τοιοῦτον

182 2218 308 2249 docente,
321 2217 377 2252 ipsa
394 2217 488 2244 nuntia
499 2217 619 2250 advertit,
632 2225 681 2245 nec
694 2217 720 2244 in
733 2217 853 2245 medium
869 2223 969 2246 coetum

1058 2217 1250 2253 τιδεικνυμένην
1291 2217 1351 2244 οὺδέ
1377 2217 1494 2253 σοϐαρὸν
1517 2217 1655 2252 φέρουσαν
1679 2217 1822 2252 φρόνημα.

183 2263 355 2299 supervenit;
379 2271 469 2298 neque
489 2263 614 2290 docentis
636 2270 790 2290 sermonem
815 2263 972 2298 interrupit,

183 2318 271 2346 neque
297 2310 446 2345 quidquam
470 2309 556 2336 altum
576 2315 623 2336 aut
643 2308 792 2343 superbum
813 2309 902 2342 dixit;
924 2309 972 2337 sed

183 2357 250 2385 foris
265 2356 387 2385 modeste
412 2359 499 2388 stans,
515 2363 592 2382 suam
613 2356 787 2389 praasentiam
810 2360 916 2383 tantum
935 2356 974 2383 si-

183 2403 334 2438 gnificavit,
350 2410 437 2437 neque
452 2403 534 2430 etiam
553 2401 645 2435 verbo,
668 2402 715 2429 sed
735 2409 787 2429 suo
802 2407 926 2437 aspectu,
944 2408 974 2430 ut

182 2451 261 2486 signo
275 2456 305 2477 ut
320 2449 344 2476 id
363 2448 542 2476 annuntiaret
556 2456 605 2476 usa
627 2452 679 2475 est.
696 2448 838 2482 Quomodo
861 2449 887 2477 id
913 2449 973 2482 glo-

181 2498 250 2524 riam
266 2495 412 2524 ambientis
432 2502 516 2529 esset,
536 2497 578 2524 vel
591 2498 793 2524 venerationem
810 2498 969 2533 qumrentis,

180 2548 208 2570 et
228 2551 261 2571 ex
287 2543 336 2570 filii
363 2543 551 2578 magnitudine
579 2543 758 2579 superbiam?
781 2545 852 2577 Quid
881 2550 972 2573 autem

182 2590 253 2617 aliud
268 2590 369 2624 egisset
386 2597 492 2623 servus,
507 2598 586 2625 quem
601 2598 650 2618 sua
666 2591 816 2619 necessitas
831 2591 975 2620 invitasset

181 2636 208 2664 id
222 2636 255 2663 ad
274 2636 420 2664 Dominum
436 2636 597 2664 clamitare?
614 2635 686 2671 Ergo
700 2644 754 2663 non
767 2641 826 2664 erat
841 2637 973 2672 objurga-

181 2682 220 2710 tio
236 2682 302 2709 illud
319 2681 383 2709 Jesu
401 2681 503 2709 Christi
521 2683 554 2709 ad
571 2688 686 2709 matrem
709 2682 834 2714 verbum,
853 2691 904 2710 nec
923 2683 975 2710 ali-
995 2701 1003 2718 ,-

181 2729 244 2764 quis
253 2729 350 2756 modus
359 2727 494 2756 defectum
504 2736 552 2763 pvr
561 2729 789 2763 vituperationem
797 2729 973 2761 inclamandi;

182 2782 236 2801 non
250 2774 322 2801 enim
334 2778 394 2801 erat
405 2774 460 2801 ullo
474 2773 555 2801 modo
567 2773 706 2802 delictum.
721 2774 773 2802 Sed
785 2775 857 2809 quod
871 2775 973 2802 dictum

181 2825 235 2854 est,
248 2820 389 2848 Judaicam
406 2820 535 2856 repressit
551 2820 719 2848 irrisionem.
742 2820 811 2848 Male
832 2820 974 2855 dispositis

183 2866 254 2896 enim
282 2871 311 2897 et
325 2867 440 2903 ingratis
456 2865 558 2894 ludatis
576 2873 648 2894 nunc
666 2874 712 2902 per
731 2867 895 2896 calumniam
914 2867 974 2895 Sal.

1026 2264 1093 2292 Οὐδὲ
1107 2264 1161 2300 γὰρ
1174 2265 1235 2291 οὺδέ
1251 2264 1424 2296 διδάσκοντος
1440 2264 1648 2298 αὑτεπάγγελος
1668 2265 1823 2299 ἐπεχωρία-

1026 2320 1082 2344 σεν,
1101 2311 1155 2338 οὐδ’
1170 2312 1210 2344 εἰς
1226 2311 1256 2338 τὺ
1275 2311 1357 2346 μέσον
1380 2311 1499 2346 ἐπῆλθεν
1524 2311 1572 2338 τοῦ
1596 2310 1740 2345 συλλόγου,
1762 2311 1824 2337 οὐδὲ

1025 2357 1070 2384 τὸν
1085 2357 1275 2384 διδασκαλικὸν
1298 2357 1378 2391 λόγον
1390 2347 1566 2393 περιέκοψεν,
1581 2357 1635 2384 οὐδ’
1651 2354 1729 2383 εἶπεν
1745 2357 1824 2383 οὐδὲν

1025 2404 1127 2440 ὑψηλὸν
1150 2404 1167 2439 ἢ
1194 2404 1383 2439 μεγάλαυχον,
1401 2403 1459 2430 ἀλλ’
1480 2403 1532 2436 ἔξω
1548 2402 1729 2434 πανευλαόὦς
1745 2403 1823 2430 ἱστα-

1027 2450 1096 2485 μένη
1114 2449 1164 2486 τὴν
1182 2449 1338 2485 παρουσίαν
1358 2449 1440 2484 μόνον
1455 2449 1601 2484 ἐμήνυσεν,
1623 2448 1640 2483 ἦ
1659 2448 1722 2474 οὐδὲ
1742 2448 1824 2475 τοῦτο

1025 2496 1097 2531 λόγῳ
1120 2495 1268 2531 ἐμήνυσεν,
1291 2495 1350 2521 ἀλλ’
1375 2494 1561 2529 ἀπαγγέλλειν
1585 2493 1745 2528 ἐφιλοσόφει
1773 2494 1824 2529 τήν

1026 2542 1090 2568 θέαν
1101 2542 1132 2568 τδ
1148 2542 1260 2578 μήνυμα
1271 2550 1277 2557 ·
1297 2542 1312 2568 6
1327 2541 1386 2573 πῶς
1401 2541 1434 2568 ἂν
1466 2540 1717 2576 φιλουτιμουμένης
1735 2540 1766 2567 τὸ
1783 2540 1823 2567 δο-

1026 2587 1167 2621 ξάζεσθαι,
1182 2588 1240 2620 πῶς
1260 2588 1288 2615 δὲ
1301 2587 1437 2622 ζητούσης
1454 2586 1636 2622 σεμνύνεσθαι
1654 2587 1702 2613 καὶ
1719 2587 1754 2622 τῇ
1774 2586 1823 2613 τοῦ

1026 2635 1085 2662 υἱοῦ
1101 2634 1320 2670 ἐπιγαυροῦσθαι
1336 2633 1529 2669 μεγαλείοτητι
1538 2642 1545 2664 ;
1554 2633 1580 2660 τί
1590 2633 1613 2660 δ’
1626 2633 1658 2660 ἂν
1670 2633 1766 2669 ἕτερον
1775 2633 1822 2660 καὶ

1026 2682 1154 2718 θεράπων
1169 2681 1273 2717 ἔπραξε
1286 2682 1382 2718 χρείας
1397 2681 1480 2708 αὑτὸν
1494 2681 1541 2707 ἐπὶ
1554 2681 1600 2707 τὸν
1613 2680 1718 2716 Κύριον
1732 2689 1823 2716 παρυ-

1025 2729 1154 2763 γενέσθαι
1166 2729 1302 2764 καλούσης
1316 2737 1324 2761 ς
1341 2728 1440 2755 οὔκουν
1454 2728 1504 2754 οὐκ
1519 2725 1554 2763 ἦν
1569 2727 1733 2762 ἐπιτίμησις
1750 2728 1765 2754 6
1778 2727 1822 2752 λό-

1025 2784 1073 2810 γος
1087 2776 1134 2803 τοῦ
1153 2776 1241 2811 Ἰησοῦ
1254 2777 1288 2811 τῇ
1304 2775 1405 2811 Μητρὶ,
1419 2775 1479 2801 οὺδέ
1494 2783 1536 2806 τις
1552 2775 1653 2809 τρόπος
1664 2774 1819 2801 ἀνακαλού-

1027 2831 1107 2858 μενος
1126 2823 1170 2850 διὰ
1194 2823 1325 2858 μέμψεως
1343 2822 1374 2848 τὸ
1393 2822 1549 2856 ἐλάττωμα.
1569 2821 1606 2847 Οὐ
1619 2821 1675 2856 γὰρ
1688 2817 1724 2855 ἦν
1740 2820 1818 2847 ἐλάτ-

1026 2876 1106 2904 τωμα
1137 2868 1274 2903 οὐδαμοῦ,
1306 2866 1373 2893 ἀλλὰ
1408 2866 1554 2893 Ἰουδαῖκιν
1590 2864 1758 2900 ἐπεστόμιζε
1794 2865 1822 2890 τι
