1878 3057
74 143 116 175 345
525 143 576 173 AD
596 141 893 173 AM-PHILOClIIUM
913 142 1086 174 OU/ESTIO
1097 144 1184 174 XLV.

1634 147 1688 179 3ίῦ

73 202 198 239 εἰρημένον
222 201 380 237 χλεύασμα·
398 201 452 228 τῶν
475 201 530 237 γὰρ
557 202 719 236 κακοχόλων
743 210 772 227 τε
796 210 830 228 κα

917 201 996 228 Moris
1009 206 1037 228 et
1061 201 1236 229 insolentiam
1253 201 1411 230 dicentibus
1425 212 1432 230 :
1451 212 1461 228 ι
1480 202 1577 231 Nonne
1586 202 1632 230 hic
1645 209 1688 231 est

71 243 217 284 ἀγνωμόνων
233 247 364 275 Ἰουδαίων
378 247 427 275 νῦν
440 248 575 282 λεγόντων
590 248 638 274 ἐπὶ
660 248 770 283 διαϐολῇ
791 248 838 274 καὶ

71 296 134 330 ὖῆρει
147 294 346 330 Σωτῆρος,ιοὺχ
360 292 439 326 οὗτός
457 295 532 321 ἐστιν
556 294 604 321 τοῦ
620 295 746 326 τέκτονος
762 295 836 328 υίός;

70 340 108 367 νῦν
121 340 145 366 δὲ
158 340 204 374 οὐχ
218 341 233 374 ἡ
247 341 340 375 μήτηρ
355 339 440 366 αὑτοῦ
455 339 502 366 καὶ
515 341 538 366 οἱ
550 339 660 374 ἀδελφοὶ
671 341 737 375 παρ’
751 341 836 374 ἡμῖν;

69 386 113 413 Καὶ
124 386 206 412 πάλιν·
218 394 227 410 ι
239 384 338 411 Τοῦτον
353 384 381 410 δὲ
390 385 501 420 οτδαμεν
518 384 602 411 πόθεν
612 385 696 412 ἐστίν.
704 394 712 410 ι
721 385 837 412 Ἔπειτα

70 434 106 459 καὶ
117 433 170 458 τότε
181 431 351 463 διδάσκοντος
366 432 414 458 καὶ
426 432 475 467 τὴν
491 432 612 467 ψυχικὴν
624 433 763 467 σωτηρίαν
779 433 836 459 είσ-

67 479 208 514 ηγουμένου,
223 478 261 512 τῷ
273 478 374 513 πλήθει
389 478 549 513 διεφθόνουν
566 487 595 505 τε
615 479 663 505 καὶ
674 479 835 506 διεϐάσκαι-

67 534 101 551 νην
114 524 155 551 καὶ
167 524 232 559 πρός
244 523 371 555 διαϐολὰς
389 524 571 559 ἀνεφλέγοντο
580 525 646 552 ὀὐκ
656 523 691 560 ἦν
705 526 733 552 δὲ
750 526 835 562 πόρος

66 570 118 600 ait»;
133 568 253 603 διαϐολῆς
275 569 323 595 ἐπὶ
342 569 393 603 τὴν
416 569 519 604 συνήθη
539 569 675 604 λοιδορίαν
697 569 834 604 καταφεύ-

66 625 138 650 γουσι,
151 616 194 642 καὶ
209 616 257 651 τὴν
277 616 385 651 μητέρα
403 615 486 642 πάλιν
500 616 624 648 καὶτοὺς
642 616 775 651 ἀδελφοὺς
793 617 834 648 είς

64 664 131 697 ύόγον
142 663 185 689 καὶ
198 663 369 697 ὲξουθένημα
393 663 606 697 προκομίςουσι,
623 663 765 698 μονονουχὶ
787 663 833 689 λέ-

64 717 155 742 γοντεςθ
173 709 239 736 Τίνα
254 709 409 741 διδάσκεις;
434 709 495 735 τίνα
523 709 558 735 δὲ»
572 709 670 735 σαυτὸν
691 708 830 743 κομίζεις

64 756 116 790 Οὒχὶ
126 756 246 790 γυναικὸς
259 756 376 792 πένητος
391 756 525 790 ὑπάρχεις
539 755 614 789 υίός;
627 755 675 783 καὶ
688 757 713 782 οί
722 755 832 790 ἀδελφοί

65 810 101 827 σου
114 802 183 828 οὐδὲν
193 802 378 836 διαφέρουσιν,
393 799 431 829 ὧν
452 803 466 828 ό
488 802 545 837 βίος
569 802 614 829 διὰ
631 803 748 838 χειρῶνς
763 803 830 829 Ἰδοὺ

64 844 123 875 οὗτοι
143 848 284 882 ἑστήκασιν
310 848 362 881 ἔξω
376 848 523 884 ζητοῦντές
537 856 566 874 σε
577 857 584 864 ·
599 848 631 875 ἔα
649 848 680 874 τὸ
692 848 830 875 διδάσκειν

892 247 965 274 fabri
982 248 1054 275 tilius
1070 247 1115 274 ‘°?
1133 257 1142 273 ι
1164 247 1242 275 Nune
1268 257 1344 281 vero,
1370 256 1460 277 nonne
1482 255 1570 277 mater
1586 250 1646 284 ejus
1659 255 1689 278 et

891 294 991 321 fratres
1017 295 1087 329 apud
1117 295 1189 321 nos?
1213 294 1246 321 Et
1269 302 1400 333 rursum:
1420 305 1429 321 ι
1458 296 1538 322 Hunc
1564 296 1685 328 scimus,

892 342 964 368 unde
978 346 1020 368 est
1038 341 1071 367 ⁸¹.
1088 350 1097 366 ι
1116 340 1220 368 Deinde
1234 346 1260 368 et
1274 345 1340 369 tunc
1350 341 1464 369 docente
1476 347 1502 369 et
1515 342 1685 376 spiritualetn

891 387 1006 415 salutent
1017 387 1158 419 ali'erente,
1167 387 1335 414 multitudini
1354 387 1546 416 invidel-antet
1559 387 1686 416 malevoli

890 437 979 464 erant,
998 437 1025 460 et
1035 432 1068 460 ad
1083 433 1251 460 calumniam
1267 433 1413 460 ardebant.
1428 433 1457 460 Si
1473 437 1564 461 autem
1576 435 1685 462 abesset

889 479 1035 507 calumnia:
1055 480 1144 511 locus,
1173 479 1208 506 ad
1225 480 1320 507 solitas
1339 479 1536 514 confugiebant
1557 480 1683 514 injurias,

889 531 916 554 et
929 531 1043 554 matrem
1065 534 1175 553 rursum
1198 526 1225 552 in
1252 526 1420 560 vitupcrium
1446 531 1473 553 et
1497 530 1684 560 contemptum

888 573 1072 605 adducebant,
1101 572 1222 611 dicentes
1246 572 1321 602 fere;
1339 582 1348 598 ι
1367 572 1438 605 Quid
1466 572 1567 600 doces?
1597 572 1684 605 Quem

888 618 1004 652 teipsnm
1035 617 1137 646 facis?
1167 627 1176 644 ι
1208 617 1304 646 Nonne
1335 625 1366 645 es
1406 618 1529 646 mulieris
1568 626 1685 653 pauper-

887 667 956 693 culae
970 665 1064 693 filius?
1086 665 1118 692 Et
1136 665 1235 692 fratres
1261 665 1299 691 tui
1326 664 1394 691 nihil
1409 664 1548 697 dilferunt,
1565 672 1683 698 quorum

885 713 941 739 vita
958 719 1006 747 per
1033 719 1132 739 manus
1153 719 1218 739 suas
1240 715 1424 739 sustentatur.
1445 710 1515 738 Ecce
1540 710 1584 738 isti
1610 715 1684 737 stant

886 756 953 784 foris
969 760 1126 790 quaerentes
1152 760 1188 782 te.
1207 754 1308 782 Omitte
1321 755 1419 782 docere
1434 760 1461 782 et
1473 756 1506 781 ad
1518 755 1684 789 consangui-

885 809 953 830 neos
971 802 1050 833 vade.
1069 801 1193 828 eamdem
1217 808 1249 828 ac
1270 800 1308 827 illi
1327 801 1389 827 vitae
1411 800 1546 826 rationem
1565 799 1680 832 habens,

885 847 932 875 sed
951 854 1006 874 non
1020 846 1053 873 ad
1070 845 1186 873 docendi
1203 852 1352 880 assurgens
1368 844 1540 879 dignitatem.

63 898 98 922 xz".
110 898 170 933 πρὸς
182 897 244 929 τοὺς
258 898 404 931 συγγενεῖς
418 897 565 932 ἀπότρεχε,
592 897 643 932 τὴν
656 897 773 929 ἐκείνοις
805 896 868 932 ίσην
887 894 987 932 μετιὼν
1006 893 1159 927 πολιτείαν,
1186 893 1257 920 ἀλλὰ
1281 892 1318 928 μὴ
1347 892 1413 928 πρὸς
1434 891 1465 917 τὸ
1489 889 1679 918 διδασκαλικὸν

62 943 191 970 ἀναὸαίνων
209 942 331 977 ἀξίωμα.

88 990 163 1017 Ταῦτ’
175 990 218 1017 οὖν
233 991 357 1024 ἐκείνων,
369 990 406 1022 ὡς
422 988 734 1024 ἕθος,ξπονηρευομένων
747 988 761 1014 6
775 989 832 1014 Σω-
848 990 869 1018 Β

62 1036 100 1070 τὴρ
110 1036 242 1068 ἀντιτιθεὶς
263 1037 312 1063 καὶ
333 1035 525 1069 ἀντεπεξᾱγων
538 1037 571 1072 τῇ
592 1034 768 1070 μακροθυμίᾳ
784 1034 832 1060 καὶ

62 1081 181 1116 πραΰτητι,
191 1081 336 1113 Τοσοῦτον,
351 1082 443 1116 φησὶν,
456 1080 552 1116 ἀπέχω
561 1080 610 1106 τοῦ
621 1080 832 1116 ἐπαισχύνεσθαι

63 1127 129 1162 μητρὶ
151 1128 194 1154 καὶ
218 1129 274 1159 τοῖς
300 1127 437 1161 ἀδελφοῖς,
453 1127 495 1153 ὅτι
520 1127 550 1153 οὐ
569 1127 652 1161 μόνον
669 1127 703 1161 ἢν
717 1127 733 1160 ἡ
750 1127 832 1160 φύσις

61 1173 142 1199 ἔδωκεν
160 1173 204 1200 καὶ
218 1173 264 1205 οὓς
280 1174 320 1205 εἰς
332 1175 409 1207 γένος
423 1174 439 1209 ἡ
454 1173 589 1208 ὑπόληψις
603 1172 680 1199 ἔθετο
700 1173 750 1199 οὐκ
763 1173 831 1199 ἀπο-

62 1220 197 1254 στρέφομαι,
209 1220 269 1246 οὐδὲ
287 1219 418 1255 αἰσχύνην
434 1219 556 1255 ἠγοῦμαι
569 1219 630 1246 οὐδὲ
641 1219 753 1251 ὄνειδος,
764 1218 832 1245 ἀλλὰ

61 1266 96 1291 καὶ
108 1266 208 1297 τούτους
222 1266 347 1298 ἅπαντας
362 1265 408 1298 οὒς
425 1267 505 1302 ὁρᾶτε
523 1265 577 1292 τῶν
593 1265 674 1300 ἱερῶν
689 1265 776 1299 λόγων
789 1265 832 1291 δν-

61 1319 96 1342 τας
110 1312 241 1346 σωτηρίων
267 1311 417 1347 ἀκροατὰς,
434 1312 481 1339 καὶ
500 1313 623 1347 πατέρας
636 1313 684 1338 καὶ
699 1311 831 1345 ἀδελφοὺς

61 1357 98 1382 οὐκ
124 1358 226 1389 ἀπαξιῶ
254 1357 466 1393 κατονομάζειν,
488 1359 518 1385 τὸ
531 1358 665 1394 πατρικὸν
691 1358 772 1393 μόνον
787 1357 832 1384 θέε

61 1401 119 1437 λημα
128 1404 277 1436 ποιοῦντας,
293 1405 344 1431 κᾶν
355 1405 424 1440 μήτε
439 1406 472 1440 τῇ
485 1405 578 1438 φύσει,
593 1405 663 1439 μήτε
678 1406 711 1440 τῇ
727 1404 831 1439 ὑπολή-

60 1448 94 1482 ψει
108 1450 152 1481 τὰς
166 1451 314 1486 εἰρημένας
328 1450 524 1486 φιλοστόργους
540 1450 646 1485 σχέσεις
662 1450 745 1485 ἔχωσι
766 1450 830 1486 βοη-

60 1493 181 1530 θουμένας.
200 1496 247 1527 Τίς
271 1496 319 1523 οὖν
337 1497 411 1523 ὲστιν
424 1497 440 1532 ἡ
455 1497 548 1532 μήτηρ
565 1505 616 1531 μου
633 1497 681 1523 καὶ
695 1497 712 1532 ἡ
728 1496 829 1532 ἀδελφή

61 1549 116 1574 pou;
133 1542 156 1567 τί
170 1551 212 1576 μοι
231 1542 280 1572 τὰς
295 1542 405 1577 κλήσεις
420 1541 521 1574 ταύτας
538 1543 577 1574 είς
593 1541 672 1578 ὕϐριν
699 1542 746 1569 καὶ
761 1542 830 1569 ὄνει-

59 1585 91 1616 δος
104 1588 295 1621 μεταπλάττεις
307 1597 315 1621 ;
330 1587 386 1622 ἐγὼ
402 1587 529 1615 τοσοῦτον
542 1588 755 1624 ἐπαισχύνεσθαι
766 1588 829 1615 τού-

59 1632 238 1669 τοιςδιέστηκα,
249 1633 322 1660 ὥστε
338 1634 384 1660 καὶ
395 1633 458 1665 τοὺς
473 1634 618 1670 ἀληθινοὺς
630 1634 756 1669 μαθητὰς
769 1634 830 1666 ταῖς

59 1676 150 1711 κλήσεσι
177 1678 292 1709 ταύταις
323 1678 370 1704 καὶ
399 1678 525 1712 σχέσεσιν
553 1677 666 1713 ἐμαυτῷ
682 1677 830 1704 συνάπτειν

59 1723 210 1759 προειλόμην.
226 1724 285 1751 Καὶ
301 1724 374 1750 ἐστιν
386 1723 512 1750 ἐντεῦθεν
525 1724 641 1760 συνορᾷν
657 1724 693 1755 ὡς
705 1724 735 1750 οὐ
751 1723 831 1759 μόνον

58 1769 117 1796 οῦδὲν
139 1771 344 1806 ἀγνωμοσύνης,
358 1770 419 1798 οὐδὲ
444 1771 625 1806 παροράσεως
643 1771 780 1807 μητρικῆς
795 1771 830 1797 τὰ

59 1817 257 1852 προενηνεγμένα
285 1817 397 1852 ῥήματα
418 1814 463 1852 ἦν,
479 1817 548 1844 ἀλλὰ
570 1817 616 1843 καί¹
630 1817 680 1852 τὴν
697 1817 830 1853 μεγίστην

57 1861 112 1896 αὐτῇ
125 1863 167 1888 καὶ
179 1863 341 1898 πρέπουσαν
351 1862 605 1897 συγκατασκευάζει
620 1863 714 1898 τιμήν.
730 1862 830 1889 Τοσοῦ-

57 1914 91 1932 τον
104 1909 150 1943 γὰρ
165 1909 232 1944 αὐτῇ
254 1909 306 1943 τὴν
321 1908 527 1944 σεϐασμιότητα
541 1909 589 1935 καὶ
610 1908 641 1934 τὸ
659 1909 744 1943 γέρας
761 1909 826 1934 ἀπο-

57 1953 115 1988 νέμει
123 1955 165 1981 καὶ
177 1956 207 1982 τὸ
219 1956 327 1982 δίκαιον
337 1955 387 1990 τῆς
399 1955 529 1990 στοργῆς,
538 1954 608 1981 ὥστε
619 1955 664 1981 καὶ
677 1955 740 1986 τοὺς
752 1955 830 1982 ὲκτε-

55 1998 148 2033 λοῦντας
172 2003 202 2028 τὸ
229 2002 368 2038 πατρικὸν
391 2002 507 2037 θέλημα,
535 2002 582 2028 καὶ
607 2002 675 2037 πρὸς
701 2001 829 2028 τοσοῦτον

55 2045 201 2082 ἐπαρθέντας
230 2047 300 2083 ὕψος
324 2048 436 2084 ἀρετῆς,
452 2047 489 2078 ὡς
504 2048 544 2080 εἰς
562 2048 634 2083 μέγα
648 2056 675 2074 τι
687 2047 768 2083 δόξης
780 2048 829 2074 καὶ

54 2091 179 2128 ὲξιίρετον,
197 2095 236 2127 εἰς
251 2095 301 2130 τὴν
320 2094 457 2130 μητρικὴν
473 2094 566 2129 σχέσιν
595 2095 642 2121 καὶ
655 2095 753 2128 κλῆσιν
767 2094 828 2121 τού-

53 2146 103 2171 τους
117 2141 233 2175 ἀνάγειν,
261 2141 302 2168 δι’
314 2141 348 2176 ἢν
372 2141 420 2168 καὶ
437 2143 453 2176 ὴ
467 2141 522 2167 τῶν
539 2141 662 2176 ἀδελφῶν
679 2141 727 2168 νῦν
744 2141 828 2175 τιμῆς

53 2184 165 2212 ἀπολαύει
178 2188 369 2223 προσηγορία·
389 2187 440 2214 ποῦ
460 2187 515 2223 γὰρ
539 2187 574 2223 ἢν
600 2187 719 2222 ἔκρινεν,
746 2187 827 2222 εἰπερ

53 2230 151 2266 ἔκρινεν,
174 2234 416 2266 ἀποσκευάζεσθαι
442 2234 546 2268 σχέσιν,
567 2233 618 2260 ποῦ
633 2234 655 2260 δ’
669 2233 702 2261 ἂν
723 2235 756 2270 ἥν
773 2235 828 2261 ἐδι-

53 2278 125 2310 καίου,
138 2279 214 2316 εἴπερ
238 2281 371 2313 ἐδικαίου,
385 2281 618 2315 παραγράφεσθαι
633 2281 739 2316 κλῆσιν,
757 2281 825 2307 ταύ-

920 985 967 1013 llla
993 985 1077 1020 igitur
1101 985 1153 1016 eis,
1179 989 1209 1011 ut
1239 984 1355 1017 solebat,
1388 983 1512 1019 improbe
1537 984 1682 1019 agentibus

885 1031 1012 1060 Salvator
1024 1039 1181 1066 opponens,
1199 1038 1231 1057 ac
1244 1038 1292 1058 eos
1309 1030 1445 1064 patienter
1460 1030 1543 1057 simul
1557 1035 1585 1057 et
1601 1038 1682 1057 man-

883 1083 962 1106 suete
975 1078 1110 1105 reducens
1123 1087 1129 1105 :
1149 1076 1280 1109 Tantum,
1299 1077 1402 1111 inquit,
1414 1076 1492 1104 abest
1507 1081 1537 1103 ut
1548 1076 1581 1103 de
1594 1082 1682 1104 matre

883 1129 910 1151 et
933 1123 1066 1151 fratribus
1093 1123 1265 1154 erubescam,
1293 1127 1322 1149 ut.
1341 1130 1395 1150 non
1419 1123 1501 1149 modo
1520 1129 1581 1149 eam
1597 1130 1680 1156 quam

883 1169 959 1196 dedit
974 1175 1081 1201 natura,
1097 1173 1123 1195 et
1141 1176 1189 1195 eos
1206 1175 1277 1203 quos
1295 1168 1322 1194 in
1342 1175 1443 1202 genere
1464 1175 1523 1194 mea
1537 1168 1680 1201 conceptio

883 1216 976 1251 posuit
993 1223 1046 1241 non
1068 1214 1191 1249 rejiciam
1211 1221 1299 1248 neque
1313 1213 1492 1248 opprobrium
1512 1217 1559 1240 aut
1572 1213 1681 1247 vitupe-

883 1262 957 1288 rium
971 1261 1083 1293 ducam,
1100 1261 1147 1288 sed
1164 1265 1191 1287 et
1209 1268 1256 1287 eos
1270 1267 1341 1295 quos
1354 1259 1450 1287 videtis
1464 1267 1605 1287 sacrorum
1621 1267 1681 1287 ser-

882 1315 994 1335 monum
1009 1307 1152 1334 auditores
1168 1311 1195 1334 et
1206 1311 1297 1342 patres
1315 1310 1342 1333 ct
1361 1305 1460 1333 fratres
1478 1314 1530 1333 non
1549 1306 1680 1341 dedigner

882 1354 1038 1384 nominare,
1055 1357 1196 1388 paternam
1212 1353 1380 1380 voluntatem
1396 1353 1547 1380 dummodo
1560 1353 1678 1385 faciant,

881 1398 1010 1434 quamvis
1026 1407 1114 1433 neque
1125 1403 1223 1425 natura
1240 1406 1328 1433 neque
1341 1398 1521 1432 conceptione
1534 1397 1682 1432 pra-dictos

881 1445 984 1472 amoris
1004 1444 1115 1472 habitus
1138 1444 1248 1479 adjutus
1274 1444 1405 1472 habeant.
1422 1454 1431 1469 ι
1452 1444 1520 1477 Quae
1541 1449 1582 1471 est
1597 1444 1680 1478 ἱδῖιιιι·

882 1495 969 1518 mater
985 1498 1045 1517 utea
1060 1494 1086 1517 et
1102 1497 1182 1517 scror
1198 1490 1280 1517 mea?
1296 1500 1304 1515 ι
1322 1489 1394 1523 Quid
1414 1490 1479 1516 mihi
1495 1490 1544 1516 bas
1560 1490 1680 1524 appella-

882 1538 970 1565 tiones
984 1538 1011 1564 in
1031 1537 1209 1572 opprobrium
1233 1542 1260 1563 et
1284 1536 1413 1571 iujnriam
1438 1536 1538 1571 lingis?
1560 1535 1678 1563 Tantum

881 1585 960 1611 abest
984 1588 1013 1611 ut
1039 1584 1093 1610 illis
1119 1583 1291 1615 erubescam,
1309 1587 1339 1609 ut
1354 1590 1432 1610 veros
1446 1583 1597 1617 discipulos
1619 1582 1679 1610 istis

881 1630 1113 1666 appellationibus
1134 1635 1162 1657 et
1186 1629 1324 1656 habilibus
1352 1629 1417 1656 tnibi
1440 1630 1608 1664 conjungere
1623 1635 1679 1656 sla-

883 1678 992 1704 tuerim.
1011 1677 1043 1704 Et
1064 1677 1129 1704 inde
1146 1678 1238 1703 videre
1257 1680 1300 1703 est
1322 1676 1388 1702 nihil
1411 1675 1509 1710 ingrati
1527 1676 1611 1702 animi
1631 1681 1679 1703 aut

883 1728 1057 1758 contemptus
1077 1731 1140 1757 erga
1166 1727 1280 1749 matrem
1305 1722 1444 1756 praecitata
1464 1721 1544 1748 verba
1566 1729 1677 1757 expres-

882 1769 1024 1802 sisse,sed
1048 1774 1075 1796 et
1097 1769 1248 1796 maximum
1264 1768 1302 1794 illi
1326 1773 1354 1795 et
1378 1767 1518 1794 decentem
1545 1768 1676 1794 honorem

881 1822 1062 1851 praeparasse.
1085 1815 1246 1842 Adeo‘enim
1267 1814 1305 1842 illi
1325 1814 1530 1840 venerationem
1555 1819 1581 1840 et
1604 1822 1676 1841 Iner-

881 1861 976 1889 cedeut
997 1861 1105 1895 tribuit,
1127 1865 1154 1888 et
1175 1861 1247 1896 quod
1270 1860 1373 1887 amoris
1396 1860 1502 1893 justum
1522 1865 1574 1892 est,
1599 1864 1627 1886 ut
1650 1865 1677 1886 et

880 1909 1050 1936 voluntatem
1082 1914 1222 1943 paternam
1246 1906 1428 1941 adimplentes
1446 1913 1471 1933 et
1493 1906 1526 1932 ad
1551 1911 1675 1933 sanctam
1693 1923 1696 1926 -

880 1958 991 1984 virtutis
1003 1956 1202 1983 sublimitatem
1223 1959 1402 1989 assurgentes
1424 1957 1555 1988 tanquam
1575 1954 1602 1980 in
1621 1961 1676 1980 tua-

880 2012 960 2039 gnam
977 2003 1096 2038 aliquam
1111 2007 1137 2029 et
1149 2002 1278 2029 eximiam
1299 2001 1425 2036 gloriam.
1440 2001 1467 2028 in
1488 2001 1584 2029 matris
1596 2000 1674 2028 habi-

882 2054 939 2076 tum
956 2053 982 2076 et
998 2049 1209 2083 appellationem
1224 2048 1355 2080 inducat;
1372 2047 1452 2081 cujus
1467 2055 1551 2075 causa
1565 2052 1592 2074 et
1609 2053 1675 2074 tunc

881 2096 1012 2130 temporis
1031 2095 1148 2122 fratrum
1172 2094 1318 2129 appellatio
1341 2094 1445 2121 honore
1468 2093 1577 2121 fruitur.
1598 2093 1676 2120 Patet

881 2142 975 2177 igitur,
1003 2146 1035 2169 ut
1055 2142 1157 2168 dictum
1186 2146 1238 2172 est.
1257 2149 1310 2167 non
1334 2141 1416 2168 modo
1435 2149 1489 2167 non
1512 2140 1539 2167 in
1556 2140 1674 2167 materni

880 2189 983 2216 amoris
992 2193 1020 2216 ct
1036 2187 1424 2215 venerationisdetrimentum
1440 2187 1497 2214 lucc
1511 2187 1584 2214 dicta
1599 2193 1670 2217 esse,

882 2246 891 2261 ι
907 2235 973 2269 Quae
982 2240 1023 2262 est
1037 2240 1123 2263 mater
1138 2236 1215 2262 mea?
1227 2240 1307 2265 ietc.,
1322 2235 1369 2261 sed
1378 2239 1404 2261 et
1414 2234 1619 2261 convenientem
1635 2233 1671 2259 illi

879 2283 1038 2311 omnimode
1071 2282 1186 2318 gloriam
1221 2286 1248 2309 et
1281 2282 1497 2310 benedictionem
1532 2280 1670 2308 conciliat.

52 2331 91 2357 την
103 2324 136 2357 ὡς
149 2326 282 2362 κορωνίδα
297 2327 343 2353 καὶ
358 2328 508 2361 κεφάλαιον
517 2326 571 2353 τῶν
582 2327 692 2361 ἀγαθῶν
704 2329 761 2359 τοῖς
771 2327 826 2354 τῶν

917 2329 1023 2356 ιοιιιοιιο
1042 2328 1114 2356 enim
1137 2336 1219 2363 quam
1242 2328 1393 2360 statuisset,
1417 2327 1440 2354 si
1452 2327 1604 2357 statuisset,
1623 2326 1672 2352 ha-

52 2368 154 2405 ohpavdw
167 2372 308 2407 βασιλείας
326 2372 505 2408 κληρονόμοις
521 2373 662 2408 ἐπιφέρειν
675 2382 705 2400 τε
718 2373 765 2400 καὶ
777 2382 826 2409 χα-

54 2414 157 2448 ρίζεσθαι
186 2418 281 2454 χώραν
307 2416 397 2454 είχεν;
421 2418 646 2454 Ἐμφανέστατον
672 2419 718 2446 οὖν
746 2417 825 2455 οἶμαι

53 2462 109 2489 καθὰ
123 2465 166 2490 καὶ
180 2465 344 2501 προείρηται
358 2465 482 2499 γέγονεν,
496 2465 534 2498 ὠς
550 2466 579 2492 οὺ
594 2466 674 2501 μόνον
690 2467 741 2493 οὐκ
752 2466 826 2493 ἔστιν

53 2507 100 2534 ῦῦδὲ
110 2511 145 2540 εἰς
154 2510 232 2547 ὕϐριν
239 2511 290 2546 τῆς
303 2511 441 2547 μητρικῆς
450 2512 578 2547 στοργῆς,
590 2513 636 2539 καὶ
645 2512 737 2545 αἰδοῦς
744 2513 774 2540 τὸ
784 2513 826 2544 τίς

879 2375 1033 2404 bitudinem
1056 2375 1200 2408 abiecisse.
1218 2383 1300 2410 quam
1319 2374 1462 2406 voluisset,
1488 2373 1511 2400 si
1528 2372 1669 2400 voluisset.

879 2422 1092 2457 appellationem
1107 2421 1282 2452 submovere,
1296 2428 1357 2448 eam
1383 2423 1411 2446 nt
1435 2420 1572 2453 tasligtum
1585 2423 1612 2444 et
1625 2425 1671 2444 ca—

880 2473 928 2504 put
941 2468 1088 2501 bonorum,
1102 2467 1180 2502 regni
1202 2466 1336 2495 caelorum
1360 2465 1516 2493 heredibus
1529 2464 1671 2492 "inferendi

880 2518 908 2542 et
919 2513 1091 2549 gratificandi
1103 2513 1246 2540 habuisset
1262 2512 1372 2539 locum?

54 2557 112 2586 ἐστιν
126 2560 142 2595 ἡ
155 2561 246 2597 μήτηρ
264 2569 326 2596 μου,
339 2569 366 2588 κ.
375 2570 400 2588 τ.
410 2560 436 2588 λ.
449 2561 594 2596 εἰρημένα,
604 2561 672 2588 ἀλλὰ
687 2563 735 2589 καὶ
745 2563 796 2597 τὴν
809 2563 971 2600 πρέπουσαν
983 2563 1050 2598 αὐτῇ
1065 2561 1233 2597 πανταχόθεν
1249 2561 1360 2595 συνάγει
1375 2559 1453 2593 δόξαν
1465 2559 1512 2586 καὶ
1522 2560 1669 2595 εὐφημίαν.

83 2604 148 2632 Οὕτω
168 2606 189 2632 δ’
205 2607 239 2634 ἂν
255 2609 441 2644 περιτραπείη
454 2610 511 2640 τοῖς
523 2608 648 2644 ἀνοήτοις
663 2609 732 2644 πρὸς
746 2609 824 2636 τούν-

55 2652 126 2678 αντίον
140 2653 155 2688 ἦ
167 2655 361 2690 ὲφρυάττοντο,
387 2656 456 2691 πρὸς
479 2656 508 2682 δὲ
529 2656 579 2690 τὴν
597 2657 698 2692 εὐσεϐῆ
722 2658 769 2684 καὶ
788 2658 826 2684 oi-

55 2697 118 2723 κείαν
128 2699 303 2728 ἀπευθύνοιτο
313 2701 457 2737 θεοσοφίαν
468 2702 516 2729 καὶ
523 2702 564 2729 τόσ
577 2712 586 2728 ι
601 2703 632 2729 Τί
640 2703 701 2734 ἐμοὶ
712 2703 759 2730 καὶ
771 2703 824 2735 σοὶ.

55 2741 132 2778 γύναι;
146 2746 221 2774 οὔπω
235 2748 298 2783 ἥκει
314 2749 331 2783 ἠ
343 2747 402 2783 ὥρα
417 2757 480 2784 μου.
497 2757 506 2775 ι
520 2749 553 2776 El
566 2757 607 2781 τις
626 2750 679 2785 γὰρ
689 2749 827 2785 ἐπιμελῶς

83 2832 102 2848 ⁸⁸
114 2835 203 2862 .ilatth.
224 2843 284 2868 xui,
297 2837 342 2865 55.

915 2609 954 2637 Ita
967 2614 1056 2636 autent
1071 2609 1176 2636 insanis
1186 2608 1265 2642 longe
1278 2607 1446 2641 aliterquam
1472 2606 1670 2641 gloriabantur,

879 2656 913 2684 ad
932 2657 1004 2691 piam
1027 2660 1054 2683 et
1071 2655 1208 2691 propriam
1228 2654 1348 2681 divinam
1365 2654 1527 2688 sapientiam
1558 2661 1673 2680 conver-

879 2706 983 2730 teretur
1002 2706 1030 2730 et
1047 2702 1130 2729 illud:
1153 2710 1162 2727 ι
1178 2700 1248 2733 Quid
1271 2700 1338 2727 mihi
1354 2704 1381 2727 et
1398 2699 1457 2731 tibi,
1471 2699 1590 2728 mulier?
1602 2707 1672 2726 non-

882 2749 946 2776 dum
962 2749 1034 2776 \enil
1056 2748 1121 2775 hora
1136 2755 1195 2775 mea
1206 2747 1239 2775 δ’.
1263 2756 1272 2773 ι
1295 2747 1323 2774 Si
1338 2747 1401 2782 quis
1426 2747 1499 2775 enim
1519 2752 1646 2775 accurate
1662 2766 1671 2780 ,

381 2837 496 2865 “Joan.
520 2838 613 2870 “,29.
653 2837 767 2865 “Joan.
803 2846 833 2871 ιι,
866 2839 891 2864 li.
