1878 3057
202 126 254 158 347

779 125 912 156 PHOTII
933 125 1186 156 PATRIARCHIE
1200 126 1255 157 CP.

1780 127 1827 159 348

202 193 235 213 ex
259 183 314 212 illis
337 190 398 218 quae
421 183 494 211 dicta
514 187 581 211 sunt
600 182 660 210 haec
693 181 881 213 meditaretur,
898 181 943 208 div

1085 178 1140 211 ¹οἰς
1157 180 1263 216 ἐρρήθη
1282 179 1369 207 ταῦτα
1389 179 1572 216 διαμιλετῲη,
1587 180 1638 216 τῆς
1661 180 1739 213 θειας
1755 183 1826 218 χάρι-

203 230 290 265 gratia
311 232 477 263 cooperante
521 233 549 256 et
575 227 665 256 labori
688 227 853 263 opitulante,
869 227 992 255 inveniet

202 282 265 302 eum
276 275 390 309 gloriam
401 278 429 301 et
446 274 580 302 honorem
596 274 788 302 decernentem
802 274 893 309 potius
909 281 992 308 quam

202 324 388 355 contemptum
404 320 517 348 omnino
531 320 602 347 hanc
613 327 708 348 vocem
736 319 874 348 emisisse.
885 320 992 347 Etenim

202 366 230 393 in
252 366 393 393 miraculis
414 365 483 393 nihil
506 369 566 393 erat
591 365 671 393 matri
689 369 716 393 et
739 365 796 392 tilio
827 373 990 398 commune;

201 411 332 446 quoniam
342 410 458 439 Deitatis
475 415 534 439 erat
547 418 596 446 per
607 411 725 445 seipsam
743 410 875 438 miracula
892 410 991 444 facere;

201 458 329 485 humanae
348 462 440 484 autern
454 462 560 484 natura:
568 464 623 484 non
639 456 696 491 jam
710 464 758 491 per
770 464 810 488 se,
827 456 874 484 sed
888 464 935 492 per
947 464 994 484 as-

201 511 313 531 sumens
342 503 469 530 Verbum.
493 504 616 530 Attamen
653 502 682 530 in
698 502 731 530 iis
763 502 791 530 iu
810 502 910 537 quibus
924 502 993 530 nihil

203 549 283 576 matri
301 554 328 576 et
347 549 402 576 lilio
416 556 562 576 commune
576 552 645 580 erat,
666 548 727 576 vide
741 548 880 583 quomodo
895 556 992 576 exces-

203 601 263 621 sum
279 594 392 622 honoris
407 595 448 621 vel
464 594 492 621 in
507 593 667 621 discrimine
691 594 795 621 statuit.
814 593 899 621 Matre
916 594 991 622 enim

201 639 261 674 ejus
277 645 390 674 rogante
408 644 437 667 ut
464 640 626 667 miraculum
643 640 756 672 faceret,
777 645 919 675 postquam
953 640 991 667 si-

202 685 340 719 gniﬁcavit
354 693 407 712 non
424 693 485 712 esse
499 685 525 712 id
540 693 686 713 commune
706 686 744 712 illi
762 690 788 712 et
800 686 862 717 sibi,
878 690 906 712 et
922 689 992 713 tem-

201 736 253 763 pus
270 728 391 756 nondum
409 729 505 756 adesse
522 737 577 764 quo
595 730 737 764 oportehat
766 729 842 764 signa
864 729 992 764 operari,

201 781 265 808 erga
283 777 398 801 matrem
428 773 608 801 reverentiam
626 778 653 800 et
679 774 810 801 honorem
831 774 951 802 ostendit
965 777 993 801 et

201 823 326 854 tempore
350 824 377 847 et
390 823 563 854 perntutaute
589 820 710 854 potentia
728 819 869 846 fortiorem
885 828 893 846 :
909 823 936 846 et
954 819 992 846 ita

1042 234 1088 258 τος
1104 226 1288 261 συνεργούσης
1307 234 1338 253 τε
1352 225 1400 252 καὶ
1411 227 1444 262 τῇ
1462 226 1560 262 μελέτῃ
1578 227 1825 263 συναντιλαμδανο-

1045 272 1139 307 μένης,
1156 271 1268 307 εὑρήσει
1282 273 1315 307 τῇ
1332 272 1418 307 μητρὶ
1435 272 1535 306 μᾶλλον
1556 272 1635 304 δόξαν
1649 273 1829 309 περιάπτοντα

1044 316 1091 343 καὶ
1110 317 1202 351 τιμὴν,
1216 316 1233 351 ἢ
1245 316 1397 352 παρόρασιν
1416 317 1485 349 ὅλως
1506 319 1630 352 ἀφιέντα.
1645 319 1701 346 Καὶ
1719 319 1774 355 γὰρ
1789 320 1830 345 ἐπὶ

1042 362 1099 392 τοῖ;
1111 361 1247 397 θαύμασιν
1256 361 1332 388 οὐδὲν
1342 359 1377 397 ἦν
1388 362 1478 389 κοινὸν
1495 363 1630 399 τῇἭητρὶ
1644 363 1692 390 καὶ
1707 363 1748 399 τῷ
1758 364 1828 399 Titii-

1044 407 1105 433 ἐπεὶ
1125 407 1173 433 καὶ
1201 406 1329 441 θεότητος
1352 406 1404 441 μὲν
1424 405 1459 443 ἦν
1480 407 1510 434 τὺ
1530 408 1751 443 θαυματουργείν
1773 409 1829 435 καθ’

1044 452 1161 487 ἑαυτήν·
1177 452 1351 488 ἀνθρωπίνης
1367 452 1396 479 δὲ
1411 453 1519 487 φύσεως
1532 453 1626 480 οὐκέτι
1647 453 1710 480 καθ’
1723 454 1828 488 ἑαυτὴν,

1045 498 1113 525 ἁ)λὰ
1125 498 1170 525 διὰ
1183 498 1228 525 τὸν
1244 497 1446 534 προσειληφότα
1463 498 1560 532 Λόγον.
1579 498 1653 533 Πλὴν
1669 498 1718 525 καὶ
1733 498 1777 533 ἐφ’
1793 497 1829 529 οἷς

1044 543 1134 571 κοινὸν
1159 543 1237 571 οὐδὲν
1258 541 1293 579 ἦν
1309 543 1395 580 μητρὶ
1406 543 1453 570 καὶ
1470 543 1530 578 υἰῷ,
1545 544 1597 577 ὅρα
1611 543 1671 575 πῶς
1686 544 1736 578 τὴν
1748 545 1828 580 ὑπερ-

1048 590 1128 625 σολὴν
1145 589 1194 624 τῆς
1206 589 1290 624 τιμῆς
1303 590 1350 616 καὶ
1364 590 1393 616 ἐν
1407 591 1440 625 τῇ
1451 590 1566 626 διαφορᾷ
1576 591 1698 625 συνιστᾷ.
1708 590 1830 625 Θαυματ-

1044 635 1154 670 ουργεῖν
1175 634 1231 670 γὰρ
1246 635 1295 667 τῆς
1318 636 1422 671 μητρὺς
1444 635 1585 670 ἀξιούσης,
1605 635 1781 671 ὲπισημῄνας
1797 635 1830 671 μὴ

1043 678 1115 708 εἶναι
1130 681 1209 708 τοῦτο
1224 681 1314 708 κοινὸν
1328 681 1412 716 αὐτῆς
1425 690 1454 707 τε
1472 682 1519 708 καὶ
1529 681 1640 713 ἑαυτοῦ,
1655 682 1701 708 καὶ
1715 682 1763 708 τὸν
1773 691 1829 709 και-

1046 726 1092 761 ρὸν
1110 727 1148 761 μὴ
1166 728 1295 763 παρεῖναι
1319 727 1447 762 προσθεὶς
1478 726 1540 753 καθ’
1554 726 1584 753 ὃν
1603 727 1658 753 ἔδει
1672 727 1722 758 τὰς
1736 727 1830 762 θεοση-

1045 772 1123 808 μείας
1135 774 1269 809 ἐνεργεῖν,
1284 773 1334 809 τὴν
1349 773 1417 808 πρὸς
1426 773 1476 808 τὴν
1497 774 1604 808 μητέρα
1614 773 1682 801 αἰδῶ
1693 774 1740 801 καὶ
1752 774 1831 809 τιμὴν

1043 817 1128 849 ἔδειξε
1151 819 1199 844 καὶ
1211 817 1259 844 τοῦ
1280 817 1377 852 καιροῦ
1395 817 1505 852 καὶτῆς
1528 817 1741 852 διαλλαττούσης
1755 819 1830 845 δυνά-

202 869 308 892 tantum
324 864 401 892 abest
426 869 455 891 ιιι
465 863 525 898 ejus
540 864 611 891 dicta
630 869 780 891 maternam
809 864 921 898 gloriam
942 873 943 876 η

1089 871 1119 895 υς
1140 863 1390 898 ἑπικρατεστέραν·
1406 863 1475 890 ὥστε
1497 863 1624 889 τοσοῦτον
1644 864 1679 890 τὰ
1700 864 1830 898 εἰρημένα

202 916 297 944 nuant,
324 915 354 938 ut
375 915 469 938 contra
478 915 505 938 et
519 910 604 937 multo
622 910 754 945 majorem
778 917 839 937 eam
864 910 991 937 eﬂiciant.

201 956 268 983 Eam
284 956 357 983 enim
371 959 397 983 et
421 960 544 990 tempore
557 955 716 982 validiorem
732 954 844 983 credere
863 958 891 981 et
907 954 992 980 mira-

201 1003 326 1030 culorum
344 1001 527 1037 congruentia
538 1000 610 1036 leges
627 1000 781 1036 transgredi
794 1000 903 1032 deinde,
918 999 992 1035 quod

201 1047 394 1084 praetendebat.
409 1047 509 1079 facere,
522 1050 626 1081 quanto
643 1046 777 1081 majorem
808 1045 940 1073 honorem
964 1048 992 1073 et

202 1089 380 1117 reverentiam
400 1092 487 1124 parat,
501 1096 583 1123 quam
606 1088 628 1114 si
643 1088 699 1115 haec
721 1095 774 1115 non
800 1088 874 1115 dicta
889 1092 915 1115 et
945 1087 991 1114 de-

200 1137 352 1159 monstrata
371 1135 476 1158 essent.
490 1129 558 1157 Fere
575 1130 646 1157 enim
661 1137 708 1165 per
719 1137 751 1156 ea
766 1137 827 1164 qua:
838 1129 945 1157 dicebat
965 1133 993 1156 et

201 1175 331 1208 faciebat.
360 1175 479 1203 ostendit
515 1175 607 1202 dicens
635 1183 642 1202 :
669 1174 856 1203 Communitas
888 1180 992 1202 natura:

200 1222 423 1249 communitatem
457 1228 511 1248 non
533 1220 637 1248 inducit
666 1220 797 1248 miracula
826 1220 950 1255 patrandi
983 1228 990 1247 :

203 1274 211 1290 ε
218 1265 287 1298 Quid
295 1265 360 1292 mihi
369 1269 395 1292 et
404 1264 463 1297 tibi,
471 1264 569 1291 mulier
575 1264 607 1291 τ’»
620 1263 713 1299 Neque
721 1263 767 1291 Dei
775 1264 916 1298 signorum
926 1271 992 1290 con—

199 1319 300 1346 gruens
313 1316 420 1345 tempus
432 1315 483 1337 est.
500 1311 625 1338 Attamen
639 1315 668 1337 ut
683 1309 764 1342 scias,
777 1314 805 1336 tu
821 1313 848 1336 et
858 1312 993 1344 quotquot

201 1357 234 1384 ad
255 1356 400 1383 videndum
410 1361 436 1383 et
449 1356 614 1383 audiendum
638 1355 787 1391 indigentia
809 1354 932 1387 adduxit,
948 1362 992 1381 me

201 1401 250 1429 tibi
266 1407 388 1429 materna
400 1401 464 1436 jura
486 1401 647 1428 intemerata
664 1409 784 1434 servare,
809 1406 836 1428 et
852 1408 913 1428 esse
927 1407 990 1427 eum

201 1447 248 1482 qui
266 1447 351 1480 leuem
367 1447 449 1474 statui
478 1451 508 1474 ut
521 1446 600 1474 matri
611 1449 812 1474 venerationem
838 1445 887 1472 ﬁlii
920 1452 992 1481 prat-

201 1495 284 1524 stcnt,
308 1491 364 1518 itno
387 1499 452 1518 vero
465 1498 508 1518 me
524 1491 558 1518 iis
571 1499 631 1524 qua:
649 1491 675 1518 in
690 1495 787 1518 natura
803 1490 888 1518 series
900 1489 992 1518 consi-

1042 908 1093 943 τῆς
1117 908 1255 944 μητρικῆς
1277 908 1355 944 δόξης
1372 908 1476 934 ἔνδειαν
1497 909 1595 940 ποιεῖν,
1615 908 1653 940 ὡς
1672 908 1719 935 καὶ
1735 908 1831 935 πολλα-

1043 953 1175 981 πλασίονα
1191 954 1296 990 ταύτην
1310 954 1465 981 ἀποτελεῖν.
1483 953 1520 981 Τδ
1534 955 1587 988 γὰρ
1603 955 1650 981 καὶ
1666 955 1765 990 καιροῦ
1787 963 1831 981 κυ-

1044 999 1178 1035 ριωτέραν
1191 999 1329 1034 ἡγεῖσθαι,
1345 999 1392 1026 καὶ
1407 1000 1459 1035 τῆς
1479 1000 1508 1026 ὲν
1525 999 1663 1035 θαύμασιν
1671 999 1830 1030 ἀκολουθίας

1043 1045 1261 1081 ὑπερϐαίνουσαν
1277 1046 1340 1077 τοὺς
1353 1045 1462 1080 νόμους,
1481 1044 1541 1072 εἶτα
1562 1045 1693 1081 πράττειν
1716 1045 1747 1072 τὸ
1769 1046 1830 1080 παρ’

1042 1091 1127 1126 αὐτῆς
1155 1090 1374 1127 προτεινόμενον,
1389 1091 1465 1125 πόσῳ
1482 1091 1700 1118 πολλαπλασίονα
1728 1091 1780 1127 τὴν
1791 1100 1830 1118 τι·

1044 1136 1098 1172 μὴν
1113 1137 1160 1163 καὶ
1172 1137 1222 1172 τὴν
1240 1136 1308 1163 αἰδῶ
1323 1137 1524 1169 κατασκευάζει
1535 1146 1543 1170 ;
1556 1137 1574 1173 ἢ
1589 1138 1613 1164 εἰ
1634 1136 1672 1172 μὴ
1683 1136 1772 1174 ταῦτα
1795 1138 1830 1163 ει-

1043 1182 1109 1217 ρητό
1122 1191 1152 1209 τε
1167 1181 1214 1208 καὶ
1228 1182 1414 1209 ἐπεδείκνυτο·
1429 1183 1572 1218 μονονουχὶ
1582 1182 1636 1218 γὰρ
1645 1182 1679 1210 δι’
1689 1180 1727 1209 ὦν
1734 1182 1831 1217 ἐφθέγ-

1042 1227 1105 1262 γετό
1119 1236 1148 1254 τε
1164 1227 1210 1254 καὶ
1225 1227 1368 1264 ἔπραττεν,
1383 1229 1566 1256 ἐπιδείκνυται
1580 1230 1677 1264 λέγων’
1691 1230 1724 1257 Ἡ
1737 1239 1832 1257 κοινωα

1042 1272 1087 1300 νία
1102 1273 1150 1309 μὲν
1166 1273 1216 1308 τῆς
1233 1273 1351 1308 φύσεως,
1366 1275 1510 1302 κοινωνίαν
1530 1275 1562 1302 οὐ
1578 1276 1690 1310 συνάγει
1702 1276 1751 1303 τοῦ
1769 1276 1833 1302 Ouu-

1044 1320 1218 1354 ματουργείν.
1233 1319 1266 1346 Τί
1285 1320 1347 1355 ἐμοὶ
1361 1320 1409 1347 καὶ
1431 1321 1485 1353 σοὶ,
1510 1321 1608 1355 γύναι;
1623 1321 1690 1348 οὐδὲ
1706 1323 1721 1348 ό
1738 1321 1833 1356 καιρὸς

1042 1364 1175 1399 πάρεστιν
1197 1365 1212 1391 ό
1240 1365 1392 1400 ἐπιτήδειος
1417 1365 1470 1393 τῶν
1496 1366 1658 1402 θεουργιῶν.
1693 1368 1770 1403 Πλὴν
1793 1368 1833 1394 ita

1042 1409 1125 1444 γνῷς,
1140 1409 1172 1436 σύ
1183 1418 1214 1436 τε
1233 1411 1281 1437 καὶ
1292 1410 1371 1443 ὅσους
1381 1412 1448 1447 όρᾷν
1460 1412 1507 1439 καὶ
1520 1413 1630 1440 ἀκούειν
1645 1413 1662 1448 ή
1673 1413 1754 1449 χρεία
1774 1422 1833 1440 συν-

1042 1454 1156 1490 ήγαγεν,
1169 1456 1210 1482 ὃτι
1226 1456 1272 1483 καὶ
1284 1456 1319 1483 τὰ
1336 1458 1460 1492 μητρικά
1471 1466 1513 1484 σοι
1523 1458 1617 1485 δίκαια
1631 1459 1833 1494 ἁκαινοτόμητα

1042 1498 1179 1532 suam»,
1194 1501 1242 1527 καὶ
1252 1501 1333 1533 αὐτὸς
1347 1503 1361 1529 ὁ
1374 1502 1457 1537 νόμον
1474 1503 1586 1538 θέμενός
1599 1505 1657 1539 εἰμι
1671 1506 1760 1540 μητρὶ
1772 1506 1833 1536 τοὺς

201 1537 331 1564 derantur
348 1541 375 1564 et
392 1536 522 1571 temporis
533 1536 728 1571 opportunitati
744 1543 817 1563 tuam
835 1540 942 1563 venerat

1091 1545 1135 1577 δας
1158 1547 1208 1581 τὴν
1230 1547 1435 1583 σεϐασμιότητα
1454 1536 1558 1584 νέμειν,
1575 1536 1679 1585 μᾶλλονί
1732 1536 1777 1577 δτι
1789 1551 1832 1577 καὶ

202 1588 263 1607 nem
281 1585 309 1607 et
328 1580 510 1607 obedientiam
534 1584 563 1607 et
588 1580 701 1616 gloriam
727 1586 901 1614 anu-ponere,
926 1587 990 1607 ecce

201 1629 278 1652 muto
303 1632 402 1660 aquam
434 1625 462 1651 itt
492 1625 598 1657 vinum,
627 1626 682 1652 tuis
703 1625 830 1660 precibus
859 1625 904 1652 illa
929 1632 990 1660 qua:

201 1669 256 1697 dixi
266 1671 385 1697 secunda
402 1669 572 1698 facientibus.
590 1670 647 1698 Non
661 1671 732 1697 enim
747 1670 842 1698 eodem
855 1670 936 1698 modo
951 1670 988 1697 ibi

201 1715 303 1743 dictutn
319 1721 360 1743 est
375 1716 440 1743 illud
453 1725 460 1743 :
477 1716 560 1749 «Quid
575 1716 622 1744 tibi
636 1721 662 1744 et
677 1717 769 1749 mihi,-
793 1724 849 1752 qno
862 1717 896 1745 ad
912 1717 989 1744 illum

200 1761 302 1789 dicttun
325 1767 367 1788 est
380 1762 425 1797 qui
446 1763 584 1797 quaerebat
598 1768 626 1790 ut
640 1763 692 1798 ipsi
708 1767 828 1798 paternae
845 1763 989 1790 hatredila-

201 1806 236 1833 tis
251 1806 352 1833 arbiter
363 1806 441 1834 foret.
456 1806 494 1834 lbi
506 1808 577 1834 enim
593 1807 662 1835 dixit
675 1817 682 1834 :
699 1808 783 1841 «Quid
804 1808 871 1835 mihi
883 1812 910 1835 et
920 1807 990 1835 tibi?

200 1857 227 1879 et
235 1853 296 1887 quis
306 1860 349 1880 me
358 1853 496 1880 constituit
503 1853 652 1888 principem
662 1854 811 1888 etjudicem
818 1861 901 1889 super
908 1854 984 1880 vos?»

200 1897 276 1925 Hane
290 1900 371 1926 verbo
388 1899 591 1926 excusationem
616 1904 676 1926 actu
694 1900 844 1932 roboravit.
861 1907 911 1927 nec
924 1907 989 1927 con-

200 1944 354 1971 testationis
369 1944 480 1971 humilis
494 1949 521 1971 et
532 1945 630 1972 terreni
662 1944 730 1972 lucri
749 1945 832 1980 jttdex
858 1945 916 1972 ﬁeri
939 1952 988 1972 vo-

200 1989 252 2016 lttit
266 1997 273 2022 ;
288 1990 334 2016 sed
343 1997 403 2024 qua:
419 1997 467 2024 per
478 1991 559 2017 verba
571 1990 725 2026 abnegavit,
739 1998 788 2026 per
799 1999 883 2026 opera
890 1991 989 2018 deinde

201 2033 319 2062 ﬁrmavit
326 2054 334 2062 .

236 2215 273 2243 lhi
286 2216 360 2244 vocis
373 2216 459 2245 forma
477 2226 555 2251 usus.
574 2224 724 2248 maternam
739 2222 811 2250 circa
824 2223 985 2252 miraculum
1005 2210 1027 2238 θ

200 2262 362 2290 sententiam
378 2270 432 2290 non
447 2265 612 2299 repudiavit,
637 2274 726 2301 neque
749 2269 914 2303 precationis
934 2270 986 2297 itu-

198 2308 387 2343 probationem
403 2310 537 2345 adjunxit.
569 2312 621 2339 Sed
636 2318 781 2348 postquam
798 2317 824 2341 in
833 2315 988 2343 communi-

200 2358 254 2382 tate
268 2360 373 2382 naturte
387 2355 540 2383 divinorum
550 2365 663 2391 operum
676 2360 865 2388 excellentiam
875 2361 988 2390 docuis-

198 2404 249 2432 set,
265 2408 335 2435 opus
350 2409 519 2430 concurrens
534 2405 855 2438 postulationiconcessit
870 2417 878 2441 ;
901 2409 985 2442 clare,

198 2446 338 2474 utdictum
353 2453 405 2480 est,
418 2449 520 2484 plnries
529 2454 651 2479 statuens
660 2456 687 2479 et
697 2454 900 2487 opportunitate
916 2459 986 2483 tetu-

198 2492 272 2527 poris
293 2498 320 2520 et
336 2494 528 2523 miraculorum
546 2498 710 2532 proprietate
731 2505 881 2528 maternam
901 2502 985 2530 dilec-

198 2539 300 2566 tionem
319 2544 346 2567 et
360 2540 443 2569 decus
460 2541 520 2576 plus
533 2543 603 2578 apud
617 2543 705 2579 ipsum
726 2546 826 2574 valere.

990 2735 1027 2745 .—

1040 1589 1093 1617 τῶν
1106 1591 1135 1617 ὲν
1149 1592 1182 1627 τῇ
1198 1592 1278 1626 φύσει
1295 1592 1489 1629 θεωρουμένων
1503 1595 1608 1629 εἰρμῶν
1617 1595 1727 1630 καὶτῆς
1740 1596 1834 1629 ἐπιτη-

1039 1635 1175 1671 δειότητος
1187 1637 1235 1664 τοῦ
1256 1638 1354 1674 καιροῦ
1371 1640 1421 1676 τὴν
1441 1640 1490 1675 σὴν
1505 1640 1571 1667 αἰδῶ
1584 1641 1631 1668 καί
1645 1641 1773 1676 ὑπακοὴν
1789 1643 1834 1668 καὶ

1039 1681 1118 1715 δόξαν
1132 1683 1287 1720 ἔμπροσθεν
1300 1685 1442 1721 ποιοῦμαι,
1457 1687 1512 1713 ἰδοὺ
1536 1687 1698 1722 μεταϐάλλω
1710 1688 1744 1715 τδ
1763 1688 1833 1724 ὕδωρ

1042 1729 1084 1761 εἰς
1095 1726 1177 1762 οἰνον,
1191 1730 1241 1765 τῆς
1254 1731 1304 1765 σῆς
1321 1731 1459 1764 ἀξιώσεως
1476 1733 1567 1760 ἐκεῖνα
1579 1733 1694 1770 δεύτερα
1717 1743 1833 1771 ποιησα-

1041 1774 1138 1810 μένης.
1158 1776 1226 1803 οὐδὲ
1239 1777 1293 1811 γὰρ
1306 1777 1376 1804 κατὰ
1386 1778 1433 1804 τὸν
1443 1778 1499 1805 ἴσον
1508 1779 1608 1814 τρόπον
1620 1778 1740 1806 ἐνταῦθα
1754 1781 1831 1815 εἴρη-

1038 1828 1083 1847 ται
1100 1820 1130 1847 τὸ
1147 1830 1157 1846 ι
1173 1821 1206 1848 Τί
1220 1823 1292 1857 ἐμοὶ,
1305 1824 1350 1850 καὶ
1368 1824 1419 1856 σοί,
1434 1833 1443 1850 ι
1462 1825 1522 1852 καθ’
1536 1825 1565 1852 ὃν
1579 1825 1688 1861 εἴρηται
1702 1826 1775 1861 tum
1788 1826 1832 1852 τὸν

1039 1866 1219 1902 ἐπιζητοῦντα
1252 1868 1393 1905 διαιτητὴν
1419 1870 1493 1906 αὐτῷ
1516 1871 1562 1898 τοῦ
1578 1872 1712 1906 πατρικοῦ
1726 1872 1830 1908 κλήρου

1039 1913 1218 1947 χρηματίσαι.
1238 1914 1312 1941 Ἐκεῖ
1320 1915 1374 1951 γὰρ
1386 1913 1475 1949 εἶπεν,
1493 1925 1503 1942 ι
1516 1917 1549 1944 Τί
1565 1918 1627 1952 ἐμοὶ
1642 1918 1689 1945 καὶ
1711 1919 1757 1945 σοι
1766 1928 1775 1952 ;
1789 1919 1834 1946 καὶ

1037 1958 1080 1990 τίς
1095 1967 1128 1994 με
1140 1960 1307 1996 κατέστησεν
1324 1961 1443 1997 ἄρχοντα
1455 1964 1503 1990 καὶ
1516 1963 1648 1999 δικαστὴν
1663 1963 1706 1999 ἐφ’
1721 1965 1832 2000 ὑμᾶςςι

1039 2003 1078 2039 Τῇ
1096 2004 1194 2040 πράξει
1218 2006 1267 2040 τὴν
1283 2007 1313 2033 ἐν
1329 2007 1367 2042 τῷ
1387 2008 1458 2043 λόγῳ
1481 2009 1647 2045 παραίτησιν
1670 2009 1833 2043 ἐϐεϐαίωσε,

1039 2050 1086 2075 καὶ
1101 2049 1230 2086 δικαστὴς
1255 2052 1486 2089 ἀμφισσητήσεως
1500 2055 1670 2090 χαμαιζήλου
1680 2055 1730 2083 καὶ
1752 2066 1835 2093 προσ-

1040 2094 1102 2121 ύλου
1120 2095 1234 2132 κέρδους
1247 2097 1297 2132 οὺχ
1319 2098 1412 2127 εἵλετο,
1424 2100 1563 2134 γενέσθαι,
1578 2100 1649 2128 ἀλλὰ
1665 2101 1715 2137 τὴν
1733 2103 1766 2130 ὲν
1781 2105 1834 2135 τοῖς

1040 2140 1161 2175 ῥήμασιν
1181 2142 1378 2178 ἀπαγόρευσιν,
1395 2145 1412 2180 ὴ
1426 2144 1470 2172 διὰ
1484 2145 1538 2172 τῶν
1550 2146 1640 2182 ἔργων
1658 2150 1833 2185 παραγριφὴ

1038 2186 1182 2220 διεδέξατο.

1082 2231 1215 2260 Ἐνταῦθα
1239 2234 1269 2261 δὲ
1300 2235 1339 2271 τῷ
1372 2236 1494 2272 σχήματι
1518 2238 1692 2274 χρησάμενος
1710 2240 1765 2275 τῆς
1782 2250 1836 2276 φιν-

1041 2279 1099 2314 νῆς,
1122 2279 1172 2314 τὴν
1192 2281 1330 2316 μητρικὴν
1355 2283 1405 2309 οὐκ
1423 2284 1605 2319 ἀπεπέμψατο
1619 2286 1684 2321 περὶ
1705 2286 1749 2322 τῷ
1775 2287 1837 2314 0mi-

1042 2332 1108 2359 ματι
1136 2324 1266 2361 γνώμην·
1293 2327 1353 2354 οὐδὲ
1373 2328 1425 2364 τῆς
1440 2330 1576 2365 αἰτήσεως
1597 2331 1770 2366 εἰσηγήσατο
1788 2332 1836 2367 τὴν

1040 2370 1179 2406 ἀθέτησιν,
1193 2372 1251 2398 ἀλλ’
1267 2374 1296 2400 ὲν
1310 2375 1343 2410 τῇ
1368 2374 1498 2411 κοινωνίᾳ
1513 2377 1562 2411 τῆς
1585 2376 1694 2411 φύσεως
1706 2377 1760 2412 τὴν
1779 2379 1836 2406 δια-

1041 2417 1128 2453 φορὰν
1143 2418 1318 2454 διδαξάμενος
1332 2420 1387 2447 τῶν
1401 2421 1626 2457 θεουργημάτων,
1638 2423 1668 2450 τδ
1681 2424 1765 2460 ἔργον
1775 2425 1836 2452 σύν-

1039 2462 1139 2499 δρομον
1155 2463 1238 2497 ἔδειξε
1254 2466 1287 2500 τῇ
1302 2465 1424 2499 ἁξιὼσεμ
1433 2467 1538 2502 σαφῶς,
1546 2468 1585 2500 ὡς
1595 2468 1715 2504 εἴρηται,
1731 2469 1835 2497 πολλὰ·

1040 2516 1083 2540 κις
1096 2510 1237 2544 παριστῶν
1252 2512 1299 2538 καὶ
1315 2512 1365 2547 τῆς
1376 2513 1595 2550 ἐπιτηδειότητος
1606 2514 1654 2542 τοῦ
1668 2516 1770 2552 καιροῦ
1789 2517 1835 2544 καὶ

1038 2553 1088 2599 τῆς
1146 2554 1284 2591 θαύμασιν
1299 2557 1430 2594 ἰδιότητος
1441 2560 1491 2595 τὴν
1503 2561 1640 2598 μητρικὴν
1655 2563 1778 2599 στοργὴ-δ
1789 2563 1834 2590 καὶ

1038 2597 1069 2625 τὸ
1084 2598 1162 2631 κλέος
1178 2601 1271 2635 μεῖζον
1285 2602 1389 2638 ἰσχύειν
1403 2605 1470 2640 παρ’
1486 2605 1570 2642 αὐτῷ.
