1878 3057
180 118 231 153 371

760 122 892 154 PHOTII
909 122 1164 157 PATRIARCH/E
1183 126 1238 159 ΕΒ.

1768 122 1819 154 3'1‘2

180 178 320 214 peccabile
331 164 373 206 est
393 178 489 207 sortita
506 183 558 208 est.
576 179 647 207 Dicit
659 180 732 208 enim
756 180 975 215 praecedentibus

1065 185 1221 219 επιτίμητον
1236 182 1413 218 ἐκληρώσατο
1422 190 1429 198 ·
1443 180 1518 215 λέγει
1528 181 1617 208 τοίνυν
1630 181 1673 207 διὰ
1686 181 1742 208 τῶν
1752 190 1820 216 προ-

180 224 272 252 verbis
298 224 424 251 Salvator
444 232 507 252 cum
537 226 584 260 qui
610 226 700 260 ipsum
718 234 751 255 ex
770 226 972 261 irreprehensi-

182 270 284 300 bilibus
300 270 508 298 inﬁrmitatibus
521 271 692 306 blasphemat
708 277 734 299 et
748 272 842 299 irridet
859 275 872 304 ;'
889 280 913 298 v.
931 280 971 307 gr.

181 316 253 351 quod
269 316 377 347 esuriit,
404 317 501 350 sitivit,
529 318 687 351 passionem
703 317 902 350 reformidavit,
929 327 984 346 su-'

182 361 264 388 dores
279 359 355 387 illum
382 360 582 399 irroraverunt,
609 363 689 388 valde
716 363 821 390 tristem
844 371 873 391 se
893 363 973 396 dixit,

183 407 279 434 mortis
298 408 395 435 timore
423 407 556 435 exhibens
585 409 752 440 molestiam,
777 409 850 444 quod
874 409 974 441 oravit,

183 453 256 487 quod
280 453 466 487 deprecatuus
483 459 525 481 est
547 453 671 486 calicem,
694 454 736 481 hi‘s
761 455 888 482 humanis
914 463 976 490 pro-

185 499 347 533 prietatibus
363 499 409 533 qui
428 499 643 526 scandalizatum
658 499 740 526 fuerit
759 504 785 526 et
805 508 856 527 una
876 500 909 528 iis
928 508 976 535 per

185 552 246 579 qua:
265 543 390 571 Salvator
407 551 437 571 se
454 552 515 572 vere
535 544 634 584 Filium
650 545 769 572 hominis
779 552 838 573 esse
848 545 976 580 cognosci

184 589 311 624 praebuit,
328 589 351 616 is
370 589 450 626 facile
481 590 642 617 scandalum
664 594 754 625 potest
779 591 924 626 projicere,
949 594 977 619 et

185 624 384 669 blasphemiam
407 635 510 670 fugere,
526 640 553 663 et
577 624 680 670 peccati
700 624 890 665 remissionem
904 637 978 665 acci-

186 676 263 714 pere,
281 687 418 707 caecorum
430 680 526 709 videns
538 681 634 709 oculos
647 682 729 710 verbo
742 686 889 716 recreatos,
900 678 978 710 blan-

186 726 237 753 dos
251 733 335 752 cursu
371 725 494 754 dolorem
522 726 732 762 redarguentes',
762 728 977 764 quatriduanum

187 775 324 798 mortuum
342 771 439 799 mortis
449 772 599 806 potentiam
613 772 758 806 ridentem,
789 778 817 801 et
846 781 978 809 quaecun-

186 824 240 851 que
253 817 304 844 alia
320 810 412 844 divina
433 818 533 846 virtute
561 818 680 846 etliciens
696 823 824 848 ostensus
849 825 892 848 est
916 819 978 848 Sal-

186 850 272 889 vator.
294 861 396 890 Eorum
411 863 484 891 enim
502 865 718 900 unumquodque
746 860 802 892 vim
827 865 909 893 habet
933 866 976 893 in-
994 850 1015 877 Β

185 907 296 939 victam.
324 909 540 936 scandalizatum
566 910 588 937 si
614 911 712 938 saltem
738 919 791 938 non
822 912 912 939 malus
938 913 975 940 sit

186 947 273 981 libens
292 951 319 980 et
345 954 451 987 volens,
465 955 499 982 ab
513 962 606 992 errore
638 960 665 983 et
676 963 690 982 a
707 955 865 991 blasphema
881 950 976 993 dispo-

186 998 285 1025 sitione
298 998 443 1026 liberandi.
463 999 497 1025 Et
516 999 539 1026 si
555 1000 649 1040 omnia
667 1002 832 1035 cogitatione
848 1007 977 1031 accurate

185 1044 332 1072 meditatus
345 1050 397 1077 est.
410 1046 549 1080 quomodo
567 1054 620 1073 non
637 1048 789 1082 promptius
811 1049 887 1076 illum
911 1057 978 1078 con-

185 1093 291 1117 vertent
304 1091 350 1125 qui
368 1091 519 1119 humilibus
529 1096 556 1119 et
577 1091 706 1121 humanis
730 1093 757 1120 in
779 1095 977 1130 blasphemiam

186 1137 343 1165 subtractus
361 1137 444 1165 fuerit
458 1138 469 1164 Ἰ
497 1138 549 1171 Qui
565 1143 657 1166 autem
681 1148 714 1167 ex
728 1140 782 1168 illis
798 1149 858 1177 quae
884 1142 977 1170 divina

183 1186 212 1208 et
230 1181 330 1209 eximia
346 1187 411 1209 sunt
424 1184 554 1218 operibus
565 1185 734 1220 blasphemia
745 1187 815 1214 male
830 1189 934 1223 ‘egerit,
952 1194 979 1216 et

183 1235 310 1262 quaerens
322 1228 460 1263 quomodo
475 1237 522 1264 per
530 1231 630 1258 bonum
646 1237 809 1266 operaturus
818 1233 853 1261 sit
865 1235 977 1267 bonum,

183 1277 211 1299 et
231 1281 304 1301 nunc
315 1274 424 1309 quidem
436 1274 530 1303 dicens
547 1284 609 1304 cum
628 1277 722 1305 Jesum
739 1279 812 1306 videt
838 1280 978 1309 daemones

184 1319 338 1353 ejicientem
352 1329 359 1347 :
377 1329 386 1346 ‹
402 1319 571 1349 Daemonium
589 1323 667 1351 habet
682 1325 727 1358 7";
742 1326 836 1358 ijnunc
861 1331 951 1357 autem
969 1337 977 1354 :

188 1373 198 1389 ε
214 1364 242 1392 lu
262 1365 585 1400 principedaamoniorum
599 1369 673 1404 ejicit
686 1371 818 1399 daemonia
831 1372 853 1388 ⁷³
869 1380 894 1406 ςι
906 1379 979 1400 nune

185 1415 288 1443 autem,
300 1419 365 1439 cum
375 1412 400 1439 ei
415 1420 498 1447 quem
510 1414 569 1442 visu
581 1415 709 1444 uativitas
723 1417 868 1445 orbaverat
883 1419 978 1446 oculos

185 1455 373 1490 reformasset,
389 1466 452 1485 eum
466 1460 615 1493 opprobrio
629 1469 799 1498 persequens
812 1469 839 1491 et
859 1466 979 1494 miracu-

1026 231 1159 264 κειμένων
1175 229 1305 265 ῥημάτων
1321 227 1558 263 ὀΣωτὴρ,ὂτιάπδ
1572 227 1624 254 τῶν
1640 226 1818 261 ἀνθρωπίνων

1025 275 1152 310 πράξεων
1168 275 1215 301 τοῦ
1236 274 1301 301 Υἱοῦ
1313 274 1360 301 τοῦ
1368 274 1524 310 ἀνθρώπου,
1540 273 1682 299 τουτέστιν
1693 272 1750 299 ἀπὸ
1766 273 1820 299 τῶν

1024 321 1195 356 ἀδιαϐλήτων
1209 320 1303 347 παθῶν
1315 320 1484 354 βλασφημῶν
1505 319 1587 346 αὺτδν
1603 319 1650 345 καὶ
1669 319 1820 354 διασύρων,

1027 365 1083 393 οἷον
1101 367 1141 393 ὅτι
1153 367 1308 400 ἐπείνασεν,
1321 366 1461 400 ἐδίψησεν,
1471 366 1511 391 ὅτι
1522 365 1551 391 τὸ
1560 360 1646 396 ⁸ἠάθος
1653 365 1820 400 ἠγωνίασεν,

1026 401 1194 449 ὄτι-ἱδρῶτες
1211 412 1293 439 αὐτὸν
1307 411 1498 446 περιέσταζον,
1512 411 1552 437 ὅτι
1568 410 1717 446 περίλυπον
1725 407 1822 436 ἑαύτδν

1027 457 1104 491 ἔλεγε
1115 457 1153 492 τῷ
1170 457 1223 484 τοῦ.
1235 457 1351 484 θανάτου
1363 456 1441 492 φόϐῳ
1460 455 1565 491 διοχλού
1570 464 1661 491 μενος,
1667 456 1713 495 ῥτι
1737 451 1822 490 προσ-

1027 502 1137 538 ηύχετο,
1151 503 1191 529 ὅτι
1207 503 1357 538 παρῃτεῖτο
1371 502 1401 528 τὸ
1416 501 1547 538 ποτήριον
1557 508 1564 515 '
1578 502 1610 527 ὲκ
1624 499 1729 526 τούτων
1743 498 1822 526 οὖνὸ

1028 547 1270 582 σκανδαλιζόμενος
1286 547 1340 574 τῶν
1352 547 1544 582 ἀνθρωπίνων,
1570 546 1617 573 καὶ
1631 546 1664 572 δι’
1681 542 1719 572 ὧν
1736 546 1751 571 ό
1765 545 1822 571 Σω-

1027 593 1080 627 τὴρ
1097 592 1160 624 Υἱὸς
1174 593 1281 628 ἀληθῶς
1307 592 1452 628 ἀνθρώπου
1486 593 1619 627 παρεῖχεν
1641 586 1824 624 ἐπιγινώσκεο

1029 638 1102 671 σθαι,
1117 635 1197 671 οὗτος
1211 639 1275 674 ῥᾷον
1290 637 1402 678 δύναται
1414 638 1492 673 ῥίψαι
1505 638 1535 664 τὸ
1551 637 1700 664 σκάνδαλον
1714 636 1764 663 καὶ
1775 636 1824 671 τὴν

1029 685 1205 721 βλασφημίαν
1220 684 1380 720 διαφυγεῖν,
1410 685 1458 712 καὶ
1481 684 1531 719 τῆς
1562 684 1700 720 ἁμαρτίας
1729 683 1824 710 λαϐεῖν

1029 731 1141 766 ἄφεσινο
1171 730 1289 765 τυφλοὺς
1308 729 1379 766 ὀρῶν
1399 729 1472 765 λόγῳ
1494 725 1769 765 δημιουργουμένούς
1790 727 1826 755 τὰ

1029 775 1150 811 ὖμματα,
1162 775 1265 811 χωλοὺς
1275 775 1303 801 δὲ
1311 775 1350 811 τῷ
1360 774 1453 811 δρόμῳ
1462 775 1491 802 τὸ
1499 774 1584 806 πάθος
1595 774 1771 808 ἐλέγχοντας,
1780 773 1826 799 τὸν

1030 822 1059 848 ὲν
1083 823 1190 857 νεκροῖς
1214 812 1375 857 τεταρταῖον
1404 820 1452 848 ’τσῦ
1479 821 1594 848 θανάτου
1626 819 1826 853 καταγελῶντα

1029 867 1082 903 τὴν
1092 867 1219 902 δύναμιν,
1234 868 1281 894 καὶ
1295 867 1345 894 ὅσα
1358 867 1436 906 ἄλλα¹
1453 862 1591 901 θεουργῶν
1610 866 1625 891 ὁ
1643 864 1741 899 Σωτὴρ
1759 864 1826 890 ἐδεί-

1028 922 1124 940 κνυτο·
1140 905 1366 949 καὶτούτωνρἒ
1381 905 1560 948 γὰρέκαστον
1579 911 1685 947 ἄμαχον
1698 910 1758 945 ἔχει
1776 909 1826 945 τὴν

1029 959 1116 994 ἰσχὺν,
1139 959 1185 992 τὸν
1204 955 1456 994 σκανδαλιζόᾴενον,
1483 958 1516 985 ἂν
1542 958 1596 992 ἄρα
1666 955 1739 983 ἑκὼν
1757 964 1825 982 κακ-

1027 1006 1129 1040 ουργῇ,-
1153 1004 1309 1036 ἀπαλλάξαι
1323 1005 1372 1040 τῆς
1387 1004 1489 1038 πλάνης
1498 1003 1599 1037 καὶτῆς
1605 1000 1826 1038 βλασφημούσης

1027 1051 1177 1082 διαθέσεως
1187 1058 1194 1065 ·
1218 1050 1287 1084 ὁμοῦ
1307 1050 1336 1077 δὲ
1361 1050 1451 1075 πάντα
1465 1050 1524 1082 ταῖς
1539 1047 1670 1087 διανοίαις
1684 1046 1827 1082 ἐπιμελῶς

1029 1096 1216 1132 μελετώμενα,
1232 1096 1289 1127 πῶς
1302 1096 1333 1122 οὐ
1352 1095 1449 1124 θᾶττον
1465 1095 1630 1131 μεταστήσει
1649 1094 1719 1128 πρὸς
1736 1093 1828 1122 θεολο-

1028 1142 1091 1177 γίαν
1114 1142 1159 1168 τὸν
1189 1142 1243 1169 ἀπὸ
1268 1141 1323 1168 τῶν
1348 1140 1486 1167 ταπεινῶν
1508 1141 1556 1167 καὶ
1585 1138 1767 1174 ἀνθρωπίνων
1787 1138 1829 1168 εἰς

1029 1188 1206 1224 βλασφημίαν
1236 1187 1457 1222 ὑποσυρόμενονς
1479 1185 1509 1213 '0
1530 1186 1559 1212 δὲ
1580 1185 1635 1213 ἀπὸ
1653 1184 1760 1211 τούτων
1772 1183 1829 1209 τῶν

1016 1233 1190 1269 ,θεοπρεπῶν
1206 1240 1235 1259 τε
1250 1231 1299 1258 καὶ
1314 1231 1463 1267 ὑπερφυῶν
1483 1230 1572 1266 ἔργων
1589 1231 1629 1261 είς
1646 1228 1830 1264 βλασφημίαν

1029 1279 1202 1315 κακουργῶν,
1215 1278 1262 1305 καὶ
1279 1272 1438 1313 σπουδάζων
1464 1276 1538 1308 ὅπως
1550 1275 1594 1302 διὰ
1607 1275 1653 1302 τοῦ
1669 1274 1778 1309 ἀγαθοῦ
1799 1274 1831 1301 τὺ

1029 1325 1131 1360 φαῦλον
1145 1323 1359 1360 δημιουργήσειε
1369 1322 1441 1349 ’διαὶ
1451 1321 1499 1349 νῦν
1513 1322 1562 1356 μὲν
1576 1319 1832 1355 λὲτωνηδαίμονας

1028 1372 1100 1408 ὁρῶν
1109 1371 1250 1404 διώκοντα,
1259 1370 1417 1406 σΔαιμόνιον
1429 1369 1495 1405 ἔχει·
1509 1379 1518 1395 ι
1534 1368 1581 1396 νῦν
1593 1368 1634 1400 δὲ,
1651 1368 1693 1395 ὅτι
1706 1366 1772 1394 ιἘν
1790 1367 1832 1402 τῷ

1029 1417 1140 1454 ἄρχοντι
1155 1418 1208 1444 τῶν
1222 1416 1367 1452 δαιμονίων
1380 1415 1506 1443 ἐκϐάλλει
1521 1415 1555 1442 τὰ
1579 1414 1707 1449 δαιμόνια
1721 1420 1728 1428 ·
1748 1422 1758 1439 ι
1779 1413 1834 1440 νῦν

1029 1463 1057 1490 δὲ
1069 1461 1100 1491 οὗ
1113 1464 1163 1496 τὰς
1179 1463 1255 1498 ϐψεις
1267 1463 1283 1498 ή
1299 1462 1408 1496 γένεσις
1429 1461 1614 1496 ἀπεστέρησε,
1628 1460 1725 1486 τούτου
1746 1459 1834 1494 πηλῷ

151 1531 156 1536 ,
185 1503 241 1529 lum
257 1503 283 1530 in
304 1503 423 1547 injurias
444 1502 558 1547 trahens
585 1512 613 1535 et
631 1508 745 1537 dicens:
768 1514 785 1536 ῒ
799 1510 856 1538 Non
875 1517 917 1539 cst
934 1513 978 1541 hic

1065 1510 1162 1545 ὶ·λόγῳ
1188 1509 1253 1542 τοὺς
1274 1509 1436 1544 ὀφθαλμοὺς
1461 1507 1739 1542 πλαστουργήσαντα,
1756 1514 1832 1540 προ-

185 1555 202 1574 a
215 1548 268 1575 Deo
279 1549 313 1576 ".
323 1545 492 1586 isQui'igitur
507 1545 608 1580 divinis
621 1553 675 1581 illis
687 1559 715 1582 et
725 1556 834 1584 eximiis
847 1558 976 1592 operibus

186 1601 240 1620 non
255 1595 352 1622 melior
370 1596 496 1631 edicitur,
511 1598 558 1625 sed
573 1599 664 1633 potius
677 1601 710 1628 ad
725 1602 802 1636 pejus
820 1602 941 1631 defertur
949 1609 976 1632 et

184 1639 219 1666 ad
232 1640 397 1668 dementiam
415 1643 568 1676 excitatur;
589 1649 616 1672 et
632 1653 666 1673 ex
680 1646 783 1681 quibus
804 1647 934 1677 admirari
949 1655 976 1679 et

185 1684 326 1713 celebrare
342 1687 544 1716 benefactorem
556 1691 708 1725 oportebat,
723 1692 800 1720 illum
821 1694 934 1729 injuriis
949 1701 976 1724 et

185 1729 552 1769 blasphemiisipersequens,
569 1737 671 1771 quibus
680 1738 741 1766 aliis
758 1745 973 1776 converteretur,

184 1780 212 1803 et
233 1777 398 1812 palinodiam
426 1786 537 1809 caneret
558 1787 586 1810 et
600 1781 636 1810 'ad
658 1785 846 1819 paenitentiam
877 1788 976 1816 confu-

184 1827 260 1857 geret
275 1827 359 1860 atque
379 1825 527 1861 impietatis
546 1830 580 1856 ac'
606 1828 634 1856 in
655 1829 741 1857 Deum
760 1839 858 1867 pugna:
880 1835 975 1863 remis-

184 1869 290 1907 sionem
304 1871 442 1907 acciperet
452 1874 463 1900 ?
475 1873 620 1903 Manifeste
632 1877 706 1904 nulla
720 1877 774 1906 alia
790 1886 829 1907 re.

1028 1556 1187 1592 πηλακίζων
1212 1564 1242 1582 τε
1260 1556 1308 1582 καὶ
1335 1555 1365 1582 τὸ
1391 1554 1486 1589 θαῦμα
1504 1548 1544 1586 είς
1560 1549 1639 1588 ὓϐριν
1657 1552 1757 1584 ἕλκων,
1781 1553 1834 1578 καὶ

1027 1603 1126 1637 λέγων,
1142 1602 1204 1634 ὡς(
1217 1602 1274 1629 οὐκ
1282 1601 1355 1628 ἐστιν
1367 1597 1444 1632 οὗτος
1457 1600 1533 1635 παρὰ
1542 1599 1589 1625 τοῦ
1604 1598 1699 1625 Θεοῦηι
1709 1599 1724 1624 ό
1734 1597 1833 1624 τοίνυν

1026 1649 1071 1676 διὰ
1081 1649 1135 1676 τῶν
1150 1639 1293 1684 θειοτέρων
1304 1657 1334 1675 τε
1346 1647 1394 1686 καὶ
1406 1646 1557 1682 ὑπερφυῶν
1566 1645 1655 1681 ἔργων
1674 1644 1754 1671 οὐδὲν
1766 1643 1835 1678 βελ-

1025 1695 1178 1731 τιούμενος,
1190 1694 1260 1722 ἀλλά
1278 1694 1378 1730 μᾶλλον
1401 1694 1447 1721 ἐπὶ
1460 1693 1491 1719 τὸ
1502 1693 1593 1728 χεῖρον
1608 1692 1771 1727 φερόμενος,
1781 1690 1835 1717 καὶ

1027 1742 1097 1778 πρὸς
1109 1742 1239 1769 ἀπόνοιαν
1252 1739 1394 1775 ἀνοιστρού
1399 1748 1478 1775 μενος
1488 1747 1500 1758 κ
1505 1740 1552 1766 καὶ
1558 1738 1597 1765 διι
1606 1735 1645 1765 ὧν
1653 1737 1706 1764 ἔδει
1717 1737 1769 1763 θαυ
1774 1737 1835 1772 μά-

1028 1789 1086 1822 ζειν
1098 1788 1144 1816 καὶ
1154 1789 1283 1823 ἀνυμνεῖν
1291 1787 1335 1814 τὸν
1344 1785 1494 1820 εὐεργέτην
1507 1785 1541 1811 δι’
1552 1784 1665 1811 ἐκείνων
1674 1783 1836 1817 ἐνυϐρίζων

1026 1844 1057 1862 τε
1074 1835 1120 1861 καὶ
1150 1824 1331 1869 βλασφημῶν,
1347 1832 1391 1858 διὰ
1417 1831 1499 1858 τίνων
1513 1829 1600 1857 ἄλλων
1617 1828 1651 1855 ἃν
1665 1829 1835 1862 ἐπιστραφῇ

1025 1883 1073 1910 καὶ
1090 1879 1254 1915 παλινῳδίαν
1271 1878 1336 1914 ᾄσῃ,
1357 1879 1404 1905 καὶ.
1415 1878 1484 1912 πρδς
1504 1876 1554 1910 τὴν
1577 1873 1722 1910 μετάνοιαν
1739 1881 1836 1900 κατα-

184 1916 325 1950 φεύξεται,
345 1918 393 1945 καὶ
412 1919 464 1953 τῆς
491 1920 652 1953 δυσσεϐείας
679 1931 710 1949 τε
743 1924 790 1951 καὶ
821 1925 971 1964 θεομαχίας
1007 1931 1056 1967 τὴν
1079 1929 1175 1963 ἄφεσιν
1198 1925 1323 1969 λήψεται,
1349 1924 1365 1959 ἢ
1384 1922 1506 1959 δηλονότι
1522 1921 1554 1948 δι’
1579 1921 1674 1956 ἑτέρου
1696 1920 1835 1953 οὐδενόςς

218 1964 270 1997 Qui
287 1965 371 2000 igitur
390 1967 416 1993 in
434 1966 565 2001 Spiritum
583 1974 720 2004 sanctum,
744 1972 771 1999 id
802 1979 844 2001 est
877 1976 905 2003 in
932 1978 980 2006 Dei

184 2010 261 2044 signa
277 2011 516 2046 blasphemaverit.
533 2021 583 2042 nec
598 2023 647 2049 per
660 2023 691 2043 ea
714 2017 831 2052 priorem
847 2021 980 2057 blasphe-

183 2056 266 2082 miam
285 2056 424 2091 abjecerit,
443 2058 511 2085 nihil
523 2059 597 2086 aliud
613 2060 689 2088 illum
705 2063 807 2098 eriget;
837 2074 891 2093 non
908 2056 981 2096 icor-

183 2106 296 2142 rectum.
304 2107 395 2130 autem
409 2104 480 2132 unde
493 2106 620 2134 remissio
635 2109 740 2142 peccati
753 2113 904 2145 sequetur?
918 2113 981 2142 Ideo

183 2148 382 2177 rationabiliter
393 2154 420 2177 et
435 2152 472 2177 ut"
486 2151 569 2178 Deum
594 2152 683 2186 decet,
711 2155 831 2185 salutare
860 2158 977 2188 Verbum

182 2195 309 2230 eum'qui
322 2195 375 2223 Dei
394 2203 476 2231 Opera
493 2197 520 2224 in
534 2197 732 2233 blasphemiam
745 2207 850 2231 vertere
863 2210 978 2234 conten-

182 2239 263 2272 derit,
278 2241 353 2269 omni
369 2242 446 2270 venia
463 2242 605 2279 indignum
628 2245 691 2274 l‘ous
713 2248 887 2279 remissionis
912 2259 980 2287 pro-

183 2286 329 2331 nuntiavit.
345 2286 456 2316 Nullum
481 2289 556 2317 enim
578 2294 739 2325 praetextum
764 2293 816 2321 sibi
839 2286 970 2331 reliquit;

183 2332 234 2357 nec
248 2329 411 2365 injuriarum
427 2336 456 2360 et
474 2332 707 2369 blasphemiarum
734 2329 908 2368 correctione
933 2329 981 2369 ne-

182 2383 247 2410 que,
264 2379 369 2404 tantum
387 2377 475 2411 abest,
495 2380 658 2409 remissione
681 2381 782 2418 dignus
795 2384 976 2419 iudicabitur.

182 2420 376 2450 Comedentem
389 2427 418 2451 et
430 2423 566 2453 bibentem
582 2426 684 2460 vidisti,
698 2434 722 2455 et
738 2429 799 2456 ideo
809 2438 871 2457 cum
889 2440 980 2460 come-

182 2465 284 2494 donem
298 2471 325 2495 et
340 2467 396 2496 vini
410 2473 533 2504 potorem
549 2478 648 2505 vocas;
665 2479 824 2507 peccatores
844 2480 872 2503 et
886 2477 979 2511 publi-

183 2519 270 2540 canos
284 2513 475 2549 accipientem,
488 2519 515 2544 et
526 2516 552 2544 id
568 2522 594 2544 te
607 2517 716 2554 impulit
738 2525 766 2547 ut
779 2521 804 2548 ei
821 2522 980 2556 publicano-

184 2565 246 2585 rum
277 2563 304 2586 et
329 2558 504 2594 peccatorum
527 2563 677 2591 amicitiam
703 2566 901 2600 exprobrares?
928 2568 980 2596 Sed

185 2603 236 2631 tibi
251 2605 359 2633 exeelsa
374 2606 569 2642 relinquuntur
584 2616 632 2643 per
645 2617 706 2644 quae
728 2616 755 2638 et
768 2612 802 2639 ab
816 2612 850 2640 iis
867 2609 977 2648 injuriis

161 2673 166 2677 .
186 2649 316 2678 recedens
331 2655 360 2678 et
376 2652 409 2679 ad
428 2653 617 2688 paenitentiam
638 2655 809 2691 confugiens,
836 2658 978 2686 remissio-

189 2702 251 2722 nem
270 2695 405 2730 invenies,
424 2699 487 2733 quia
499 2707 562 2727 cum
579 2700 693 2728 muliere
708 2707 733 2729 et
745 2702 790 2729 illa
802 2702 975 2731 Samaritana

1065 1977 1118 2003 Τὸν
1126 1973 1366 2011 βλασφημήσαντα
1379 1970 1468 1997 τοίνυν
1476 1971 1515 2013 εἰς
1526 1969 1557 1996 τὺ
1565 1969 1679 2008 Πνεῦμα
1693 1969 1724 1995 τὸ
1736 1968 1837 2003 ἅγιον⁹

1029 2022 1170 2050 τουτέστιν
1190 2021 1229 2051 είς
1255 2019 1302 2050 τὰς
1330 2016 1505 2052 θεοσημείας,
1528 2016 1574 2042 καὶ
1594 2015 1662 2050 μηδὲ
1678 2015 1716 2041 δι’·
1737 2016 1838 2042 αὐτῶν

1028 2069 1078 2103 τῂν
1093 2067 1230 2104 προτέραν
1257 2063 1414 2101 δυσφημίαν
1432 2061 1715 2102 ἀποσκευασάμενον,
1731 2060 1838 2088 τοῦτον

1029 2114 1106 2141 οὐδὲν
1133 2114 1229 2149 ἕτερον
1259 2109 1456 2146 διορθώσεται·
1487 2107 1530 2145 μὴ.
1553 2106 1747 2146 διορθούμενον
1782 2107 1837 2141 δὲ,

995 2181 1017 2209 D
1032 2155 1146 2194 πόθενή
1160 2148 1257 2193 ἄφεσις
1271 2155 1452 2190 ἀκολουθήσει
1469 2148 1517 2205 τδρ
1538 2153 1741 2209 ἁμαρτήματος
1749 2152 1839 2209 διό-

1030 2215 1084 2243 περ
1098 2204 1216 2239 εὐλόγως
1238 2211 1269 2230 τε
1295 2202 1344 2229 καὶ
1372 2199 1534 2235 θεοπρεπῶς
1558 2199 1573 2224 ὀ
1597 2199 1732 2232 σωτήριος
1749 2197 1840 2231 λόγος

1028 2252 1074 2280 τὸν
1098 2251 1148 2283 Ιτὰς
1185 2248 1330 2285 θεουργίας
1355 2248 1397 2279 εἰς
1433 2244 1609 2281 βλασφημίαν
1638 2244 1840 2279 μεταστρέψαι

1031 2297 1273 2333 φιλονεικήσαντα,
1287 2294 1388 2338 πάσης.
1403 2291 1572 2338 συγγνώμης
1594 2289 1705 2338 ἀνάξιον
1719 2290 1736 2338 ή
1751 2290 1840 2338 πηγὴ

1029 2343 1080 2379 τῆς
1092 2342 1216 2377 ἀφέσεως
1227 2335 1390 2375 ἀπεφήνατο
1401 2347 1408 2353 ·
1433 2337 1564 2373 οὐδεμίαν
1579 2336 1633 2371 γὰρ
1651 2335 1742 2369 ἑαυτῴ
1759 2336 1840 2371 πρό.

1031 2396 1115 2423 φασιν
1130 2386 1318 2417 ὑπελελοιπὼς
1343 2382 1407 2411 οὔτε
1434 2383 1605 2420 διορθώσεως
1621 2382 1677 2409 τῶν
1691 2380 1766 2408 κατὰ
1783 2381 1838 2408 τοῦ

1031 2434 1189 2470 Πνεύματος
1203 2432 1310 2468 ὕϐρεων
1322 2431 1370 2458 καὶ
1382 2429 1575 2465 βλασφημιῶν,
1593 2428 1655 2455 οὐδὲ
1671 2426 1774 2454 πολλοῦ
1794 2427 1841 2454 δεῖ

1030 2481 1080 2515 τῆς
1110 2480 1234 2514 ἀφέσεως
1265 2477 1465 2512 ἀξιωθήσεται·
1495 2475 1620 2502 ἐσθίοντα
1649 2474 1698 2500 καὶ⁹
1714 2473 1840 2500 πίνοντα

1031 2524 1112 2557 εἶδες,
1139 2525 1186 2551 καὶ
1201 2524 1246 2551 διὰ
1277 2524 1356 2550 τοῦτο
1382 2523 1469 2557 φάγον
1483 2522 1578 2553 καλεῖς
1591 2521 1639 2548 καὶ
1660 2519 1838 2556 οίνοπότην;

1033 2571 1212 2606 ἁμαρτωλοὺς
1237 2570 1286 2597 καὶ
1307 2568 1428 2600 τελώνας
1447 2567 1674 2604 προσδεχόμενον,
1688 2566 1738 2592 καὶ
1747 2566 1839 2593 τοῦτό

1032 2624 1061 2642 σε
1073 2615 1196 2641 τελωνῶν
1208 2614 1348 2641 ἐπικαλεῖν
1359 2614 1451 2648 φιλίαν
1459 2611 1689 2647 καὶάμαρτωλῶν
1702 2610 1819 2646 ἐπῆρεν
1828 2633 1837 2645 ,

1032 2660 1089 2687 ἀλλ’
1104 2660 1281 2687 ὑπολείπεταί
1297 2669 1338 2688 σοι
1347 2660 1381 2687 τὰ
1390 2660 1491 2695 ὑψηλὰ,
1501 2659 1536 2686 δι’
1551 2656 1588 2686 ὧν
1598 2658 1646 2685 καὶ
1659 2657 1765 2691 τούτων
1775 2658 1839 2685 τῶν

1032 2706 1138 2742 ὕϐρεων
1156 2707 1278 2739 ἀποστὰς
1287 2707 1334 2734 καὶ
1342 2707 1411 2742 πρὸς
1425 2706 1570 2742 μετάνοιαν
1581 2703 1762 2738 καταφυγὼν,
1780 2705 1837 2740 τὴν

187 2739 295 2770 locutus
309 2748 390 2771 estet
406 2745 480 2772 abea
501 2753 599 2782 aquam
625 2747 718 2776 bibere
739 2750 896 2784 postulavit,
914 2751 972 2778 hu-

1066 2761 1123 2780 Ξσιν
1134 2753 1272 2788 εὑρήσεις·
1286 2753 1326 2780 ὅτι
1336 2752 1406 2788 μετὰ
1414 2751 1544 2788 γυναικὺς
1558 2751 1606 2779 καὶ
1614 2750 1673 2777 τότε
1688 2749 1839 2788 Σαμαρεί-

225 2835 249 2851 ⁷⁵
263 2833 360 2862 Matth.
386 2843 424 2868 xu,
445 2835 486 2863 18.
526 2837 548 2853 ⁷⁸
565 2836 660 2866 Matth.
680 2846 718 2872 ix,
736 2839 780 2868 ³54.
821 2840 934 2874 "Jean,
952 2849 989 2873 at.
1014 2842 1055 2870 £6.
