  <div class='ocr_page' id='page_1' title='image "/cluster/home/n/w/nwhite01/storage/ocr_20150623/101/njp.32101077772877/259.png"; bbox 0 0 1878 3057; ppageno 0'>
   <div class='ocr_carea' id='block_1_1' title="bbox 187 120 238 155">
    <p class='ocr_par' dir='ltr' id='par_1_1' title="bbox 187 120 238 155">
     <span class='ocr_line' id='line_1_1' title="bbox 187 120 238 155; baseline -0.02 0"><span class='ocrx_word' id='word_1_1' title='bbox 187 120 238 155; x_wconf 73' lang='lat'><strong>371</strong></span> 
     </span>
    </p>
   </div>
   <div class='ocr_carea' id='block_1_2' title="bbox 768 125 1245 162">
    <p class='ocr_par' dir='ltr' id='par_1_2' title="bbox 768 125 1245 162">
     <span class='ocr_line' id='line_1_2' title="bbox 768 125 1245 162; baseline 0.008 -6"><span class='ocrx_word' id='word_1_2' title='bbox 768 125 900 156; x_wconf 84' lang='lat' dir='ltr'><strong>PHOTII</strong></span> <span class='ocrx_word' id='word_1_3' title='bbox 917 125 1171 160; x_wconf 67' lang='lat' dir='ltr'><strong>PATRIARCH/E</strong></span> <span class='ocrx_word' id='word_1_4' title='bbox 1191 130 1245 162; x_wconf 69' lang='lat' dir='ltr'><strong>CH.</strong></span> 
     </span>
    </p>
   </div>
   <div class='ocr_carea' id='block_1_3' title="bbox 1772 126 1819 158">
    <p class='ocr_par' dir='ltr' id='par_1_3' title="bbox 1772 126 1819 158">
     <span class='ocr_line' id='line_1_3' title="bbox 1772 126 1819 158; baseline -0.021 0"><span class='ocrx_word' id='word_1_5' title='bbox 1772 126 1819 158; x_wconf 70' lang='lat'><strong>372</strong></span> 
     </span>
    </p>
   </div>
   <div class='ocr_carea' id='block_1_4' title="bbox 187 166 986 228">
    <p class='ocr_par' dir='ltr' id='par_1_4' title="bbox 187 166 983 218">
     <span class='ocr_line' id='line_1_4' title="bbox 187 166 983 218; baseline 0.004 -10"><span class='ocrx_word' id='word_1_6' title='bbox 187 180 327 216; x_wconf 83' lang='lat' dir='ltr'><strong>peccabile</strong></span> <span class='ocrx_word' id='word_1_7' title='bbox 338 166 381 208; x_wconf 69' lang='lat' dir='ltr'><strong>est</strong></span> <span class='ocrx_word' id='word_1_8' title='bbox 401 180 496 209; x_wconf 85' lang='lat' dir='ltr'><strong>sortita</strong></span> <span class='ocrx_word' id='word_1_9' title='bbox 514 185 566 210; x_wconf 90' lang='lat' dir='ltr'><strong>est.</strong></span> <span class='ocrx_word' id='word_1_10' title='bbox 584 181 655 210; x_wconf 81' lang='lat' dir='ltr'><strong>Dicit</strong></span> <span class='ocrx_word' id='word_1_11' title='bbox 666 183 739 210; x_wconf 86' lang='lat' dir='ltr'><strong>enim</strong></span> <span class='ocrx_word' id='word_1_12' title='bbox 763 183 983 218; x_wconf 71' lang='lat' dir='ltr'><strong>praecedentibus</strong></span> 
     </span>
    </p>
   </div>
   <div class='ocr_carea' id='block_1_5' title="bbox 1070 166 1819 228">
    <p class='ocr_par' dir='ltr' id='par_1_5' title="bbox 1070 183 1819 222">
     <span class='ocr_line' id='line_1_5' title="bbox 1070 183 1819 222; baseline -0.004 -8"><span class='ocrx_word' id='word_1_13' title='bbox 1070 188 1229 222; x_wconf 79' lang='grc' dir='ltr'>επιτίμητον</span> <span class='ocrx_word' id='word_1_14' title='bbox 1244 185 1420 221; x_wconf 75' lang='grc' dir='ltr'>ἐκληρώσατο</span> <span class='ocrx_word' id='word_1_15' title='bbox 1429 193 1436 202; x_wconf 91' lang='grc'><strong>·</strong></span> <span class='ocrx_word' id='word_1_16' title='bbox 1451 183 1525 219; x_wconf 73' lang='grc' dir='ltr'>λέγει</span> <span class='ocrx_word' id='word_1_17' title='bbox 1535 185 1625 211; x_wconf 77' lang='grc' dir='ltr'>τοίνυν</span> <span class='ocrx_word' id='word_1_18' title='bbox 1637 185 1680 212; x_wconf 76' lang='grc' dir='ltr'><strong>διὰ</strong></span> <span class='ocrx_word' id='word_1_19' title='bbox 1693 185 1747 212; x_wconf 87' lang='grc' dir='ltr'><strong>τῶν</strong></span> <span class='ocrx_word' id='word_1_20' title='bbox 1757 193 1819 220; x_wconf 82' lang='grc' dir='ltr'>προ-</span> 
     </span>
    </p>
   </div>
   <div class='ocr_carea' id='block_1_6' title="bbox 187 225 980 264">
    <p class='ocr_par' dir='ltr' id='par_1_6' title="bbox 187 225 980 264">
     <span class='ocr_line' id='line_1_6' title="bbox 187 225 980 264; baseline 0.003 -10"><span class='ocrx_word' id='word_1_21' title='bbox 187 226 279 254; x_wconf 78' lang='lat' dir='ltr'><strong>verbis</strong></span> <span class='ocrx_word' id='word_1_22' title='bbox 306 225 431 254; x_wconf 78' lang='lat' dir='ltr'><strong>Salvator</strong></span> <span class='ocrx_word' id='word_1_23' title='bbox 452 234 515 254; x_wconf 89' lang='lat' dir='ltr'><strong>eum</strong></span> <span class='ocrx_word' id='word_1_24' title='bbox 544 228 591 262; x_wconf 89' lang='lat' dir='ltr'><strong>qui</strong></span> <span class='ocrx_word' id='word_1_25' title='bbox 618 228 708 263; x_wconf 89' lang='lat' dir='ltr'><strong>ipsum</strong></span> <span class='ocrx_word' id='word_1_26' title='bbox 726 236 757 257; x_wconf 81' lang='lat' dir='ltr'><strong>ex</strong></span> <span class='ocrx_word' id='word_1_27' title='bbox 777 229 980 264; x_wconf 89' lang='lat' dir='ltr'><strong>irreprehensi-</strong></span> 
     </span>
    </p>
   </div>
   <div class='ocr_carea' id='block_1_7' title="bbox 189 272 979 310">
    <p class='ocr_par' dir='ltr' id='par_1_7' title="bbox 189 272 979 310">
     <span class='ocr_line' id='line_1_7' title="bbox 189 272 979 310; baseline 0.004 -11"><span class='ocrx_word' id='word_1_28' title='bbox 189 272 291 302; x_wconf 86' lang='lat' dir='ltr'><strong>bilibus</strong></span> <span class='ocrx_word' id='word_1_29' title='bbox 307 272 515 300; x_wconf 83' lang='lat' dir='ltr'><strong>inﬁrmitatibus</strong></span> <span class='ocrx_word' id='word_1_30' title='bbox 528 273 699 308; x_wconf 87' lang='lat' dir='ltr'><strong>blasphemat</strong></span> <span class='ocrx_word' id='word_1_31' title='bbox 715 279 742 302; x_wconf 88' lang='lat' dir='ltr'><strong>et</strong></span> <span class='ocrx_word' id='word_1_32' title='bbox 755 275 850 302; x_wconf 88' lang='lat' dir='ltr'><strong>irridet</strong></span> <span class='ocrx_word' id='word_1_33' title='bbox 866 278 880 307; x_wconf 72' lang='grc' dir='ltr'>ς’</span> <span class='ocrx_word' id='word_1_34' title='bbox 896 283 921 301; x_wconf 84' lang='lat' dir='ltr'><strong>v.</strong></span> <span class='ocrx_word' id='word_1_35' title='bbox 938 283 979 310; x_wconf 81' lang='lat' dir='ltr'><strong>gr.</strong></span> 
     </span>
    </p>
   </div>
   <div class='ocr_carea' id='block_1_8' title="bbox 189 318 991 354">
    <p class='ocr_par' dir='ltr' id='par_1_8' title="bbox 189 318 991 354">
     <span class='ocr_line' id='line_1_8' title="bbox 189 318 991 354; baseline 0.005 -9"><span class='ocrx_word' id='word_1_36' title='bbox 189 318 260 353; x_wconf 89' lang='lat' dir='ltr'><strong>quod</strong></span> <span class='ocrx_word' id='word_1_37' title='bbox 276 319 384 350; x_wconf 85' lang='lat' dir='ltr'><strong>esuriit,</strong></span> <span class='ocrx_word' id='word_1_38' title='bbox 412 319 508 352; x_wconf 71' lang='lat' dir='ltr'><strong>sitivit,</strong></span> <span class='ocrx_word' id='word_1_39' title='bbox 536 320 694 354; x_wconf 83' lang='lat' dir='ltr'><strong>passionem</strong></span> <span class='ocrx_word' id='word_1_40' title='bbox 711 320 909 353; x_wconf 79' lang='lat' dir='ltr'><strong>rcformidarit,</strong></span> <span class='ocrx_word' id='word_1_41' title='bbox 936 329 991 349; x_wconf 88' lang='lat' dir='ltr'><strong>su--</strong></span> 
     </span>
    </p>
   </div>
   <div class='ocr_carea' id='block_1_9' title="bbox 189 362 980 401">
    <p class='ocr_par' dir='ltr' id='par_1_9' title="bbox 189 362 980 401">
     <span class='ocr_line' id='line_1_9' title="bbox 189 362 980 401; baseline 0.004 -12"><span class='ocrx_word' id='word_1_42' title='bbox 189 363 271 390; x_wconf 88' lang='lat' dir='ltr'><strong>dores</strong></span> <span class='ocrx_word' id='word_1_43' title='bbox 286 362 363 389; x_wconf 90' lang='lat' dir='ltr'><strong>illum</strong></span> <span class='ocrx_word' id='word_1_44' title='bbox 389 362 589 401; x_wconf 81' lang='lat' dir='ltr'><strong>irroraverunt,</strong></span> <span class='ocrx_word' id='word_1_45' title='bbox 617 365 696 391; x_wconf 84' lang='lat' dir='ltr'><strong>valde</strong></span> <span class='ocrx_word' id='word_1_46' title='bbox 723 365 828 393; x_wconf 87' lang='lat' dir='ltr'><strong>tristem</strong></span> <span class='ocrx_word' id='word_1_47' title='bbox 851 373 880 394; x_wconf 90' lang='lat' dir='ltr'><strong>se</strong></span> <span class='ocrx_word' id='word_1_48' title='bbox 901 366 980 399; x_wconf 79' lang='lat' dir='ltr'><strong>dixit,</strong></span> 
     </span>
    </p>
   </div>
   <div class='ocr_carea' id='block_1_10' title="bbox 190 409 981 446">
    <p class='ocr_par' dir='ltr' id='par_1_10' title="bbox 190 409 981 446">
     <span class='ocr_line' id='line_1_10' title="bbox 190 409 981 446; baseline 0.004 -10"><span class='ocrx_word' id='word_1_49' title='bbox 190 409 286 436; x_wconf 88' lang='lat' dir='ltr'><strong>mortis</strong></span> <span class='ocrx_word' id='word_1_50' title='bbox 305 409 402 437; x_wconf 87' lang='lat' dir='ltr'><strong>timore</strong></span> <span class='ocrx_word' id='word_1_51' title='bbox 430 409 564 437; x_wconf 83' lang='lat' dir='ltr'><strong>exhibens</strong></span> <span class='ocrx_word' id='word_1_52' title='bbox 593 412 759 443; x_wconf 83' lang='lat' dir='ltr'><strong>molestiam.</strong></span> <span class='ocrx_word' id='word_1_53' title='bbox 784 412 857 446; x_wconf 89' lang='lat' dir='ltr'><strong>quod</strong></span> <span class='ocrx_word' id='word_1_54' title='bbox 882 412 981 444; x_wconf 82' lang='lat' dir='ltr'><strong>oravit,</strong></span> 
     </span>
    </p>
   </div>
   <div class='ocr_carea' id='block_1_11' title="bbox 190 455 983 493">
    <p class='ocr_par' dir='ltr' id='par_1_11' title="bbox 190 455 983 493">
     <span class='ocr_line' id='line_1_11' title="bbox 190 455 983 493; baseline 0.005 -12"><span class='ocrx_word' id='word_1_55' title='bbox 190 455 263 489; x_wconf 89' lang='lat' dir='ltr'><strong>quod</strong></span> <span class='ocrx_word' id='word_1_56' title='bbox 287 455 474 490; x_wconf 87' lang='lat' dir='ltr'><strong>deprecatuus</strong></span> <span class='ocrx_word' id='word_1_57' title='bbox 490 462 532 483; x_wconf 89' lang='lat' dir='ltr'><strong>est</strong></span> <span class='ocrx_word' id='word_1_58' title='bbox 555 456 678 488; x_wconf 90' lang='lat' dir='ltr'><strong>calicem,</strong></span> <span class='ocrx_word' id='word_1_59' title='bbox 701 457 744 484; x_wconf 80' lang='lat' dir='ltr'><strong>his</strong></span> <span class='ocrx_word' id='word_1_60' title='bbox 768 458 895 485; x_wconf 81' lang='lat' dir='ltr'><strong>humanis</strong></span> <span class='ocrx_word' id='word_1_61' title='bbox 921 466 983 493; x_wconf 79' lang='lat' dir='ltr'><strong>pro-</strong></span> 
     </span>
    </p>
   </div>
   <div class='ocr_carea' id='block_1_12' title="bbox 191 494 983 538">
    <p class='ocr_par' dir='ltr' id='par_1_12' title="bbox 191 494 983 538">
     <span class='ocr_line' id='line_1_12' title="bbox 191 494 983 538; baseline 0.004 -11"><span class='ocrx_word' id='word_1_62' title='bbox 191 501 354 535; x_wconf 88' lang='lat' dir='ltr'><strong>prietatibus</strong></span> <span class='ocrx_word' id='word_1_63' title='bbox 370 501 416 535; x_wconf 90' lang='lat' dir='ltr'><strong>qui</strong></span> <span class='ocrx_word' id='word_1_64' title='bbox 435 494 650 528; x_wconf 81' lang='lat' dir='ltr'><strong>scandalizatum</strong></span> <span class='ocrx_word' id='word_1_65' title='bbox 665 502 748 528; x_wconf 80' lang='lat' dir='ltr'><strong>fuerit</strong></span> <span class='ocrx_word' id='word_1_66' title='bbox 766 507 792 529; x_wconf 89' lang='lat' dir='ltr'><strong>et</strong></span> <span class='ocrx_word' id='word_1_67' title='bbox 812 511 863 529; x_wconf 92' lang='lat' dir='ltr'><strong>una</strong></span> <span class='ocrx_word' id='word_1_68' title='bbox 883 503 916 530; x_wconf 86' lang='lat' dir='ltr'><strong>iis</strong></span> <span class='ocrx_word' id='word_1_69' title='bbox 935 511 983 538; x_wconf 91' lang='lat' dir='ltr'><strong>per</strong></span> 
     </span>
    </p>
   </div>
   <div class='ocr_carea' id='block_1_13' title="bbox 192 546 983 586">
    <p class='ocr_par' dir='ltr' id='par_1_13' title="bbox 192 546 983 586">
     <span class='ocr_line' id='line_1_13' title="bbox 192 546 983 586; baseline 0.004 -13"><span class='ocrx_word' id='word_1_70' title='bbox 192 554 253 581; x_wconf 71' lang='lat' dir='ltr'><strong>qua:</strong></span> <span class='ocrx_word' id='word_1_71' title='bbox 272 546 398 573; x_wconf 76' lang='lat' dir='ltr'><strong>Salvator</strong></span> <span class='ocrx_word' id='word_1_72' title='bbox 414 553 444 574; x_wconf 88' lang='lat' dir='ltr'><strong>se</strong></span> <span class='ocrx_word' id='word_1_73' title='bbox 461 554 522 574; x_wconf 85' lang='lat' dir='ltr'><strong>vere</strong></span> <span class='ocrx_word' id='word_1_74' title='bbox 542 546 641 586; x_wconf 85' lang='lat' dir='ltr'><strong>Filium</strong></span> <span class='ocrx_word' id='word_1_75' title='bbox 657 547 776 575; x_wconf 84' lang='lat' dir='ltr'><strong>hominis</strong></span> <span class='ocrx_word' id='word_1_76' title='bbox 786 555 845 575; x_wconf 85' lang='lat' dir='ltr'><strong>esse</strong></span> <span class='ocrx_word' id='word_1_77' title='bbox 855 548 983 584; x_wconf 75' lang='lat' dir='ltr'><strong>cognosci</strong></span> 
     </span>
    </p>
   </div>
   <div class='ocr_carea' id='block_1_14' title="bbox 192 591 984 629">
    <p class='ocr_par' dir='ltr' id='par_1_14' title="bbox 192 591 984 629">
     <span class='ocr_line' id='line_1_14' title="bbox 192 591 984 629; baseline 0.005 -11"><span class='ocrx_word' id='word_1_78' title='bbox 192 591 318 626; x_wconf 70' lang='lat' dir='ltr'><strong>praebuit,</strong></span> <span class='ocrx_word' id='word_1_79' title='bbox 335 592 358 618; x_wconf 90' lang='lat' dir='ltr'><strong>is</strong></span> <span class='ocrx_word' id='word_1_80' title='bbox 377 591 457 629; x_wconf 61' lang='lat' dir='ltr'><strong>facile</strong></span> <span class='ocrx_word' id='word_1_81' title='bbox 488 592 649 620; x_wconf 85' lang='lat' dir='ltr'><strong>scandalum</strong></span> <span class='ocrx_word' id='word_1_82' title='bbox 671 597 762 628; x_wconf 86' lang='lat' dir='ltr'><strong>potest</strong></span> <span class='ocrx_word' id='word_1_83' title='bbox 786 594 931 629; x_wconf 81' lang='lat' dir='ltr'><strong>projicere,</strong></span> <span class='ocrx_word' id='word_1_84' title='bbox 956 598 984 622; x_wconf 86' lang='lat' dir='ltr'><strong>ot</strong></span> 
     </span>
    </p>
   </div>
   <div class='ocr_carea' id='block_1_15' title="bbox 192 626 984 673">
    <p class='ocr_par' dir='ltr' id='par_1_15' title="bbox 192 626 984 673">
     <span class='ocr_line' id='line_1_15' title="bbox 192 626 984 673; baseline 0.006 -10"><span class='ocrx_word' id='word_1_85' title='bbox 192 626 391 671; x_wconf 80' lang='lat' dir='ltr'><strong>blasphemiam</strong></span> <span class='ocrx_word' id='word_1_86' title='bbox 414 637 517 672; x_wconf 84' lang='lat' dir='ltr'><strong>lugere,</strong></span> <span class='ocrx_word' id='word_1_87' title='bbox 533 643 560 665; x_wconf 94' lang='lat' dir='ltr'><strong>et</strong></span> <span class='ocrx_word' id='word_1_88' title='bbox 585 626 687 673; x_wconf 75' lang='lat' dir='ltr'><strong>peccati</strong></span> <span class='ocrx_word' id='word_1_89' title='bbox 707 626 897 667; x_wconf 66' lang='lat' dir='ltr'><strong>remissionem</strong></span> <span class='ocrx_word' id='word_1_90' title='bbox 911 640 984 668; x_wconf 86' lang='lat' dir='ltr'><strong>acci-</strong></span> 
     </span>
    </p>
   </div>
   <div class='ocr_carea' id='block_1_16' title="bbox 193 678 985 719">
    <p class='ocr_par' dir='ltr' id='par_1_16' title="bbox 193 678 985 719">
     <span class='ocr_line' id='line_1_16' title="bbox 193 678 985 719; baseline 0.006 -11"><span class='ocrx_word' id='word_1_91' title='bbox 193 678 270 716; x_wconf 82' lang='lat' dir='ltr'><strong>pere,</strong></span> <span class='ocrx_word' id='word_1_92' title='bbox 288 689 425 710; x_wconf 78' lang='lat' dir='ltr'><strong>caecorum</strong></span> <span class='ocrx_word' id='word_1_93' title='bbox 437 683 533 711; x_wconf 84' lang='lat' dir='ltr'><strong>videns</strong></span> <span class='ocrx_word' id='word_1_94' title='bbox 545 684 641 712; x_wconf 87' lang='lat' dir='ltr'><strong>oculos</strong></span> <span class='ocrx_word' id='word_1_95' title='bbox 654 684 736 712; x_wconf 87' lang='lat' dir='ltr'><strong>verbo</strong></span> <span class='ocrx_word' id='word_1_96' title='bbox 748 689 896 719; x_wconf 84' lang='lat' dir='ltr'><strong>recreatos,</strong></span> <span class='ocrx_word' id='word_1_97' title='bbox 907 681 985 713; x_wconf 54' lang='lat' dir='ltr'><strong>elau-</strong></span> 
     </span>
    </p>
   </div>
   <div class='ocr_carea' id='block_1_17' title="bbox 193 727 984 766">
    <p class='ocr_par' dir='ltr' id='par_1_17' title="bbox 193 727 984 766">
     <span class='ocr_line' id='line_1_17' title="bbox 193 727 984 766; baseline 0.006 -12"><span class='ocrx_word' id='word_1_98' title='bbox 193 727 244 755; x_wconf 88' lang='lat' dir='ltr'><strong>dos</strong></span> <span class='ocrx_word' id='word_1_99' title='bbox 258 735 342 755; x_wconf 83' lang='lat' dir='ltr'><strong>cursu</strong></span> <span class='ocrx_word' id='word_1_100' title='bbox 378 727 500 756; x_wconf 88' lang='lat' dir='ltr'><strong>dolorem</strong></span> <span class='ocrx_word' id='word_1_101' title='bbox 528 728 739 765; x_wconf 63' lang='lat' dir='ltr'><strong>redarguentes’,</strong></span> <span class='ocrx_word' id='word_1_102' title='bbox 769 731 984 766; x_wconf 78' lang='lat' dir='ltr'><strong>quatriduanum</strong></span> 
     </span>
    </p>
   </div>
   <div class='ocr_carea' id='block_1_18' title="bbox 193 773 984 812">
    <p class='ocr_par' dir='ltr' id='par_1_18' title="bbox 193 773 984 812">
     <span class='ocr_line' id='line_1_18' title="bbox 193 773 984 812; baseline 0.006 -13"><span class='ocrx_word' id='word_1_103' title='bbox 193 773 445 801; x_wconf 54' lang='lat' dir='ltr'><strong>morlunm&#39;mortis</strong></span> <span class='ocrx_word' id='word_1_104' title='bbox 456 774 605 808; x_wconf 85' lang='lat' dir='ltr'><strong>potentiam</strong></span> <span class='ocrx_word' id='word_1_105' title='bbox 620 774 765 809; x_wconf 86' lang='lat' dir='ltr'><strong>ridentem,</strong></span> <span class='ocrx_word' id='word_1_106' title='bbox 796 781 823 804; x_wconf 89' lang='lat' dir='ltr'><strong>et</strong></span> <span class='ocrx_word' id='word_1_107' title='bbox 852 785 984 812; x_wconf 58' lang='lat' dir='ltr'><strong>quaecun-</strong></span> 
     </span>
    </p>
   </div>
   <div class='ocr_carea' id='block_1_19' title="bbox 193 812 984 853">
    <p class='ocr_par' dir='ltr' id='par_1_19' title="bbox 193 812 984 853">
     <span class='ocr_line' id='line_1_19' title="bbox 193 812 984 853; baseline 0.008 -8"><span class='ocrx_word' id='word_1_108' title='bbox 193 826 246 853; x_wconf 88' lang='lat' dir='ltr'><strong>que</strong></span> <span class='ocrx_word' id='word_1_109' title='bbox 259 819 311 846; x_wconf 87' lang='lat' dir='ltr'><strong>alia</strong></span> <span class='ocrx_word' id='word_1_110' title='bbox 327 812 418 846; x_wconf 76' lang='lat' dir='ltr'><strong>divina</strong></span> <span class='ocrx_word' id='word_1_111' title='bbox 439 820 540 848; x_wconf 82' lang='lat' dir='ltr'><strong>virtute</strong></span> <span class='ocrx_word' id='word_1_112' title='bbox 567 821 687 849; x_wconf 79' lang='lat' dir='ltr'><strong>elliciens</strong></span> <span class='ocrx_word' id='word_1_113' title='bbox 703 826 830 850; x_wconf 84' lang='lat' dir='ltr'><strong>ostensus</strong></span> <span class='ocrx_word' id='word_1_114' title='bbox 855 828 899 851; x_wconf 85' lang='lat' dir='ltr'><strong>est</strong></span> <span class='ocrx_word' id='word_1_115' title='bbox 923 823 984 851; x_wconf 88' lang='lat' dir='ltr'><strong>Sal-</strong></span> 
     </span>
    </p>
   </div>
   <div class='ocr_carea' id='block_1_20' title="bbox 192 853 1022 903">
    <p class='ocr_par' dir='ltr' id='par_1_20' title="bbox 192 853 1022 903">
     <span class='ocr_line' id='line_1_20' title="bbox 192 853 1022 903; baseline 0.007 -12"><span class='ocrx_word' id='word_1_116' title='bbox 192 869 279 892; x_wconf 88' lang='lat' dir='ltr'><strong>vator.</strong></span> <span class='ocrx_word' id='word_1_117' title='bbox 300 864 403 892; x_wconf 84' lang='lat' dir='ltr'><strong>Eorum</strong></span> <span class='ocrx_word' id='word_1_118' title='bbox 417 866 490 893; x_wconf 87' lang='lat' dir='ltr'><strong>enim</strong></span> <span class='ocrx_word' id='word_1_119' title='bbox 508 867 724 903; x_wconf 84' lang='lat' dir='ltr'><strong>unumquodque</strong></span> <span class='ocrx_word' id='word_1_120' title='bbox 753 863 808 895; x_wconf 60' lang='lat' dir='ltr'><strong>v&#39;im</strong></span> <span class='ocrx_word' id='word_1_121' title='bbox 834 868 915 897; x_wconf 84' lang='lat' dir='ltr'><strong>habet</strong></span> <span class='ocrx_word' id='word_1_122' title='bbox 939 870 983 897; x_wconf 91' lang='lat' dir='ltr'><strong>in-</strong></span> <span class='ocrx_word' id='word_1_123' title='bbox 1000 853 1022 880; x_wconf 74' lang='grc' dir='ltr'><strong>Β</strong></span> 
     </span>
    </p>
   </div>
   <div class='ocr_carea' id='block_1_21' title="bbox 191 909 981 943">
    <p class='ocr_par' dir='ltr' id='par_1_21' title="bbox 191 909 981 943">
     <span class='ocr_line' id='line_1_21' title="bbox 191 909 981 943; baseline 0.008 -7"><span class='ocrx_word' id='word_1_124' title='bbox 191 909 302 941; x_wconf 84' lang='lat' dir='ltr'><strong>victam,</strong></span> <span class='ocrx_word' id='word_1_125' title='bbox 330 911 546 939; x_wconf 63' lang='lat' dir='ltr'><strong>scandalizatum</strong></span> <span class='ocrx_word' id='word_1_126' title='bbox 572 913 594 939; x_wconf 83' lang='lat' dir='ltr'><strong>si</strong></span> <span class='ocrx_word' id='word_1_127' title='bbox 620 913 718 940; x_wconf 88' lang='lat' dir='ltr'><strong>saltem</strong></span> <span class='ocrx_word' id='word_1_128' title='bbox 744 921 798 941; x_wconf 88' lang='lat' dir='ltr'><strong>non</strong></span> <span class='ocrx_word' id='word_1_129' title='bbox 829 915 919 943; x_wconf 86' lang='lat' dir='ltr'><strong>malus</strong></span> <span class='ocrx_word' id='word_1_130' title='bbox 945 916 981 943; x_wconf 88' lang='lat' dir='ltr'><strong>sit</strong></span> 
     </span>
    </p>
   </div>
   <div class='ocr_carea' id='block_1_22' title="bbox 191 949 983 996">
    <p class='ocr_par' dir='ltr' id='par_1_22' title="bbox 191 949 983 996">
     <span class='ocr_line' id='line_1_22' title="bbox 191 949 983 996; baseline 0.01 -15"><span class='ocrx_word' id='word_1_131' title='bbox 191 949 280 983; x_wconf 79' lang='lat' dir='ltr'><strong>libens</strong></span> <span class='ocrx_word' id='word_1_132' title='bbox 299 953 325 983; x_wconf 73' lang='lat' dir='ltr'><strong>&#39;et</strong></span> <span class='ocrx_word' id='word_1_133' title='bbox 351 956 457 990; x_wconf 85' lang='lat' dir='ltr'><strong>volens,</strong></span> <span class='ocrx_word' id='word_1_134' title='bbox 471 957 505 984; x_wconf 85' lang='lat' dir='ltr'><strong>ab</strong></span> <span class='ocrx_word' id='word_1_135' title='bbox 518 965 612 994; x_wconf 82' lang='lat' dir='ltr'><strong>errore</strong></span> <span class='ocrx_word' id='word_1_136' title='bbox 644 963 672 986; x_wconf 89' lang='lat' dir='ltr'><strong>et</strong></span> <span class='ocrx_word' id='word_1_137' title='bbox 683 966 697 985; x_wconf 88' lang='lat' dir='ltr'><strong>a</strong></span> <span class='ocrx_word' id='word_1_138' title='bbox 713 959 871 994; x_wconf 85' lang='lat' dir='ltr'><strong>hlasphema</strong></span> <span class='ocrx_word' id='word_1_139' title='bbox 887 953 983 996; x_wconf 86' lang='lat' dir='ltr'><strong>dispo-</strong></span> 
     </span>
    </p>
   </div>
   <div class='ocr_carea' id='block_1_23' title="bbox 192 1000 984 1042">
    <p class='ocr_par' dir='ltr' id='par_1_23' title="bbox 192 1000 984 1042">
     <span class='ocr_line' id='line_1_23' title="bbox 192 1000 984 1042; baseline 0.01 -16"><span class='ocrx_word' id='word_1_140' title='bbox 192 1000 291 1027; x_wconf 83' lang='lat' dir='ltr'><strong>sitione</strong></span> <span class='ocrx_word' id='word_1_141' title='bbox 304 1000 449 1028; x_wconf 84' lang='lat' dir='ltr'><strong>liberandi.</strong></span> <span class='ocrx_word' id='word_1_142' title='bbox 469 1001 503 1028; x_wconf 87' lang='lat' dir='ltr'><strong>Et</strong></span> <span class='ocrx_word' id='word_1_143' title='bbox 523 1002 545 1029; x_wconf 88' lang='lat' dir='ltr'><strong>si</strong></span> <span class='ocrx_word' id='word_1_144' title='bbox 561 1002 655 1042; x_wconf 80' lang='lat' dir='ltr'><strong>omnia</strong></span> <span class='ocrx_word' id='word_1_145' title='bbox 673 1005 839 1038; x_wconf 77' lang='lat' dir='ltr'><strong>cogitatione</strong></span> <span class='ocrx_word' id='word_1_146' title='bbox 855 1011 984 1034; x_wconf 84' lang='lat' dir='ltr'><strong>accurate</strong></span> 
     </span>
    </p>
   </div>
   <div class='ocr_carea' id='block_1_24' title="bbox 191 1046 984 1085">
    <p class='ocr_par' dir='ltr' id='par_1_24' title="bbox 191 1046 984 1085">
     <span class='ocr_line' id='line_1_24' title="bbox 191 1046 984 1085; baseline 0.01 -12"><span class='ocrx_word' id='word_1_147' title='bbox 191 1046 338 1074; x_wconf 87' lang='lat' dir='ltr'><strong>meditatus</strong></span> <span class='ocrx_word' id='word_1_148' title='bbox 350 1052 403 1079; x_wconf 89' lang='lat' dir='ltr'><strong>est,</strong></span> <span class='ocrx_word' id='word_1_149' title='bbox 416 1048 555 1082; x_wconf 90' lang='lat' dir='ltr'><strong>quomodo</strong></span> <span class='ocrx_word' id='word_1_150' title='bbox 573 1056 626 1075; x_wconf 94' lang='lat' dir='ltr'><strong>non</strong></span> <span class='ocrx_word' id='word_1_151' title='bbox 643 1051 796 1085; x_wconf 86' lang='lat' dir='ltr'><strong>promptius</strong></span> <span class='ocrx_word' id='word_1_152' title='bbox 818 1051 894 1079; x_wconf 87' lang='lat' dir='ltr'><strong>illum</strong></span> <span class='ocrx_word' id='word_1_153' title='bbox 917 1060 984 1081; x_wconf 87' lang='lat' dir='ltr'><strong>con-</strong></span> 
     </span>
    </p>
   </div>
   <div class='ocr_carea' id='block_1_25' title="bbox 191 1093 984 1133">
    <p class='ocr_par' dir='ltr' id='par_1_25' title="bbox 191 1093 984 1133">
     <span class='ocr_line' id='line_1_25' title="bbox 191 1093 984 1133; baseline 0.01 -15"><span class='ocrx_word' id='word_1_154' title='bbox 191 1095 297 1119; x_wconf 86' lang='lat' dir='ltr'><strong>vertent</strong></span> <span class='ocrx_word' id='word_1_155' title='bbox 310 1093 356 1127; x_wconf 82' lang='lat' dir='ltr'><strong>qdi</strong></span> <span class='ocrx_word' id='word_1_156' title='bbox 374 1093 525 1121; x_wconf 88' lang='lat' dir='ltr'><strong>humilibus</strong></span> <span class='ocrx_word' id='word_1_157' title='bbox 536 1099 563 1121; x_wconf 84' lang='lat' dir='ltr'><strong>et</strong></span> <span class='ocrx_word' id='word_1_158' title='bbox 583 1094 712 1123; x_wconf 89' lang='lat' dir='ltr'><strong>humanis</strong></span> <span class='ocrx_word' id='word_1_159' title='bbox 736 1096 764 1123; x_wconf 94' lang='lat' dir='ltr'><strong>in</strong></span> <span class='ocrx_word' id='word_1_160' title='bbox 785 1097 984 1133; x_wconf 88' lang='lat' dir='ltr'><strong>blasphemiam</strong></span> 
     </span>
    </p>
   </div>
   <div class='ocr_carea' id='block_1_26' title="bbox 191 1139 983 1180">
    <p class='ocr_par' dir='ltr' id='par_1_26' title="bbox 191 1139 983 1180">
     <span class='ocr_line' id='line_1_26' title="bbox 191 1139 983 1180; baseline 0.01 -15"><span class='ocrx_word' id='word_1_161' title='bbox 191 1139 349 1167; x_wconf 83' lang='lat' dir='ltr'><strong>subtractus</strong></span> <span class='ocrx_word' id='word_1_162' title='bbox 367 1139 475 1167; x_wconf 81' lang='lat' dir='ltr'><strong>fuerit?</strong></span> <span class='ocrx_word' id='word_1_163' title='bbox 503 1140 555 1173; x_wconf 88' lang='lat' dir='ltr'><strong>Qui</strong></span> <span class='ocrx_word' id='word_1_164' title='bbox 571 1145 664 1168; x_wconf 86' lang='lat' dir='ltr'><strong>autem</strong></span> <span class='ocrx_word' id='word_1_165' title='bbox 687 1151 720 1170; x_wconf 72' lang='lat' dir='ltr'><strong>ex</strong></span> <span class='ocrx_word' id='word_1_166' title='bbox 734 1143 789 1171; x_wconf 89' lang='lat' dir='ltr'><strong>illis</strong></span> <span class='ocrx_word' id='word_1_167' title='bbox 804 1152 865 1180; x_wconf 66' lang='lat' dir='ltr'><strong>quae</strong></span> <span class='ocrx_word' id='word_1_168' title='bbox 890 1145 983 1173; x_wconf 89' lang='lat' dir='ltr'><strong>divina</strong></span> 
     </span>
    </p>
   </div>
   <div class='ocr_carea' id='block_1_27' title="bbox 190 1183 985 1226">
    <p class='ocr_par' dir='ltr' id='par_1_27' title="bbox 190 1183 985 1226">
     <span class='ocr_line' id='line_1_27' title="bbox 190 1183 985 1226; baseline 0.011 -16"><span class='ocrx_word' id='word_1_169' title='bbox 190 1188 218 1210; x_wconf 86' lang='lat' dir='ltr'><strong>et</strong></span> <span class='ocrx_word' id='word_1_170' title='bbox 235 1183 336 1211; x_wconf 81' lang='lat' dir='ltr'><strong>eximia</strong></span> <span class='ocrx_word' id='word_1_171' title='bbox 352 1189 417 1211; x_wconf 86' lang='lat' dir='ltr'><strong>sunt</strong></span> <span class='ocrx_word' id='word_1_172' title='bbox 430 1186 560 1220; x_wconf 87' lang='lat' dir='ltr'><strong>operibus</strong></span> <span class='ocrx_word' id='word_1_173' title='bbox 571 1187 740 1223; x_wconf 85' lang='lat' dir='ltr'><strong>blasphemia</strong></span> <span class='ocrx_word' id='word_1_174' title='bbox 752 1190 822 1217; x_wconf 88' lang='lat' dir='ltr'><strong>male</strong></span> <span class='ocrx_word' id='word_1_175' title='bbox 845 1192 940 1226; x_wconf 78' lang='lat' dir='ltr'><strong>egerit,</strong></span> <span class='ocrx_word' id='word_1_176' title='bbox 958 1197 985 1219; x_wconf 87' lang='lat' dir='ltr'><strong>ct</strong></span> 
     </span>
    </p>
   </div>
   <div class='ocr_carea' id='block_1_28' title="bbox 189 1230 983 1270">
    <p class='ocr_par' dir='ltr' id='par_1_28' title="bbox 189 1230 983 1270">
     <span class='ocr_line' id='line_1_28' title="bbox 189 1230 983 1270; baseline 0.013 -15"><span class='ocrx_word' id='word_1_177' title='bbox 189 1236 316 1264; x_wconf 63' lang='lat' dir='ltr'><strong>quaerens</strong></span> <span class='ocrx_word' id='word_1_178' title='bbox 328 1230 466 1265; x_wconf 92' lang='lat' dir='ltr'><strong>quomodo</strong></span> <span class='ocrx_word' id='word_1_179' title='bbox 481 1239 528 1266; x_wconf 87' lang='lat' dir='ltr'><strong>per</strong></span> <span class='ocrx_word' id='word_1_180' title='bbox 536 1233 636 1260; x_wconf 90' lang='lat' dir='ltr'><strong>bonum</strong></span> <span class='ocrx_word' id='word_1_181' title='bbox 652 1240 815 1269; x_wconf 79' lang='lat' dir='ltr'><strong>operaturus</strong></span> <span class='ocrx_word' id='word_1_182' title='bbox 823 1237 859 1264; x_wconf 90' lang='lat' dir='ltr'><strong>sit</strong></span> <span class='ocrx_word' id='word_1_183' title='bbox 871 1239 983 1270; x_wconf 84' lang='lat' dir='ltr'><strong>bonum,</strong></span> 
     </span>
    </p>
   </div>
   <div class='ocr_carea' id='block_1_29' title="bbox 189 1276 984 1312">
    <p class='ocr_par' dir='ltr' id='par_1_29' title="bbox 189 1276 984 1312">
     <span class='ocr_line' id='line_1_29' title="bbox 189 1276 984 1312; baseline 0.013 -11"><span class='ocrx_word' id='word_1_184' title='bbox 189 1279 218 1302; x_wconf 87' lang='lat' dir='ltr'><strong>et</strong></span> <span class='ocrx_word' id='word_1_185' title='bbox 237 1283 310 1303; x_wconf 88' lang='lat' dir='ltr'><strong>nunc</strong></span> <span class='ocrx_word' id='word_1_186' title='bbox 321 1276 430 1311; x_wconf 88' lang='lat' dir='ltr'><strong>quidem</strong></span> <span class='ocrx_word' id='word_1_187' title='bbox 442 1276 537 1305; x_wconf 78' lang='lat' dir='ltr'><strong>dicens</strong></span> <span class='ocrx_word' id='word_1_188' title='bbox 553 1286 615 1306; x_wconf 91' lang='lat' dir='ltr'><strong>cum</strong></span> <span class='ocrx_word' id='word_1_189' title='bbox 634 1279 728 1309; x_wconf 82' lang='lat' dir='ltr'><strong>Jesum</strong></span> <span class='ocrx_word' id='word_1_190' title='bbox 745 1282 818 1309; x_wconf 90' lang='lat' dir='ltr'><strong>videt</strong></span> <span class='ocrx_word' id='word_1_191' title='bbox 844 1283 984 1312; x_wconf 69' lang='lat' dir='ltr'><strong>dscmones</strong></span> 
     </span>
    </p>
   </div>
   <div class='ocr_carea' id='block_1_30' title="bbox 190 1321 983 1362">
    <p class='ocr_par' dir='ltr' id='par_1_30' title="bbox 190 1321 983 1362">
     <span class='ocr_line' id='line_1_30' title="bbox 190 1321 983 1362; baseline 0.013 -15"><span class='ocrx_word' id='word_1_192' title='bbox 190 1321 343 1356; x_wconf 80' lang='lat' dir='ltr'><strong>ejicientem</strong></span> <span class='ocrx_word' id='word_1_193' title='bbox 358 1331 365 1349; x_wconf 76' lang='grc' dir='ltr'><strong>ι</strong></span> <span class='ocrx_word' id='word_1_194' title='bbox 382 1332 392 1348; x_wconf 74' lang='grc' dir='ltr'>ί</span> <span class='ocrx_word' id='word_1_195' title='bbox 407 1322 577 1352; x_wconf 69' lang='grc' dir='ltr'>ῡωῐιιοιιίυηι</span> <span class='ocrx_word' id='word_1_196' title='bbox 594 1326 673 1354; x_wconf 84' lang='lat' dir='ltr'><strong>habet</strong></span> <span class='ocrx_word' id='word_1_197' title='bbox 688 1328 732 1361; x_wconf 73' lang='grc' dir='ltr'>ὐς</span> <span class='ocrx_word' id='word_1_198' title='bbox 747 1329 842 1362; x_wconf 72' lang='grc' dir='ltr'>»ζηυηο</span> <span class='ocrx_word' id='word_1_199' title='bbox 867 1334 958 1360; x_wconf 84' lang='lat' dir='ltr'><strong>autem</strong></span> <span class='ocrx_word' id='word_1_200' title='bbox 975 1339 983 1358; x_wconf 87' lang='lat'><strong>:</strong></span> 
     </span>
    </p>
   </div>
   <div class='ocr_carea' id='block_1_31' title="bbox 194 1367 1004 1409">
    <p class='ocr_par' dir='ltr' id='par_1_31' title="bbox 194 1367 1004 1409">
     <span class='ocr_line' id='line_1_31' title="bbox 194 1367 1004 1409; baseline 0.012 -16"><span class='ocrx_word' id='word_1_201' title='bbox 194 1375 204 1392; x_wconf 73' lang='grc' dir='ltr'><strong>ι</strong></span> <span class='ocrx_word' id='word_1_202' title='bbox 219 1367 249 1394; x_wconf 88' lang='lat' dir='ltr'><strong>In</strong></span> <span class='ocrx_word' id='word_1_203' title='bbox 268 1367 388 1403; x_wconf 89' lang='lat' dir='ltr'><strong>principe</strong></span> <span class='ocrx_word' id='word_1_204' title='bbox 395 1369 591 1398; x_wconf 59' lang='lat' dir='ltr'><strong>daemoniorum</strong></span> <span class='ocrx_word' id='word_1_205' title='bbox 605 1372 679 1406; x_wconf 81' lang='lat' dir='ltr'><strong>ejicit</strong></span> <span class='ocrx_word' id='word_1_206' title='bbox 691 1374 824 1401; x_wconf 82' lang='lat' dir='ltr'><strong>daemonia</strong></span> <span class='ocrx_word' id='word_1_207' title='bbox 837 1375 859 1390; x_wconf 73' lang='grc'><strong>⁷⁸</strong></span> <span class='ocrx_word' id='word_1_208' title='bbox 875 1383 900 1409; x_wconf 75' lang='grc' dir='ltr'>ς»</span> <span class='ocrx_word' id='word_1_209' title='bbox 912 1382 985 1403; x_wconf 85' lang='lat' dir='ltr'><strong>nunc</strong></span> <span class='ocrx_word' id='word_1_210' title='bbox 1001 1368 1004 1371; x_wconf 60' lang='grc'><em>’</em></span> 
     </span>
    </p>
   </div>
   <div class='ocr_carea' id='block_1_32' title="bbox 191 1414 983 1450">
    <p class='ocr_par' dir='ltr' id='par_1_32' title="bbox 191 1414 983 1450">
     <span class='ocr_line' id='line_1_32' title="bbox 191 1414 983 1450; baseline 0.013 -11"><span class='ocrx_word' id='word_1_211' title='bbox 191 1417 294 1446; x_wconf 83' lang='lat' dir='ltr'><strong>autem,</strong></span> <span class='ocrx_word' id='word_1_212' title='bbox 306 1421 371 1441; x_wconf 87' lang='lat' dir='ltr'><strong>cum</strong></span> <span class='ocrx_word' id='word_1_213' title='bbox 381 1414 404 1442; x_wconf 88' lang='lat' dir='ltr'><strong>ei</strong></span> <span class='ocrx_word' id='word_1_214' title='bbox 421 1423 503 1450; x_wconf 87' lang='lat' dir='ltr'><strong>quem</strong></span> <span class='ocrx_word' id='word_1_215' title='bbox 515 1417 575 1445; x_wconf 89' lang='lat' dir='ltr'><strong>visu</strong></span> <span class='ocrx_word' id='word_1_216' title='bbox 586 1418 715 1447; x_wconf 86' lang='lat' dir='ltr'><strong>nativitas</strong></span> <span class='ocrx_word' id='word_1_217' title='bbox 728 1420 874 1448; x_wconf 82' lang='lat' dir='ltr'><strong>orbaverat</strong></span> <span class='ocrx_word' id='word_1_218' title='bbox 889 1422 983 1449; x_wconf 88' lang='lat' dir='ltr'><strong>oculos</strong></span> 
     </span>
    </p>
   </div>
   <div class='ocr_carea' id='block_1_33' title="bbox 191 1458 984 1501">
    <p class='ocr_par' dir='ltr' id='par_1_33' title="bbox 191 1458 984 1501">
     <span class='ocr_line' id='line_1_33' title="bbox 191 1458 984 1501; baseline 0.014 -16"><span class='ocrx_word' id='word_1_219' title='bbox 191 1458 378 1492; x_wconf 84' lang='lat' dir='ltr'><strong>reformasset,</strong></span> <span class='ocrx_word' id='word_1_220' title='bbox 394 1469 457 1488; x_wconf 89' lang='lat' dir='ltr'><strong>eum</strong></span> <span class='ocrx_word' id='word_1_221' title='bbox 471 1463 621 1497; x_wconf 89' lang='lat' dir='ltr'><strong>opprobrio</strong></span> <span class='ocrx_word' id='word_1_222' title='bbox 634 1472 805 1501; x_wconf 87' lang='lat' dir='ltr'><strong>persequens</strong></span> <span class='ocrx_word' id='word_1_223' title='bbox 818 1472 844 1494; x_wconf 92' lang='lat' dir='ltr'><strong>et</strong></span> <span class='ocrx_word' id='word_1_224' title='bbox 865 1468 984 1496; x_wconf 82' lang='lat' dir='ltr'><strong>miracu-</strong></span> 
     </span>
    </p>
   </div>
   <div class='ocr_carea' id='block_1_34' title="bbox 1033 230 1818 268">
    <p class='ocr_par' dir='ltr' id='par_1_34' title="bbox 1033 230 1818 268">
     <span class='ocr_line' id='line_1_34' title="bbox 1033 230 1818 268; baseline -0.004 -9"><span class='ocrx_word' id='word_1_225' title='bbox 1033 234 1167 268; x_wconf 76' lang='grc' dir='ltr'><strong>κειμένων</strong></span> <span class='ocrx_word' id='word_1_226' title='bbox 1183 232 1313 268; x_wconf 72' lang='grc' dir='ltr'>ῥημάτων</span> <span class='ocrx_word' id='word_1_227' title='bbox 1329 233 1343 258; x_wconf 85' lang='grc' dir='ltr'>ὁ</span> <span class='ocrx_word' id='word_1_228' title='bbox 1353 231 1566 266; x_wconf 79' lang='grc' dir='ltr'>Σωτὴρ,ὅτιάπὺ</span> <span class='ocrx_word' id='word_1_229' title='bbox 1579 231 1632 257; x_wconf 85' lang='grc' dir='ltr'><strong>τῶν</strong></span> <span class='ocrx_word' id='word_1_230' title='bbox 1647 230 1818 265; x_wconf 75' lang='grc' dir='ltr'>ἀνθρωπίνων</span> 
     </span>
    </p>
   </div>
   <div class='ocr_carea' id='block_1_35' title="bbox 1033 276 1819 314">
    <p class='ocr_par' dir='ltr' id='par_1_35' title="bbox 1033 276 1819 314">
     <span class='ocr_line' id='line_1_35' title="bbox 1033 276 1819 314; baseline -0.004 -9"><span class='ocrx_word' id='word_1_231' title='bbox 1033 279 1159 314; x_wconf 68' lang='grc' dir='ltr'>πράξεων</span> <span class='ocrx_word' id='word_1_232' title='bbox 1176 278 1223 305; x_wconf 83' lang='grc' dir='ltr'>τοῦ</span> <span class='ocrx_word' id='word_1_233' title='bbox 1244 278 1309 304; x_wconf 80' lang='grc' dir='ltr'>Υἱοῦ</span> <span class='ocrx_word' id='word_1_234' title='bbox 1321 277 1367 305; x_wconf 77' lang='grc' dir='ltr'>τοῦ</span> <span class='ocrx_word' id='word_1_235' title='bbox 1376 278 1531 314; x_wconf 83' lang='grc' dir='ltr'>ἀνθρώπου,</span> <span class='ocrx_word' id='word_1_236' title='bbox 1547 277 1689 303; x_wconf 77' lang='grc' dir='ltr'><strong>τουτέστιν</strong></span> <span class='ocrx_word' id='word_1_237' title='bbox 1700 276 1754 303; x_wconf 74' lang='grc' dir='ltr'><strong>ἀπὸ</strong></span> <span class='ocrx_word' id='word_1_238' title='bbox 1769 277 1819 303; x_wconf 89' lang='grc' dir='ltr'><strong>τῶν</strong></span> 
     </span>
    </p>
   </div>
   <div class='ocr_carea' id='block_1_36' title="bbox 1032 323 1819 359">
    <p class='ocr_par' dir='ltr' id='par_1_36' title="bbox 1032 323 1819 359">
     <span class='ocr_line' id='line_1_36' title="bbox 1032 323 1819 359; baseline -0.004 -8"><span class='ocrx_word' id='word_1_239' title='bbox 1032 324 1202 359; x_wconf 77' lang='grc' dir='ltr'>ἁδιαϐλήτων</span> <span class='ocrx_word' id='word_1_240' title='bbox 1216 323 1310 351; x_wconf 85' lang='grc' dir='ltr'>παθῶν</span> <span class='ocrx_word' id='word_1_241' title='bbox 1323 324 1491 358; x_wconf 81' lang='grc' dir='ltr'><strong>βλασφημῶν</strong></span> <span class='ocrx_word' id='word_1_242' title='bbox 1513 323 1595 349; x_wconf 70' lang='grc' dir='ltr'>αὺτῖιν</span> <span class='ocrx_word' id='word_1_243' title='bbox 1610 323 1657 349; x_wconf 78' lang='grc' dir='ltr'>καὶ</span> <span class='ocrx_word' id='word_1_244' title='bbox 1676 323 1819 358; x_wconf 79' lang='grc' dir='ltr'>διασύρων,</span> 
     </span>
    </p>
   </div>
   <div class='ocr_carea' id='block_1_37' title="bbox 1034 363 1819 408">
    <p class='ocr_par' dir='ltr' id='par_1_37' title="bbox 1034 363 1819 408">
     <span class='ocr_line' id='line_1_37' title="bbox 1034 363 1819 408; baseline -0.003 -12"><span class='ocrx_word' id='word_1_245' title='bbox 1034 368 1090 408; x_wconf 75' lang='grc' dir='ltr'>οἷον</span> <span class='ocrx_word' id='word_1_246' title='bbox 1108 370 1149 396; x_wconf 80' lang='grc' dir='ltr'>ὅτι</span> <span class='ocrx_word' id='word_1_247' title='bbox 1160 370 1316 402; x_wconf 67' lang='grc' dir='ltr'>ἐπείνασεν,</span> <span class='ocrx_word' id='word_1_248' title='bbox 1329 369 1468 404; x_wconf 72' lang='grc' dir='ltr'>ὲδίψησεν,</span> <span class='ocrx_word' id='word_1_249' title='bbox 1477 369 1518 395; x_wconf 81' lang='grc' dir='ltr'>ὅτι</span> <span class='ocrx_word' id='word_1_250' title='bbox 1529 369 1558 395; x_wconf 77' lang='grc' dir='ltr'>τὸ</span> <span class='ocrx_word' id='word_1_251' title='bbox 1567 363 1652 400; x_wconf 67' lang='grc' dir='ltr'>πάθος</span> <span class='ocrx_word' id='word_1_252' title='bbox 1659 368 1819 404; x_wconf 78' lang='grc' dir='ltr'>ἠγωνίασεν,</span> 
     </span>
    </p>
   </div>
   <div class='ocr_carea' id='block_1_38' title="bbox 1033 410 1820 452">
    <p class='ocr_par' dir='ltr' id='par_1_38' title="bbox 1033 410 1820 452">
     <span class='ocr_line' id='line_1_38' title="bbox 1033 410 1820 452; baseline -0.003 -10"><span class='ocrx_word' id='word_1_253' title='bbox 1033 416 1074 442; x_wconf 84' lang='grc' dir='ltr'>ὃτι</span> <span class='ocrx_word' id='word_1_254' title='bbox 1089 415 1202 452; x_wconf 72' lang='grc' dir='ltr'>ἱδρῶτες</span> <span class='ocrx_word' id='word_1_255' title='bbox 1219 415 1300 442; x_wconf 73' lang='grc' dir='ltr'>αὑτὸν</span> <span class='ocrx_word' id='word_1_256' title='bbox 1315 415 1504 450; x_wconf 77' lang='grc' dir='ltr'>περιέσταζον,</span> <span class='ocrx_word' id='word_1_257' title='bbox 1518 415 1559 441; x_wconf 76' lang='grc' dir='ltr'>ὅτι</span> <span class='ocrx_word' id='word_1_258' title='bbox 1575 414 1722 449; x_wconf 81' lang='grc' dir='ltr'>περίλυπον</span> <span class='ocrx_word' id='word_1_259' title='bbox 1730 410 1820 440; x_wconf 64' lang='grc' dir='ltr'>ἑαυτὸν</span> 
     </span>
    </p>
   </div>
   <div class='ocr_carea' id='block_1_39' title="bbox 1034 454 1820 499">
    <p class='ocr_par' dir='ltr' id='par_1_39' title="bbox 1034 454 1820 499">
     <span class='ocr_line' id='line_1_39' title="bbox 1034 454 1820 499; baseline -0.003 -13"><span class='ocrx_word' id='word_1_260' title='bbox 1034 460 1111 494; x_wconf 78' lang='grc' dir='ltr'>ἔλεγε</span> <span class='ocrx_word' id='word_1_261' title='bbox 1122 460 1160 496; x_wconf 85' lang='grc' dir='ltr'>τῷ</span> <span class='ocrx_word' id='word_1_262' title='bbox 1177 460 1230 487; x_wconf 80' lang='grc' dir='ltr'>τοῦ.</span> <span class='ocrx_word' id='word_1_263' title='bbox 1242 460 1358 487; x_wconf 83' lang='grc' dir='ltr'>θανάτου</span> <span class='ocrx_word' id='word_1_264' title='bbox 1370 460 1448 495; x_wconf 79' lang='grc' dir='ltr'>φόϐῳ</span> <span class='ocrx_word' id='word_1_265' title='bbox 1467 459 1572 494; x_wconf 84' lang='grc' dir='ltr'>διοχλού</span> <span class='ocrx_word' id='word_1_266' title='bbox 1577 467 1668 494; x_wconf 84' lang='grc' dir='ltr'>μενος,</span> <span class='ocrx_word' id='word_1_267' title='bbox 1674 459 1718 499; x_wconf 69' lang='grc' dir='ltr'>ῥτι</span> <span class='ocrx_word' id='word_1_268' title='bbox 1742 454 1820 494; x_wconf 80' lang='grc' dir='ltr'>προσ-</span> 
     </span>
    </p>
   </div>
   <div class='ocr_carea' id='block_1_40' title="bbox 1034 502 1820 541">
    <p class='ocr_par' dir='ltr' id='par_1_40' title="bbox 1034 502 1820 541">
     <span class='ocr_line' id='line_1_40' title="bbox 1034 502 1820 541; baseline -0.004 -9"><span class='ocrx_word' id='word_1_269' title='bbox 1034 505 1143 540; x_wconf 80' lang='grc' dir='ltr'>ηὐχετο,</span> <span class='ocrx_word' id='word_1_270' title='bbox 1158 506 1199 532; x_wconf 82' lang='grc' dir='ltr'>ὅτι</span> <span class='ocrx_word' id='word_1_271' title='bbox 1214 507 1364 541; x_wconf 82' lang='grc' dir='ltr'>παρῃτεῖτο</span> <span class='ocrx_word' id='word_1_272' title='bbox 1378 505 1408 532; x_wconf 78' lang='grc' dir='ltr'><strong>τὸ</strong></span> <span class='ocrx_word' id='word_1_273' title='bbox 1423 505 1554 541; x_wconf 83' lang='grc' dir='ltr'>ποτήριον</span> <span class='ocrx_word' id='word_1_274' title='bbox 1564 512 1571 518; x_wconf 93' lang='grc'><strong>·</strong></span> <span class='ocrx_word' id='word_1_275' title='bbox 1585 505 1617 531; x_wconf 81' lang='grc' dir='ltr'>ὲκ</span> <span class='ocrx_word' id='word_1_276' title='bbox 1631 503 1734 530; x_wconf 82' lang='grc' dir='ltr'>τούτων</span> <span class='ocrx_word' id='word_1_277' title='bbox 1748 502 1820 530; x_wconf 74' lang='grc' dir='ltr'><strong>οὖνὸ</strong></span> 
     </span>
    </p>
   </div>
   <div class='ocr_carea' id='block_1_41' title="bbox 1035 546 1820 586">
    <p class='ocr_par' dir='ltr' id='par_1_41' title="bbox 1035 546 1820 586">
     <span class='ocr_line' id='line_1_41' title="bbox 1035 546 1820 586; baseline -0.003 -9"><span class='ocrx_word' id='word_1_278' title='bbox 1035 550 1277 585; x_wconf 80' lang='grc' dir='ltr'>σκανδαλιζόμενος</span> <span class='ocrx_word' id='word_1_279' title='bbox 1293 551 1347 578; x_wconf 83' lang='grc' dir='ltr'><strong>τῶν</strong></span> <span class='ocrx_word' id='word_1_280' title='bbox 1359 550 1550 586; x_wconf 82' lang='grc' dir='ltr'>ἀνθρωπίνων,</span> <span class='ocrx_word' id='word_1_281' title='bbox 1576 550 1623 577; x_wconf 73' lang='grc' dir='ltr'>καὶ</span> <span class='ocrx_word' id='word_1_282' title='bbox 1637 550 1671 576; x_wconf 82' lang='grc' dir='ltr'><strong>δι’</strong></span> <span class='ocrx_word' id='word_1_283' title='bbox 1688 546 1725 576; x_wconf 75' lang='grc' dir='ltr'>ὧν</span> <span class='ocrx_word' id='word_1_284' title='bbox 1741 550 1755 575; x_wconf 82' lang='grc' dir='ltr'><strong><em>ὁ</em></strong></span> <span class='ocrx_word' id='word_1_285' title='bbox 1768 549 1820 575; x_wconf 82' lang='grc' dir='ltr'><strong>Σω-</strong></span> 
     </span>
    </p>
   </div>
   <div class='ocr_carea' id='block_1_42' title="bbox 1034 590 1822 631">
    <p class='ocr_par' dir='ltr' id='par_1_42' title="bbox 1034 590 1822 631">
     <span class='ocr_line' id='line_1_42' title="bbox 1034 590 1822 631; baseline -0.004 -8"><span class='ocrx_word' id='word_1_286' title='bbox 1034 596 1086 631; x_wconf 81' lang='grc' dir='ltr'>τὴρ</span> <span class='ocrx_word' id='word_1_287' title='bbox 1104 596 1166 628; x_wconf 81' lang='grc' dir='ltr'><strong>Υἱὸς</strong></span> <span class='ocrx_word' id='word_1_288' title='bbox 1181 596 1288 631; x_wconf 83' lang='grc' dir='ltr'>ἀληθῶς</span> <span class='ocrx_word' id='word_1_289' title='bbox 1314 595 1459 631; x_wconf 76' lang='grc' dir='ltr'>ἀνθρώπου</span> <span class='ocrx_word' id='word_1_290' title='bbox 1492 597 1626 631; x_wconf 87' lang='grc' dir='ltr'>παρεῖχεν</span> <span class='ocrx_word' id='word_1_291' title='bbox 1647 590 1822 628; x_wconf 56' lang='grc' dir='ltr'>ἐπιγινώσκει</span> 
     </span>
    </p>
   </div>
   <div class='ocr_carea' id='block_1_43' title="bbox 1036 639 1822 681">
    <p class='ocr_par' dir='ltr' id='par_1_43' title="bbox 1036 639 1822 681">
     <span class='ocr_line' id='line_1_43' title="bbox 1036 639 1822 681; baseline -0.004 -12"><span class='ocrx_word' id='word_1_292' title='bbox 1036 642 1108 674; x_wconf 87' lang='grc' dir='ltr'>σθαι,</span> <span class='ocrx_word' id='word_1_293' title='bbox 1123 639 1203 674; x_wconf 73' lang='grc' dir='ltr'>οὗτος</span> <span class='ocrx_word' id='word_1_294' title='bbox 1218 642 1282 677; x_wconf 76' lang='grc' dir='ltr'>ῥᾷον</span> <span class='ocrx_word' id='word_1_295' title='bbox 1297 640 1409 681; x_wconf 69' lang='grc' dir='ltr'>δύναται</span> <span class='ocrx_word' id='word_1_296' title='bbox 1421 641 1498 677; x_wconf 80' lang='grc' dir='ltr'>ῥίψαι</span> <span class='ocrx_word' id='word_1_297' title='bbox 1511 641 1541 668; x_wconf 79' lang='grc' dir='ltr'><strong>τὸ</strong></span> <span class='ocrx_word' id='word_1_298' title='bbox 1557 641 1705 668; x_wconf 80' lang='grc' dir='ltr'>σκάνδαλον</span> <span class='ocrx_word' id='word_1_299' title='bbox 1719 640 1767 667; x_wconf 72' lang='grc' dir='ltr'>καὶ</span> <span class='ocrx_word' id='word_1_300' title='bbox 1778 640 1822 675; x_wconf 81' lang='grc' dir='ltr'><strong>τήν</strong></span> 
     </span>
    </p>
   </div>
   <div class='ocr_carea' id='block_1_44' title="bbox 1036 686 1822 724">
    <p class='ocr_par' dir='ltr' id='par_1_44' title="bbox 1036 686 1822 724">
     <span class='ocr_line' id='line_1_44' title="bbox 1036 686 1822 724; baseline -0.003 -9"><span class='ocrx_word' id='word_1_301' title='bbox 1036 688 1212 724; x_wconf 73' lang='grc' dir='ltr'><strong>βλασφημίαν</strong></span> <span class='ocrx_word' id='word_1_302' title='bbox 1227 688 1387 723; x_wconf 78' lang='grc' dir='ltr'>διαφυγεῖν,</span> <span class='ocrx_word' id='word_1_303' title='bbox 1417 688 1465 716; x_wconf 82' lang='grc' dir='ltr'>καὶ</span> <span class='ocrx_word' id='word_1_304' title='bbox 1487 688 1537 723; x_wconf 87' lang='grc' dir='ltr'><strong>τῆς</strong></span> <span class='ocrx_word' id='word_1_305' title='bbox 1568 688 1706 723; x_wconf 77' lang='grc' dir='ltr'>ἁμαρτίας</span> <span class='ocrx_word' id='word_1_306' title='bbox 1734 686 1822 714; x_wconf 87' lang='grc' dir='ltr'>λαϐεῖν</span> 
     </span>
    </p>
   </div>
   <div class='ocr_carea' id='block_1_45' title="bbox 1035 728 1824 769">
    <p class='ocr_par' dir='ltr' id='par_1_45' title="bbox 1035 728 1824 769">
     <span class='ocr_line' id='line_1_45' title="bbox 1035 728 1824 769; baseline -0.003 -9"><span class='ocrx_word' id='word_1_307' title='bbox 1035 734 1147 769; x_wconf 78' lang='grc' dir='ltr'>ἄφεσιν·</span> <span class='ocrx_word' id='word_1_308' title='bbox 1177 733 1296 769; x_wconf 79' lang='grc' dir='ltr'>τυφλοὺς</span> <span class='ocrx_word' id='word_1_309' title='bbox 1314 733 1386 769; x_wconf 82' lang='grc' dir='ltr'>ὁρῶν</span> <span class='ocrx_word' id='word_1_310' title='bbox 1406 733 1479 769; x_wconf 80' lang='grc' dir='ltr'>λόγῳ</span> <span class='ocrx_word' id='word_1_311' title='bbox 1500 728 1772 768; x_wconf 73' lang='grc' dir='ltr'>δημιουργουμένοιιξ</span> <span class='ocrx_word' id='word_1_312' title='bbox 1792 731 1824 758; x_wconf 87' lang='grc' dir='ltr'><strong>τὰ</strong></span> 
     </span>
    </p>
   </div>
   <div class='ocr_carea' id='block_1_46' title="bbox 1035 777 1824 814">
    <p class='ocr_par' dir='ltr' id='par_1_46' title="bbox 1035 777 1824 814">
     <span class='ocr_line' id='line_1_46' title="bbox 1035 777 1824 814; baseline -0.003 -9"><span class='ocrx_word' id='word_1_313' title='bbox 1035 778 1157 814; x_wconf 72' lang='grc' dir='ltr'>ὄμματα,</span> <span class='ocrx_word' id='word_1_314' title='bbox 1168 778 1270 814; x_wconf 80' lang='grc' dir='ltr'>χωλοὺς</span> <span class='ocrx_word' id='word_1_315' title='bbox 1281 778 1310 805; x_wconf 85' lang='grc' dir='ltr'>δὲ</span> <span class='ocrx_word' id='word_1_316' title='bbox 1317 778 1357 814; x_wconf 84' lang='grc' dir='ltr'>τῷ</span> <span class='ocrx_word' id='word_1_317' title='bbox 1366 778 1459 814; x_wconf 83' lang='grc' dir='ltr'>δρόμῳ</span> <span class='ocrx_word' id='word_1_318' title='bbox 1468 779 1498 805; x_wconf 77' lang='grc' dir='ltr'>τὸ</span> <span class='ocrx_word' id='word_1_319' title='bbox 1505 778 1590 810; x_wconf 82' lang='grc' dir='ltr'>πάθος</span> <span class='ocrx_word' id='word_1_320' title='bbox 1601 777 1773 812; x_wconf 75' lang='grc' dir='ltr'>ἐλέγχοντας,</span> <span class='ocrx_word' id='word_1_321' title='bbox 1783 777 1824 803; x_wconf 79' lang='grc' dir='ltr'><strong>τδν</strong></span> 
     </span>
    </p>
   </div>
   <div class='ocr_carea' id='block_1_47' title="bbox 1037 816 1824 860">
    <p class='ocr_par' dir='ltr' id='par_1_47' title="bbox 1037 816 1824 860">
     <span class='ocr_line' id='line_1_47' title="bbox 1037 816 1824 860; baseline -0.003 -9"><span class='ocrx_word' id='word_1_322' title='bbox 1037 825 1066 851; x_wconf 84' lang='grc' dir='ltr'>ὲν</span> <span class='ocrx_word' id='word_1_323' title='bbox 1089 826 1196 860; x_wconf 80' lang='grc' dir='ltr'>νεκροῖς</span> <span class='ocrx_word' id='word_1_324' title='bbox 1220 816 1381 860; x_wconf 76' lang='grc' dir='ltr'>τεταρταῖον</span> <span class='ocrx_word' id='word_1_325' title='bbox 1410 824 1458 851; x_wconf 79' lang='grc' dir='ltr'>τοῦ</span> <span class='ocrx_word' id='word_1_326' title='bbox 1485 824 1601 851; x_wconf 81' lang='grc' dir='ltr'>θανάτου</span> <span class='ocrx_word' id='word_1_327' title='bbox 1633 822 1824 857; x_wconf 74' lang='grc' dir='ltr'>καταγελῶντα</span> 
     </span>
    </p>
   </div>
   <div class='ocr_carea' id='block_1_48' title="bbox 1036 866 1824 909">
    <p class='ocr_par' dir='ltr' id='par_1_48' title="bbox 1036 866 1824 909">
     <span class='ocr_line' id='line_1_48' title="bbox 1036 866 1824 909; baseline -0.006 -11"><span class='ocrx_word' id='word_1_328' title='bbox 1036 870 1089 906; x_wconf 83' lang='grc' dir='ltr'>τὴν</span> <span class='ocrx_word' id='word_1_329' title='bbox 1099 870 1225 905; x_wconf 84' lang='grc' dir='ltr'>δύναμιν,</span> <span class='ocrx_word' id='word_1_330' title='bbox 1240 871 1288 898; x_wconf 74' lang='grc' dir='ltr'>καὶ</span> <span class='ocrx_word' id='word_1_331' title='bbox 1302 871 1352 898; x_wconf 80' lang='grc' dir='ltr'>ὅσα</span> <span class='ocrx_word' id='word_1_332' title='bbox 1364 870 1442 909; x_wconf 29' lang='grc' dir='ltr'>ἄλλα,</span> <span class='ocrx_word' id='word_1_333' title='bbox 1459 866 1598 905; x_wconf 81' lang='grc' dir='ltr'>θεου’ργῶν</span> <span class='ocrx_word' id='word_1_334' title='bbox 1616 869 1630 895; x_wconf 83' lang='grc' dir='ltr'><strong>ὁ</strong></span> <span class='ocrx_word' id='word_1_335' title='bbox 1650 868 1745 903; x_wconf 72' lang='grc' dir='ltr'>Σωτὴρ</span> <span class='ocrx_word' id='word_1_336' title='bbox 1762 867 1824 894; x_wconf 81' lang='grc' dir='ltr'>ἐδεί-</span> 
     </span>
    </p>
   </div>
   <div class='ocr_carea' id='block_1_49' title="bbox 1034 913 1825 952">
    <p class='ocr_par' dir='ltr' id='par_1_49' title="bbox 1034 913 1825 952">
     <span class='ocr_line' id='line_1_49' title="bbox 1034 913 1825 952; baseline -0.006 -8"><span class='ocrx_word' id='word_1_337' title='bbox 1034 925 1131 944; x_wconf 79' lang='grc' dir='ltr'>κνυτο’</span> <span class='ocrx_word' id='word_1_338' title='bbox 1147 917 1307 952; x_wconf 50' lang='grc' dir='ltr'>καὶτούτων</span> <span class='ocrx_word' id='word_1_339' title='bbox 1322 917 1372 952; x_wconf 72' lang='grc' dir='ltr'>μὲν</span> <span class='ocrx_word' id='word_1_340' title='bbox 1387 917 1441 952; x_wconf 85' lang='grc' dir='ltr'>γὰρ</span> <span class='ocrx_word' id='word_1_341' title='bbox 1449 916 1566 943; x_wconf 70' lang='grc' dir='ltr'>ἕκαστον</span> <span class='ocrx_word' id='word_1_342' title='bbox 1585 915 1691 950; x_wconf 75' lang='grc' dir='ltr'>ἄμαχον</span> <span class='ocrx_word' id='word_1_343' title='bbox 1704 914 1761 949; x_wconf 80' lang='grc' dir='ltr'>ἕχει</span> <span class='ocrx_word' id='word_1_344' title='bbox 1779 913 1825 949; x_wconf 80' lang='grc' dir='ltr'>τὴν</span> 
     </span>
    </p>
   </div>
   <div class='ocr_carea' id='block_1_50' title="bbox 1035 956 1824 997">
    <p class='ocr_par' dir='ltr' id='par_1_50' title="bbox 1035 956 1824 997">
     <span class='ocr_line' id='line_1_50' title="bbox 1035 956 1824 997; baseline -0.006 -7"><span class='ocrx_word' id='word_1_345' title='bbox 1035 963 1122 997; x_wconf 81' lang='grc' dir='ltr'>ίσχὺν,</span> <span class='ocrx_word' id='word_1_346' title='bbox 1146 962 1191 995; x_wconf 76' lang='grc' dir='ltr'>τὸν</span> <span class='ocrx_word' id='word_1_347' title='bbox 1210 959 1463 997; x_wconf 56' lang='grc' dir='ltr'>σκανδαλιζόᾴενον,</span> <span class='ocrx_word' id='word_1_348' title='bbox 1489 962 1522 988; x_wconf 80' lang='grc' dir='ltr'>ἂν</span> <span class='ocrx_word' id='word_1_349' title='bbox 1548 961 1602 995; x_wconf 75' lang='grc' dir='ltr'>ἄρα</span> <span class='ocrx_word' id='word_1_350' title='bbox 1673 959 1743 986; x_wconf 79' lang='grc' dir='ltr'>ἑκὼν</span> <span class='ocrx_word' id='word_1_351' title='bbox 1759 967 1824 986; x_wconf 76' lang='grc' dir='ltr'>κακ-</span> 
     </span>
    </p>
   </div>
   <div class='ocr_carea' id='block_1_51' title="bbox 1033 1004 1825 1044">
    <p class='ocr_par' dir='ltr' id='par_1_51' title="bbox 1033 1004 1825 1044">
     <span class='ocr_line' id='line_1_51' title="bbox 1033 1004 1825 1044; baseline -0.004 -10"><span class='ocrx_word' id='word_1_352' title='bbox 1033 1009 1135 1044; x_wconf 82' lang='grc' dir='ltr'>ουργῇ,-</span> <span class='ocrx_word' id='word_1_353' title='bbox 1159 1007 1315 1040; x_wconf 71' lang='grc' dir='ltr'>ἀπαλλάξαι</span> <span class='ocrx_word' id='word_1_354' title='bbox 1329 1008 1378 1043; x_wconf 83' lang='grc' dir='ltr'>τῆς</span> <span class='ocrx_word' id='word_1_355' title='bbox 1393 1007 1496 1042; x_wconf 77' lang='grc' dir='ltr'>πλάνης</span> <span class='ocrx_word' id='word_1_356' title='bbox 1504 1004 1825 1041; x_wconf 74' lang='grc' dir='ltr'>καὶτῆςβλασφημούσης</span> 
     </span>
    </p>
   </div>
   <div class='ocr_carea' id='block_1_52' title="bbox 1033 1050 1826 1090">
    <p class='ocr_par' dir='ltr' id='par_1_52' title="bbox 1033 1050 1826 1090">
     <span class='ocr_line' id='line_1_52' title="bbox 1033 1050 1826 1090; baseline -0.008 -9"><span class='ocrx_word' id='word_1_357' title='bbox 1033 1054 1183 1086; x_wconf 78' lang='grc' dir='ltr'><strong>διαθέσεως</strong></span> <span class='ocrx_word' id='word_1_358' title='bbox 1193 1061 1200 1068; x_wconf 93' lang='grc'><strong>·</strong></span> <span class='ocrx_word' id='word_1_359' title='bbox 1224 1053 1293 1088; x_wconf 81' lang='grc' dir='ltr'>ὁμοῦ</span> <span class='ocrx_word' id='word_1_360' title='bbox 1313 1053 1342 1080; x_wconf 75' lang='grc' dir='ltr'>δὲ</span> <span class='ocrx_word' id='word_1_361' title='bbox 1367 1053 1457 1079; x_wconf 83' lang='grc' dir='ltr'>πάντα</span> <span class='ocrx_word' id='word_1_362' title='bbox 1471 1054 1530 1086; x_wconf 82' lang='grc' dir='ltr'>ταῖς</span> <span class='ocrx_word' id='word_1_363' title='bbox 1545 1052 1676 1090; x_wconf 76' lang='grc' dir='ltr'>διανοίαις</span> <span class='ocrx_word' id='word_1_364' title='bbox 1690 1050 1826 1085; x_wconf 71' lang='grc' dir='ltr'>ἐπιμελῶς</span> 
     </span>
    </p>
   </div>
   <div class='ocr_carea' id='block_1_53' title="bbox 1035 1097 1827 1136">
    <p class='ocr_par' dir='ltr' id='par_1_53' title="bbox 1035 1097 1827 1136">
     <span class='ocr_line' id='line_1_53' title="bbox 1035 1097 1827 1136; baseline -0.005 -10"><span class='ocrx_word' id='word_1_365' title='bbox 1035 1099 1222 1136; x_wconf 80' lang='grc' dir='ltr'>μελετώμενα,</span> <span class='ocrx_word' id='word_1_366' title='bbox 1237 1099 1295 1131; x_wconf 86' lang='grc' dir='ltr'><strong>πῶς</strong></span> <span class='ocrx_word' id='word_1_367' title='bbox 1308 1100 1339 1126; x_wconf 83' lang='grc' dir='ltr'>οὐ</span> <span class='ocrx_word' id='word_1_368' title='bbox 1358 1099 1455 1126; x_wconf 86' lang='grc' dir='ltr'>θᾶττον</span> <span class='ocrx_word' id='word_1_369' title='bbox 1470 1099 1636 1134; x_wconf 78' lang='grc' dir='ltr'>μεταστήσει</span> <span class='ocrx_word' id='word_1_370' title='bbox 1655 1097 1724 1132; x_wconf 82' lang='grc' dir='ltr'>πρὸς</span> <span class='ocrx_word' id='word_1_371' title='bbox 1740 1097 1827 1126; x_wconf 72' lang='grc' dir='ltr'>θεολο-</span> 
     </span>
    </p>
   </div>
   <div class='ocr_carea' id='block_1_54' title="bbox 1034 1142 1828 1180">
    <p class='ocr_par' dir='ltr' id='par_1_54' title="bbox 1034 1142 1828 1180">
     <span class='ocr_line' id='line_1_54' title="bbox 1034 1142 1828 1180; baseline -0.006 -8"><span class='ocrx_word' id='word_1_372' title='bbox 1034 1145 1097 1180; x_wconf 87' lang='grc' dir='ltr'>γίαν</span> <span class='ocrx_word' id='word_1_373' title='bbox 1120 1145 1165 1171; x_wconf 79' lang='grc' dir='ltr'>τὸν</span> <span class='ocrx_word' id='word_1_374' title='bbox 1195 1145 1249 1172; x_wconf 80' lang='grc' dir='ltr'>ἀπὸ</span> <span class='ocrx_word' id='word_1_375' title='bbox 1274 1145 1328 1171; x_wconf 82' lang='grc' dir='ltr'><strong>τῶν</strong></span> <span class='ocrx_word' id='word_1_376' title='bbox 1354 1144 1491 1171; x_wconf 83' lang='grc' dir='ltr'>ταπεινῶν</span> <span class='ocrx_word' id='word_1_377' title='bbox 1514 1145 1562 1171; x_wconf 76' lang='grc' dir='ltr'><strong>καὶ</strong></span> <span class='ocrx_word' id='word_1_378' title='bbox 1590 1142 1771 1178; x_wconf 74' lang='grc' dir='ltr'>ἀνθρωπίνων</span> <span class='ocrx_word' id='word_1_379' title='bbox 1789 1142 1828 1171; x_wconf 83' lang='grc' dir='ltr'><strong>εἰς</strong></span> 
     </span>
    </p>
   </div>
   <div class='ocr_carea' id='block_1_55' title="bbox 1036 1187 1828 1227">
    <p class='ocr_par' dir='ltr' id='par_1_55' title="bbox 1036 1187 1828 1227">
     <span class='ocr_line' id='line_1_55' title="bbox 1036 1187 1828 1227; baseline -0.006 -9"><span class='ocrx_word' id='word_1_380' title='bbox 1036 1191 1212 1227; x_wconf 81' lang='grc' dir='ltr'>βλασφημίαν</span> <span class='ocrx_word' id='word_1_381' title='bbox 1242 1190 1463 1226; x_wconf 84' lang='grc' dir='ltr'>ὑποσυρόμενον;</span> <span class='ocrx_word' id='word_1_382' title='bbox 1485 1190 1514 1216; x_wconf 93' lang='lat'><strong>‘0</strong></span> <span class='ocrx_word' id='word_1_383' title='bbox 1535 1189 1565 1216; x_wconf 78' lang='grc' dir='ltr'>δὲ</span> <span class='ocrx_word' id='word_1_384' title='bbox 1586 1189 1641 1216; x_wconf 73' lang='grc' dir='ltr'>ἀπὸ</span> <span class='ocrx_word' id='word_1_385' title='bbox 1659 1188 1764 1220; x_wconf 84' lang='grc' dir='ltr'>τούτων</span> <span class='ocrx_word' id='word_1_386' title='bbox 1776 1187 1828 1213; x_wconf 88' lang='grc' dir='ltr'><strong>τῶν</strong></span> 
     </span>
    </p>
   </div>
   <div class='ocr_carea' id='block_1_56' title="bbox 1022 1231 1829 1272">
    <p class='ocr_par' dir='ltr' id='par_1_56' title="bbox 1022 1231 1829 1272">
     <span class='ocr_line' id='line_1_56' title="bbox 1022 1231 1829 1272; baseline -0.006 -9"><span class='ocrx_word' id='word_1_387' title='bbox 1022 1236 1196 1272; x_wconf 84' lang='grc' dir='ltr'>,θεοπρεπῶν</span> <span class='ocrx_word' id='word_1_388' title='bbox 1212 1243 1241 1262; x_wconf 87' lang='grc' dir='ltr'><strong>τε</strong></span> <span class='ocrx_word' id='word_1_389' title='bbox 1256 1235 1305 1261; x_wconf 77' lang='grc' dir='ltr'>καὶ</span> <span class='ocrx_word' id='word_1_390' title='bbox 1320 1235 1469 1270; x_wconf 73' lang='grc' dir='ltr'>ὑπερφυῶν</span> <span class='ocrx_word' id='word_1_391' title='bbox 1489 1234 1578 1270; x_wconf 72' lang='grc' dir='ltr'>ἔργων</span> <span class='ocrx_word' id='word_1_392' title='bbox 1595 1234 1635 1265; x_wconf 83' lang='grc' dir='ltr'>εις</span> <span class='ocrx_word' id='word_1_393' title='bbox 1652 1231 1829 1268; x_wconf 74' lang='grc' dir='ltr'>βλασφημίαν</span> 
     </span>
    </p>
   </div>
   <div class='ocr_carea' id='block_1_57' title="bbox 1035 1275 1829 1318">
    <p class='ocr_par' dir='ltr' id='par_1_57' title="bbox 1035 1275 1829 1318">
     <span class='ocr_line' id='line_1_57' title="bbox 1035 1275 1829 1318; baseline -0.006 -9"><span class='ocrx_word' id='word_1_394' title='bbox 1035 1282 1208 1318; x_wconf 85' lang='grc' dir='ltr'>κακουργῶν,</span> <span class='ocrx_word' id='word_1_395' title='bbox 1220 1281 1268 1308; x_wconf 87' lang='grc' dir='ltr'><strong>καὶ</strong></span> <span class='ocrx_word' id='word_1_396' title='bbox 1285 1275 1444 1316; x_wconf 73' lang='grc' dir='ltr'>σπουδᾶζων</span> <span class='ocrx_word' id='word_1_397' title='bbox 1470 1279 1544 1311; x_wconf 76' lang='grc' dir='ltr'>ὅπως</span> <span class='ocrx_word' id='word_1_398' title='bbox 1556 1279 1600 1306; x_wconf 75' lang='grc' dir='ltr'><strong>διὰ</strong></span> <span class='ocrx_word' id='word_1_399' title='bbox 1613 1279 1659 1306; x_wconf 74' lang='grc' dir='ltr'><strong>τοῦ</strong></span> <span class='ocrx_word' id='word_1_400' title='bbox 1674 1278 1782 1313; x_wconf 79' lang='grc' dir='ltr'><strong>ἀγαθοῦ</strong></span> <span class='ocrx_word' id='word_1_401' title='bbox 1800 1278 1829 1304; x_wconf 77' lang='grc' dir='ltr'>τὸ</span> 
     </span>
    </p>
   </div>
   <div class='ocr_carea' id='block_1_58' title="bbox 1035 1322 1830 1363">
    <p class='ocr_par' dir='ltr' id='par_1_58' title="bbox 1035 1322 1830 1363">
     <span class='ocr_line' id='line_1_58' title="bbox 1035 1322 1830 1363; baseline -0.008 -8"><span class='ocrx_word' id='word_1_402' title='bbox 1035 1328 1136 1363; x_wconf 83' lang='grc' dir='ltr'>φαῦλον</span> <span class='ocrx_word' id='word_1_403' title='bbox 1150 1327 1364 1363; x_wconf 86' lang='grc' dir='ltr'>δημιουργήσειε</span> <span class='ocrx_word' id='word_1_404' title='bbox 1375 1326 1447 1353; x_wconf 52' lang='grc' dir='ltr'>’διαὶ</span> <span class='ocrx_word' id='word_1_405' title='bbox 1457 1325 1505 1352; x_wconf 84' lang='grc' dir='ltr'><strong>νῦν</strong></span> <span class='ocrx_word' id='word_1_406' title='bbox 1518 1325 1567 1360; x_wconf 82' lang='grc' dir='ltr'>μὲν</span> <span class='ocrx_word' id='word_1_407' title='bbox 1582 1322 1830 1359; x_wconf 47' lang='grc' dir='ltr'>λέγωνηδαίμονας</span> 
     </span>
    </p>
   </div>
   <div class='ocr_carea' id='block_1_59' title="bbox 1034 1370 1830 1412">
    <p class='ocr_par' dir='ltr' id='par_1_59' title="bbox 1034 1370 1830 1412">
     <span class='ocr_line' id='line_1_59' title="bbox 1034 1370 1830 1412; baseline -0.006 -11"><span class='ocrx_word' id='word_1_408' title='bbox 1034 1375 1105 1412; x_wconf 79' lang='grc' dir='ltr'>ὁρῶν</span> <span class='ocrx_word' id='word_1_409' title='bbox 1115 1374 1423 1410; x_wconf 65' lang='grc' dir='ltr'>διώκονταμΔπιμ-όνιον</span> <span class='ocrx_word' id='word_1_410' title='bbox 1435 1373 1501 1408; x_wconf 74' lang='grc' dir='ltr'>ἔχει·</span> <span class='ocrx_word' id='word_1_411' title='bbox 1515 1383 1523 1398; x_wconf 80' lang='grc' dir='ltr'><strong>ι</strong></span> <span class='ocrx_word' id='word_1_412' title='bbox 1539 1372 1587 1400; x_wconf 58' lang='lat' dir='ltr'><strong>vi:</strong></span> <span class='ocrx_word' id='word_1_413' title='bbox 1598 1372 1640 1404; x_wconf 82' lang='grc' dir='ltr'>δὲ,</span> <span class='ocrx_word' id='word_1_414' title='bbox 1657 1372 1698 1398; x_wconf 85' lang='grc' dir='ltr'>ὅτι</span> <span class='ocrx_word' id='word_1_415' title='bbox 1712 1370 1777 1397; x_wconf 76' lang='grc' dir='ltr'>ιἘν</span> <span class='ocrx_word' id='word_1_416' title='bbox 1792 1370 1830 1405; x_wconf 80' lang='grc' dir='ltr'>τῷ</span> 
     </span>
    </p>
   </div>
   <div class='ocr_carea' id='block_1_60' title="bbox 1034 1416 1831 1457">
    <p class='ocr_par' dir='ltr' id='par_1_60' title="bbox 1034 1416 1831 1457">
     <span class='ocr_line' id='line_1_60' title="bbox 1034 1416 1831 1457; baseline -0.008 -9"><span class='ocrx_word' id='word_1_417' title='bbox 1034 1421 1145 1457; x_wconf 70' lang='grc' dir='ltr'>ἄρχοντι</span> <span class='ocrx_word' id='word_1_418' title='bbox 1161 1421 1213 1448; x_wconf 77' lang='grc' dir='ltr'><strong>τῶν</strong></span> <span class='ocrx_word' id='word_1_419' title='bbox 1227 1420 1373 1456; x_wconf 77' lang='grc' dir='ltr'>δαιμονίων</span> <span class='ocrx_word' id='word_1_420' title='bbox 1386 1418 1512 1446; x_wconf 72' lang='grc' dir='ltr'>ἐκϐάλλει</span> <span class='ocrx_word' id='word_1_421' title='bbox 1526 1418 1561 1446; x_wconf 79' lang='grc' dir='ltr'><strong>τὰ</strong></span> <span class='ocrx_word' id='word_1_422' title='bbox 1585 1418 1712 1454; x_wconf 79' lang='grc' dir='ltr'>δαιμόνια</span> <span class='ocrx_word' id='word_1_423' title='bbox 1727 1425 1734 1432; x_wconf 88' lang='grc'><strong>·</strong></span> <span class='ocrx_word' id='word_1_424' title='bbox 1756 1427 1766 1443; x_wconf 75' lang='grc' dir='ltr'><strong>ι</strong></span> <span class='ocrx_word' id='word_1_425' title='bbox 1783 1416 1831 1443; x_wconf 79' lang='grc' dir='ltr'>νῦν</span> 
     </span>
    </p>
   </div>
   <div class='ocr_carea' id='block_1_61' title="bbox 1034 1462 1832 1502">
    <p class='ocr_par' dir='ltr' id='par_1_61' title="bbox 1034 1462 1832 1502">
     <span class='ocr_line' id='line_1_61' title="bbox 1034 1462 1832 1502; baseline -0.006 -9"><span class='ocrx_word' id='word_1_426' title='bbox 1034 1466 1062 1493; x_wconf 85' lang='grc' dir='ltr'>δὲ</span> <span class='ocrx_word' id='word_1_427' title='bbox 1075 1464 1105 1493; x_wconf 72' lang='grc' dir='ltr'><strong>οὗ</strong></span> <span class='ocrx_word' id='word_1_428' title='bbox 1119 1467 1168 1499; x_wconf 73' lang='grc' dir='ltr'><strong>τὰς</strong></span> <span class='ocrx_word' id='word_1_429' title='bbox 1185 1466 1260 1501; x_wconf 78' lang='grc' dir='ltr'>ὕψεις</span> <span class='ocrx_word' id='word_1_430' title='bbox 1273 1467 1290 1502; x_wconf 84' lang='grc' dir='ltr'><strong>ή</strong></span> <span class='ocrx_word' id='word_1_431' title='bbox 1304 1466 1413 1499; x_wconf 81' lang='grc' dir='ltr'>γένεσις</span> <span class='ocrx_word' id='word_1_432' title='bbox 1434 1465 1620 1499; x_wconf 77' lang='grc' dir='ltr'>ἀπεστέρησε,</span> <span class='ocrx_word' id='word_1_433' title='bbox 1634 1464 1731 1490; x_wconf 77' lang='grc' dir='ltr'>τούτου</span> <span class='ocrx_word' id='word_1_434' title='bbox 1752 1462 1832 1498; x_wconf 81' lang='grc' dir='ltr'>πηλῷ</span> 
     </span>
    </p>
   </div>
   <div class='ocr_carea' id='block_1_62' title="bbox 156 1505 986 1551">
    <p class='ocr_par' dir='ltr' id='par_1_62' title="bbox 156 1505 983 1551">
     <span class='ocr_line' id='line_1_62' title="bbox 156 1505 983 1551; baseline 0.015 -20"><span class='ocrx_word' id='word_1_435' title='bbox 156 1532 161 1538; x_wconf 71' lang='grc'><strong>,</strong></span> <span class='ocrx_word' id='word_1_436' title='bbox 191 1505 246 1532; x_wconf 90' lang='lat' dir='ltr'><strong>lum</strong></span> <span class='ocrx_word' id='word_1_437' title='bbox 262 1505 288 1532; x_wconf 94' lang='lat' dir='ltr'><strong>in</strong></span> <span class='ocrx_word' id='word_1_438' title='bbox 309 1506 428 1551; x_wconf 77' lang='lat' dir='ltr'><strong>injurias</strong></span> <span class='ocrx_word' id='word_1_439' title='bbox 450 1505 563 1537; x_wconf 75' lang='lat' dir='ltr'><strong>trahens</strong></span> <span class='ocrx_word' id='word_1_440' title='bbox 589 1515 619 1538; x_wconf 85' lang='lat' dir='ltr'><strong>et</strong></span> <span class='ocrx_word' id='word_1_441' title='bbox 637 1511 751 1540; x_wconf 85' lang='lat' dir='ltr'><strong>dicens:</strong></span> <span class='ocrx_word' id='word_1_442' title='bbox 774 1517 790 1538; x_wconf 73' lang='grc' dir='ltr'><strong>ἰ</strong></span> <span class='ocrx_word' id='word_1_443' title='bbox 805 1513 862 1541; x_wconf 86' lang='lat' dir='ltr'><strong>Non</strong></span> <span class='ocrx_word' id='word_1_444' title='bbox 881 1520 923 1542; x_wconf 87' lang='lat' dir='ltr'><strong>est</strong></span> <span class='ocrx_word' id='word_1_445' title='bbox 940 1516 983 1544; x_wconf 94' lang='lat' dir='ltr'><strong>hic</strong></span> 
     </span>
    </p>
   </div>
   <div class='ocr_carea' id='block_1_63' title="bbox 1070 1505 1831 1551">
    <p class='ocr_par' dir='ltr' id='par_1_63' title="bbox 1070 1511 1831 1549">
     <span class='ocr_line' id='line_1_63' title="bbox 1070 1511 1831 1549; baseline -0.005 -9"><span class='ocrx_word' id='word_1_446' title='bbox 1070 1513 1168 1549; x_wconf 65' lang='grc' dir='ltr'>ι’λόγῳ</span> <span class='ocrx_word' id='word_1_447' title='bbox 1194 1513 1258 1545; x_wconf 79' lang='grc' dir='ltr'>τοὺς</span> <span class='ocrx_word' id='word_1_448' title='bbox 1280 1512 1442 1548; x_wconf 78' lang='grc' dir='ltr'>ὀφθαλμοὺς</span> <span class='ocrx_word' id='word_1_449' title='bbox 1467 1511 1746 1546; x_wconf 82' lang='grc' dir='ltr'>πλαστουργήσαντα,</span> <span class='ocrx_word' id='word_1_450' title='bbox 1764 1517 1831 1544; x_wconf 86' lang='grc' dir='ltr'>προ-</span> 
     </span>
    </p>
   </div>
   <div class='ocr_carea' id='block_1_64' title="bbox 190 1547 982 1596">
    <p class='ocr_par' dir='ltr' id='par_1_64' title="bbox 190 1547 982 1596">
     <span class='ocr_line' id='line_1_64' title="bbox 190 1547 982 1596; baseline 0.016 -19"><span class='ocrx_word' id='word_1_451' title='bbox 190 1557 207 1577; x_wconf 83' lang='lat' dir='ltr'><strong>a</strong></span> <span class='ocrx_word' id='word_1_452' title='bbox 220 1550 274 1578; x_wconf 91' lang='lat' dir='ltr'><strong>Deo</strong></span> <span class='ocrx_word' id='word_1_453' title='bbox 284 1552 317 1579; x_wconf 89' lang='grc'><strong>⁷⁷.</strong></span> <span class='ocrx_word' id='word_1_454' title='bbox 328 1547 497 1588; x_wconf 68' lang='lat' dir='ltr'><strong>»_Qui&#39;igitur</strong></span> <span class='ocrx_word' id='word_1_455' title='bbox 512 1548 613 1582; x_wconf 79' lang='lat' dir='ltr'><strong>divinis</strong></span> <span class='ocrx_word' id='word_1_456' title='bbox 626 1556 680 1584; x_wconf 88' lang='lat' dir='ltr'><strong>illis</strong></span> <span class='ocrx_word' id='word_1_457' title='bbox 693 1562 720 1585; x_wconf 81' lang='lat' dir='ltr'><strong>et</strong></span> <span class='ocrx_word' id='word_1_458' title='bbox 730 1559 839 1587; x_wconf 77' lang='lat' dir='ltr'><strong>eximiis</strong></span> <span class='ocrx_word' id='word_1_459' title='bbox 852 1561 982 1596; x_wconf 84' lang='lat' dir='ltr'><strong>operibus</strong></span> 
     </span>
    </p>
   </div>
   <div class='ocr_carea' id='block_1_65' title="bbox 191 1597 982 1638">
    <p class='ocr_par' dir='ltr' id='par_1_65' title="bbox 191 1597 982 1638">
     <span class='ocr_line' id='line_1_65' title="bbox 191 1597 982 1638; baseline 0.016 -16"><span class='ocrx_word' id='word_1_460' title='bbox 191 1603 245 1623; x_wconf 87' lang='lat' dir='ltr'><strong>non</strong></span> <span class='ocrx_word' id='word_1_461' title='bbox 259 1597 356 1625; x_wconf 86' lang='lat' dir='ltr'><strong>melior</strong></span> <span class='ocrx_word' id='word_1_462' title='bbox 375 1599 501 1633; x_wconf 74' lang='lat' dir='ltr'><strong>edicitur,</strong></span> <span class='ocrx_word' id='word_1_463' title='bbox 516 1600 564 1628; x_wconf 88' lang='lat' dir='ltr'><strong>scd</strong></span> <span class='ocrx_word' id='word_1_464' title='bbox 578 1602 670 1636; x_wconf 79' lang='lat' dir='ltr'><strong>potius</strong></span> <span class='ocrx_word' id='word_1_465' title='bbox 682 1603 715 1631; x_wconf 90' lang='lat' dir='ltr'><strong>ad</strong></span> <span class='ocrx_word' id='word_1_466' title='bbox 731 1605 808 1638; x_wconf 87' lang='lat' dir='ltr'><strong>pejus</strong></span> <span class='ocrx_word' id='word_1_467' title='bbox 825 1605 947 1634; x_wconf 79' lang='lat' dir='ltr'><strong>defertur</strong></span> <span class='ocrx_word' id='word_1_468' title='bbox 955 1612 982 1635; x_wconf 92' lang='lat' dir='ltr'><strong>et</strong></span> 
     </span>
    </p>
   </div>
   <div class='ocr_carea' id='block_1_66' title="bbox 190 1641 982 1684">
    <p class='ocr_par' dir='ltr' id='par_1_66' title="bbox 190 1641 982 1684">
     <span class='ocr_line' id='line_1_66' title="bbox 190 1641 982 1684; baseline 0.016 -16"><span class='ocrx_word' id='word_1_469' title='bbox 190 1641 224 1668; x_wconf 85' lang='lat' dir='ltr'><strong>ad</strong></span> <span class='ocrx_word' id='word_1_470' title='bbox 237 1642 402 1671; x_wconf 83' lang='lat' dir='ltr'><strong>dementiam</strong></span> <span class='ocrx_word' id='word_1_471' title='bbox 420 1646 574 1679; x_wconf 76' lang='lat' dir='ltr'><strong>excitatur;</strong></span> <span class='ocrx_word' id='word_1_472' title='bbox 594 1651 621 1674; x_wconf 90' lang='lat' dir='ltr'><strong>et</strong></span> <span class='ocrx_word' id='word_1_473' title='bbox 638 1655 671 1675; x_wconf 85' lang='lat' dir='ltr'><strong>ex</strong></span> <span class='ocrx_word' id='word_1_474' title='bbox 686 1649 789 1684; x_wconf 91' lang='lat' dir='ltr'><strong>quibus</strong></span> <span class='ocrx_word' id='word_1_475' title='bbox 809 1651 940 1680; x_wconf 87' lang='lat' dir='ltr'><strong>admirari</strong></span> <span class='ocrx_word' id='word_1_476' title='bbox 954 1658 982 1682; x_wconf 83' lang='lat' dir='ltr'><strong>et</strong></span> 
     </span>
    </p>
   </div>
   <div class='ocr_carea' id='block_1_67' title="bbox 190 1687 982 1732">
    <p class='ocr_par' dir='ltr' id='par_1_67' title="bbox 190 1687 982 1732">
     <span class='ocr_line' id='line_1_67' title="bbox 190 1687 982 1732; baseline 0.018 -19"><span class='ocrx_word' id='word_1_477' title='bbox 190 1687 330 1716; x_wconf 85' lang='lat' dir='ltr'><strong>celebrare</strong></span> <span class='ocrx_word' id='word_1_478' title='bbox 347 1690 550 1719; x_wconf 80' lang='lat' dir='ltr'><strong>benefactorem</strong></span> <span class='ocrx_word' id='word_1_479' title='bbox 561 1693 713 1727; x_wconf 83' lang='lat' dir='ltr'><strong>oportebat,</strong></span> <span class='ocrx_word' id='word_1_480' title='bbox 729 1695 805 1723; x_wconf 92' lang='lat' dir='ltr'><strong>illum</strong></span> <span class='ocrx_word' id='word_1_481' title='bbox 827 1697 939 1732; x_wconf 86' lang='lat' dir='ltr'><strong>injuriis</strong></span> <span class='ocrx_word' id='word_1_482' title='bbox 955 1704 982 1727; x_wconf 89' lang='lat' dir='ltr'><strong>et</strong></span> 
     </span>
    </p>
   </div>
   <div class='ocr_carea' id='block_1_68' title="bbox 190 1731 979 1780">
    <p class='ocr_par' dir='ltr' id='par_1_68' title="bbox 190 1731 979 1780">
     <span class='ocr_line' id='line_1_68' title="bbox 190 1731 979 1780; baseline 0.019 -22"><span class='ocrx_word' id='word_1_483' title='bbox 190 1731 558 1772; x_wconf 75' lang='lat' dir='ltr'><strong>blasphemiispersequens,</strong></span> <span class='ocrx_word' id='word_1_484' title='bbox 576 1739 677 1774; x_wconf 81' lang='lat' dir='ltr'><strong>quibus</strong></span> <span class='ocrx_word' id='word_1_485' title='bbox 686 1741 747 1768; x_wconf 87' lang='lat' dir='ltr'><strong>aliis</strong></span> <span class='ocrx_word' id='word_1_486' title='bbox 763 1731 979 1780; x_wconf 78' lang='lat' dir='ltr'><strong>converteretur,</strong></span> 
     </span>
    </p>
   </div>
   <div class='ocr_carea' id='block_1_69' title="bbox 190 1780 982 1821">
    <p class='ocr_par' dir='ltr' id='par_1_69' title="bbox 190 1780 982 1821">
     <span class='ocr_line' id='line_1_69' title="bbox 190 1780 982 1821; baseline 0.018 -16"><span class='ocrx_word' id='word_1_487' title='bbox 190 1783 218 1805; x_wconf 86' lang='lat' dir='ltr'><strong>ct</strong></span> <span class='ocrx_word' id='word_1_488' title='bbox 239 1780 404 1814; x_wconf 83' lang='lat' dir='ltr'><strong>palinodiam</strong></span> <span class='ocrx_word' id='word_1_489' title='bbox 431 1788 543 1811; x_wconf 83' lang='lat' dir='ltr'><strong>caneret</strong></span> <span class='ocrx_word' id='word_1_490' title='bbox 564 1789 592 1812; x_wconf 92' lang='lat' dir='ltr'><strong>et</strong></span> <span class='ocrx_word' id='word_1_491' title='bbox 606 1783 642 1813; x_wconf 81' lang='lat' dir='ltr'><strong>&#39;ad</strong></span> <span class='ocrx_word' id='word_1_492' title='bbox 664 1787 852 1821; x_wconf 67' lang='lat' dir='ltr'><strong>pwnitentiam</strong></span> <span class='ocrx_word' id='word_1_493' title='bbox 882 1791 982 1819; x_wconf 75' lang='lat' dir='ltr'><strong>confu-</strong></span> 
     </span>
    </p>
   </div>
   <div class='ocr_carea' id='block_1_70' title="bbox 190 1828 981 1869">
    <p class='ocr_par' dir='ltr' id='par_1_70' title="bbox 190 1828 981 1869">
     <span class='ocr_line' id='line_1_70' title="bbox 190 1828 981 1869; baseline 0.019 -18"><span class='ocrx_word' id='word_1_494' title='bbox 190 1830 266 1859; x_wconf 78' lang='lat' dir='ltr'><strong>geret</strong></span> <span class='ocrx_word' id='word_1_495' title='bbox 281 1830 365 1862; x_wconf 86' lang='lat' dir='ltr'><strong>atque</strong></span> <span class='ocrx_word' id='word_1_496' title='bbox 384 1828 533 1863; x_wconf 82' lang='lat' dir='ltr'><strong>impietatis</strong></span> <span class='ocrx_word' id='word_1_497' title='bbox 552 1832 586 1858; x_wconf 89' lang='lat' dir='ltr'><strong>ac&#39;</strong></span> <span class='ocrx_word' id='word_1_498' title='bbox 612 1831 641 1858; x_wconf 91' lang='lat' dir='ltr'><strong>in</strong></span> <span class='ocrx_word' id='word_1_499' title='bbox 661 1832 748 1860; x_wconf 88' lang='lat' dir='ltr'><strong>Deum</strong></span> <span class='ocrx_word' id='word_1_500' title='bbox 766 1842 864 1869; x_wconf 64' lang='lat' dir='ltr'><strong>pugnae</strong></span> <span class='ocrx_word' id='word_1_501' title='bbox 885 1838 981 1866; x_wconf 53' lang='lat' dir='ltr'><strong>remis.</strong></span> 
     </span>
    </p>
   </div>
   <div class='ocr_carea' id='block_1_71' title="bbox 189 1871 836 1910">
    <p class='ocr_par' dir='ltr' id='par_1_71' title="bbox 189 1871 836 1910">
     <span class='ocr_line' id='line_1_71' title="bbox 189 1871 836 1910; baseline 0.014 -10"><span class='ocrx_word' id='word_1_502' title='bbox 189 1871 295 1910; x_wconf 68' lang='lat' dir='ltr'><strong>sionen]</strong></span> <span class='ocrx_word' id='word_1_503' title='bbox 310 1874 447 1909; x_wconf 70' lang='lat' dir='ltr'><strong>acciperet</strong></span> <span class='ocrx_word' id='word_1_504' title='bbox 458 1875 469 1902; x_wconf 83' lang='lat'><strong>?</strong></span> <span class='ocrx_word' id='word_1_505' title='bbox 481 1875 626 1905; x_wconf 80' lang='lat' dir='ltr'><strong>Manifeste</strong></span> <span class='ocrx_word' id='word_1_506' title='bbox 638 1879 712 1906; x_wconf 88' lang='lat' dir='ltr'><strong>nulla</strong></span> <span class='ocrx_word' id='word_1_507' title='bbox 727 1880 781 1909; x_wconf 83' lang='lat' dir='ltr'><strong>alia</strong></span> <span class='ocrx_word' id='word_1_508' title='bbox 796 1889 836 1909; x_wconf 87' lang='lat' dir='ltr'><strong>re.</strong></span> 
     </span>
    </p>
   </div>
   <div class='ocr_carea' id='block_1_72' title="bbox 1034 1551 1832 1595">
    <p class='ocr_par' dir='ltr' id='par_1_72' title="bbox 1034 1551 1832 1595">
     <span class='ocr_line' id='line_1_72' title="bbox 1034 1551 1832 1595; baseline -0.006 -9"><span class='ocrx_word' id='word_1_509' title='bbox 1034 1559 1192 1595; x_wconf 79' lang='grc' dir='ltr'>πηλακίζων</span> <span class='ocrx_word' id='word_1_510' title='bbox 1218 1567 1248 1585; x_wconf 86' lang='grc' dir='ltr'><strong>τε</strong></span> <span class='ocrx_word' id='word_1_511' title='bbox 1266 1559 1313 1586; x_wconf 73' lang='grc' dir='ltr'>καὶ</span> <span class='ocrx_word' id='word_1_512' title='bbox 1340 1559 1371 1585; x_wconf 77' lang='grc' dir='ltr'><strong>τὸ</strong></span> <span class='ocrx_word' id='word_1_513' title='bbox 1397 1558 1491 1593; x_wconf 83' lang='grc' dir='ltr'>θαῦμα</span> <span class='ocrx_word' id='word_1_514' title='bbox 1510 1551 1550 1589; x_wconf 68' lang='grc' dir='ltr'><strong>είς</strong></span> <span class='ocrx_word' id='word_1_515' title='bbox 1565 1553 1644 1592; x_wconf 81' lang='grc' dir='ltr'>ὓϐριν</span> <span class='ocrx_word' id='word_1_516' title='bbox 1663 1556 1766 1588; x_wconf 74' lang='grc' dir='ltr'>ἕλκων,</span> <span class='ocrx_word' id='word_1_517' title='bbox 1786 1555 1832 1581; x_wconf 74' lang='grc' dir='ltr'>καὶ</span> 
     </span>
    </p>
   </div>
   <div class='ocr_carea' id='block_1_73' title="bbox 1033 1600 1833 1640">
    <p class='ocr_par' dir='ltr' id='par_1_73' title="bbox 1033 1600 1833 1640">
     <span class='ocr_line' id='line_1_73' title="bbox 1033 1600 1833 1640; baseline -0.006 -8"><span class='ocrx_word' id='word_1_518' title='bbox 1033 1606 1131 1640; x_wconf 85' lang='grc' dir='ltr'>λέγων,</span> <span class='ocrx_word' id='word_1_519' title='bbox 1148 1605 1210 1637; x_wconf 68' lang='grc' dir='ltr'><strong>ὡς(</strong></span> <span class='ocrx_word' id='word_1_520' title='bbox 1222 1605 1279 1632; x_wconf 78' lang='grc' dir='ltr'>Οὐκ</span> <span class='ocrx_word' id='word_1_521' title='bbox 1288 1605 1362 1631; x_wconf 72' lang='grc' dir='ltr'>ἐστιν</span> <span class='ocrx_word' id='word_1_522' title='bbox 1372 1600 1450 1635; x_wconf 78' lang='grc' dir='ltr'>οὗτος</span> <span class='ocrx_word' id='word_1_523' title='bbox 1463 1603 1538 1639; x_wconf 71' lang='grc' dir='ltr'>παρὰ</span> <span class='ocrx_word' id='word_1_524' title='bbox 1547 1603 1594 1629; x_wconf 84' lang='grc' dir='ltr'>τοῦ</span> <span class='ocrx_word' id='word_1_525' title='bbox 1610 1602 1688 1629; x_wconf 81' lang='grc' dir='ltr'>Θεοῦ·</span> <span class='ocrx_word' id='word_1_526' title='bbox 1696 1611 1704 1627; x_wconf 75' lang='grc' dir='ltr'><strong>ι</strong></span> <span class='ocrx_word' id='word_1_527' title='bbox 1715 1602 1731 1628; x_wconf 84' lang='grc' dir='ltr'>ὁ</span> <span class='ocrx_word' id='word_1_528' title='bbox 1741 1601 1833 1628; x_wconf 79' lang='grc' dir='ltr'>τοίνυν</span> 
     </span>
    </p>
   </div>
   <div class='ocr_carea' id='block_1_74' title="bbox 1031 1642 1834 1689">
    <p class='ocr_par' dir='ltr' id='par_1_74' title="bbox 1031 1642 1834 1689">
     <span class='ocr_line' id='line_1_74' title="bbox 1031 1642 1834 1689; baseline -0.006 -10"><span class='ocrx_word' id='word_1_529' title='bbox 1031 1653 1076 1680; x_wconf 80' lang='grc' dir='ltr'><strong>διὰ</strong></span> <span class='ocrx_word' id='word_1_530' title='bbox 1087 1652 1141 1679; x_wconf 83' lang='grc' dir='ltr'><strong>τῶν</strong></span> <span class='ocrx_word' id='word_1_531' title='bbox 1155 1642 1299 1688; x_wconf 73' lang='grc' dir='ltr'>θειοτέρων</span> <span class='ocrx_word' id='word_1_532' title='bbox 1310 1660 1340 1678; x_wconf 78' lang='grc' dir='ltr'><strong>τε</strong></span> <span class='ocrx_word' id='word_1_533' title='bbox 1351 1651 1399 1689; x_wconf 73' lang='grc' dir='ltr'>καὶ</span> <span class='ocrx_word' id='word_1_534' title='bbox 1411 1650 1561 1686; x_wconf 74' lang='grc' dir='ltr'>ὑπερφυῶν</span> <span class='ocrx_word' id='word_1_535' title='bbox 1572 1649 1660 1685; x_wconf 75' lang='grc' dir='ltr'>ἔργων</span> <span class='ocrx_word' id='word_1_536' title='bbox 1680 1648 1762 1675; x_wconf 72' lang='grc' dir='ltr'>οὐδὲν</span> <span class='ocrx_word' id='word_1_537' title='bbox 1774 1647 1834 1682; x_wconf 87' lang='grc' dir='ltr'>βελ-</span> 
     </span>
    </p>
   </div>
   <div class='ocr_carea' id='block_1_75' title="bbox 1031 1694 1835 1734">
    <p class='ocr_par' dir='ltr' id='par_1_75' title="bbox 1031 1694 1835 1734">
     <span class='ocr_line' id='line_1_75' title="bbox 1031 1694 1835 1734; baseline -0.006 -9"><span class='ocrx_word' id='word_1_538' title='bbox 1031 1698 1183 1734; x_wconf 80' lang='grc' dir='ltr'>τιούμενος,</span> <span class='ocrx_word' id='word_1_539' title='bbox 1196 1698 1265 1725; x_wconf 76' lang='grc' dir='ltr'>ἀλλὰ</span> <span class='ocrx_word' id='word_1_540' title='bbox 1283 1698 1383 1733; x_wconf 82' lang='grc' dir='ltr'>μᾶλλον</span> <span class='ocrx_word' id='word_1_541' title='bbox 1406 1698 1452 1725; x_wconf 74' lang='grc' dir='ltr'><strong>ἐπὶ</strong></span> <span class='ocrx_word' id='word_1_542' title='bbox 1466 1697 1497 1723; x_wconf 80' lang='grc' dir='ltr'>τὸ</span> <span class='ocrx_word' id='word_1_543' title='bbox 1508 1697 1598 1732; x_wconf 83' lang='grc' dir='ltr'>χεῖρον</span> <span class='ocrx_word' id='word_1_544' title='bbox 1613 1696 1778 1731; x_wconf 74' lang='grc' dir='ltr'>φερόμενος,</span> <span class='ocrx_word' id='word_1_545' title='bbox 1787 1694 1835 1721; x_wconf 79' lang='grc' dir='ltr'>καὶ</span> 
     </span>
    </p>
   </div>
   <div class='ocr_carea' id='block_1_76' title="bbox 1032 1739 1833 1782">
    <p class='ocr_par' dir='ltr' id='par_1_76' title="bbox 1032 1739 1833 1782">
     <span class='ocr_line' id='line_1_76' title="bbox 1032 1739 1833 1782; baseline -0.007 -10"><span class='ocrx_word' id='word_1_546' title='bbox 1032 1746 1102 1782; x_wconf 81' lang='grc' dir='ltr'>πρὸς</span> <span class='ocrx_word' id='word_1_547' title='bbox 1114 1745 1245 1772; x_wconf 82' lang='grc' dir='ltr'>ἀπόνοιαν</span> <span class='ocrx_word' id='word_1_548' title='bbox 1257 1743 1399 1779; x_wconf 76' lang='grc' dir='ltr'>ἁνοιστρού</span> <span class='ocrx_word' id='word_1_549' title='bbox 1404 1752 1483 1779; x_wconf 84' lang='grc' dir='ltr'>μενος</span> <span class='ocrx_word' id='word_1_550' title='bbox 1494 1744 1557 1769; x_wconf 68' lang='grc' dir='ltr'>ικαὶ</span> <span class='ocrx_word' id='word_1_551' title='bbox 1563 1742 1602 1769; x_wconf 67' lang='grc' dir='ltr'>δι“</span> <span class='ocrx_word' id='word_1_552' title='bbox 1612 1739 1651 1769; x_wconf 81' lang='grc' dir='ltr'>ὧν</span> <span class='ocrx_word' id='word_1_553' title='bbox 1658 1741 1711 1768; x_wconf 77' lang='grc' dir='ltr'>ἔδει</span> <span class='ocrx_word' id='word_1_554' title='bbox 1723 1740 1833 1776; x_wconf 82' lang='grc' dir='ltr'>θαυμά-</span> 
     </span>
    </p>
   </div>
   <div class='ocr_carea' id='block_1_77' title="bbox 1033 1787 1835 1826">
    <p class='ocr_par' dir='ltr' id='par_1_77' title="bbox 1033 1787 1835 1826">
     <span class='ocr_line' id='line_1_77' title="bbox 1033 1787 1835 1826; baseline -0.009 -7"><span class='ocrx_word' id='word_1_555' title='bbox 1033 1792 1091 1825; x_wconf 82' lang='grc' dir='ltr'>ζειν</span> <span class='ocrx_word' id='word_1_556' title='bbox 1103 1791 1150 1819; x_wconf 82' lang='grc' dir='ltr'>καὶ</span> <span class='ocrx_word' id='word_1_557' title='bbox 1159 1792 1288 1826; x_wconf 85' lang='grc' dir='ltr'>ἀνυμνεῖν</span> <span class='ocrx_word' id='word_1_558' title='bbox 1296 1791 1341 1817; x_wconf 75' lang='grc' dir='ltr'>τὸν</span> <span class='ocrx_word' id='word_1_559' title='bbox 1350 1789 1500 1824; x_wconf 78' lang='grc' dir='ltr'>εὐεργέτην</span> <span class='ocrx_word' id='word_1_560' title='bbox 1512 1789 1546 1815; x_wconf 87' lang='grc' dir='ltr'>δι’</span> <span class='ocrx_word' id='word_1_561' title='bbox 1557 1788 1670 1815; x_wconf 78' lang='grc' dir='ltr'>ἐκείνων</span> <span class='ocrx_word' id='word_1_562' title='bbox 1679 1787 1835 1821; x_wconf 78' lang='grc' dir='ltr'>ἐνυϐρίζων</span> 
     </span>
    </p>
   </div>
   <div class='ocr_carea' id='block_1_78' title="bbox 1031 1828 1835 1872">
    <p class='ocr_par' dir='ltr' id='par_1_78' title="bbox 1031 1828 1835 1872">
     <span class='ocr_line' id='line_1_78' title="bbox 1031 1828 1835 1872; baseline -0.01 -7"><span class='ocrx_word' id='word_1_563' title='bbox 1031 1847 1062 1865; x_wconf 84' lang='grc' dir='ltr'><strong>τε</strong></span> <span class='ocrx_word' id='word_1_564' title='bbox 1078 1839 1126 1864; x_wconf 74' lang='grc' dir='ltr'>καὶ</span> <span class='ocrx_word' id='word_1_565' title='bbox 1155 1828 1337 1872; x_wconf 72' lang='grc' dir='ltr'>βλασφημῶν,</span> <span class='ocrx_word' id='word_1_566' title='bbox 1352 1835 1396 1862; x_wconf 79' lang='grc' dir='ltr'><strong>διὰ</strong></span> <span class='ocrx_word' id='word_1_567' title='bbox 1422 1834 1504 1861; x_wconf 88' lang='grc' dir='ltr'>τίνων</span> <span class='ocrx_word' id='word_1_568' title='bbox 1518 1833 1606 1860; x_wconf 79' lang='grc' dir='ltr'>ἄλλων</span> <span class='ocrx_word' id='word_1_569' title='bbox 1623 1832 1656 1859; x_wconf 79' lang='grc' dir='ltr'>ἂν</span> <span class='ocrx_word' id='word_1_570' title='bbox 1671 1831 1835 1866; x_wconf 64' lang='grc' dir='ltr'>ἐπιστραφῇ</span> 
     </span>
    </p>
   </div>
   <div class='ocr_carea' id='block_1_79' title="bbox 1030 1877 1836 1918">
    <p class='ocr_par' dir='ltr' id='par_1_79' title="bbox 1030 1877 1836 1918">
     <span class='ocr_line' id='line_1_79' title="bbox 1030 1877 1836 1918; baseline -0.012 -6"><span class='ocrx_word' id='word_1_571' title='bbox 1030 1887 1078 1914; x_wconf 74' lang='grc' dir='ltr'>καὶ</span> <span class='ocrx_word' id='word_1_572' title='bbox 1096 1883 1260 1918; x_wconf 84' lang='grc' dir='ltr'>παλινῳδίαν</span> <span class='ocrx_word' id='word_1_573' title='bbox 1276 1882 1341 1917; x_wconf 83' lang='grc' dir='ltr'>ᾄσῃ,</span> <span class='ocrx_word' id='word_1_574' title='bbox 1363 1883 1410 1908; x_wconf 71' lang='grc' dir='ltr'>καὶ</span> <span class='ocrx_word' id='word_1_575' title='bbox 1420 1881 1490 1915; x_wconf 76' lang='grc' dir='ltr'>πρδς</span> <span class='ocrx_word' id='word_1_576' title='bbox 1509 1879 1559 1913; x_wconf 77' lang='grc' dir='ltr'>τὴν</span> <span class='ocrx_word' id='word_1_577' title='bbox 1581 1877 1728 1914; x_wconf 84' lang='grc' dir='ltr'>μετάνοιαν</span> <span class='ocrx_word' id='word_1_578' title='bbox 1746 1885 1836 1903; x_wconf 80' lang='grc' dir='ltr'>κατα-</span> 
     </span>
    </p>
   </div>
   <div class='ocr_carea' id='block_1_80' title="bbox 189 1918 1835 1972">
    <p class='ocr_par' dir='ltr' id='par_1_80' title="bbox 189 1918 1835 1972">
     <span class='ocr_line' id='line_1_80' title="bbox 189 1918 1835 1972; baseline 0.003 -28"><span class='ocrx_word' id='word_1_579' title='bbox 189 1918 330 1953; x_wconf 82' lang='grc' dir='ltr'>φεύξεται,</span> <span class='ocrx_word' id='word_1_580' title='bbox 351 1921 399 1948; x_wconf 79' lang='grc' dir='ltr'>καὶ</span> <span class='ocrx_word' id='word_1_581' title='bbox 418 1921 470 1956; x_wconf 86' lang='grc' dir='ltr'>τῆς</span> <span class='ocrx_word' id='word_1_582' title='bbox 497 1922 658 1955; x_wconf 76' lang='grc' dir='ltr'>δυσσεϐείας</span> <span class='ocrx_word' id='word_1_583' title='bbox 685 1934 716 1952; x_wconf 84' lang='grc' dir='ltr'><strong>τε</strong></span> <span class='ocrx_word' id='word_1_584' title='bbox 749 1927 796 1954; x_wconf 79' lang='grc' dir='ltr'>καὶ</span> <span class='ocrx_word' id='word_1_585' title='bbox 826 1928 976 1967; x_wconf 78' lang='grc' dir='ltr'>θεομαχίας</span> <span class='ocrx_word' id='word_1_586' title='bbox 1011 1935 1062 1970; x_wconf 71' lang='grc' dir='ltr'><strong>τὴν</strong></span> <span class='ocrx_word' id='word_1_587' title='bbox 1085 1933 1181 1966; x_wconf 77' lang='grc' dir='ltr'>ἄφεσιν</span> <span class='ocrx_word' id='word_1_588' title='bbox 1203 1928 1328 1972; x_wconf 75' lang='grc' dir='ltr'>λήψεται,</span> <span class='ocrx_word' id='word_1_589' title='bbox 1354 1927 1371 1962; x_wconf 87' lang='grc' dir='ltr'>ἢ</span> <span class='ocrx_word' id='word_1_590' title='bbox 1390 1926 1511 1962; x_wconf 78' lang='grc' dir='ltr'>δηλονότι</span> <span class='ocrx_word' id='word_1_591' title='bbox 1527 1925 1560 1951; x_wconf 71' lang='grc' dir='ltr'>δι’</span> <span class='ocrx_word' id='word_1_592' title='bbox 1585 1925 1680 1960; x_wconf 80' lang='grc' dir='ltr'>ἑτέρου</span> <span class='ocrx_word' id='word_1_593' title='bbox 1701 1923 1835 1956; x_wconf 76' lang='grc' dir='ltr'>οὺδενό;;</span> 
     </span>
    </p>
   </div>
   <div class='ocr_carea' id='block_1_81' title="bbox 224 1967 986 2010">
    <p class='ocr_par' dir='ltr' id='par_1_81' title="bbox 224 1967 986 2010">
     <span class='ocr_line' id='line_1_81' title="bbox 224 1967 986 2010; baseline 0.022 -18"><span class='ocrx_word' id='word_1_594' title='bbox 224 1967 276 2000; x_wconf 85' lang='lat' dir='ltr'><strong>Qui</strong></span> <span class='ocrx_word' id='word_1_595' title='bbox 293 1968 377 2003; x_wconf 75' lang='lat' dir='ltr'><strong>igitur</strong></span> <span class='ocrx_word' id='word_1_596' title='bbox 395 1969 422 1996; x_wconf 90' lang='lat' dir='ltr'><strong>in</strong></span> <span class='ocrx_word' id='word_1_597' title='bbox 440 1968 571 2004; x_wconf 86' lang='lat' dir='ltr'><strong>Spiritum</strong></span> <span class='ocrx_word' id='word_1_598' title='bbox 589 1977 726 2006; x_wconf 88' lang='lat' dir='ltr'><strong>sanctum,</strong></span> <span class='ocrx_word' id='word_1_599' title='bbox 750 1974 776 2002; x_wconf 94' lang='lat' dir='ltr'><strong>id</strong></span> <span class='ocrx_word' id='word_1_600' title='bbox 807 1982 850 2005; x_wconf 89' lang='lat' dir='ltr'><strong>est</strong></span> <span class='ocrx_word' id='word_1_601' title='bbox 883 1979 911 2006; x_wconf 86' lang='lat' dir='ltr'><strong>in</strong></span> <span class='ocrx_word' id='word_1_602' title='bbox 938 1981 986 2010; x_wconf 87' lang='lat' dir='ltr'><strong>Dei</strong></span> 
     </span>
    </p>
   </div>
   <div class='ocr_carea' id='block_1_82' title="bbox 189 2013 985 2061">
    <p class='ocr_par' dir='ltr' id='par_1_82' title="bbox 189 2013 985 2061">
     <span class='ocr_line' id='line_1_82' title="bbox 189 2013 985 2061; baseline 0.02 -22"><span class='ocrx_word' id='word_1_603' title='bbox 189 2013 267 2048; x_wconf 76' lang='lat' dir='ltr'><strong>signa</strong></span> <span class='ocrx_word' id='word_1_604' title='bbox 282 2013 521 2048; x_wconf 81' lang='lat' dir='ltr'><strong>blasphcmaverit,</strong></span> <span class='ocrx_word' id='word_1_605' title='bbox 539 2024 589 2044; x_wconf 86' lang='lat' dir='ltr'><strong>nec</strong></span> <span class='ocrx_word' id='word_1_606' title='bbox 604 2025 652 2052; x_wconf 86' lang='lat' dir='ltr'><strong>per</strong></span> <span class='ocrx_word' id='word_1_607' title='bbox 666 2027 697 2046; x_wconf 86' lang='lat' dir='ltr'><strong>ea</strong></span> <span class='ocrx_word' id='word_1_608' title='bbox 719 2020 837 2055; x_wconf 89' lang='lat' dir='ltr'><strong>priorem</strong></span> <span class='ocrx_word' id='word_1_609' title='bbox 852 2024 985 2061; x_wconf 85' lang='lat' dir='ltr'><strong>blasphe-</strong></span> 
     </span>
    </p>
   </div>
   <div class='ocr_carea' id='block_1_83' title="bbox 188 2059 986 2101">
    <p class='ocr_par' dir='ltr' id='par_1_83' title="bbox 188 2059 986 2101">
     <span class='ocr_line' id='line_1_83' title="bbox 188 2059 986 2101; baseline 0.019 -16"><span class='ocrx_word' id='word_1_610' title='bbox 188 2059 271 2085; x_wconf 88' lang='lat' dir='ltr'><strong>miam</strong></span> <span class='ocrx_word' id='word_1_611' title='bbox 290 2059 430 2094; x_wconf 86' lang='lat' dir='ltr'><strong>abjecerit,</strong></span> <span class='ocrx_word' id='word_1_612' title='bbox 449 2061 516 2089; x_wconf 91' lang='lat' dir='ltr'><strong>nihil</strong></span> <span class='ocrx_word' id='word_1_613' title='bbox 529 2061 602 2090; x_wconf 82' lang='lat' dir='ltr'><strong>aliud</strong></span> <span class='ocrx_word' id='word_1_614' title='bbox 618 2064 694 2092; x_wconf 89' lang='lat' dir='ltr'><strong>illum</strong></span> <span class='ocrx_word' id='word_1_615' title='bbox 710 2066 813 2101; x_wconf 78' lang='lat' dir='ltr'><strong>eriget;</strong></span> <span class='ocrx_word' id='word_1_616' title='bbox 842 2077 897 2097; x_wconf 90' lang='lat' dir='ltr'><strong>non</strong></span> <span class='ocrx_word' id='word_1_617' title='bbox 913 2059 986 2099; x_wconf 46' lang='lat' dir='ltr'><strong>-cor-</strong></span> 
     </span>
    </p>
   </div>
   <div class='ocr_carea' id='block_1_84' title="bbox 188 2107 986 2148">
    <p class='ocr_par' dir='ltr' id='par_1_84' title="bbox 188 2107 986 2148">
     <span class='ocr_line' id='line_1_84' title="bbox 188 2107 986 2148; baseline 0.019 -17"><span class='ocrx_word' id='word_1_618' title='bbox 188 2109 300 2145; x_wconf 41' lang='lat' dir='ltr'><strong>rectum.</strong></span> <span class='ocrx_word' id='word_1_619' title='bbox 309 2110 400 2134; x_wconf 85' lang='lat' dir='ltr'><strong>autem</strong></span> <span class='ocrx_word' id='word_1_620' title='bbox 414 2107 485 2135; x_wconf 91' lang='lat' dir='ltr'><strong>unde</strong></span> <span class='ocrx_word' id='word_1_621' title='bbox 499 2109 625 2137; x_wconf 86' lang='lat' dir='ltr'><strong>remissio</strong></span> <span class='ocrx_word' id='word_1_622' title='bbox 641 2112 746 2145; x_wconf 84' lang='lat' dir='ltr'><strong>peccati</strong></span> <span class='ocrx_word' id='word_1_623' title='bbox 758 2116 910 2148; x_wconf 84' lang='lat' dir='ltr'><strong>sequetur?</strong></span> <span class='ocrx_word' id='word_1_624' title='bbox 923 2117 986 2146; x_wconf 85' lang='lat' dir='ltr'><strong>Ideo</strong></span> 
     </span>
    </p>
   </div>
   <div class='ocr_carea' id='block_1_85' title="bbox 188 2151 982 2191">
    <p class='ocr_par' dir='ltr' id='par_1_85' title="bbox 188 2151 982 2191">
     <span class='ocr_line' id='line_1_85' title="bbox 188 2151 982 2191; baseline 0.016 -13"><span class='ocrx_word' id='word_1_625' title='bbox 188 2151 387 2180; x_wconf 87' lang='lat' dir='ltr'><strong>rationabiliter</strong></span> <span class='ocrx_word' id='word_1_626' title='bbox 397 2158 425 2181; x_wconf 86' lang='lat' dir='ltr'><strong>et</strong></span> <span class='ocrx_word' id='word_1_627' title='bbox 439 2154 574 2182; x_wconf 83' lang='lat' dir='ltr'><strong>ut&#39;Dcum</strong></span> <span class='ocrx_word' id='word_1_628' title='bbox 600 2156 688 2189; x_wconf 82' lang='lat' dir='ltr'><strong>decet,</strong></span> <span class='ocrx_word' id='word_1_629' title='bbox 717 2158 837 2188; x_wconf 85' lang='lat' dir='ltr'><strong>salutare</strong></span> <span class='ocrx_word' id='word_1_630' title='bbox 866 2162 982 2191; x_wconf 80' lang='lat' dir='ltr'><strong>Verbum</strong></span> 
     </span>
    </p>
   </div>
   <div class='ocr_carea' id='block_1_86' title="bbox 187 2198 983 2237">
    <p class='ocr_par' dir='ltr' id='par_1_86' title="bbox 187 2198 983 2237">
     <span class='ocr_line' id='line_1_86' title="bbox 187 2198 983 2237; baseline 0.016 -13"><span class='ocrx_word' id='word_1_631' title='bbox 187 2199 314 2234; x_wconf 87' lang='lat' dir='ltr'><strong>cum&#39;qui</strong></span> <span class='ocrx_word' id='word_1_632' title='bbox 334 2198 381 2227; x_wconf 89' lang='lat' dir='ltr'><strong>Dei</strong></span> <span class='ocrx_word' id='word_1_633' title='bbox 398 2207 481 2235; x_wconf 83' lang='lat' dir='ltr'><strong>opera</strong></span> <span class='ocrx_word' id='word_1_634' title='bbox 499 2200 525 2228; x_wconf 90' lang='lat' dir='ltr'><strong>in</strong></span> <span class='ocrx_word' id='word_1_635' title='bbox 540 2201 738 2237; x_wconf 86' lang='lat' dir='ltr'><strong>blasphemiam</strong></span> <span class='ocrx_word' id='word_1_636' title='bbox 751 2210 856 2234; x_wconf 80' lang='lat' dir='ltr'><strong>vertere</strong></span> <span class='ocrx_word' id='word_1_637' title='bbox 869 2213 983 2237; x_wconf 91' lang='lat' dir='ltr'><strong>conlen-</strong></span> 
     </span>
    </p>
   </div>
   <div class='ocr_carea' id='block_1_87' title="bbox 187 2243 985 2290">
    <p class='ocr_par' dir='ltr' id='par_1_87' title="bbox 187 2243 985 2290">
     <span class='ocr_line' id='line_1_87' title="bbox 187 2243 985 2290; baseline 0.015 -19"><span class='ocrx_word' id='word_1_638' title='bbox 187 2243 268 2276; x_wconf 78' lang='lat' dir='ltr'><strong>derit.</strong></span> <span class='ocrx_word' id='word_1_639' title='bbox 283 2245 358 2273; x_wconf 92' lang='lat' dir='ltr'><strong>omni</strong></span> <span class='ocrx_word' id='word_1_640' title='bbox 374 2246 451 2274; x_wconf 83' lang='lat' dir='ltr'><strong>venia</strong></span> <span class='ocrx_word' id='word_1_641' title='bbox 468 2246 611 2282; x_wconf 79' lang='lat' dir='ltr'><strong>indignum</strong></span> <span class='ocrx_word' id='word_1_642' title='bbox 634 2249 697 2277; x_wconf 79' lang='lat' dir='ltr'><strong>l‘ons</strong></span> <span class='ocrx_word' id='word_1_643' title='bbox 720 2251 892 2281; x_wconf 82' lang='lat' dir='ltr'><strong>remissionis</strong></span> <span class='ocrx_word' id='word_1_644' title='bbox 917 2262 985 2290; x_wconf 88' lang='lat' dir='ltr'><strong>pro-</strong></span> 
     </span>
    </p>
   </div>
   <div class='ocr_carea' id='block_1_88' title="bbox 188 2289 975 2334">
    <p class='ocr_par' dir='ltr' id='par_1_88' title="bbox 188 2289 975 2334">
     <span class='ocr_line' id='line_1_88' title="bbox 188 2289 975 2334; baseline 0.014 -18"><span class='ocrx_word' id='word_1_645' title='bbox 188 2289 334 2318; x_wconf 84' lang='lat' dir='ltr'><strong>nuntiavit.</strong></span> <span class='ocrx_word' id='word_1_646' title='bbox 350 2290 461 2319; x_wconf 84' lang='lat' dir='ltr'><strong>Nullum</strong></span> <span class='ocrx_word' id='word_1_647' title='bbox 487 2292 561 2320; x_wconf 88' lang='lat' dir='ltr'><strong>enim</strong></span> <span class='ocrx_word' id='word_1_648' title='bbox 584 2297 746 2328; x_wconf 70' lang='lat' dir='ltr'><strong>praetextum</strong></span> <span class='ocrx_word' id='word_1_649' title='bbox 770 2296 821 2324; x_wconf 87' lang='lat' dir='ltr'><strong>sibi</strong></span> <span class='ocrx_word' id='word_1_650' title='bbox 845 2289 975 2334; x_wconf 86' lang='lat' dir='ltr'><strong>reliquit;</strong></span> 
     </span>
    </p>
   </div>
   <div class='ocr_carea' id='block_1_89' title="bbox 189 2333 986 2372">
    <p class='ocr_par' dir='ltr' id='par_1_89' title="bbox 189 2333 986 2372">
     <span class='ocr_line' id='line_1_89' title="bbox 189 2333 986 2372; baseline 0.016 -13"><span class='ocrx_word' id='word_1_651' title='bbox 189 2336 240 2361; x_wconf 87' lang='lat' dir='ltr'><strong>nec</strong></span> <span class='ocrx_word' id='word_1_652' title='bbox 254 2333 416 2368; x_wconf 84' lang='lat' dir='ltr'><strong>injuriarum</strong></span> <span class='ocrx_word' id='word_1_653' title='bbox 433 2339 461 2363; x_wconf 86' lang='lat' dir='ltr'><strong>et</strong></span> <span class='ocrx_word' id='word_1_654' title='bbox 480 2335 713 2372; x_wconf 84' lang='lat' dir='ltr'><strong>blasphemiarum</strong></span> <span class='ocrx_word' id='word_1_655' title='bbox 740 2333 913 2370; x_wconf 81' lang='lat' dir='ltr'><strong>correctione</strong></span> <span class='ocrx_word' id='word_1_656' title='bbox 938 2352 986 2372; x_wconf 92' lang='lat' dir='ltr'><strong>ne-</strong></span> 
     </span>
    </p>
   </div>
   <div class='ocr_carea' id='block_1_90' title="bbox 188 2381 981 2422">
    <p class='ocr_par' dir='ltr' id='par_1_90' title="bbox 188 2381 981 2422">
     <span class='ocr_line' id='line_1_90' title="bbox 188 2381 981 2422; baseline 0.016 -17"><span class='ocrx_word' id='word_1_657' title='bbox 188 2386 253 2413; x_wconf 82' lang='lat' dir='ltr'><strong>que,</strong></span> <span class='ocrx_word' id='word_1_658' title='bbox 269 2383 374 2407; x_wconf 85' lang='lat' dir='ltr'><strong>tantum</strong></span> <span class='ocrx_word' id='word_1_659' title='bbox 392 2381 480 2415; x_wconf 90' lang='lat' dir='ltr'><strong>abest,</strong></span> <span class='ocrx_word' id='word_1_660' title='bbox 500 2383 664 2412; x_wconf 84' lang='lat' dir='ltr'><strong>remissione</strong></span> <span class='ocrx_word' id='word_1_661' title='bbox 687 2384 787 2420; x_wconf 82' lang='lat' dir='ltr'><strong>dignus</strong></span> <span class='ocrx_word' id='word_1_662' title='bbox 800 2387 981 2422; x_wconf 82' lang='lat' dir='ltr'><strong>jndicabilur.</strong></span> 
     </span>
    </p>
   </div>
   <div class='ocr_carea' id='block_1_91' title="bbox 188 2424 985 2463">
    <p class='ocr_par' dir='ltr' id='par_1_91' title="bbox 188 2424 985 2463">
     <span class='ocr_line' id='line_1_91' title="bbox 188 2424 985 2463; baseline 0.015 -12"><span class='ocrx_word' id='word_1_663' title='bbox 188 2424 381 2453; x_wconf 86' lang='lat' dir='ltr'><strong>Comedentem</strong></span> <span class='ocrx_word' id='word_1_664' title='bbox 395 2431 423 2454; x_wconf 89' lang='lat' dir='ltr'><strong>et</strong></span> <span class='ocrx_word' id='word_1_665' title='bbox 435 2427 572 2456; x_wconf 84' lang='lat' dir='ltr'><strong>bibentem</strong></span> <span class='ocrx_word' id='word_1_666' title='bbox 587 2429 690 2463; x_wconf 82' lang='lat' dir='ltr'><strong>vidisti,</strong></span> <span class='ocrx_word' id='word_1_667' title='bbox 704 2437 727 2458; x_wconf 89' lang='lat' dir='ltr'><strong>et</strong></span> <span class='ocrx_word' id='word_1_668' title='bbox 744 2432 804 2460; x_wconf 89' lang='lat' dir='ltr'><strong>idco</strong></span> <span class='ocrx_word' id='word_1_669' title='bbox 815 2441 876 2461; x_wconf 91' lang='lat' dir='ltr'><strong>eum</strong></span> <span class='ocrx_word' id='word_1_670' title='bbox 894 2443 985 2463; x_wconf 86' lang='lat' dir='ltr'><strong>come-</strong></span> 
     </span>
    </p>
   </div>
   <div class='ocr_carea' id='block_1_92' title="bbox 188 2469 984 2515">
    <p class='ocr_par' dir='ltr' id='par_1_92' title="bbox 188 2469 984 2515">
     <span class='ocr_line' id='line_1_92' title="bbox 188 2469 984 2515; baseline 0.015 -19"><span class='ocrx_word' id='word_1_671' title='bbox 188 2469 290 2497; x_wconf 86' lang='lat' dir='ltr'><strong>donem</strong></span> <span class='ocrx_word' id='word_1_672' title='bbox 303 2475 330 2498; x_wconf 88' lang='lat' dir='ltr'><strong>et</strong></span> <span class='ocrx_word' id='word_1_673' title='bbox 346 2470 402 2499; x_wconf 86' lang='lat' dir='ltr'><strong>vini</strong></span> <span class='ocrx_word' id='word_1_674' title='bbox 415 2476 539 2507; x_wconf 88' lang='lat' dir='ltr'><strong>potorem</strong></span> <span class='ocrx_word' id='word_1_675' title='bbox 555 2481 654 2508; x_wconf 84' lang='lat' dir='ltr'><strong>vocas;</strong></span> <span class='ocrx_word' id='word_1_676' title='bbox 670 2482 829 2510; x_wconf 84' lang='lat' dir='ltr'><strong>peccatores</strong></span> <span class='ocrx_word' id='word_1_677' title='bbox 850 2483 877 2506; x_wconf 82' lang='lat' dir='ltr'><strong>et</strong></span> <span class='ocrx_word' id='word_1_678' title='bbox 892 2481 984 2515; x_wconf 82' lang='lat' dir='ltr'><strong>publi-</strong></span> 
     </span>
    </p>
   </div>
   <div class='ocr_carea' id='block_1_93' title="bbox 189 2516 985 2559">
    <p class='ocr_par' dir='ltr' id='par_1_93' title="bbox 189 2516 985 2559">
     <span class='ocr_line' id='line_1_93' title="bbox 189 2516 985 2559; baseline 0.015 -17"><span class='ocrx_word' id='word_1_679' title='bbox 189 2522 276 2543; x_wconf 83' lang='lat' dir='ltr'><strong>canos</strong></span> <span class='ocrx_word' id='word_1_680' title='bbox 290 2516 481 2552; x_wconf 81' lang='lat' dir='ltr'><strong>accipientem,</strong></span> <span class='ocrx_word' id='word_1_681' title='bbox 493 2522 520 2546; x_wconf 91' lang='lat' dir='ltr'><strong>et</strong></span> <span class='ocrx_word' id='word_1_682' title='bbox 532 2519 558 2547; x_wconf 92' lang='lat' dir='ltr'><strong>id</strong></span> <span class='ocrx_word' id='word_1_683' title='bbox 573 2525 599 2548; x_wconf 82' lang='lat' dir='ltr'><strong>te</strong></span> <span class='ocrx_word' id='word_1_684' title='bbox 613 2520 721 2556; x_wconf 89' lang='lat' dir='ltr'><strong>impulit</strong></span> <span class='ocrx_word' id='word_1_685' title='bbox 743 2529 771 2551; x_wconf 90' lang='lat' dir='ltr'><strong>ut</strong></span> <span class='ocrx_word' id='word_1_686' title='bbox 784 2524 809 2552; x_wconf 90' lang='lat' dir='ltr'><strong>ei</strong></span> <span class='ocrx_word' id='word_1_687' title='bbox 826 2525 985 2559; x_wconf 86' lang='lat' dir='ltr'><strong>publicano-</strong></span> 
     </span>
    </p>
   </div>
   <div class='ocr_carea' id='block_1_94' title="bbox 190 2561 986 2604">
    <p class='ocr_par' dir='ltr' id='par_1_94' title="bbox 190 2561 986 2604">
     <span class='ocr_line' id='line_1_94' title="bbox 190 2561 986 2604; baseline 0.016 -17"><span class='ocrx_word' id='word_1_688' title='bbox 190 2569 252 2588; x_wconf 91' lang='lat' dir='ltr'><strong>rum</strong></span> <span class='ocrx_word' id='word_1_689' title='bbox 282 2566 310 2589; x_wconf 87' lang='lat' dir='ltr'><strong>ct</strong></span> <span class='ocrx_word' id='word_1_690' title='bbox 334 2561 509 2598; x_wconf 82' lang='lat' dir='ltr'><strong>peccatorum</strong></span> <span class='ocrx_word' id='word_1_691' title='bbox 533 2566 682 2594; x_wconf 85' lang='lat' dir='ltr'><strong>amicitiam</strong></span> <span class='ocrx_word' id='word_1_692' title='bbox 708 2570 906 2604; x_wconf 73' lang='lat' dir='ltr'><strong>exprobrares?</strong></span> <span class='ocrx_word' id='word_1_693' title='bbox 932 2571 986 2600; x_wconf 87' lang='lat' dir='ltr'><strong>Sed</strong></span> 
     </span>
    </p>
   </div>
   <div class='ocr_carea' id='block_1_95' title="bbox 191 2606 982 2651">
    <p class='ocr_par' dir='ltr' id='par_1_95' title="bbox 191 2606 982 2651">
     <span class='ocr_line' id='line_1_95' title="bbox 191 2606 982 2651; baseline 0.014 -18"><span class='ocrx_word' id='word_1_694' title='bbox 191 2606 242 2634; x_wconf 85' lang='lat' dir='ltr'><strong>libi</strong></span> <span class='ocrx_word' id='word_1_695' title='bbox 257 2608 365 2636; x_wconf 71' lang='lat' dir='ltr'><strong>eXcelsa</strong></span> <span class='ocrx_word' id='word_1_696' title='bbox 379 2609 574 2645; x_wconf 87' lang='lat' dir='ltr'><strong>relinquuntur</strong></span> <span class='ocrx_word' id='word_1_697' title='bbox 589 2619 637 2647; x_wconf 90' lang='lat' dir='ltr'><strong>per</strong></span> <span class='ocrx_word' id='word_1_698' title='bbox 650 2621 711 2647; x_wconf 78' lang='lat' dir='ltr'><strong>qua:</strong></span> <span class='ocrx_word' id='word_1_699' title='bbox 734 2620 760 2642; x_wconf 91' lang='lat' dir='ltr'><strong>et</strong></span> <span class='ocrx_word' id='word_1_700' title='bbox 773 2615 807 2642; x_wconf 85' lang='lat' dir='ltr'><strong>ab</strong></span> <span class='ocrx_word' id='word_1_701' title='bbox 821 2616 855 2643; x_wconf 91' lang='lat' dir='ltr'><strong>iis</strong></span> <span class='ocrx_word' id='word_1_702' title='bbox 872 2613 982 2651; x_wconf 79' lang='lat' dir='ltr'><strong>injuriis</strong></span> 
     </span>
    </p>
   </div>
   <div class='ocr_carea' id='block_1_96' title="bbox 166 2652 984 2694">
    <p class='ocr_par' dir='ltr' id='par_1_96' title="bbox 166 2652 984 2694">
     <span class='ocr_line' id='line_1_96' title="bbox 166 2652 984 2694; baseline 0.012 -15"><span class='ocrx_word' id='word_1_703' title='bbox 166 2676 171 2680; x_wconf 89' lang='lat'><strong>.</strong></span> <span class='ocrx_word' id='word_1_704' title='bbox 191 2652 322 2681; x_wconf 86' lang='lat' dir='ltr'><strong>recedens</strong></span> <span class='ocrx_word' id='word_1_705' title='bbox 337 2658 365 2681; x_wconf 91' lang='lat' dir='ltr'><strong>et</strong></span> <span class='ocrx_word' id='word_1_706' title='bbox 381 2655 414 2682; x_wconf 87' lang='lat' dir='ltr'><strong>ad</strong></span> <span class='ocrx_word' id='word_1_707' title='bbox 433 2656 622 2690; x_wconf 66' lang='lat' dir='ltr'><strong>paenitentiam</strong></span> <span class='ocrx_word' id='word_1_708' title='bbox 643 2658 815 2694; x_wconf 78' lang='lat' dir='ltr'><strong>confugiens,</strong></span> <span class='ocrx_word' id='word_1_709' title='bbox 841 2662 984 2689; x_wconf 88' lang='lat' dir='ltr'><strong>remissio-</strong></span> 
     </span>
    </p>
   </div>
   <div class='ocr_carea' id='block_1_97' title="bbox 194 2698 981 2736">
    <p class='ocr_par' dir='ltr' id='par_1_97' title="bbox 194 2698 981 2736">
     <span class='ocr_line' id='line_1_97' title="bbox 194 2698 981 2736; baseline 0.013 -11"><span class='ocrx_word' id='word_1_710' title='bbox 194 2705 256 2725; x_wconf 88' lang='lat' dir='ltr'><strong>nem</strong></span> <span class='ocrx_word' id='word_1_711' title='bbox 276 2698 410 2733; x_wconf 82' lang='lat' dir='ltr'><strong>invenies,</strong></span> <span class='ocrx_word' id='word_1_712' title='bbox 429 2701 492 2736; x_wconf 84' lang='lat' dir='ltr'><strong>quia</strong></span> <span class='ocrx_word' id='word_1_713' title='bbox 504 2710 566 2730; x_wconf 90' lang='lat' dir='ltr'><strong>cum</strong></span> <span class='ocrx_word' id='word_1_714' title='bbox 583 2704 698 2732; x_wconf 90' lang='lat' dir='ltr'><strong>muliere</strong></span> <span class='ocrx_word' id='word_1_715' title='bbox 713 2711 738 2732; x_wconf 94' lang='lat' dir='ltr'><strong>et</strong></span> <span class='ocrx_word' id='word_1_716' title='bbox 749 2705 795 2733; x_wconf 89' lang='lat' dir='ltr'><strong>illa</strong></span> <span class='ocrx_word' id='word_1_717' title='bbox 807 2705 981 2735; x_wconf 89' lang='lat' dir='ltr'><strong>Samaritana</strong></span> 
     </span>
    </p>
   </div>
   <div class='ocr_carea' id='block_1_98' title="bbox 192 2743 977 2787">
    <p class='ocr_par' dir='ltr' id='par_1_98' title="bbox 192 2743 977 2787">
     <span class='ocr_line' id='line_1_98' title="bbox 192 2743 977 2787; baseline 0.013 -16"><span class='ocrx_word' id='word_1_718' title='bbox 192 2743 300 2773; x_wconf 82' lang='lat' dir='ltr'><strong>locutus</strong></span> <span class='ocrx_word' id='word_1_719' title='bbox 315 2751 394 2774; x_wconf 88' lang='lat' dir='ltr'><strong>estet</strong></span> <span class='ocrx_word' id='word_1_720' title='bbox 411 2748 445 2776; x_wconf 91' lang='lat' dir='ltr'><strong>ab</strong></span> <span class='ocrx_word' id='word_1_721' title='bbox 453 2756 485 2776; x_wconf 87' lang='lat' dir='ltr'><strong>ea</strong></span> <span class='ocrx_word' id='word_1_722' title='bbox 506 2756 604 2785; x_wconf 84' lang='lat' dir='ltr'><strong>aquam</strong></span> <span class='ocrx_word' id='word_1_723' title='bbox 630 2750 723 2779; x_wconf 86' lang='lat' dir='ltr'><strong>bibere</strong></span> <span class='ocrx_word' id='word_1_724' title='bbox 745 2753 902 2787; x_wconf 76' lang='lat' dir='ltr'><strong>pOStulavit,</strong></span> <span class='ocrx_word' id='word_1_725' title='bbox 920 2755 977 2781; x_wconf 88' lang='lat' dir='ltr'><strong>lm-</strong></span> 
     </span>
    </p>
   </div>
   <div class='ocr_carea' id='block_1_99' title="bbox 230 2836 786 2875">
    <p class='ocr_par' dir='ltr' id='par_1_99' title="bbox 230 2836 786 2875">
     <span class='ocr_line' id='line_1_99' title="bbox 230 2836 786 2875; baseline 0.013 -12"><span class='ocrx_word' id='word_1_726' title='bbox 230 2838 253 2854; x_wconf 88' lang='lat'><strong><em>&quot;</em></strong></span> <span class='ocrx_word' id='word_1_727' title='bbox 268 2836 365 2866; x_wconf 81' lang='lat' dir='ltr'><strong>Matth.</strong></span> <span class='ocrx_word' id='word_1_728' title='bbox 391 2846 429 2872; x_wconf 73' lang='lat' dir='ltr'><strong>x1,</strong></span> <span class='ocrx_word' id='word_1_729' title='bbox 450 2839 490 2867; x_wconf 79' lang='lat'><strong>18.</strong></span> <span class='ocrx_word' id='word_1_730' title='bbox 531 2841 552 2856; x_wconf 85' lang='grc'><strong>⁷⁸</strong></span> <span class='ocrx_word' id='word_1_731' title='bbox 570 2839 666 2870; x_wconf 77' lang='lat' dir='ltr'><strong>Matth.</strong></span> <span class='ocrx_word' id='word_1_732' title='bbox 685 2849 723 2875; x_wconf 81' lang='lat' dir='ltr'><strong>ix,</strong></span> <span class='ocrx_word' id='word_1_733' title='bbox 741 2842 786 2872; x_wconf 59' lang='lat'><strong>&#39;54.</strong></span> 
     </span>
    </p>
   </div>
   <div class='ocr_carea' id='block_1_100' title="bbox 1070 1972 1836 2017">
    <p class='ocr_par' dir='ltr' id='par_1_100' title="bbox 1070 1972 1836 2017">
     <span class='ocr_line' id='line_1_100' title="bbox 1070 1972 1836 2017; baseline -0.012 -10"><span class='ocrx_word' id='word_1_734' title='bbox 1070 1981 1122 2007; x_wconf 79' lang='grc' dir='ltr'><strong>Τὸν</strong></span> <span class='ocrx_word' id='word_1_735' title='bbox 1131 1977 1371 2015; x_wconf 82' lang='grc' dir='ltr'>βλασφημήσαντα</span> <span class='ocrx_word' id='word_1_736' title='bbox 1384 1974 1473 2001; x_wconf 81' lang='grc' dir='ltr'>τοίνυν</span> <span class='ocrx_word' id='word_1_737' title='bbox 1482 1975 1520 2017; x_wconf 81' lang='grc' dir='ltr'><strong>εἰς</strong></span> <span class='ocrx_word' id='word_1_738' title='bbox 1531 1973 1562 2000; x_wconf 78' lang='grc' dir='ltr'><strong>τὸ</strong></span> <span class='ocrx_word' id='word_1_739' title='bbox 1571 1972 1684 2011; x_wconf 57' lang='grc' dir='ltr'>Πνεῦμα</span> <span class='ocrx_word' id='word_1_740' title='bbox 1698 1973 1731 1999; x_wconf 76' lang='grc' dir='ltr'>τὸ</span> <span class='ocrx_word' id='word_1_741' title='bbox 1744 1973 1836 2007; x_wconf 72' lang='grc' dir='ltr'>ἅγιον,</span> 
     </span>
    </p>
   </div>
   <div class='ocr_carea' id='block_1_101' title="bbox 1034 2018 1838 2056">
    <p class='ocr_par' dir='ltr' id='par_1_101' title="bbox 1034 2018 1838 2056">
     <span class='ocr_line' id='line_1_101' title="bbox 1034 2018 1838 2056; baseline -0.011 -3"><span class='ocrx_word' id='word_1_742' title='bbox 1034 2026 1175 2053; x_wconf 81' lang='grc' dir='ltr'>τουτέστιν</span> <span class='ocrx_word' id='word_1_743' title='bbox 1195 2025 1235 2055; x_wconf 78' lang='grc' dir='ltr'><strong>είς</strong></span> <span class='ocrx_word' id='word_1_744' title='bbox 1259 2022 1308 2053; x_wconf 68' lang='grc' dir='ltr'>τὰς</span> <span class='ocrx_word' id='word_1_745' title='bbox 1335 2019 1511 2056; x_wconf 82' lang='grc' dir='ltr'>θεοσημείας,</span> <span class='ocrx_word' id='word_1_746' title='bbox 1533 2019 1579 2046; x_wconf 71' lang='grc' dir='ltr'>καὶ</span> <span class='ocrx_word' id='word_1_747' title='bbox 1599 2019 1668 2054; x_wconf 82' lang='grc' dir='ltr'>μηδὲ</span> <span class='ocrx_word' id='word_1_748' title='bbox 1683 2018 1722 2045; x_wconf 36' lang='grc' dir='ltr'>δι’*</span> <span class='ocrx_word' id='word_1_749' title='bbox 1744 2020 1838 2046; x_wconf 66' lang='grc' dir='ltr'>αὐτῶν</span> 
     </span>
    </p>
   </div>
   <div class='ocr_carea' id='block_1_102' title="bbox 1033 2064 1838 2107">
    <p class='ocr_par' dir='ltr' id='par_1_102' title="bbox 1033 2064 1838 2107">
     <span class='ocr_line' id='line_1_102' title="bbox 1033 2064 1838 2107; baseline -0.006 -12"><span class='ocrx_word' id='word_1_750' title='bbox 1033 2073 1084 2106; x_wconf 72' lang='grc' dir='ltr'>τῂν</span> <span class='ocrx_word' id='word_1_751' title='bbox 1098 2070 1235 2107; x_wconf 81' lang='grc' dir='ltr'>προτέραν</span> <span class='ocrx_word' id='word_1_752' title='bbox 1262 2066 1419 2104; x_wconf 78' lang='grc' dir='ltr'>δυσφημίαν</span> <span class='ocrx_word' id='word_1_753' title='bbox 1438 2065 1721 2106; x_wconf 69' lang='grc' dir='ltr'><strong>ἀποσκευασάμενον⁸</strong></span> <span class='ocrx_word' id='word_1_754' title='bbox 1737 2064 1838 2091; x_wconf 81' lang='grc' dir='ltr'>τοῦτον</span> 
     </span>
    </p>
   </div>
   <div class='ocr_carea' id='block_1_103' title="bbox 1034 2110 1837 2152">
    <p class='ocr_par' dir='ltr' id='par_1_103' title="bbox 1034 2110 1837 2152">
     <span class='ocr_line' id='line_1_103' title="bbox 1034 2110 1837 2152; baseline -0.011 -7"><span class='ocrx_word' id='word_1_755' title='bbox 1034 2117 1111 2144; x_wconf 78' lang='grc' dir='ltr'>οὐδὲν</span> <span class='ocrx_word' id='word_1_756' title='bbox 1138 2117 1234 2152; x_wconf 72' lang='grc' dir='ltr'>ἕτερον</span> <span class='ocrx_word' id='word_1_757' title='bbox 1264 2113 1461 2150; x_wconf 85' lang='grc' dir='ltr'>διορθώσεται·</span> <span class='ocrx_word' id='word_1_758' title='bbox 1492 2111 1535 2148; x_wconf 76' lang='grc' dir='ltr'><strong>μὴ.</strong></span> <span class='ocrx_word' id='word_1_759' title='bbox 1558 2110 1756 2151; x_wconf 66' lang='grc' dir='ltr'>διορθούμενον</span> <span class='ocrx_word' id='word_1_760' title='bbox 1790 2111 1837 2143; x_wconf 75' lang='grc' dir='ltr'>δὲ,</span> 
     </span>
    </p>
   </div>
   <div class='ocr_carea' id='block_1_104' title="bbox 1001 2155 1838 2212">
    <p class='ocr_par' dir='ltr' id='par_1_104' title="bbox 1001 2155 1838 2212">
     <span class='ocr_line' id='line_1_104' title="bbox 1001 2155 1838 2212; baseline -0.012 -21"><span class='ocrx_word' id='word_1_761' title='bbox 1001 2184 1022 2212; x_wconf 83' lang='lat' dir='ltr'><strong>D</strong></span> <span class='ocrx_word' id='word_1_762' title='bbox 1037 2159 1151 2197; x_wconf 71' lang='grc' dir='ltr'>πόθενή</span> <span class='ocrx_word' id='word_1_763' title='bbox 1166 2162 1263 2197; x_wconf 79' lang='grc' dir='ltr'>ἄφεσις</span> <span class='ocrx_word' id='word_1_764' title='bbox 1276 2158 1457 2193; x_wconf 83' lang='grc' dir='ltr'>ἀκολουθήσει</span> <span class='ocrx_word' id='word_1_765' title='bbox 1474 2155 1522 2209; x_wconf 45' lang='lat' dir='ltr'><strong>tot&quot;)</strong></span> <span class='ocrx_word' id='word_1_766' title='bbox 1543 2157 1748 2212; x_wconf 71' lang='grc' dir='ltr'>ἁμαρτήματος</span> <span class='ocrx_word' id='word_1_767' title='bbox 1758 2156 1838 2212; x_wconf 48' lang='grc' dir='ltr'>ἔδεό-</span> 
     </span>
    </p>
   </div>
   <div class='ocr_carea' id='block_1_105' title="bbox 1036 2202 1840 2246">
    <p class='ocr_par' dir='ltr' id='par_1_105' title="bbox 1036 2202 1840 2246">
     <span class='ocr_line' id='line_1_105' title="bbox 1036 2202 1840 2246; baseline -0.011 -10"><span class='ocrx_word' id='word_1_768' title='bbox 1036 2218 1089 2246; x_wconf 86' lang='grc' dir='ltr'><strong>περ</strong></span> <span class='ocrx_word' id='word_1_769' title='bbox 1103 2208 1222 2242; x_wconf 76' lang='grc' dir='ltr'>εὐλόγως</span> <span class='ocrx_word' id='word_1_770' title='bbox 1244 2215 1274 2233; x_wconf 79' lang='grc' dir='ltr'><strong>τε</strong></span> <span class='ocrx_word' id='word_1_771' title='bbox 1301 2206 1349 2232; x_wconf 74' lang='grc' dir='ltr'>καὶ</span> <span class='ocrx_word' id='word_1_772' title='bbox 1377 2203 1539 2239; x_wconf 80' lang='grc' dir='ltr'>θεοπρεπῶς</span> <span class='ocrx_word' id='word_1_773' title='bbox 1563 2203 1578 2228; x_wconf 85' lang='grc' dir='ltr'><strong>ὸ</strong></span> <span class='ocrx_word' id='word_1_774' title='bbox 1602 2202 1739 2236; x_wconf 76' lang='grc' dir='ltr'>σωτήριος</span> <span class='ocrx_word' id='word_1_775' title='bbox 1758 2202 1840 2235; x_wconf 76' lang='grc' dir='ltr'>λόγος</span> 
     </span>
    </p>
   </div>
   <div class='ocr_carea' id='block_1_106' title="bbox 1034 2248 1841 2288">
    <p class='ocr_par' dir='ltr' id='par_1_106' title="bbox 1034 2248 1841 2288">
     <span class='ocr_line' id='line_1_106' title="bbox 1034 2248 1841 2288; baseline -0.011 -6"><span class='ocrx_word' id='word_1_776' title='bbox 1034 2255 1080 2283; x_wconf 74' lang='grc' dir='ltr'><strong>τὸν</strong></span> <span class='ocrx_word' id='word_1_777' title='bbox 1103 2254 1154 2286; x_wconf 75' lang='grc' dir='ltr'><strong>τὰς</strong></span> <span class='ocrx_word' id='word_1_778' title='bbox 1190 2252 1336 2288; x_wconf 83' lang='grc' dir='ltr'>Θεουργίας</span> <span class='ocrx_word' id='word_1_779' title='bbox 1361 2252 1402 2283; x_wconf 81' lang='grc' dir='ltr'><strong>εἰς</strong></span> <span class='ocrx_word' id='word_1_780' title='bbox 1438 2248 1614 2285; x_wconf 82' lang='grc' dir='ltr'>βλασφημίαν</span> <span class='ocrx_word' id='word_1_781' title='bbox 1643 2248 1841 2284; x_wconf 70' lang='grc' dir='ltr'>μεταστρέψαι</span> 
     </span>
    </p>
   </div>
   <div class='ocr_carea' id='block_1_107' title="bbox 1036 2293 1840 2341">
    <p class='ocr_par' dir='ltr' id='par_1_107' title="bbox 1036 2293 1840 2341">
     <span class='ocr_line' id='line_1_107' title="bbox 1036 2293 1840 2341; baseline -0.012 -13"><span class='ocrx_word' id='word_1_782' title='bbox 1036 2300 1278 2336; x_wconf 80' lang='grc' dir='ltr'>φιλονεικήσαντα,</span> <span class='ocrx_word' id='word_1_783' title='bbox 1292 2297 1394 2341; x_wconf 51' lang='grc' dir='ltr'>πάσης.</span> <span class='ocrx_word' id='word_1_784' title='bbox 1408 2295 1577 2330; x_wconf 85' lang='grc' dir='ltr'>συγγνώμης</span> <span class='ocrx_word' id='word_1_785' title='bbox 1599 2293 1710 2341; x_wconf 68' lang='grc' dir='ltr'>ἀνάξιον</span> <span class='ocrx_word' id='word_1_786' title='bbox 1724 2294 1743 2341; x_wconf 71' lang='grc' dir='ltr'><strong>ή</strong></span> <span class='ocrx_word' id='word_1_787' title='bbox 1760 2293 1840 2341; x_wconf 70' lang='grc' dir='ltr'>πηγὴ</span> 
     </span>
    </p>
   </div>
   <div class='ocr_carea' id='block_1_108' title="bbox 1035 2339 1840 2382">
    <p class='ocr_par' dir='ltr' id='par_1_108' title="bbox 1035 2339 1840 2382">
     <span class='ocr_line' id='line_1_108' title="bbox 1035 2339 1840 2382; baseline -0.012 -8"><span class='ocrx_word' id='word_1_788' title='bbox 1035 2347 1086 2382; x_wconf 81' lang='grc' dir='ltr'><strong>τῆς</strong></span> <span class='ocrx_word' id='word_1_789' title='bbox 1098 2346 1221 2380; x_wconf 78' lang='grc' dir='ltr'>ἀφέσεως</span> <span class='ocrx_word' id='word_1_790' title='bbox 1232 2339 1395 2379; x_wconf 82' lang='grc' dir='ltr'>ἀπεφήνατὸ</span> <span class='ocrx_word' id='word_1_791' title='bbox 1406 2350 1413 2357; x_wconf 87' lang='grc'><strong>·</strong></span> <span class='ocrx_word' id='word_1_792' title='bbox 1439 2341 1569 2377; x_wconf 80' lang='grc' dir='ltr'>οὐδεμίαν</span> <span class='ocrx_word' id='word_1_793' title='bbox 1585 2339 1638 2375; x_wconf 80' lang='grc' dir='ltr'><strong>γὰρ</strong></span> <span class='ocrx_word' id='word_1_794' title='bbox 1656 2339 1750 2374; x_wconf 77' lang='grc' dir='ltr'>ἑαυτῷ</span> <span class='ocrx_word' id='word_1_795' title='bbox 1769 2339 1840 2374; x_wconf 77' lang='grc' dir='ltr'>σι’ρὸ-</span> 
     </span>
    </p>
   </div>
   <div class='ocr_carea' id='block_1_109' title="bbox 1037 2385 1839 2426">
    <p class='ocr_par' dir='ltr' id='par_1_109' title="bbox 1037 2385 1839 2426">
     <span class='ocr_line' id='line_1_109' title="bbox 1037 2385 1839 2426; baseline -0.009 -8"><span class='ocrx_word' id='word_1_796' title='bbox 1037 2399 1121 2426; x_wconf 84' lang='grc' dir='ltr'>φασιν</span> <span class='ocrx_word' id='word_1_797' title='bbox 1136 2389 1323 2421; x_wconf 82' lang='grc' dir='ltr'>ὑπελελοιπὼς</span> <span class='ocrx_word' id='word_1_798' title='bbox 1348 2386 1412 2415; x_wconf 70' lang='grc' dir='ltr'>οὔτε</span> <span class='ocrx_word' id='word_1_799' title='bbox 1439 2387 1610 2423; x_wconf 79' lang='grc' dir='ltr'>διορθώσεως</span> <span class='ocrx_word' id='word_1_800' title='bbox 1627 2386 1682 2412; x_wconf 85' lang='grc' dir='ltr'><strong>τῶν</strong></span> <span class='ocrx_word' id='word_1_801' title='bbox 1696 2385 1776 2412; x_wconf 83' lang='grc' dir='ltr'><strong>κατά</strong></span> <span class='ocrx_word' id='word_1_802' title='bbox 1790 2385 1839 2411; x_wconf 71' lang='grc' dir='ltr'>τοῦ</span> 
     </span>
    </p>
   </div>
   <div class='ocr_carea' id='block_1_110' title="bbox 1036 2430 1842 2472">
    <p class='ocr_par' dir='ltr' id='par_1_110' title="bbox 1036 2430 1842 2472">
     <span class='ocr_line' id='line_1_110' title="bbox 1036 2430 1842 2472; baseline -0.01 -8"><span class='ocrx_word' id='word_1_803' title='bbox 1036 2437 1194 2472; x_wconf 79' lang='grc' dir='ltr'>Πνεύματος</span> <span class='ocrx_word' id='word_1_804' title='bbox 1208 2436 1316 2472; x_wconf 79' lang='grc' dir='ltr'>ὕϐρεων</span> <span class='ocrx_word' id='word_1_805' title='bbox 1328 2435 1375 2462; x_wconf 70' lang='grc' dir='ltr'><strong>καὶ</strong></span> <span class='ocrx_word' id='word_1_806' title='bbox 1387 2433 1580 2469; x_wconf 84' lang='grc' dir='ltr'>βλασφημιῶν,</span> <span class='ocrx_word' id='word_1_807' title='bbox 1598 2432 1660 2458; x_wconf 79' lang='grc' dir='ltr'>οὐδὲ</span> <span class='ocrx_word' id='word_1_808' title='bbox 1676 2430 1782 2458; x_wconf 80' lang='grc' dir='ltr'>πολλοῦ</span> <span class='ocrx_word' id='word_1_809' title='bbox 1801 2431 1842 2457; x_wconf 79' lang='grc' dir='ltr'><strong>δεῖ</strong></span> 
     </span>
    </p>
   </div>
   <div class='ocr_carea' id='block_1_111' title="bbox 1036 2477 1841 2518">
    <p class='ocr_par' dir='ltr' id='par_1_111' title="bbox 1036 2477 1841 2518">
     <span class='ocr_line' id='line_1_111' title="bbox 1036 2477 1841 2518; baseline -0.01 -8"><span class='ocrx_word' id='word_1_810' title='bbox 1036 2484 1086 2518; x_wconf 79' lang='grc' dir='ltr'>τῆς</span> <span class='ocrx_word' id='word_1_811' title='bbox 1116 2482 1239 2517; x_wconf 79' lang='grc' dir='ltr'>ἀφέσεως</span> <span class='ocrx_word' id='word_1_812' title='bbox 1270 2481 1470 2516; x_wconf 76' lang='grc' dir='ltr'>ἀξιωθήσεται·</span> <span class='ocrx_word' id='word_1_813' title='bbox 1500 2478 1625 2505; x_wconf 77' lang='grc' dir='ltr'>ἐσθίοντα</span> <span class='ocrx_word' id='word_1_814' title='bbox 1654 2478 1703 2504; x_wconf 78' lang='grc' dir='ltr'>καὶ</span> <span class='ocrx_word' id='word_1_815' title='bbox 1718 2477 1841 2504; x_wconf 82' lang='grc' dir='ltr'>πίνοντα</span> 
     </span>
    </p>
   </div>
   <div class='ocr_carea' id='block_1_112' title="bbox 1036 2524 1839 2561">
    <p class='ocr_par' dir='ltr' id='par_1_112' title="bbox 1036 2524 1839 2561">
     <span class='ocr_line' id='line_1_112' title="bbox 1036 2524 1839 2561; baseline -0.007 -6"><span class='ocrx_word' id='word_1_816' title='bbox 1036 2527 1117 2561; x_wconf 77' lang='grc' dir='ltr'>εἶδες,</span> <span class='ocrx_word' id='word_1_817' title='bbox 1145 2529 1191 2555; x_wconf 80' lang='grc' dir='ltr'>καὶ</span> <span class='ocrx_word' id='word_1_818' title='bbox 1207 2528 1252 2554; x_wconf 80' lang='grc' dir='ltr'><strong>διὰ</strong></span> <span class='ocrx_word' id='word_1_819' title='bbox 1282 2527 1361 2554; x_wconf 74' lang='grc' dir='ltr'>τοῦτο</span> <span class='ocrx_word' id='word_1_820' title='bbox 1387 2527 1474 2561; x_wconf 84' lang='grc' dir='ltr'>φάγον</span> <span class='ocrx_word' id='word_1_821' title='bbox 1488 2526 1582 2556; x_wconf 84' lang='grc' dir='ltr'>καλεῖς</span> <span class='ocrx_word' id='word_1_822' title='bbox 1596 2525 1644 2551; x_wconf 75' lang='grc' dir='ltr'>καὶ</span> <span class='ocrx_word' id='word_1_823' title='bbox 1665 2524 1839 2559; x_wconf 77' lang='grc' dir='ltr'>οίνοπότηνς</span> 
     </span>
    </p>
   </div>
   <div class='ocr_carea' id='block_1_113' title="bbox 1038 2569 1840 2610">
    <p class='ocr_par' dir='ltr' id='par_1_113' title="bbox 1038 2569 1840 2610">
     <span class='ocr_line' id='line_1_113' title="bbox 1038 2569 1840 2610; baseline -0.007 -9"><span class='ocrx_word' id='word_1_824' title='bbox 1038 2575 1217 2610; x_wconf 81' lang='grc' dir='ltr'>ἁμαρτωλοὺς</span> <span class='ocrx_word' id='word_1_825' title='bbox 1243 2574 1291 2600; x_wconf 75' lang='grc' dir='ltr'>καὶ</span> <span class='ocrx_word' id='word_1_826' title='bbox 1312 2572 1433 2604; x_wconf 84' lang='grc' dir='ltr'>τελώνας</span> <span class='ocrx_word' id='word_1_827' title='bbox 1452 2571 1679 2608; x_wconf 81' lang='grc' dir='ltr'>προσδεχόμενον,</span> <span class='ocrx_word' id='word_1_828' title='bbox 1693 2570 1745 2596; x_wconf 73' lang='grc' dir='ltr'>καὶ</span> <span class='ocrx_word' id='word_1_829' title='bbox 1755 2569 1840 2596; x_wconf 77' lang='grc' dir='ltr'>τοῦτό</span> 
     </span>
    </p>
   </div>
   <div class='ocr_carea' id='block_1_114' title="bbox 1037 2614 1838 2652">
    <p class='ocr_par' dir='ltr' id='par_1_114' title="bbox 1037 2614 1838 2652">
     <span class='ocr_line' id='line_1_114' title="bbox 1037 2614 1838 2652; baseline -0.007 -7"><span class='ocrx_word' id='word_1_830' title='bbox 1037 2628 1066 2645; x_wconf 91' lang='grc' dir='ltr'><strong>σε</strong></span> <span class='ocrx_word' id='word_1_831' title='bbox 1078 2619 1202 2646; x_wconf 84' lang='grc' dir='ltr'>τελωνῶν</span> <span class='ocrx_word' id='word_1_832' title='bbox 1214 2617 1353 2645; x_wconf 73' lang='grc' dir='ltr'>ἐπικαλεῖν</span> <span class='ocrx_word' id='word_1_833' title='bbox 1364 2618 1456 2652; x_wconf 84' lang='grc' dir='ltr'>φιλίαν</span> <span class='ocrx_word' id='word_1_834' title='bbox 1464 2617 1512 2644; x_wconf 78' lang='grc' dir='ltr'>καὶ</span> <span class='ocrx_word' id='word_1_835' title='bbox 1520 2614 1693 2651; x_wconf 79' lang='grc' dir='ltr'>ἁμαρτωλῶν</span> <span class='ocrx_word' id='word_1_836' title='bbox 1706 2615 1822 2650; x_wconf 78' lang='grc' dir='ltr'>ἐπῆρεν</span> <span class='ocrx_word' id='word_1_837' title='bbox 1830 2635 1838 2647; x_wconf 75' lang='lat'><strong>,</strong></span> 
     </span>
    </p>
   </div>
   <div class='ocr_carea' id='block_1_115' title="bbox 1037 2660 1840 2699">
    <p class='ocr_par' dir='ltr' id='par_1_115' title="bbox 1037 2660 1840 2699">
     <span class='ocr_line' id='line_1_115' title="bbox 1037 2660 1840 2699; baseline -0.005 -8"><span class='ocrx_word' id='word_1_838' title='bbox 1037 2664 1094 2691; x_wconf 83' lang='grc' dir='ltr'>ἀλλ’</span> <span class='ocrx_word' id='word_1_839' title='bbox 1109 2663 1286 2691; x_wconf 85' lang='grc' dir='ltr'>ὑπολείπεταί</span> <span class='ocrx_word' id='word_1_840' title='bbox 1302 2673 1343 2691; x_wconf 88' lang='grc' dir='ltr'><strong>σοι</strong></span> <span class='ocrx_word' id='word_1_841' title='bbox 1352 2664 1386 2690; x_wconf 77' lang='grc' dir='ltr'><strong>τὰ</strong></span> <span class='ocrx_word' id='word_1_842' title='bbox 1396 2663 1496 2699; x_wconf 77' lang='grc' dir='ltr'>ὑψηλὰ,</span> <span class='ocrx_word' id='word_1_843' title='bbox 1506 2663 1540 2689; x_wconf 81' lang='grc' dir='ltr'>δι’</span> <span class='ocrx_word' id='word_1_844' title='bbox 1555 2660 1592 2689; x_wconf 78' lang='grc' dir='ltr'><strong>ὧν</strong></span> <span class='ocrx_word' id='word_1_845' title='bbox 1603 2662 1650 2688; x_wconf 77' lang='grc' dir='ltr'>καὶ</span> <span class='ocrx_word' id='word_1_846' title='bbox 1663 2660 1775 2695; x_wconf 58' lang='grc' dir='ltr'>τούτων</span> <span class='ocrx_word' id='word_1_847' title='bbox 1783 2661 1840 2688; x_wconf 83' lang='grc' dir='ltr'><strong>τῶν</strong></span> 
     </span>
    </p>
   </div>
   <div class='ocr_carea' id='block_1_116' title="bbox 1038 2707 1839 2746">
    <p class='ocr_par' dir='ltr' id='par_1_116' title="bbox 1038 2707 1839 2746">
     <span class='ocr_line' id='line_1_116' title="bbox 1038 2707 1839 2746; baseline -0.005 -9"><span class='ocrx_word' id='word_1_848' title='bbox 1038 2710 1143 2746; x_wconf 77' lang='grc' dir='ltr'>ὒϐρεων</span> <span class='ocrx_word' id='word_1_849' title='bbox 1162 2711 1283 2742; x_wconf 79' lang='grc' dir='ltr'>ἀποστὰς</span> <span class='ocrx_word' id='word_1_850' title='bbox 1292 2710 1416 2746; x_wconf 76' lang='grc' dir='ltr'>καὶπρὸς</span> <span class='ocrx_word' id='word_1_851' title='bbox 1429 2710 1575 2745; x_wconf 82' lang='grc' dir='ltr'>μετάνοιαν</span> <span class='ocrx_word' id='word_1_852' title='bbox 1585 2707 1771 2742; x_wconf 78' lang='grc' dir='ltr'>καταφυγὼν,</span> <span class='ocrx_word' id='word_1_853' title='bbox 1788 2707 1839 2742; x_wconf 79' lang='grc' dir='ltr'>τὴν</span> 
     </span>
    </p>
   </div>
   <div class='ocr_carea' id='block_1_117' title="bbox 1031 2752 1839 2792">
    <p class='ocr_par' dir='ltr' id='par_1_117' title="bbox 1031 2752 1839 2792">
     <span class='ocr_line' id='line_1_117' title="bbox 1031 2752 1839 2792; baseline -0.006 -9"><span class='ocrx_word' id='word_1_854' title='bbox 1031 2756 1128 2791; x_wconf 80' lang='grc' dir='ltr'>ἄφεσιν</span> <span class='ocrx_word' id='word_1_855' title='bbox 1140 2752 1277 2792; x_wconf 70' lang='grc' dir='ltr'>εὑρήσειᾴ</span> <span class='ocrx_word' id='word_1_856' title='bbox 1291 2756 1331 2783; x_wconf 85' lang='grc' dir='ltr'>ὄτι</span> <span class='ocrx_word' id='word_1_857' title='bbox 1341 2755 1410 2791; x_wconf 83' lang='grc' dir='ltr'>μετὰ</span> <span class='ocrx_word' id='word_1_858' title='bbox 1419 2754 1549 2791; x_wconf 73' lang='grc' dir='ltr'>γυναικὸς</span> <span class='ocrx_word' id='word_1_859' title='bbox 1563 2755 1610 2782; x_wconf 70' lang='grc' dir='ltr'><strong>καὶ</strong></span> <span class='ocrx_word' id='word_1_860' title='bbox 1619 2754 1678 2781; x_wconf 82' lang='grc' dir='ltr'>τότε</span> <span class='ocrx_word' id='word_1_861' title='bbox 1692 2753 1839 2792; x_wconf 65' lang='grc' dir='ltr'>Σαμαρεία</span> 
     </span>
    </p>
   </div>
   <div class='ocr_carea' id='block_1_118' title="bbox 827 2843 1060 2877">
    <p class='ocr_par' dir='ltr' id='par_1_118' title="bbox 827 2843 1060 2877">
     <span class='ocr_line' id='line_1_118' title="bbox 827 2843 1060 2877; baseline 0.004 -6"><span class='ocrx_word' id='word_1_862' title='bbox 827 2845 847 2860; x_wconf 73' lang='grc'><strong>⁷⁷</strong></span> <span class='ocrx_word' id='word_1_863' title='bbox 860 2843 940 2877; x_wconf 72' lang='lat' dir='ltr'><strong>Jean,</strong></span> <span class='ocrx_word' id='word_1_864' title='bbox 957 2853 995 2876; x_wconf 70' lang='grc' dir='ltr'>νι.</span> <span class='ocrx_word' id='word_1_865' title='bbox 1020 2845 1060 2873; x_wconf 82' lang='lat' dir='ltr'><strong>l6.</strong></span> 
     </span>
    </p>
   </div>
  </div>
