1878 3057
174 146 226 179 387

757 147 889 178 PIIOTII
902 147 1156 178 PATRIARCH/E
1176 147 1231 178 ΟΡ.

1761 153 1813 183 388

173 204 345 233 vastantibus
357 205 446 240 pomis
462 211 523 240 quae
537 204 695 232 destruendi
711 205 863 240 subjectum
879 205 924 240 im]

1036 207 1074 238 οῖς
1090 206 1205 242 ἄνθραξι
1216 207 1272 238 τοῖς
1284 207 1443 242 ὲρημικοτς,
1461 216 1471 234 ι
1492 208 1616 236 τουτέστι
1633 209 1694 241 ταῖς
1719 210 1815 244 ἀφανι-

174 255 276 280 tentem
291 252 392 284 habent
409 252 463 279 vim
481 261 488 279 :
505 256 532 279 et
550 251 576 278 in
592 252 655 279 aliis
671 252 766 280 multis
785 257 829 284 est
843 252 965 287 reperire

173 298 286 330 ultrices
299 298 414 326 virtutes
428 303 539 326 vocatas
555 299 700 326 carbones.
713 298 794 325 Juxta
813 299 964 326 secundum

173 343 258 379 igitur
283 344 469 379 signiﬁcatum
485 343 619 370 carbones
635 343 802 378 castigantes
822 343 916 377 plagas
938 346 965 369 et

172 390 350 418 immissuras
367 394 457 421 vocat,
474 397 488 416 ιι
503 389 670 416 carbonibus
684 388 730 423 qui
746 388 886 416 sensibilis
901 392 965 415 sunt

170 441 200 464 et
218 435 406 463 consumentis
427 435 672 462 circumterrenam
688 434 832 462 materiam
849 433 965 460 ﬂamma:

170 481 418 513 excandescentia,
435 480 602 508 transferens
613 485 641 508 ct
654 481 836 508 transvehens
850 479 968 515 appella-

169 529 286 556 tionem.
311 527 443 555 Hortatur
466 527 547 562 igitur
579 527 745 555 esurientem
775 526 885 561 quidem
914 526 967 553 ini-

172 575 273 602 micum
288 574 391 607 cibare,
409 574 548 601 sitientem
566 581 631 601 vero
654 577 749 608 potare
767 582 774 600 :
790 572 816 599 id
836 577 878 600 est
892 573 965 599 mul-

171 620 282 648 timodis
313 619 474 648 benefacere
499 623 528 646 et
560 619 707 653 benignum
742 625 802 645 esse
836 626 844 645 :
875 616 967 644 cibare

170 674 290 702 namque
315 671 344 693 et
371 670 482 701 potare,
508 665 694 692 beneﬁcentia:
720 663 924 691 universitatem
948 670 964 689 a

169 718 248 748 parte
269 712 422 740 describit:
439 711 539 740 deinde
555 710 732 738 benefaciens
748 710 787 738 ait
809 709 922 737 inimico
937 713 965 736 et

169 757 329 786 humaniter
341 765 405 793 erga
428 765 491 785 enm
507 757 668 792 dispositus,
685 756 820 784 carbones
834 762 965 790 congercs

132 796 134 809 λ
169 812 254 839 super
267 810 351 839 caput
367 805 438 838 ejus.
561 806 565 813 ‘
880 794 883 796 ’

1015 252 1121 282 στικαῖς
1137 259 1167 276 τε
1194 250 1244 277 καὶ
1268 252 1447 287 ἓρημοποιοῖς
1469 254 1626 288 τιμωρίαις,
1650 253 1679 280 αἳ
1713 263 1813 282 καταν-

1017 296 1140 323 αλίσκειν
1156 297 1202 324 τὸν
1227 297 1378 325 ὑπεύθυνον
1396 298 1537 334 ἀμήχανον
1552 299 1644 334 ἔχουσι
1658 300 1709 335 τὴν
1721 300 1812 336 ἰσχύν-

1015 345 1063 370 καὶ
1079 345 1108 370 ὲν
1123 344 1214 376 ἄλλοις
1226 345 1254 372 δὲ
1278 345 1385 377 πολλοῖς
1407 346 1481 373 ἔστιν
1494 346 1585 382 εὑρεῖν
1600 347 1649 379 τὰς
1663 357 1815 384 τιμωρητι-

1015 391 1067 423 and;
1086 391 1216 426 δυνάμεις
1229 392 1400 426 καλουμένας
1411 392 1562 428 ἄνθρακας.
1587 394 1667 420 Κατὰ
1683 394 1714 420 τὸ
1727 394 1816 421 δεύτε-

1020 445 1067 471 ρον
1080 435 1127 464 οὖν
1153 437 1354 472 σημαινόμενον
1385 438 1524 473 ἄνθρακας
1551 439 1600 471 τὰς
1626 441 1816 475 τιμωρητικιὴ

1019 482 1126 517 πληγὰς
1141 483 1188 509 καὶ
1212 483 1371 519 εἰσπράξεις
1389 484 1602 520 προσαγορεύει,
1618 486 1673 511 ἀπὸ
1685 486 1740 512 τῶν
1767 487 1815 513 ἁν-

1020 526 1129 562 θράκων
1138 527 1163 554 οῖ
1179 528 1230 563 τῆς
1239 529 1370 565 αἰσθητῆς
1384 530 1439 556 εἰσι
1456 530 1502 556 καὶ
1521 530 1686 565 δαπανώσης
1699 531 1750 566 τὴν
1767 540 1816 557 πε-

1019 572 1122 608 ρίγειον
1138 569 1204 609 ὕλην
1231 575 1329 609 φλογὸς
1356 575 1567 610 ὑπεκκαύματα,
1592 577 1756 613 μεταφέρων
1785 586 1814 605 τε

1017 618 1065 644 καὶ
1082 619 1272 654 μεταϐιϐάζων
1287 621 1336 656 τὴν
1361 620 1469 655 κλῆσιν.
1487 622 1621 657 Παραινεί
1648 622 1740 648 τοίνυν
1753 631 1814 649 πει-

1018 661 1108 689 νῶντα
1123 664 1173 698 μὲν
1185 664 1231 691 τὸν
1243 665 1340 700 ἐχθρὸν
1354 665 1625 702 ψωμίζειν,διψῶντα
1639 668 1668 694 δὲ
1682 669 1814 700 ποτίζειν·

1019 709 1143 736 τουτέστι
1159 709 1337 747 πολυτρόπως
1350 712 1506 747 εὐεργετεῖν
1527 722 1558 740 τε
1581 714 1628 741 καὶ
1650 714 1814 748 ἀγαθύνεινθ

1018 754 1050 781 τὺ
1076 755 1130 791 γὰρ
1154 756 1290 792 ψωμίξειν
1307 758 1355 785 καὶ
1385 758 1518 791 ποτίζειν,
1534 759 1565 786 τδ
1585 759 1635 794 τῆς
1654 760 1817 796 εὐεργεσίας

1019 799 1166 837 ὀλόκληρον
1182 802 1235 829 ἀπὺ
1248 802 1295 830 τοῦ
1314 804 1414 840 μέρους
1424 805 1595 840 ὐπογράφει⁶
1608 804 1678 839 εἶτα,
1694 807 1816 842 Εὐεργε-

140 873 149 888 ε
168 853 235 885 τῶν,
251 853 330 888 φησι,
341 851 387 878 τὸν
395 851 491 886 ὲχθρὸν
503 851 551 877 καὶ
562 849 760 886 φιλανθρώποις
773 849 841 884 πρὸς
856 846 937 875 αὐτὸν
953 846 1133 882 διακείμενος,
1147 849 1286 884 ἄνθρακας
1300 851 1448 886 σωρεύσεις
1463 852 1510 879 ἐπὶ
1523 854 1574 888 τῆς
1582 853 1704 888 κεφαλῆς
1719 854 1815 881 αὐτοῦ’

205 901 235 929 ln
246 901 383 935 duplicem
399 900 482 935 igitur
499 907 610 927 sensum
628 898 695 926 illud
715 906 722 925 :
737 897 868 933 Congeres
884 903 924 931 pa!

1055 895 1102 927 Είς
1115 896 1212 932 διπλῆν
1228 897 1275 925 οὖν
1288 899 1426 934 σημασίαν
1440 900 1470 927 τὸ
1481 901 1647 935 Σωρεύσεις
1664 902 1815 938 μεριζόμε-

171 951 241 979 tum,
259 946 397 981 duplicem
417 944 540 980 proferre
560 951 586 972 et
600 944 770 972 intellectum
786 942 963 978 supponitur.

170 993 263 1021 Unum
277 991 400 1027 quidem,
416 998 559 1025 congercs,
579 989 770 1018 manifestaret
790 988 869 1020 illud.
882 987 964 1015 desu-

169 1047 219 1075 per
240 1046 332 1074 coges,
350 1046 399 1073 per
421 1037 493 1073 quod
522 1041 549 1064 et
568 1036 711 1071 sequentia
733 1034 966 1069 interpretationis

169 1085 322 1121 dirigetur;
346 1092 381 1112 ex
396 1088 473 1119 parte
485 1083 569 1114 enim,
589 1083 636 1115 ait,
650 1086 677 1109 et
702 1087 826 1116 tempore
841 1087 967 1115 compre—

171 1131 291 1158 hensura
319 1129 470 1157 inimicitiae
496 1129 647 1156 tentamina
661 1127 805 1154 inimicum
824 1135 831 1154 :
848 1130 877 1153 tu
893 1124 966 1160 quod

170 1175 273 1203 malum
296 1182 346 1210 pro
366 1175 439 1202 malo
464 1181 519 1201 non
544 1173 704 1201 redditurus
726 1179 843 1207 surgas.
868 1171 914 1199 sed
939 1174 967 1197 et

170 1221 331 1254 beneﬁciis,
350 1228 412 1256 qua:
441 1220 534 1248 divino
560 1219 694 1256 [Numini]
716 1226 765 1246 nos
783 1218 888 1245 similes
909 1216 966 1244 elli-

170 1268 258 1300 ciunt,
266 1267 405 1302 excipiens
413 1266 586 1302 aliligentem,
597 1266 701 1301 iustum
712 1265 830 1300 iudicem
846 1267 874 1292 et
884 1270 965 1299 quem

171 1315 239 1343 nihil
255 1315 320 1342 latet
347 1321 484 1350 praeparas
500 1312 581 1341 simul
607 1319 704 1340 omnes
729 1318 894 1346 congregare
910 1310 968 1337 vin-

171 1361 258 1389 dictas
272 1364 300 1387 et
314 1367 410 1394 poenas
425 1363 519 1387 contra
535 1358 679 1393 impudens
694 1357 760 1384 illud
770 1361 798 1385 et
808 1356 967 1391 imprudens

172 1411 255 1441 caput
265 1415 272 1433 :
283 1416 292 1431 ι
304 1405 368 1432 Mihi
381 1405 453 1433 enim
463 1405 593 1437 vindicta,
601 1411 651 1439 ego
660 1403 820 1436 retribuam,
830 1403 868 1429 ait
878 1402 968 1429 Domi-

173 1452 267 1480 nus‘“
280 1461 289 1477 ι
303 1461 309 1478 :
320 1452 458 1486 quomodo
467 1451 548 1486 igitur
558 1450 716 1478 humanus?
726 1449 864 1484 quomodo
875 1454 966 1475 autem

170 1496 362 1532 compatiens?
376 1496 514 1531 quomodo
538 1496 676 1523 beneﬁcus
701 1495 765 1522 talia
788 1495 821 1522 de
843 1493 967 1521 hostibus

172 1542 304 1571 ordinans
319 1546 346 1569 et
356 1541 528 1569 meditans-ct
543 1540 617 1568 illius
631 1547 802 1576 prOsequens
816 1539 963 1566 vindictam

172 1587 444 1623 etcastigationem‘?
457 1591 531 1614 certe
549 1587 611 1622 quia
631 1594 684 1614 non
712 1586 772 1621 ipse
796 1585 853 1613 huic
881 1592 961 1620 popo-

173 1634 238 1666 scit,
258 1634 306 1661 sed
320 1633 379 1668 ipse
397 1633 507 1668 quidem
524 1633 582 1660 haec
596 1632 723 1666 faciebat,
739 1632 773 1660 ad
798 1631 964 1660 servandum

173 1679 298 1707 divinum
313 1679 473 1706 mandatum
489 1683 516 1706 et
529 1678 641 1705 inimico
656 1678 786 1706 beneﬁcia
815 1677 966 1713 rependen-

172 1726 239 1754 dum
258 1734 265 1753 :
281 1726 305 1753 si
324 1732 389 1752 vero
402 1724 466 1752 laesa
480 1724 586 1759 justitia
597 1723 772 1752 exacerbavit
791 1723 819 1750 in
834 1723 964 1750 ultionem

171 1772 304 1808 jtﬂiicem,
319 1771 375 1807 jam
392 1778 447 1798 non
464 1775 535 1798 esset
551 1770 714 1805 excipientis
734 1768 908 1804 providentia:
920 1769 966 1803 ju-

172 1819 245 1847 dicia
267 1825 333 1853 erga
356 1817 488 1844 ultionem
509 1816 714 1844 dissimulanter
734 1822 764 1842 se
789 1814 915 1842 habentis
939 1819 967 1842 et

171 1871 229 1892 non
243 1863 380 1898 stupentis
395 1870 427 1890 ac
445 1861 584 1889 laudantis
604 1860 706 1896 judicis
721 1860 964 1895 incorruptionem.

171 1910 246 1938 Bene
275 1909 364 1937 facere
381 1909 509 1944 equidem
540 1912 567 1935 et
586 1914 708 1942 quaerere
724 1907 807 1934 simul
823 1906 919 1934 ulcisci
933 1905 967 1933 de

171 1957 297 1989 inimico,
324 1954 529 1990 incompatibile
555 1959 582 1982 et
611 1954 709 1981 mentis
741 1952 862 1981 confusa:
885 1957 913 1980 et
932 1952 966 1980 ad

172 2009 323 2039 atrumque
349 2001 556 2031 contrariorum
581 2000 712 2028 inclinate
741 2007 770 2028 se
791 1999 916 2027 habentis
941 2004 967 2026 et

172 2051 202 2080 in
230 2051 381 2077 vanitatem
399 2048 530 2077 solventis
548 2048 653 2075 lucrum
670 2051 743 2075 recte
766 2046 832 2073 facti
857 2054 863 2072 :
881 2045 967 2072 Bene-

172 2097 278 2126 factttm
291 2103 357 2124 vero
374 2095 531 2123 immemori
555 2094 664 2129 injuriae
678 2100 775 2121 sensus
795 2097 822 2119 et
839 2099 968 2126 compas-

173 2144 253 2173 sione
269 2150 332 2178 erga
354 2142 477 2178 ejusdem
493 2141 602 2177 generis
627 2139 784 2167 hominem?
807 2137 840 2165 Et
858 2142 969 2172 propter

172 2191 340 2224 praeceptum
354 2191 380 2214 ct
394 2191 502 2221 propter
514 2182 702 2212 similitudinis
716 2183 803 2210 zelum
815 2189 877 2209 cum
889 2180 969 2208 Patre

1017 949 1072 974 vov,
1085 941 1182 978 διπλῆν
1196 944 1328 980 προάγειν
1361 946 1407 973 καὶ
1422 946 1472 981 τὴν
1501 946 1621 974 διάνοιαν
1645 947 1813 976 ὑποτίθεται.

1020 988 1067 1014 Ἓν
1083 989 1131 1024 μὲν
1148 990 1188 1021 to.
1202 991 1362 1026 σωρεύσεις,
1374 991 1519 1027 δηλώσειεν
1529 992 1562 1019 ἂν
1570 993 1611 1025 τὺ,
1628 994 1814 1028 ἐπισυνάξεις,

1016 1034 1049 1061 δι’
1062 1032 1093 1061 οὗ
1106 1037 1152 1062 καὶ
1165 1036 1195 1062 τὸ
1209 1037 1380 1073 ἐπαγόμενον
1408 1037 1457 1074 τῆς
1472 1039 1622 1074 ἑρμηνείας
1645 1039 1815 1067 κατευθύνε-

1015 1089 1078 1107 ται·
1091 1081 1125 1108 τὰ
1139 1082 1209 1109 κατὰ
1227 1083 1312 1118 μέρος
1339 1083 1394 1119 γάρ
1409 1092 1475 1119 φησι
1489 1085 1537 1111 καὶ.
1566 1085 1654 1120 χρόνῳ
1681 1085 1816 1120 μέλλοντα

1017 1127 1237 1162 καταλαμϐάνειν
1253 1128 1304 1164 τῆς
1321 1129 1470 1164 ἀπεχθείας
1487 1130 1615 1166 ἐπίχειρα
1634 1131 1680 1157 τὸν
1696 1131 1814 1166 ἐχθρόν·

1016 1172 1053 1199 Σὺ
1064 1171 1098 1199 δι’
1115 1169 1153 1200 ὧν
1179 1173 1264 1200 κακὸν
1280 1174 1342 1201 ἀντὶ
1370 1175 1455 1201 κακοῦ
1473 1175 1668 1202 ἀνταποδοῦναι
1685 1176 1724 1211 μὴ
1740 1176 1816 1203 διαν-

1016 1218 1107 1254 έστης,
1120 1219 1187 1247 ἀλλὰ
1202 1220 1248 1247 καὶ
1261 1220 1429 1256 εὐεργεσίας,
1448 1222 1476 1248 αῖ
1495 1222 1562 1257 πρὸς
1588 1222 1619 1248 τὸ
1642 1223 1720 1249 Θεῐον
1740 1224 1816 1258 ἡμᾶς

1016 1263 1189 1299 ἀφομοιοῦσι,
1197 1265 1396 1301 δεξιωσάμενος
1406 1266 1451 1293 τὸν
1465 1266 1647 1302 λελυπηκόῖα,
1656 1267 1701 1293 τὸν
1710 1267 1817 1294 δίκαιον

1016 1309 1113 1345 κριτὴν
1126 1311 1173 1336 καὶ
1190 1311 1324 1347 ἀλάθητον
1337 1312 1560 1347 παρασκευάζεις
1577 1311 1635 1347 ἅμα
1651 1312 1742 1344 πάσας
1755 1313 1819 1338 ἐπι-

1018 1355 1153 1390 σωρεῦσαι
1169 1356 1218 1388 τὰς
1230 1357 1363 1392 τιμωρίας
1380 1358 1426 1383 καὶ
1437 1358 1532 1389 ποινὰς
1545 1357 1616 1384 κατὰ
1628 1357 1676 1392 τῆς
1686 1357 1818 1390 ἀλαζόνος

1017 1401 1125 1436 ἐκείνης
1141 1404 1188 1428 καὶ
1213 1402 1372 1438 ἀγνώμονος
1390 1403 1528 1438 κεφαλῆς·
1549 1413 1558 1430 ι
1582 1404 1658 1439 Ἐμοὶ
1674 1404 1729 1439 γὰρ
1741 1403 1818 1430 ὲκδί-

1017 1454 1108 1480 κησις,
1124 1445 1179 1480 ἐγὼ
1193 1447 1389 1479 ἀνταποδώσω,
1416 1447 1491 1482 λέγει
1512 1448 1614 1484 Κύριος
1625 1457 1631 1463 ·
1653 1458 1662 1474 ι
1693 1448 1754 1480 πῶς
1768 1448 1819 1476 οὖν

1018 1491 1224 1526 φιλάνθρωπος;
1242 1492 1299 1523 πῶς
1313 1492 1342 1519 δὲ
1361 1494 1526 1528 συμπαθής;
1544 1493 1603 1526 πῶς
1621 1494 1649 1520 δὲ
1664 1493 1819 1530 εὐεργέτης

1017 1537 1031 1563 ὁ
1045 1537 1132 1564 ταῦτα
1153 1538 1286 1574 περὶτῶν
1309 1539 1414 1574 ἐχθρῶν
1441 1540 1595 1575 μεθοδεύων
1619 1541 1666 1568 καὶ
1684 1548 1819 1576 πραγμα-

1017 1584 1161 1618 τευόμενος
1181 1578 1229 1611 καὶ
1255 1584 1303 1620 τὴν
1323 1585 1429 1612 ἐκείνου
1452 1586 1746 1622 φιλανθρωπευόμενος
1774 1594 1820 1612 τι-

1018 1629 1125 1664 μωρίαν
1137 1630 1184 1657 καὶ
1196 1630 1324 1663 κόλασιν;
1340 1631 1356 1666 ἢ
1374 1632 1416 1658 ὅτι
1429 1633 1478 1658 οὐκ
1491 1632 1572 1662 αὐτὸς
1586 1632 1672 1659 ταῦτα
1682 1631 1819 1668 ⁴ᾐτήσατο,

1015 1674 1072 1701 ἀλλ’
1090 1675 1172 1707 αὐτὸς
1189 1676 1238 1711 μὲν
1263 1676 1351 1703 ταῦτα
1376 1678 1521 1714 ἔπραττεν,
1548 1678 1620 1705 ὥστε
1646 1678 1820 1713 συντηρῆσαι

1015 1720 1065 1756 τὴν
1076 1721 1151 1748 θείαν
1170 1722 1282 1758 ἐντολὴν
1305 1723 1352 1750 καὶ
1374 1723 1420 1750 τὸν
1434 1724 1532 1759 ἐχθρὸν
1546 1724 1719 1760 εὐεργεσίαις
1734 1724 1820 1760 ἀμει-

1015 1766 1119 1801 ψασθαι
1130 1776 1136 1782 ·
1152 1768 1176 1793 εί
1191 1768 1220 1794 δὲ
1230 1768 1261 1794 τὸ
1278 1769 1454 1804 ὑϐριζόμενον
1472 1770 1577 1798 δίκαιον
1591 1771 1751 1806 παρώξυνεν
1776 1773 1822 1803 είς

1017 1812 1157 1848 ἐκδίκησιν
1174 1813 1220 1840 τὸν
1235 1814 1344 1849 κριτὴν,
1364 1815 1415 1842 οὐχ
1438 1816 1479 1842 ἔτι
1493 1815 1527 1842 ἃν
1553 1816 1596 1852 εἴη
1614 1816 1821 1851 ἀποδεχομένου

1016 1860 1066 1896 τῆς
1084 1861 1213 1895 προνοίας
1237 1861 1273 1888 τὰ
1291 1862 1414 1897 κρίματα
1442 1862 1489 1889 τοῦ
1514 1862 1583 1899 πρὸς
1600 1862 1650 1899 τὴν
1673 1863 1823 1898 ἐκδίκησιν

1019 1907 1202 1942 ἀκκιζομένου
1218 1907 1264 1934 καὶ
1285 1908 1323 1943 μὴ
1336 1908 1487 1943 τεθηπότος
1504 1917 1534 1935 τε
1563 1909 1611 1935 καὶ
1632 1908 1824 1944 ἁνυμνοῦντος

1019 1952 1066 1979 τοῦ
1079 1952 1173 1988 κριτοῦ
1189 1953 1220 1980 τὸ
1233 1952 1394 1981 ἀδέκαστον.
1410 1954 1447 1980 Τὸ
1467 1953 1517 1989 μὲν
1531 1954 1686 1989 εὐεργετεῖν
1703 1955 1754 1981 καὶ
1766 1954 1823 1988 ζη-

1018 2000 1075 2025 τεῖν
1092 1999 1150 2034 ἆμα
1162 1999 1299 2035 τιμωρίαν
1310 1999 1404 2027 λαϐεῖν
1419 2000 1495 2035 παρὰ
1506 1999 1554 2026 τοῦ
1568 2000 1678 2035 ἐχθροῦ,
1691 2000 1825 2035 ἀσύμϐα-

1018 2038 1107 2072 τόντε
1125 2045 1171 2071 καὶ
1187 2045 1283 2080 φρενὸς
1300 2046 1509 2082 συγκεχυμένης
1533 2046 1580 2072 καὶ
1596 2046 1664 2081 πρὸς
1685 2047 1824 2082 ἑκάτερον

1018 2091 1072 2118 τῶν
1085 2092 1214 2119 ἐναντίων
1226 2092 1385 2128 ὲπιῤῥεπῶς
1399 2092 1524 2127 ἐχούσης,
1543 2093 1590 2119 καὶ
1616 2092 1685 2128 πρὸς
1702 2093 1824 2128 ματαιό-

1019 2146 1088 2173 τητα
1102 2137 1263 2173 διαλυούσης
1273 2138 1304 2164 τὸ
1322 2138 1417 2173 κέρδος
1431 2137 1478 2164 τοῦ
1495 2136 1710 2173 κατορθώματος
1722 2145 1729 2152 ·
1745 2139 1775 2164 τὸ
1789 2138 1823 2165 δδ

1019 2182 1068 2217 τὴν
1080 2183 1240 2218 εὐεργεσίαν
1255 2182 1295 2218 τῷ
1306 2183 1489 2219 ἀμνησικάκῳ
1502 2184 1551 2218 τῆς
1577 2183 1690 2219 γνώμης
1717 2184 1765 2210 καὶ
1782 2186 1822 2220 τῇ

173 2238 269 2261 nostro
283 2233 329 2268 qui
344 2232 371 2260 in
389 2232 466 2260 caelis
478 2230 553 2267 [est],
567 2228 703 2257 tendentis
718 2234 761 2256 est
776 2227 809 2255 ad
820 2226 923 2262 perfect

1033 2228 1178 2264 ωμπαθείᾳ
1198 2228 1245 2256 τοῦ
1266 2229 1422 2264 ὁμοφυοῦς,
1445 2231 1492 2256 καὶ
1516 2229 1560 2256 διὰ
1578 2229 1627 2264 τὴν
1643 2229 1755 2264 ἐντολὴν
1770 2230 1824 2256 καὶ

172 2288 235 2309 nem
248 2279 358 2308 virtutis
369 2289 375 2307 :
385 2285 411 2307 et
426 2286 479 2306 non
491 2278 542 2305 iste
555 2276 671 2303 libenter
681 2274 887 2308 castigationem
898 2280 964 2300 con-

173 2326 322 2361 templatus
331 2329 405 2353 esset
415 2323 530 2356 inimici,
541 2322 642 2350 nedum
654 2321 719 2356 quid
731 2327 841 2347 sumere
848 2322 963 2354 quaerat;

173 2372 230 2400 Deo
240 2376 333 2400 autem
345 2370 488 2406 iudicante
497 2372 524 2396 et
544 2367 666 2395 rationes
684 2367 808 2401 exigente
825 2365 859 2392 ab
869 2372 902 2392 eo
917 2363 964 2399 qui

172 2419 302 2455 iniuriam
313 2418 417 2450 intulit,
428 2416 551 2452 ejusdem
563 2419 636 2443 esset
645 2419 744 2450 eterga
755 2414 836 2441 Deum
852 2410 963 2447 pietatis

172 2472 229 2494 non
253 2465 373 2493 rationes
393 2463 502 2498 exigere
516 2469 536 2490 a
556 2461 659 2497 judice,
680 2468 730 2488 nec
746 2467 810 2494 erga
827 2456 962 2494 judicium

173 2511 351 2542 stmuacharL

208 2599 333 2627 Alterum
361 2598 446 2633 igitur
470 2597 553 2630 illius,
569 2604 703 2632 congeras,
726 2595 906 2630 signiﬁcatum
934 2602 966 2622 ac

173 2645 256 2673 talem
267 2651 319 2672 nos
330 2644 465 2672 theoriam
481 2643 657 2671 transmittit:
673 2642 807 2677 reliquum
819 2649 883 2668 vero
893 2640 966 2675 quod

173 2691 320 2727 signiﬁcat.
335 2701 470 2727 congeras,
487 2697 515 2720 et
539 2692 673 2724 detrahet,
689 2695 716 2718 et
731 2689 854 2717 liberabis
874 2697 890 2715 a
903 2697 965 2716 car-

174 2737 285 2765 hortibus
305 2737 418 2766 adiciuia
438 2744 531 2772 caput,
547 2737 626 2764 talem
643 2736 789 2764 verborum
806 2735 861 2761 vim
873 2738 967 2761 osten-

173 2784 244 2812 derit
271 2784 359 2817 forte;
375 2783 560 2817 benefaciens,
589 2783 637 2815 ait,
660 2788 686 2810 et
709 2783 781 2810 bona
814 2780 968 2809 retribuens

174 2830 481 2866 inimico,depascentes
493 2830 627 2859 carbones
638 2834 665 2857 et
680 2829 762 2857 citius
773 2828 969 2862 absumpturos

208 2888 243 2905 ⁸⁵·
260 2887 342 2916 ηοω.
363 2895 414 2921 xu,
433 2887 473 2914 i9.

1018 2274 1062 2301 διὰ
1074 2274 1105 2301 τὸ
1118 2274 1286 2310 ὁμοιωθῆναι
1308 2275 1347 2309 τῷ
1363 2275 1451 2310 Πατρὶ
1465 2275 1545 2310 ἡμῶν
1556 2275 1594 2310 τῷ
1614 2275 1644 2301 ὲν
1660 2275 1718 2306 τοῖς
1731 2274 1822 2309 οὐρα-

1018 2321 1085 2353 νοῖς,
1101 2320 1149 2347 τοῦ
1161 2320 1312 2356 φθάσαντός
1328 2321 1403 2347 ἐστιν
1420 2321 1459 2352 είς
1472 2320 1503 2347 τὸ
1521 2321 1624 2347 τέλειον
1639 2320 1691 2355 τῆς
1701 2321 1821 2356 ἀρετῆς·

1018 2365 1066 2393 καὶ
1098 2366 1148 2393 οὐκ
1167 2366 1200 2393 ἂν
1226 2364 1305 2397 οὗτος
1333 2364 1418 2401 ἡδέως
1446 2367 1582 2402 τιμωρίαν
1612 2366 1741 2393 θεάσαιτο
1770 2367 1822 2393 τοῦ

1017 2411 1127 2447 ἐχθροῦ,
1146 2411 1219 2447 μήτι
1234 2419 1266 2446 γε
1280 2411 1374 2438 λαϐεῖν
1390 2411 1551 2446 ἐπιζητήσει
1562 2419 1569 2426 ·
1583 2410 1656 2437 Θεοῦ-
1666 2410 1695 2436 δὲ
1710 2410 1822 2446 κρίνον-

1016 2465 1063 2489 τος
1074 2456 1123 2484 καὶ
1136 2457 1186 2488 τὰς
1204 2456 1321 2488 εὐθύνας
1335 2456 1515 2488 ἀπαιτοῦντος
1531 2456 1576 2483 τὸν
1590 2455 1751 2491 ἠδικηκότα,
1766 2454 1821 2490 τῆς

1014 2503 1100 2539 αὐτῆς
1126 2503 1160 2531 ἂν
1177 2503 1221 2539 εῐη
1245 2503 1342 2539 φρενὸς
1361 2504 1409 2530 καὶ
1428 2503 1584 2534 θεοσεϐείας
1605 2503 1643 2538 μὴ
1663 2501 1820 2535 λογοθετεῖν

1015 2551 1061 2577 τὸν
1073 2550 1180 2585 κριτὴν,
1197 2550 1264 2584 μηδὲ
1277 2550 1345 2585 πρὸς
1360 2549 1411 2584 τὴν
1423 2548 1515 2584 κρίσιν
1530 2547 1730 2583 δυσχεραίνειν.

1052 2595 1089 2623 Τὸ
1104 2595 1153 2631 μὲν
1168 2593 1214 2622 οὖν
1228 2595 1323 2630 ἕτερον
1338 2595 1397 2627 τοῦ,
1419 2595 1596 2629 Σωρεὐσεις,
1613 2592 1820 2629 σημαινόμενον

1016 2642 1086 2678 πρὸς
1102 2641 1230 2677 τοιαύτην
1244 2642 1317 2677 ἡμᾶς
1332 2640 1450 2676 θεωρίαν
1461 2640 1661 2676 παραπέμπει·
1682 2638 1713 2665 τὸ
1723 2637 1819 2665 δδλοι-

1016 2689 1067 2715 πὺν
1079 2688 1093 2715 ὃ
1106 2688 1245 2724 σημαίνει,
1256 2687 1297 2721 τὸ,
1311 2686 1518 2720 ὲπισυνάξεις,
1533 2686 1580 2713 καὶ
1592 2686 1753 2720 περιέλοιεν
1769 2684 1819 2710 καὶ

1018 2734 1205 2767 ἀπαλλάξεις
1232 2733 1293 2760 τῶν
1318 2733 1477 2767 ἀνθράκων
1501 2731 1558 2766 τὴν
1577 2732 1631 2759 τοῦ
1645 2730 1818 2766 μισοῦντος

1018 2779 1167 2814 κεφαλὴν,
1186 2779 1313 2815 τοιαύτην
1336 2779 1368 2806 ἂν
1391 2779 1441 2814 τὴν
1456 2779 1512 2806 τῶν
1530 2778 1674 2814 ῥημάτων
1699 2775 1817 2810 δύναμιν

1021 2826 1372 2862 ὐποδηλώσῃ·Εὐεογετῶν
1387 2845 1394 2859 ,
1418 2825 1484 2861 φησὶ
1525 2825 1572 2852 καὶ
1600 2823 1746 2858 ἁγαθύνων
1769 2822 1817 2848 τὸν
