1878 3057
72 152 124 184 389

563 148 612 182 AD
627 146 926 196 ΑΜΡΗΙΙιΟΕΗΙιῙΜ
945 150 1119 188 ΟΠΕΞΤΙΟ
1136 149 1217 201 ῌίῐ,

1656 151 1710 185 390

71 210 175 247 ἀχθρὺν,
190 209 256 242 τοὺς
269 209 510 245 κατανεμομένους
524 209 665 245 ἄνθρακας
688 211 737 237 καὶ
766 211 863 238 θᾶττον
877 240 879 244 ,

921 209 987 256 eius,
999 215 1092 246 caput,
1110 211 1164 238 nisi
1188 210 1252 245 quis
1262 209 1296 237 ab
1307 216 1341 238 eo
1361 205 1505 238 abstulerit
1528 213 1556 238 et
1571 209 1711 239 liberatio-

71 258 102 285 ἂν
113 255 329 291 διαφθεροῦντας
350 254 433 282 αὑτοῦ
449 255 499 291 τὴν
510 255 642 291 κεφαλὴν,
656 256 689 283 ἂν
705 257 742 292 μή
761 265 802 288 τις
816 257 865 283 αὺ-

71 303 115 330 τοῦ
130 303 322 338 ἀφαιρήσηται
330 301 378 328 καὶ
390 302 439 337 τὴν
449 301 611 337 ἀπαλλαγὴν
622 302 783 338 μεθοδεὺσῃ,
795 302 866 337 μέγα

72 350 100 377 τὺ
112 349 211 385 κέρδος
230 350 278 375 καὶ
292 348 412 383 ψυχικῆς
437 348 576 384 σωτηρίας
593 349 722 384 πρόξενον
741 349 863 384 εὑρήσει.

78 390 311 428 Ἀνακαλούμενος
332 393 388 428 γὰρ
404 393 449 419 τὸν
480 393 595 428 πλησίον
627 395 677 428 τῆς
706 394 866 428 σωματικῆς

73 442 117 468 καὶ
136 440 240 476 μᾶλλον
266 438 457 473 διαόαινούσης
471 439 511 469 εἰς
526 438 574 474 τὴν
588 438 677 474 ψυχὴν
693 438 796 473 βλάϐης
821 438 868 464 καὶ

72 486 210 517 ἀπωλείας
230 485 298 520 πρὸς
325 484 375 519 τὴν
395 484 444 511 τοῦ
459 484 596 510 Δεσπότου
625 483 743 519 μίμησιν
762 492 793 510 τε
820 484 868 510 καὶ

73 532 201 567 ὁμοίωσιν
216 530 376 566 ἀνατρέχει·
396 530 486 566 ψυχὴν
499 530 555 565 γὰρ
565 532 579 557 ὁ
596 529 702 563 σώζων,
718 530 812 565 φησὶν,
830 530 869 562 ὡς

73 579 87 605 ὁ
99 578 195 609 κτίσας
216 577 314 612 αὐτήν.
328 574 390 608 Πῶς
410 576 438 603 δὲ
450 575 495 602 διὰ
506 575 556 611 τῆς
569 576 729 612 εὐεργεσίας
740 576 869 610 συνάγον-

73 632 115 650 ται
132 623 181 650 καὶ
195 622 379 657 ἀποσὺρονται
398 622 448 657 τῆς
466 620 707 657 φιλαπεχθήμονας
724 620 749 647 of
766 620 869 656 ἄνθρα-

74 679 118 702 κες
132 669 273 704 κεφαλῆς;
289 668 362 695 Διότι
376 669 463 704 τροφῇ
479 667 526 694 καὶ
538 667 613 702 ποιῷ
630 665 801 701 δεξιούμενος
821 665 869 692 καὶ

73 716 165 748 ἁπλῶς
187 715 418 751 εὐεργετούμενος
438 715 454 741 ό
467 713 576 749 ἐχθρὸς,
593 713 618 739 εί
633 713 681 739 xui.
695 711 734 748 μὴ
749 712 783 739 δι’
802 711 870 738 αὐτὸ

73 762 102 788 τὺ
130 761 223 793 καλὸν,
249 761 317 788 ἀλλά
348 768 379 794 γε
399 760 444 786 διὰ.
462 760 513 794 τὴν
530 758 633 785 οἰκείαν
650 758 800 785 εὐπάθειαν
823 757 870 784 καὶ

73 808 224 835 ἀπόλαυσιν
254 807 309 833 τῶν
338 806 467 841 ἀγαθῶν,
492 806 610 833 παύεται
634 804 685 840 μὲν
710 800 789 836 οὗτος
820 803 870 839 τῆς

74 853 185 889 ἕχθρας.
207 853 347 886 ἒξίσταται
365 852 394 878 δὲ
409 852 459 887 τῆς
478 851 643 887 ἐπιϐουλῆς·
660 850 790 878 καὶκατὰ
823 858 869 885 μι-

74 899 138 934 κρὸν
156 899 304 933 ἀνανήφων
321 897 368 925 τοῦ
386 898 512 930 πάθους,
531 899 580 924 καὶ
600 897 651 933 τὴν
670 897 700 923 ὲν
718 897 774 928 τοῖς
797 896 871 930 λογι-

75 947 151 980 σμοῖς
166 945 211 971 διὰ
227 945 276 979 τῆς
285 943 384 980 ἔχθρας
399 944 522 979 πύρωσιν
535 952 566 970 τι
580 943 626 970 καὶ
639 942 794 978 φλεγμονὴν
806 942 874 969 ἀπο-

74 991 226 1026 τιθέμενος,
243 990 291 1016 ἐπὶ
310 990 340 1016 τὸ
356 990 444 1024 φιλεῖν
459 990 507 1016 καὶ
522 989 648 1025 στέργειν
661 989 708 1016 xui.
716 989 816 1016 ειδέναι
827 988 873 1015 τὸν

75 1038 223 1073 εὐεργέτην
241 1037 399 1063 ἐλεύσεται·
419 1037 549 1063 κάκεῖθεν
578 1035 651 1063 κατὰ
675 1035 772 1071 μικρὸν
786 1034 874 1062 ὲνεθιν-

77 1084 150 1116 σθεὶς
167 1083 296 1118 γλῶσσαν
324 1082 434 1118 φεύγειν
449 1082 585 1115 διάϐολον,
606 1081 652 1108 καὶ
672 1079 711 1113 οἷς
726 1082 741 1108 ὸ
759 1080 874 1116 πλησίον

77 1131 168 1166 ἔργοις
188 1130 293 1166 βλάϐην
308 1130 466 1165 ὑφίσταται,
487 1129 538 1164 τῆς
553 1128 656 1165 ἀρετῆς
674 1127 793 1164 ἐραστὴς
806 1128 875 1154 ἀπο·-

77 1176 252 1203 καθίσταται.
269 1177 324 1203 Καὶ
339 1177 381 1207 τίς
406 1176 440 1202 ἃν
468 1175 645 1210 ἐπιζητήσειε
663 1173 711 1201 τοῦ
738 1173 874 1209 ψωμίζειν

78 1225 122 1250 καὶ
140 1222 261 1255 ποτίζειν
280 1222 327 1249 τὸν
345 1222 460 1259 ἐχθρὸν,
487 1220 663 1257 ἀντιμισθίαν
681 1219 784 1256 ταύτης
815 1220 875 1254 μεία

78 1270 159 1302 ζονας
179 1269 206 1296 τί
229 1269 259 1296 δὲ
286 1269 389 1303 ταύτης
418 1267 662 1303 ἐπικερδέστερονς
684 1266 715 1292 El
748 1265 777 1293 δὲ
805 1265 875 1301 μετὰ

78 1314 211 1350 τοσαύτην
230 1315 406 1350 εὐεργεσίαν,
426 1314 476 1348 τῆς
498 1313 649 1349 μοχθηρίας
673 1311 722 1339 καὶ
740 1311 875 1346 φαυλότη-

78 1369 121 1393 τος
134 1361 148 1387 ὁ
161 1361 393 1396 εὐεργετούμενος
404 1360 454 1387 οὐκ
474 1359 561 1386 ἐθέλει
574 1357 766 1394 μεθίστασθαι,
781 1357 876 1393 θηρίον

80 1407 128 1442 μὶν
143 1407 178 1434 ἂν
193 1406 237 1442 εἴη
251 1408 266 1433 ό
282 1407 413 1438 τοιοῦτος.
441 1406 502 1433 ἀντὶ
522 1405 570 1432 τοῦ
592 1405 718 1440 μετέχειν
736 1403 876 1440 ἀνθρωπί-

79 1463 126 1489 νης
146 1453 266 1489 φύσεως.
287 1453 323 1479 Σὺ
346 1453 374 1479 δὲ
389 1452 466 1479 οὐδὲν
484 1452 559 1486 ὅμως
584 1451 697 1478 ἔλαττον
715 1451 777 1482 τοὺς
791 1458 877 1477 κατα-

80 1499 261 1534 σοσκομένους
282 1498 366 1525 αὐτοῦ
378 1498 428 1533 τὴν
437 1497 556 1533 κεφαλὴν
567 1498 706 1533 ἄνθρακας
720 1497 754 1532 τῇ
764 1504 794 1523 τε
807 1495 877 1530 γνὼ-

82 1555 117 1582 μῃ
136 1547 184 1573 καὶ
210 1547 245 1581 τῇ
266 1545 369 1580 σπουδῇ
397 1544 612 1579 αἰιπειτᾲιρευειας⁸
633 1544 682 1570 xui.
700 1542 876 1577 ἀντιμισθίαν

81 1592 153 1618 οὐδὲν
168 1591 282 1618 ἔλαττον
307 1590 401 1626 ἔσχες·
423 1590 484 1617 οὐδὲ
500 1590 546 1616 τὸν
562 1588 726 1625 χαρακτῆρα
746 1587 812 1623 παρ’
828 1587 877 1614 οὑ-

80 1638 121 1664 δὲν
134 1636 344 1673 παρεχάραξας,
360 1636 389 1668 ὃς
405 1636 455 1671 τὴν
470 1635 537 1671 πρὸς
560 1635 591 1661 τὸ
604 1633 680 1661 Θείόν
691 1642 721 1660 σε
741 1633 878 1668 συνῆπτεν

81 1683 228 1717 ὁμοίωσιν·
250 1683 354 1713 ἐκεῖνος
370 1681 399 1708 δὲ
426 1681 517 1716 φέρων
529 1681 590 1707 ελον
608 1680 716 1712 ἑαυτὸν,
742 1678 780 1713 τῷ
797 1678 878 1704 κολα-

82 1729 185 1764 στηρίῳ
205 1729 252 1755 καὶ
271 1728 396 1762 ἀσὸἐστῳ
420 1728 488 1762 τωρ).
509 1726 704 1762 ἐναπὲρῤιψεν.
726 1724 879 1760 ’Λνθραχες

82 1775 131 1810 μέν
144 1783 187 1801 τοι
205 1782 239 1809 γε
265 1774 322 1801 τισὶ
347 1773 564 1809 παρελήφθησαν
589 1773 617 1799 ui
635 1770 812 1806 ζωπυροῦσαι
831 1769 879 1796 καὶ

81 1821 286 1848 ἀναθάλπουσαι
300 1819 332 1847 τὸ
347 1819 511 1855 ἡγεμονικὸν
527 1819 655 1855 ἐργασίαι
665 1826 695 1844 τε
716 1817 762 1844 καὶ
777 1824 877 1851 ¹ιταραιι-

81 1867 180 1898 νέσεις,
196 1865 303 1893 καὶτὸν
316 1867 400 1892 πολὺν
412 1866 463 1900 τῆς
480 1864 580 1900 ἔχθρας
595 1863 718 1900 χειμῶνα
741 1862 782 1894 είς
801 1862 878 1896 εἰρη-

81 1912 160 1948 νικὴν
170 1912 294 1948 γαλήνην
311 1911 568 1948 μεταῦάλλουσαίτε
585 1911 633 1938 καὶ
643 1909 809 1937 διαλύουσαι·
827 1907 875 1939 οὓς

83 1966 165 1991 φασιν
184 1956 365 1992 ὲπισωρεύων
390 1958 404 1983 ὁ
430 1955 585 1992 εὐεργετῶν
607 1956 640 1990 τῇ
656 1954 704 1982 τοῦ
724 1952 876 1989 δυσμενοῦς

83 2004 200 2040 κεφαλῇ,
221 2005 271 2031 καὶ
296 2005 346 2039 τὴν
366 2003 527 2040 νεκροποιδν
560 2002 595 2030 δι’
647 2002 730 2029 αὑτὸν
756 2001 878 2029 ἐλαύνων

83 2049 187 2077 ἐκεῖνον
214 2057 245 2076 τε
266 2049 390 2085 μεγάλης
415 2050 462 2076 καὶ
486 2048 613 2084 ὀλεθρίας
628 2049 706 2076 νόσου
720 2046 889 2083 ἀπήλλαξε-ι,

352 2095 521 2122 ΕΡΩΤΗΣΙΣ
540 2095 602 2122 NI".

83 2141 148 2175 Πῶς
172 2141 303 2175 νοητέον
315 2140 348 2167 τὸ
365 2140 524 2174 εἰρημένον
555 2140 636 2174 παρὰ
654 2141 708 2168 τοῦ
734 2140 808 2168 Θεοῦ
838 2138 878 2173 τῷ

153 2176 268 2209 Μωσεῖ,
289 2185 299 2202 ι
310 2175 388 2203 Ἰδοὺ
404 2175 520 2202 δέδωκά
532 2184 569 2202 σε
579 2176 649 2203 θεὸν
661 2176 783 2210 (rapaci);
795 2185 804 2201 ι

534 2233 606 2259 Edita
621 2241 635 2258 a
646 2233 717 2265 Maio,
729 2235 747 2259 l.
758 2241 792 2265 c.,
803 2241 828 2266 p.
842 2235 881 2259 58.

123 2277 174 2304 Ἐκ
188 2276 245 2303 τῶν
264 2276 336 2303 κατὰ
358 2275 441 2306 πόδας
457 2275 588 2311 ῥημάτων
605 2277 622 2311 ή
639 2275 686 2302 τοῦ
713 2275 879 2312 ζητουμένου

83 2323 232 2358 ἑρμηνεία·
245 2322 344 2356 ἐπάγει
360 2322 432 2356 γάρ·
456 2331 466 2347 α
482 2322 538 2349 Καὶ
562 2321 667 2358 ’Λαρὼν
679 2322 694 2348 ὁ
709 2322 824 2357 ἀδελφός
832 2331 879 2350 σου

83 2370 160 2397 ἐσται
180 2378 223 2396 σοι
239 2370 383 2404 προφήτης
395 2376 402 2384 ο
419 2377 450 2396 συ
464 2369 492 2395 δὲ
513 2368 642 2404 λαλήσεις
657 2369 747 2396 πάντα
771 2371 822 2397 ὅσα
837 2371 881 2397 ἑν-

82 2414 214 2449 τέλλομαί
231 2421 272 2440 σοι
282 2421 290 2428 ·
306 2414 320 2440 ό
332 2413 360 2439 δὲ
383 2413 488 2448 ’Δαρὼν
498 2414 613 2449 ἀδελφός
630 2423 676 2441 σου
687 2414 801 2451 λαλήσει
813 2416 881 2451 πρὸς

83 2459 195 2494 Φαραώ.
208 2468 218 2484 ι
243 2458 287 2490 Ὠς
300 2456 348 2485 οὖν
361 2459 498 2494 ἐχρήσατο
509 2460 547 2495 τῷ
561 2460 657 2487 Μωσεῖ
667 2461 682 2487 6
694 2460 761 2492 Θεὸς
776 2461 881 2496 ὑπηρε-

83 2507 166 2541 τῆσαι
179 2507 243 2537 ταῖς
257 2505 328 2532 κατὰ
342 2505 443 2540 Φαραὼ
455 2506 504 2533 καὶ
515 2506 674 2540 Αἰγυπτίων
692 2506 820 2543 πληγαῖς,
835 2507 881 2534 οὖ-

83 2559 137 2582 τως
156 2551 294 2587 ἐχρήσατο
308 2552 412 2587 Μωσῆς
425 2552 465 2587 τῷ
486 2552 592 2588 Ἀαρών
606 2559 612 2567 ·
626 2552 709 2584 αὐτὸς
735 2552 784 2587 μὲν
800 2561 886 2589 προσ-

50 2623 56 2628 _
84 2596 195 2624 τάσσων
223 2599 239 2624 ὁ
256 2597 334 2634 παρὰ
351 2598 420 2625 Θεοῦ
440 2599 696 2634 προστασσόμενος·
718 2599 843 2636 ὑπηρέτῃ
857 2599 886 2626 δὲ

84 2642 227 2678 χρώμενος
241 2643 309 2679 πρὸς
326 2645 372 2671 τὸν
389 2644 491 2680 Φαραὼ
505 2644 544 2679 τῷ
553 2643 672 2679 ἀδελφῷ.
687 2644 744 2670 Ku‘t
756 2644 885 2677 διέσωζεν

85 2688 101 2723 ή
114 2689 216 2724 πρᾶξις
229 2690 258 2716 ὲν
273 2691 311 2725 τῷ
331 2691 457 2726 ἀναλόγῳ
469 2691 500 2717 τὸ
521 2690 735 2726 ἀπαράλλακτον
745 2698 752 2706 ·
772 2690 811 2723 ὡς
830 2691 885 2727 γὰρ

85 2735 151 2767 θεὸς
169 2737 239 2771 πρὸς
256 2737 357 2772 Φαραὼ
377 2737 422 2764 διὰ
445 2737 528 2772 μέσου
541 2737 663 2769 Μωσέως
681 2736 770 2770 οὕτως
781 2737 886 2773 Μωσῆς

86 2781 157 2815 πρὸς
171 2782 275 2818 Φαραὼ
287 2783 332 2810 διὰ
347 2783 433 2819 μέσου
455 2782 561 2819 ’Δαρὼν
589 2783 638 2815 τὰς
654 2783 818 2820 θεοσημείας
833 2784 883 2811 ἑπ-

86 2827 182 2855 ιτῦαι.
207 2829 372 2857 *Επέτασσεν
395 2830 425 2857 ἐν
445 2831 480 2865 τῇ
498 2830 594 2865 ἐρήμῳ
612 2830 715 2866 Χωρὴδ
735 2831 774 2867 τῷ
788 2830 884 2858 Μωσεῖ

88 2874 165 2910 ῥίψαι
180 2876 231 2912 τὴν
249 2876 348 2913 ράὸδον
366 2877 381 2904 ὁ
396 2877 473 2910 Θεὸς,
487 2877 535 2904 καὶ
556 2877 735 2912 μετεϐάλλετο
747 2878 787 2910 εἰς
801 2877 880 2913 ὅφιντ

920 264 984 283 nem
999 256 1145 291 paraverit,
1159 263 1289 291 magnum
1296 256 1509 284 emolumentum
1520 260 1547 284 et
1561 257 1660 284 animae
1667 265 1712 285 sn-

920 304 1005 332 lutem
1021 312 1174 339 procurans
1194 304 1325 333 inveniet.
1351 304 1494 333 Revocans
1519 305 1593 332 enim
1619 305 1712 340 proxi-

920 357 997 377 mum
1011 357 1174 385 acorporeo
1196 353 1226 376 et
1248 349 1334 384 magis
1363 349 1584 385 transgrediente
1607 349 1635 376 in
1649 349 1712 377 ani-

921 401 995 422 mam
1013 394 1114 421 damno
1133 398 1161 421 et
1174 393 1336 429 perditione,
1353 393 1386 420 ad
1402 393 1511 422 Domini
1531 395 1712 423 imitationem

920 445 948 468 et
962 439 1171 467 similitudinem
1189 439 1324 473 recurrit;
1340 440 1459 466 animam
1484 441 1557 468 enim
1586 435 1711 474 salvans.

921 486 969 517 ait,
981 485 1052 513 sieut
1061 485 1108 520 qui
1123 485 1228 513 creavit
1238 485 1324 512 illam.
1340 484 1485 517 Quomodo
1498 489 1588 512 autem
1602 493 1650 520 per
1665 486 1714 513 be-

920 530 1097 558 neficentiam
1106 534 1306 565 congregantur
1333 534 1358 558 et
1376 530 1577 558 abstrahuntur
1602 530 1637 558 ab
1660 531 1714 559 ini-

923 575 997 603 mico
1023 577 1160 603 carbones
1176 575 1285 610 capite?
1301 574 1370 608 Quia
1390 576 1453 603 cibo
1473 580 1500 603 et
1515 580 1580 611 potu
1596 576 1715 604 donatus

922 625 950 648 et
965 620 1126 655 simpliciter
1145 620 1277 648 beneﬁcio
1301 620 1415 648 affectus
1432 621 1570 653 inimicus,
1587 621 1647 649 etsi
1659 629 1714 649 non

922 673 971 700 per
982 665 1073 700 ipsum
1093 666 1206 699 bonum,
1222 669 1250 693 at
1267 666 1364 693 saltetn
1385 671 1495 700 propter
1513 667 1650 701 propriam
1668 667 1716 695 be-

923 711 1012 739 neﬁcii
1026 712 1223 747 experientiam
1240 717 1267 740 et
1284 711 1442 739 fruitionem
1469 713 1616 745 bonorum,
1642 713 1716 741 desi-

923 758 966 785 nit
992 758 1104 793 quidem
1120 758 1172 785 iste
1193 757 1228 784 ab
1244 757 1401 790 inimicitia,
1414 761 1441 784 et
1469 757 1578 785 desistit
1597 758 1631 784 ab
1650 757 1717 785 insi-

923 803 996 837 diis;
1013 807 1042 831 et
1057 803 1161 831 sensim
1178 802 1343 837 resipiscens
1359 802 1394 830 ab
1405 802 1514 833 adiectu.
1527 808 1556 830 et
1570 811 1630 830 eam
1655 811 1718 840 quae

923 854 966 877 est
981 849 1009 876 in
1026 848 1238 884 cogitationibus
1265 856 1313 884 per
1334 849 1506 876 inimicitiam
1522 849 1719 878 inflammatio-

888 900 909 927 υ
924 902 985 922 nem
1005 899 1033 922 et
1046 893 1301 922 excandescentiam
1327 894 1478 930 deponens,
1493 895 1526 922 ad
1543 902 1666 923 amorem
1690 899 1719 923 et

927 941 1103 969 dilectionem
1118 944 1147 968 et
1170 941 1337 976 agnitionem
1368 940 1553 969 benefactoris
1572 942 1677 975 reniet;
1691 946 1719 969 et

924 986 988 1014 inde
1018 986 1120 1014 sensim
1148 986 1322 1014 assuefactus
1351 987 1472 1022 linguam
1499 986 1594 1022 fugere
1622 987 1720 1015 conri-

923 1033 1041 1060 ciantetn
1054 1038 1081 1060 et
1090 1032 1191 1068 quibus
1200 1033 1340 1067 proximus
1351 1033 1431 1061 factis
1442 1034 1574 1062 damnum
1588 1035 1718 1067 sustinet,

923 1079 1033 1106 virtutis
1056 1083 1165 1106 amator
1191 1080 1379 1107 constituitur.
1405 1079 1438 1107 Et
1459 1080 1589 1116 quisnam
1611 1086 1719 1116 quast-at

925 1125 1035 1153 cibandi
1050 1129 1078 1153 et
1094 1122 1206 1161 potandi
1230 1125 1371 1153 inimicum
1396 1127 1645 1155 remunerationem
1665 1128 1718 1155 ista

924 1170 1077 1206 majOrem?
1087 1171 1142 1198 Aut
1153 1171 1218 1206 quid
1227 1179 1258 1198 ea
1271 1171 1384 1199 utilius?
1395 1172 1423 1199 Si
1433 1177 1524 1199 autem
1537 1178 1599 1208 post
1611 1178 1717 1202 tantum

925 1216 1099 1249 beneﬁcium.
1112 1217 1146 1245 ab
1165 1217 1372 1251 importunitate
1380 1222 1407 1244 et
1419 1217 1521 1246 vilitate
1530 1218 1663 1246 beneficio
1678 1219 1720 1247 af-

926 1262 1015 1289 fectus
1028 1270 1082 1289 non
1100 1262 1157 1289 vult
1165 1262 1308 1296 desistere,
1320 1262 1410 1291 bellua
1425 1271 1492 1292 sane
1503 1269 1576 1292 esset
1591 1265 1663 1297 talis,
1675 1273 1721 1293 ne-

926 1308 990 1336 dum
1003 1308 1138 1343 particeps
1154 1314 1226 1337 esset
1237 1310 1364 1338 humana:
1373 1315 1495 1344 natura;
1513 1315 1541 1338 tu
1553 1319 1620 1340 vero
1634 1312 1720 1340 nihilo

926 1358 1020 1382 tamen
1038 1354 1131 1382 minus
1146 1355 1324 1391 depascentes
1334 1357 1394 1392 ejus
1406 1361 1487 1392 caput
1504 1358 1638 1386 carbones
1652 1366 1720 1394 pru-

926 1399 1018 1427 dentia
1026 1403 1053 1426 et
1063 1399 1121 1427 zelo
1128 1401 1308 1434 exacervasti,
1315 1405 1343 1429 et
1356 1402 1607 1431 remunerationem
1620 1404 1722 1432 nihilo-

926 1444 1020 1473 minus
1040 1445 1156 1473 haberes
1169 1454 1176 1479 ;
1188 1453 1276 1481 neque
1289 1448 1475 1476 characterem
1494 1449 1548 1476 ullo
1572 1450 1654 1477 modo
1675 1449 1723 1477 do-

927 1491 1016 1520 levisti
1032 1492 1079 1527 qui
1096 1492 1129 1519 ad
1156 1491 1284 1520 Numinis
1297 1498 1323 1521 te
1338 1494 1476 1530 colligavit
1491 1495 1721 1529 similitudinem;

929 1537 1076 1565 illeautem
1088 1537 1177 1565 ferens
1200 1542 1287 1566 totum
1308 1539 1429 1575 seipsum
1456 1541 1482 1568 in
1506 1541 1673 1576 supplicium
1696 1547 1725 1569 et

935 1584 1187 1619 inexsunguibilem
1201 1586 1290 1620 ignem
1301 1585 1405 1621 injecit.
1420 1586 1559 1615 Carbones
1568 1592 1658 1616 tamen
1671 1588 1723 1615 ali-

930 1630 1031 1665 quibus
1053 1631 1156 1666 accepti
1174 1637 1238 1659 sunt
1254 1631 1435 1660 accendentes
1452 1637 1479 1661 et
1499 1634 1651 1662 excitantes
1664 1635 1726 1662 ani-

931 1684 1003 1703 mam
1016 1677 1188 1711 operationes
1199 1682 1226 1704 et
1238 1678 1451 1711 admonitiones.
1464 1684 1491 1707 et
1503 1680 1616 1707 multam
1632 1681 1725 1708 inimi-

930 1722 1002 1750 citiae
1013 1722 1159 1757 procellam
1172 1723 1199 1750 in
1219 1723 1360 1759 pacificam
1383 1725 1502 1760 quietem
1527 1725 1725 1754 transferentes

930 1773 958 1795 et
972 1767 1153 1796 dissolventes
1163 1776 1170 1801 ;
1181 1770 1353 1804 quos.aiunt,
1364 1777 1517 1806 congerens
1526 1771 1684 1799 benefactor
1696 1773 1726 1800 in

931 1814 1087 1841 exacerbati
1107 1819 1200 1849 caput.
1213 1819 1242 1842 et
1255 1815 1419 1843 mortitieam
1436 1816 1472 1843 ita
1485 1817 1624 1852 expellens
1634 1818 1727 1846 inimi-

931 1859 1037 1892 citiam,
1054 1865 1081 1887 et
1094 1861 1278 1889 corroborans
1290 1862 1317 1889 in
1332 1862 1505 1890 dilectionem
1519 1871 1581 1891 eum
1596 1864 1642 1899 qui
1656 1866 1727 1900 pati-

932 1911 985 1938 tur,
995 1906 1067 1933 htmc
1074 1907 1184 1942 quidem
1200 1916 1299 1943 magno
1312 1913 1340 1936 et
1351 1909 1455 1937 exitiali
1468 1910 1566 1938 morbo
1577 1911 1713 1944 liberavit.

929 1953 982 1981 sibi
994 1961 1060 1981 vero
1074 1961 1134 1982 eam
1144 1963 1205 1990 quae
1216 1955 1315 1983 exinde
1327 1960 1370 1984 est
1383 1956 1542 1985 felicitatem
1556 1959 1726 1993 procuravit.

902 2001 1017 2038 ἔχθραν,
1043 2002 1091 2028 καὶ
1113 2003 1291 2038 άναρῤωννὺς
1314 2005 1354 2037 εἰς
1375 2005 1487 2040 ἀγάπην
1513 2005 1560 2032 τὸν
1575 2006 1726 2042 πάσχοντα.

907 2046 997 2082 ἐαυτῷ
1013 2055 1044 2073 τε
1062 2046 1113 2082 τὴν
1129 2047 1234 2074 ἐκεῖθεν
1250 2049 1443 2085 μακαριότητα
1462 2048 1657 2088 προεξένησεν.

1126 2093 1291 2128 QUESTIO
1307 2095 1364 2124 Llll
1382 2096 1440 2132 [σί.
1462 2097 1536 2135 LII].

933 2127 1070 2176 Quomodo
1082 2127 1283 2182 iittefligeitdunt
1297 2127 1399 2182 dictum
1414 2153 1431 2170 ιι
1448 2145 1500 2182 Deo
1515 2127 1602 2182 filaysi
1611 2155 1620 2174 :
1633 2157 1642 2174 ι
1660 2148 1728 2175 Ecce

1120 2177 1182 2205 dedi
1203 2182 1228 2205 te
1250 2178 1328 2205 deum
1343 2177 1481 2207 Pharaoni
1494 2182 1507 2208 γ
1526 2191 1535 2207 ι

891 1570 914 1600 C

898 2234 926 2259 in
942 2235 1018 2261 verba
1028 2236 1106 2262 Exod.
1124 2243 1167 2267 vn,
1178 2238 1190 2261 1
1203 2244 1274 2269 seqq.

899 2281 920 2309 υ
970 2279 1007 2306 Ex
1018 2279 1151 2313 subjectis
1166 2280 1257 2308 verbis
1271 2280 1378 2316 (ιιιωείιί
1393 2279 1581 2317 interpretatio
1593 2281 1702 2319 [infert]
1719 2293 1727 2317 ;

933 2324 1008 2352 addit
1015 2325 1104 2353 enim:
1118 2334 1127 2350 ι
1137 2325 1171 2353 Et
1184 2328 1275 2353 Aaron
1288 2326 1370 2354 frater
1379 2331 1443 2354 tuus
1450 2327 1502 2354 erit
1511 2327 1559 2355 tibi
1570 2328 1703 2364 propheta
1718 2338 1727 2362 ;

934 2375 962 2398 tu
978 2379 1045 2399 vero
1064 2371 1186 2406 loqueris
1205 2373 1296 2400 omnia
1322 2381 1494 2410 quacunque
1512 2375 1641 2410 praecipio
1667 2375 1728 2404 tibi.

932 2418 1024 2446 Aaron
1065 2423 1156 2446 autem
1181 2418 1266 2447 frater
1293 2424 1358 2447 tuus
1396 2420 1524 2456 loquetur
1547 2422 1580 2449 ad
1604 2421 1729 2450 Pharao-

934 2471 995 2491 nem
1016 2473 1022 2490 :
1043 2473 1052 2489 ι
1073 2463 1151 2492 Sicut
1167 2465 1250 2499 igitur
1270 2473 1336 2493 usus
1363 2470 1406 2493 est
1435 2466 1526 2502 Moyse
1545 2466 1615 2494 Deus
1630 2472 1661 2494 ut
1677 2468 1728 2495 tui-

934 2508 1064 2536 nistraret
1076 2513 1172 2537 contra
1189 2508 1359 2538 Pharaonem
1375 2515 1403 2538 et
1417 2509 1559 2547 Egyptios
1572 2512 1675 2549 plagas,
1691 2513 1728 2540 ita

937 2562 1002 2582 usus
1018 2558 1060 2581 est
1072 2553 1179 2589 Moyses
1194 2554 1303 2582 Aarone
1317 2564 1324 2587 ;
1339 2555 1397 2590 ipse
1409 2555 1508 2590 jnbens
1520 2564 1535 2584 a
1547 2557 1601 2585 Deo
1608 2558 1726 2593 jussus;

935 2600 1064 2628 ministro
1075 2604 1166 2628 autem
1181 2605 1261 2627 utens
1276 2601 1309 2628 ad
1325 2601 1497 2629 Pharaonem
1515 2601 1608 2630 fratre.
1627 2603 1659 2630 Et
1670 2611 1729 2632 ser-

933 2646 1007 2673 vavit
1022 2651 1100 2674 actus
1116 2646 1143 2673 in
1158 2646 1274 2681 analogo
1287 2646 1474 2675 omnimodam
1498 2648 1705 2678 similitudinem
1719 2660 1728 2686 ;

935 2697 965 2720 ut
982 2693 1055 2720 enim
1073 2691 1146 2720 Deus
1164 2692 1302 2720 Pharaoni
1317 2700 1366 2728 per
1388 2693 1584 2723 intermedium
1604 2695 1727 2733 Moysen,

934 2738 972 2766 ita
991 2738 1098 2774 Moyses
1112 2737 1247 2766 Pharaoni
1263 2746 1311 2774 per
1322 2738 1517 2768 intermedium
1531 2741 1622 2770 Aaron
1635 2743 1728 2770 divina

936 2789 1062 2820 portenta
1093 2785 1246 2814 mandavit.
1275 2783 1408 2821 Praecepit
1442 2786 1468 2814 in
1500 2787 1610 2816 deserto
1637 2789 1729 2816 Horeh

936 2831 1023 2869 Moysi
1038 2837 1068 2860 ut
1085 2833 1232 2868 projiceret
1249 2833 1352 2869 virgam
1382 2833 1468 2867 Deus,
1493 2839 1520 2862 et
1537 2835 1565 2863 in
1580 2836 1728 2864 draconem

935 2879 1039 2915 lignum
1066 2879 1213 2908 formatum
1230 2885 1271 2908 est
1293 2910 1297 2914 _
1323 2884 1349 2908 et
1369 2880 1531 2916 simpliciter
1559 2892 1709 2921 quaacunqu
