1878 3057
142 186 194 219 391

720 177 852 216 ΡΠΟΤΠ
872 185 1126 215 PATRIARCH/E
1143 177 1198 214 ce.

1738 182 1791 214 392

144 243 252 279 Moyses
281 230 428 277 jubebatur
452 241 531 277 signa
561 240 687 276 operari,
712 242 804 268 omnia
826 240 934 276 Moyses

1034 248 1138 267 ητασσεν
1158 239 1242 266 πάλιν
1263 239 1334 265 κατὰ
1344 237 1490 274 πρόσωπον
1508 236 1608 274 Φαραὼ
1621 234 1662 273 τῷ
1684 237 1791 272 Ἀαρὼν

145 297 302 325 proponens
322 292 349 316 el.
369 289 395 315 in
420 295 531 315 manum
555 287 667 315 mittens
686 286 775 321 fratri,
795 294 845 322 per
864 287 938 314 hunc

145 336 221 371 iussa
241 335 406 362 mirabiliter
427 341 546 369 operans
568 333 739 369 perﬁciebat.
763 332 801 360 Ita
819 333 937 360 manife-

147 386 219 408 stum
230 385 273 409 est
284 381 349 416 quid
365 381 501 416 significet
510 380 595 408 illud:
612 389 621 405 ι
639 379 709 407 Ecce
720 379 782 407 dedi
808 384 833 407 te
856 379 936 407 deum

143 425 293 455 Pharaoni.
316 437 325 452 ι

990 287 1005 312 ὁ
1023 285 1127 320 Μωσῆς
1149 284 1226 321 ῥίψαι
1238 284 1287 320 τὴν
1303 283 1413 320 ῥάϐδον,
1425 283 1473 310 καὶ
1495 285 1534 315 είς
1549 283 1686 318 δράκοντα
1700 284 1732 310 τὸ
1746 283 1786 316 ξύ-

991 331 1036 358 λον
1063 330 1298 364 ὲζωοπλαστεϊτο”
1323 330 1372 356 καὶ
1387 329 1481 361 ἁπλῶς
1498 330 1547 356 ὃσα
1562 330 1660 357 Μωσεῖ
1677 338 1794 356 κατεπι-

992 377 1104 405 στεὺετο
1131 377 1337 412 τερατουργεῖν,
1356 375 1446 402 πάντα
1469 377 1573 412 Μωσῆς
1599 376 1792 411 παραθέμενος

991 424 1039 451 καὶ
1056 423 1213 459 ἐγχειρίσας
1244 423 1282 458 τῷ
1311 422 1437 458 ἀδελφῷ,
1457 421 1491 449 δι’
1511 422 1616 449 ἐκείνου
1645 423 1680 449 τὰ
1706 429 1787 456 προσ·

144 473 300 508 τεταγμένα
320 472 538 508 θαυματουργῶν
558 472 727 508 διεπέραινεν
738 481 746 488 ·
765 471 836 499 ὥστε
857 470 974 506 φανερὸν
985 471 1081 505 γέγονε
1092 470 1118 497 τί
1137 478 1203 496 ποτε
1219 469 1344 505 βούλεται
1360 469 1457 505 δηλοῦν
1474 469 1515 502 τὸ,
1533 479 1542 495 ι
1566 469 1632 496 Ἰδοὺ
1645 469 1750 496 δέδωκά
1763 477 1792 496 σε

148 519 210 546 θεὸν
227 518 339 554 Φαραώ.
363 527 372 544 ι

344 572 511 607 QUAESTIO
526 572 583 600 LIV
597 572 648 609 [αι.
667 571 750 609 LIII].

145 618 283 652 Quomodo
311 619 510 653 intelligendum
530 618 708 651 apostolicum
736 618 838 646 dictant
853 626 862 644 :
879 628 888 644 ι
913 617 941 645 Si

180 655 290 681 invicem
307 654 433 680 mordetis
450 658 474 680 et
491 654 626 681 comeditis
637 675 644 686 ,
660 654 742 680 uidete
757 661 789 681 ne
813 654 845 680 ab
870 654 938 680 invi-

179 697 234 716 cem
249 689 455 721 consumamini,
477 698 487 714 ›
506 693 530 715 et
548 689 609 716 huic
625 689 768 715 connexa?

1263 568 1433 595 ΕΡΩΤΗΣΙΣ
1449 567 1512 594 ΝΔ’.

995 616 1060 649 Πῶς
1073 614 1200 649 νοητέον
1211 615 1246 642 τὸ
1261 615 1469 642 ἀποστολικὸν
1478 614 1588 648 ῥητὸν,
1612 623 1620 640 ι
1637 611 1671 641 ΕΖ
1695 613 1729 640 δὲ
1741 614 1795 641 ἀτί-

1028 651 1147 685 λήλους
1162 651 1289 677 δάκνετε
1315 650 1366 676 καὶ
1387 650 1572 681 κατεσθίετε,
1598 649 1734 681 βλέπετε
1749 649 1795 683 μὴ

1030 684 1242 755 ὑπέιῗλλήλων
1255 685 1457 720 (tradiderian
1484 685 1536 712 καὶ
1556 684 1592 712 τὰ
1609 685 1705 718 τούτῳ
1719 692 1797 711 συν-

1029 729 1070 755 ημ
1110 729 1156 747 να.

656 775 754 802 Editaa
767 776 839 806 Maio,
858 777 875 801 ι.
897 783 929 806 c.,
942 783 968 808 p.
983 776 1067 801 58-60.
1086 776 1113 801 ln
1137 775 1191 801 Gal.
1205 782 1229 805 ν,
1247 774 1284 800 15.

182 829 254 857 Sunt
275 829 326 856 viri
347 829 419 858 sacri
439 829 655 864 apostolicornm
671 828 807 856 dictorum
825 828 853 856 in
878 836 940 864 pro-
958 832 980 861 Β

148 874 235 902 fundo
251 875 423 903 reconditum
451 882 563 902 sensum
589 875 706 910 gratiam
720 874 854 902 habentes
863 882 941 902 reve-

124 940 128 949 χ
148 920 233 953 landi,
247 921 348 956 quibus
356 921 528 956 propositum
543 921 665 956 aperitur
678 921 782 948 dictum
797 930 804 947 :
821 928 941 956 quorum

125 986 129 988 μ
150 966 284 994 theoriam
302 966 468 1001 accipientes
481 970 508 994 et
524 971 553 993 ut
567 974 596 993 tu
612 966 746 1002 intelligas
777 970 853 994 tuum
869 967 942 994 circa

149 1012 206 1040 haec
220 1012 342 1039 studium
370 1012 538 1040 laboriosum
567 1012 647 1039 nobis
676 1012 944 1047 suadet(curare);

150 1067 240 1095 neque
254 1060 278 1088 si
294 1059 360 1095 quid
376 1059 450 1086 aliud
467 1059 581 1087 scaturit
606 1059 683 1087 Pauli
697 1059 833 1087 dictorum
860 1059 946 1094 negli-

149 1113 244 1141 gemus
270 1104 404 1132 derivare.
419 1104 487 1132 Cum
519 1106 592 1132 enim
614 1105 730 1133 dixisset
755 1104 833 1139 cujus
854 1104 947 1140 lingua

154 1150 323 1179 sanctissimi
341 1150 460 1185 Spiritus
480 1158 611 1185 organum
629 1159 636 1177 :
654 1161 663 1176 (
682 1149 738 1178 Vos
750 1149 777 1177 in
794 1150 947 1177 libertatem

150 1196 242 1225 vocati
271 1196 348 1229 estis,
367 1195 476 1229 fratres,
497 1205 507 1222 ι
523 1201 548 1223 et
579 1197 717 1224 docuisset
733 1204 787 1224 non
806 1196 950 1231 subjacere

148 1240 274 1269 servituti
306 1241 526 1269 circumcisionis
552 1242 645 1277 gratiae
671 1242 752 1275 filios,
770 1249 858 1276 neque
872 1242 950 1269 valde

157 1287 232 1322 gravi
246 1292 273 1314 et
287 1286 389 1314 difficili
405 1287 438 1314 ad
452 1287 687 1322 portaudumjugo
695 1287 762 1322 legis
769 1288 908 1315 continere
923 1291 951 1315 et

151 1332 234 1366 allligi
251 1328 361 1365 debere,
382 1339 415 1359 ne
431 1331 583 1360 libertatem
606 1333 659 1360 sibi
694 1340 805 1368 quoque
834 1333 951 1360 aliorum

154 1385 216 1413 qua
232 1385 287 1405 non
303 1383 410 1413 oportet
422 1385 503 1413 agere
517 1377 613 1405 donari
631 1382 768 1413 putarent,
785 1383 812 1406 et
827 1379 953 1407 occasio-

151 1432 215 1452 nem
244 1423 379 1451 libertatis
394 1423 524 1458 iniuriam
554 1423 677 1452 facerent
705 1425 839 1452 libertatis
854 1425 952 1453 subse-

151 1474 247 1499 cautes
269 1470 345 1497 carni
363 1475 389 1498 et
403 1470 578 1505 passionibus
593 1477 764 1506 quaecunque
786 1470 878 1498 carnis
892 1479 955 1506 ger-

154 1516 262 1543 minant
283 1520 311 1543 et
336 1503 499 1544 nascuntur.
526 1503 674 1551 Propterea
698 1503 823 1551 adiunxit
842 1525 850 1543 :
871 1525 880 1541 ι
894 1503 953 1544 ξειί
968 1503 989 1533 C

153 1569 203 1596 per
216 1561 377 1589 cbaritatem
395 1562 495 1590 servite
518 1561 645 1594 invicem,
666 1571 678 1588 ι»
693 1563 771 1598 quasi
786 1562 928 1598 (diceret)
945 1571 952 1590 :

155 1606 285 1635 Revocati
316 1608 384 1635 estis
396 1615 412 1634 a
428 1608 560 1635 servitute
580 1607 649 1635 dura
675 1608 701 1635 in
716 1609 916 1643 inexpectatam
928 1613 956 1636 et

158 1654 268 1682 beatam
284 1654 448 1687 libertatem,
465 1654 550 1690 fugite
565 1655 657 1682 carnis
670 1654 885 1682 dominationem
907 1663 956 1690 per

154 1707 237 1735 quam
249 1700 326 1727 vobis
335 1704 498 1735 aggravatur
513 1700 643 1733 servitus,
656 1707 745 1735 neque
757 1700 817 1735 ejus
831 1700 955 1735 subiacet

155 1744 270 1780 legibus.
295 1744 394 1772 Carnis
410 1752 474 1772 vero
503 1746 663 1773 servitutem
689 1745 865 1773 manifestum
884 1745 955 1773 mul—

157 1795 246 1819 tarum
269 1798 381 1825 quoque
393 1791 510 1818 aliarum
529 1791 688 1826 passionum
704 1795 732 1819 et
748 1792 858 1819 malitiae
877 1799 955 1819 crea-

156 1838 250 1865 tricem
262 1841 289 1864 et
308 1837 438 1868 artilicctn
450 1837 535 1873 [esse]
545 1843 571 1864 et
586 1838 760 1866 machinatur
776 1843 884 1866 vastare
900 1838 955 1865 vir-

157 1883 225 1911 tutis
235 1888 261 1911 et
271 1884 404 1911 libertatis
417 1883 558 1911 decorem.
569 1882 636 1919 [Sed
651 1883 690 1920 et]
700 1891 824 1921 amorem
837 1889 954 1912 conatur

157 1929 287 1957 humanis
309 1930 448 1957 mentibus
465 1929 610 1965 expellere.
626 1930 658 1958 Ut
670 1930 763 1965 igitur,
775 1931 824 1963 ait,
834 1931 955 1966 reliquas

158 1983 247 2011 usque
257 1976 387 2010 nequitia:
399 1976 611 2003 insurrectiones
622 1980 793 2011 praateream,
807 1984 869 2011 quae
876 1977 955 2011 geni-

159 2021 233 2048 Inina
247 2021 340 2048 carnis
353 2025 380 2048 et
393 2021 513 2048 carnalis
523 2026 587 2048 sunt
599 2028 708 2053 sensus,
719 2022 761 2049 his
770 2022 833 2050 inde
843 2023 954 2049 venien-

159 2068 233 2095 tibus
244 2062 354 2094 insidiis
367 2072 394 2094 et
402 2067 488 2102 plagis
495 2072 591 2095 contra
599 2075 660 2100 vos,
677 2067 821 2100 mortiﬁco,
831 2068 954 2103 inquam,

161 2114 261 2149 amori,
276 2113 383 2141 fortiter
399 2119 561 2150 repugnate,
576 2122 665 2148 neque
685 2119 714 2141 ut
724 2115 869 2142 transitum
877 2122 955 2150 repe-

161 2160 215 2186 riat
236 2159 263 2186 in
288 2158 366 2187 vobis
395 2159 516 2186 animam
535 2158 670 2186 occidenti
688 2158 751 2185 huic
767 2159 870 2193 peccati
900 2159 954 2186 telo
970 2175 991 2202 D

163 2209 323 2241 praetextum
346 2204 464 2236 aliquem
493 2204 626 2239 przebetc.
641 2203 699 2231 Hoc
716 2209 806 2232 autem
818 2205 870 2232 erit
884 2205 954 2233 forte

163 2258 216 2277 non
228 2257 374 2285 operosum
387 2258 475 2285 neque
487 2249 595 2276 dillicile
606 2248 739 2284 perfectu,
750 2250 797 2277 sed
808 2255 835 2277 et
847 2249 925 2278 facile
932 2257 960 2278 et

162 2295 333 2333 salvificum;
349 2296 372 2323 si
390 2296 462 2322 enim
479 2303 528 2330 per
544 2296 706 2322 charitatem
717 2295 957 2329 scrvitisinvicem,

161 2350 242 2370 omne
271 2343 354 2370 telum
384 2341 513 2377 nequitiae
538 2345 631 2368 contra
644 2349 692 2368 vos
708 2341 812 2376 jactum
838 2342 959 2369 inefficax

161 2388 213 2415 erit
224 2397 232 2422 ;
243 2389 269 2415 in
282 2393 391 2415 scutum
401 2388 473 2415 enim
484 2386 627 2415 oll'cndens
637 2388 760 2422 ejusdem
769 2395 832 2422 erga
843 2388 958 2416 invicem

162 2442 262 2462 sensus
273 2439 301 2462 et
313 2434 453 2467 amicitiae,
468 2438 496 2461 et
508 2438 608 2461 tortum
627 2433 763 2469 frangitur
778 2438 805 2461 et
817 2435 957 2470 repulsum

161 2481 189 2508 in
204 2480 340 2508 imbellem
366 2479 473 2506 decidet
490 2479 586 2513 ictum,
601 2487 632 2507 ac
648 2479 730 2506 simul
754 2480 901 2514 iacientem
926 2488 959 2508 eo

161 2534 217 2562 quo
225 2534 274 2560 par
282 2531 325 2553 est
335 2525 439 2560 pudore
448 2525 558 2559 implet;
568 2525 631 2560 quia
640 2533 703 2560 erga
714 2525 830 2553 invicem
839 2533 886 2561 per
894 2527 959 2554 cln-

163 2574 271 2601 ritatcm
281 2573 400 2599 servitus
409 2572 475 2599 illud
488 2580 550 2606 qua:
557 2573 673 2607 desuper
682 2577 874 2601 estassecurat
881 2574 957 2600 auxi-

164 2619 230 2645 lium
245 2622 272 2645 et
284 2625 379 2652 puram
395 2622 423 2646 et
441 2618 548 2646 beatam
576 2623 705 2653 operatur
728 2618 883 2646 libertatem
909 2626 957 2653 per

163 2671 225 2691 eam
244 2671 307 2699 quae
334 2664 360 2691 in
389 2664 506 2692 invicem
522 2670 565 2692 est
590 2672 697 2700 paceni,
713 2669 741 2692 et
762 2665 959 2692 insubstantia-

165 2714 221 2736 tam
241 2716 336 2743 pacem
364 2709 509 2737 Dominum
535 2714 661 2738 nostrum
691 2708 786 2737 Jcsum
815 2710 956 2737 Christum

164 2755 263 2782 vestris
292 2755 445 2783 inhabitare
462 2755 566 2783 faciens
582 2755 724 2784 cordibus.

1031 829 1108 856 Εἰσὶν
1127 827 1224 863 ἄνδρες
1243 827 1313 863 ἱεροὶ
1331 826 1386 853 τῶν
1399 826 1588 853 ἀποστολικῶν
1600 827 1733 862 ῥημάτων
1745 827 1800 863 τὴν

992 874 1021 900 ὲν
1040 873 1080 908 τῷ
1098 873 1177 908 βάθει
1193 872 1451 908 τεθησαυρισμένην
1464 872 1596 904 διάνοιαν,
1620 867 1700 908 χάριν
1721 873 1800 908 ἔχον-

997 929 1043 952 τες
1062 919 1277 952 ἀνακαλύπτειν,
1294 916 1333 950 οἷς
1346 918 1375 944 τὺ
1395 918 1575 954 προκείμενον
1595 918 1800 946 ἀναπτύστεται

995 966 1077 1002 ῥητόν
1088 973 1096 980 ·
1110 963 1149 993 ὢν
1168 965 1218 1000 τὴν
1228 964 1345 1000 θεωρίαν
1355 964 1550 999 ἀποδεχόμενοι
1568 965 1616 991 καὶ
1631 965 1660 991 σὲ
1676 966 1799 992 συνεῖναι

995 1012 1025 1039 τὸ
1046 1011 1110 1047 περὶ
1129 1011 1217 1038 ταῦτα
1237 1019 1283 1037 σου
1301 1011 1445 1044 φιλόπονον
1468 1011 1542 1046 ἡμᾶς
1561 1010 1725 1038 ἀναπείθειο
1741 1011 1800 1038 οὔδ’

996 1060 1023 1087 εἴ
1039 1069 1064 1086 τι
1078 1059 1143 1086 ἄλλο
1158 1058 1278 1094 πηγάζει
1296 1058 1351 1085 τῶν
1365 1057 1412 1085 τοῦ
1430 1058 1536 1085 Παύλου
1562 1057 1693 1093 ῥημάτων
1713 1058 1801 1094 ὑπερ-

997 1106 1120 1141 οψόμεπ
1133 1104 1353 1142 ἁπορρύσασθαι.
1365 1105 1456 1131 Είπὼν
1469 1104 1533 1140 γὰρ,
1545 1102 1575 1131 οὗ
1595 1105 1612 1140 ἠ
1628 1104 1738 1138 γλῶσσα
1750 1105 1800 1132 τοῦ

999 1151 1137 1184 παναγίου
1155 1150 1316 1185 Πνεῦμα-τος
1329 1150 1455 1185 ἣργανον,
1471 1159 1480 1175 ι
1493 1149 1587 1185 Ὑμεῖς
1601 1149 1644 1176 ἐπ’
1655 1149 1800 1185 ἐλευθερίᾳ

1000 1197 1145 1232 ἐκλήθητε,
1166 1196 1286 1230 ἀδελφοὶ,
1306 1205 1316 1221 ι
1335 1197 1384 1222 καὶ
1403 1195 1512 1229 διδάξας
1540 1195 1578 1228 ὡς
1595 1195 1645 1231 οὐχ
1655 1196 1802 1222 ὑπόκειται

999 1242 1106 1278 δουλείᾳ
1118 1241 1271 1277 περιτομῆς
1289 1241 1324 1268 τὰ
1341 1241 1392 1276 τῆς
1421 1241 1534 1276 χάριτος
1560 1241 1653 1274 τέκνα,
1674 1242 1735 1268 οὐδὲ
1761 1241 1803 1277 τῷ

1002 1288 1167 1323 πολυμόχθῳ
1185 1288 1232 1314 καὶ
1251 1287 1442 1322 δυσεξανύστῳ
1459 1287 1536 1323 ζυγῷ
1560 1287 1608 1314 τοῦ
1629 1288 1713 1323 νόμου
1735 1296 1802 1314 συν-

1002 1333 1112 1368 έχεσθαι
1137 1333 1185 1359 καὶ
1204 1332 1438 1369 ταλαιπωρεῖσθαι
1464 1333 1684 1369 κεχρεώστηκεν,
1704 1333 1749 1360 ἵνα
1762 1333 1802 1368 μὴ

1002 1379 1053 1414 τὴν
1082 1379 1239 1414 ἐλευθερίαν
1266 1379 1359 1410 αὐτοῖς
1379 1379 1427 1406 καὶ
1450 1379 1506 1406 τῶν
1524 1379 1613 1406 ἄλλων
1631 1380 1679 1406 ὃσα
1698 1379 1736 1415 μὴ
1760 1379 1804 1405 δεῖ

1004 1424 1136 1460 πράττειν
1155 1424 1315 1460 χαρίζεσθαι
1333 1425 1470 1460 νομιοῦσι,
1483 1426 1530 1452 καὶ
1550 1425 1600 1460 τὴν
1614 1425 1742 1460 ἀφορμὴν
1751 1425 1803 1459 τῆς

1006 1471 1163 1507 ἐλευθερίας
1182 1471 1262 1507 ὓϐριν
1282 1472 1450 1508 ποιήσωνται
1467 1471 1518 1507 τῆς
1543 1472 1699 1507 ἐλευθερίας
1732 1472 1803 1498 ὑπο-

1007 1516 1152 1548 κόπτοντες
1173 1517 1255 1552 σαρκὶ
1274 1517 1320 1544 καὶ
1335 1517 1462 1547 πάθεσιν,
1491 1518 1543 1545 ὅσα
1555 1519 1604 1553 τῆς
1615 1519 1715 1553 σαρκὺιἱ
1733 1519 1804 1545 ἁπο-

1006 1562 1151 1590 6λαστάνει
1171 1563 1218 1589 καὶ
1233 1563 1340 1597 φύεται.
1353 1563 1404 1590 Διὰ
1422 1563 1501 1590 τοῦτο
1512 1564 1651 1600 ἐπήγαγεν
1663 1572 1670 1578 '
1690 1573 1699 1590 ι
1721 1563 1804 1591 Ἀλλὰ

1005 1608 1049 1636 διὰ
1068 1609 1118 1644 τῆς
1136 1608 1246 1644 ἀγάπης
1265 1609 1406 1636 δουλεύετε
1436 1609 1562 1646 ἀλλήλοις
1583 1617 1590 1624 ·
1614 1619 1624 1636 ι
1654 1607 1721 1642 οἷον,
1741 1610 1804 1636 ’Λν-

1005 1655 1137 1690 εκλήθητε
1145 1655 1270 1686 δουλείας
1283 1654 1407 1690 χαλεπῆς
1421 1655 1462 1686 εἰς
1471 1655 1677 1690 ἀπροσδόκητον
1687 1655 1734 1682 καὶ
1750 1664 1806 1690 μα-

1005 1701 1105 1736 καρίαν
1120 1701 1287 1736 ἐλευθερίαν,
1302 1700 1418 1735 φεύγετε
1430 1700 1479 1734 τῆ;
1499 1700 1601 1735 σαρκὸς
1617 1700 1667 1735 τὴν
1687 1701 1806 1736 ἐπικρά-

1005 1754 1091 1778 τειαν,
1109 1745 1143 1772 δι’
1158 1743 1192 1781 ἦς
1212 1746 1276 1780 ὑμῖν
1305 1745 1451 1782 βαρύνεται
1464 1747 1481 1780 ἡ
1499 1745 1626 1772 δουλείαν
1658 1745 1726 1781 μηδὲ
1746 1747 1808 1777 τοῖς

1005 1791 1113 1827 ἐκείνης
1131 1791 1329 1819 κατακλίνεσθε
1346 1792 1447 1826 νόμοις.
1471 1792 1503 1818 'H
1518 1791 1546 1818 δὲ
1563 1792 1614 1826 τῆς
1628 1792 1731 1827 σαρκὸς
1744 1792 1807 1818 δου-

1005 1837 1066 1864 λεία
1080 1838 1157 1874 δῆλον
1173 1838 1212 1869 ὡς
1220 1838 1327 1864 πολλῶν
1341 1838 1390 1873 μὲν
1409 1838 1458 1864 καὶ
1469 1837 1557 1864 ἄλλων
1576 1838 1636 1864 ἐστὶ
1651 1838 1746 1865 παθῶν
1757 1840 1808 1865 καὶ

1005 1884 1106 1916 κακίας
1133 1885 1300 1920 δημιουργὸς
1321 1885 1368 1911 καὶ
1387 1885 1515 1919 τεχνῖτις,
1534 1885 1583 1910 καὶ
1601 1884 1808 1920 διαμηχανᾰται

1005 1929 1184 1964 λυμαίνεσθαι
1198 1930 1247 1964 τῆς
1268 1930 1369 1965 ἀρετῆς
1383 1930 1430 1956 καὶ
1458 1930 1507 1965 τῆς
1521 1929 1680 1965 ἐλευθερίας
1695 1931 1727 1957 τδ
1741 1931 1810 1957 κά).-

1005 1975 1064 2007 λος·
1079 1975 1149 2012 ἀτὰρ
1168 1976 1199 2011 δὴ
1220 1976 1268 2002 καὶ
1278 1976 1328 2010 τὴν
1347 1976 1457 2011 ἀγάπην
1478 1977 1615 2011 ἐπιχειρεῖ
1627 1976 1687 2002 τῶν
1699 1976 1810 2012 ἀνθρω-

1007 2021 1092 2048 πίνων
1110 2021 1204 2056 ψυχῶν
1223 2021 1400 2049 ἀπελαύνειν.
1423 2023 1480 2048 Ἵνα
1491 2023 1592 2054 τοίνυν,
1607 2024 1684 2058 φησὶ,
1699 2023 1747 2055 τὰς
1760 2023 1811 2050 ἂλ-

1005 2068 1053 2099 λας
1069 2067 1139 2099 τέως
1151 2067 1202 2102 τῆς
1216 2068 1317 2099 κακίας
1333 2068 1536 2100 ἐπαναστάσεις
1555 2068 1638 2101 ὲάσω,
1667 2068 1696 2095 αἴ
1709 2071 1810 2104 γεννή-

1008 2123 1081 2149 ματα
1095 2115 1144 2150 τῆς
1163 2115 1263 2150 σαρκὸς
1298 2115 1344 2141 καὶ
1373 2115 1420 2141 τοῦ
1450 2115 1584 2150 σαρκικοῦ
1617 2114 1809 2152 καθεστήκασι

1007 2161 1192 2196 φρονήματος,
1205 2161 1274 2196 πρὸς
1285 2161 1386 2194 ταύτην
1402 2161 1450 2196 τὴν
1464 2161 1569 2187 ἐκεῖθεν
1580 2161 1732 2196 ἐρχομένην
1745 2161 1809 2187 ἑπι-

1011 2207 1110 2242 6ουλὴν
1128 2207 1175 2233 καὶ¹
1202 2206 1310 2242 πληγὴν
1330 2206 1391 2233 καθ’
1406 2207 1494 2241 ὑμῶν,
1523 2207 1573 2242 τὴν
1591 2206 1810 2242 νεκροποιοῦσαν

1010 2253 1082 2287 λέγω
1097 2252 1146 2288 τὴν
1180 2253 1302 2288 ἀγάπην,
1317 2253 1450 2287 γενναίως
1478 2252 1710 2286 ἀνταγωνίσασθε,
1739 2253 1811 2287 μηδὲ

1011 2299 1129 2334 ’πάροδον
1148 2299 1238 2334 εὑρεῖν
1255 2301 1284 2325 ἐν
1314 2300 1378 2334 ὑμῖν
1394 2299 1434 2334 τῷ
1467 2299 1631 2334 ψυχοφοόρῳ
1652 2298 1741 2334 τούτῳ
1758 2299 1811 2334 τῆς

1012 2344 1150 2379 ἁμαρτίας
1164 2344 1235 2379 βέλει
1252 2343 1389 2379 πρόφασίν
1404 2353 1465 2371 τινα
1484 2343 1654 2378 παράσχητε.
1681 2341 1769 2368 Τοῦτο
1781 2343 1810 2368 δὲ

1014 2389 1090 2415 ἕσται
1103 2397 1161 2419 πως
1178 2389 1227 2414 οὐκ
1238 2389 1358 2423 ὲργιῖιδες
1377 2389 1437 2415 οὐδὲ
1450 2387 1568 2423 χαλεπὸν
1598 2387 1696 2414 ἀνύσαι
1708 2406 1716 2419 ,
1740 2386 1811 2413 ἀλλὰ

1009 2434 1055 2461 καὶ
1076 2433 1166 2470 ῥᾴδιον
1197 2434 1245 2459 καὶ
1265 2434 1415 2469 σωτήριον·
1441 2434 1466 2460 εἰ
1485 2434 1540 2468 γὰρ
1562 2432 1607 2459 διὰ
1632 2432 1681 2467 τῆς
1696 2431 1812 2465 ἀγάπης

1008 2480 1149 2508 δουλεύετε
1163 2480 1289 2516 ἀλλήλοις
1309 2482 1382 2507 ἅπαν
1396 2480 1478 2507 ὅπλον
1501 2479 1635 2515 πονηρίας
1652 2478 1713 2506 καθ’
1730 2478 1810 2513 ὑμῶν

1009 2526 1173 2563 βαλλόμενον
1187 2527 1377 2562 ἀπρακτήσει·
1394 2527 1433 2562 τῷ
1444 2525 1534 2562 θυρεῷ
1544 2528 1599 2561 γὰρ
1611 2525 1749 2560 ἐμπίπτον
1759 2524 1810 2559 τῆς

1008 2573 1061 2609 [ἐν]
1072 2573 1195 2609 ἀλλήλοις
1202 2573 1329 2608 ὁμονοίας
1338 2582 1366 2600 τε
1379 2573 1450 2609 [καὶ]
1460 2573 1562 2607 φιλίας,
1570 2572 1617 2599 καὶ
1625 2572 1722 2598 θᾶττον
1730 2579 1810 2605 περι-

1008 2619 1152 2654 θραύεται,
1181 2620 1229 2646 καὶ
1246 2620 1468 2654 ἀποκρουόμενον
1487 2620 1527 2650 εἰς
1547 2619 1642 2654 κωφὴν
1665 2617 1809 2645 διαπίπτει
1830 2633 1841 2643 .

1010 2663 1110 2698 βολίδα,
1134 2665 1203 2698 μετὰ
1221 2664 1268 2690 τοῦ
1284 2666 1331 2690 καὶ
1361 2665 1407 2691 τὴν
1428 2664 1563 2700 βάλλοντα
1585 2664 1635 2698 τῆς
1653 2663 1811 2699 προσηκού-

1011 2718 1062 2746 σης
1073 2710 1206 2746 αἰσχύνης
1221 2711 1395 2746 ἀναπλῆσαι·
1412 2711 1530 2746 ἐπείπερ
1545 2711 1562 2746 ἡ
1591 2711 1661 2746 πρὸς
1677 2709 1811 2744 ἀλλήλους

1010 2755 1055 2782 διὰ
1069 2755 1120 2790 τῆς
1130 2756 1241 2792 ἀγάπης
1255 2756 1375 2789 δουλεία,
1386 2757 1437 2792 τὴν
1461 2756 1565 2784 ἀνωθεν
1592 2755 1810 2792 ὰῤῥασωνίζεται

166 2801 336 2837 συμμαχίαν,
350 2802 398 2829 καὶ
422 2802 472 2837 τὴν
500 2802 625 2838 καθαρὰν
656 2803 704 2829 καὶ
738 2803 878 2839 μακαρίαν
913 2804 1135 2839 καταπράττεται
1164 2802 1323 2838 ἐλευθερίαν
1341 2803 1386 2830 διὰ
1399 2805 1449 2839 τῆς
1475 2803 1504 2830 ὲν
1525 2802 1651 2838 ἀλλήλοις
1685 2801 1808 2839 είρήνηςΙ

166 2848 213 2874 καὶ
227 2849 277 2884 τὴν
287 2849 469 2875 ἐνυπόστατον
485 2849 599 2884 εἰρήνην
621 2849 667 2875 τὺν
678 2848 781 2884 Κύριον
793 2849 872 2884 ἡμῶν
902 2850 1006 2885 Ἰησοῦν
1022 2849 1138 2885 Χριστὸν
1152 2850 1212 2881 ταῖς
1224 2849 1302 2884 ὑμῶν
1321 2850 1551 2884 ὲγκατοικίζουσα
1567 2849 1702 2884 καρδίαις.

202 2896 304 2925 Deinde
318 2897 411 2932 adjicit
427 2903 452 2924 et
465 2897 531 2932 legis
542 2904 679 2925 summam
691 2904 753 2925 esse
763 2897 875 2931 diligere
888 2896 959 2925 sicut

1050 2895 1115 2924 Εἶτα
1135 2896 1316 2932 προστίθησιν
1335 2898 1375 2925 ὅτι
1387 2897 1434 2925 καὶ
1447 2897 1530 2933 νόμου
1553 2896 1701 2931 κεφάλαιόν
1713 2893 1809 2922 ὲστιτὺ
