1878 3057
148 111 202 143 395

728 113 861 152 PHOTII
879 110 1146 146 IPATRIARCE/E
1166 112 1222 142 CP'

1740 110 1794 143 390

146 173 284 200 noscens,
303 166 370 201 quid
383 165 501 202 impedit
525 166 616 203 ipsum
641 166 797 203 Evangelia,
812 175 874 203 quae
885 172 947 203 post

1036 168 1081 198 τός
1094 167 1168 193 ἐστιν
1191 167 1206 192 ὀ
1231 164 1324 200 σαφῶς
1341 164 1430 198 είδως,
1445 165 1472 192 τί
1486 164 1587 192 κωλύει
1605 164 1688 206 αὗτξν
1704 165 1794 200 Εὔαγ-

146 220 201 242 non
229 214 346 242 multum
387 219 496 250 tempus
535 219 564 242 et
590 213 761 249 Scripturam
794 219 942 249 exceptura

145 260 244 287 erant?
257 258 374 287 Ubinam
391 260 486 295 itaque
505 260 642 288 inveniam
659 260 749 288 locum
771 260 942 288 incoharen-

145 311 190 333 tua:
205 306 231 332 in
245 306 347 340 quibus
361 306 464 333 dictum
479 310 522 333 est
537 315 560 333 ιι
578 305 739 340 Ubicunque
768 306 943 341 praedicatum

146 351 227 378 tulerit
239 351 416 387 Evangelium
428 352 491 384 hoc,
506 351 613 379 dicetur
623 355 650 379 et
667 351 740 386 quod
755 352 813 379 haec
827 351 914 379 fecit?
930 361 940 378 ι

145 396 175 423 Si
191 404 256 424 vero
272 396 450 431 Evangelium
463 396 551 431 ipsam
567 397 638 431 piam
662 397 797 425 actionem
813 397 875 432 quis
891 405 942 432 pu-

146 442 244 468 taverit
261 441 397 474 mulieris,
428 448 518 476 neque
544 441 585 469 sic
610 441 678 475 ipsis
700 441 756 469 ullo
776 441 858 469 modo
872 442 942 470 insi-

144 487 254 522 pientire
280 486 430 514 adhaerebit
455 487 573 515 macula.
596 486 655 515 Non
680 488 754 515 enim
781 487 942 522 simpliciter

143 533 215 560 dixit
230 540 237 558 :
257 541 266 558 ι
284 531 447 568 Ubicunque
460 533 637 568 praedicatum
650 533 883 567 fuerit,dicetur,)
893 534 941 562 sed

147 588 157 604 ι
178 577 341 613 Ubicunque
358 578 535 614 praedicatum
552 579 644 612 fuerit,
669 580 695 607 in
707 580 868 607 memoriam
881 580 941 615 ejus

144 624 286 657 diceturp
296 624 321 652 id
336 629 377 652 est
392 625 506 660 gloriam
519 625 606 660 ipsius
621 633 768 660 perennem
785 626 939 659 suscitabit,

144 673 172 697 et
188 670 290 705 ubique
313 670 478 698 admiratum
502 671 718 699 circumsonabit
734 672 837 700 amoris
853 672 939 700 divini

146 715 345 743 testimonium.
360 715 519 744 Memoriam
533 717 606 744 enim
625 725 704 744 sacra
721 716 834 752 Eloquia
850 717 941 745 solent

146 762 271 797 accipere
284 769 334 797 pro
348 762 474 791 laudibus
489 764 628 798 praeclare,
647 769 673 792 et
688 765 802 800 gloriam
813 764 939 793 subindi-

146 815 209 836 care
218 808 359 836 ﬂorentem
374 813 402 836 et
416 816 478 836 cum
492 811 623 845 temporis
638 818 721 838 cursu
739 811 885 846 vigentem.
903 810 939 839 Ut

996 213 1086 247 γέλια,
1102 212 1120 238 ἃ
1133 212 1192 247 μετ’
1203 211 1234 237 οὺ
1250 210 1335 237 πολὺν
1351 210 1447 246 χρόνον
1463 210 1510 237 καὶ
1524 210 1575 246 τὴν
1586 210 1698 246 Γραφὴν
1711 211 1794 247 ἐμελ-

993 258 1039 286 λεν
1053 256 1248 291 ἀναδέξασθαις
1269 257 1352 283 Ὥστε
1369 256 1422 283 ποῦ
1451 257 1484 283 ἂν
1495 256 1571 291 εὕροι
1586 257 1637 292 μὲν
1652 256 1747 293 χώραν
1757 257 1796 292 lto

993 303 1183 339 ἀσυνάρτητον
1194 303 1223 329 ἐν
1236 300 1276 333 οἷς
1291 301 1414 338 εῐρηιιάι⁸
1432 311 1442 328 ‹
1457 302 1545 329 Ὅπου
1555 302 1602 329 ἐὰν
1619 303 1749 338 κηρυχθῇ
1763 303 1796 330 τδ

993 349 1159 384 Εὐαγγέλιον
1165 347 1255 381 τοῦτο,
1264 347 1449 383 λαληθήσεται
1457 349 1504 375 καὶ
1515 347 1529 374 ὅ
1540 349 1670 384 ἐποίησεν
1678 347 1768 383 αὖτης
1782 357 1792 374 ι

993 395 1024 422 Et
1038 395 1066 422 δὲ
1080 395 1110 422 τδ
1126 394 1293 429 Εὑαγγέλιον
1317 394 1402 430 αὐτὴν
1431 394 1598 421 εὐσεϐοῦσαν
1621 394 1724 430 πρᾶξίν
1745 403 1789 427 τις

995 442 1120 477 ἐννοήσει
1136 441 1186 476 τῆς
1200 440 1340 476 γυναικὸς,
1357 440 1411 468 οὐδ’
1422 440 1509 472 οὕτως
1527 440 1619 473 αὖτοῐς
1635 440 1766 476 οὐδαμῶς
1778 442 1794 468 ό

991 486 1042 522 τῆς
1061 486 1219 522 ἀδολεσχίας
1236 485 1408 522 προσάψαιτο
1427 485 1533 521 μῶμος.
1556 486 1594 513 Οὐ
1617 486 1673 522 γὰρ
1696 486 1794 517 ἁπλῶς

991 532 1062 568 ἐφη,
1095 541 1106 558 ι
1132 532 1220 559 Ὅπου
1246 532 1295 560 ἐὰν
1329 532 1473 569 κηρυχθῇ,
1502 532 1706 568 λαληθήσεται,
1733 533 1795 560 ἀλλ¹

995 587 1005 605 ι
1025 578 1113 606 Ὅπου
1138 579 1185 606 ἐὰν
1201 579 1326 615 κηρυχθῇ
1337 599 1344 611 ,
1358 579 1399 611 είς
1413 579 1586 615 μνημόσυνον
1599 578 1686 614 αὐτῆς
1706 579 1793 615 λαλη-

992 623 1133 659 Onus-rat"
1148 633 1157 650 ι
1183 623 1306 650 τουτέστι
1332 623 1412 657 δόξαν
1437 623 1530 654 αὐτοῖς
1547 623 1589 654 είς
1617 623 1794 659 μνημόσυνον

991 669 1080 705 αὐτῆς
1107 670 1273 706 ἀείμνηστον
1301 670 1469 704 ἀναστήσει,
1494 669 1541 697 καὶ
1560 670 1698 704 πανταχοῦ
1723 670 1792 697 θαυ-

993 715 1146 751 μαζόμενον
1167 716 1325 752 περιηχήσῃ
1341 716 1373 743 τὸ
1391 715 1526 750 φιλόθεον.
1548 716 1585 743 Τὸ
1609 716 1663 752 γὰρ
1687 716 1794 752 μνημό-

992 770 1071 789 συνον
1099 762 1134 789 τὰ
1162 762 1222 798 ιερά
1250 762 1337 796 Λόγια
1371 760 1450 789 εἴωθε
1479 761 1709 797 παραλαμϐάνειν
1741 761 1793 788 ἐπὶ

991 809 1139 844 ἐγκωμίων
1153 809 1306 845 λαμπρῶς,
1324 810 1372 837 καὶ
1388 809 1468 843 δόξαν
1487 807 1638 843 ὑποδηλοῦν
1657 808 1794 835 ἀνθοῦσαν

146 854 212 883 illud
223 863 245 882 τι
260 854 288 882 lu
306 856 467 883 memoriam
484 862 615 884 aeternam
631 857 782 892 eritjustus
796 858 830 885 ".
848 867 858 884 ι
877 857 912 885 Et
928 866 935 885 :

1036 855 1086 892 ιτῷ
1093 855 1141 882 τοῦ
1152 855 1249 891 χρόνου
1260 856 1353 892 δρόμῳ
1366 854 1605 890 συνακμάζουσαν⁵
1618 853 1659 886 ὡς
1668 854 1709 880 τό’
1718 862 1729 880 ε
1742 853 1793 885 Είς

149 909 158 926 ι
178 899 263 928 Periit
285 901 416 929 memoria
442 909 538 929 eorum
552 910 615 930 cum
639 903 732 931 sonitu
745 904 787 936 ";
807 913 817 930 ι
830 908 858 931 et
873 904 936 932 talia

146 946 244 973 multa.
260 945 344 974 Recte
361 954 428 974 vero
449 947 564 983 gloriam
591 948 707 982 inducit,
735 949 859 977 mulieris
875 957 940 978 san-

146 995 220 1019 ctum
233 991 334 1019 factum
351 993 520 1028 proclamat;
534 1001 596 1021 cum
607 995 680 1021 enim
706 994 745 1022 illi
773 994 940 1030 vituperium

146 1042 174 1065 et
190 1038 326 1066 maculam
353 1038 543 1072 imprimerent
569 1039 653 1067 Deum
676 1040 781 1067 'amanti
808 1040 881 1069 facto
896 1048 941 1069 sa-

146 1082 248 1119 pientis
263 1085 418 1112 meretricis
432 1090 460 1112 et
474 1093 522 1120 per
539 1086 754 1120 increpationem
771 1086 858 1121 ipsam
876 1094 939 1122 age-

148 1133 219 1164 rent,
235 1137 268 1157 ea
283 1130 317 1157 de
336 1138 421 1159 causa
440 1131 567 1159 Salvator
587 1132 649 1160 aliis
667 1132 861 1167 praetermissis
880 1140 943 1168 quae

147 1178 318 1213 propositum
333 1183 483 1206 consecuta
500 1183 564 1206 sunt
578 1179 692 1212 factum,
711 1179 819 1207 laudem
833 1180 941 1214 praemi-

147 1224 184 1250 sit
198 1227 225 1250 et
240 1224 367 1258 gloriam,
381 1225 565 1252 celebritatem
585 1225 648 1252 facti
667 1225 770 1260 ubique
780 1226 940 1261 pervulgano

147 1269 220 1298 dam.
232 1269 380 1305 Oportebat
393 1271 466 1298 enim
481 1279 576 1299 eorum
592 1271 693 1307 quibus
709 1272 748 1299 illi
761 1272 859 1300 acerba
881 1273 943 1300 huic

148 1317 338 1353 partiebantur
353 1318 526 1353 increpantes
541 1323 569 1345 et
585 1319 705 1346 animam
728 1318 940 1351 conf-indebant,

149 1362 293 1390 contrariis
309 1363 413 1391 hortari
428 1368 455 1391 et
469 1371 604 1398 recreare,
619 1370 644 1392 et
662 1372 774 1392 sensum
796 1365 886 1392 laetum
903 1365 942 1393 illi

149 1412 176 1435 et
189 1408 373 1436 exsultantem
388 1409 543 1442 restituere,
566 1410 648 1437 simul
658 1417 723 1438 vero
742 1415 769 1437 et
790 1411 943 1446 pracipita-

150 1454 252 1480 tionem
267 1454 456 1482 accusantium
470 1454 586 1482 l‘renarc.
603 1455 688 1488 Quasi
705 1464 712 1483 :
727 1456 807 1491 Apud
826 1464 876 1484 vos
889 1456 944 1484 cri-

150 1499 348 1526 minatiOnibus
363 1499 518 1534 subjectum
539 1500 640 1527 factum
654 1501 828 1536 proclamans
847 1502 943 1529 Salva-

150 1545 219 1572 toris
245 1552 346 1578 sermo,
362 1552 414 1572 non
443 1550 549 1573 tantum
577 1550 618 1574 est
641 1547 782 1575 absolutus
809 1548 843 1575 ab
868 1549 942 1576 olnni

150 1591 277 1623 crimine,
296 1592 343 1619 sed
358 1595 386 1619 et
399 1591 501 1626 ubique
513 1592 716 1628 praedicabitur,
733 1601 767 1621 ex
780 1594 945 1622 meretriciis

151 1638 321 1674 ger-minibus
335 1637 430 1666 ﬂorem
443 1638 588 1673 prudentia
605 1639 731 1667 eliciente
747 1640 905 1675 speciosum
917 1645 945 1668 et

151 1684 418 1715 inuuarcescibilem.
434 1689 462 1712 et
485 1684 678 1712 admirabilem
705 1693 816 1713 sensum
836 1686 946 1713 demon-

151 1730 260 1763 strabit,
273 1735 300 1758 et
312 1731 498 1759 sublimiorem
521 1739 601 1766 quam
615 1739 663 1766 pro
681 1731 783 1758 femina
801 1731 946 1767 cogitatio-

150 1785 213 1807 nem
241 1777 389 1812 accepisse,
409 1776 493 1805 Deum
515 1778 625 1805 novissc
641 1781 669 1805 et
685 1777 828 1806 sacriﬁciis
853 1777 945 1805 divino

151 1823 284 1851 instinctu
312 1823 443 1856 coluisse,
472 1831 553 1859 quem
584 1823 702 1851 humana
724 1823 814 1852 forma
827 1823 947 1852 circum-

153 1869 268 1903 tcgebat.
282 1867 345 1897 Ideo
360 1874 387 1896 et
399 1869 467 1897 lines
481 1873 561 1897 terrae
571 1869 736 1898 videbuntur
749 1869 945 1898 beatitudinem

152 1916 191 1944 illi
206 1915 310 1944 donare
324 1919 352 1944 et
368 1915 474 1945 laudes.

957 1521 977 1549 C

344 2049 508 2083 quasue
528 2049 585 2078 va
609 2050 659 2087 [ιιι.
677 2050 747 2087 LV].

154 2095 302 2132 Quemnam
314 2104 419 2122 sensum
439 2101 478 2123 ut
499 2105 658 2131 consequent
678 2102 702 2124 ει
720 2096 949 2132 irreprehemibile

190 2131 348 2167 investigare
359 2137 385 2158 cl
401 2132 547 2167 intelligere
558 2140 604 2167 per
621 2132 751 2159 Davidica
767 2132 844 2159 verba
859 2132 949 2159 dicen-

190 2166 229 2202 tia
245 2174 254 2202 .f
269 2175 280 2202 ι
298 2165 416 2202 Tibisoli
428 2165 567 2202 peccaviet
583 2167 685 2194 malum
703 2175 793 2194 coram
805 2173 829 2194 te
844 2168 904 2202 feci,
919 2173 948 2194 ut

994 902 1167 938 μνημόσυνον
1176 901 1284 929 αίώνιον
1297 902 1373 929 ἐσται
1381 902 1494 933 δίκαιος·
1507 910 1516 926 ι
1526 899 1585 927 καί·
1595 908 1605 925 ι
1616 899 1755 926 Ἀπώλετο
1761 898 1794 925 τὸ

993 948 1165 983 μνημόσυνον
1188 948 1272 975 αὐτοῦ
1292 948 1352 983 μετ’
1366 948 1444 983 ἥχου·
1464 956 1473 973 ι
1491 947 1537 973 καὶ
1556 945 1644 972 πολλὰ
1665 944 1792 973 τοιαῦτα.

992 991 1111 1024 Εἰκότως
1122 992 1151 1020 δὲ
1164 992 1244 1026 δόξαν
1255 992 1365 1026 ἐπάγει,
1374 992 1425 1028 τὴν
1435 991 1484 1027 τῆς
1493 991 1622 1026 γυναικὸς
1633 989 1795 1026 ἱερουργίαν

991 1038 1195 1073 προαγορεύει·
1216 1038 1279 1065 ἐπεὶ
1303 1037 1357 1074 γὰρ
1383 1038 1483 1065 ἐκεῖνοι
1513 1037 1599 1072 ψόγον
1621 1036 1669 1063 καὶ
1693 1035 1794 1071 μῶμον

992 1084 1136 1120 ἐπέτριεον
1149 1085 1183 1120 τῇ
1198 1084 1314 1120 φιλοθέῳ
1330 1083 1430 1119 πράξει
1456 1083 1507 1118 τῆς
1533 1083 1671 1118 σώφρονος
1686 1081 1793 1117 πόρνης

992 1130 1040 1158 καὶ
1052 1130 1086 1157 δι’
1101 1131 1290 1166 ἐπιτιμήσεως
1306 1129 1391 1164 αὐτὴν
1405 1127 1484 1165 ἦγον,
1502 1129 1601 1156 τοῦτου
1616 1128 1697 1164 χάριν
1707 1129 1722 1155 ὸ
1737 1128 1795 1154 Σω-

992 1175 1043 1211 τὴρ
1055 1175 1089 1202 τὰ
1104 1175 1172 1202 ἄλλα
1186 1176 1284 1212 παρεὶς
1297 1175 1315 1203 ἃ
1327 1177 1361 1211 τῇ
1374 1176 1547 1212 προκειμένῃ
1563 1175 1706 1202 συνείπετο
1717 1175 1793 1211 πρά-

993 1220 1044 1254 ξει,
1058 1220 1107 1248 τὸν
1129 1221 1241 1248 ἔπαινον
1265 1221 1397 1257 ἀντέθηκε
1416 1221 1464 1248 καὶ
1481 1222 1531 1256 τὴν
1546 1221 1636 1254 δόξαν,
1654 1222 1685 1248 τὺ
1709 1230 1794 1257 περι-

992 1266 1101 1302 ώνυμον
1111 1267 1162 1302 τῆς
1177 1267 1310 1303 ἐργασίας
1335 1267 1475 1303 πανταχοῦ
1497 1267 1693 1303 διαπλωθῆναι.
1715 1267 1793 1294 Ἔδει

993 1311 1047 1348 γὰρ
1075 1310 1116 1344 οἷς
1138 1313 1237 1340 ἐκεῖνοι
1266 1314 1297 1340 τὸ
1312 1314 1476 1348 σκυθριιιπὸν
1497 1314 1567 1350 αὐτῇ
1591 1313 1795 1346 κατεσκέδαζον

993 1358 1176 1393 ἐπιτιμῶντες
1207 1359 1255 1385 καὶ
1277 1359 1326 1395 τὴν
1345 1359 1435 1394 ψυχὴν
1461 1359 1598 1395 συνέχεον,
1611 1360 1714 1387 τούτων
1733 1360 1795 1392 τοῖς

993 1403 1127 1435 ἐναντίοις
1151 1404 1331 1439 παρακαλεῖν,
1350 1405 1399 1431 καὶ
1418 1405 1600 1437 ἀνακτᾶσθαι,
1617 1405 1710 1432 καὶτὸ
1728 1405 1795 1440 φρόη

994 1457 1068 1484 νημα
1080 1449 1176 1484 χαῖρον
1189 1449 1257 1485 αὐτῇ
1271 1450 1319 1476 καὶ
1331 1450 1536 1486 ἀγαλλιώμενον
1548 1450 1794 1484 ἀποκαθιστάνειν,

994 1494 1052 1530 ἅμα
1065 1495 1093 1521 δὲ
1104 1496 1151 1522 καὶ
1174 1497 1225 1531 τὴν
1243 1497 1409 1532 προπέτειαν
1425 1496 1480 1524 τῶν
1501 1497 1710 1533 αίτιασαμένων
1725 1498 1797 1526 ἀνα-

996 1540 1148 1575 χαιτίζειψ
1164 1542 1308 1578 μονονουχὶ
1325 1543 1357 1569 τὸ
1380 1543 1446 1578 παρ’
1459 1543 1537 1578 ὑμῶν
1553 1543 1655 1575 αἰτίαις
1672 1543 1796 1570 ὑποϐαλθ

996 1587 1109 1623 λόμενον
1134 1589 1216 1624 ἔργον
1239 1589 1364 1617 ἀναϐοῶν
1385 1590 1400 1616 ὁ
1429 1591 1564 1626 σωτήριος
1579 1591 1659 1626 λόῇος
1674 1599 1680 1605 ·
1704 1590 1745 1623 ὡς
1760 1591 1796 1618 οὗ

998 1634 1078 1669 μόνον
1104 1635 1179 1663 ἐστὶν
1201 1636 1404 1672 ἀπολελυμένος
1426 1637 1518 1672 πάσης
1540 1637 1630 1669 αἰτίας
1650 1636 1720 1664 ἀλλὰ
1744 1637 1799 1665 καὶ

996 1679 1137 1715 πανταχοῦ
1154 1681 1369 1717 κηρυχθήσεται,
1400 1682 1450 1718 τῆς
1472 1682 1504 1708 ἐκ
1519 1682 1658 1718 πορνικῶν
1675 1681 1798 1717 βλαστη-

998 1726 1091 1761 μάτων
1103 1726 1183 1759 ἄνθος
1201 1727 1380 1763 σωφροσύνης
1397 1727 1568 1763 ἀνασχούσης
1578 1728 1682 1764 ὡραῖόν
1695 1736 1726 1755 τε
1744 1727 1798 1756 καὶ

996 1772 1168 1808 ἀμάραντον,
1196 1773 1242 1800 καὶ
1272 1772 1429 1808 θαυμασίαν
1448 1773 1497 1809 τὴν
1524 1774 1638 1809 γνώμην
1649 1774 1796 1808 ἐπιδείξει,

997 1818 1044 1845 καὶ
1058 1818 1230 1854 ὑψηλοτέραν
1243 1819 1259 1854 ἢ
1270 1819 1340 1846 κατὰ
1353 1814 1472 1854 γῦναῖκα
1481 1819 1609 1855 φρόνημα
1621 1819 1716 1847 λαϐεῖν
1726 1820 1800 1848 Θεὸν

997 1864 1147 1899 ἐπιγνῶναι
1158 1865 1205 1892 καὶ
1216 1864 1323 1896 θυσίαις
1332 1864 1449 1897 θειάσαι,
1458 1864 1488 1892 ὃν
1499 1866 1515 1901 ή
1529 1865 1687 1901 ἀνθρωπίνη
1701 1865 1799 1901 μορφὴ

998 1911 1176 1947 περιέστελλε
1190 1920 1197 1927 ·
1219 1911 1259 1939 διδ
1285 1912 1335 1939 καὶ
1358 1912 1394 1939 τὰ
1418 1912 1526 1948 πέρατα
1551 1912 1601 1948 τῆς
1627 1912 1800 1947 οἰκουμένης

998 1958 1148 1993 ὀφθήσεται
1168 1957 1214 1985 τὸν
1241 1958 1418 1994 μακαρισμὸν
1435 1959 1505 1994 αὺτῇ
1520 1957 1733 1994 δωροφοροῦντα
1745 1958 1799 1985 καὶ

998 2004 1031 2034 τὰ
1047 2004 1184 2041 ἐγκώμια.
1527 2006 1535 2010 ”

1270 2050 1440 2078 ΕΡΩΤΗΣΙΣ
1451 2050 1524 2084 Nq'.

1001 2096 1072 2134 Τίνςα
1092 2096 1167 2134 νοῦς*
1193 2097 1278 2134 ἐστιν
1303 2097 1475 2134 ἀκόλοιζθον
1501 2095 1550 2134 καί
1572 2094 1800 2134 ἀδυᾳφήιέητρν

1034 2132 1213 2166 ἀνιχνεῦσαι
1226 2132 1275 2158 καὶ
1292 2130 1478 2165 κατανοῆσαι
1495 2131 1544 2158 διὰ
1560 2130 1618 2158 τῶν
1625 2130 1800 2166 Δαυϊδικῶφξ

1031 2164 1359 2202 ῥημάτων-λεγόντων.
1376 2176 1385 2192 ι
1406 2164 1458 2202 Σοί
1476 2167 1561 2201 μόνῳ
1580 2166 1716 2202 ἧιιαρτοζ
1745 2164 1801 2202 καὶ

188 2200 343 2238 iustiﬁcari:
360 2202 386 2230 in
400 2198 564 2230 sei-itionibus
587 2203 639 2231 luis
656 2208 681 2231 et
694 2203 784 2230 vincas
802 2198 862 2230 cunt
875 2198 947 2238 judi-

1036 2198 1216 2238 τόπονῃρρν
1231 2198 1360 2229 ἐνώπιόν
1373 2210 1432 2229 σου
1445 2198 1684 2238 ὲπὶοίηᾳαξὸςὶως
1700 2199 1740 2238 ﬁ)-
1752 2199 1801 2238 ὄις

189 2237 259 2263 caris
271 2236 284 2264 .’
302 2245 312 2263 ι

1037 2235 1168 2273 καιωθῇςῖ
1183 2237 1218 2264 ἑν
1229 2237 1292 2271 τοῖς
1307 2237 1409 2273 λόγοις
1421 2244 1480 2264 σου
1496 2236 1546 2264 καὶ
1561 2236 1693 2270 νικήσῃς
1704 2235 1741 2262 ἐν
1756 2235 1801 2268 τῷ

1038 2272 1194 2306 κρίνεσθαι
1207 2280 1243 2299 σε
1255 2281 1266 2306 ;

669 2340 741 2366 Edita
750 2348 764 2366 ιι
775 2340 847 2371 Maio,
862 2342 879 2366 l.
894 2348 927 2371 c.,
938 2347 962 2373 p.
972 2341 998 2366 6|
1010 2340 1056 2366 es.
1075 2341 1103 2367 lu
1115 2330 1185 2366 Psal.
1194 2348 1217 2371 ι,
1235 2340 1260 2366 6.

191 2396 305 2433 Propria
320 2396 431 2431 quidem
446 2396 612 2425 diﬂicultatis
631 2397 732 2425 solutio
746 2401 773 2425 et
786 2397 821 2425 ad
837 2397 946 2425 Davidi-

156 2451 217 2474 eam
231 2442 395 2478 sapientiam
420 2447 518 2477 aptans
545 2443 572 2470 id
595 2443 668 2478 quod
688 2443 796 2471 videtur
809 2443 951 2472 declarare

156 2489 305 2516 verborum
322 2487 365 2515 vel
375 2487 409 2514 ad
423 2487 622 2515 dissonantiam
638 2489 848 2523 propensionem
863 2489 950 2524 majo-

157 2542 227 2567 rem,
242 2533 324 2561 talis:
341 2532 399 2561 Non
415 2537 456 2560 est
478 2534 620 2568 responsio
633 2534 667 2562 ad
683 2534 749 2562 illud
766 2541 772 2559 τ
791 2543 801 2560 ι
820 2534 882 2562 Tibi
897 2535 949 2562 soli

157 2579 287 2615 peccavi;
305 2588 314 2605 ι
334 2579 399 2606 illud
416 2587 423 2605 :
444 2589 452 2604 ι
471 2578 506 2607 Ut
528 2580 688 2615 justitlceris
713 2581 741 2608 in
774 2581 949 2609 sermonibus

159 2626 225 2659 tuis,
245 2635 254 2652 ι
271 2627 321 2654 etsi
337 2626 427 2654 locum
446 2628 609 2661 praecedenti
630 2628 857 2664 propinquiorem
877 2628 950 2656 obti-

159 2673 267 2705 nuerit;
283 2673 443 2701 redderetur
459 2679 549 2702 autem
564 2676 652 2710 magis
669 2675 780 2710 proprie
799 2679 827 2703 et
839 2675 951 2710 sapien-

160 2719 225 2752 tius,
241 2718 264 2746 si
276 2724 349 2747 certc
363 2719 397 2747 ad
418 2727 451 2747 ea
468 2727 529 2755 quae
543 2720 579 2747 ab
599 2720 679 2748 initio
699 2721 866 2756 praecedunt,
881 2720 952 2748 rela-

158 2767 261 2794 Lionem
275 2771 449 2796 numerentur
465 2766 608 2796 habentia.
623 2767 710 2802 Quale
723 2773 767 2797 est
783 2777 805 2796 ιι
821 2767 951 2796 Miserere

152 2900 155 2905 _
192 2859 218 2903 ξδ’
232 2858 295 2901 Ρεοι
321 2866 366 2893 cx,
387 2858 408 2885 l.
462 2858 471 2873 '
489 2857 561 2887 Psal.
579 2867 616 2893 ιι,
635 2859 659 2887 '1.

1042 2395 1193 2428 ἰδιάζουσα
1205 2394 1255 2431 μὲν
1264 2394 1311 2421 τοῦ
1320 2395 1436 2430 διαπορή
1442 2402 1526 2429 ματος
1541 2393 1663 2424 ὲπίλυσις
1671 2392 1718 2419 καὶ
1727 2391 1802 2426 πρὸς

1001 2443 1051 2479 τὴν
1072 2442 1218 2478 Δαυῑδικὴν
1248 2440 1345 2476 σοφίαν
1367 2439 1630 2477 καταρῤυθμίζουσα
1650 2438 1680 2465 τὸ
1699 2437 1802 2464 δοκοῦν

1001 2489 1185 2524 ἀπεμφαίνειν
1195 2487 1248 2514 τῶν
1263 2487 1395 2523 ῥημάτων
1411 2486 1458 2513 καὶ
1470 2485 1538 2522 πρὸς
1553 2483 1704 2518 διαφωνίαν
1715 2483 1802 2518 ἐπιρ-

1002 2535 1178 2570 ρεπέστερον,
1191 2533 1303 2568 τοιαύτη
1315 2532 1447 2559 οὐκέστιν
1459 2530 1638 2562 ἀνταπόδοσις
1648 2528 1708 2562 τοῦ,
1726 2538 1737 2554 ‹
1751 2528 1802 2556 Σοὶ

1004 2582 1078 2617 μόνῳ
1090 2581 1226 2616 ἥμαρτον,
1240 2580 1280 2611 τὸ,
1295 2589 1304 2606 ι
1319 2580 1418 2612 Ὅπως
1435 2579 1468 2606 ἂν
1480 2577 1628 2612 δικαιωθῇς
1640 2577 1669 2602 ἐν
1685 2576 1742 2607 τοῖς
1754 2575 1803 2602 λό-

1003 2636 1062 2663 γοις
1076 2636 1135 2660 σου,
1154 2637 1163 2653 ι
1180 2628 1204 2654 εί
1219 2627 1268 2653 καὶ
1286 2627 1336 2661 τὴν
1353 2626 1430 2658 τάξιν
1449 2625 1496 2652 τοῦ
1522 2622 1731 2658 προηγουμένου
1749 2621 1800 2656 ἐτ-

1003 2673 1123 2710 γυτέραν
1137 2673 1234 2709 ἔλαχεν
1244 2681 1251 2690 ·
1266 2672 1412 2707 ἀποδοθείη
1428 2671 1451 2698 δ’
1468 2671 1501 2698 ἂν
1517 2669 1683 2704 οἰκειότερόν
1700 2676 1730 2695 τε
1747 2667 1802 2695 καὶ

1004 2721 1169 2757 σοφώτερον,
1187 2720 1215 2747 εἴ
1232 2729 1264 2756 γε
1276 2720 1321 2756 ’τῷ
1349 2720 1397 2747 ἀπ’
1411 2718 1499 2754 ἀρχῆς
1525 2715 1726 2753 προηγουμένῳ
1749 2713 1804 2750 τὴν

1003 2767 1144 2804 ἀναφορὰν
1160 2766 1353 2804 παραληφθιίη
1368 2763 1557 2801 παρεχόμενον
1570 2771 1577 2778 ·
1590 2760 1657 2796 οἷον,
1671 2770 1682 2789 ι
1702 2759 1803 2796 Ἐλέηο
