1878 3057
41 132 95 164 391

542 134 592 165 AD
607 134 907 168 AMPHILOCHIUM
921 136 1095 173 QUAESTIO
1114 138 1188 169 LVI.

1630 139 1685 171 398

43 187 87 214 σόν
97 195 143 221 με.
158 188 173 214 ὁ
187 186 266 220 Θεὸς,
281 186 352 214 κατὰ
375 187 446 224 μέγα
461 187 537 222 ἔλεός
553 198 612 223 σου,
636 192 684 219 καὶ
705 193 778 220 κατὰ
804 193 834 220 τὸ

939 194 956 225 i.
969 194 1055 227 Deus,
1065 195 1216 223 secundum
1227 202 1355 231 magnam
1364 195 1584 225 misericordiam
1598 202 1683 231 tuam,

40 233 142 267 πλῆθος
150 232 206 259 τῶν
217 234 368 269 οἰκτιρμῶν
378 234 578 271 ωυτέξάλειψον
589 237 620 264 τδ
629 239 760 274 ὰνόμημά
771 249 835 275 μου,

41 278 113 310 ὅπως
123 278 159 304 ἂν
172 278 320 314 δικαιωθῇς
335 280 364 306 ὲν
376 281 431 311 τοῖς
446 281 537 315 λόγοις
550 290 597 308 σου
613 283 661 309 καὶ
676 285 792 320 νικήσῃς
811 286 840 311 ὲν

41 323 80 359 τῷ
92 323 236 358 κρίνεσθαί
250 332 280 365 σε
291 333 298 340 ο
314 333 324 350 ι
337 324 406 351 τὰδὲ
413 325 481 352 ἄλλα
490 327 688 362 μεταξυλογίας
694 329 800 364 ἔχοντα,
810 331 842 357 οὐ

42 370 241 405 περικόψειτδν
251 371 346 405 είρμὺν
355 371 417 398 οὔτε
427 372 477 406 τῆς
484 372 603 406 διανοίας
609 373 670 401 οὔτε
683 376 732 410 τῆς
742 377 841 414 συντᾲ-

44 415 121 447 ξεως.
131 416 209 443 Ποῖοι
219 416 242 443 δ’
252 416 285 443 ἂν
293 414 348 444 εἷεν
361 417 434 452 λόγοι
446 418 480 445 δι’
491 415 528 445 ὧν
538 419 553 445 ὁ
561 419 626 452 Θεὸς
634 420 718 448 ἐλεῶν
725 421 842 449 δικαιοῦ-

42 470 104 494 ται;
125 471 134 487 ι
152 463 188 489 Ἣ
199 463 263 497 λέγε
278 463 310 490 σὺ
324 463 431 499 πρῶτος
446 465 497 497 τὰς
513 465 652 502 ἁμαρτίας
665 476 711 494 σου
720 468 794 500 ὅπως
803 469 842 495 δι-

43 506 168 541 καιωθῇς
179 516 187 524 ο
201 517 210 532 ι
225 509 282 539 καὶ,
295 509 337 535 ὅτι
351 518 363 535 ι
375 509 422 544 Μὴ
434 510 543 545 θελήσει
555 511 662 547 θελήσω
671 512 717 539 τὸν
727 513 842 541 θάνατον

43 552 90 578 τοῦ
113 553 292 587 ἁμαρτωλοῦ,
317 554 355 586 ὡς
376 555 405 581 τὺ
430 555 609 592 ἐπιστρέφειν
622 558 704 585 αὑτὸν
726 559 780 586 ἀπὸ
791 560 842 595 τῆς

44 597 104 624 ὁδοῦ
119 598 205 625 αὑτοῦ
217 599 267 634 τῆς
283 601 406 636 πονηρᾶς
419 601 466 628 καὶ
481 601 532 638 ζῇν
545 611 553 619 ο
575 613 584 629 ι
602 604 650 630 καὶ
664 605 756 633 πάλιν.
777 615 786 632 ι
803 607 840 633 Οὐ

45 643 115 670 θέλω
127 644 175 671 τὸν
189 644 238 671 τοῦ
249 645 476 682 ἀποθνήσκοντος
491 648 617 682 θάνατον,
636 650 695 677 ἀλλ’
710 651 841 687 ἐπιστρέ-

44 690 112 724 ψατε
129 691 180 717 καὶ
204 690 334 727 ζήσεσθε.
353 703 362 718 ι
381 690 462 721 Οὗτοι
482 694 536 731 γὰρ
561 696 592 723 οἱ,
609 696 685 732 λόγοι
706 698 841 726 δικαιοῦσι

45 735 90 761 τὸν
105 735 187 767 Θεὸν,
199 735 293 772 ἔργοις
305 738 509 774 φιλανθρώποις
524 740 701 776 βεϐαιοῦντος
708 745 757 770 καὶ
770 753 840 778 συμ-

45 781 166 813 παθείας
177 783 334 819 οἱκτιρμοῖς
346 785 550 821 ὲκπληροῦντος
558 788 668 820 αὐτούς.
684 789 720 816 Ei-
728 790 783 826 γὰρ
792 792 842 827 τῆς

45 827 194 874 Διυΰικῆς
229 829 369 864 ἁμαρτίας
397 831 445 858 καὶ
481 834 664 868 μεταμελείας
690 836 730 872 τῷ
753 838 841 874 χρόνῳ

44 873 264 908 δευτερεύουσιν,
280 875 339 902 ἀλλ’
354 873 400 903 οὖν
414 877 465 913 τῆς
480 879 510 904 ὲν
521 878 560 913 τῷ
574 879 655 906 Δαυτδ
669 883 842 919 προφητικῆς

45 918 75 945 οὗ
95 919 306 954 δευτερεύουσιν
324 921 462 956 γνώσεως.
487 924 564 951 Ἐπεὶ
587 926 635 952 καὶ
651 926 732 959 αὐτὸς
745 928 759 954 ὁ
773 928 842 963 ψαλ-

46 964 96 999 μδς
108 965 161 991 οὐκ
175 965 287 994 ἔλαττον
301 967 352 1002 τὴν
373 968 421 995 τοῦ
441 969 525 997 Δαυῒδ
547 971 736 1007 στηλογραςρεῖ
756 974 841 1008 μετά-

45 1019 121 1038 νοιαν
138 1012 189 1039 καὶ
203 1012 410 1049 ἐξομολόγησιν,
432 1015 481 1042 καὶ
495 1015 540 1042 τὸν
555 1017 601 1044 ἐπὶ
617 1019 675 1050 τοῖς
689 1020 841 1054 παραπτώ-

46 1065 129 1091 μασιν
153 1057 231 1084 ἔλεον
253 1059 270 1094 ἢ
294 1059 346 1095 τὴν
363 1060 488 1096 ὑστέροις
518 1062 625 1097 χρόνοις
652 1065 844 1099 αιχμαλωσίαν

44 1102 91 1128 τοῦ
124 1103 238 1139 Ἰσραὴλ
269 1105 470 1140 προαγγέλλει·
495 1108 544 1135 καὶ
573 1108 666 1142 ὲλέους
693 1111 843 1147 ἀξιωθῆναι

45 1149 160 1182 τούτους
174 1150 222 1176 καὶ
234 1150 442 1186 φιλανθρωπίας
455 1154 484 1180 ὲν
497 1154 666 1183 διατυπώσει
677 1165 707 1183 τε
718 1158 765 1184 καὶ
778 1167 845 1194 σχη-

46 1195 179 1230 ματισμῷ
198 1196 329 1232 δεομένου
344 1198 536 1234 προθεσπίζει,
548 1201 796 1238 ἀκουτισθήσεσθαί
813 1212 844 1230 τε

44 1241 210 1274 ἀγαλλίασιν
223 1242 272 1269 καὶ
282 1243 455 1280 εὐφροσύνην
480 1248 637 1282 προφητικῇ
657 1248 845 1283 χρησμολογεϊ

45 1286 206 1321 διαγνώσει,
228 1288 445 1323 ἀγαλλιάσεσθαι
465 1299 495 1317 τε
516 1290 599 1318 ὀστέα
617 1290 845 1329 ταταπεινωμένα

45 1335 94 1359 καὶ
107 1335 248 1369 πνεύματι
275 1336 433 1371 ἡγεμονικῷ
457 1337 649 1374 στηριχθῆναι,
667 1339 714 1366 καὶ
726 1341 846 1374 ἀγαθυν-

47 1379 130 1413 θῆναι
142 1379 208 1415 θείᾳ.
219 1380 328 1416 εὐδοκία
342 1381 392 1416 τὴν
403 1382 484 1414 Σιὼν,
501 1383 747 1420 ἀνοικοδομηθῆναί
767 1395 797 1413 τε
810 1387 846 1414 τὰ

46 1424 250 1459 πεπορθημένα
262 1425 340 1460 τείχη
364 1426 410 1453 καὶ
427 1428 663 1462 κατηρειπωμένα
675 1430 725 1464 τῆς
747 1429 845 1464 Ἰερου-

46 1470 151 1505 σαλήμ.
169 1470 231 1497 Τῶν
242 1471 395 1498 Δαυῑδικῶν
405 1472 495 1499 τοίνυν
505 1473 637 1513 ῥημάτων
650 1474 712 1501 ἀντὶ
720 1474 768 1501 τοῦ
777 1483 845 1511 σχη-

892 245 920 268 et
938 241 1089 269 secundum
1107 241 1310 269 multitudinem
1331 242 1538 270 miserationum
1563 246 1685 277 tuarum,

893 287 953 315 dele
969 287 1140 322 iniquitatem
1157 295 1256 320 meam,
1276 293 1306 315 ut
1321 288 1482 324 justiticcris
1498 290 1525 316 in
1547 289 1686 317 sermoni-

893 333 944 360 bus
959 333 1012 361 luis
1026 336 1054 361 et
1066 333 1160 361 vincas
1183 341 1245 361 cum
1264 333 1398 369 iudicaris
1411 335 1446 361 ’⁵.
1467 344 1477 361 ι
1494 335 1597 363 Caetera
1619 342 1686 363 vero

893 379 1012 407 medium
1029 380 1158 412 tenentia,
1172 388 1225 407 non
1241 381 1368 408 scindent
1383 388 1485 408 nexum
1510 389 1603 417 neque
1621 389 1686 410 sen-

893 433 942 453 sus
956 433 1044 461 neque
1065 425 1182 453 ordinis.
1199 425 1317 459 Quinam
1336 430 1426 453 autem
1438 430 1532 454 essent
1544 433 1699 454 sermones.

893 471 995 506 quibus
1015 471 1087 500 Deus
1115 472 1250 499 miserans
1277 472 1463 507 justilicatur?
1482 482 1492 499 ι
1508 473 1563 501 Aut
1586 473 1633 501 dic
1657 477 1687 501 tu

893 517 1000 552 primus
1014 522 1126 553 peccata
1138 522 1184 546 tua
1204 522 1233 545 ιιι
1253 518 1412 553 justiﬁeeris
1430 519 1469 550 ’δι
1488 528 1497 544 ι
1522 523 1568 546 et:
1586 528 1596 545 ι
1618 519 1697 548 Nolo.

893 568 1010 592 mortem
1031 564 1194 599 peccatoris,
1206 565 1254 593 sed
1271 565 1393 593 converti
1419 565 1510 600 ipsum
1527 573 1543 592 ει
1571 566 1614 593 via
1637 574 1688 594 sua

894 609 964 637 mala
979 614 1006 637 et
1028 611 1120 637 vivere
1135 610 1170 637 °°.
1189 619 1199 636 ι
1212 609 1245 637 Et
1272 617 1370 638 rursus
1388 620 1395 638 :
1413 619 1423 636 ι
1444 610 1514 638 Νυίο
1544 611 1688 639 morientis

893 659 1021 688 mortem,
1053 655 1101 684 sed
1125 656 1293 684 revertimini
1316 660 1344 683 et
1378 656 1463 684 vivite
1475 657 1510 684 '7.
1530 666 1540 683 ι
1558 656 1591 684 Hi
1614 657 1697 684 enim.

893 709 1035 729 sermones
1052 701 1205 736 justiticant
1221 701 1318 735 Deum,
1340 702 1420 730 factis
1433 702 1562 730 humanis
1575 702 1689 731 ﬁrman-

895 751 958 775 tem.
976 751 1004 775 et
1033 748 1234 783 compassionis
1265 749 1492 776 miserationibus
1529 748 1688 784 implentem

893 794 965 821 illos.
980 792 1009 820 Si
1027 793 1101 821 enim
1117 794 1247 821 Davidico
1262 799 1375 829 peccato
1393 799 1420 822 et
1432 795 1590 830 poenitentia
1617 800 1691 823 tem-.

894 847 958 875 pore
972 840 1230 875 posterioressunt,
1248 845 1276 868 at
1290 846 1380 869 tamen
1394 842 1421 869 in
1435 841 1520 868 David
1530 841 1695 877 prophetia

894 893 947 914 non
964 891 1030 914 sunt
1043 887 1210 921 posteriores
1222 886 1348 914 scicntia.
1363 886 1434 919 Quia
1451 891 1478 914 et
1492 888 1551 922 ipse
1565 887 1689 922 psalmus

893 939 948 958 non
973 931 1065 959 minus
1082 931 1197 960 Davidis
1215 932 1355 966 insculpit.
1368 933 1560 967 pcenitentiam
1580 937 1608 961 et
1621 941 1690 962 con-

895 976 1042 1004 fessionem
1071 981 1098 1004 et
1115 984 1198 1012 super
1214 976 1337 1011 lapsibus
1365 975 1583 1005 misericordiam
1605 984 1691 1012 quam

894 1022 1092 1056 posterioribus
1109 1022 1279 1057 temporibus
1301 1022 1490 1057 captivitatem
1518 1022 1600 1049 Israel
1619 1029 1689 1057 prie-

896 1067 1013 1099 nuntiat,
1026 1071 1053 1095 et
1069 1067 1259 1096 misericordia
1280 1067 1406 1103 dignatos
1419 1075 1481 1095 esse
1493 1067 1543 1096 hos
1554 1071 1581 1095 et
1591 1068 1690 1095 huma-y

895 1112 979 1140 nitate
993 1112 1022 1139 in
1037 1112 1108 1148 typis
1125 1116 1152 1140 ct
1167 1113 1254 1148 ﬁgura
1272 1112 1416 1147 implorata
1436 1112 1568 1141 divinitus
1590 1112 1690 1148 praedi-

895 1157 951 1190 cit,
978 1158 1142 1185 audiendam
1168 1165 1230 1186 esse
1261 1158 1470 1186 exsultationem
1510 1163 1538 1186 et
1566 1157 1688 1186 laetitiam

895 1202 1054 1237 prophetica
1080 1203 1242 1237 pronuntiat
1267 1203 1434 1238 cognitione,
1463 1202 1690 1240 exsultaturaque

896 1255 959 1275 ossa
974 1247 1114 1275 humiliata
1130 1251 1157 1276 et
1173 1249 1271 1283 spiritu
1287 1249 1432 1283 principali
1453 1249 1642 1277 conﬁrmanda
1663 1253 1692 1277 et

896 1293 976 1321 bonis
1003 1293 1173 1321 alllciendam
1196 1294 1289 1322 divino
1304 1295 1478 1330 beneplacito
1492 1295 1571 1329 Sion,
1595 1296 1692 1324 readi-

896 1338 1058 1374 ticandaque
1081 1339 1173 1366 diruta
1203 1341 1303 1367 moenia
1329 1345 1356 1368 et
1382 1348 1480 1368 eversa
1523 1339 1689 1369 Jerusalem.

897 1384 1034 1412 Davidicis
1059 1385 1141 1421 igitur
1163 1386 1275 1418 verbis,
1305 1386 1405 1414 nedum
1430 1387 1570 1423 [iugantur
1599 1392 1692 1416 trans-

897 1438 1007 1466 gresso,
1022 1431 1108 1466 tropis
1129 1436 1203 1460 recta
1231 1432 1348 1460 iuvtcem
1376 1433 1590 1468 cohaerentibus,
1610 1433 1690 1468 nihil,

897 1480 927 1503 ut
938 1476 1042 1504 dictum
1069 1481 1120 1509 est,
1146 1477 1291 1506 discedens
1319 1486 1335 1506 a
1364 1479 1529 1506 rectitudine
1549 1483 1576 1507 et
1608 1486 1693 1507 sensu

48 1516 215 1550 ματίζεσθαι
231 1516 271 1552 τῷ
297 1517 508 1554 ὑπερϐεϐηκότι,
531 1518 585 1546 τῶν
610 1519 721 1555 τρόπων
737 1521 781 1547 ἐπ’
796 1521 843 1547 εὺ-

939 1522 1122 1558 )pbeticorum
1142 1531 1302 1551 sermonum
1322 1524 1461 1558 occurrit;
1477 1525 1605 1552 invocant
1619 1525 1693 1553 enim

48 1562 125 1594 θείας
134 1562 263 1597 ἀλλήλοις
270 1563 493 1599 συναπτομένων,
502 1564 590 1597 οὐδὲν,
602 1564 639 1596 ὡς
651 1565 829 1601 εῖρηται,στα
837 1581 845 1588 -

48 1607 144 1640 σιάζον
161 1608 231 1644 πρὸς
246 1608 298 1644 τὴν
307 1608 441 1645 ὀρθότητα
462 1609 510 1637 καὶ
534 1610 644 1637 σύνεσιν
665 1611 720 1638 τῶν
738 1620 846 1647 προφη-

47 1655 133 1681 τικῶν
161 1655 250 1689 λόγων
277 1655 386 1691 ὰιπαντᾷ
400 1663 406 1669 ·
423 1655 604 1683 ἐκκαλοῦνται
623 1656 678 1692 γὰρ
691 1656 722 1683 τὸ
744 1656 847 1684 ἄνωθεν

49 1701 123 1732 ἔλεος
152 1700 201 1727 καὶ
229 1699 279 1736 τὴν
303 1701 459 1736 εὐμένειαν,
485 1701 519 1728 δι’
534 1698 572 1729 ὧν
591 1701 692 1737 μᾶλλον
715 1702 848 1737 ὴδικαιο-

51 1746 118 1781 diu;
132 1746 285 1782 διαλάμπει
302 1746 349 1774 τοῦ
373 1747 441 1774 Θεοῦ
457 1747 534 1783 καὶὴ
554 1747 679 1783 ἀλήθεια.
696 1748 775 1775 Οὕτω
798 1749 848 1784 μὲν

50 1790 98 1818 οὖν
114 1792 180 1828 ῥᾷόν
198 1793 258 1820 ἐστι
273 1794 322 1820 καὶ
338 1793 530 1829 ἀταλαίπωρον
543 1795 670 1830 συνορᾷν,
684 1794 758 1827 ὅπως
771 1803 800 1822 τε
814 1794 845 1822 τὺ

50 1837 314 1873 ἀμφισϐητούμενον
326 1839 374 1866 διὰ-
391 1839 440 1874 τῆς
454 1841 603 1874 συγγενοῦς
624 1841 776 1876 ίερολογιας
799 1842 847 1869 ἀν-

51 1883 197 1920 εκαθάρθη
209 1884 257 1912 καὶ
271 1885 322 1920 τὴν
338 1886 512 1922 προφητικὴν
524 1886 669 1922 θεοσοφίαν
682 1887 731 1914 καὶ
746 1888 846 1925 ἀρετὴν

901 1569 1074 1603 superiorem
1099 1569 1317 1598 misericordiam
1340 1575 1367 1599 et
1394 1571 1623 1605 benevolentiam,
1645 1579 1694 1607 per

896 1622 965 1649 quas
986 1615 1073 1652 magis
1094 1615 1202 1652 justitia
1215 1617 1305 1645 elucet
1332 1617 1380 1645 Dei
1399 1623 1427 1646 et
1447 1619 1557 1647 veritas.
1574 1618 1612 1647 lla
1629 1626 1696 1654 ergo

896 1660 976 1688 facile
991 1666 1034 1689 est
1048 1666 1075 1690 et
1086 1662 1158 1690 haud
1176 1662 1328 1692 infaustum
1341 1665 1502 1700 conspicere
1515 1665 1655 1701 quomodo
1668 1669 1697 1693 et

897 1709 1056 1743 ambiguum
1078 1716 1126 1744 per
1139 1708 1245 1737 atﬁnem
1266 1715 1370 1738 textum
1390 1719 1500 1739 sacrum
1530 1712 1694 1740 mundatum

898 1754 934 1782 sit
960 1759 987 1782 et
1012 1755 1150 1790 prophetae
1175 1756 1296 1783 divinam
1322 1757 1485 1792 sapientiam
1512 1761 1540 1785 et
1563 1758 1693 1786 virtutem

900 1807 954 1828 non
980 1801 1152 1834 adulterarit,
1181 1809 1270 1837 nequc
1289 1803 1410 1837 aliquem
1436 1803 1696 1832 ratiocinationibus

901 1845 1008 1880 injiciat
1023 1846 1206 1875 turbationem
1221 1854 1283 1883 qua
1306 1855 1322 1876 a
1332 1848 1419 1877 Deum
1440 1848 1546 1878 decenti
1559 1849 1648 1878 aliena
1659 1849 1697 1877 sit

902 1892 1054 1927 proposito.

52 1930 102 1957 οὐκ
129 1931 285 1964 ὲνόθευσεν,
313 1932 375 1959 οὐδέ
402 1941 464 1959 τινα
489 1934 630 1969 λογισμοῖς
657 1934 787 1969 ἐμϐάλλει
815 1936 967 1974 δισταγμὸν
999 1940 1046 1967 καὶ
1072 1940 1124 1976 τῆς
1144 1940 1316 1977 θεοπρεποῦς
1345 1942 1486 1979 ἀλλότριον
1516 1942 1695 1979 ὑπολήψεως.

93 1979 172 2005 Ἐπεὶ
202 1979 232 2006 δὲ
254 1979 284 2005 τὸ
310 1979 362 2014 μὲν
389 1980 530 2006 Δαυῑοικδν
554 1980 636 2016 ῥητὸν
652 1981 788 2014 ἰδιάζοντα
801 1981 848 2009 τὸν

52 2024 242 2060 καταρτισμὸν
267 2025 390 2060 εὕρισκει
414 2025 461 2052 καὶ
484 2025 534 2062 τὴν
553 2027 716 2063 εὐμάρειαν,
739 2028 793 2055 εἰσὶ
819 2028 848 2055 δὲ

52 2071 100 2098 καὶ
114 2071 184 2097 ἄλλα
199 2069 288 2098 πολλὰ
303 2070 358 2097 τῶν
375 2071 474 2106 λογίων
491 2071 540 2107 τὴν
563 2072 649 2108 αὐτὴν
669 2073 718 2108 μὲν
734 2074 848 2109 ζήτησιν

52 2117 250 2152 ἁναδεχόμενα,
268 2117 298 2143 οὐ
315 2117 362 2144 διὰ
382 2118 431 2153 τῆς
456 2118 543 2153 αὐτῆς
558 2118 587 2145 δὲ
609 2118 720 2154 μεθόδου
737 2120 845 2147 ἐπιλυό-

54 2171 132 2197 μενα,
147 2162 261 2198 ἄμεινον
274 2163 323 2190 ἐπὶ
343 2163 393 2199 τὴν
418 2164 636 2200 καθολικώτερον
648 2165 736 2193 ταῦτα
752 2166 847 2203 Occup-

939 1985 1008 2013 Cum
1024 1994 1088 2014 vero
1113 1987 1270 2015 Davidicum
1296 1987 1407 2023 quidem
1433 1988 1536 2017 dictum
1553 1989 1694 2025 propriam

903 2032 1101 2060 connexionem
1128 2032 1249 2061 inveniat
1269 2038 1297 2062 et
1310 2035 1409 2062 bonam
1440 2035 1626 2070 partitionem,
1642 2036 1697 2064 sint

902 2082 930 2105 et
942 2077 994 2105 alia
1011 2078 1097 2106 multa
1115 2078 1223 2114 eloquia
1243 2080 1371 2108 eamdem
1393 2081 1600 2116 inquisitionem
1618 2082 1694 2110 exci-

902 2124 1014 2158 pientia,
1031 2132 1085 2152 non
1103 2130 1193 2153 autem
1214 2133 1262 2161 per
1276 2127 1400 2154 eamdem
1417 2127 1576 2156 metliodum
1593 2128 1693 2161 soluta,

902 2171 1001 2199 melius
1023 2175 1065 2199 est
1081 2172 1114 2199 ad
1131 2172 1218 2208 magis
1240 2173 1375 2201 catholice
1393 2173 1452 2202 haec
1472 2174 1605 2203 divinitus
1627 2181 1694 2210 ope-

53 2208 155 2241 γοῦσαν
181 2208 230 2236 καὶ
266 2208 486 2240 διευθετίζουσαν
517 2210 684 2246 ἀναδραμεῖν
716 2210 844 2247 θεωρίαν,

939 2220 1007 2244 item
1024 2221 1053 2244 et
1066 2217 1135 2245 bene
1150 2222 1314 2246 statuentem
1336 2226 1478 2247 recurrere
1506 2208 1655 2252 theoriam,
1668 2225 1696 2248 ct

54 2252 182 2280 κάκεῖθεν
191 2253 245 2280 ἀπὸ
256 2253 307 2288 τῆς
320 2254 411 2289 κοινῆς
423 2255 532 2282 πάντων
540 2255 705 2290 διακρίσεως
721 2257 771 2293 τὴν
783 2257 849 2284 ἀκό-

57 2298 152 2325 λουθον
167 2299 217 2326 καὶ
235 2299 387 2335 ἱεροπρεπῆ
402 2299 521 2327 διάνοιαν
537 2301 574 2333 ὡς
586 2298 642 2328 οἷον
658 2302 688 2329 τέ
709 2304 784 2330 ἐστιν
798 2300 848 2339 ιμ-

54 2346 124 2381 φανῆ
139 2345 326 2380 καταστῆσαι.
344 2346 423 2373 Ἐστι
437 2346 460 2373 δ’
475 2346 522 2374 οὖν
537 2346 555 2374 ἃ
573 2347 620 2375 τὸν
644 2348 726 2376 αὐτὸν
739 2358 847 2386 σχημα-

53 2391 151 2425 τισμὸν
167 2390 352 2417 ὑποϐάλλεται
364 2392 414 2427 τῆς
427 2391 579 2424 συνθέσεως
589 2393 639 2420 καὶ
652 2394 720 2430 πρὸς
738 2394 788 2430 τὴν
798 2395 848 2422 αὐ-

54 2437 102 2472 τὴν
114 2437 164 2464 τοῦ
175 2437 257 2472 λόγου
270 2438 357 2464 δεῖται
368 2438 486 2474 φυσικὴν
497 2439 693 2475 ἀναπλωθῆναι
704 2441 750 2468 καὶ
763 2442 847 2477 ἀσχη-

57 2484 186 2518 μάτιστον
204 2484 334 2519 ἰδιότητα,
353 2484 391 2516 ὡς
413 2484 446 2512 ἐκ
466 2484 572 2513 πολλῶν
587 2485 665 2520 ὀλίγα
681 2487 844 2522 παραθεῖναι

55 2529 157 2557 ταῦτα·
176 2539 187 2556 ι
209 2530 364 2556 Ἀποστελῶ
389 2529 438 2565 τὴν
450 2531 531 2566 χεῖρά
555 2541 605 2567 μου
623 2533 742 2566 πατάξαι
755 2541 785 2559 σε
800 2533 847 2560 καὶ

53 2576 98 2602 τον
117 2576 185 2603 λαόν
211 2584 269 2608 σου,
293 2577 342 2603 καὶ
361 2577 515 2613 ἐκτριϐήσῃ
535 2578 589 2604 ἀπὸ
604 2578 654 2613 τῆς
669 2579 732 2613 γῆς,
752 2588 762 2605 ι
777 2580 845 2614 πρὸς

53 2622 207 2657 τὸνφαριὼ
226 2623 301 2657 λέγει
318 2622 362 2649 διὰ
377 2623 498 2655 Μωσέως
517 2624 635 2659 Κύριον
653 2625 717 2652 καί·
737 2635 746 2651 ι
767 2625 847 2652 Ἕνε-

53 2677 99 2696 κεν
116 2669 213 2695 τούτου
235 2668 400 2704 διετηρήθης
426 2669 470 2696 ἵνα
493 2670 654 2705 ὲνῖείξωμαι
677 2672 707 2698 ἐν
738 2672 780 2698 σοὶ
795 2673 844 2707 τὴν

54 2715 129 2750 ἰσχύν
147 2723 210 2748 μου,
227 2715 276 2742 καὶ
291 2715 366 2746 ὅπως
387 2714 518 2750 διαγγελῇ
536 2716 567 2742 τὸ
580 2717 666 2751 ὄνομα
680 2726 732 2752 μου
748 2719 777 2745 ὲν
791 2718 844 2745 πά-

54 2768 85 2797 σῃ
100 2763 133 2796 τῇ
149 2762 185 2797 γῇ
199 2770 206 2778 ι
221 2771 231 2787 ι
251 2761 392 2788 καῖπάλιν
403 2770 410 2776 ·
426 2771 436 2787 ι
458 2761 529 2796 Ἐγὼ
538 2762 658 2798 ὲϐάρυνα
669 2764 718 2799 τὴν
730 2765 843 2800 καρδίαν

53 2807 133 2835 αὐτοῦ
145 2808 194 2834 καὶ
207 2806 262 2834 τῶν
272 2807 446 2843 θεραπόντων
461 2807 556 2841 αὐτοῦ,
570 2809 613 2836 ἴνα
630 2809 730 2846 ἐπέλθῃ
742 2811 776 2837 τὰ
792 2820 841 2846 ση-

898 2261 962 2290 inde
975 2270 991 2290 a
1007 2264 1147 2290 communi
1161 2263 1285 2291 omnium
1298 2265 1467 2292 discretione
1478 2270 1693 2301 consequentem

898 2314 926 2336 et
939 2309 1026 2336 sacris
1041 2309 1124 2337 rebus
1141 2309 1255 2345 dignum
1274 2318 1384 2338 sensqu
1401 2318 1449 2346 pro
1462 2310 1569 2338 viribus
1580 2311 1693 2338 eviden-

898 2358 952 2382 tem
968 2358 1099 2383 statuere.
1115 2354 1188 2383 Sunt
1202 2363 1269 2391 ergo
1283 2364 1345 2392 qua:
1365 2356 1488 2384 camdcm
1512 2355 1630 2384 formam
1652 2356 1695 2383 in-

897 2400 987 2429 duunt
1014 2406 1158 2430 contextus
1182 2407 1209 2430 et
1241 2402 1275 2430 ad
1300 2403 1424 2431 eamdem
1457 2402 1592 2430 sermonis
1622 2409 1693 2437 opus

903 2447 1005 2475 habent
1021 2448 1174 2476 naturalem
1191 2449 1352 2484 simpliciter
1366 2449 1452 2485 aptari
1476 2454 1502 2477 et
1517 2449 1692 2484 intlguratam

899 2494 1112 2529 proprietatem,
1138 2499 1168 2522 ut
1194 2502 1228 2522 ex
1256 2495 1350 2523 multis
1392 2503 1478 2531 pauca
1515 2495 1694 2531 proponimus

899 2540 958 2568 haec
982 2549 989 2568 :
1019 2550 1029 2567 ι
1051 2540 1155 2568 Mittam
1184 2549 1295 2569 manum
1326 2549 1414 2569 meam
1440 2546 1468 2569 ut
1491 2541 1641 2576 percutiam
1667 2546 1692 2568 lc

899 2590 927 2614 et
951 2587 1081 2622 pepulum
1113 2592 1208 2618 tuum,
1231 2591 1259 2614 ct
1283 2586 1400 2614 delearis
1419 2587 1454 2614 de
1481 2591 1553 2614 terra
1573 2587 1606 2618 ”,
1633 2596 1642 2613 ι
1658 2587 1693 2614 ad

899 2631 1071 2660 Pharaonem
1081 2632 1119 2660 ait
1134 2640 1181 2667 per
1193 2632 1304 2668 Moysen
1320 2632 1453 2660 Dominus
1472 2640 1480 2659 :
1498 2642 1507 2659 ι
1520 2632 1552 2660 Et
1566 2638 1692 2668 propter-

899 2687 930 2706 ea
960 2683 1085 2708 servatus
1118 2686 1149 2707 es
1177 2683 1207 2706 ut
1239 2679 1382 2707 ostendam
1416 2679 1443 2706 in
1475 2683 1501 2707 te
1542 2680 1693 2714 potentiant

898 2733 1004 2759 meam,
1032 2732 1059 2754 et
1085 2730 1114 2753 ut
1145 2726 1277 2761 praedices
1310 2732 1410 2753 nomen
1449 2733 1541 2753 meum
1576 2726 1604 2753 in
1635 2730 1691 2754 tota

898 2776 968 2800 terra
982 2772 1015 2799 ".
1044 2781 1054 2798 ι
1075 2772 1108 2799 Ει
1135 2772 1257 2800 iterum:
1282 2780 1291 2796 ι
1320 2771 1378 2807 Ego
1404 2771 1528 2799 induravi
1557 2779 1605 2799 cor
1631 2771 1693 2806 ejus

895 2823 922 2846 et
934 2826 1075 2847 servorum
1097 2817 1169 2853 ejus.
1193 2823 1223 2846 ut
1243 2817 1355 2846 veniant
1381 2817 1460 2853 signa
1476 2825 1559 2852 super
1581 2824 1639 2850 eos,
1659 2823 1690 2845 ut

84 2864 107 2881 "
123 2863 232 2899 Psal.t.,
249 2863 313 2897 1,2.
341 2863 363 2880 ’⁸
379 2862 432 2891 lsa.
444 2863 572 2898 xuu,26.
612 2864 634 2880 "
650 2863 833 2899 Ezech.xvnt,

939 2864 1051 2893 'Ezcch.
1068 2871 1164 2897 χχχιιι,
1176 2863 1219 2891 ll.
1248 2864 1271 2881 ’⁸
1287 2862 1373 2891 Exod.
1392 2870 1428 2896 Ix,
1449 2862 1491 2890 l5.
1529 2863 1551 2878 θ’
1569 2862 1634 2890 ibid.
1649 2862 1692 2889 16.
