1878 3057
185 101 240 134 399

765 104 897 135 PHOTII
912 104 1164 136 PATRIARCH/E
1184 105 1239 136 ΟΡ.

1765 98 1818 133 400

185 157 368 194 praedicentur
390 157 468 193 signa
491 164 552 186 mea
567 158 594 186 in
619 164 701 186 aures
726 157 845 186 ﬁliorum
872 164 978 187 vestro-

1073 160 1098 187 ίά
1118 168 1170 194 μου
1197 159 1241 186 ἐπ’
1255 158 1367 190 αὐτοὺς,
1386 157 1461 189 ὅπως
1485 156 1651 192 διηγήσηται
1670 153 1704 182 τὰ
1721 156 1821 190 σημεῖά

186 212 247 232 rum
263 203 282 231 ³.
301 213 310 230 ι
328 203 448 231 Deinde:
465 212 475 230 ι
494 204 528 231 Et
542 211 597 231 non
623 203 715 231 audiet
737 211 787 232 vos
805 204 923 238 Pharao,
950 209 980 232 ut

185 249 312 284 impleam
329 249 407 284 signa
422 255 481 276 mea
498 253 524 276 et
535 249 659 284 prodigia
678 257 738 277 mea
753 249 780 277 in
808 254 880 278 terra
903 250 978 286 ipso-

185 303 246 323 rum
262 297 284 325 '.
303 305 313 321 ι
331 294 436 324 Horum
456 295 529 323 enim
545 296 766 331 unumquodque
794 302 821 324 et
848 304 980 332 quaecun-

183 349 237 377 que
253 341 308 369 alia
323 349 372 376 per
385 341 489 369 similes
504 341 682 377 proferuntur
698 349 779 370 voces
797 341 875 377 juxta
899 343 978 370 τοίίο-

184 387 301 423 logicum
312 387 415 415 reddita
428 387 536 422 phrasis
551 387 682 420 habitum,
694 388 858 423 proprietate
869 388 978 422 quidem

183 432 384 460 annuntiantur
398 440 484 460 sacrae
507 438 609 461 nostra:
620 433 779 468 Scriptum.
797 433 840 461 Ad
865 437 979 460 natura-

184 479 236 506 lem
258 483 349 506 autem
376 478 512 506 sermonis
543 483 655 514 aecepta
691 480 822 512 formam,
850 479 979 514 pietatem

184 524 311 560 aperiunt
326 528 353 551 et
365 524 397 551 ad
413 524 584 559 theosophia:
601 528 703 552 nostra:
726 524 833 552 amnem
850 528 980 559 aptantur

184 577 308 597 sensum.
336 569 442 596 Etenim
470 577 547 598 more
575 570 701 598 ﬁrmatur
726 570 840 605 antiquo
863 578 895 598 ea
919 578 980 605 quae

184 615 297 642 omnino
310 620 441 643 eventura
455 620 519 643 sunt
539 620 565 644 ει
580 623 641 651 qua:
661 623 715 643 non
732 621 848 651 possunt
872 621 981 651 propter

185 658 421 694 imperfectionem
450 660 541 688 exitus
564 661 724 688 circumcidi
753 661 852 696 saepius
874 661 901 688 in
929 661 982 688 hoc

139 722 144 724 μ
184 703 327 739 divulgare
348 705 510 738 schismate;
527 705 591 740 quia
618 709 646 733 et
672 713 845 741 quaecunque
868 705 979 740 phrasin

185 755 286 775 causas
302 747 468 776 indicantem
495 749 591 777 sortita
619 754 692 780 sunt.
724 749 852 777 ordinem
880 749 981 776 habent

186 800 282 820 eorum
297 800 359 828 quae
371 800 531 820 concessam
549 793 650 820 habent
663 793 858 821 substantiam.
995 829 1018 857 Β

220 882 273 910 Sed
287 883 360 910 enim
378 883 533 918 proprietas
550 884 612 912 talis
627 884 786 919 Scriptura),
811 884 892 919 quale
915 888 978 912 est:

188 938 198 955 ι
219 929 379 957 lncredulus
403 929 453 957 fuit
469 930 577 958 Pharao
591 935 619 958 et
634 931 778 958 induratus
799 935 843 958 est
856 930 877 963 ³,
899 939 907 955 ι
926 931 980 957 mi-

185 975 269 1003 riﬁca:
284 976 369 1010 plagae
391 980 419 1003 et
433 976 547 1004 verbera
567 976 668 1004 inﬂicta
685 976 877 1005 inobedientiae
888 976 979 1011 ipsum

185 1024 214 1048 et
232 1021 339 1049 duritia:
363 1026 458 1049 secuta
482 1026 557 1049 sunt.
579 1021 641 1049 Haec
655 1026 746 1049 autem
772 1022 980 1049 circumsonue‘

186 1071 259 1098 runt,
272 1071 299 1094 et
307 1074 357 1102 per
370 1074 478 1095 omnem
493 1071 592 1095 terram
609 1067 748 1103 divulgata
769 1073 843 1101 sunt,
862 1067 909 1095 Dei
929 1074 979 1103 po-

186 1111 299 1139 tentiam
328 1112 580 1140 circumclamantia
603 1117 631 1140 et
659 1113 834 1141 admirationi
859 1121 920 1141 esse
951 1118 979 1141 et

186 1157 291 1193 stupori
302 1157 419 1186 validam
431 1166 543 1186 manum
557 1159 604 1186 Dei
613 1159 794 1194 prmparantia
806 1168 814 1193 ;
827 1160 879 1187 hoc
896 1159 979 1194 igitur

185 1203 298 1231 omnino
316 1211 349 1231 ex
361 1203 434 1231 illius
446 1203 548 1232 duritie
570 1209 731 1232 eventurum
752 1204 780 1231 in
798 1205 977 1240 aetiologicam

185 1247 303 1276 formam
335 1249 478 1285 Scriptura
510 1249 617 1285 ﬁngens
646 1250 762 1285 protulit
788 1250 978 1285 praenuntians

185 1299 267 1330 tropo
279 1294 369 1323 exitus
382 1295 525 1323 immotam
541 1295 718 1329 ﬁrmitatem;
741 1295 842 1323 etenim
864 1296 979 1323 omnino

186 1346 219 1367 ea
233 1347 351 1375 quorum
371 1348 455 1369 causa
480 1341 596 1376 allegata
617 1345 659 1369 est
678 1349 712 1369 ex
738 1341 886 1369 stabilitate
912 1348 977 1376 pro-

185 1385 275 1413 dromi
299 1386 365 1422 tingi
398 1386 488 1415 solent
511 1390 539 1414 et
558 1386 700 1422 explicari.
725 1386 881 1422 Castigatur
897 1387 979 1422 igitur

186 1432 304 1466 Pharao,
327 1441 381 1461 non
408 1437 438 1460 ut
465 1433 631 1468 gloriﬁcetur
661 1432 744 1466 Deus,
774 1433 825 1461 etsi
849 1434 924 1462 vocis
951 1438 979 1461 et

186 1483 332 1508 contextus
349 1479 436 1507 forma
463 1479 542 1506 talem
572 1480 691 1514 speciem
711 1479 816 1511 subeat,
837 1479 885 1506 sed
915 1479 979 1514 quia

187 1533 243 1553 non
257 1525 378 1553 obedivit
392 1529 420 1553 et
430 1524 622 1553 inobedientiae
637 1524 689 1559 ipsi
715 1524 861 1560 oportebat
884 1532 980 1560 pcenas

186 1571 315 1606 irrogari.
329 1570 386 1598 Etsi
401 1578 468 1598 vero
484 1578 539 1598 non
563 1571 597 1597 ad
613 1571 665 1598 hoc
680 1570 865 1606 respiciebant
881 1578 979 1606 preme,

187 1623 224 1644 ne
250 1616 328 1644 ﬁeret
348 1615 407 1650 ipse
429 1616 619 1643 inobedientiae
642 1616 829 1651 mancipium,
859 1620 979 1644 attamen

187 1662 253 1696 quia
275 1661 367 1689 statim
393 1667 495 1689 secuta:
515 1666 580 1689 sunt
601 1661 715 1696 impium
733 1661 914 1696 castigantes,
938 1661 981 1689 his

187 1711 278 1734 autem
292 1706 436 1733 verberum
451 1711 478 1734 et
495 1706 635 1741 plagarum
652 1707 794 1741 stupendis
805 1707 904 1734 divinis
917 1714 981 1741 por-

187 1752 271 1780 tentis
281 1756 313 1780 ut
324 1752 428 1780 dictum
444 1756 486 1780 est
501 1752 589 1780 virtus
603 1757 630 1779 et
643 1752 727 1787 gloria
743 1752 790 1780 Dei
804 1752 886 1780 simul
900 1757 980 1779 aucta

186 1803 229 1827 est
244 1803 271 1826 et
283 1798 412 1831 etlloruit.
433 1805 488 1826 non
511 1798 615 1834 absque
637 1799 742 1826 ratione
764 1806 795 1826 ea
817 1806 879 1834 quae
904 1798 981 1834 juxta

186 1845 350 1879 aniOIOgiam
363 1849 405 1872 est
416 1845 569 1872 narrationi
583 1845 671 1872 forma
687 1849 715 1873 et
725 1850 851 1880 aspectus
861 1845 981 1873 circum-

186 1890 311 1925 ponitur,
323 1895 485 1918 eventurum
497 1890 621 1922 omnino,
632 1894 659 1918 et
672 1895 819 1925 antequam
831 1891 978 1923 evenisset,

185 1936 352 1964 testiﬁcante
364 1940 391 1963 et
404 1936 583 1963 annuntinnte
601 1937 776 1963 oraculorum
802 1935 980 1972 [divinorum]

185 1981 517 2017 prmcognitione.Eadem
532 1982 573 2008 via
589 1986 616 2009 et
629 1981 822 2010 Davidicorum
836 1982 980 2010 verborum

187 2034 249 2061 quae
269 2030 351 2053 antea
370 2026 508 2061 propriam
528 2026 624 2054 sortita
646 2032 711 2055 sunt
729 2026 939 2054 elucidationem
954 2031 982 2055 et

187 2072 411 2099 constitutionem
429 2072 456 2099 in
467 2073 590 2100 eamdem
601 2077 628 2100 et
642 2073 759 2100 similem
773 2072 852 2100 dictis
861 2073 981 2107 coaptari

186 2121 302 2153 possent
313 2116 506 2152 perfectionem
519 2127 527 2150 ;
549 2117 671 2152 peccavit
679 2118 763 2145 David
771 2122 798 2145 et
808 2122 979 2152 peccatorum

187 2163 324 2196 maximis,
334 2170 387 2190 non
395 2168 426 2191 ut
434 2163 505 2192 Deus
518 2163 700 2197 iustiﬁcetur;
718 2171 771 2191 non
783 2168 825 2191 est
833 2164 980 2198 enim,non
995 2161 1018 2189 ι)

185 2209 318 2237 οειῖιιιιίοε
327 2214 468 2245 peccatum
478 2209 534 2237 Deo
540 2209 673 2243 justitiam
683 2209 917 2238 circumfundens.
927 2211 980 2239 Sed

186 2260 331 2291 postquam
340 2255 591 2291 peccavitquidem,
602 2263 656 2282 non
673 2257 750 2283 auxit
763 2264 852 2291 neque
860 2257 981 2285 caecitate

187 2308 277 2336 neque
292 2301 436 2328 inscientia
461 2305 618 2335 peccatum,
653 2301 776 2337 confugit
802 2309 869 2330 vero
891 2303 979 2337 magis

186 2347 219 2374 ad
233 2347 422 2383 paenitentiam
440 2351 468 2375 et
484 2347 631 2383 lacrymas,
647 2348 826 2383 semetipsum
843 2348 978 2377 festinans

186 2393 299 2421 abluere
316 2397 442 2428 peccato.
458 2393 508 2420 Dat
521 2399 612 2420 autem
631 2394 703 2422 Deus
723 2394 832 2422 veniam
853 2395 880 2422 in
898 2394 977 2423 beni-

186 2438 301 2474 gnitate,
317 2438 454 2473 propriam
469 2438 603 2473 justitiam
615 2443 642 2467 et
654 2439 789 2474 majorem
803 2447 886 2475 quam
897 2439 977 2475 juxta

186 2483 336 2511 humanum
348 2490 461 2510 sensum
478 2484 646 2519 splendidam
657 2485 786 2513 omnibus
803 2485 936 2514 exhibens
950 2491 978 2514 et

186 2526 480 2561 circumspectabilem.
497 2528 561 2555 ideo
575 2536 637 2556 cum
652 2529 767 2556 dixisset
780 2529 866 2556 David
876 2537 899 2556 ει
915 2529 975 2557 Tibi

186 2571 239 2599 soli
254 2572 378 2606 peccavi,
396 2573 603 2606 utjustiﬁceris,
622 2584 631 2600 ι
648 2575 784 2610 adjunxit,
802 2584 812 2600 ι
830 2575 858 2602 in
874 2583 977 2604 θοι-[ηο-

186 2617 268 2646 nibus
283 2618 348 2652 tuis,
369 2628 378 2645 ι
398 2619 571 2655 iniquitatem
586 2621 698 2656 quidem
719 2621 884 2656 paenitentia
900 2621 976 2648 exci-

184 2663 285 2698 piente,
302 2665 491 2699 paenitentiam
507 2673 573 2694 vero
586 2666 754 2701 benignitate
768 2673 851 2700 supra
862 2673 972 2694 omnem

183 2716 351 2743 sermonem.
371 2711 396 2738 in
415 2711 580 2748 benignitate
601 2713 701 2740 veroin
714 2712 891 2740 sermonibus
917 2713 975 2741 elu-

993 1493 1015 1523 ο

219 2797 327 2826 'Exod.
344 2807 372 2833 ι,
388 2799 414 2827 1.
451 2801 461 2816 ⁵
476 2800 560 2829 Exod.
580 2810 628 2835 vn,
647 2802 672 2830 ί.
713 2803 722 2819 ³
734 2802 800 2831 ibid.
817 2802 859 2830 l5.

1033 213 1084 240 μου
1101 205 1142 236 εἰς
1155 205 1189 231 τὰ
1196 201 1254 230 ὦτα
1273 203 1328 229 τῶν
1338 202 1442 229 τέκνων
1454 200 1532 237 ὑμῶν
1543 207 1568 227 ἰ
1585 198 1646 227 εἶτα
1659 207 1683 226 ⁸(
1701 200 1757 226 Καὶ
1772 199 1822 226 οὐκ

1031 250 1221 277 είσακούσεται
1235 248 1313 284 ὑμῶν
1328 247 1440 282 Φαραὼ,
1459 247 1504 273 ἴνα
1520 245 1648 281 πληθύνω
1665 243 1700 272 τὰ
1721 245 1822 279 σημεῖά

1032 302 1082 330 μου
1097 295 1192 321 καὶτὰ
1207 293 1308 329 τέρατά
1330 301 1380 327 μου
1402 293 1431 318 ὲν
1449 292 1482 326 τῇ
1500 292 1535 326 γῇ
1564 290 1666 325 αὐτῶν.
1687 299 1696 316 ι
1712 289 1822 316 Τούτων

1031 341 1085 377 γὰρ
1101 341 1216 367 ἕκαστον
1238 339 1285 366 καὶ
1307 339 1359 366 ὅσα
1372 337 1441 366 ἄλλα
1456 337 1501 364 διὰ
1515 336 1570 363 τῶν
1584 335 1685 372 ὁμοίων
1700 335 1821 371 προάγε-

1031 396 1076 414 ται
1089 386 1186 421 φωνῶν
1209 385 1279 413 κατά
1298 385 1342 411 τὸν
1369 383 1551 418 αίτιολογικδν
1573 380 1754 416 ἀποδιδόμενα
1773 381 1824 415 τῆς

1032 434 1158 469 φράσεως
1175 430 1380 468 σχηματισμὸν,
1402 429 1529 465 ἰδιώματι
1553 429 1603 464 μὲν
1617 427 1824 462 ἀπαγγέλλεται

1030 481 1080 515 τῆς
1096 480 1172 514 ἱερᾶς
1184 478 1265 514 ἡμῶν
1279 478 1390 513 Γραφῆς
1402 485 1409 492 ·
1421 476 1491 512 πρὸς
1504 475 1536 502 τὺ
1546 474 1660 510 φύσικδν
1671 473 1699 500 δὲ
1715 473 1763 500 τοῦ
1775 472 1824 499 λό’

1031 534 1080 560 γου
1095 524 1360 560 μεταλαμϐανόμενα
1374 520 1454 556 εἶδος,
1470 521 1501 548 τὸ
1517 520 1629 552 εὐσεϐὲς
1642 518 1823 550 ἀναπτύσσει,

1032 573 1079 599 καὶ
1094 571 1163 606 πρὸς
1177 570 1209 597 τὸ
1220 571 1270 605 τῆς
1292 569 1437 604 θεοσοφίας
1452 568 1530 604 ἡμῶν
1547 566 1678 602 συγγενὲς
1692 564 1826 600 καταρτί-

1032 618 1074 650 ζει
1090 617 1121 643 τὸ
1132 616 1270 652 φρόνημα.
1285 616 1340 642 Καὶ
1352 615 1407 649 γὰρ
1423 614 1479 640 ἔθει
1496 611 1660 648 κρατύνεται
1670 610 1780 645 παλαιῷ
1789 609 1826 636 τὰ

1032 663 1141 699 παντως
1155 660 1351 696 ἁποὸησόμενα
1362 659 1410 686 καὶ
1426 658 1463 694 μὴ
1485 655 1531 684 οἷά
1547 665 1577 683 τε
1592 656 1657 683 ὄντα
1671 655 1712 691 τῷ
1728 654 1823 681 ἀτελεῖ

1030 708 1080 742 τῆς
1103 707 1243 738 ἐκϐάσεως
1273 705 1489 742 περικόπτεσθαι
1519 703 1652 734 πολλάκις
1680 702 1709 728 ὲν
1735 700 1827 735 τούτῳ

1033 753 1242 789 περιαγγέλλειν
1255 752 1295 787 τῷ
1317 751 1449 786 σχίσματι
1460 758 1468 766 '
1486 749 1550 777 ἐπεὶ
1564 749 1611 776 καὶ
1624 748 1675 775 ὃσα
1685 746 1735 782 τὴν
1752 745 1827 781 φρά-

1033 809 1075 827 σιν
1087 799 1317 834 αίτολογουμένην
1328 797 1419 832 ἔλαχε,
1434 797 1484 832 τὴν
1496 795 1573 829 τάξιν
1584 794 1680 830 ἐπέχει
1694 793 1748 820 τῶν
1760 793 1828 828 ὃμο-

1031 845 1201 880 λογουμένην
1219 844 1336 879 ἐχόντων
1351 843 1401 878 τὴν
1416 841 1545 877 ὓπαρξιν.

1073 890 1154 918 Ἀλλά
1174 889 1229 925 γὰρ
1251 890 1282 916 τὸ
1298 888 1347 924 μὲν
1372 888 1472 923 ίδὶωμα
1486 885 1608 914 τοιοῦτον
1628 884 1677 920 τῆς
1697 883 1825 920 Γραφῆς,

1031 934 1096 969 οἷον,
1109 946 1119 962 ‹
1140 935 1263 962 Ἦπείθει
1273 933 1372 970 Φαραὼ
1386 934 1432 960 καὶ
1461 929 1654 967 ὲσκληρὺνετο,
1669 940 1678 956 ›
1691 931 1720 956 ἀί
1731 929 1826 964 παρά-

1030 982 1100 1015 δοξοι
1112 981 1215 1016 πληγαὶ
1228 981 1276 1007 καὶ
1286 980 1418 1015 μάστιγες
1431 977 1661 1013 εἰσπραττόμεναι
1676 975 1727 1008 τῆς
1743 975 1826 1001 ἀπει-

1031 1027 1092 1058 θίας
1104 1026 1185 1053 αὑτὸν
1194 1026 1241 1052 καὶ
1253 1025 1437 1060 σκληρότητος
1449 1024 1566 1050 εἵποντο.
1579 1023 1601 1049 Τ
1603 1022 1674 1050 αὕτα
1686 1021 1715 1048 δὲ
1729 1020 1760 1048 τδ
1772 1029 1827 1047 πε»-

1032 1073 1158 1109 ριὸόητον
1171 1069 1240 1107 εἶχε,
1257 1072 1304 1098 καὶ
1328 1070 1381 1098 ἀνὰ
1403 1070 1494 1106 nam;
1517 1069 1566 1104 τὴν
1582 1068 1635 1103 γῆν
1652 1066 1760 1101 ἐφοίτα,
1773 1065 1828 1100 τὴν

1031 1118 1077 1146 τοῦ
1097 1118 1165 1145 Θεοῦ
1187 1116 1347 1144 δυναστείαν
1377 1123 1583 1151 περιηχουμενα
1602 1113 1650 1141 καὶ
1672 1112 1828 1147 θαυμάζειν

1030 1164 1077 1191 καὶ
1090 1161 1364 1198 ὕπερεκπλήττεσθαι
1379 1161 1429 1195 τὴν
1444 1159 1580 1196 κραταιὰν
1594 1159 1675 1194 χεῖρα
1694 1157 1741 1183 τοῦ
1754 1155 1827 1182 Θεοῦ

1029 1208 1276 1244 παρασκευάζοντα
1287 1214 1294 1221 ·
1308 1206 1389 1233 τοῦτο
1401 1203 1448 1232 οὖν
1460 1205 1490 1232 τὸ
1512 1205 1622 1235 πάντως
1636 1204 1668 1229 ἐκ
1683 1203 1731 1237 τῆς
1750 1201 1829 1228 ἐκεί-

1029 1263 1076 1282 νου
1088 1245 1273 1290 σκληρότητος
1288 1252 1483 1288 ἐκϐησόμενον,
1501 1252 1541 1283 είς
1556 1249 1738 1283 alneis-mbe
1752 1245 1828 1279 εἶδος

1029 1302 1046 1336 ἡ
1063 1300 1158 1336 Γραφὴ
1178 1298 1369 1334 σχηματίσασα
1393 1298 1558 1334 προενήνοχε
1591 1294 1829 1332 προκηρύττουσα

1029 1345 1069 1380 τῷ
1084 1345 1177 1380 τρόπῳ
1193 1345 1224 1371 τὸ
1239 1344 1289 1379 τῆς
1306 1344 1448 1375 ἐκϐάσεως
1457 1343 1626 1379 ἀμετάθετον
1640 1349 1647 1357 ·
1661 1341 1707 1368 καὶ
1719 1339 1774 1376 γὰρ
1785 1340 1830 1371 ὡς

1030 1389 1131 1416 ἐπίπαν
1153 1389 1202 1416 καὶ
1228 1389 1263 1416 τὰ
1285 1389 1510 1424 αἱτιολογούμενα
1530 1388 1569 1423 τῷ
1590 1386 1830 1422 ἀπαραὸάτῳτῆς

1030 1435 1146 1472 προόδου
1157 1435 1348 1471 εἰδοποιεῖσθαι
1361 1434 1432 1461 θέλει
1441 1435 1488 1461 καὶ
1504 1432 1638 1469 ὲρμηνεύε
1645 1432 1717 1463 σθαι.
1736 1431 1830 1457 Κολά-

1032 1480 1107 1512 ζεται
1118 1480 1207 1507 τοίνυν
1219 1481 1328 1516 Φαραὼ,
1340 1479 1390 1515 οὑχ
1405 1479 1449 1506 ἵνα
1461 1478 1578 1512 δοξασθῇ
1597 1478 1611 1504 ὁ
1634 1476 1701 1503 Θεὸς
1729 1471 1757 1498 εί
1777 1474 1830 1500 καὶ

1031 1527 1079 1561 τῆς
1094 1525 1187 1561 φωνῆς
1207 1525 1322 1560 καὶτῆς
1351 1524 1503 1551 συνθέσεως
1527 1524 1557 1550 τὸ
1577 1523 1670 1558 σλῆμα
1693 1527 1830 1553 ἰἰιαυτην

1031 1571 1185 1607 φαντασίαν
1199 1570 1361 1606 ὑπέρχεται,
1377 1567 1434 1595 ἀλλ’
1443 1570 1484 1596 ὅτι
1493 1568 1604 1603 ἠπείθει
1622 1567 1671 1595 καὶ
1682 1568 1732 1602 τῆς
1743 1567 1797 1591 ἀπε
1804 1574 1830 1590 ι-

1032 1618 1106 1649 θείας
1120 1617 1201 1645 αὐτὸν
1214 1617 1268 1644 ἔδει
1282 1616 1331 1647 τὰς
1342 1614 1420 1646 δίκας
1435 1611 1659 1647 εισπράττεσθαι.
1676 1612 1708 1638 Εἰ
1730 1611 1760 1637 δὲ
1773 1610 1832 1636 κᾶν

1033 1664 1071 1698 μὴ
1091 1662 1159 1698 πρὸς
1180 1661 1260 1688 τοῦτο
1283 1660 1377 1695 ἑώρων
1403 1659 1432 1686 αἱ
1455 1659 1596 1693 τιμωρίαι,
1618 1657 1685 1693 μηδὲ
1706 1656 1776 1692 πρὺς
1797 1656 1832 1682 τὸ

1032 1708 1161 1742 γενέσθαι
1176 1707 1257 1734 αὐτὸν
1280 1707 1330 1740 τῆς
1352 1704 1495 1734 ἀπειθείας
1509 1701 1688 1737 ἀνδράποδον,
1707 1700 1765 1727 ἀλλ’
1778 1698 1833 1726 οὖν

1032 1754 1147 1789 ἐπείπερ
1158 1753 1229 1780 κατὰ
1247 1752 1330 1783 πόδας
1349 1749 1537 1785 ἠκολούθησαν
1561 1747 1607 1774 τὸν
1631 1747 1773 1782 ἀλιτήριον
1787 1754 1833 1772 τι-

1034 1799 1221 1835 μωρούμεναι,
1236 1797 1351 1828 ταύταις
1364 1796 1392 1822 δὲ
1403 1796 1463 1826 ταῖς
1476 1795 1531 1821 τῶν
1547 1793 1685 1830 μαστίγων
1697 1791 1747 1819 καὶ
1760 1791 1821 1826 πλη

1031 1845 1088 1880 γῶν
1103 1843 1267 1879 παραδόξοις
1283 1841 1468 1876 θεοσημείαις,
1478 1840 1514 1871 ὡς
1529 1840 1648 1876 εἴρηται,
1660 1839 1676 1873 ἠ
1687 1838 1766 1873 ἰσχὺς
1780 1837 1834 1863 καὶ

1031 1892 1048 1925 ὴ
1073 1890 1137 1922 δόξα
1152 1889 1199 1915 τοῦ
1221 1887 1289 1915 Θεοῦ
1316 1886 1471 1921 συνηυξήοη
1494 1886 1542 1912 καὶ⁴
1561 1883 1833 1914 συνανεὸλάστανεν,

1031 1936 1081 1963 οὐκ
1093 1934 1245 1965 ἀπεικότως
1260 1935 1276 1969 ἡ
1291 1933 1362 1960 κατὰ
1378 1932 1428 1967 τὴν
1441 1931 1606 1965 αἰτιολογίαν
1618 1929 1657 1965 τῷ
1671 1929 1834 1964 διηγήματι

1033 1982 1124 2018 μορφὴ
1138 1981 1185 2008 καὶ
1199 1980 1257 2007 ἰδέα
1273 1977 1457 2013 περιτίθεται,
1471 1977 1501 2002 τὸ
1516 1975 1703 2011 ἐκϐησόμενον
1716 1974 1835 2005 πάντως

1033 2027 1080 2053 καὶ
1098 2025 1151 2061 πρὸ
1164 2024 1211 2051 τοῦ
1225 2022 1405 2057 ἐκϐεϐηκέναι
1424 2019 1685 2056 διαμαρτυρομένης
1710 2018 1759 2045 καὶ
1773 2019 1837 2044 ἀπ-

1031 2070 1218 2106 αγγελλούσης
1236 2070 1287 2104 τῆς
1310 2068 1363 2095 τῶν
1378 2067 1483 2102 Λογίων
1506 2066 1700 2102 προγνώσεως.
1712 2065 1763 2091 Διά
1779 2064 1835 2098 τῆς

1031 2119 1115 2152 αὐτῆς
1126 2117 1148 2144 δ’
1163 2117 1195 2143 ἂν
1213 2116 1309 2151 ἐφόδου
1337 2114 1384 2141 καὶ
1406 2113 1461 2140 τῶν
1486 2112 1637 2140 Δαυῖδικῶν
1657 2111 1794 2146 ῥημάτων
1814 2110 1835 2136 ἃ

1032 2163 1165 2199 πρότερον
1183 2160 1337 2195 ίδιαζούσης
1349 2159 1429 2194 ἔτυχε
1447 2158 1599 2193 σαφηνείας
1615 2157 1663 2183 καὶ
1685 2157 1834 2183 καταστά-

1032 2217 1101 2241 σεως
1112 2208 1152 2238 εἰς
1165 2206 1213 2242 τὴν
1225 2207 1286 2241 ἴσην
1300 2205 1347 2232 καὶ
1358 2205 1453 2240 ὁμοίαν
1474 2205 1530 2236 τοῖς
1557 2203 1714 2238 είρημένοις
1735 2203 1839 2237 ἀπαρ-

1030 2253 1136 2288 τισθείη
1148 2251 1306 2287 τελειότητα
1320 2259 1325 2265 ·
1340 2251 1466 2286 ἥμαρτεν
1481 2249 1496 2275 ὁ
1511 2248 1594 2275 Δαυῖδ
1610 2249 1658 2275 καὶ
1667 2249 1722 2274 τῶν
1733 2249 1839 2282 ἀμαρ-

1031 2299 1160 2335 τημάτων
1183 2298 1219 2324 τὰ
1244 2297 1378 2332 μέγιστα·
1399 2296 1448 2331 οὺχ
1471 2295 1515 2322 ἳνα
1532 2295 1599 2324 Θεὸς
1622 2293 1778 2328 δικαιωθῇ·
1800 2294 1837 2319 οὗ

1032 2346 1087 2381 γάρ
1101 2345 1184 2375 ἐστιν,
1199 2343 1249 2369 οὐκ
1265 2342 1339 2369 ἐστιν
1357 2341 1464 2372 οὐδενὸς
1476 2340 1599 2375 ἁμαρτία
1614 2339 1673 2374 Θεῷ
1685 2339 1838 2365 δικαιοσύ-

1032 2399 1081 2426 νην
1111 2389 1317 2425 περιάπτουσαο
1336 2387 1393 2414 ἀλλ’
1412 2386 1526 2421 ἐπείπερ
1558 2385 1668 2420 ἥμαρτε
1699 2384 1760 2419 μὲν,
1778 2384 1837 2409 οὐκ

1030 2437 1134 2473 ηὔξησε
1153 2436 1182 2462 δὲ
1198 2434 1261 2462 οὗτε
1277 2436 1311 2470 τῇ
1330 2433 1459 2469 πωρώσει
1476 2432 1539 2459 οὕτε
1557 2433 1589 2466 τῇ
1604 2429 1761 2466 προγνώσει
1778 2430 1838 2464 τὴν

1030 2483 1180 2519 ἁμαρτίαν,
1197 2480 1366 2515 καταφεύγει
1380 2479 1408 2506 δὲ
1422 2479 1523 2514 μᾶλλον
1534 2478 1602 2513 πρὸς
1613 2477 1663 2511 τὴν
1677 2476 1840 2511 μετάνοιαν

1029 2531 1077 2557 καὶ
1105 2530 1139 2556 τά
1166 2529 1282 2564 δάκρυα,
1295 2527 1401 2554 ἑαυτὸν·
1419 2525 1579 2556 σπουδάζων
1593 2523 1762 2551 ἀποπλύνειν
1778 2523 1837 2549 τοῦ

1029 2575 1236 2610 ἁμαρτήματος.
1246 2573 1342 2599 Δίδωσι
1354 2571 1382 2598 δὲ
1397 2571 1463 2602 Θεὸς
1486 2570 1653 2605 συγγνώμην
1670 2570 1699 2595 ὲν
1714 2569 1747 2603 τῇ
1763 2567 1838 2602 φιλ-

1028 2620 1182 2656 ανθρωπία,
1199 2619 1341 2645 τὸοίκεῖον
1360 2617 1465 2644 δίκαιον
1490 2616 1538 2643 καὶ
1549 2614 1671 2651 μεῖζονῆ
1689 2614 1762 2640 κατὰ
1776 2615 1839 2640 ἀν-

1028 2667 1166 2702 θρωπίνην
1181 2665 1314 2697 διάνοιαν,
1335 2663 1464 2698 λαμπρὴν
1486 2663 1572 2689 ἅπασι
1603 2661 1760 2691 ἐπιδεικνὺς
1778 2661 1838 2686 καὶ

1029 2713 1222 2747 περίϐλεπτον.
1242 2711 1290 2738 Διὰ
1308 2709 1388 2737 τοῦτο
1402 2708 1487 2737 εἰπὼν
1503 2709 1517 2736 ὁ
1532 2708 1626 2742 Δαυῒδ,
1643 2717 1654 2734 ‹
1674 2708 1720 2734 Σοὶ
1732 2707 1849 2749 ἦμαρ-ἱ
