1878 3057
62 144 111 178 ιοι

559 117 609 170 λι)
625 138 923 170 AMPHILOCHIUM
940 135 1114 173 QUIESTIO
1128 134 1202 165 LVI.

1639 126 1694 158 402

60 212 116 235 τον,
127 202 205 234 ὅπως
220 201 254 229 ἂν
270 199 427 235 δικαιωθῇς,
446 207 457 225 ι
473 197 651 234 ἑπισυνῆψεν,
669 207 679 224 ι
697 199 726 224 ὲν
741 198 797 228 τοῖς

955 198 981 221 te
994 192 1099 229 justilia
1113 196 1142 219 et
1153 190 1243 218 omnis
1257 185 1508 217 commiserationis
1521 188 1549 213 et
1563 184 1694 212 bonitatis

60 258 117 284 τοις
134 256 199 275 σου·
218 256 229 273 ι
245 247 296 282 τὴν
313 247 361 281 μὲν
381 245 498 280 ἀνομίαν
520 244 571 280 τῆς
594 243 741 279 μετανοίας
764 243 853 270 διαδε-

61 294 184 329 ξάμένης
192 302 199 308 ·
207 293 257 328 τὴν
272 292 419 327 μετάνοιαν
428 291 457 318 δὲ
470 291 520 325 τῆς
530 290 601 325 ὑπὲρ
611 290 691 324 λόγον
702 289 853 324 φιλανθρω-

61 339 127 370 πίας
137 347 145 354 ·
160 339 190 364 ὲν
203 338 230 364 δὲ
243 338 277 372 τῇ
301 336 495 371 φιλανθρωπίᾳ
509 334 558 360 τοῦ
575 336 604 361 ἐν
626 335 683 366 τοῖς
704 334 795 370 λόγοις
809 333 854 365 EE-

62 384 266 420 αστράπτοντος
292 382 398 409 δικαίου
426 382 474 409 καὶ
504 381 596 416 πάσης
618 380 791 416 συμπαθείας
807 379 854 406 καὶ

62 430 233 465 ἀγαθὸτητος
250 429 377 462 ἀφιέντος
391 428 514 459 ἀκτῖνας.
527 427 583 454 Καὶ
601 427 676 461 λόγοι
693 426 726 453 ἂν
737 425 856 452 ἐνταῦθα

63 475 187 511 ωηθείεν
200 474 249 501 τοῦ
263 473 344 505 Θεοῦ,
359 475 392 509 τῇ
408 473 568 509 ἀνθρωπίνῃ
591 472 855 507 συγκαταὸαίνοντος

64 521 196 555 ἀσθενείᾳ
208 521 255 546 καὶ
271 521 312 551 είς
333 519 429 552 λόγους
455 519 503 545 καὶ
525 519 618 554 κρίσιν
642 518 854 553 καθισταμένου.

64 567 119 594 Καὶ
132 566 188 601 γάρ
206 574 272 601 φησι
284 574 291 581 ·
309 574 319 590 ι
341 565 421 591 Δεῦτε
433 566 481 591 καὶ
494 564 688 599 διελεχϐῶμεν,
706 564 781 598 λέγει
799 563 856 589 Κύ-

65 621 135 647 ριος.
151 621 161 638 ι
187 611 403 644 ’Δντεξετάσεως
421 611 449 638 δὲ
471 610 672 645 συνισταμένης
689 606 727 636 ὧν
748 609 857 644 δωρεῶν

65 657 211 692 ἀπήλαυσε
227 657 275 684 καὶ
285 656 451 691 εὐεργεσιῶν
464 658 478 683 6
492 656 575 683 Δαυῖδ
601 656 671 691 πρὸς
686 655 719 687 ἃς
737 654 857 682 κατωλί-

66 703 167 739 σθησεν
179 703 319 738 ἀθέσμους
334 702 448 738 πράξεις
459 710 466 717 ·
483 703 537 729 ἀπὸ
549 701 672 737 γλώττης
692 700 858 735 καλαμίνης,

65 751 113 776 καὶ
129 750 225 776 αὐλεῖν
239 749 346 783 ἀλόγως
366 750 464 784 τέχνην
487 749 669 783 ποιουμένης,
685 747 795 781 γλῶσσα
809 746 857 773 τοῦ

66 794 239 828 Πνεὺματος,
256 794 304 820 καὶ
317 794 366 829 τῆς
379 794 450 829 ὑπὲρ
461 794 540 828 λόγον
556 793 652 827 σοφίας
671 793 718 819 καὶ
731 792 858 826 γνώσεως

65 840 185 875 όργανον
199 848 206 855 ·
223 840 255 866 ἐκ
272 839 415 875 μειρακίου
438 838 690 874 μυκτηριζομένου,
705 838 858 873 στρατηγὸς

66 885 243 919 αὐτοσχέδιος
258 884 307 911 τοῦ
323 885 443 920 πολέμου
463 886 511 913 καὶ
525 885 576 919 τῆς
595 885 659 920 ὅλης
680 885 858 920 παρατάξεως

67 932 115 958 καὶ
132 931 216 966 μόνο;
232 932 280 957 καὶ
294 931 378 966 χωρὶς
394 930 480 966 βελῶν
505 931 554 958 καὶ
571 931 662 958 ὃπλων
685 931 733 957 καὶ
749 930 796 965 τῆς
813 930 858 957 ἀλ-

67 977 118 1012 λης
131 977 314 1013 παρασκευῆς
338 978 385 1004 καὶ
409 977 555 1013 ἐμπειρίας
581 977 628 1004 τοῦ
654 977 859 1011 ἀγωνίσματος,

67 1022 279 1058 τροπαιοφορῶν
305 1023 356 1057 τὴν
378 1022 469 1058 νίκην,
490 1023 538 1049 καὶ
555 1022 606 1056 τὴν
625 1021 730 1057 ἐχθρῶν
747 1020 861 1048 ἀναδού-

69 1077 152 1103 μενος
161 1069 357 1104 ἐπικράτειαν
375 1068 405 1100 ὲξ
430 1069 564 1103 ὑπαίθρου
580 1067 780 1103 ταλαιπωρίας,
796 1067 861 1094 διω-

69 1113 162 1149 ρόφων
175 1114 224 1141 καὶ
243 1114 404 1149 τριωρόφων
420 1114 502 1141 οἴκων
523 1114 714 1149 λαμπρότητες
728 1113 776 1140 καὶ
789 1114 861 1148 λαμ-

68 1159 204 1194 πρότεραι
229 1160 381 1194 διαγωγαὶ,
405 1161 452 1187 καὶ
473 1160 630 1194 ὑπωρόφιος
660 1159 708 1186 καὶ
729 1159 861 1194 τρυφῶσα

67 1204 179 1231 δίαιτα·
196 1205 244 1232 καὶ
262 1205 367 1232 πολλῶν
382 1206 486 1233 πόλεων
496 1206 510 1231 6
521 1207 661 1240 κωμήτης,
675 1205 784 1240 κύριος·
800 1205 862 1232 ἀντὶ¹

69 1251 232 1286 ποιμενικοῦ
240 1252 369 1278 καδίσκου
378 1252 423 1278 καὶ
435 1253 472 1287 πή
477 1261 535 1287 ρας⁸
549 1252 685 1287 σκῆπτρον
694 1252 723 1278 ἐν
736 1252 767 1286 τῇ
779 1250 860 1285 χειρὶ,

69 1297 118 1323 καὶ
131 1297 197 1332 περὶ
209 1297 258 1332 τὴν
269 1298 391 1334 κεφαλὴν
411 1299 537 1333 στροφίον
554 1297 692 1332 βασιλείας
701 1305 707 1312 ·
721 1297 750 1329 ἐξ
760 1296 862 1331 ἀγέλης

70 1341 256 1377 βοσκημάτων
270 1343 318 1369 καὶ
335 1343 464 1378 σύριγγος
477 1343 524 1370 καὶ
548 1343 585 1377 τῷ
598 1343 656 1378 ἤχῳ
673 1341 860 1377 κατακηλοῦν-

68 1397 116 1419 τος
131 1388 224 1414 αὐτῶν
238 1388 273 1415 τὰ
290 1386 360 1422 ὦτα,
377 1389 566 1425 χρησμολόγος
576 1389 631 1415 τῶν
645 1389 714 1423 ὑπὲρ
725 1388 803 1422 λόγον
817 1387 863 1422 Ερ-

68 1443 128 1468 γων
149 1436 198 1462 καὶ
225 1436 394 1471 προφητείας
419 1435 508 1470 βρύων
530 1435 708 1470 χαρίσματα·
723 1433 753 1466 ἐξ
773 1433 863 1460 αὐλῶν

902 242 1045 269 emittente
1061 238 1166 266 radios.
1178 236 1211 263 Et
1228 241 1369 266 sermones
1390 232 1435 260 hic
1446 231 1563 266 intelligi
1575 234 1696 266 possent

903 288 950 316 Dei
967 287 1095 314 humanae
1111 280 1356 312 condescendentis
1380 278 1533 306 inlirmitati
1557 281 1584 304 et
1607 277 1634 303 in
1653 284 1696 303 ra-

908 335 998 362 tiones
1014 338 1041 360 et
1052 331 1186 367 judicium
1199 336 1228 356 se
1240 327 1396 355 statuentis.
1412 324 1532 356 Etenim,
1546 324 1601 351 ait:
1616 333 1625 349 ι
1644 322 1698 350 Ve—

908 381 967 409 nite
980 385 1007 408 et
1020 377 1220 407 contendamus
1234 373 1328 404 simul,
1341 373 1379 398 ait
1396 371 1528 398 Dominus
1541 369 1563 397 ⁸.
1579 379 1588 396 ι
1606 369 1698 404 Inqui-

906 426 1006 455 sitione
1024 428 1115 452 autem
1138 423 1209 449 facta
1225 429 1258 448 ex
1283 418 1410 454 opposito
1429 417 1463 445 de
1486 416 1567 444 donis
1594 416 1696 451 quibus

906 473 1008 500 fruitus
1024 474 1067 498 est
1089 473 1117 497 et
1139 465 1279 495 beneﬁciis
1307 463 1391 491 David
1414 467 1441 489 et
1463 462 1496 489 de
1514 462 1548 489 iis
1566 461 1599 488 ad
1626 468 1698 496 quos

906 519 1001 553 lapsus
1014 520 1056 544 est
1068 514 1224 549 illegitimos
1239 517 1317 539 actus
1336 518 1343 536 :
1369 516 1383 537 a
1401 509 1493 544 lingua
1507 507 1606 535 calami
1621 511 1649 535 et
1665 507 1700 534 ti-

907 566 966 593 bias
981 563 1078 592 inﬂare
1096 561 1194 589 inscite
1207 564 1294 587 artem
1309 558 1360 586 sibi
1378 557 1505 592 ﬁngente,
1525 556 1619 591 lingua
1645 555 1700 590 spi-

907 612 977 640 ritus
989 616 1016 638 et
1031 608 1171 644 sapientiae
1185 614 1269 642 supra
1283 609 1392 639 captum
1407 603 1523 631 rationis
1536 607 1563 629 et
1578 601 1701 629 scientiae

907 663 1063 692 organum;
1083 662 1117 681 ex
1134 650 1339 680 adolescentulo
1366 648 1478 676 irrisore
1495 648 1551 675 dux
1572 646 1701 676 fortuitus

907 703 972 730 belli
987 706 1015 729 et
1031 701 1112 728 totius
1123 699 1204 729 aciei.
1221 702 1248 724 et
1270 697 1346 724 solus
1360 700 1388 722 et
1408 695 1512 729 absque
1530 694 1591 721 telis
1605 698 1632 720 et
1655 701 1700 720 ar-

908 749 961 776 mis
972 753 999 775 et
1024 747 1129 781 reliquo
1147 747 1280 779 apparatu
1295 747 1322 770 et
1336 741 1505 776 experientia
1530 738 1701 771 certaminis,

909 798 1054 829 reportans
1069 790 1216 819 victoriam
1238 793 1265 815 et
1281 787 1403 814 hostium
1422 785 1551 819 frangens
1575 783 1702 811 domina-

910 842 1022 872 tionem,
1039 846 1072 865 ex
1084 845 1115 865 ea
1128 843 1190 872 quae
1201 839 1243 862 est
1256 835 1306 861 sub
1333 833 1378 860 dio
1395 831 1517 862 miseria,
1545 829 1703 864 duplicibus

876 873 896 900 Β
909 890 937 912 et
951 883 1106 919 triplicibus
1122 881 1201 909 tectis
1219 879 1366 907 domorum
1386 876 1546 912 splendores
1565 879 1593 902 et
1608 875 1701 910 splen-

910 929 1017 958 didiora
1034 926 1199 958 habitacula,
1214 929 1240 952 et
1255 924 1306 952 sub
1324 926 1396 950 tecto
1418 926 1446 950 et
1462 921 1568 949 deliciis
1587 920 1703 948 aiiluens

913 976 1014 1007 vietus,
1030 978 1056 1000 et
1070 973 1215 1000 multarum
1235 970 1343 997 urbium
1362 976 1394 996 ex
1417 976 1486 1003 pago
1497 967 1641 999 oriundus,
1657 967 1704 993 do-

911 1021 1022 1053 minus;
1038 1027 1088 1054 pro
1102 1017 1232 1054 pastorali
1249 1016 1353 1044 doliolo
1367 1021 1394 1043 et
1411 1022 1489 1050 pera,
1508 1017 1647 1048 sceptrum
1675 1013 1702 1040 in

911 1074 1004 1098 manu,
1029 1069 1057 1092 et
1085 1065 1189 1092 circum
1217 1066 1299 1095 caput
1321 1061 1448 1088 diadema
1476 1059 1570 1096 regni;
1586 1067 1602 1086 e
1624 1066 1705 1093 grege

914 1112 997 1140 boum
1005 1115 1033 1138 et
1043 1111 1107 1138 tibia
1121 1115 1148 1137 et
1157 1109 1250 1136 sonitu
1263 1107 1398 1135 mulcente
1414 1113 1509 1134 eorum
1526 1113 1617 1137 auresl
1629 1109 1704 1132 vates

914 1165 1009 1186 eorum
1024 1164 1085 1192 quae
1105 1163 1188 1190 supra
1205 1161 1360 1182 Sermonem
1373 1157 1438 1180 sunt
1453 1160 1567 1187 operum
1591 1156 1618 1178 et
1643 1157 1705 1185 pro-

915 1201 1013 1237 phetia:
1028 1200 1137 1227 eilluere
1156 1199 1260 1226 faciens
1274 1198 1461 1230 charismata;
1481 1205 1514 1224 ex
1530 1197 1642 1223 sedibus
1661 1196 1704 1222 in-

915 1247 998 1275 certis
1008 1251 1036 1274 et
1050 1254 1116 1274 cura
1128 1252 1261 1281 agnorum
1276 1248 1303 1271 et
1317 1244 1388 1279 pelle
1396 1243 1500 1271 ferente
1511 1242 1704 1277 corpusculum

916 1294 1009 1321 labore
1037 1296 1189 1327 gravatum,
1218 1291 1331 1318 thronus
1360 1290 1451 1324 regius
1479 1294 1506 1316 et
1532 1296 1652 1324 purpura
1678 1291 1706 1314 et

917 1339 1031 1367 hastarii
1048 1343 1075 1366 et
1091 1345 1210 1370 corona;
1230 1341 1260 1363 ut
1276 1337 1360 1363 verbo
1371 1335 1470 1366 dicam,
1486 1342 1518 1362 ex
1537 1334 1620 1361 idiota
1640 1341 1707 1368 pro-

917 1386 996 1421 pheta
1011 1389 1037 1412 et
1054 1392 1101 1411 rex
1113 1391 1145 1411 ex
1161 1383 1274 1418 fugitivo
1290 1386 1318 1409 et
1328 1385 1424 1409 contra
1448 1385 1541 1407 hostes
1562 1379 1707 1407 victoriam

918 1436 1082 1460 consecutus
1093 1431 1197 1465 absque
1212 1437 1314 1465 pugna.

68 1483 142 1516 νομά
150 1485 197 1508 low
210 1470 257 1508 καί
273 1470 421 1517 θεραπείας
434 1481 601 1516 θρεμμάτων
613 1482 661 1507 καὶ
679 1480 814 1514 σκυτάλης
839 1478 990 1514 ἀνεχούσης
1009 1478 1039 1504 τὺ
1054 1477 1193 1511 σωμάτιον
1218 1476 1296 1510 κόπῳ
1325 1473 1518 1509 βαρυνόμενον,
1539 1471 1634 1505 θρόνος
1660 1470 1707 1505 βα-

70 1513 173 1561 σίλειος
197 1529 244 1556 καὶ
267 1513 396 1564 πορφύρα
421 1513 466 1557 καὶ
486 1513 634 1566 όορυφόροι
651 1529 698 1555 καὶ
715 1513 846 1562 στέφανος
860 1534 867 1541 ·
888 1525 1024 1552 συνελόντι
1057 1524 1152 1558 φάναι,
1166 1523 1195 1555 ἐξ
1227 1522 1333 1549 ἰδιώτου
1351 1521 1506 1556 προφήτης,
1519 1519 1566 1546 καὶ
1584 1513 1710 1553 βασιλεὺς

69 1577 104 1603 ἐκ
120 1576 251 1611 φυγάδος,
267 1577 316 1603 καὶ
330 1577 360 1603 τὸ
378 1577 438 1604 κατ’
454 1577 559 1612 ἐχθρῶν
577 1577 677 1612 κράτος
705 1573 966 1609 συγκληρωσάμενος
983 1571 1098 1605 ἄμαχον.

107 1667 149 1694 Τὰ
167 1667 218 1701 μὲν
230 1666 278 1693 οὖν
294 1666 355 1693 θεῖα
375 1667 440 1702 περὶ
459 1666 504 1693 τὸν
526 1666 618 1699 Δαϐὶδ,
630 1665 727 1698 ταῦτα,
743 1665 791 1692 καὶ
803 1664 848 1691 πολ

968 1662 1040 1698 gitur
1054 1661 1145 1688 divina
1162 1660 1235 1688 circa
1258 1659 1353 1691 David,
1371 1658 1445 1690 talia,
1457 1661 1484 1684 et
1503 1655 1589 1683 multo
1605 1655 1709 1689 majora

71 1715 111 1750 λῷ
125 1714 239 1740 πλείονα
254 1713 288 1740 τὰ
300 1713 461 1749 λειπόμενα.
473 1714 514 1740 Τά
527 1713 554 1740 δὲ
572 1713 620 1748 τῆς
636 1713 707 1748 ἐμῆς
725 1711 866 1742 ἀσθενείας

73 1759 121 1787 καὶ
135 1759 184 1786 τοῦ
204 1759 297 1791 Δαὸὶδ,
315 1759 442 1794 γυναικὸς
473 1760 583 1795 ἡττᾶτο,
607 1758 653 1785 τοῦ
680 1757 799 1792 πολέμου
817 1756 866 1783 λα-

72 1805 128 1832 ϐὼν
143 1807 291 1841 ἐπίκουρον
316 1807 420 1844 ἔρωτα·
438 1807 547 1842 μοιχεία
569 1807 617 1833 καὶ
642 1806 722 1841 φόνος
733 1806 804 1832 κατὰ
817 1805 865 1832 τοῦ

74 1855 211 1893 μεγέθους
226 1855 356 1891 ἐχόρευον
370 1854 425 1881 τῶν
443 1853 597 1888 εὐεργετῶν
609 1861 616 1868 ·
635 1852 745 1888 ὕϐριζεν
761 1851 866 1887 ὴησὰρξ

72 1904 103 1931 τδ
120 1902 243 1937 πνεῦμα,
261 1901 309 1928 καὶ
324 1900 458 1935 ἐπιθυμία
474 1900 594 1934 ἄθεσμος
614 1900 670 1931 τοῖς
687 1900 741 1925 τῶν
757 1897 866 1933 δωρεῶν

72 1950 244 1985 χαρίσματιν
272 1947 447 1981 ἐπεκώμαζε,
471 1949 519 1973 καὶ
540 1947 612 1973 πόσα
625 1945 752 1972 τοιαῦται
770 1946 784 1971 6
801 1953 867 1980 προ-

73 1995 163 2030 φήτης
180 1993 229 2021 καὶ
245 1993 381 2028 βασιλεὺς,
398 1991 531 2026 κάπηλος,
557 1992 606 2019 οὐκ
626 1989 698 2017 οἶνον
720 1991 797 2017 ὕδατι
818 1999 865 2017 κε-

74 2039 185 2075 ρτννὺς,
201 2038 269 2065 ἀλλὰ
280 2037 330 2069 τὰς
342 2037 411 2072 ὑπὲρ
421 2037 498 2071 λόγον
509 2036 612 2071 δωρεὰς
624 2036 807 2070 καταμιγνὺς,
819 2035 867 2061 καὶ

75 2083 244 2119 κιΰδηλεύων
259 2085 316 2114 τοῖς
329 2083 378 2118 τῆς
392 2083 494 2118 σαρκὸς
503 2083 602 2109 πάθεσι
613 2083 659 2108 καὶ
672 2082 866 2117 σκιρτήμασιν.

80 2130 125 2155 Ἐν
137 2128 244 2160 τούτοις
261 2128 307 2155 καὶ
324 2129 381 2159 τοῖς
399 2128 532 2160 τοιούτοις
553 2127 644 2161 λόγοις
658 2129 671 2154 6
684 2127 753 2158 Θεὸς
776 2127 867 2161 κρινό-

75 2172 157 2207 μενός
167 2181 199 2198 τε
215 2171 264 2198 καὶ
277 2171 528 2206 δικαιολογούμενος
544 2172 611 2207 πρὸς
635 2171 682 2197 τὸν
703 2171 785 2198 Δαὸὶδ
797 2193 804 2204 ,
823 2169 867 2205 ἆρ’

74 2218 150 2244 ἔστιν
162 2218 252 2244 εἰπεῖν
264 2218 304 2249 εἰς
324 2218 385 2245 ὅσον
407 2218 445 2253 τῷ
457 2218 552 2254 δικαίῳ
575 2218 738 2253 ύπερέὸαλε,
760 2218 808 2244 καὶ
819 2218 867 2253 τῆς

75 2263 159 2290 αὐτοῦ
175 2263 349 2299 παρέστησεν
364 2264 532 2299 ἀγαθᾶτητος
543 2265 574 2291 τὸ
588 2264 803 2300 ἀνυπέρϐλητον,
819 2266 867 2299 μά-

74 2309 155 2336 λιστα
169 2309 198 2335 δὲ
212 2310 280 2344 μηδὲ
296 2310 443 2345 τιμωρίαις
464 2311 577 2344 ὑπάγων
593 2311 637 2337 τὸν
652 2311 715 2338 ἀντὶ
732 2310 866 2337 τοσούτων

74 2354 188 2388 ἀγαθῶν
219 2356 315 2386 κακοῖς
339 2355 542 2392 ἀμειψάμενον;
565 2357 733 2392 ὑπετέμνετο
754 2357 808 2392 γὰρ
833 2357 867 2383 ἂν

75 2400 162 2432 οὕτως
176 2400 208 2426 τὸ
222 2401 326 2434 ἄφατον
341 2401 414 2434 ἔλεος
425 2402 471 2428 τοῦ
487 2402 554 2429 Θεοῦ
567 2402 613 2429 καὶ
629 2403 659 2429 τὸ
670 2403 699 2428 ἐν
712 2403 785 2438 αύτῷ
799 2403 868 2437 λαμ-

76 2445 146 2480 πρὸν
170 2445 218 2471 καὶ
241 2447 291 2472 οὐκ
312 2447 373 2482 ἔχον
393 2447 578 2481 ἀπαγγέλλειν
594 2448 673 2481 λόγον
685 2448 717 2474 τὸ
731 2447 846 2483 μέγεθος
857 2456 865 2464 ⁸

74 2492 197 2528 τιμωρίᾳ
212 2492 267 2527 γάρ
285 2493 332 2519 καὶ
344 2493 455 2520 κολάσει
469 2495 483 2520 6
497 2494 662 2530 ἠδικημένος
681 2494 866 2529 ζημιούμενος

75 2537 108 2563 τὶ
124 2538 212 2564 πολλά
227 2538 283 2565 τῶν
304 2539 470 2574 όφλημάτων
496 2541 558 2575 ἄγει
581 2541 649 2576 πρὸς
672 2541 804 2568 διάλυσιν.
827 2541 868 2568 Τὰ

75 2586 166 2611 τοίνυν
183 2585 314 2613 Δαυῖδικὰ
328 2585 378 2622 τῆς
406 2587 550 2622 μετανοίας
576 2588 624 2614 καὶ
648 2588 868 2623 ἐξομολογήσεως

77 2633 190 2668 ῥήματα
207 2632 254 2659 καὶ
267 2633 323 2659 τῶν
343 2634 541 2669 παραπλησίων
556 2634 670 2661 ἕκαστον
684 2635 700 2669 ή
718 2634 772 2661 τῶν
787 2633 868 2669 ἱερῶν

74 2678 181 2712 Λογίων
199 2679 328 2714 συνήθεια
354 2679 385 2706 τὸ
407 2681 516 2712 πάντως
531 2680 737 2715 ἀποϐησόμενον
760 2689 868 2716 προμη-

74 2724 188 2757 νῦουσα,
215 2725 406 2759 αἱτιολογικῶς
430 2726 610 2760 ἀπαγγέλλει,
639 2726 686 2752 καὶ
700 2726 867 2753 διατυποῦσα

72 2769 112 2806 τῷ
127 2771 250 2806 σχήματι
264 2771 296 2798 τδ
313 2772 445 2807 συγγενὲς
460 2771 507 2799 τοῦ
519 2771 667 2803 ἀκωλύτως
680 2771 867 2808 έκσησομένου

105 2862 118 2879 κ
133 2860 186 2889 ita.
205 2868 225 2894 ι,
238 2859 283 2889 18.

915 1707 1109 1744 praetermissa.
1127 1706 1193 1739 Qua:
1205 1710 1295 1732 autem
1310 1711 1376 1731 meas
1389 1703 1556 1730 inlirmitatis
1569 1705 1596 1728 et
1614 1700 1710 1733 David,

916 1762 932 1781 a
945 1754 1059 1781 muliere
1073 1753 1161 1780 victus
1181 1755 1233 1783 est,
1249 1750 1311 1777 belli
1327 1753 1469 1783 assumpto
1496 1747 1570 1775 socio
1585 1754 1679 1773 amore
1699 1754 1707 1773 :

916 1799 1080 1826 adulterium
1106 1802 1133 1824 et
1156 1795 1334 1826 homicidium
1364 1799 1460 1822 contra
1488 1791 1707 1827 magnitudinem

916 1845 1086 1871 incesserunt
1103 1843 1170 1870 bene
1189 1841 1336 1868 factorum.
1352 1839 1455 1874 injuria
1468 1839 1558 1866 aifecit
1575 1845 1639 1864 caro
1652 1837 1711 1871 spi-

917 1890 1010 1920 ritum,
1028 1892 1054 1915 et
1067 1887 1289 1922 concupiscentia
1305 1885 1444 1921 illegitima
1471 1885 1606 1911 donorum
1619 1883 1711 1910 chari-

918 1935 1052 1963 smatibus
1066 1935 1163 1966 illusit,
1177 1939 1205 1962 et
1219 1941 1343 1969 quaenam
1369 1933 1434 1960 illa?
1455 1932 1589 1967 Propheta
1611 1935 1638 1957 et
1652 1937 1710 1961 rex.

917 1989 1013 2016 caupo,
1027 1989 1082 2008 non
1093 1981 1186 2007 vinum
1202 1987 1280 2014 aquae
1298 1980 1428 2012 miscens,
1442 1978 1489 2005 sed
1505 1985 1536 2004 ea
1553 1984 1613 2011 quae
1624 1982 1709 2009 supra

918 2034 1071 2056 sermonem
1088 2031 1153 2053 sunt
1172 2026 1243 2052 dona
1258 2026 1378 2052 miscens
1389 2029 1416 2051 ct
1439 2023 1597 2051 adulterans
1616 2021 1710 2049 carnis

918 2074 1093 2110 passionibus
1109 2077 1136 2100 et
1155 2073 1316 2100 assultibus.
1332 2071 1360 2098 In
1375 2072 1417 2098 his
1433 2074 1460 2098 et
1477 2071 1578 2098 talibus
1602 2076 1709 2097 sermo-

919 2122 1000 2150 nibus
1014 2121 1086 2148 Deus
1101 2119 1239 2154 judicatus
1264 2123 1291 2146 et
1312 2119 1478 2153 justiﬁeatus
1500 2117 1589 2151 quoad
1612 2115 1707 2142 David.

919 2168 997 2195 (terte
1024 2170 1066 2194 est
1096 2165 1185 2192 dicere
1212 2164 1239 2191 in
1276 2167 1409 2198 quantum
1452 2163 1560 2198 justitia
1595 2168 1709 2195 supera-

918 2214 1012 2247 verit,
1056 2217 1083 2240 et
1127 2219 1184 2240 sum
1229 2210 1380 2238 ostenderit
1438 2209 1568 2236 bonitatis
1622 2207 1712 2234 excel—

918 2260 1050 2293 lentiam,
1077 2257 1226 2292 praesertim
1255 2264 1309 2283 non
1333 2255 1459 2282 vindictae
1479 2254 1629 2289 subjiciens
1646 2261 1710 2281 eum

919 2307 967 2342 qui
992 2313 1043 2340 pro
1068 2304 1152 2333 tantis
1183 2302 1262 2330 bonis
1295 2301 1366 2329 mala
1391 2300 1523 2335 rependit.
1558 2300 1604 2326 Sic
1638 2299 1710 2326 enim

921 2352 1047 2379 subsecta
1067 2350 1163 2377 fuisset
1176 2347 1321 2376 ineii‘abilis
1333 2346 1521 2374 misericordia
1537 2345 1583 2373 Dei
1597 2350 1623 2372 et
1636 2345 1710 2380 quod

921 2398 947 2425 in
965 2405 997 2424 ea
1010 2396 1154 2432 splendens
1177 2402 1265 2429 neque
1274 2400 1427 2422 sermonem
1451 2392 1555 2420 habens
1578 2391 1610 2418 ad
1630 2398 1712 2418 enar-

920 2444 1034 2472 randam
1056 2443 1116 2478 ejus
1143 2440 1357 2477 magnitudinem
1371 2448 1378 2474 ;
1391 2439 1512 2466 vindicta
1529 2437 1600 2465 enim
1620 2441 1647 2465 et
1664 2445 1713 2465 ca-

919 2491 1064 2526 stigatione
1080 2490 1103 2516 is
1116 2489 1162 2524 qui
1178 2488 1277 2522 injuste
1288 2487 1388 2514 damno
1402 2486 1515 2513 ail'ectus
1529 2489 1571 2512 est
1581 2484 1712 2519 pleraque

920 2538 1079 2564 delictorum
1094 2535 1228 2562 dissolvit.
1246 2533 1373 2560 Davidica
1397 2531 1481 2567 igitur
1502 2530 1670 2566 poenitentiae
1683 2534 1711 2557 et

919 2581 1102 2610 confessionis
1128 2580 1209 2607 verba
1231 2583 1258 2606 et
1276 2578 1407 2605 similium
1430 2576 1547 2611 quodvis
1569 2582 1710 2602 sacrorum

919 2628 1098 2663 Eloquiorum
1118 2633 1180 2654 mos
1205 2625 1319 2652 omnino
1334 2628 1497 2652 eventurum
1515 2621 1710 2658 praeindicans,

920 2675 1068 2711 retiologice
1098 2673 1223 2701 enuntiat
1245 2677 1272 2699 et
1295 2670 1426 2706 eilingens
1455 2669 1549 2696 habitu
1579 2667 1606 2695 id
1636 2666 1710 2702 quod

920 2723 1048 2751 aﬂineest
1069 2720 1128 2756 eius
1155 2719 1229 2755 quod
1255 2712 1466 2746 ineiirctaliiliter
1485 2719 1646 2743 eventurum
1668 2719 1712 2740 eo-

921 2778 978 2798 ram
1005 2770 1087 2798 sistit.
1117 2768 1170 2802 Qui
1204 2766 1288 2804 igitur
1322 2763 1498 2799 Eloquiornm
1523 2756 1710 2797 [sacrorum]
