1878 3057
65 122 107 154 ωε

64 181 108 207 τῶν
119 178 257 215 προσὰτων
272 178 474 214 πολυπληθείας
486 188 516 206 τε
529 180 577 206 καὶ
591 179 731 214 εὐθηνίας,
745 179 830 206 πολὺν
844 181 870 210 Α

63 226 127 259 λόγον
138 222 208 260 εἶχον
220 224 274 251 τῶν
286 225 383 260 πηγῶν
393 225 440 251 καὶ
451 225 576 260 φρεάτων
589 234 596 241 ·
611 225 659 252 Et:
670 226 701 261 δὴ
713 227 764 260 τῆς
772 234 833 261 τροι

63 271 107 307 φῆς
119 271 147 298 οὐ
158 271 224 297 πολὺ
237 270 347 298 ἔλαττον
360 271 420 297 οὐδὲ
435 270 483 297 τοῦ
501 271 624 306 πόματος
639 271 833 298 καταπιαίνον-

63 325 99 348 τος
112 317 154 343 καὶ
166 316 330 348 διατιθέντος
357 317 404 343 ἐπὶ
421 316 451 342 τὸ
474 316 586 351 ἄμεινον
605 315 640 342 τὰ
654 315 828 351 βοσκήματα.

62 363 126 390 Οὕτω
137 362 167 398 δὴ
182 363 306 397 φαίνεται
321 362 369 389 καὶ
382 364 396 389 ό
417 363 543 398 Ἀϐραὰμ
559 363 607 388 καὶ
615 361 699 397 ἄλλης
713 361 834 388 ἀπολαύ-

62 418 101 441 σας
112 409 182 444 παρὰ
196 408 242 435 τοῦ
267 409 411 444 ’Δὸιμέλεχ
424 408 583 444 θεραπείας,
602 409 652 434 οὐκ
668 407 832 442 ἀγνωμοσύ-

61 465 99 490 νην
123 454 263 490 ἡγούμενος
289 454 438 489 διελέγχειν
463 454 543 481 αὑτὸν
563 454 627 490 περὶ
649 453 700 488 τῆς
716 452 833 488 ἀφαιρέ-

62 508 118 531 σεως
134 496 170 525 ὤν
189 499 272 530 αὐτὸς
296 499 454 533 ἁνωρύξατο
483 499 610 534 φρεάτων
623 507 632 516 ο
649 499 704 525 οὐδ’
727 499 832 530 ἐκεῖνος

60 546 97 572 τδν
108 545 210 580 ἔλεγχον
226 544 391 580 μυκτηρίζει
404 553 411 560 ·
423 545 530 579 ἀγνοεῖν
541 544 569 571 δὲ
583 544 632 580 τὴν
643 543 744 580 πρᾶξιν
757 544 832 578 παρα

60 591 102 618 τῶν
114 591 189 618 αὑτοῦ
206 591 382 625 θεραπόντων
399 591 583 626 τολμηθεῖσαν
597 591 774 625 ὑποκρίνεται
785 590 833 616 καὶ

61 636 209 667 σπουδάζειὸ
230 635 359 671 Ἀϐραὰμ
385 636 430 663 διὰ
452 636 508 662 τῶν
537 636 608 662 ἑπτὰ
633 635 762 671 ἀμνᾶδων
782 634 833 670 τὴν

59 682 96 709 τοῦ
115 681 255 717 ’Λὸιμέλεχ
270 681 416 717 ὁμολογίαν
431 681 470 713 ὡς
485 681 528 717 εἴη
545 681 576 708 τὸ
591 682 680 717 φρέαρ
693 681 772 716 ἔργον
784 681 830 707 καὶ

59 728 123 758 πόνος
130 727 172 761 τοῦ
187 726 315 761 ’Δδραάμ
327 726 529 762 βεϐαιώσασθαι
542 735 550 742 ·
562 727 609 753 καὶ
621 727 700 762 ὅρκος
712 729 759 752 καὶ
770 734 832 752 συν-

59 773 126 807 θῆκαι
149 772 326 807 προὸαίνουσι
338 781 344 786 ·
361 773 409 798 καὶ
422 773 439 808 ή
455 772 532 807 πηγὴ
550 771 685 807 λαμϐάνει
712 772 762 807 τὴν
778 772 828 797 ἐπ-

59 819 161 852 ωνυμὶαν
175 818 228 844 ἀπὸ
243 819 294 853 τῆς
306 818 432 853 πράξεως
458 817 546 853 φρέαρ
574 817 725 853 Ὀρκισμοῦ
738 818 832 843 ἐπονο-

60 865 190 899 assertu-
204 864 251 891 καὶ
269 865 294 891 οἱ
312 864 470 899 Φυλιστιεὶμ
489 864 518 890 δὲ
542 864 630 899 χρόνῳ
649 862 762 898 ὕστερον
780 863 831 898 τῆς
848 857 868 884 Β

60 910 115 942 ιδίας
128 910 215 946 χώρας
233 911 263 937 ἐν
306 910 432 945 παρῴκει
449 911 464 937 ό
488 910 580 936 Ἰσαὰκ
607 911 717 944 φεύγων
740 909 787 936 τὸν
803 910 833 936 ὲν

58 957 84 991 τῇ
105 956 206 994 πατρίδι
229 956 322 991 λιμὸν,
349 957 485 983 ἀπελάσαι
506 956 597 991 φθόνῳ
622 955 831 991 μελετήσαντες,

59 1003 223 1038 ιμφράττουσι
239 1003 275 1030 τὰ
288 1003 339 1039 φρέ
346 1012 396 1030 ατο.
413 1003 461 1029 τοῦ
473 1003 576 1038 πατρὸς
592 1002 685 1033 αὐτοῦ,
698 1002 760 1034 τοὺς
773 1011 834 1029 ποι-

59 1049 126 1082 μένας
141 1049 239 1081 είδότες
256 1049 295 1085 μὴ
310 1049 440 1076 δύνασθαι
467 1049 529 1084 ζῇν,
548 1049 599 1084 τῆς
625 1048 680 1074 τῶν
707 1049 833 1084 φρεάτων

57 1096 293 1130 ἀποστερουμένους
307 1096 445 1131 χρήσεως·
461 1096 508 1122 καὶ
527 1094 631 1128 Μωσῆς
642 1095 684 1121 ὅτι
696 1095 758 1126 τοὺς
772 1103 829 1129 χει-

58 1141 100 1175 ρὺν
115 1141 211 1168 ἀδίκων
227 1141 368 1177 ἄρξαντας
395 1141 529 1177 ποιμένας
550 1141 734 1176 ἀπωσάμενος
761 1149 832 1176 παρ-

56 1189 105 1223 έσχε
116 1190 172 1220 ταῖς
183 1188 341 1224 θυγατράσι
365 1187 413 1214 τοῦ
437 1188 522 1222 Ἱοθὺρ
537 1187 636 1214 θᾶττον
651 1187 668 1223 ἢ
684 1187 756 1214 κατὰ
781 1187 832 1220 τὰς

55 1233 120 1265 ἄλλας
143 1234 251 1270 ἡμέρας
278 1234 388 1261 ποτίσαι
401 1234 435 1260 τὰ
457 1233 606 1269 θρέμματα
628 1233 668 1268 τῷ
680 1233 765 1269 πατρὶ
781 1241 832 1268 xq—

55 1278 120 1312 ὒιύει,
134 1280 180 1306 καὶ
192 1280 292 1315 κύριος
312 1279 401 1311 οἰκίας
423 1280 485 1306 ἀντὶ
509 1279 683 1314 προσηλύτου
702 1279 826 1314 γίνεται·

55 1326 91 1352 καὶ
111 1327 191 1362 μυρία
212 1326 285 1353 ἄλλα
308 1326 366 1353 εστι
381 1326 475 1353 λαὸεῖν
489 1326 522 1353 δι’
538 1323 576 1353 ὧν
593 1326 829 1361 περισπούδαστον

54 1373 90 1398 καὶ
104 1373 168 1406 μέγα
184 1373 282 1408 κτῆμα
299 1374 355 1404 τοῖς
366 1373 395 1406 ἐξ
416 1372 542 1408 Ἀδραὰμ
566 1372 602 1398 τὰ
617 1372 722 1407 φρέατα
738 1373 829 1408 ἐνομί-

54 1417 113 1450 ζετο·
128 1418 141 1445 ὃ
155 1418 186 1454 δὴ
201 1419 249 1446 καὶ
265 1418 468 1454 ἀταλαιπώρως
485 1417 574 1453 εὑρὼν
589 1418 603 1444 ό
616 1418 700 1444 Δίνᾶν
720 1418 736 1453 ἢ
755 1419 769 1444 ὁ
788 1418 830 1445 Ὠ-

443 120 494 150 AD
509 119 809 152 AMPHILOCHIUM
825 119 999 156 QUIESTIO
1018 121 1191 153 LVII-LIX.

1623 124 1677 157 406

882 179 975 207 ovium
999 186 1098 214 magno
1125 186 1239 206 numero
1262 182 1289 206 et
1305 180 1499 215 prosperltate,
1527 181 1618 216 magni
1638 181 1678 210 fa-

885 225 994 254 ciebant
1012 224 1100 253 fontes
1123 230 1150 253 et
1171 230 1280 260 puteos,
1297 225 1376 261 quasi
1392 227 1502 261 pascuis
1524 235 1577 254 non
1599 228 1678 256 valde

886 271 978 298 minus
992 270 1029 298 ita
1042 275 1069 298 et
1080 276 1145 305 potu
1161 272 1304 306 saginante
1317 275 1344 298 et
1360 271 1524 306 disponente
1538 273 1564 300 in
1578 274 1678 302 melius

885 320 1019 343 armenta.
1044 316 1089 343 Sic
1105 320 1180 343 certe
1200 316 1308 343 videtur
1328 320 1355 343 et
1371 316 1507 344 Abraham
1529 323 1556 345 et
1573 319 1678 354 reliqua

883 362 984 390 fruitus
1011 362 1083 397 apud
1109 361 1268 389 Abimelech
1299 369 1376 394 cura,
1406 371 1460 389 non
1490 364 1676 398 insipientiam

884 408 990 436 ducens
1014 408 1214 443 reprehendere
1243 409 1333 443 ipsum
1357 408 1391 436 de
1416 409 1554 437 ablatione
1579 418 1675 438 eorum

883 461 952 489 quos
968 454 1026 489 ipse
1046 453 1153 482 foderat
1171 459 1333 490 puteorum;
1354 462 1443 490 neque
1465 456 1510 483 ille
1529 458 1678 490 reprehen-

883 501 990 528 sionem
1014 501 1130 534 irridet,
1158 497 1286 536 ignorare
1315 509 1379 528 vero
1409 502 1546 530 actionem
1576 510 1592 530 ιι
1620 503 1678 531 suis

882 547 970 576 servis
995 555 1091 575 ansam
1112 547 1259 582 respondet
1284 552 1312 575 et
1330 547 1445 575 festinat
1467 548 1609 576 Abraham
1628 557 1678 583 per

882 598 984 628 septem
998 601 1084 629 agnos
1096 593 1253 621 Abimelech
1266 593 1478 627 confessionem,
1490 602 1552 622 esse
1564 599 1677 630 puteum

881 647 951 674 opus
967 644 995 667 et
1010 640 1130 667 laborem
1145 640 1273 673 Abrahae,
1290 639 1426 668 stabilire.
1444 639 1676 674 Etjuramentum

881 691 909 714 et
921 687 1116 715 conventiones
1131 687 1292 722 procedunt,
1308 692 1335 714 et
1345 686 1407 714 fons
1419 687 1504 714 sumit
1521 692 1676 721 cognomen

881 735 915 761 al.
933 739 1006 765 actu,
1024 737 1122 768 puteus
1141 733 1293 768 jurameuti
1309 733 1533 768 cognominatus.
1558 734 1592 761 Et
1609 733 1678 761 Phi-

882 777 975 804 listiim
989 781 1112 811 tempore
1128 776 1305 811 subsequeuti
1319 776 1431 812 propria
1449 777 1560 811 regione
1577 777 1604 804 in
1621 785 1677 812 qua

883 823 1109 858 peregrinabatur
1140 823 1218 850 Isaac
1242 822 1352 858 fugiens
1382 823 1410 850 in
1436 823 1525 858 patria
1553 822 1675 857 famem,

882 869 1019 904 erpellere
1038 868 1141 896 invidia
1165 876 1227 896 cum
1250 869 1375 896 meditati
1400 874 1504 901 essent,
1526 869 1678 897 obstruunt

881 919 980 950 puteos
1000 913 1087 949 patris
1111 913 1182 948 ejus,
1211 918 1335 948 pastores
1362 915 1482 942 scientes
1509 923 1564 942 non
1595 923 1676 950 posse

882 961 990 994 vivere,
1018 965 1163 995 puteorum
1192 960 1339 987 destitutos
1366 960 1496 987 utilitate.
1530 960 1562 987 Et
1587 960 1678 988 Moses

882 1007 955 1042 quod
986 1005 1114 1033 manibus
1149 1005 1251 1040 iniquis
1278 1005 1384 1040 patrari
1412 1010 1503 1040 ctepta
1533 1010 1676 1040 pastorum

883 1053 1011 1080 amolitus
1024 1052 1187 1088 praebuisset
1197 1051 1304 1079 filiabus
1317 1051 1413 1079 .Iethro
1424 1052 1503 1079 ocius
1515 1059 1598 1087 quam
1613 1052 1676 1079 aliis

882 1099 978 1127 diebus
1000 1097 1258 1135 [opportunitatem]
1283 1098 1439 1132 adaquandi
1458 1106 1576 1133 greges.
1602 1098 1673 1132 patri

881 1145 988 1180 placet,
1019 1148 1047 1171 et
1072 1143 1201 1170 dominus
1232 1143 1331 1170 donius
1363 1151 1413 1178 pro
1441 1143 1545 1171 advena
1575 1143 1617 1170 fit.
1643 1142 1678 1170 Et

882 1195 1012 1219 sexcenta
1028 1191 1081 1218 alia
1102 1198 1214 1218 sumere
1229 1194 1271 1216 cst
1289 1198 1336 1224 per
1353 1197 1415 1224 quas
1432 1189 1625 1217 desiderabilis
1649 1194 1678 1217 et

882 1245 980 1272 magna
992 1237 1130 1272 possessio
1145 1236 1260 1271 posteris
1271 1235 1389 1262 Abrahae
1404 1236 1477 1270 putei
1495 1236 1675 1270 putabantur.

884 1281 962 1314 Quod
979 1274 1046 1308 sane
1068 1285 1095 1308 et
1118 1281 1235 1308 feliciter
1260 1288 1322 1307 cum
1342 1280 1492 1308 invenisset
1510 1280 1599 1307 Ainan
1626 1287 1676 1308 seu

884 1323 982 1360 Otian,
1010 1332 1128 1362 utraque
1153 1327 1227 1353 enim
1252 1332 1318 1353 voce
1343 1326 1524 1358 nominatur,
1555 1325 1679 1353 historia:

884 1372 1001 1408 praebuit
1026 1372 1170 1400 materiam
1194 1372 1240 1399 Dei
1266 1373 1431 1408 speculatori
1458 1372 1543 1407 Moysi
1571 1372 1618 1406 qui
1645 1371 1680 1399 de

884 1419 1060 1454 cosmogonia
1077 1424 1104 1446 et
1115 1419 1149 1446 de
1161 1419 1232 1447 Esau
1252 1419 1356 1446 familia
1375 1419 1564 1454 genealogiam
1579 1418 1678 1448 texuit.

54 1466 92 1492 viv
110 1466 252 1503 (ἑκατέρας
268 1468 325 1503 γὰρ
339 1467 389 1502 τῆς
403 1467 495 1502 φωνῆς
517 1467 702 1504 ὀνομάζεται),
724 1466 845 1501 ἱστορίας
877 1467 1015 1502 παρέσχεν
1037 1467 1165 1494 ὑπόθεσιν
1188 1466 1227 1502 τῷ
1249 1466 1350 1502 θεόπτῃ
1365 1467 1460 1494 Μωσεῖ
1481 1466 1553 1493 κατᾶ
1577 1475 1609 1501 γε
1629 1465 1680 1502 τὴν

54 1513 231 1546 κοσμογένειαν
245 1514 296 1540 καὶ
310 1512 359 1547 τὴν
372 1512 420 1538 τοῦ
442 1511 529 1539 Ἣσαῦ
554 1513 641 1547 φυλὴν
666 1511 906 1547 γενεαλογῆσαντι.

305 1558 474 1585 ΕΡΩΤΗΣΙΣ
498 1558 561 1586 NB’.

57 1603 80 1628 Τί
86 1602 169 1639 δηλοῖ
176 1604 209 1631 τὸ
219 1602 255 1630 ἐν
267 1605 488 1638 Δευτερονομίῳ
498 1605 702 1639 γεγραμμένον
713 1613 720 1620 ·
733 1613 743 1630 ί
761 1603 833 1631 Ἐὰν·

82 1637 110 1664 δὲ
132 1638 338 1673 οὶκοδομήσῃς
357 1637 463 1666 οὶκίαν
489 1637 674 1673 simini-ua!
699 1638 829 1672 aonio-zu

81 1673 225 1707 mss;di
254 1673 298 1709 τῷ
321 1674 458 1709 δωματίῳ
474 1682 544 1707 σου,
561 1674 612 1702 καὶ
633 1675 669 1702 οὺ
692 1673 832 1707 ποιήσεις

82 1709 165 1743 φόνον
180 1709 216 1735 ὲν
229 1708 268 1743 τῇ
289 1708 368 1743 οἰκίᾳ
381 1716 440 1737 σου
456 1718 462 1724 ·
484 1718 492 1736 ι

845 1558 868 1588 C

1050 1556 1215 1590 ρυΑίδτιο
1234 1556 1291 1584 th
1320 1556 1368 1592 [aL
1387 1556 1492 1592 Lvuu.

888 1602 1105 1638 Quidisigniﬁcat
1121 1603 1191 1638 quod
1209 1605 1235 1630 in
1253 1603 1456 1632 Deuteronomt'o
1472 1603 1600 1638 scriptum
1619 1607 1679 1630 est:

928 1647 937 1664 ι
953 1637 983 1665 Si
1000 1637 1242 1673 icdiﬁcesilomum
1261 1647 1365 1672 novam,
1385 1639 1466 1674 facies
1487 1643 1512 1666 et
1527 1638 1679 1665 coronidem

922 1674 1013 1701 domui
1028 1679 1092 1707 tute,
1108 1682 1153 1700 nec
1169 1674 1250 1708 [acies
1263 1674 1435 1702 homicidium
1452 1674 1479 1701 in
1493 1674 1571 1701 domo
1584 1674 1651 1702 tua?
1665 1681 1675 1699 ι

487 1777 558 1803 Edita
571 1784 584 1802 a
602 1777 674 1807 Maio,
691 1777 708 1802 l.
720 1783 753 1806 c.,
766 1783 789 1808 p.
801 1775 885 1801 67-69.
898 1775 924 1800 in
935 1774 1115 1800 Deuteronom.
1130 1781 1191 1805 nu,
1201 1775 1226 1800 8.

84 1829 185 1864 Εῐρηται
201 1829 253 1865 μὲν
269 1829 327 1861 τοῖς
344 1829 397 1866 πρὸ
411 1829 492 1865 ἡμῶν
514 1831 578 1865 περὶ
599 1830 702 1865 ταύτης
714 1830 764 1865 τῆς
781 1830 831 1865 ρή-

56 1882 110 1906 σεως
122 1874 180 1902 οὔτε
194 1876 246 1911 τῆς
274 1874 424 1910 σαφηνείας
438 1875 514 1902 οὐδὲν
539 1875 601 1902 οὒτε
622 1877 672 1912 τῆς
686 1875 832 1910 ὀρθότητος

55 1919 214 1956 ὶνδιέστερον.
237 1920 316 1956 Πλὴν
332 1921 448 1957 ἐπείπερ
470 1929 511 1948 σοι
533 1921 609 1956 φίλον
634 1922 681 1948 καὶ
703 1921 720 1949 ἃ
740 1921 830 1958 ρᾴδιόν

55 1966 100 1992 ἐστι
112 1966 171 2002 παρ’
185 1966 292 2002 ἑτέρων
311 1967 418 2002 μαθεῖν,
432 1967 518 1994 ταῦτα
532 1969 598 2002 παρ’
612 1967 692 2003 ἡμῶν
705 1968 829 2001 ἀκούειν,

56 2014 191 2048 συνᾴδοντες
200 2014 249 2041 καὶ
262 2015 345 2049 ἡμεῖς
356 2014 481 2047 ἐκείνοις,
493 2015 540 2041 καὶ
553 2015 672 2049 μάλιστα
687 2013 727 2048 οἷς
737 2024 764 2042 τι
776 2015 831 2042 τῶν

54 2058 125 2086 ἄλλων
147 2060 192 2087 ἐπὶ
208 2061 241 2087 τὸ
269 2060 382 2095 ἄμεινον
404 2060 586 2097 τεθεώρηται,
607 2062 656 2088 καὶ
685 2062 832 2097 σύμφωνον

55 2106 190 2141 πιιούμενοι
211 2108 264 2143 τὴν
283 2107 443 2141 ἀνάπτυξιν,
459 2107 568 2144 πρῶτον
593 2107 644 2143 μὲν
658 2108 758 2134 ειδέναι
777 2116 830 2143 φα-

57 2151 95 2183 μὶν
106 2152 167 2186 δεῖν,
187 2154 225 2185 ὡς
246 2155 260 2180 ὀ
276 2153 326 2180 καὶ
344 2153 475 2185 πολλάκις
500 2153 649 2188 σύνδεσμος
665 2153 759 2190 ὥσπερ
782 2154 830 2181 καὶ

921 1827 1030 1854 Dictum
1050 1832 1092 1855 est
1114 1828 1224 1862 quidem
1250 1835 1264 1856 a
1284 1828 1436 1864 maj0ribus
1452 1828 1555 1856 nostris
1571 1827 1605 1855 de
1625 1827 1677 1856 hac

883 1874 1023 1902 locutione
1049 1874 1122 1908 quod
1148 1881 1236 1909 neque
1263 1874 1449 1902 illustratione
1472 1881 1562 1908 neque
1589 1880 1678 1901 corre-

883 1920 976 1947 ctione
995 1919 1106 1954 indiget.
1123 1920 1249 1948 Attamen
1267 1921 1333 1956 quia
1348 1921 1397 1948 tibi
1415 1920 1548 1956 placitqu
1566 1923 1594 1947 et
1615 1926 1677 1953 qua:

884 1965 965 1993 facile
977 1970 1020 1993 est
1035 1965 1070 1992 ab
1081 1965 1143 1993 aliis
1155 1965 1272 2000 discere,
1289 1966 1347 1994 haec
1361 1974 1376 1993 a
1392 1967 1471 1994 nobis
1485 1966 1591 1998 audire,
1608 1973 1677 1992 con-

883 2011 1008 2039 cinentes
1030 2015 1057 2038 et
1079 2019 1128 2038 nos
1149 2011 1213 2045 illis,
1232 2017 1259 2039 et
1276 2013 1428 2047 praesertim
1445 2012 1545 2047 quibus
1572 2010 1676 2046 aliquid

883 2058 1000 2085 aliorum
1024 2056 1050 2084 in
1070 2058 1168 2086 melius
1194 2059 1366 2094 speculatum
1391 2063 1443 2091 est.
1471 2063 1499 2086 et
1522 2065 1674 2086 consonam

885 2102 1019 2130 facientes
1050 2103 1277 2137 rcplirationem,
1308 2103 1426 2138 primum
1452 2103 1564 2138 quidem
1595 2110 1676 2130 nosse

882 2147 1000 2176 dicimus
1025 2153 1160 2184 oportere,
1187 2147 1260 2183 quod
1289 2156 1361 2183 saepe
1385 2149 1556 2182 conjunctio,
1581 2153 1617 2180 et,
1637 2147 1676 2175 si-

55 2196 117 2223 ἄλλαι
132 2199 226 2226 πολλαὶ
239 2199 297 2226 τῶν
312 2199 409 2232 λέξεων
431 2199 506 2235 παρὰ
525 2201 581 2232 τοῖς
599 2200 758 2233 Μωσαῖκοίς
774 2201 831 2228 δια-

923 2200 973 2223 tet
989 2196 1049 2223 alite
1072 2195 1165 2222 multa;
1184 2201 1217 2221 ex
1248 2193 1416 2221 dictionibus
1437 2193 1462 2221 in
1486 2193 1612 2221 Mosaicis
1634 2200 1676 2220 or-

57 2244 162 2278 τάγμασι
183 2245 370 2281 παρέλκοντος
393 2246 486 2280 ἐπέχει
502 2245 594 2281 χώραν
608 2253 615 2261 ο
633 2247 675 2273 διὸ
697 2247 744 2273 καὶ
761 2247 830 2282 πρὸς

55 2287 78 2313 τὸ
89 2289 225 2326 εὐθύτερον
235 2290 426 2326 ἀναγνωσθιίη
440 2291 473 2318 ἂν
484 2292 513 2318 τὸ
522 2292 615 2327 ῥητὸν,
633 2292 680 2318 τοῦ
698 2292 769 2318 κατὰ
780 2292 830 2327 τὴν

56 2332 127 2368 ἀρχὴν
146 2335 300 2370 συνδέσμου
325 2335 563 2371 περιαιρεθέντων
588 2335 695 2368 διπλαῖς
719 2336 748 2362 δὲ
769 2335 830 2362 δια-

55 2378 125 2411 νοίαις
146 2380 162 2415 ἡ
182 2380 320 2416 ἑρμηνεία
336 2381 490 2416 μερίζεται.
511 2382 542 2407 'll
566 2382 615 2416 μὲν
640 2382 694 2417 γὰρ
711 2381 779 2417 πρὸς
800 2381 830 2407 τὸ

55 2424 155 2460 γράμμα
175 2426 312 2453 διαϐαίνει
327 2427 375 2453 καὶ
389 2427 432 2453 διὰ
450 2427 504 2454 τῶν
525 2427 663 2463 αἰσθητῶν
678 2427 830 2455 ἀπευθύνε-

55 2477 98 2502 τιι,
113 2471 165 2506 ἡδὲ
187 2473 259 2509 πρὸς
276 2473 394 2509 θεωρίαν
420 2473 492 2501 θέλει
517 2474 617 2509 μᾶλλον
634 2474 829 2509 ἁνάγεσθαι·ἡ

57 2514 96 2547 μὲν
107 2513 149 2542 οὖν
162 2517 212 2553 τὴν
229 2518 345 2553 πρόοδον
362 2518 395 2545 δι’
410 2515 447 2545 ὧν
462 2520 479 2554 ἡ
492 2518 564 2551 λέξις
577 2518 679 2553 μᾶλλον
696 2520 742 2545 καὶ
756 2520 772 2553 ἡ
790 2519 831 2546 al-

58 2560 136 2596 εθηοις
150 2565 308 2600 ἐπικρατεῖ,
323 2566 485 2601 ποιουμένη,
499 2563 551 2592 ὧδέ
564 2574 602 2601 πη
618 2566 648 2592 τὸ
664 2564 830 2600 δηλούμενον

56 2605 216 2637 ἀναπτύσσει.
233 2612 330 2638 Οίκίαν
347 2612 401 2647 γάρ
418 2620 471 2645 σοι,
483 2612 576 2647 φησιν,
594 2611 754 2646 προθεμένῳ
769 2619 831 2637 σκο-

56 2651 95 2677 πὸν
107 2655 324 2693 ἀνοικοδομῆσαι,
336 2659 384 2685 καὶ
395 2658 490 2694 τάφον,
505 2658 543 2690 ὡς
557 2658 641 2691 εἰκὸς,
658 2657 830 2694 κρηπιδῶσαι

56 2697 95 2723 καὶ
114 2701 276 2729 καταϐαλεῖν
301 2704 335 2730 τὰ
359 2703 473 2738 θεμέλια
497 2703 702 2739 ἀνορυξαμὲνῳ,
721 2703 752 2730 οὐ
776 2702 829 2738 χρὴ

55 2744 200 2773 καταλιπεῖν
222 2749 259 2774 τὰ
275 2748 449 2784 βοθρεύματα
474 2750 538 2786 πρὶν
559 2751 599 2781 εις
623 2749 699 2780 τέλος
714 2748 829 2783 ἀγαγεῖν

55 2787 80 2814 τὸ
91 2788 165 2825 ῑργον
179 2794 264 2829 χωρὶς
274 2795 323 2829 τῆς
338 2794 512 2832 ἁρμοζούσης
523 2794 670 2831 περιϐολῆς
683 2794 730 2821 καὶ
742 2794 830 2829 ἀσφα-

56 2832 131 2869 λιεις¹
148 2839 190 2867 ίνα
205 2839 244 2876 μὴ
259 2840 297 2878 τῷ
311 2841 360 2878 τὴν
377 2842 427 2879 σὴν
437 2842 602 2879 ἀγνοήσαντι
618 2840 728 2878 πρᾶξιν,
742 2841 829 2874 alno;

881 2241 1079 2274 tlinationibus,
1115 2240 1296 2268 redundantis
1338 2240 1416 2268 vocis
1450 2239 1530 2267 habet
1571 2239 1672 2266 locum.

881 2288 944 2315 ldeo
973 2293 1000 2315 ct
1031 2287 1132 2315 rectius
1161 2287 1294 2323 legeretur
1329 2285 1442 2316 dictum,
1476 2292 1507 2312 ea
1548 2292 1609 2319 qua:
1640 2283 1676 2310 ab

881 2333 960 2360 initio
987 2338 1029 2361 est
1056 2333 1249 2368 conjunctione
1269 2332 1397 2364 sublata;
1429 2330 1584 2365 duplicibus
1609 2337 1675 2357 vero

889 2379 1075 2406 intellectibus
1097 2377 1288 2412 interpretatio
1310 2377 1452 2405 dividitur.
1468 2376 1531 2404 Haec
1545 2375 1618 2403 enim
1639 2375 1674 2403 ad

882 2427 1000 2454 litteram
1015 2426 1113 2454 transit
1130 2430 1157 2453 et
1168 2432 1215 2460 per
1230 2425 1370 2452 sensiliilia
1387 2424 1526 2459 dirigitur,
1546 2423 1591 2451 illa
1607 2430 1674 2451 vero

882 2473 914 2500 ad
942 2472 1075 2500 theoriam
1101 2471 1158 2498 vult
1182 2471 1270 2506 magis
1293 2478 1403 2498 sursum
1430 2471 1483 2505 agi.
1512 2469 1560 2497 Illa
1586 2470 1670 2505 igitur

882 2518 1011 2553 praevium
1039 2517 1101 2550 iter,
1129 2524 1178 2551 per
1201 2524 1263 2551 quae
1291 2516 1376 2543 dictio
1408 2516 1496 2550 magis
1520 2519 1548 2542 et
1574 2522 1674 2542 sensus

881 2565 996 2596 obtinet,
1013 2564 1065 2591 sibi
1082 2563 1198 2597 iaciens,
1219 2565 1259 2591 sic
1275 2564 1345 2590 forte
1362 2562 1546 2598 significatum
1563 2561 1671 2596 aperit:

882 2610 997 2637 Domum
1009 2611 1083 2637 enim
1101 2610 1160 2643 tibi,
1182 2610 1230 2641 ait,
1244 2617 1306 2636 cum
1320 2609 1445 2644 posueris
1460 2615 1574 2642 scopum
1590 2607 1672 2634 aedid-

882 2664 954 2688 (νοτε,
976 2660 1003 2683 et
1015 2656 1122 2683 foveam
1148 2661 1176 2682 ut
1191 2655 1268 2682 decet
1286 2654 1400 2682 fundare
1422 2658 1450 2681 et
1466 2654 1558 2688 jacere
1571 2653 1672 2681 funda-

883 2706 974 2728 menta
990 2709 1052 2728 cum
1072 2701 1184 2734 foderis,
1203 2707 1257 2727 non
1273 2704 1381 2735 oportet
1401 2701 1557 2736 relinquere
1571 2699 1672 2728 fossio-

882 2755 932 2775 nes
952 2751 1098 2783 anlequam
1121 2748 1154 2775 ad
1178 2748 1258 2775 finem
1274 2748 1437 2783 perduxeris
1460 2754 1542 2782 opus,
1568 2747 1673 2781 absque

882 2793 1054 2822 convenieuti
1080 2795 1205 2822 cinctura
1229 2798 1257 2822 et
1279 2794 1451 2826 munimine,
1478 2797 1508 2821 ut
1535 2800 1570 2821 ne
1595 2797 1670 2820 tuam

883 2839 1018 2876 ignoranti
1045 2840 1193 2875 actionem,
1216 2847 1298 2869 causa
1314 2839 1432 2870 videaris
1448 2837 1600 2872 homicidii,
1624 2834 1671 2865 illo
