1878 3057
176 120 229 152 407

760 117 893 149 ΡΗΟΤΙΙ
907 116 1162 149 ΡΑΤΗΙΑΗΟΗᾸΞ
1182 119 1236 150 CP.

1767 117 1833 150 £08

177 175 288 212 quidem
306 175 383 210 lapso
395 175 423 202 in
442 173 621 210 profundum,
635 179 729 209 utpote
748 174 817 202 nihil
833 181 968 202 novorum

1075 175 1184 210 φανήσῃ
1201 174 1293 209 φόνου,
1316 172 1364 200 τοῦ
1381 173 1431 209 μὲν
1457 173 1624 209 ἐμπεσόντος
1640 173 1680 208 τῷ
1701 173 1833 210 βοθύνῳ,

178 230 292 257 operum
315 226 394 249 antea
416 221 531 253 sciente,
556 225 583 248 te
599 228 666 249 vero
686 220 791 248 nullam
816 228 912 248 curam
937 228 972 249 ne

178 267 242 303 quid
261 267 367 295 accidat
384 267 449 300 tale,
472 266 630 294 adhibenle.
651 267 759 307 Etenim
783 271 811 294 et
830 266 917 294 multa
938 273 972 293 ex

179 313 387 342 irrationalibus
407 320 461 341 non
477 313 534 340 veri
553 313 679 340 absimile
697 318 739 340 est
749 321 846 341 casura
866 313 893 340 in
909 321 972 348 pro-

179 359 293 387 fundum
318 363 345 386 et
368 359 532 391 interitura;
563 359 611 386 sed
641 364 668 386 et
696 359 839 386 hominum
864 358 973 393 aliquos

179 413 249 441 quos
264 406 338 440 prior
356 405 479 432 locorum
495 404 595 440 positio
612 409 639 431 et
650 405 821 432 consuetudo
838 404 973 431 transitus

179 457 206 479 ct
227 451 310 478 breve
334 454 396 486 post.
422 458 521 478 novam
546 454 714 478 structuram
738 456 846 485 tempus
873 450 974 477 obum-

179 497 287 524 brantia
303 503 334 523 ea
347 503 409 531 quae
428 496 536 523 noviter
558 495 632 535 facta
645 501 719 529 sunt,
733 501 760 523 et
777 495 846 522 nihil
872 503 972 523 novum

180 551 269 577 neque
286 542 389 570 dictum
407 542 537 569 damnum
552 550 587 570 ne
609 543 820 577 suspicarentur
837 542 975 577 decipien-

180 588 231 621 tia,
250 587 433 622 perditionem
455 587 580 615 invenire
602 596 651 623 pro
667 588 833 623 prtecedenti
857 588 974 616 utilitate

181 638 343 670 corgerunt.
360 633 477 668 Oportet
489 633 574 669 igitur
588 639 702 669 propter
722 635 779 661 tunc
799 634 892 662 omnia
911 634 975 662 nul-

181 681 235 708 tant
249 680 385 712 omittere,
406 680 434 707 in
452 680 486 708 iis
500 688 562 715 quae
584 682 702 716 agimus,
723 682 911 714 securitatem,
926 689 976 716 per

181 735 264 761 quam
287 734 453 762 congeneres
477 731 505 754 et
528 727 700 754 contribules
723 728 798 755 omni
816 728 921 755 ltusioni
949 732 976 755 et

181 773 283 800 damno
306 771 456 808 impervios
477 779 685 800 conservemus.
706 773 882 808 Illegitimum
900 774 975 801 enim

181 823 209 845 et
225 817 335 846 crudele
354 826 370 846 a
387 819 488 853 quibus
511 827 562 846 nos
576 819 710 847 utilitates
733 820 884 854 carpimus,
900 820 976 854 eius-

182 864 243 892 dem
269 865 379 900 generis
407 871 435 893 et
461 865 585 901 ejusdem
615 865 701 894 tribus
726 865 853 894 homines
884 867 976 894 sinere

182 912 393 946 perpessionum
413 917 440 940 et
453 913 580 941 dolorum
595 913 733 941 sustinere
750 913 859 941 ultima.
877 913 975 942 Debita

183 961 273 982 autem
294 955 465 990 providentia
485 956 620 989 adhibita,
643 961 671 984 et
696 956 760 984 inde
774 964 884 992 quoque
901 958 976 985 nullo

183 1003 384 1030 transeuntium
403 1003 430 1030 in
443 1003 580 1032 fossiones
598 1004 723 1038 abrupto,
736 1011 791 1031 non
807 1003 859 1031 erit
871 1004 976 1032 oecisio

183 1048 237 1075 ulla
260 1048 288 1076 in
316 1042 579 1078 naviter‘aediticata
607 1051 708 1084 domo;
729 1054 756 1078 et
771 1052 845 1078 circa
861 1051 974 1078 domum

182 1099 329 1129 conspecta
350 1095 475 1123 cinctura
490 1101 517 1123 et
543 1096 654 1124 coronis
674 1100 702 1124 et
722 1096 872 1123 homicidio
897 1104 977 1123 num-

183 1139 245 1166 dam
269 1139 382 1166 domum
407 1139 558 1168 declaravit
583 1144 611 1166 et
630 1147 693 1174 erga
711 1139 866 1174 proximum
886 1140 978 1174 provi-

182 1185 304 1213 dentiam
319 1186 393 1213 clare
413 1187 541 1214 omnibus
565 1186 759 1218 manifestans,
784 1186 933 1214 multarum
950 1190 977 1214 et

183 1231 331 1265 insignium
354 1232 467 1260 laudum
492 1240 576 1260 causa
602 1233 717 1268 provido
747 1232 853 1260 auctori
879 1232 926 1266 fit;
950 1237 978 1260 et

184 1277 245 1305 talis
257 1286 331 1306 cum
344 1278 503 1307 fruitionem
519 1279 545 1306 in
561 1279 698 1306 similibus
718 1278 849 1314 operibus
865 1283 893 1306 et
906 1286 976 1313 pra:-

183 1324 348 1360 scriptiones
363 1324 387 1352 ei
405 1325 452 1360 qui
468 1325 543 1360 prior
556 1325 616 1353 illas
630 1325 786 1355 constituit,
804 1325 977 1352 thesauriza-

185 1369 234 1396 vit.
262 1368 295 1395 Et
326 1369 377 1397 hoc
404 1369 516 1404 quidem
548 1370 622 1405 quod
648 1369 703 1397 Deo
728 1370 917 1404 gratissimum
936 1375 979 1398 est

184 1413 365 1448 legislationis
389 1415 534 1448 stabilivit,
559 1420 587 1443 et
605 1420 703 1451 potens
726 1420 754 1443 et
775 1415 928 1443 salviﬁcum
950 1420 977 1444 et

184 1460 375 1487 reverendum.
399 1460 480 1488 Juxta
505 1460 616 1496 quide
646 1460 721 1495 quod
753 1461 885 1488 sensibile
918 1466 977 1493 est,

185 1506 265 1533 talem
292 1511 336 1534 est
356 1507 480 1541 accipere
501 1511 528 1535 et
552 1507 686 1543 propositi
711 1508 850 1535 sermonis
875 1507 978 1535 intelli-

184 1553 314 1588 gentiam.

219 1601 286 1635 Quac
301 1609 366 1629 vero
389 1601 424 1629 ad
446 1602 580 1629 theoriam
601 1601 689 1636 magis
716 1601 843 1637 spiritum
865 1602 978 1634 attollit,

183 1649 243 1676 htec
265 1653 291 1676 et
307 1649 385 1676 vellet
402 1649 550 1676 hortationi
573 1648 711 1676 actionem
733 1653 907 1676 connectere.
924 1648 978 1681 Qui

183 1694 355 1729 philosophia
374 1695 518 1722 recentiori
534 1699 560 1721 et
583 1702 664 1729 supra
687 1699 796 1729 captum
822 1695 978 1722 multitudi-

183 1741 227 1767 nis
251 1740 339 1775 posita
368 1744 495 1773 utuntur,
523 1744 551 1767 et
571 1740 654 1767 vitam
684 1740 797 1767 liberam
831 1747 846 1767 τι
873 1740 978 1774 vulgari

183 1786 393 1814 conversatione
409 1791 517 1819 curant,
532 1794 586 1814 non
601 1787 700 1813 debent
715 1786 734 1813 ii
749 1793 850 1814 novum
867 1786 978 1821 quidem

183 1831 393 1859 fundamentum
418 1831 509 1866 ﬁgere,
533 1839 632 1858 novam
660 1839 724 1859 vero
748 1838 846 1866 parare
873 1835 979 1860 tentare

183 1879 306 1910 domum,
327 1886 378 1906 nec
401 1878 428 1905 in
451 1879 506 1905 ullo
527 1878 560 1905 ad
582 1878 785 1905 multitudinem
808 1877 978 1911 inclinatam,

184 1931 274 1958 neque
290 1930 305 1950 a
323 1929 458 1950 consueta
479 1922 690 1950 conversatione
712 1923 745 1950 ad
772 1923 885 1958 vestigia
903 1923 979 1950 deci-

184 1968 313 2000 dentem;
338 1968 364 1995 in
392 1968 460 2003 ipsis
488 1972 580 1995 autem
607 1968 705 1996 mediis
737 1969 868 2004 operibus
896 1968 978 2002 facti,

185 2013 368 2040 inteusionem
402 2013 584 2041 luctaminum
614 2013 773 2047 remittere,
795 2019 823 2041 et
848 2014 981 2042 facilitate

185 2059 317 2086 similium
334 2059 461 2086 laborum
489 2059 629 2094 putridnm
653 2065 680 2087 et
704 2060 838 2087 caducum
859 2060 885 2087 id
907 2060 981 2095 quod

186 2104 256 2132 bene
272 2108 392 2138 emptum
415 2110 458 2132 est
472 2104 610 2132 :ndilicare
627 2105 742 2140 egregiae
757 2106 825 2133 artis
845 2108 937 2140 ’opus;
954 2111 981 2134 et

186 2150 298 2177 domum
325 2157 374 2184 per
399 2157 482 2185 quam
516 2151 615 2177 licebat
640 2156 667 2178 ct
693 2151 851 2178 decidentes
878 2151 980 2180 imbres

1023 219 1071 246 ἆτε
1088 219 1245 254 μηδὲνλτῶν
1263 219 1518 254 καινουργηθέντων
1540 219 1707 255 προειδότος,
1725 219 1778 246 σοῦ
1799 221 1834 247 δὲ

1024 264 1160 299 μηδεμίαν
1171 263 1331 299 ἐπιμέλειαν
1344 264 1409 299 περί
1422 263 1468 290 τοῦ
1481 263 1564 299 μηδὲν
1575 264 1714 299 συμϐῆναι
1726 265 1830 292 τοιοῦ-

1022 319 1069 337 τον
1084 310 1320 346 εἰσηγησαμένου.
1338 311 1393 337 Καὶ
1408 310 1463 345 γὰρ
1479 310 1528 337 καὶ
1545 311 1630 337 πολλὰ
1644 311 1698 337 τῶν
1711 311 1834 346 ἀλόγων

1023 357 1098 383 οὐδὲν
1116 357 1242 389 ἀπεικὸς
1257 357 1465 392 παρεμπίπτειν
1485 356 1524 391 τῷ
1538 356 1642 390 βοθύνῳ
1665 357 1712 384 καὶ
1734 357 1834 384 ἀπόλ-

1023 404 1121 431 λυσθαι
1134 413 1140 419 ·
1159 404 1229 431 ἀλλά
1244 412 1276 438 γε
1291 404 1346 430 τῶν
1369 402 1521 439 ἀνθρώπων
1542 402 1629 435 ἐνίους
1647 402 1695 434 οὓς
1708 405 1726 438 ἡ
1751 412 1834 439 προ·-

1023 450 1090 485 τέρα
1105 449 1160 477 τῶν
1181 450 1287 485 χωρίων
1303 449 1378 480 θέσις
1393 450 1440 476 καὶ
1458 449 1488 476 τὸ
1500 448 1560 481 ἔθος
1575 449 1625 484 τῆς
1644 449 1729 476 διόδου
1745 450 1801 476 καὶ
1817 450 1834 476 ό

1026 496 1130 532 βραχὺς
1151 495 1222 531 μετὰ
1238 495 1288 531 τὴν
1305 494 1482 530 καινοτομίαν
1506 494 1602 530 χρόνος
1623 494 1834 526 ἐπισκιάζοντα

1024 544 1058 569 τά
1071 542 1273 577 νεοχμωθέ-ιτα,
1299 541 1347 568 καὶ
1365 540 1449 576 μηδὲν
1468 540 1561 567 καινὸν
1579 539 1647 576 μηδὲ
1661 541 1834 576 πρόσφατον

1026 588 1130 624 βλάὃην
1154 586 1311 623 ὑφορᾶσθαι
1335 586 1566 619 συνεξαπατῶντα
1591 586 1703 621 ὄλεθρον
1730 587 1836 621 εὑρεῖν

1025 635 1086 661 ἀντὶ
1100 634 1149 669 τῆς
1167 633 1356 669 προκειμένης
1379 633 1474 668 χρείας
1498 632 1664 667 συνώθησεν.
1681 633 1728 658 Δεῖ
1739 631 1761 658 δ’
1779 630 1836 659 οὖν

1025 680 1070 707 διὰ
1089 680 1176 707 ταῦτα
1197 680 1286 706 πάντα
1311 679 1447 715 μηδεμίαν
1474 678 1698 712 παραλιμπάνειν
1722 677 1767 712 ἐφ’
1787 674 1837 709 οἷς

1022 727 1194 762 πράττομεν,
1215 726 1381 760 ἀσφάλειαν·
1398 726 1431 752 δι¹
1447 723 1481 762 ἧς
1495 725 1527 751 τὸ
1548 724 1678 760 ὁμογενὲς
1693 724 1743 750 καὶ
1758 724 1835 759 ὀμό-

1027 773 1109 807 φυλον
1122 772 1213 808 πάσης
1236 771 1340 807 βλάῆης
1360 771 1407 798 καὶ
1422 771 1527 806 ζημίας
1552 763 1709 805 ἀπείρατον
1723 776 1835 804 συντη-

1028 819 1148 854 ρήσομεν
1160 827 1166 833 ·
1184 818 1319 853 ἔκθεσμον
1337 817 1391 853 γὰρ
1407 817 1456 843 καὶ
1471 816 1618 852 ὠμότητος,
1628 816 1670 850 ἐφ’
1686 812 1728 847 οἷς
1742 816 1836 850 ἡμεῖς

992 855 1012 881 Β
1027 865 1075 896 τὰς
1090 863 1224 899 ὡφελείας
1236 863 1402 899 δρεπόμεθα,
1416 863 1481 894 τοὺς
1501 863 1645 897 ὁμογενεῖς
1659 862 1708 889 καὶ
1716 861 1835 896 ὁμοφύ-

1027 910 1090 941 λους
1105 910 1236 945 περιορᾷν
1249 909 1283 936 τὰ
1294 909 1347 936 τῶν
1363 908 1532 944 παθημάτων
1547 907 1595 934 καὶ
1612 907 1749 941 ἀλγεινῶν
1777 907 1836 941 ὑφ-

1030 956 1154 984 ίστασθαι
1171 956 1274 991 ἔσχατα
1288 964 1294 971 ’
1319 956 1369 990 τῆς
1388 955 1480 990 μέντοι
1500 954 1733 990 χρεωστουμένης
1756 962 1834 988 προ.

1027 1003 1101 1035 νοίας
1124 1002 1266 1030 κάνταῦθα
1291 1005 1339 1028 καὶ
1368 1002 1452 1037 μηδὲν
1473 1001 1528 1028 τῶν
1551 1000 1835 1036 παραπορευομένων

1026 1050 1083 1081 τοῖς
1097 1049 1219 1084 βοθύνοις
1234 1048 1461 1084 ὑποφερομένων,
1477 1048 1527 1074 οὐκ
1544 1047 1622 1073 ἔσται
1638 1047 1718 1081 φόνος
1733 1047 1835 1077 οὐδεὶς

1028 1097 1058 1123 έν
1077 1097 1110 1132 τῇ
1136 1096 1336 1132 νεουργουμένῃ
1352 1095 1444 1130 οἰκίᾳ·
1468 1094 1516 1121 καὶ
1532 1095 1548 1129 ὴ
1577 1093 1643 1128 περὶ
1665 1093 1711 1120 τδν
1725 1092 1836 1128 βόθρον

1028 1142 1222 1178 περινοηθεῖσα
1237 1141 1371 1177 περιϐολὴ
1383 1141 1432 1168 καὶ
1443 1140 1565 1175 στεφάνη
1580 1139 1628 1166 καὶ¹
1639 1139 1722 1174 φόνου
1739 1139 1837 1166 καθα-

1029 1189 1079 1225 ρὰν
1093 1188 1144 1224 τὴν
1159 1187 1248 1214 οἰκίαν
1262 1187 1403 1223 ἀπέφηνεν
1423 1187 1470 1213 καὶ
1488 1187 1539 1221 τὴν
1555 1185 1602 1212 τοῦ
1621 1185 1739 1221 πλησίον
1757 1185 1835 1220 1:96.—

1028 1243 1103 1262 νοιαν
1130 1234 1265 1271 λαμπρῶς
1288 1234 1371 1261 πᾶσιν
1399 1231 1608 1268 ἐμφανίζουσα,
1640 1231 1748 1258 πολλῶν
1781 1232 1838 1258 καὶ

1029 1281 1121 1308 καλῶν
1135 1281 1255 1308 ἐπαίνων
1271 1280 1400 1315 πρόξενος
1417 1279 1456 1315 τῷ
1470 1278 1686 1314 προνοησαμένῳ
1697 1277 1814 1312 γίνεται
1828 1287 1836 1293 -

1028 1328 1077 1355 καὶ
1105 1328 1156 1362 τῆς
1178 1326 1306 1361 τοιαύτης
1334 1325 1500 1360 κηδεμονίας
1532 1324 1581 1360 τὴν
1614 1324 1766 1350 ἀπόλαυσιν
1804 1324 1837 1350 ἐν

1028 1373 1131 1408 ὁμοίοις
1141 1372 1232 1408 ἔργοις
1249 1372 1298 1398 καὶ
1313 1371 1516 1406 συγκυρήματα
1530 1369 1569 1405 τῷ
1586 1367 1836 1404 προκαταϐαλόντι

1028 1419 1234 1455 ἀπεθησαύρισε
1247 1425 1253 1432 ·
1267 1418 1316 1445 καὶ
1331 1418 1394 1452 τόγε
1415 1416 1623 1451 θεοφιλέστατον
1640 1415 1689 1451 τῆς
1711 1415 1838 1450 νομθθε-

1031 1468 1090 1499 σίας
1104 1465 1266 1496 ἐϐεϐαίωσε,
1282 1464 1313 1491 τό
1329 1472 1358 1490 τε
1375 1463 1488 1490 δυνατὸν
1504 1462 1551 1489 καὶ
1565 1462 1699 1497 σωτήριον
1719 1461 1769 1488 καὶ
1787 1462 1836 1488 αἱ-

1029 1508 1139 1545 δέσιμον
1151 1517 1158 1525 ⁸
1175 1509 1243 1536 ἀλλά
1256 1508 1326 1535 κατὰ
1348 1508 1398 1543 μὲν
1419 1507 1449 1534 τδ
1466 1507 1606 1542 αἰσθητὸν,
1621 1506 1752 1541 τοιαύτην
1768 1506 1837 1533 ἔστι

1031 1556 1125 1582 λαϐεῖν
1139 1555 1187 1582 καὶ
1205 1555 1254 1590 τὴν
1279 1553 1326 1581 τοῦ
1349 1554 1530 1589 προκειμένου
1555 1553 1635 1588 λόγου
1659 1553 1835 1588 εύκρίνειαν.

1075 1602 1104 1628 Ἢ
1121 1602 1150 1628 δὲ
1163 1601 1231 1636 πρὸς
1248 1600 1364 1635 θεωρίαν
1377 1599 1478 1635 μᾶλλον
1493 1599 1539 1626 τὸν
1553 1599 1616 1625 νοῦν
1638 1598 1836 1633 ἀναφέρουσα,

1031 1647 1143 1674 τοιαῦτα
1159 1648 1191 1674 ἂν
1205 1647 1246 1679 εἴη
1263 1646 1310 1673 καὶ
1324 1646 1473 1681 βουλομένη
1490 1647 1535 1672 καλ
1553 1647 1586 1680 τῇ
1599 1645 1762 1680 παραινέσει
1780 1645 1839 1680 τὴν

1032 1694 1132 1729 πρᾶξιν
1159 1693 1407 1727 συσφίγγουσα.οἱ
1435 1691 1580 1727 φιλοσοφία
1608 1691 1757 1726 καινοτέρᾳ
1783 1691 1838 1717 καὶ

1032 1739 1087 1766 τῶν
1105 1738 1209 1765 πολλῶν
1220 1737 1350 1773 ὑπεράνω
1364 1737 1479 1771 κειμένῃ
1500 1736 1637 1771 χρώμενοι
1651 1735 1699 1762 καὶ
1710 1735 1757 1761 τὸν
1772 1734 1838 1769 βίον

1033 1785 1203 1820 ἐξῃρημένον
1213 1784 1264 1819 τῆς
1284 1783 1425 1819 δημώδους
1445 1782 1585 1813 πολιτείας
1607 1780 1836 1815 ἐπιτηδεύοντες,

1033 1830 1083 1857 οὐκ
1097 1829 1251 1864 ὀφείλουσιν
1267 1825 1340 1855 οὗτοι
1354 1828 1445 1855 καινὸν
1460 1827 1510 1862 μὲν
1523 1827 1568 1853 τὸν
1580 1825 1707 1861 θεμέλιον
1722 1826 1836 1861 πηγνύ-

1033 1884 1088 1907 ναι,
1109 1875 1205 1911 καινὴν
1219 1875 1248 1902 δὲ
1265 1873 1485 1905 κατασκευάζειν
1502 1873 1653 1908 ἐπιχειρεῖν
1674 1872 1725 1907 τὴν
1741 1872 1837 1899 οἰκίαν

1033 1923 1081 1949 καὶ
1100 1922 1183 1958 μηδὲν
1199 1922 1267 1956 πρὸς
1285 1922 1314 1948 τὸ
1330 1920 1433 1956 πλῆθος
1448 1918 1662 1954 συμφερομένην
1674 1927 1680 1933 ·
1698 1919 1770 1954 μήτε
1782 1919 1838 1952 τῆς

1033 1969 1128 2004 ὲθίμου
1153 1968 1293 2002 διαγωγῆς
1307 1967 1375 2002 πρὸς
1398 1966 1432 1993 τὰ
1454 1967 1515 2002 ῐχνη
1535 1964 1785 1992 καταπίπτουσαν·
1808 1966 1838 1991 ὲν

1034 2015 1127 2046 αὐτοῖς
1150 2013 1178 2040 δὲ
1205 2013 1298 2049 μέσοις
1320 2015 1375 2044 τοῖς
1399 2013 1491 2048 ἔργοις
1517 2011 1672 2046 γενόμενοι,
1690 2011 1737 2037 τὸν
1754 2011 1837 2037 τόνον

1034 2060 1088 2088 τῶν
1104 2059 1307 2095 ἀγωνισμάτων
1330 2059 1480 2094 ὑποχαλᾷν,
1507 2057 1554 2084 καὶ
1575 2058 1608 2092 τῇ
1629 2056 1758 2092 ῥαστώνῃ
1778 2056 1836 2082 τῶν

1034 2107 1135 2142 ὁμοίων
1163 2106 1254 2133 πόνων
1279 2104 1378 2140 σαθρὸν
1404 2104 1452 2131 καὶ
1478 2103 1666 2130 εὐδιάπτωτον
1683 2103 1714 2129 τδ
1739 2102 1836 2134 καλῶς

1035 2153 1190 2189 ἀρξάμενον
1215 2151 1417 2186 οἰκοδομεῖσθαι
1433 2150 1637 2185 φιλοτέχνημα·
1661 2150 1708 2176 καὶ
1729 2150 1779 2184 τὴν
1793 2150 1836 2176 ol-

188 2195 369 2223 tentationum
389 2195 524 2230 procellas
540 2196 648 2223 fortiter
667 2196 796 2231 repellere
821 2201 847 2224 et
871 2197 978 2225 inllam-

1075 2209 1097 2226 ιν
1109 2199 1142 2226 δι’
1155 2197 1188 2234 ἦς
1203 2199 1266 2233 ένῆν
1281 2198 1328 2224 καὶ
1352 2196 1632 2233 καταῤῥηγνυμένους
1647 2195 1769 2231 όμὸρους
1783 2196 1837 2227 τὰς

187 2247 292 2269 rnatum
308 2241 415 2269 radium
432 2242 591 2277 passionum
608 2243 699 2277 sopire
711 2248 739 2270 et
754 2242 884 2271 cohibere
901 2244 982 2272 ardo-

188 2296 263 2322 rt-m;
283 2288 356 2316 hanc
378 2296 443 2316 vero
465 2288 577 2316 domum
597 2288 741 2323 splendide
756 2293 875 2324 ereptam
896 2289 982 2317 azditi-

187 2335 256 2366 cari,
283 2335 321 2362 ita
346 2343 413 2363 vero
441 2335 474 2362 ad
497 2335 710 2362 admirationem
733 2342 846 2362 suavem
871 2343 984 2370 progre-

187 2382 308 2409 dientem
322 2389 376 2409 non
392 2385 501 2416 oportet
513 2381 676 2409 remissione
696 2381 839 2409 sententia;
851 2382 984 2418 deinceps

188 2428 281 2456 sinere
307 2428 334 2455 in
351 2428 436 2455 risum
455 2427 590 2460 decidere,
603 2432 630 2455 et
645 2428 672 2455 in
688 2428 781 2455 odium
798 2433 825 2456 et
847 2429 876 2456 in
890 2433 984 2457 contu-

188 2475 298 2502 meliam
324 2474 443 2509 priorem
474 2474 572 2501 bonam
594 2473 705 2502 famam,
721 2474 908 2508 commutari;
936 2474 983 2502 sed

189 2525 296 2555 oportet
309 2521 380 2548 hane
395 2519 502 2547 noriter
515 2525 632 2554 emptam
644 2519 785 2554 aediﬁcari,
802 2520 829 2547 in
848 2520 985 2549 similibus

190 2574 302 2596 servare
319 2573 490 2599 successum,
512 2571 539 2594 et
561 2567 718 2594 coronidem
731 2567 861 2602 jucunda:
877 2567 943 2595 huic
958 2571 986 2594 et

191 2612 306 2648 egregiis
333 2612 495 2640 habitationi
522 2613 707 2647 circumdare,
730 2614 757 2641 id
780 2617 823 2641 est
847 2621 936 2648 usque
957 2613 984 2640 in

192 2659 274 2686 ﬁnem
291 2659 324 2685 ad
340 2666 457 2687 coronas
468 2659 614 2687 ducentem
630 2660 835 2688 accurationem
846 2664 874 2687 et
888 2667 984 2687 curam

193 2712 308 2740 parare;
326 2705 448 2740 legitime
470 2705 544 2733 enim
565 2710 592 2734 et
611 2707 645 2734 ad
662 2707 744 2734 tinent
759 2714 848 2741 usque
862 2713 988 2742 pugnan-

194 2751 263 2779 tium
278 2759 398 2780 corome.
418 2761 426 2778 ι
441 2751 527 2780 Nemo
544 2752 629 2784 enim.
650 2762 659 2779 ι
685 2752 724 2780 ait
738 2752 870 2780 Ecclesia:
884 2759 986 2787 prwco,

198 2808 207 2823 ι
224 2802 383 2832 coronatur,
396 2798 449 2828 nisi
459 2799 581 2835 legitime
594 2798 766 2827 certaverit“.
781 2808 790 2825 ι
806 2797 886 2827 Novit
897 2803 986 2827 autem

230 2856 239 2872 ⁸
252 2856 273 2884 11
295 2857 367 2885 Tim.
384 2865 415 2889 ll,
431 2857 456 2886 5.

1034 2246 1088 2273 τῶν
1105 2245 1267 2281 πειρασμῶν
1281 2244 1396 2279 νιφάδας
1416 2242 1538 2279 στερρῶς
1553 2242 1769 2278 ἀποκρούεσθαι,
1787 2243 1838 2268 καὶ

1035 2291 1217 2327 φλογίζουσαν
1240 2291 1340 2317 ἀκτῖνα
1354 2290 1415 2325 ἦτοι
1435 2290 1489 2316 τῶν
1504 2288 1601 2316 παθῶν
1620 2289 1783 2323 ἀποστέγειν
1805 2298 1836 2315 τε

1034 2338 1081 2366 καὶ
1096 2337 1271 2366 ἀναστέλλειν
1290 2336 1339 2372 τὴν
1353 2336 1477 2371 πύρωσιν
1488 2344 1494 2350 ·
1509 2335 1612 2371 ταύτην
1627 2336 1660 2371 δὴ
1679 2335 1729 2370 τὴν
1743 2336 1836 2362 οἰκίαν

1034 2385 1106 2412 οὕτω
1122 2385 1172 2420 μὲν
1190 2383 1325 2419 λαμπρῶς
1345 2382 1505 2418 ἀρξαμένην
1523 2381 1738 2417 οἰκοδομεῖσθαι,
1760 2381 1836 2408 οὕτω

1034 2431 1063 2457 δὲ
1077 2429 1146 2466 πρδς
1157 2429 1248 2465 θαῦμα
1257 2429 1344 2463 γλυκὺ
1357 2428 1506 2464 προϊοῦσαν
1518 2428 1548 2454 οὐ
1562 2428 1615 2463 χρὴ
1630 2427 1753 2463 ῥαθυμίᾳ
1763 2429 1835 2462 γνὼ-

1038 2485 1092 2512 μης
1107 2476 1222 2511 ὕστερον
1241 2476 1289 2510 έᾷν
1317 2476 1357 2506 εἰς
1380 2474 1488 2509 γέλωτα
1511 2473 1705 2504 καταπίπτειν,
1731 2473 1777 2500 καὶ
1804 2473 1835 2499 τδ

1038 2523 1202 2559 σκυθρωπὸν
1224 2523 1272 2550 καὶ
1291 2521 1522 2557 περιυϐρισμένων
1544 2521 1594 2556 τῆς
1617 2521 1683 2555 πρὶν
1705 2519 1836 2551 εὐκλείας

1037 2568 1284 2596 ἀπαλλάττεσθαι·
1296 2567 1365 2595 ἀλλά
1387 2568 1427 2594 δεῖ
1439 2567 1543 2602 ταύτην
1557 2566 1658 2598 καινῶς
1674 2566 1836 2601 ἀρξαμένην

1037 2614 1249 2650 οἰκοδομεῖσθαι,
1262 2615 1291 2640 ὲν
1305 2615 1361 2646 τοῖς
1373 2614 1478 2648 ὁμοίοις
1490 2614 1634 2648 συντηρεῖν
1645 2612 1815 2648 κατόρθωμα
1827 2619 1834 2627 ·

1038 2661 1085 2688 καὶ
1100 2660 1236 2696 στεφάνην
1252 2659 1292 2695 τῷ
1305 2659 1414 2695 τερπνῷ
1435 2660 1524 2694 τούτῳ
1544 2659 1588 2686 καὶ
1608 2658 1770 2692 περικαλλεῖ
1781 2659 1836 2685 δωά

1040 2708 1128 2744 ματίῳ
1148 2708 1312 2744 περιθεῖναι,
1336 2706 1462 2734 τουτέστι
1481 2705 1563 2741 μέχρι
1582 2705 1677 2736 τέλους
1691 2705 1742 2740 τὴν
1765 2705 1835 2740 πρὸς

1037 2756 1101 2788 τοὺς
1120 2754 1269 2790 στεφάνους
1284 2753 1405 2789 ἄγουσαν
1416 2752 1560 2787 ἀκρίϐειαν
1571 2760 1600 2784 τε
1613 2751 1660 2778 καὶ
1673 2751 1834 2786 ἐπιμέλειαν

1041 2802 1228 2838 ἐπιτηδεύειν·
1245 2801 1297 2828 τῶν
1313 2800 1366 2835 γὰρ
1381 2799 1505 2835 νομίμως
1516 2799 1565 2826 καὶ
1576 2798 1631 2825 τῶν
1647 2797 1730 2833 μέχρι
1742 2797 1834 2828 τέλους
