1878 3057
32 174 85 206 409

526 171 575 201 AD
594 167 891 200 AMPHILOCHIUM
905 166 1078 204 QUIESTIO
1102 167 1162 197 LX.

1616 168 1669 200 410

30 229 188 258 ἀθλούντων
204 230 227 256 oi
245 229 385 262 στέφανοι·
399 236 408 254 ι
423 227 518 259 Οὐδεὶς
531 227 598 263 γὰρ,
620 228 688 262 φησι
702 228 751 262 τῆς
763 227 828 253 Ἐκ-

934 233 1032 254 novam
1056 229 1210 253 creaturam
1237 225 1387 252 secundum
1409 225 1550 254 Christum
1582 227 1671 262 profe-

30 277 152 312 πλησίας
175 277 190 303 ό
213 276 323 311 κῆρυξ,
344 274 534 309 στεφανοῦται,
558 274 606 301 ἐὰν
637 273 675 310 μὴ
705 273 829 308 νομίμως

29 323 149 359 ἀθλήσῃ.
168 331 178 348 ι
193 320 255 348 Οἷδε
274 322 302 348 δὲ
317 321 364 348 καὶ
383 321 481 356 καινὴν
503 321 592 348 κτίσιν
610 321 660 354 τὴν
674 319 746 346 κατὰ
763 320 829 355 Χρι-

31 369 96 394 στὸν
113 367 262 404 προκοπὴν
286 368 333 394 καὶ
347 367 487 394 τελείωσιν
502 368 516 394 ό
539 368 594 398 τοῖς
609 367 701 398 αὐτοῖς
726 367 830 397 καινοῖς

31 414 233 448 πολιτεύμασιν
250 413 301 449 τὴν
326 413 422 448 καινὴν
444 413 578 448 διαθήκην
603 412 764 447 καινοτέραν
787 412 830 437 ἀεὶ

31 459 222 494 ουν-τηρήσας.
242 469 251 484 ι
272 459 304 485 Εἴ
320 468 362 490 τις
388 459 453 494 γὰρ,
474 459 573 494 φησιν,
589 459 618 485 ὲν
643 458 733 493 χρόνῳ
748 457 830 493 καινὴ

31 505 134 537 κτίσις,
149 514 160 530 ›
178 505 416 537 ἀνακαινίζεσθαι·
434 505 559 532 τουτέστι
569 505 613 532 διά
628 505 737 531 πάντων
752 505 781 531 ἐν
797 506 830 540 τῇ

34 551 126 586 σοφῶς
143 560 175 577 τε
194 551 242 577 καὶ
267 551 336 587 ὑπὲρ
358 551 438 585 λόγον
461 551 671 586 οἱκονομηθείσῃ
692 550 830 586 καινότητι

32 596 210 631 διατηρείσθε
234 596 430 631 καινιζόμενοι,
451 596 533 631 μηδὲν
558 595 673 622 παλαιὸν
701 596 768 631 μηδὲ
784 605 832 622 σα-

34 643 168 678 ῦῴτητος
185 642 262 669 νόσον
288 643 475 678 ἐπιφέροντες.
503 643 534 668 Εἰ
555 643 610 678 γὰρ
631 642 669 677 μὴ
692 642 830 677 ὲπιτεθείη

34 687 156 722 στεφάνη
168 687 208 721 τῷ
219 687 402 722 καινιζομένῳ
412 687 542 722 δωματίῳ
555 687 612 718 τοῖς
622 686 830 722 κατορθώμασι,

31 733 176 759 τουτέστιν
202 734 226 759 εἰ
247 733 285 768 μὴ
309 733 390 768 μέχρι
414 733 508 763 τέλους
530 733 595 764 τοὺς
615 733 757 764 νεανικοῦς
785 732 832 759 καὶ

31 779 146 810 καινοὺς
160 778 208 805 καὶ
220 779 321 810 καλοὺς
337 779 447 813 ἀγῶνας
463 779 528 810 τοὺς
542 778 688 814 προξένους
701 780 767 813 ἡμῖν
778 779 832 805 τῶν

34 824 178 858 στεφάνων
195 824 413 859 συντηρήσομεν,
429 825 509 858 φόνος
522 825 568 851 καὶ
581 825 669 858 φόνων
679 825 693 850 ὁ
708 823 833 859 χαλεπώ-

32 878 112 900 τατος
122 870 153 896 ὲν
167 871 200 905 τῇ
227 870 374 906 σαθρὸτητι
392 870 439 896 τοῦ
457 870 675 906 οἰκοδομήματος
686 878 692 884 ·
713 879 833 903 συγκατ-

32 916 193 950 Ξνεγκόντος
201 916 230 942 δὲ
246 917 293 943 καὶ
306 916 560 951 συγκατορύξαντος
573 916 620 943 καὶ
630 916 675 942 τὸν
687 916 734 942 ἀπ’
747 916 833 951 ἀρχῆς

32 961 80 995 τῆς
97 961 264 996 καινότητος
289 961 338 996 τῆς
361 961 515 996 οἰκοδομῆς,
533 961 571 992 ὠς
594 961 650 987 εἴθε
677 961 714 996 μὴ
730 959 834 995 ὤφελεν

33 1009 70 1036 εἰς
88 1008 192 1042 μάτην,
209 1007 474 1042 φιλοτιμησάμενονθ
490 1007 528 1042 τῷ
553 1007 608 1042 γὰρ
624 1005 712 1037 οὕτως
733 1006 833 1037 ἀθλίως

34 1053 242 1088 περιενεχθέντι
258 1054 306 1079 καὶ
326 1054 396 1089 μετὰ
411 1053 557 1085 τοσούτους
573 1053 670 1085 πόνους
688 1052 737 1079 καὶ
751 1052 834 1088 ἱδρῶ-

32 1108 80 1130 τις
96 1099 195 1134 ὥσπερ
212 1100 244 1125 ἐκ
259 1099 443 1134 μεταμελείας
463 1099 605 1135 ἐνυϐρίσαι
622 1098 656 1126 τὰ
679 1098 832 1133 φθάσαντα,

33 1145 78 1170 καὶ
99 1144 197 1171 παθῶν
214 1144 382 1180 ἀνδράποδον
397 1144 525 1179 γενέσθαι
545 1145 593 1171 καὶ
607 1144 655 1170 τοῦ
668 1135 766 1179 ἐχθροῦ
780 1144 830 1179 Θή-

34 1198 122 1224 ρτιμα,
137 1189 218 1215 οὖδεν
229 1189 264 1216 ἂν
276 1189 320 1224 είη
338 1191 440 1225 χεῖρον,
461 1189 529 1225 μηδὲ
548 1190 596 1225 τὴν
616 1189 703 1225 ἀρχὴν
721 1189 829 1215 ἑλέσθαι

33 1237 81 1272 τὴν
95 1237 246 1272 καινότητα
258 1236 306 1263 τοῦ
320 1236 526 1271 πολιτεύματος,
545 1236 561 1270 ἢ
575 1235 774 1271 προελομένους
792 1234 829 1270 μὴ

33 1282 186 1316 διενεγκεῖν
203 1282 285 1317 μέχρι
301 1282 405 1314 τέλους,
425 1282 484 1308 ἀλλ’
504 1281 665 1308 ἀνθελέσθαι
678 1281 734 1307 τῶν
750 1289 832 1307 σπου-

881 278 954 301 ctum
982 276 1010 300 ct
1030 271 1227 307 perfectionem
1248 272 1294 306 qui
1318 271 1414 299 iisdem
1436 273 1514 300 novis
1536 273 1670 301 institutis

881 326 983 346 novum
1000 322 1192 346 testamentum
1205 318 1346 344 noviorem
1362 325 1471 352 semper
1485 319 1669 347 conservavit.

884 374 894 391 ‹
911 364 939 392 Si
969 372 1023 400 qua
1048 365 1134 396 enim,
1150 373 1160 389 ι
1192 364 1240 396 ait,
1275 373 1283 389 ‹
1299 364 1326 390 in
1355 367 1478 399 tempore
1501 372 1571 392 nova
1594 373 1672 393 erea-

882 416 943 438 tura
953 412 973 443 ⁶,
991 421 1000 436 ι
1028 411 1154 438 renovati
1171 419 1176 437 :
1192 411 1218 437 id
1243 415 1294 443 est.
1312 418 1361 445 per
1373 410 1464 437 omnia
1490 410 1517 437 in
1536 411 1673 446 sapienter

882 463 908 485 et
932 465 1015 492 supra
1039 465 1193 485 sermonem
1209 457 1343 484 aediﬁcata
1365 457 1484 484 novitate
1502 463 1673 491 perseveratc

882 504 1015 536 innmati,
1032 504 1098 530 nihil
1116 503 1260 538 antiquum
1272 511 1359 538 nequc
1376 503 1529 538 putrediuis
1547 505 1672 532 morbum

882 550 1041 578 inferentes.
1064 550 1092 577 Si
1113 550 1186 577 enim
1212 558 1266 577 non
1286 550 1444 584 imponatur
1463 550 1575 577 coronis
1595 551 1675 578 inno-

883 601 952 624 vatte
976 596 1070 624 domui
1087 604 1135 631 per
1150 596 1277 628 virtutes,
1297 596 1324 623 id
1347 601 1398 628 est,
1416 596 1439 623 si
1461 603 1514 623 non
1539 603 1625 631 usque
1640 595 1674 623 ad

884 642 965 669 linem
979 641 1112 677 juvenilia
1127 646 1154 669 et
1175 649 1246 669 nova
1262 646 1290 669 et
1307 642 1421 677 pulchra
1446 642 1595 669 certamina
1613 650 1675 677 qua:

883 691 1035 722 procurant
1056 686 1136 714 nobis
1156 694 1275 714 coronas
1298 687 1511 718 servaverimus,
1535 687 1624 714 ca:ch
1647 691 1676 715 et

884 732 999 759 cmdium
1019 732 1138 767 pessima
1161 732 1187 759 in
1203 732 1349 767 putredine
1367 731 1494 765 aediﬁcii;
1518 740 1580 760 cum
1594 733 1676 760 deor-

877 772 945 805 .sum
973 777 1043 806 {erat
1069 782 1096 805 et
1113 779 1242 806 suffodiat
1264 779 1305 805 vel
1330 778 1406 805 illum
1429 778 1475 812 qui
1499 786 1514 805 a
1541 779 1675 813 principio

885 823 1017 851 novitatis
1031 823 1152 856 aedilicii,
1169 824 1274 851 utinam
1290 831 1343 851 non
1360 822 1506 859 profect-rit
1520 823 1547 850 in
1563 832 1674 856 vanum,

885 870 1000 897 meliora
1024 870 1169 897 aemulatus
1188 874 1239 897 est.
1256 870 1295 897 ita
1313 870 1413 897 misere
1435 870 1508 897 enim
1522 870 1631 904 dejecto
1649 874 1677 898 et

885 921 947 950 post
975 920 1015 943 tot
1038 916 1147 943 labores
1168 920 1195 942 et
1226 915 1342 943 sudores
1362 916 1443 950 quasi
1463 923 1497 943 ex
1516 915 1676 950 pmniteutia

884 961 986 996 injuria
1015 961 1122 989 allicere
1145 970 1205 996 quae
1228 966 1441 997 praecesserunt,
1465 967 1492 989 et
1517 962 1676 996 passionum

884 1007 1053 1042 mancipium
1084 1008 1142 1034 ﬁeri
1168 1013 1194 1036 et
1218 1008 1322 1035 inimici
1346 1009 1454 1042 praeda,
1486 1008 1573 1034 nihilo
1598 1008 1678 1043 pejus

884 1057 967 1084 esset,
981 1061 1069 1088 neque
1089 1061 1103 1079 a
1119 1053 1253 1088 principio
1268 1053 1384 1088 elegisse
1399 1053 1548 1080 novitatem
1563 1060 1678 1080 convcr-

883 1098 1012 1130 sationis,
1025 1104 1073 1126 aut
1085 1103 1228 1134 postquam
1241 1099 1333 1134 elegit,
1349 1106 1402 1126 non
1415 1099 1577 1134 perduxisse
1588 1106 1678 1134 usque

888 1145 921 1172 ad
939 1146 1033 1178 tinem.
1058 1147 1107 1174 sed
1131 1147 1321 1182 auteposuisse
1345 1147 1481 1174 acmulatis
1506 1154 1538 1174 ca
1557 1154 1619 1182 quae.
1634 1148 1679 1175 de-

887 1193 1038 1225 prccabilia
1065 1199 1139 1221 sunt.
1172 1193 1205 1221 Et
1229 1202 1262 1222 ex
1290 1194 1393 1228 quibus
1422 1198 1551 1229 poterunt
1581 1201 1678 1221 osores

888 1236 1018 1265 delectari
1044 1239 1221 1267 irrisionihus
1256 1245 1282 1266 et
1314 1239 1592 1274 exprobratiunibus,
1622 1246 1678 1266 non

889 1281 981 1310 divina
1000 1283 1107 1312 locutus
1120 1285 1196 1312 siluit
1210 1284 1328 1320 Cyrillus
1345 1289 1467 1312 sanctus.

33 1329 193 1364 οαζομένων
206 1329 241 1355 τὰ
263 1329 438 1355 ἀπευκταϊα·
460 1329 507 1355 καὶ
539 1327 581 1359 οἷς
599 1327 633 1354 ἂν
664 1328 770 1360 ἕξουσιν
801 1327 826 1353 oi
858 1329 999 1363 μισοῦντες
1027 1330 1162 1366 ἐντρυφᾷν
1184 1332 1216 1366 τῇ
1234 1330 1316 1366 χλεύῃ
1337 1331 1384 1357 καὶ
1407 1331 1463 1362 τοῖς
1483 1329 1678 1366 ὀνειδίσμασιν,
1702 1332 1708 1340 ‘

33 1375 95 1401 νῦδὲ
120 1377 169 1403 τὸν
194 1376 339 1403 θεσπέσιον
366 1375 395 1401 δὲ
427 1373 666 1409 παρασιωπεῖσῦαι
697 1372 833 1407 Κύριλλον
852 1373 933 1401 ὅσιον.

321 1433 491 1461 ΕΡΩΤΗΣΙΣ
509 1432 546 1460 Ξ’.

38 1483 67 1508 Τί
77 1481 194 1514 δήποτε
202 1481 256 1508 τοῦ
265 1481 359 1515 νόμου
369 1480 486 1515 κωλρον
491 1488 541 1515 τος
547 1478 694 1515 ἅπτεσθαι
705 1477 831 1515 λεπροῦ)

68 1519 99 1544 ei
110 1512 150 1544 ἠδὲ
163 1517 219 1551 μὴ,
236 1512 406 1550 ἀκάθαρτον
419 1514 496 1551 εἶναι
516 1514 573 1546 ἕως
584 1513 730 1551 ἑσπέρας,
744 1513 779 1539 ἐν
791 1512 832 1551 τῷ

70 1548 249 1586 θεραπεύειν
274 1548 488 1586 τὺνζίεπρὸνῤ
515 1549 617 1586 Σωτὴρ
638 1548 762 1586 ᾅπτεται
779 1549 833 1575 αὐ-

71 1583 138 1619 τὸῦ,
155 1587 252 1614 καίτοι
266 1587 346 1621 λόγῳ
361 1585 538 1619 θεραπεύειν
552 1584 682 1616 δυνατὸς
697 1583 759 1615 (by;

1061 1433 1226 1468 QUASSTIO
1254 1433 1300 1461 [Χ
1325 1433 1374 1469 [ηι.
1396 1433 1478 1469 LIX].

887 1480 942 1508 Cur
956 1479 1079 1507 Christus
1092 1479 1224 1514 leprosum
1240 1479 1365 1513 tetigerit,
1383 1486 1434 1505 non
1456 1478 1577 1505 obstante
1597 1477 1679 1513 legali

922 1515 1106 1542 immuttditia.
1120 1523 1179 1541 cum
1187 1514 1244 1541 solo
1253 1514 1328 1541 verbo
1339 1522 1398 1541 eum
1408 1521 1503 1540 sanare
1509 1514 1623 1549 potuerit
1630 1514 1643 1540 7

691 1637 761 1663 Edita
773 1644 786 1662 a
804 1636 876 1666 Maio,
891 1636 907 1661 l.
918 1642 950 1665 c.,
961 1643 986 1667 p.
997 1634 1081 1659 69-72.

71 1687 189 1723 Πρῶτον
205 1686 256 1721 μὲν
278 1685 366 1711 ἐκεῖνο
381 1684 522 1719 προσῆκεν
542 1683 652 1714 εἰδέναι,
668 1682 705 1714 ὡς
726 1682 755 1715 ἐξ
768 1677 805 1708 ὧν
821 1682 834 1708 ὁ
848 1683 869 1712 C

39 1734 134 1768 Σωτὴρ
149 1732 198 1758 νῦν
215 1732 263 1767 μὲν
277 1731 322 1758 τὸν
346 1731 428 1766 νόμον
449 1730 541 1766 ἔκρινε
565 1729 723 1764 φυλάττειν,
744 1727 792 1754 νῦν
805 1727 834 1753 δὲ

39 1781 94 1806 τῶν
109 1778 276 1814 κρειττόνων
291 1777 337 1804 καὶ
361 1776 432 1812 ὑπὲρ
449 1776 592 1812 ἄνθρωπον
613 1775 703 1810 ἔργων
718 1774 837 1808 ἀπέφαι-

40 1834 85 1852 νεν
103 1826 217 1860 ἥττονα,
233 1823 289 1850 οὐδ’
307 1823 351 1849 ὅτε
377 1822 576 1857 νομοφυλακεῖν
599 1819 772 1855 ἐδοκίμαζεν,
799 1819 837 1850 ὡς

40 1870 223 1905 ὑποκείμενος
242 1870 298 1900 τοῖς
318 1869 412 1904 νόμοις
428 1868 591 1903 ἐφύλαττεν·
612 1867 680 1894 ἀλλὰ
694 1866 773 1894 τοῦτο
787 1866 837 1902 μὲν

42 1916 200 1951 οἰκονομίαν
217 1915 343 1951 πληρῶν,
367 1914 414 1942 καὶ
429 1915 537 1946 δεικνὺς
554 1911 597 1941 οἷα
612 1914 645 1948 δὴ
666 1913 716 1949 τὴν
731 1912 837 1948 ἀνθρω-

43 1964 123 1998 πίνην
138 1964 222 1998 φύσιν
238 1963 276 1998 μὴ
292 1963 454 1995 ἀπαξιώσας
467 1960 681 1993 ἀναλαϐεῖν,’ὄτι
694 1960 741 1986 καὶ
757 1959 838 1991 αὐτὸς

42 2010 92 2036 οὐκ
108 2010 239 2045 ἀτιμάζει
262 2009 298 2036 τὰ
315 2009 348 2036 δι’
363 2005 400 2036 ὧν
417 2009 468 2044 λἤδη
490 2008 653 2044 ῥυθμίζεται
670 2007 705 2033 τὰ
730 2005 837 2041 ἀνθρώ-

39 2058 118 2088 ’πινα,
141 2056 211 2083 ἀλλὰ
227 2057 275 2083 καὶ
291 2055 452 2091 μετέρχεται
466 2055 552 2081 ταῦτα
577 2054 642 2080 ὅταν
665 2052 748 2088 μηδὲν
775 2051 839 2078 ἄλλο

45 2103 96 2129 τῶν
129 2102 297 2138 κρειττόνων
325 2103 365 2134 εἰς
403 2102 499 2128 ἑαυτὸν
530 2100 649 2136 μεθέλκῃ
678 2099 726 2125 καὶ
756 2106 839 2133 μετα-

45 2149 143 2184 ειεάξῃ
158 2149 210 2185 τὴν
236 2149 382 2183 πρόνοιαν·
400 2147 479 2174 τοῦτο
502 2146 531 2173 δὲ
553 2146 601 2172 καὶ
629 2145 684 2172 τῶν
704 2143 839 2171 Ἰουδαίων

46 2196 102 2229 ipa.
115 2195 282 2230 ἑμφρὰττων
294 2195 327 2220 τὰ
338 2194 486 2230 βλέισψημα
501 2193 548 2219 καὶ
561 2189 838 2224 ἁπύλωταλστόματα,

46 2241 90 2267 καὶ
102 2242 132 2267 τὸ
147 2241 273 2279 ἀντίθεον
287 2241 333 2267 καὶ
348 2240 507 2275 παράνομον
521 2238 615 2272 ὥσπερ
627 2239 666 2268 εἰς
681 2237 726 2262 τὸν
741 2235 840 2262 Δεσπό·

46 2296 92 2321 την
112 2289 329 2323 ἐναποῤῥίπτειν
351 2287 401 2313 οὐκ
416 2286 542 2321 ἑφριττεν
559 2285 575 2319 ὴ
593 2283 729 2318 θεομάχος
749 2281 839 2308 αὐτῶν

47 2334 169 2365 ἀπόνοια,
185 2335 224 2363 εἰς
239 2333 289 2364 τὰς
305 2332 416 2358 ἐκείνων
432 2330 605 2365 περιτρέπων
624 2328 758 2363 κεφαλάςι
778 2326 839 2353 ἐπεὶ

48 2380 91 2405 κιὶ
105 2359 170 2405 τοῦέ
188 2359 312 2413 μαθητάς
335 2359 554 2412 ἐγκαλουμένους
569 2376 610 2402 ὅτι
635 2359 706 2400 κατὰ
724 2373 753 2399 τὸ
770 2373 839 2399 Σάὸ-
853 2359 880 2390 Ῑ)

46 2424 126 2451 ϐιτον
148 2423 330 2459 πορευόμενοι
356 2424 420 2454 τοὺς
448 2422 557 2457 στάχεις
584 2420 699 2450 ἔτιλλον,
719 2419 767 2445 καὶ
789 2418 841 2453 to.

49 2479 139 2505 χοντες
154 2469 236 2506 λιμοῦ
262 2469 314 2505 τὴν
341 2468 515 2504 αὐτοσχέδιον
538 2466 679 2502 τράπεζαν
703 2464 844 2491 ἐποιοῦντο

49 2518 125 2552 ἴαμα,
146 2517 237 2551 ἱεραῖς
252 2524 284 2542 τε
310 2514 404 2546 ἄλλαις
429 2513 537 2548 ἐφόδοις
550 2512 598 2539 καὶ
621 2511 654 2547 δὴ
680 2511 729 2538 καὶ
753 2518 844 2545 παρα-

48 2564 203 2599 δειγμάτων
218 2562 338 2598 ὲπιφορᾷ
354 2561 452 2596 κράτει
465 2560 513 2587 καὶ
527 2559 665 2594 ἀξιώματι
688 2557 719 2584 τὸ
733 2556 844 2591 ἀπαρά-

48 2619 170 2646 γραπτον
189 2608 421 2645 προόαλ).ομὲνων
433 2606 598 2638 ἀνευθύνους
612 2605 717 2631 ἐδείκνυ
732 2603 779 2630 καὶ
796 2602 845 2628 πά-

49 2665 96 2692 οης
107 2656 267 2690 ἁνεπάφους
285 2654 415 2689 μέμψεως
425 2661 431 2667 ·
455 2652 500 2679 val.
519 2651 573 2687 μὴν
595 2650 642 2677 καὶ
656 2649 703 2676 τὸν
718 2648 782 2674 Υίδν
794 2646 842 2673 τοῦ

48 2702 194 2739 ἀνθρώπου
220 2702 325 2737 Κύριον
352 2698 423 2726 εἶναι
446 2698 494 2725 τοῦ
512 2696 664 2727 Σαδὸάτου,
683 2695 744 2730 οὐχὶ⁸
766 2693 794 2720 δὲ
809 2693 843 2728 τῇ

48 2737 153 2775 ἐκείνου
170 2746 364 2781 παρατηρήσει
386 2743 548 2770 δουλεύοντα
569 2739 728 2775 περιφανῶς
743 2737 843 2773 ἀνεκή-

49 2802 138 2829 ρυττε.
165 2792 212 2819 Διὸ
227 2792 274 2819 καὶ
300 2791 434 2826 παρόντος
459 2787 543 2816 αὐτοῦ
565 2787 595 2814 τὺ
620 2784 766 2820 προνόμιον
795 2781 843 2810 τοῦ

48 2840 189 2867 Σιῆὁάτου
208 2837 410 2869 συνεστέλλετο,
426 2836 522 2870 ὥσπερ
538 2833 700 2862 ἐπιστάντος
712 2830 842 2857 δεσπότου

81 2899 91 2913 ⁶
104 2898 126 2925 ll
143 2896 207 2924 Cor.
226 2904 252 2928 ν,
271 2896 313 2922 t'i.

921 1680 1042 1708 Primum
1060 1680 1170 1715 quidem
1182 1679 1208 1706 id
1217 1677 1345 1706 convenit
1356 1677 1437 1709 scire,
1446 1683 1478 1703 ex
1490 1683 1545 1710 quo
1554 1674 1680 1702 Salvator

889 1735 961 1754 nunc
973 1728 1058 1762 legem
1070 1726 1211 1761 judicabat
1223 1731 1344 1756 servare,
1360 1730 1433 1750 nunc
1446 1729 1512 1748 vero
1529 1720 1640 1755 optimis
1652 1723 1680 1747 et

887 1780 971 1808 supra
996 1772 1135 1799 hominem
1161 1770 1290 1806 operibus
1310 1767 1517 1796 demonstrabat
1537 1765 1678 1798 inferiora,

888 1826 938 1846 nec
953 1818 1063 1853 quando
1075 1819 1162 1853 legem
1178 1824 1288 1844 servare
1301 1815 1418 1842 ducebat
1433 1815 1546 1845 bonum,
1563 1817 1593 1839 ut
1613 1812 1679 1839 sub-

886 1864 989 1900 jectum
1000 1864 1105 1899 legibus
1116 1872 1177 1891 eum
1191 1871 1337 1895 servasse;
1354 1862 1400 1889 sed
1418 1859 1586 1895 hocquideln
1602 1866 1680 1887 (Bco-

889 1912 1009 1940 nomiam
1024 1912 1139 1946 implens
1161 1915 1189 1937 ct
1203 1909 1350 1937 ostendens
1366 1908 1438 1936 sicut
1465 1907 1615 1934 humanam
1628 1914 1665 1933 na

889 1963 978 1987 turam
995 1965 1049 1985 non
1067 1957 1231 1992 dedignatus
1245 1962 1396 1986 assumere,
1406 1953 1443 1981 ita
1459 1961 1509 1981 nec
1524 1953 1614 1988 ipsum
1622 1951 1680 1987 jam

889 2004 1070 2040 dedignariea
1082 2011 1130 2038 per
1140 2011 1201 2038 qure
1209 2002 1373 2029 ordinantur
1389 1998 1576 2031 humana.sed
1592 2003 1620 2026 et
1643 2006 1682 2025 set

890 2052 957 2080 ctari
983 2059 1011 2078 se
1033 2050 1077 2077 illa
1096 2049 1204 2084 quando
1228 2048 1295 2075 nihil
1320 2047 1394 2074 aliud
1409 2046 1634 2073 excellt-ntiorum
1655 2044 1681 2072 in

890 2098 1013 2133 seipsum
1035 2096 1147 2124 attrahit
1170 2098 1197 2122 et
1223 2093 1354 2122 transfert
1385 2101 1433 2128 per
1462 2091 1682 2127 providentiam;

890 2145 955 2172 illud
964 2149 1052 2171 autem
1064 2148 1091 2170 et
1104 2142 1261 2169 Judamrum
1272 2140 1354 2168 simul
1365 2139 1511 2166 obstruens
1523 2138 1684 2173 blasphema

890 2195 918 2219 et
931 2191 1037 2225 absque
1055 2189 1133 2216 ostiis
1156 2195 1215 2219 ora,
1231 2191 1258 2214 et
1276 2186 1350 2220 quod
1371 2189 1468 2212 contra
1486 2184 1571 2211 Deum
1585 2186 1630 2211 est
1655 2187 1684 2210 et

891 2243 986 2267 contra
1002 2238 1087 2272 legem
1104 2242 1133 2264 ut
1150 2237 1177 2263 in
1202 2235 1347 2263 Dominum
1362 2233 1467 2266 jactare
1483 2239 1538 2259 non
1555 2231 1685 2259 horrebat

892 2289 988 2312 contra
1005 2284 1088 2310 Deum
1107 2289 1233 2318 pugnans
1254 2280 1362 2308 illorum
1377 2279 1495 2310 insania,
1518 2277 1544 2304 in
1561 2277 1683 2311 ipsorum

893 2336 1056 2366 retorquens
1068 2330 1168 2364 capita.
1187 2327 1322 2361 Quoniam
1335 2330 1362 2353 et
1374 2324 1525 2359 discipulos
1541 2327 1684 2351 accusatos

894 2376 967 2412 quod
990 2381 1084 2403 contra
1107 2375 1257 2402 Sabbalum
1278 2377 1375 2400 clintes
1388 2373 1478 2406 spicas
1498 2370 1640 2401 vellerent,
1657 2373 1686 2395 ct.

892 2423 1044 2451 esurientes
1060 2421 1141 2449 famis
1154 2425 1251 2456 sponte
1271 2420 1390 2446 oblatam
1413 2424 1535 2444 mensam
1563 2415 1686 2442 facerent

893 2470 1069 2500 medicinam,
1081 2467 1168 2496 sacris
1185 2471 1211 2493 et
1225 2466 1286 2493 aliis
1299 2466 1350 2493 viis
1365 2470 1392 2492 et
1407 2463 1596 2498 exemplorum
1614 2468 1685 2496 quo-

892 2525 946 2552 que
961 2515 1124 2551 allegatione
1139 2514 1164 2541 vi
1180 2518 1205 2540 et
1221 2512 1352 2547 dignitate
1368 2511 1537 2544 Scripturam
1553 2516 1606 2536 non
1626 2509 1685 2535 vio-

894 2562 976 2589 latam
992 2559 1204 2596 proponentium
1222 2558 1281 2585 sine
1305 2557 1385 2591 culpa
1403 2563 1464 2583 esse
1486 2553 1686 2582 demonstravit

893 2613 922 2636 et
934 2608 1009 2635 omni
1022 2607 1140 2634 intactos
1153 2603 1354 2632 criminatione.
1370 2601 1427 2629 lino
1441 2606 1467 2629 et
1478 2600 1577 2628 Filium
1595 2599 1685 2626 hmni-

894 2653 938 2680 nis
952 2651 1094 2679 dominum
1107 2657 1168 2677 esse
1184 2647 1308 2679 Sabbati,
1329 2655 1382 2674 non
1400 2651 1491 2673 autem
1506 2645 1582 2672 illius
1593 2645 1688 2672 obser-

894 2699 996 2727 vationi
1007 2696 1154 2726 servienlia
1166 2695 1309 2731 insigniter
1321 2693 1487 2730 praedicavit.
1502 2691 1566 2719 Ideo
1580 2696 1607 2718 et
1619 2698 1687 2725 prae-

895 2751 972 2776 sente
991 2747 1050 2781 ipso
1067 2743 1236 2780 praescriptio
1260 2741 1371 2768 Sabbati
1398 2738 1615 2768 corttrahcbatur
1630 2758 1638 2770 ,
1659 2740 1687 2763 ut

896 2798 1004 2821 astante
1020 2791 1132 2819 domino
1152 2789 1224 2818 servi
1241 2789 1353 2816 libertas
1372 2786 1523 2817 evanescit,
1549 2784 1585 2811 do
1597 2795 1602 2807 ι
1615 2783 1688 2809 init-0

896 2845 987 2868 autem
1016 2837 1212 2873 circumagitur
1227 2841 1305 2864 nutu.
1332 2833 1456 2869 Namque
1477 2833 1504 2859 in
1521 2830 1621 2866 quibus
1637 2830 1687 2856 ho-
