1880 3057
197 149 247 183 ιιι

777 147 877 178 ΡΗΟΤ
887 147 915 177 ll
934 146 1186 177 ΡΑΤΒῘΑΒΕΗΑΕ
1198 147 1253 178 CP.

1779 146 1832 180 412

197 205 303 234 minum
328 203 458 232 divinitus
484 202 649 238 operabatur
670 201 799 233 salutem.
820 201 945 229 homines
967 201 990 229 in

1078 201 1126 228 τοῦ
1147 202 1242 229 δούλου
1269 201 1410 237 παρρησία
1436 200 1547 237 ἠρεμεῖ,
1568 202 1608 238 τῷ
1632 202 1785 238 δεσποτικῷ
1806 203 1833 230 δὲ

198 249 233 278 iis
260 250 409 277 educantes
442 249 515 283 leges
535 247 684 280 tacebant;
710 247 808 274 melius
830 247 903 274 enim
929 254 991 274 esse

198 296 285 324 multo
302 295 412 330 propria
427 294 586 329 paedagogia
599 294 689 328 ipsum
705 300 776 328 opus
795 293 891 320 salutis
909 292 988 319 intel-

199 340 331 377 ligebant.
352 339 381 367 ln
395 340 496 375 quibus
512 344 603 367 autem
619 348 671 366 non
688 343 747 367 erat
757 339 848 372 legum
864 338 990 365 custodia

197 386 363 416 mirabilium
378 386 565 421 operationem
583 392 782 420 superponens,
794 391 880 419 neque
899 383 989 410 homi-

196 440 260 461 nem
274 432 390 460 salutem
404 431 571 466 despiciens,
585 435 650 458 tunc
665 436 692 458 et
708 430 775 465 ipse
790 429 927 464 propriam
943 429 990 463 ju-

198 477 391 506 stillcationem
410 476 603 511 agnoscebant.
620 473 706 508 Magis
720 481 786 500 vero
802 473 868 508 ipsis
882 479 990 507 semper

198 528 335 551 servatum
349 522 476 549 exstabat
494 529 527 549 ex
546 521 580 548 iis
596 529 657 556 qua:
669 520 795 547 Salvator
816 519 989 554 operabatur.

197 569 303 596 Etenim
321 568 409 603 legum
427 567 512 594 illatio
528 575 590 594 cum
607 571 634 594 et
651 566 736 600 magis
763 566 883 600 vigentes
915 565 991 591 vide-

198 618 305 645 rentur,
318 613 420 648 lignum
433 612 538 640 caedere
550 614 577 639 et
589 612 677 647 ignem
689 611 837 638 accendere
849 613 876 637 et
891 617 990 636 carnes

197 659 280 687 dividi
293 667 308 686 a
325 658 514 686 sacerdotibus
531 663 586 685 non
609 657 736 692 injuriam
754 656 892 683 ducebant
907 659 933 682 et
949 656 991 690 ip-

198 714 291 735 sarum
311 705 420 734 roboris
442 704 656 733 destructionem
675 703 722 731 sed
748 707 776 730 et
795 703 922 731 decorem
937 701 989 729 sibi

197 751 334 780 faciebant
349 756 377 779 et
395 750 556 786 dignitatem
574 750 690 777 tolerare
713 748 766 776 illis
780 748 946 783 posteriora;
964 749 991 774 et

196 799 294 827 bovem
309 803 337 826 et
349 798 460 825 asinum
475 795 582 824 solvere
598 803 613 823 a
630 794 755 830 praesepi,
774 798 801 821 et
814 793 948 821 abducere
962 796 991 819 ut

198 848 279 880 potus
293 842 441 879 participes
456 846 548 869 essent
570 840 689 876 propriae
706 839 894 874 temperantiae
911 838 988 865 inﬁr-

199 889 347 917 mationem
364 895 417 915 non
429 888 571 922 putabant,
593 894 642 913 nec
657 885 756 912 solutio
766 885 833 920 ipsis
849 884 990 910 videbatur

198 936 269 969 quod
287 940 336 960 nec
351 933 396 959 illa
410 933 544 960 servirent
555 935 700 966 praeupto.
714 929 785 963 Quid
801 933 891 956 autem
909 936 990 962 opor-

198 983 236 1006 tet
250 977 324 1012 loqui
338 984 415 1004 ovem
430 983 444 1003 e
461 975 537 1002 fovea
550 979 701 1002 extractam
716 979 743 1000 et
757 973 853 1000 bovem
864 976 893 999 et
904 971 989 998 lilium

199 1023 319 1051 hominis
335 1030 351 1049 e
372 1021 460 1057 puteis
480 1020 545 1047 laris
566 1024 719 1048 extractum
732 1040 739 1052 ,
764 1024 791 1046 et
816 1024 990 1053 quaecunque

198 1069 262 1096 talia
277 1069 345 1101 alia;
358 1074 477 1103 quorum
492 1065 601 1093 Sabbati
615 1065 687 1100 leges
698 1064 751 1091 vim
767 1069 932 1095 reverentes,
943 1063 991 1097 ju-

198 1116 334 1143 vabantur
348 1113 436 1148 magis
455 1117 484 1139 et
495 1112 704 1144 exaltabantur;
718 1110 818 1145 quibus
832 1108 990 1144 aprincipio

199 1161 317 1193 illatum,
339 1159 487 1186 multorum
509 1157 625 1184 aliorum
653 1164 768 1192 operum
790 1156 933 1191 complexu
962 1159 990 1181 et

199 1207 371 1235 exhibitione
387 1212 482 1233 earum
493 1211 555 1239 qua:
571 1203 598 1230 in
615 1203 682 1237 ipsis
692 1203 889 1238 separabantur
904 1201 989 1229 actio-

199 1262 276 1281 num.

238 1426 301 1454 Haec
315 1426 414 1461 quippe
424 1429 450 1452 et
468 1425 543 1455 talia.
556 1423 803 1460 transgressionem
813 1422 923 1450 Sabbati
940 1422 990 1448 im-

202 1471 384 1507 prudentibus
402 1470 504 1498 Judazis
528 1469 695 1497 mirabilium
721 1468 893 1503 operationes
905 1471 932 1494 et
946 1467 990 1494 in-

202 1519 368 1546 sanabilium
386 1517 545 1544 morborum
569 1515 740 1543 curationem
764 1513 989 1543 inclamantibus,

203 1565 330 1594 Salvator
343 1564 370 1591 in
389 1563 506 1591 tnedium
520 1562 643 1598 protulit,
657 1568 800 1596 opponens
822 1568 853 1588 ea
871 1567 931 1595 quae
944 1567 990 1587 su-

202 1619 251 1646 per
266 1617 420 1638 sermonem
433 1613 499 1636 sunt
510 1616 593 1643 opera
608 1607 772 1634 manui-actis
785 1606 951 1637 actionibus.
967 1609 995 1632 et

202 1656 351 1684 ostendens
369 1661 502 1691 quantum
520 1659 701 1688 utrorumque
717 1653 875 1680 discrimen.
892 1651 925 1678 Et
939 1659 993 1678 non

202 1707 261 1731 erat
281 1710 332 1730 nec
351 1701 556 1736 impudentibus
580 1707 679 1735 negare
698 1697 800 1726 Iudaeis
825 1699 909 1725 multo
926 1701 994 1724 ‘ma-

200 1749 271 1784 joris
287 1749 367 1784 pretii
387 1755 450 1775 esse
464 1751 492 1774 et
519 1746 701 1773 mirabiliores
716 1744 852 1774 salviﬁcas
873 1745 994 1771 actiones

202 1802 284 1830 quam
301 1794 438 1828 lignorum
454 1792 535 1820 casio
547 1796 574 1819 et
595 1792 718 1819 carnium
735 1789 834 1818 divisio
849 1794 876 1817 et
889 1798 904 1817 e
915 1789 994 1816 fovea

203 1844 230 1867 et
242 1844 323 1875 puteo
339 1839 399 1866 ovis
416 1842 444 1866 et
468 1838 546 1865 bovis
564 1837 708 1869 exlractio,
725 1840 752 1863 et
765 1843 937 1871 qua-cunque
950 1835 992 1862 Itis

202 1886 314 1917 similia,
327 1885 377 1913 etsi
400 1885 435 1912 ab
457 1884 541 1915 impio
561 1890 645 1911 sensu
662 1887 688 1909 et
712 1882 795 1908 Deum
817 1881 993 1916 impugnante

203 1940 257 1960 non
266 1932 440 1960 desisterent.
456 1929 524 1958 Vide
543 1935 635 1958 autem
648 1934 676 1957 tu
689 1928 992 1964 ineompreliensibilem

203 1978 251 2007 Dei
270 1979 432 2014 sapientiam
448 1982 475 2006 et
493 1977 659 2005 ineli'abilem
681 1975 902 2010 providentiam,
923 1982 994 2009 quo-

202 2026 284 2053 modo
307 2025 381 2060 quod
396 2024 511 2052 debebat
526 2023 726 2059 posterioribus
745 2022 914 2057 temporibus
934 2029 994 2048 om-

203 2072 269 2099 nino
283 2071 353 2099 solvi
369 2070 462 2106 gratiae
478 2071 622 2102 abolitum,
644 2070 728 2105 legem
757 2068 820 2096 dico
833 2089 839 2101 ,
856 2069 880 2095 vi
897 2074 924 2096 et
944 2067 994 2094 do-

1006 1549 1027 1577 ϐ

204 2122 305 2153 gmate,
315 2117 341 2144 id
354 2125 368 2144 a
382 2117 515 2151 principio
530 2117 669 2144 imluctum
679 2116 812 2143 etvietum
827 2117 994 2151 constringe-

203 2170 290 2197 retur,
316 2169 346 2192 ut
371 2165 527 2192 omnimoda
547 2165 653 2192 instans
677 2163 778 2191 solutio
799 2171 860 2190 eam
881 2171 942 2198 qua:
959 2171 991 2190 ex

203 2215 280 2246 parte
289 2215 315 2237 et
328 2218 390 2237 cum
403 2218 455 2245 qua
468 2217 612 2245 progressa
620 2214 664 2236 est
675 2209 716 2236 lex
727 2215 893 2244 proponens.
904 2216 992 2244 neque

203 2264 305 2285 novum
325 2264 410 2291 neque.
418 2257 585 2291 paradoxum
604 2255 718 2283 allatum
731 2255 812 2283 simul
823 2256 989 2287 ostenderet.

203 2302 250 2330 sed
265 2306 293 2328 et
305 2299 462 2328 Judaeorum
479 2299 660 2327 confunderet
672 2303 698 2326 et
710 2299 851 2326 obturaret
867 2298 992 2326 incredu-

203 2348 353 2380 litatem.et
362 2352 457 2375 contra
474 2347 559 2381 legem
572 2354 626 2373 non
642 2346 800 2381 intempore
813 2345 872 2372 zelo
884 2346 991 2378 mitam,

204 2395 283 2430 quasi
301 2401 356 2420 non
374 2401 446 2420 nunc
461 2392 519 2426 lege
529 2391 562 2419 ad
581 2391 744 2419 solutionem
761 2395 900 2428 vergente,
916 2392 963 2420 sed
977 2400 992 2419 a

203 2438 338 2475 principio
350 2446 412 2466 cum
431 2437 567 2466 solutione
579 2445 718 2472 progressa
733 2442 832 2464 etcum
858 2437 993 2465 solutione

203 2485 383 2516 consistente,
406 2482 595 2511 insolubilitati
609 2491 674 2510 vero
684 2490 735 2510 nec
748 2491 763 2510 a
780 2483 914 2519 principio
927 2484 993 2511 sub-

201 2531 286 2566 jecta.
302 2529 335 2557 Et
348 2537 402 2556 non
420 2529 508 2564 quoad
529 2529 586 2556 sola
602 2528 718 2556 Sabbata
738 2529 934 2564 legislationem
950 2537 994 2558 so-

205 2574 273 2602 lutio
291 2574 319 2602 in
337 2574 397 2602 suis
423 2574 508 2610 ipsius
527 2573 662 2601 limitibus
683 2574 812 2607 servavit,
831 2575 878 2602 sed
895 2578 922 2602 et
946 2583 994 2609 pro

206 2620 397 2655 adimpletionc
430 2620 568 2655 paschalis
592 2619 733 2648 deﬁnitum
762 2626 869 2656 tempus
900 2621 994 2648 distri-

206 2666 305 2698 buens,
321 2670 349 2693 et
368 2666 394 2693 in
410 2674 442 2694 ea
461 2674 522 2701 quae
542 2673 589 2701 per
606 2671 697 2701 partes
710 2670 752 2694 est
777 2666 995 2702 superpositione

206 2711 324 2739 actionis
342 2712 547 2740 universitatem
569 2712 711 2748 colligens.
727 2711 807 2740 Certe
823 2717 850 2740 et
864 2713 994 2748 templum

207 2765 292 2784 unum
308 2765 357 2792 pro
378 2757 521 2786 sacriﬁciis
553 2763 709 2793 separatum
732 2758 834 2793 ubique
854 2762 934 2786 terra:
954 2758 997 2786 di-

207 2803 309 2838 spersis
320 2802 420 2831 Judaris
432 2803 571 2831 victimant
589 2803 660 2831 haud
672 2803 840 2832 immolatam
855 2810 882 2832 et
902 2805 995 2840 ingra-

206 2852 262 2876 tam
281 2850 438 2878 omnimodo
449 2849 641 2885 praenuntiavit
657 2849 796 2885 futuram;
814 2852 865 2880 hoc
885 2852 995 2887 quidem

1043 248 1206 283 περιάγεται
1228 247 1354 283 νεύματι.
1379 246 1459 274 Ἀλλὰ
1473 247 1528 283 γὰρ
1541 248 1569 274 ὲν
1585 245 1626 279 οἷς
1647 247 1698 282 τὴν
1717 247 1772 274 τῶν
1786 249 1832 274 άν-

1042 293 1160 329 θρὼπων
1187 293 1327 329 ἐθεούργει
1355 292 1511 328 σωτηρίαν,
1536 293 1561 320 oi
1585 294 1648 325 τοὺς
1673 292 1833 328 ἀνθρώπους

1042 339 1278 374 παιδαγωγοῦντες
1293 340 1370 375 νόμοι
1381 337 1518 375 ἡσύχαζον
1531 348 1538 354 ·
1553 341 1682 374 κρεῖσσον
1699 340 1755 375 γὰρ
1766 337 1833 367 εἶναι

1042 386 1133 421 πολλῷ
1148 388 1196 422 τῆς
1212 386 1280 418 ιδίας
1291 384 1488 420 παιδαγωγίας,
1501 385 1567 412 αὐτὸ
1581 385 1610 411 τὸ
1626 385 1706 420 ἔργον
1719 385 1768 419 τῆς
1783 393 1835 411 σω-

1041 433 1138 468 τηρίας
1153 432 1291 458 συνίεσαν.
1312 431 1356 458 Ἐν
1369 429 1410 463 οἷς
1427 430 1449 457 δ’
1465 431 1515 457 οὑκ
1529 426 1563 465 ἦν
1580 430 1634 456 τῶν
1651 430 1742 464 νόμων
1755 431 1772 465 ἡ
1786 438 1835 464 φυ-

1041 477 1111 513 λακὴ
1122 477 1172 512 τὴν
1182 476 1405 512 θαυματουργίαν
1417 475 1630 511 ὑπερτιθεμένη,
1644 474 1705 501 οὐδὲ
1717 475 1766 510 τῆς
1781 474 1834 501 τῶν

1041 523 1192 560 ἀνθρώπων
1213 523 1349 558 σωτηρίας
1365 521 1599 556 κατολιγωροῦσα,
1618 520 1770 556 τηνικαῦτα
1788 520 1834 547 καὶ

1042 571 1120 597 αὐτοὶ
1134 569 1165 596 τὸ
1176 571 1277 596 οἰκεῖον
1296 568 1435 603 δικαίωμα
1459 569 1645 603 ἐπεγίνωσκον
1656 575 1663 582 ·
1692 567 1794 602 μᾶλλον
1812 567 1834 593 δ’

1041 617 1134 647 αὺτοῖς
1150 616 1194 642 ἀεὶ
1206 614 1458 650 συνδιασωζόμενον
1473 614 1598 650 ὑπῆρχεν
1614 613 1645 646 ὲξ
1655 611 1693 640 ὧν
1708 615 1723 640 ό
1738 615 1834 649 nam;

1041 663 1227 697 διεπράττετο.
1249 661 1306 688 Καὶ
1319 661 1374 697 γὰρ
1387 662 1403 697 ἡ
1418 661 1470 688 τῶν
1492 661 1582 695 νόμων
1597 660 1712 695 εἰσφορὰ
1726 660 1771 686 ὅτε
1788 659 1835 686 καὶ

1043 708 1143 744 μᾶλλον
1166 707 1310 738 ἀνθοῦντες
1323 707 1475 740 ἐφαίνοντο,
1492 706 1523 732 τὺ
1543 704 1704 738 ξυλοκοπεῖν
1718 707 1766 733 καὶ
1780 705 1836 741 πῦρ

1041 755 1173 781 ἀνάπτειν
1200 753 1247 780 καὶ
1273 752 1437 788 κρεανομεῖν
1463 750 1527 783 τοὺς
1559 752 1641 787 ἱερεῖς
1678 752 1728 786 οὐχ
1755 751 1835 784 ὕϐριν

1041 800 1158 835 ἡγοῦντο
1172 797 1232 826 οὑδὲ
1245 798 1293 832 τῆς
1305 797 1396 825 αὐτῶν
1409 795 1500 832 ίσχύος
1512 796 1671 832 καθαίρεσιν
1682 804 1689 811 ·
1703 795 1773 823 ἀλλὰ
1787 797 1834 822 καὶ

1041 845 1144 881 κόσμον
1158 843 1300 871 ἐποιοῦντο
1325 843 1372 870 καὶ
1390 841 1583 878 σεμνολόγημα
1603 841 1697 876 φέρειν
1720 840 1834 867 ἐκείνων

1007 875 1027 905 Β
1041 891 1076 918 τὰ
1090 875 1205 926 δεύτερα
1216 898 1223 905 ·
1238 890 1286 916 καὶ
1298 887 1361 924 βοῦν
1373 888 1402 915 δὲ
1418 875 1466 915 καὶ
1480 875 1631 914 δνονγλύειν
1642 875 1692 921 τῆς
1712 886 1833 921 φάτνης·

1040 937 1088 965 καὶ
1105 937 1224 972 ἀπάγειν
1240 935 1324 962 ¹ιιοτοῦ
1345 935 1491 969 μετασχεῖν
1502 935 1551 968 τῆς
1567 933 1634 965 ἰδίας
1652 933 1835 967 ἐπικρατείας

1039 981 1181 1009 ἀσθένειαν
1197 982 1247 1008 οὐκ
1264 980 1396 1012 ἐτίθεντο,
1407 980 1467 1006 οὐδὲ
1487 979 1674 1010 >.ύσιςάὑτοῖς
1691 977 1836 1014 ἐνομίζετο

1040 1028 1071 1055 τδ
1089 1027 1126 1063 μὴ
1146 1027 1193 1054 καὶ
1207 1026 1293 1054 ταῦτα
1312 1025 1450 1053 δουλεύειν
1462 1025 1500 1060 τῷ
1516 1024 1740 1060 παραγγέλματι.
1757 1023 1792 1050 Τί
1806 1024 1836 1050 δι

1040 1074 1081 1100 δεῖ
1094 1073 1185 1108 λέγειν
1199 1072 1335 1109 πρόϐατον
1352 1072 1465 1107 βοθύνου
1487 1070 1686 1106 ἁνασπώμενον
1703 1071 1751 1097 καὶ
1769 1069 1835 1105 βοῦν

1040 1121 1089 1148 καὶ
1104 1121 1160 1148 υἱὸν
1180 1119 1325 1155 ἀνθρώπου
1345 1119 1401 1146 τῶν
1424 1119 1551 1154 φρεάτων
1572 1117 1766 1153 ἀνιμώμενονσ
1786 1117 1836 1144 καὶ

1040 1167 1112 1194 πόσα
1127 1165 1239 1194 τοιαῦτα
1265 1166 1365 1202 supra;
1380 1162 1417 1192 ὧν
1434 1165 1458 1192 οί
1475 1165 1523 1192 τοῦ
1543 1164 1682 1192 Σαόδάτου
1704 1164 1786 1200 νόμοι
1805 1165 1836 1191 τὸ

1040 1213 1141 1249 κράτος
1151 1212 1383 1247 διευλαϐούμενοι,
1397 1211 1532 1247 ἠρκοῦντο
1545 1211 1645 1247 μᾶλλον
1657 1209 1705 1237 καὶ
1716 1209 1838 1245 ἐσεμνύ-

1040 1265 1133 1286 νοντο·
1156 1256 1196 1289 οἷς
1214 1257 1260 1284 ἀπ’
1283 1257 1370 1292 ἀρχῆς
1393 1255 1599 1291 εἰσφερόμενον,
1615 1253 1722 1281 πολλῶν
1745 1250 1838 1281 ἄλλων

1040 1304 1129 1340 ἔργων
1141 1305 1254 1339 περιοχῇ
1266 1307 1314 1330 καὶ
1325 1305 1357 1339 τῇ
1371 1300 1539 1330 διατυπώσει
1551 1301 1605 1328 τῶν
1624 1301 1652 1328 ὲν
1667 1299 1761 1333 αὐτοῖς
1783 1300 1838 1334 ἀφ.

1041 1350 1172 1386 ωρέζοντο
1188 1349 1325 1385 πράξεων.

1077 1425 1171 1452 Ταῦτα
1192 1425 1337 1461 τοιγαροῦν
1359 1425 1457 1452 καὶτὰ
1479 1424 1590 1452 τοιαῦτα
1611 1423 1770 1460 παράϐασιν
1787 1423 1839 1450 τοῦ

1041 1471 1181 1498 Σαὸὃάτου
1196 1471 1250 1498 τῶν
1265 1471 1432 1510 άγνωμόνων
1447 1471 1581 1498 Ἰουδαίων
1597 1471 1645 1502 τὰς
1659 1470 1841 1505 θαυματουρ-

1043 1517 1107 1551 γίας
1120 1526 1150 1543 τε
1164 1519 1211 1544 καὶ
1233 1517 1282 1552 τὴν
1296 1517 1350 1544 τῶν
1362 1518 1481 1544 ἀνιάτων
1504 1517 1590 1544 νόσων
1608 1516 1760 1552 θεραπείαν
1774 1517 1841 1542 ἔπι-

1043 1563 1198 1598 ϐοωμένων,
1212 1564 1226 1588 ὀ
1239 1563 1334 1598 Σωτὴρ
1345 1564 1385 1595 είς
1400 1563 1482 1598 μέσον
1498 1564 1668 1599 προήνεγκεν
1683 1564 1843 1597 ἀντιπαρα-

1043 1608 1127 1640 τιθεὶς
1135 1610 1168 1635 τὰ
1179 1609 1250 1645 ὑπὲρ
1258 1609 1336 1643 λόγον
1346 1609 1415 1646 ἔργα
1425 1611 1485 1641 ταῖς
1498 1609 1693 1644 χειροκμήτοις
1703 1608 1840 1644 πράξεσι,

1017 1685 1022 1695 κ
1043 1656 1092 1683 καὶ
1114 1656 1219 1688 δεικνὺς
1235 1657 1298 1683 ὅσον
1320 1657 1459 1692 ἑκατέρων
1482 1657 1513 1683 τὸ
1530 1657 1631 1692 μέσον’
1656 1657 1703 1683 καὶ
1728 1656 1781 1683 οὐκ
1807 1655 1844 1691 ἦν

1044 1701 1105 1728 οὐδὲ
1134 1703 1192 1731 τοῖς
1216 1701 1405 1736 ἀναισχύντοις
1433 1702 1606 1737 ὲξαρνεῖσθαι
1633 1701 1772 1734 Ἰουδαίοις
1803 1702 1843 1738 μὴ

1044 1748 1105 1783 οὐχὶ
1120 1747 1210 1783 πολλῷ
1221 1748 1389 1783 τιμιωτέρας
1402 1745 1471 1774 εἶναι
1486 1749 1532 1775 καὶ
1545 1748 1776 1784 θαυμασιωτέρας
1789 1748 1844 1780 τὰς

1045 1794 1196 1829 σωτηρίους
1220 1794 1333 1830 πράξεις
1358 1793 1519 1826 ξυλοκοπίας
1545 1803 1574 1820 τε
1596 1793 1643 1820 καὶ
1668 1795 1844 1830 κρεανομίας

1045 1840 1092 1867 καὶ
1106 1838 1205 1875 βόθρου
1220 1840 1266 1865 καὶ¹
1280 1840 1398 1874 φρέατος
1409 1840 1544 1875 πρόϐατον
1557 1840 1605 1866 καὶ
1620 1839 1684 1874 βοῦν
1698 1841 1844 1876 ἀνασπᾷν,

1044 1885 1091 1911 καὶ
1112 1885 1163 1911 ὅσα
1177 1884 1283 1916 τούτοις
1305 1884 1446 1920 ἐνάμιλλα,
1461 1885 1513 1911 κᾶν
1528 1884 1577 1920 τῆς
1596 1885 1749 1921 ἁσεΰούσης
1764 1887 1844 1920 γνώ·

1045 1939 1100 1966 μης
1121 1932 1168 1957 καὶ
1191 1931 1378 1966 θεομαχούσης
1406 1931 1436 1958 οὐ
1465 1931 1635 1966 μεθίσταντο.
1659 1932 1732 1967 Ὅρα
1747 1932 1778 1959 δὲ
1809 1934 1844 1960 σὺ

1044 1977 1094 2012 τὴν
1116 1977 1308 2012 ἀκατάληπτον
1325 1977 1372 2004 τοῦ
1396 1977 1464 2004 Θεοῦ
1486 1978 1583 2012 σοφίαν
1609 1979 1655 2005 καὶ
1678 1979 1845 2015 άπόρῤητον

1044 2025 1190 2061 πρόνοιανο
1208 2025 1281 2056 ὅπως
1305 2025 1374 2060 ὅπερ
1398 2025 1515 2062 ημελλεν
1532 2025 1655 2061 ὑστέροις
1673 2027 1784 2060 χρόνοις
1801 2028 1845 2058 εἰς

1043 2070 1073 2097 τὺ
1089 2071 1229 2102 παντελῶς
1242 2069 1369 2098 λελύσθαι
1383 2072 1422 2107 τῷ
1437 2072 1486 2107 τῆς
1500 2072 1609 2107 χάριτος
1621 2071 1844 2106 ὐπεξιστάμενον

1044 2117 1068 2151 (ὁ
1082 2117 1163 2152 νόμος
1175 2117 1259 2152 λέγω)
1274 2118 1369 2153 κράτει
1379 2118 1426 2150 καὶ
1442 2118 1569 2154 δόγματι,
1582 2118 1662 2146 τοῦτο
1673 2120 1734 2146 κατ’
1748 2121 1844 2155 ἀρχὰς

1044 2164 1222 2200 εἰσαγόμενον
1242 2164 1289 2191 καὶ
1302 2165 1502 2200 κρατυνόμενον
1523 2165 1730 2200 συνεσφίγγετο,
1751 2166 1792 2198 ὡς
1808 2166 1845 2193 ἃν

1007 2227 1029 2255 Β
1045 2210 1060 2255 η
1075 2210 1210 2243 παντελὴς
1229 2211 1365 2238 ἐπιστᾶσα
1379 2210 1457 2242 λύσις
1473 2210 1521 2246 τὴν
1535 2211 1582 2236 ἐπὶ
1599 2210 1699 2246 μέρους
1712 2211 1762 2237 καὶ
1778 2212 1845 2246 μεθ’

1043 2251 1077 2291 ἧς
1092 2255 1227 2290 προῆλθεν
1249 2256 1263 2283 ὁ
1286 2256 1367 2291 νόμος
1393 2255 1611 2292 προϐαλλομένη.
1636 2256 1713 2282 οὐδὲν
1742 2257 1846 2284 καινὴν

1042 2301 1103 2328 οὑδὲ
1118 2301 1270 2336 παράδοξον
1281 2301 1311 2328 τὺ
1326 2301 1485 2337 συνενεχθὲν
1513 2302 1672 2334 ἐπιδείξειεν
1684 2310 1692 2318 ’
1706 2302 1778 2330 ἀλλὰ
1792 2304 1846 2331 καὶ

1042 2347 1096 2374 τῶν
1116 2347 1250 2374 Ἰουδαίων
1271 2347 1439 2383 καταισχύνῃ
1462 2348 1509 2374 καὶ
1530 2347 1696 2384 ἐπιστομίσῃ
1709 2348 1742 2375 τὸ
1757 2350 1847 2376 ἀπει-

1043 2392 1100 2425 θὲς,
1116 2393 1163 2420 καὶ
1179 2393 1253 2428 παρὰ
1266 2394 1312 2420 τδν
1332 2395 1414 2428 νόμον
1425 2394 1474 2421 οὐκ
1494 2395 1522 2421 ἐν
1547 2393 1635 2430 καιρῷ
1650 2395 1845 2429 περισπούδα-

1044 2448 1116 2472 στον,
1139 2438 1177 2471 ὡς
1196 2439 1226 2466 οὐ
1248 2438 1295 2466 νῦν
1308 2440 1354 2467 τοῦ
1377 2441 1460 2476 νόμου
1487 2441 1555 2475 πρὸς
1577 2440 1652 2467 λύσιν
1670 2440 1846 2476 χωροῦντος.

1043 2485 1101 2513 ἀλλ’
1114 2485 1161 2512 ἀπ’
1174 2486 1261 2520 ἀρχῆς
1280 2486 1350 2521 μετὰ
1365 2486 1469 2518 λύσεως
1485 2486 1711 2522 προεληλυθότος,
1726 2488 1776 2514 καὶ
1792 2488 1846 2514 λύ-

1044 2540 1085 2558 σει
1107 2531 1156 2567 μὲν
1170 2532 1378 2567 συνισταμένου,
1392 2533 1430 2567 τῷ
1445 2533 1536 2568 ἀλύτῳ
1548 2533 1576 2559 δὲ
1596 2533 1663 2568 μηδὲ
1681 2534 1733 2568 τὴν
1748 2535 1847 2569 ἀρχὴν

1044 2577 1230 2612 ὑφισταμένου
1242 2587 1249 2594 ·
1266 2578 1311 2604 καὶ
1326 2579 1376 2605 οὐκ
1391 2579 1438 2605 ἐπὶ
1453 2579 1542 2614 μόνων
1556 2578 1610 2606 τῶν
1625 2579 1776 2606 Σασεάτων
1791 2582 1847 2616 τὴν

1045 2622 1205 2658 νομοθεσίαν
1220 2625 1236 2660 ἡ
1250 2623 1326 2656 λύσις
1343 2626 1373 2651 ὲν
1386 2627 1442 2656 τοῖς
1457 2625 1557 2660 ἑαυτῆς
1567 2626 1640 2661 ὅροις
1656 2625 1847 2662 περιέσωζεν,

1044 2669 1113 2697 ἀλλὰ
1130 2670 1177 2697 καὶ
1191 2670 1237 2697 ἐπὶ
1252 2670 1301 2706 τῆς
1313 2671 1424 2706 τελετῆς
1438 2671 1486 2698 τοῦ
1502 2671 1595 2707 πάσχα
1612 2671 1658 2698 τὸν
1682 2672 1849 2707 ὡρισμένου

1045 2716 1140 2752 καιρὸν
1167 2716 1376 2754 ιπιμερίζουσα,
1393 2718 1442 2745 καὶ
1458 2719 1487 2745 ἐν
1512 2720 1545 2753 τῇ
1562 2719 1633 2745 κατὰ
1651 2718 1734 2754 μέρος
1752 2719 1849 2756 ὑπερ-

1046 2760 1118 2788 θέσει
1133 2761 1181 2797 τὴν
1199 2763 1248 2798 τῆς
1274 2763 1400 2798 πράξεως
1414 2764 1576 2800 ὁλοκληρίαν
1598 2765 1765 2798 συνάγουσα.
1785 2766 1848 2793 Ναὶ

1045 2807 1078 2844 δὴ
1092 2808 1140 2834 καὶ
1154 2809 1217 2841 ναὸς
1236 2806 1276 2841 εἷς
1301 2809 1348 2836 ἐπὶ
1365 2811 1425 2843 ταῖς
1442 2810 1549 2843 θυσίαις
1567 2811 1765 2848 ἀφοριζόμενος
1785 2814 1849 2844 τοῖς

1047 2855 1200 2890 πανταχόσε
1217 2855 1269 2891 γῆς
1285 2855 1497 2892 διεσπαρμένοις
1518 2857 1656 2890 Ἰουδαίοις
1676 2858 1727 2894 τῂν
1743 2858 1850 2887 Θυσίαν
