  <div class='ocr_page' id='page_1' title='image "/cluster/home/n/w/nwhite01/storage/ocr_20150623/101/njp.32101077772877/280.png"; bbox 0 0 1880 3057; ppageno 0'>
   <div class='ocr_carea' id='block_1_1' title="bbox 81 162 137 194">
    <p class='ocr_par' dir='ltr' id='par_1_1' title="bbox 81 162 137 194">
     <span class='ocr_line' id='line_1_1' title="bbox 81 162 137 194; baseline 0.018 -1"><span class='ocrx_word' id='word_1_1' title='bbox 81 162 137 194; x_wconf 77' lang='grc'><strong>413</strong></span> 
     </span>
    </p>
   </div>
   <div class='ocr_carea' id='block_1_2' title="bbox 583 160 1210 200">
    <p class='ocr_par' dir='ltr' id='par_1_2' title="bbox 583 160 1210 200">
     <span class='ocr_line' id='line_1_2' title="bbox 583 160 1210 200; baseline 0.002 -6"><span class='ocrx_word' id='word_1_2' title='bbox 583 164 630 194; x_wconf 79' lang='grc' dir='ltr'><strong>ΑΙ)</strong></span> <span class='ocrx_word' id='word_1_3' title='bbox 643 160 943 194; x_wconf 81' lang='lat' dir='ltr'><strong>AMPHILOCHIUM</strong></span> <span class='ocrx_word' id='word_1_4' title='bbox 958 162 1130 200; x_wconf 66' lang='lat' dir='ltr'><strong>QUAZSTIO</strong></span> <span class='ocrx_word' id='word_1_5' title='bbox 1149 165 1210 195; x_wconf 83' lang='lat' dir='ltr'><strong>LX.</strong></span> 
     </span>
    </p>
   </div>
   <div class='ocr_carea' id='block_1_3' title="bbox 1662 167 1714 199">
    <p class='ocr_par' dir='ltr' id='par_1_3' title="bbox 1662 167 1714 199">
     <span class='ocr_line' id='line_1_3' title="bbox 1662 167 1714 199; baseline 0 -1"><span class='ocrx_word' id='word_1_6' title='bbox 1662 167 1714 199; x_wconf 71' lang='grc'><strong>414</strong></span> 
     </span>
    </p>
   </div>
   <div class='ocr_carea' id='block_1_4' title="bbox 79 218 873 258">
    <p class='ocr_par' dir='ltr' id='par_1_4' title="bbox 79 218 873 255">
     <span class='ocr_line' id='line_1_4' title="bbox 79 218 873 255; baseline 0.001 -10"><span class='ocrx_word' id='word_1_7' title='bbox 79 218 182 246; x_wconf 75' lang='grc' dir='ltr'>ἄθυτον</span> <span class='ocrx_word' id='word_1_8' title='bbox 196 218 244 246; x_wconf 79' lang='grc' dir='ltr'><strong>καὶ</strong></span> <span class='ocrx_word' id='word_1_9' title='bbox 255 218 451 255; x_wconf 75' lang='grc' dir='ltr'>ἁκαλλιέρητον</span> <span class='ocrx_word' id='word_1_10' title='bbox 469 219 552 246; x_wconf 76' lang='grc' dir='ltr'>παντὶ</span> <span class='ocrx_word' id='word_1_11' title='bbox 570 219 664 255; x_wconf 84' lang='grc' dir='ltr'>τρόπῳ</span> <span class='ocrx_word' id='word_1_12' title='bbox 678 219 873 255; x_wconf 78' lang='grc' dir='ltr'>προεθέσπιςεν</span> 
     </span>
    </p>
   </div>
   <div class='ocr_carea' id='block_1_5' title="bbox 961 218 1713 258">
    <p class='ocr_par' dir='ltr' id='par_1_5' title="bbox 965 219 1713 258">
     <span class='ocr_line' id='line_1_5' title="bbox 965 219 1713 258; baseline 0.005 -12"><span class='ocrx_word' id='word_1_13' title='bbox 965 226 991 246; x_wconf 88' lang='lat' dir='ltr'><strong>m</strong></span> <span class='ocrx_word' id='word_1_14' title='bbox 1015 226 1070 246; x_wconf 87' lang='lat' dir='ltr'><strong>non</strong></span> <span class='ocrx_word' id='word_1_15' title='bbox 1086 224 1198 254; x_wconf 81' lang='lat' dir='ltr'><strong>possent</strong></span> <span class='ocrx_word' id='word_1_16' title='bbox 1217 219 1340 256; x_wconf 85' lang='lat' dir='ltr'><strong>undique</strong></span> <span class='ocrx_word' id='word_1_17' title='bbox 1351 228 1448 249; x_wconf 84' lang='lat' dir='ltr'><strong>omnes</strong></span> <span class='ocrx_word' id='word_1_18' title='bbox 1462 220 1489 249; x_wconf 89' lang='lat' dir='ltr'><strong>ln</strong></span> <span class='ocrx_word' id='word_1_19' title='bbox 1501 221 1572 250; x_wconf 88' lang='lat' dir='ltr'><strong>idem</strong></span> <span class='ocrx_word' id='word_1_20' title='bbox 1582 223 1713 258; x_wconf 79' lang='lat' dir='ltr'><strong>templum</strong></span> 
     </span>
    </p>
   </div>
   <div class='ocr_carea' id='block_1_6' title="bbox 79 264 876 301">
    <p class='ocr_par' dir='ltr' id='par_1_6' title="bbox 79 264 876 301">
     <span class='ocr_line' id='line_1_6' title="bbox 79 264 876 301; baseline -0.003 -9"><span class='ocrx_word' id='word_1_21' title='bbox 79 265 208 292; x_wconf 74' lang='grc' dir='ltr'>ισεσθαι·</span> <span class='ocrx_word' id='word_1_22' title='bbox 225 264 306 291; x_wconf 80' lang='grc' dir='ltr'>τοῦτο</span> <span class='ocrx_word' id='word_1_23' title='bbox 322 265 371 301; x_wconf 76' lang='grc' dir='ltr'>μὲν</span> <span class='ocrx_word' id='word_1_24' title='bbox 390 264 429 300; x_wconf 84' lang='grc' dir='ltr'>μὴ</span> <span class='ocrx_word' id='word_1_25' title='bbox 447 264 603 300; x_wconf 78' lang='grc' dir='ltr'><strong>δυναμένων</strong></span> <span class='ocrx_word' id='word_1_26' title='bbox 622 264 793 300; x_wconf 78' lang='grc' dir='ltr'><strong>πανταχόθεν</strong></span> <span class='ocrx_word' id='word_1_27' title='bbox 808 264 876 290; x_wconf 83' lang='grc' dir='ltr'>πάν-</span> 
     </span>
    </p>
   </div>
   <div class='ocr_carea' id='block_1_7' title="bbox 80 309 874 345">
    <p class='ocr_par' dir='ltr' id='par_1_7' title="bbox 80 309 874 345">
     <span class='ocr_line' id='line_1_7' title="bbox 80 309 874 345; baseline -0.004 -7"><span class='ocrx_word' id='word_1_28' title='bbox 80 320 137 338; x_wconf 72' lang='grc' dir='ltr'><strong>των</strong></span> <span class='ocrx_word' id='word_1_29' title='bbox 160 312 202 342; x_wconf 81' lang='grc' dir='ltr'><strong>είς</strong></span> <span class='ocrx_word' id='word_1_30' title='bbox 223 311 269 337; x_wconf 83' lang='grc' dir='ltr'><strong>τὺν</strong></span> <span class='ocrx_word' id='word_1_31' title='bbox 287 310 369 337; x_wconf 79' lang='grc' dir='ltr'>αὑτὸν</span> <span class='ocrx_word' id='word_1_32' title='bbox 395 310 463 336; x_wconf 89' lang='grc' dir='ltr'>νεὼν</span> <span class='ocrx_word' id='word_1_33' title='bbox 477 309 511 336; x_wconf 85' lang='grc' dir='ltr'><strong>δι’</strong></span> <span class='ocrx_word' id='word_1_34' title='bbox 538 309 614 342; x_wconf 71' lang='grc' dir='ltr'>ἔτους</span> <span class='ocrx_word' id='word_1_35' title='bbox 639 309 874 345; x_wconf 76' lang='grc' dir='ltr'><strong>συναθροίζεσθαι,</strong></span> 
     </span>
    </p>
   </div>
   <div class='ocr_carea' id='block_1_8' title="bbox 79 355 875 392">
    <p class='ocr_par' dir='ltr' id='par_1_8' title="bbox 79 355 875 392">
     <span class='ocr_line' id='line_1_8' title="bbox 79 355 875 392; baseline -0.005 -7"><span class='ocrx_word' id='word_1_36' title='bbox 79 358 162 385; x_wconf 83' lang='grc' dir='ltr'>τοῦτο</span> <span class='ocrx_word' id='word_1_37' title='bbox 174 358 203 384; x_wconf 73' lang='grc' dir='ltr'>δὲ</span> <span class='ocrx_word' id='word_1_38' title='bbox 222 358 270 384; x_wconf 82' lang='grc' dir='ltr'>καὶ</span> <span class='ocrx_word' id='word_1_39' title='bbox 286 357 334 383; x_wconf 84' lang='grc' dir='ltr'><strong>τοῦ</strong></span> <span class='ocrx_word' id='word_1_40' title='bbox 350 355 416 383; x_wconf 79' lang='grc' dir='ltr'>ναοῦ</span> <span class='ocrx_word' id='word_1_41' title='bbox 433 356 463 382; x_wconf 86' lang='grc' dir='ltr'>οὑ</span> <span class='ocrx_word' id='word_1_42' title='bbox 480 356 551 391; x_wconf 76' lang='grc' dir='ltr'>μετὰ</span> <span class='ocrx_word' id='word_1_43' title='bbox 569 356 653 382; x_wconf 85' lang='grc' dir='ltr'>πολὺν</span> <span class='ocrx_word' id='word_1_44' title='bbox 674 356 770 392; x_wconf 92' lang='grc' dir='ltr'>χρόνον</span> <span class='ocrx_word' id='word_1_45' title='bbox 796 355 875 381; x_wconf 89' lang='grc' dir='ltr'>πολε-</span> 
     </span>
    </p>
   </div>
   <div class='ocr_carea' id='block_1_9' title="bbox 81 401 875 441">
    <p class='ocr_par' dir='ltr' id='par_1_9' title="bbox 81 401 875 441">
     <span class='ocr_line' id='line_1_9' title="bbox 81 401 875 441; baseline -0.006 -9"><span class='ocrx_word' id='word_1_46' title='bbox 81 407 162 441; x_wconf 83' lang='grc' dir='ltr'>μίαις</span> <span class='ocrx_word' id='word_1_47' title='bbox 181 405 274 440; x_wconf 77' lang='grc' dir='ltr'>χερσὶν</span> <span class='ocrx_word' id='word_1_48' title='bbox 291 403 492 438; x_wconf 79' lang='grc' dir='ltr'><strong>ἀνατρέπεσθαι</strong></span> <span class='ocrx_word' id='word_1_49' title='bbox 515 403 659 438; x_wconf 79' lang='grc' dir='ltr'>μέλλοντος</span> <span class='ocrx_word' id='word_1_50' title='bbox 670 411 677 418; x_wconf 90' lang='grc'>·</span> <span class='ocrx_word' id='word_1_51' title='bbox 700 403 746 428; x_wconf 82' lang='grc' dir='ltr'>καὶ</span> <span class='ocrx_word' id='word_1_52' title='bbox 762 401 809 428; x_wconf 73' lang='grc' dir='ltr'><strong>ἐπὶ</strong></span> <span class='ocrx_word' id='word_1_53' title='bbox 823 411 875 437; x_wconf 81' lang='grc' dir='ltr'>μυ-</span> 
     </span>
    </p>
   </div>
   <div class='ocr_carea' id='block_1_10' title="bbox 81 447 876 488">
    <p class='ocr_par' dir='ltr' id='par_1_10' title="bbox 81 447 876 488">
     <span class='ocr_line' id='line_1_10' title="bbox 81 447 876 488; baseline -0.009 -8"><span class='ocrx_word' id='word_1_54' title='bbox 81 453 151 488; x_wconf 79' lang='grc' dir='ltr'>ρίων</span> <span class='ocrx_word' id='word_1_55' title='bbox 164 451 253 479; x_wconf 76' lang='grc' dir='ltr'>ἄλλων</span> <span class='ocrx_word' id='word_1_56' title='bbox 271 450 311 482; x_wconf 85' lang='grc' dir='ltr'>ὠς</span> <span class='ocrx_word' id='word_1_57' title='bbox 326 447 495 485; x_wconf 71' lang='grc' dir='ltr'>πανταχόθεν</span> <span class='ocrx_word' id='word_1_58' title='bbox 516 449 566 484; x_wconf 79' lang='grc' dir='ltr'>τὴν</span> <span class='ocrx_word' id='word_1_59' title='bbox 581 448 701 476; x_wconf 81' lang='grc' dir='ltr'>παλαιὰν</span> <span class='ocrx_word' id='word_1_60' title='bbox 716 447 876 484; x_wconf 78' lang='grc' dir='ltr'>νομοθεσίαν</span> 
     </span>
    </p>
   </div>
   <div class='ocr_carea' id='block_1_11' title="bbox 79 496 875 532">
    <p class='ocr_par' dir='ltr' id='par_1_11' title="bbox 79 496 875 532">
     <span class='ocr_line' id='line_1_11' title="bbox 79 496 875 532; baseline -0.006 -5"><span class='ocrx_word' id='word_1_61' title='bbox 79 499 154 529; x_wconf 79' lang='grc' dir='ltr'>εἶναι</span> <span class='ocrx_word' id='word_1_62' title='bbox 167 500 283 527; x_wconf 78' lang='grc' dir='ltr'>συνιδεῖν</span> <span class='ocrx_word' id='word_1_63' title='bbox 304 500 343 530; x_wconf 83' lang='grc' dir='ltr'>εις</span> <span class='ocrx_word' id='word_1_64' title='bbox 356 498 432 530; x_wconf 85' lang='grc' dir='ltr'>τέλος</span> <span class='ocrx_word' id='word_1_65' title='bbox 447 496 699 532; x_wconf 81' lang='grc' dir='ltr'>παλαιωθήσεσθαι,</span> <span class='ocrx_word' id='word_1_66' title='bbox 712 497 758 523; x_wconf 75' lang='grc' dir='ltr'>ἅτε</span> <span class='ocrx_word' id='word_1_67' title='bbox 776 496 809 532; x_wconf 79' lang='grc' dir='ltr'><strong>δὴ</strong></span> <span class='ocrx_word' id='word_1_68' title='bbox 822 496 875 522; x_wconf 84' lang='grc' dir='ltr'>τῶν</span> 
     </span>
    </p>
   </div>
   <div class='ocr_carea' id='block_1_12' title="bbox 81 540 874 578">
    <p class='ocr_par' dir='ltr' id='par_1_12' title="bbox 81 540 874 578">
     <span class='ocr_line' id='line_1_12' title="bbox 81 540 874 578; baseline -0.01 -5"><span class='ocrx_word' id='word_1_69' title='bbox 81 545 272 573; x_wconf 84' lang='grc' dir='ltr'>συνιστώντων</span> <span class='ocrx_word' id='word_1_70' title='bbox 294 543 378 578; x_wconf 79' lang='grc' dir='ltr'>αὐτὴν</span> <span class='ocrx_word' id='word_1_71' title='bbox 403 542 546 578; x_wconf 75' lang='grc' dir='ltr'>συμϐόλων</span> <span class='ocrx_word' id='word_1_72' title='bbox 563 540 643 567; x_wconf 83' lang='grc' dir='ltr'>τοῦτο</span> <span class='ocrx_word' id='word_1_73' title='bbox 665 548 874 576; x_wconf 87' lang='grc' dir='ltr'>προανακηρυτ-</span> 
     </span>
    </p>
   </div>
   <div class='ocr_carea' id='block_1_13' title="bbox 78 584 875 624">
    <p class='ocr_par' dir='ltr' id='par_1_13' title="bbox 78 584 875 624">
     <span class='ocr_line' id='line_1_13' title="bbox 78 584 875 624; baseline -0.011 -5"><span class='ocrx_word' id='word_1_74' title='bbox 78 593 183 619; x_wconf 79' lang='grc' dir='ltr'>τόντων</span> <span class='ocrx_word' id='word_1_75' title='bbox 208 590 255 617; x_wconf 73' lang='grc' dir='ltr'>καὶ</span> <span class='ocrx_word' id='word_1_76' title='bbox 277 587 583 624; x_wconf 87' lang='grc' dir='ltr'>προκαταγγελλόντων,</span> <span class='ocrx_word' id='word_1_77' title='bbox 607 586 636 613; x_wconf 86' lang='grc' dir='ltr'>οὐ</span> <span class='ocrx_word' id='word_1_78' title='bbox 661 585 751 619; x_wconf 85' lang='grc' dir='ltr'><strong>λόγοις</strong></span> <span class='ocrx_word' id='word_1_79' title='bbox 774 584 875 620; x_wconf 80' lang='grc' dir='ltr'>μᾶλλον</span> 
     </span>
    </p>
   </div>
   <div class='ocr_carea' id='block_1_14' title="bbox 79 630 874 670">
    <p class='ocr_par' dir='ltr' id='par_1_14' title="bbox 79 630 874 670">
     <span class='ocr_line' id='line_1_14' title="bbox 79 630 874 670; baseline -0.013 -4"><span class='ocrx_word' id='word_1_80' title='bbox 79 638 140 665; x_wconf 76' lang='grc' dir='ltr'>ἀλλ’</span> <span class='ocrx_word' id='word_1_81' title='bbox 151 637 248 668; x_wconf 87' lang='grc' dir='ltr'>αὐταῖς</span> <span class='ocrx_word' id='word_1_82' title='bbox 269 634 413 670; x_wconf 71' lang='grc' dir='ltr'><strong>ἐργασίαις</strong></span> <span class='ocrx_word' id='word_1_83' title='bbox 431 633 479 660; x_wconf 77' lang='grc' dir='ltr'>καὶ</span> <span class='ocrx_word' id='word_1_84' title='bbox 496 631 626 668; x_wconf 79' lang='grc' dir='ltr'>πράξεσι·</span> <span class='ocrx_word' id='word_1_85' title='bbox 643 633 690 658; x_wconf 83' lang='grc' dir='ltr'>καὶ</span> <span class='ocrx_word' id='word_1_86' title='bbox 703 631 735 667; x_wconf 82' lang='grc' dir='ltr'><strong>δὴ</strong></span> <span class='ocrx_word' id='word_1_87' title='bbox 755 630 802 657; x_wconf 79' lang='grc' dir='ltr'>καὶ</span> <span class='ocrx_word' id='word_1_88' title='bbox 816 630 874 657; x_wconf 79' lang='grc' dir='ltr'>ἐτέ-</span> 
     </span>
    </p>
   </div>
   <div class='ocr_carea' id='block_1_15' title="bbox 80 676 875 720">
    <p class='ocr_par' dir='ltr' id='par_1_15' title="bbox 80 676 875 720">
     <span class='ocr_line' id='line_1_15' title="bbox 80 676 875 720; baseline -0.01 -10"><span class='ocrx_word' id='word_1_89' title='bbox 80 693 133 720; x_wconf 84' lang='grc' dir='ltr'><strong>ρας</strong></span> <span class='ocrx_word' id='word_1_90' title='bbox 154 682 294 713; x_wconf 82' lang='grc' dir='ltr'>πολιτείας</span> <span class='ocrx_word' id='word_1_91' title='bbox 307 679 480 716; x_wconf 69' lang='grc' dir='ltr'><strong>ὑψηλοτέρας</strong></span> <span class='ocrx_word' id='word_1_92' title='bbox 499 686 529 705; x_wconf 83' lang='grc' dir='ltr'>τι</span> <span class='ocrx_word' id='word_1_93' title='bbox 550 677 598 705; x_wconf 76' lang='grc' dir='ltr'>καὶ</span> <span class='ocrx_word' id='word_1_94' title='bbox 615 677 755 712; x_wconf 82' lang='grc' dir='ltr'>θειοτέρας</span> <span class='ocrx_word' id='word_1_95' title='bbox 767 676 816 703; x_wconf 70' lang='grc' dir='ltr'>καὶ</span> <span class='ocrx_word' id='word_1_96' title='bbox 829 676 875 703; x_wconf 87' lang='grc' dir='ltr'><strong>λύ-</strong></span> 
     </span>
    </p>
   </div>
   <div class='ocr_carea' id='block_1_16' title="bbox 81 722 874 762">
    <p class='ocr_par' dir='ltr' id='par_1_16' title="bbox 81 722 874 762">
     <span class='ocr_line' id='line_1_16' title="bbox 81 722 874 762; baseline -0.013 -4"><span class='ocrx_word' id='word_1_97' title='bbox 81 739 127 758; x_wconf 86' lang='grc' dir='ltr'><strong>σιν</strong></span> <span class='ocrx_word' id='word_1_98' title='bbox 142 730 194 757; x_wconf 77' lang='grc' dir='ltr'>οὐκ</span> <span class='ocrx_word' id='word_1_99' title='bbox 206 726 402 762; x_wconf 79' lang='grc' dir='ltr'><strong>ἐπιδεχομένης</strong></span> <span class='ocrx_word' id='word_1_100' title='bbox 418 724 561 760; x_wconf 84' lang='grc' dir='ltr'>προοίμιον</span> <span class='ocrx_word' id='word_1_101' title='bbox 576 723 623 750; x_wconf 78' lang='grc' dir='ltr'><strong>ἀπ’</strong></span> <span class='ocrx_word' id='word_1_102' title='bbox 642 723 730 758; x_wconf 76' lang='grc' dir='ltr'>ἀρχῆς</span> <span class='ocrx_word' id='word_1_103' title='bbox 746 722 793 749; x_wconf 74' lang='grc' dir='ltr'>καὶ</span> <span class='ocrx_word' id='word_1_104' title='bbox 806 731 874 758; x_wconf 90' lang='grc' dir='ltr'>προ-</span> 
     </span>
    </p>
   </div>
   <div class='ocr_carea' id='block_1_17' title="bbox 77 768 874 812">
    <p class='ocr_par' dir='ltr' id='par_1_17' title="bbox 77 768 874 812">
     <span class='ocr_line' id='line_1_17' title="bbox 77 768 874 812; baseline -0.013 -8"><span class='ocrx_word' id='word_1_105' title='bbox 77 777 232 812; x_wconf 79' lang='grc' dir='ltr'>γύμνασμα</span> <span class='ocrx_word' id='word_1_106' title='bbox 254 769 421 808; x_wconf 82' lang='grc' dir='ltr'>γεγενῆσθαι</span> <span class='ocrx_word' id='word_1_107' title='bbox 435 770 548 806; x_wconf 83' lang='grc' dir='ltr'>ταύτην,</span> <span class='ocrx_word' id='word_1_108' title='bbox 567 769 600 796; x_wconf 82' lang='grc' dir='ltr'><strong>δι’</strong></span> <span class='ocrx_word' id='word_1_109' title='bbox 613 769 646 795; x_wconf 66' lang='grc' dir='ltr'><strong>ἦν</strong></span> <span class='ocrx_word' id='word_1_110' title='bbox 666 768 735 800; x_wconf 81' lang='grc' dir='ltr'>ὅλως</span> <span class='ocrx_word' id='word_1_111' title='bbox 755 769 803 795; x_wconf 78' lang='grc' dir='ltr'><strong>καὶ</strong></span> <span class='ocrx_word' id='word_1_112' title='bbox 823 768 874 804; x_wconf 86' lang='grc' dir='ltr'>τῆς</span> 
     </span>
    </p>
   </div>
   <div class='ocr_carea' id='block_1_18' title="bbox 76 818 522 856">
    <p class='ocr_par' dir='ltr' id='par_1_18' title="bbox 76 818 522 856">
     <span class='ocr_line' id='line_1_18' title="bbox 76 818 522 856; baseline -0.018 -5"><span class='ocrx_word' id='word_1_113' title='bbox 76 822 226 856; x_wconf 74' lang='grc' dir='ltr'>ἱπικαίρου</span> <span class='ocrx_word' id='word_1_114' title='bbox 246 820 360 855; x_wconf 81' lang='grc' dir='ltr'><strong>μετέσχε</strong></span> <span class='ocrx_word' id='word_1_115' title='bbox 377 818 522 853; x_wconf 80' lang='grc' dir='ltr'>γενέσεως.</span> 
     </span>
    </p>
   </div>
   <div class='ocr_carea' id='block_1_19' title="bbox 120 859 873 901">
    <p class='ocr_par' dir='ltr' id='par_1_19' title="bbox 120 859 873 901">
     <span class='ocr_line' id='line_1_19' title="bbox 120 859 873 901; baseline -0.013 -5"><span class='ocrx_word' id='word_1_116' title='bbox 120 870 152 896; x_wconf 89' lang='lat'><strong>&#39;0</strong></span> <span class='ocrx_word' id='word_1_117' title='bbox 165 869 195 895; x_wconf 76' lang='grc' dir='ltr'><strong>δὲ</strong></span> <span class='ocrx_word' id='word_1_118' title='bbox 208 867 305 901; x_wconf 80' lang='grc' dir='ltr'>Σωτὴρ</span> <span class='ocrx_word' id='word_1_119' title='bbox 315 864 393 900; x_wconf 74' lang='grc' dir='ltr'>ἡμῶν</span> <span class='ocrx_word' id='word_1_120' title='bbox 403 864 448 891; x_wconf 79' lang='grc' dir='ltr'>διά</span> <span class='ocrx_word' id='word_1_121' title='bbox 462 871 491 889; x_wconf 87' lang='grc' dir='ltr'><strong>τε</strong></span> <span class='ocrx_word' id='word_1_122' title='bbox 502 862 589 889; x_wconf 84' lang='grc' dir='ltr'>ταῦτα</span> <span class='ocrx_word' id='word_1_123' title='bbox 601 862 656 896; x_wconf 78' lang='grc' dir='ltr'><strong>ἁφῇ</strong></span> <span class='ocrx_word' id='word_1_124' title='bbox 669 860 814 896; x_wconf 83' lang='grc' dir='ltr'>θεραπεύει</span> <span class='ocrx_word' id='word_1_125' title='bbox 827 859 873 886; x_wconf 81' lang='grc' dir='ltr'><strong>τὸν</strong></span> 
     </span>
    </p>
   </div>
   <div class='ocr_carea' id='block_1_20' title="bbox 927 266 1714 304">
    <p class='ocr_par' dir='ltr' id='par_1_20' title="bbox 927 266 1714 304">
     <span class='ocr_line' id='line_1_20' title="bbox 927 266 1714 304; baseline 0.008 -13"><span class='ocrx_word' id='word_1_126' title='bbox 927 272 976 299; x_wconf 91' lang='lat' dir='ltr'><strong>per</strong></span> <span class='ocrx_word' id='word_1_127' title='bbox 998 272 1100 292; x_wconf 85' lang='lat' dir='ltr'><strong>annum</strong></span> <span class='ocrx_word' id='word_1_128' title='bbox 1114 266 1302 302; x_wconf 68' lang='lat' dir='ltr'><strong>,congregari;</strong></span> <span class='ocrx_word' id='word_1_129' title='bbox 1326 267 1373 294; x_wconf 93' lang='lat' dir='ltr'><strong>illo</strong></span> <span class='ocrx_word' id='word_1_130' title='bbox 1401 275 1467 295; x_wconf 90' lang='lat' dir='ltr'><strong>vero</strong></span> <span class='ocrx_word' id='word_1_131' title='bbox 1487 268 1560 303; x_wconf 88' lang='lat' dir='ltr'><strong>quod</strong></span> <span class='ocrx_word' id='word_1_132' title='bbox 1584 269 1714 304; x_wconf 84' lang='lat' dir='ltr'><strong>templum</strong></span> 
     </span>
    </p>
   </div>
   <div class='ocr_carea' id='block_1_21' title="bbox 927 310 1716 346">
    <p class='ocr_par' dir='ltr' id='par_1_21' title="bbox 927 310 1716 346">
     <span class='ocr_line' id='line_1_21' title="bbox 927 310 1716 346; baseline 0.006 -11"><span class='ocrx_word' id='word_1_133' title='bbox 927 315 979 336; x_wconf 80' lang='lat' dir='ltr'><strong>nan</strong></span> <span class='ocrx_word' id='word_1_134' title='bbox 993 314 1055 344; x_wconf 86' lang='lat' dir='ltr'><strong>post</strong></span> <span class='ocrx_word' id='word_1_135' title='bbox 1070 310 1186 337; x_wconf 92' lang='lat' dir='ltr'><strong>multum</strong></span> <span class='ocrx_word' id='word_1_136' title='bbox 1200 315 1307 346; x_wconf 90' lang='lat' dir='ltr'><strong>tempus</strong></span> <span class='ocrx_word' id='word_1_137' title='bbox 1330 311 1474 339; x_wconf 87' lang='lat' dir='ltr'><strong>hostilibus</strong></span> <span class='ocrx_word' id='word_1_138' title='bbox 1496 313 1622 340; x_wconf 83' lang='lat' dir='ltr'><strong>manibus</strong></span> <span class='ocrx_word' id='word_1_139' title='bbox 1639 321 1716 340; x_wconf 69' lang='lat' dir='ltr'><strong>ever-</strong></span> 
     </span>
    </p>
   </div>
   <div class='ocr_carea' id='block_1_22' title="bbox 928 352 1715 391">
    <p class='ocr_par' dir='ltr' id='par_1_22' title="bbox 928 352 1715 391">
     <span class='ocr_line' id='line_1_22' title="bbox 928 352 1715 391; baseline 0.006 -12"><span class='ocrx_word' id='word_1_140' title='bbox 928 352 1038 379; x_wconf 88' lang='lat' dir='ltr'><strong>tendum</strong></span> <span class='ocrx_word' id='word_1_141' title='bbox 1067 357 1150 380; x_wconf 80' lang='lat' dir='ltr'><strong>esset.</strong></span> <span class='ocrx_word' id='word_1_142' title='bbox 1177 353 1211 381; x_wconf 83' lang='lat' dir='ltr'><strong>Et</strong></span> <span class='ocrx_word' id='word_1_143' title='bbox 1231 354 1259 381; x_wconf 88' lang='lat' dir='ltr'><strong>in</strong></span> <span class='ocrx_word' id='word_1_144' title='bbox 1282 355 1418 382; x_wconf 80' lang='lat' dir='ltr'><strong>sexcentis</strong></span> <span class='ocrx_word' id='word_1_145' title='bbox 1441 355 1503 383; x_wconf 87' lang='lat' dir='ltr'><strong>aliis</strong></span> <span class='ocrx_word' id='word_1_146' title='bbox 1534 356 1715 391; x_wconf 82' lang='lat' dir='ltr'><strong>tmdequaque</strong></span> 
     </span>
    </p>
   </div>
   <div class='ocr_carea' id='block_1_23' title="bbox 926 399 1715 436">
    <p class='ocr_par' dir='ltr' id='par_1_23' title="bbox 926 399 1715 436">
     <span class='ocr_line' id='line_1_23' title="bbox 926 399 1715 436; baseline 0.006 -12"><span class='ocrx_word' id='word_1_147' title='bbox 926 402 1045 425; x_wconf 90' lang='lat' dir='ltr'><strong>veterem</strong></span> <span class='ocrx_word' id='word_1_148' title='bbox 1062 399 1262 433; x_wconf 77' lang='lat' dir='ltr'><strong>legislationem</strong></span> <span class='ocrx_word' id='word_1_149' title='bbox 1277 407 1338 428; x_wconf 87' lang='lat' dir='ltr'><strong>esse</strong></span> <span class='ocrx_word' id='word_1_150' title='bbox 1352 401 1514 436; x_wconf 82' lang='lat' dir='ltr'><strong>conspicere</strong></span> <span class='ocrx_word' id='word_1_151' title='bbox 1529 401 1557 428; x_wconf 90' lang='lat' dir='ltr'><strong>in</strong></span> <span class='ocrx_word' id='word_1_152' title='bbox 1574 401 1628 428; x_wconf 80' lang='lat' dir='ltr'><strong>ﬁne</strong></span> <span class='ocrx_word' id='word_1_153' title='bbox 1647 402 1715 429; x_wconf 89' lang='lat' dir='ltr'><strong>anti-</strong></span> 
     </span>
    </p>
   </div>
   <div class='ocr_carea' id='block_1_24' title="bbox 925 444 1714 482">
    <p class='ocr_par' dir='ltr' id='par_1_24' title="bbox 925 444 1714 482">
     <span class='ocr_line' id='line_1_24' title="bbox 925 444 1714 482; baseline 0.005 -12"><span class='ocrx_word' id='word_1_154' title='bbox 925 444 1075 479; x_wconf 89' lang='lat' dir='ltr'><strong>quandam,</strong></span> <span class='ocrx_word' id='word_1_155' title='bbox 1087 448 1180 479; x_wconf 87' lang='lat' dir='ltr'><strong>utpote</strong></span> <span class='ocrx_word' id='word_1_156' title='bbox 1197 445 1424 480; x_wconf 73' lang='lat' dir='ltr'><strong>componentibus</strong></span> <span class='ocrx_word' id='word_1_157' title='bbox 1439 447 1526 480; x_wconf 84' lang='lat' dir='ltr'><strong>ipsam</strong></span> <span class='ocrx_word' id='word_1_158' title='bbox 1542 447 1674 482; x_wconf 85' lang='lat' dir='ltr'><strong>symbolis</strong></span> <span class='ocrx_word' id='word_1_159' title='bbox 1687 447 1714 474; x_wconf 95' lang='lat' dir='ltr'><strong>id</strong></span> 
     </span>
    </p>
   </div>
   <div class='ocr_carea' id='block_1_25' title="bbox 925 491 1712 528">
    <p class='ocr_par' dir='ltr' id='par_1_25' title="bbox 925 491 1712 528">
     <span class='ocr_line' id='line_1_25' title="bbox 925 491 1712 528; baseline 0.004 -11"><span class='ocrx_word' id='word_1_160' title='bbox 925 491 1137 526; x_wconf 59' lang='lat' dir='ltr'><strong>praedicantibus</strong></span> <span class='ocrx_word' id='word_1_161' title='bbox 1145 496 1170 518; x_wconf 91' lang='lat' dir='ltr'><strong>et</strong></span> <span class='ocrx_word' id='word_1_162' title='bbox 1178 492 1435 526; x_wconf 77' lang='lat' dir='ltr'><strong>pramuntiantibus,</strong></span> <span class='ocrx_word' id='word_1_163' title='bbox 1447 501 1500 520; x_wconf 93' lang='lat' dir='ltr'><strong>non</strong></span> <span class='ocrx_word' id='word_1_164' title='bbox 1513 494 1602 520; x_wconf 78' lang='lat' dir='ltr'><strong>verbis</strong></span> <span class='ocrx_word' id='word_1_165' title='bbox 1612 494 1712 528; x_wconf 81' lang='lat' dir='ltr'><strong>potius,</strong></span> 
     </span>
    </p>
   </div>
   <div class='ocr_carea' id='block_1_26' title="bbox 926 535 1715 570">
    <p class='ocr_par' dir='ltr' id='par_1_26' title="bbox 926 535 1715 570">
     <span class='ocr_line' id='line_1_26' title="bbox 926 535 1715 570; baseline 0.003 -8"><span class='ocrx_word' id='word_1_166' title='bbox 926 535 973 562; x_wconf 88' lang='lat' dir='ltr'><strong>sed</strong></span> <span class='ocrx_word' id='word_1_167' title='bbox 987 535 1054 570; x_wconf 88' lang='lat' dir='ltr'><strong>ipsis</strong></span> <span class='ocrx_word' id='word_1_168' title='bbox 1080 536 1209 570; x_wconf 83' lang='lat' dir='ltr'><strong>operibus</strong></span> <span class='ocrx_word' id='word_1_169' title='bbox 1227 540 1255 563; x_wconf 91' lang='lat' dir='ltr'><strong>et</strong></span> <span class='ocrx_word' id='word_1_170' title='bbox 1276 537 1442 570; x_wconf 86' lang='lat' dir='ltr'><strong>actionibus,</strong></span> <span class='ocrx_word' id='word_1_171' title='bbox 1459 543 1487 564; x_wconf 89' lang='lat' dir='ltr'><strong>et</strong></span> <span class='ocrx_word' id='word_1_172' title='bbox 1507 542 1582 564; x_wconf 87' lang='lat' dir='ltr'><strong>certe</strong></span> <span class='ocrx_word' id='word_1_173' title='bbox 1602 538 1715 565; x_wconf 83' lang='lat' dir='ltr'><strong>alterius</strong></span> 
     </span>
    </p>
   </div>
   <div class='ocr_carea' id='block_1_27' title="bbox 925 578 1714 610">
    <p class='ocr_par' dir='ltr' id='par_1_27' title="bbox 925 578 1714 610">
     <span class='ocr_line' id='line_1_27' title="bbox 925 578 1714 610; baseline 0.005 -4"><span class='ocrx_word' id='word_1_174' title='bbox 925 578 1044 607; x_wconf 80' lang='lat' dir='ltr'><strong>instituti</strong></span> <span class='ocrx_word' id='word_1_175' title='bbox 1057 580 1226 608; x_wconf 90' lang='lat' dir='ltr'><strong>sublimioris</strong></span> <span class='ocrx_word' id='word_1_176' title='bbox 1243 586 1270 607; x_wconf 93' lang='lat' dir='ltr'><strong>et</strong></span> <span class='ocrx_word' id='word_1_177' title='bbox 1286 581 1431 609; x_wconf 85' lang='lat' dir='ltr'><strong>divinioris</strong></span> <span class='ocrx_word' id='word_1_178' title='bbox 1445 587 1472 609; x_wconf 91' lang='lat' dir='ltr'><strong>et</strong></span> <span class='ocrx_word' id='word_1_179' title='bbox 1481 583 1646 610; x_wconf 86' lang='lat' dir='ltr'><strong>solutionem</strong></span> <span class='ocrx_word' id='word_1_180' title='bbox 1660 591 1714 610; x_wconf 91' lang='lat' dir='ltr'><strong>non</strong></span> 
     </span>
    </p>
   </div>
   <div class='ocr_carea' id='block_1_28' title="bbox 925 625 1714 663">
    <p class='ocr_par' dir='ltr' id='par_1_28' title="bbox 925 625 1714 663">
     <span class='ocr_line' id='line_1_28' title="bbox 925 625 1714 663; baseline 0.006 -12"><span class='ocrx_word' id='word_1_181' title='bbox 925 625 1093 653; x_wconf 84' lang='lat' dir='ltr'><strong>admittentis</strong></span> <span class='ocrx_word' id='word_1_182' title='bbox 1107 628 1270 661; x_wconf 68' lang='lat' dir='ltr'><strong>prooemium</strong></span> <span class='ocrx_word' id='word_1_183' title='bbox 1284 634 1299 653; x_wconf 91' lang='lat' dir='ltr'><strong>a</strong></span> <span class='ocrx_word' id='word_1_184' title='bbox 1314 627 1449 663; x_wconf 87' lang='lat' dir='ltr'><strong>principio</strong></span> <span class='ocrx_word' id='word_1_185' title='bbox 1463 632 1491 656; x_wconf 88' lang='lat' dir='ltr'><strong>et</strong></span> <span class='ocrx_word' id='word_1_186' title='bbox 1501 636 1714 663; x_wconf 77' lang='lat' dir='ltr'><strong>progymnasma</strong></span> 
     </span>
    </p>
   </div>
   <div class='ocr_carea' id='block_1_29' title="bbox 925 670 1715 709">
    <p class='ocr_par' dir='ltr' id='par_1_29' title="bbox 925 670 1715 709">
     <span class='ocr_line' id='line_1_29' title="bbox 925 670 1715 709; baseline 0.004 -11"><span class='ocrx_word' id='word_1_187' title='bbox 925 670 1012 699; x_wconf 79' lang='lat' dir='ltr'><strong>fuisse</strong></span> <span class='ocrx_word' id='word_1_188' title='bbox 1028 671 1118 704; x_wconf 85' lang='lat' dir='ltr'><strong>istam,</strong></span> <span class='ocrx_word' id='word_1_189' title='bbox 1138 676 1249 706; x_wconf 84' lang='lat' dir='ltr'><strong>propter</strong></span> <span class='ocrx_word' id='word_1_190' title='bbox 1274 680 1357 707; x_wconf 91' lang='lat' dir='ltr'><strong>quem</strong></span> <span class='ocrx_word' id='word_1_191' title='bbox 1378 673 1491 701; x_wconf 89' lang='lat' dir='ltr'><strong>omnino</strong></span> <span class='ocrx_word' id='word_1_192' title='bbox 1509 678 1538 700; x_wconf 90' lang='lat' dir='ltr'><strong>et</strong></span> <span class='ocrx_word' id='word_1_193' title='bbox 1557 674 1715 709; x_wconf 79' lang='lat' dir='ltr'><strong>temporalis</strong></span> 
     </span>
    </p>
   </div>
   <div class='ocr_carea' id='block_1_30' title="bbox 925 716 1291 753">
    <p class='ocr_par' dir='ltr' id='par_1_30' title="bbox 925 716 1291 753">
     <span class='ocr_line' id='line_1_30' title="bbox 925 716 1291 753; baseline 0.003 -9"><span class='ocrx_word' id='word_1_194' title='bbox 925 717 1061 753; x_wconf 84' lang='lat' dir='ltr'><strong>particeps</strong></span> <span class='ocrx_word' id='word_1_195' title='bbox 1069 716 1120 744; x_wconf 88' lang='lat' dir='ltr'><strong>l‘uit</strong></span> <span class='ocrx_word' id='word_1_196' title='bbox 1131 718 1291 746; x_wconf 80' lang='lat' dir='ltr'><strong>nativitatis.</strong></span> 
     </span>
    </p>
   </div>
   <div class='ocr_carea' id='block_1_31' title="bbox 961 851 1714 888">
    <p class='ocr_par' dir='ltr' id='par_1_31' title="bbox 961 851 1714 888">
     <span class='ocr_line' id='line_1_31' title="bbox 961 851 1714 888; baseline 0.004 -9"><span class='ocrx_word' id='word_1_197' title='bbox 961 851 1089 879; x_wconf 80' lang='lat' dir='ltr'><strong>Salvator</strong></span> <span class='ocrx_word' id='word_1_198' title='bbox 1103 859 1169 879; x_wconf 90' lang='lat' dir='ltr'><strong>vero</strong></span> <span class='ocrx_word' id='word_1_199' title='bbox 1188 857 1282 880; x_wconf 79' lang='lat' dir='ltr'><strong>naster</strong></span> <span class='ocrx_word' id='word_1_200' title='bbox 1294 856 1322 879; x_wconf 90' lang='lat' dir='ltr'><strong>et</strong></span> <span class='ocrx_word' id='word_1_201' title='bbox 1344 858 1456 888; x_wconf 86' lang='lat' dir='ltr'><strong>propter</strong></span> <span class='ocrx_word' id='word_1_202' title='bbox 1470 854 1529 882; x_wconf 70' lang='lat' dir='ltr'><strong>haec</strong></span> <span class='ocrx_word' id='word_1_203' title='bbox 1547 858 1620 882; x_wconf 87' lang='lat' dir='ltr'><strong>tactu</strong></span> <span class='ocrx_word' id='word_1_204' title='bbox 1636 860 1714 882; x_wconf 86' lang='lat' dir='ltr'><strong>sanat</strong></span> 
     </span>
    </p>
   </div>
   <div class='ocr_carea' id='block_1_32' title="bbox 75 895 873 950">
    <p class='ocr_par' dir='ltr' id='par_1_32' title="bbox 75 895 873 950">
     <span class='ocr_line' id='line_1_32' title="bbox 75 895 873 950; baseline -0.014 -8"><span class='ocrx_word' id='word_1_205' title='bbox 75 895 181 950; x_wconf 62' lang='grc' dir='ltr'>λεπρὸν</span> <span class='ocrx_word' id='word_1_206' title='bbox 205 912 255 940; x_wconf 70' lang='grc' dir='ltr'><strong>καὶ</strong></span> <span class='ocrx_word' id='word_1_207' title='bbox 269 895 313 937; x_wconf 63' lang='grc' dir='ltr'>ἵνα</span> <span class='ocrx_word' id='word_1_208' title='bbox 325 895 409 944; x_wconf 52' lang='grc' dir='ltr'><strong>’δείξῃ</strong></span> <span class='ocrx_word' id='word_1_209' title='bbox 433 909 474 935; x_wconf 86' lang='grc' dir='ltr'>ὃτι</span> <span class='ocrx_word' id='word_1_210' title='bbox 492 907 595 943; x_wconf 80' lang='grc' dir='ltr'>Κύριος</span> <span class='ocrx_word' id='word_1_211' title='bbox 615 895 696 938; x_wconf 45' lang='lat' dir='ltr'><strong>esse;</strong></span> <span class='ocrx_word' id='word_1_212' title='bbox 714 904 759 942; x_wconf 82' lang='grc' dir='ltr'><strong>ἦν,</strong></span> <span class='ocrx_word' id='word_1_213' title='bbox 779 905 873 941; x_wconf 82' lang='grc' dir='ltr'>ὥσπερ</span> 
     </span>
    </p>
   </div>
   <div class='ocr_carea' id='block_1_33' title="bbox 961 895 1715 950">
    <p class='ocr_par' dir='ltr' id='par_1_33' title="bbox 961 897 1715 931">
     <span class='ocr_line' id='line_1_33' title="bbox 961 897 1715 931; baseline 0.003 -7"><span class='ocrx_word' id='word_1_214' title='bbox 961 904 1062 924; x_wconf 73' lang='lat' dir='ltr'><strong>Irosum</strong></span> <span class='ocrx_word' id='word_1_215' title='bbox 1081 902 1108 924; x_wconf 90' lang='lat' dir='ltr'><strong>et</strong></span> <span class='ocrx_word' id='word_1_216' title='bbox 1124 901 1153 923; x_wconf 92' lang='lat' dir='ltr'><strong>ut</strong></span> <span class='ocrx_word' id='word_1_217' title='bbox 1168 897 1293 924; x_wconf 79' lang='lat' dir='ltr'><strong>ostendat</strong></span> <span class='ocrx_word' id='word_1_218' title='bbox 1304 904 1334 925; x_wconf 86' lang='lat' dir='ltr'><strong>se</strong></span> <span class='ocrx_word' id='word_1_219' title='bbox 1346 897 1492 925; x_wconf 87' lang='lat' dir='ltr'><strong>Dominum</strong></span> <span class='ocrx_word' id='word_1_220' title='bbox 1502 906 1573 931; x_wconf 87' lang='lat' dir='ltr'><strong>esse,</strong></span> <span class='ocrx_word' id='word_1_221' title='bbox 1589 904 1619 926; x_wconf 91' lang='lat' dir='ltr'><strong>ut</strong></span> <span class='ocrx_word' id='word_1_222' title='bbox 1630 899 1715 927; x_wconf 84' lang='lat' dir='ltr'><strong>intro-</strong></span> 
     </span>
    </p>
   </div>
   <div class='ocr_carea' id='block_1_34' title="bbox 75 953 870 993">
    <p class='ocr_par' dir='ltr' id='par_1_34' title="bbox 75 953 870 993">
     <span class='ocr_line' id='line_1_34' title="bbox 75 953 870 993; baseline -0.015 -3"><span class='ocrx_word' id='word_1_223' title='bbox 75 962 126 990; x_wconf 75' lang='grc' dir='ltr'>τοῦ</span> <span class='ocrx_word' id='word_1_224' title='bbox 139 959 306 993; x_wconf 75' lang='grc' dir='ltr'>εἰσενεγκεῖν</span> <span class='ocrx_word' id='word_1_225' title='bbox 326 956 372 983; x_wconf 69' lang='grc' dir='ltr'>τὸν</span> <span class='ocrx_word' id='word_1_226' title='bbox 389 955 482 990; x_wconf 82' lang='grc' dir='ltr'>νόμον,</span> <span class='ocrx_word' id='word_1_227' title='bbox 498 953 570 981; x_wconf 83' lang='grc' dir='ltr'>οὕτω</span> <span class='ocrx_word' id='word_1_228' title='bbox 587 953 634 980; x_wconf 69' lang='grc' dir='ltr'>καὶ</span> <span class='ocrx_word' id='word_1_229' title='bbox 644 953 681 988; x_wconf 85' lang='grc' dir='ltr'>μὴ</span> <span class='ocrx_word' id='word_1_230' title='bbox 694 953 870 986; x_wconf 77' lang='grc' dir='ltr'>εἰσενεγκεῖν·</span> 
     </span>
    </p>
   </div>
   <div class='ocr_carea' id='block_1_35' title="bbox 78 998 871 1044">
    <p class='ocr_par' dir='ltr' id='par_1_35' title="bbox 78 998 871 1044">
     <span class='ocr_line' id='line_1_35' title="bbox 78 998 871 1044; baseline -0.006 -14"><span class='ocrx_word' id='word_1_231' title='bbox 78 1010 175 1044; x_wconf 78' lang='grc' dir='ltr'>ὥσπερ</span> <span class='ocrx_word' id='word_1_232' title='bbox 190 1007 218 1033; x_wconf 73' lang='grc' dir='ltr'><strong>δὲ</strong></span> <span class='ocrx_word' id='word_1_233' title='bbox 237 1004 274 1041; x_wconf 78' lang='grc' dir='ltr'>μὴ</span> <span class='ocrx_word' id='word_1_234' title='bbox 289 1002 467 1036; x_wconf 72' lang='grc' dir='ltr'>εἰσενεγκεῖν,</span> <span class='ocrx_word' id='word_1_235' title='bbox 484 999 556 1027; x_wconf 75' lang='grc' dir='ltr'>οὕτω</span> <span class='ocrx_word' id='word_1_236' title='bbox 571 1000 618 1026; x_wconf 74' lang='grc' dir='ltr'><strong>καὶ</strong></span> <span class='ocrx_word' id='word_1_237' title='bbox 631 1000 798 1034; x_wconf 81' lang='grc' dir='ltr'>εἰσενεγκεῖν</span> <span class='ocrx_word' id='word_1_238' title='bbox 812 998 871 1025; x_wconf 79' lang='grc' dir='ltr'>ἑτέ-</span> 
     </span>
    </p>
   </div>
   <div class='ocr_carea' id='block_1_36' title="bbox 78 1044 871 1091">
    <p class='ocr_par' dir='ltr' id='par_1_36' title="bbox 78 1044 871 1091">
     <span class='ocr_line' id='line_1_36' title="bbox 78 1044 871 1091; baseline -0.014 -10"><span class='ocrx_word' id='word_1_239' title='bbox 78 1062 149 1091; x_wconf 80' lang='grc' dir='ltr'>ροις,</span> <span class='ocrx_word' id='word_1_240' title='bbox 164 1052 223 1079; x_wconf 82' lang='grc' dir='ltr'>ἀλλ’</span> <span class='ocrx_word' id='word_1_241' title='bbox 246 1050 297 1085; x_wconf 78' lang='grc' dir='ltr'>οὐχ</span> <span class='ocrx_word' id='word_1_242' title='bbox 318 1047 407 1082; x_wconf 77' lang='grc' dir='ltr'>ἑαυτῷ</span> <span class='ocrx_word' id='word_1_243' title='bbox 430 1046 612 1079; x_wconf 77' lang='grc' dir='ltr'>εἰσενεγκεῖν·</span> <span class='ocrx_word' id='word_1_244' title='bbox 638 1044 707 1080; x_wconf 77' lang='grc' dir='ltr'>μηδὲ</span> <span class='ocrx_word' id='word_1_245' title='bbox 726 1044 782 1091; x_wconf 76' lang='grc' dir='ltr'><strong>γὰρ</strong></span> <span class='ocrx_word' id='word_1_246' title='bbox 810 1044 871 1080; x_wconf 82' lang='grc' dir='ltr'>μηδ’</span> 
     </span>
    </p>
   </div>
   <div class='ocr_carea' id='block_1_37' title="bbox 77 1088 871 1130">
    <p class='ocr_par' dir='ltr' id='par_1_37' title="bbox 77 1088 871 1130">
     <span class='ocr_line' id='line_1_37' title="bbox 77 1088 871 1130; baseline -0.015 -2"><span class='ocrx_word' id='word_1_247' title='bbox 77 1088 241 1128; x_wconf 60' lang='grc' dir='ltr'>θποκεῖσθαι</span> <span class='ocrx_word' id='word_1_248' title='bbox 260 1097 306 1123; x_wconf 80' lang='grc' dir='ltr'>τὸν</span> <span class='ocrx_word' id='word_1_249' title='bbox 325 1094 475 1130; x_wconf 81' lang='grc' dir='ltr'>νομοθέτην</span> <span class='ocrx_word' id='word_1_250' title='bbox 492 1093 702 1127; x_wconf 70' lang='grc' dir='ltr'>νομοφυλακεῐν.</span> <span class='ocrx_word' id='word_1_251' title='bbox 722 1088 759 1118; x_wconf 83' lang='grc' dir='ltr'>ὦν</span> <span class='ocrx_word' id='word_1_252' title='bbox 780 1091 797 1126; x_wconf 77' lang='grc' dir='ltr'><strong>ἡ</strong></span> <span class='ocrx_word' id='word_1_253' title='bbox 819 1099 871 1126; x_wconf 83' lang='grc' dir='ltr'>φυ-</span> 
     </span>
    </p>
   </div>
   <div class='ocr_carea' id='block_1_38' title="bbox 75 1137 870 1180">
    <p class='ocr_par' dir='ltr' id='par_1_38' title="bbox 75 1137 870 1180">
     <span class='ocr_line' id='line_1_38' title="bbox 75 1137 870 1180; baseline -0.013 -7"><span class='ocrx_word' id='word_1_254' title='bbox 75 1146 150 1180; x_wconf 81' lang='grc' dir='ltr'>λακὴ</span> <span class='ocrx_word' id='word_1_255' title='bbox 163 1146 219 1176; x_wconf 87' lang='grc' dir='ltr'>τοῖς</span> <span class='ocrx_word' id='word_1_256' title='bbox 241 1140 481 1177; x_wconf 83' lang='grc' dir='ltr'>νομοθετουμένοις</span> <span class='ocrx_word' id='word_1_257' title='bbox 507 1137 621 1174; x_wconf 76' lang='grc' dir='ltr'>ἁρμόζει</span> <span class='ocrx_word' id='word_1_258' title='bbox 647 1138 748 1173; x_wconf 86' lang='grc' dir='ltr'>μόνοις.</span> <span class='ocrx_word' id='word_1_259' title='bbox 765 1138 870 1171; x_wconf 83' lang='grc' dir='ltr'>Ὥσπερ</span> 
     </span>
    </p>
   </div>
   <div class='ocr_carea' id='block_1_39' title="bbox 77 1180 870 1227">
    <p class='ocr_par' dir='ltr' id='par_1_39' title="bbox 77 1180 870 1227">
     <span class='ocr_line' id='line_1_39' title="bbox 77 1180 870 1227; baseline -0.013 -9"><span class='ocrx_word' id='word_1_260' title='bbox 77 1192 134 1227; x_wconf 73' lang='grc' dir='ltr'>γὰρ</span> <span class='ocrx_word' id='word_1_261' title='bbox 146 1189 300 1224; x_wconf 83' lang='grc' dir='ltr'>νομοθετῶν</span> <span class='ocrx_word' id='word_1_262' title='bbox 313 1186 438 1222; x_wconf 76' lang='grc' dir='ltr'>βασιλεὺς</span> <span class='ocrx_word' id='word_1_263' title='bbox 451 1184 527 1211; x_wconf 87' lang='grc' dir='ltr'>πόλει</span> <span class='ocrx_word' id='word_1_264' title='bbox 539 1184 586 1210; x_wconf 70' lang='grc' dir='ltr'>καὶ</span> <span class='ocrx_word' id='word_1_265' title='bbox 600 1183 758 1214; x_wconf 79' lang='grc' dir='ltr'>πολιτείαις,</span> <span class='ocrx_word' id='word_1_266' title='bbox 770 1183 819 1218; x_wconf 79' lang='grc' dir='ltr'>οὺχ</span> <span class='ocrx_word' id='word_1_267' title='bbox 829 1180 870 1215; x_wconf 76' lang='grc' dir='ltr'>οἷς</span> 
     </span>
    </p>
   </div>
   <div class='ocr_carea' id='block_1_40' title="bbox 75 1228 870 1272">
    <p class='ocr_par' dir='ltr' id='par_1_40' title="bbox 75 1228 870 1272">
     <span class='ocr_line' id='line_1_40' title="bbox 75 1228 870 1272; baseline -0.013 -9"><span class='ocrx_word' id='word_1_268' title='bbox 75 1236 231 1272; x_wconf 77' lang='grc' dir='ltr'>ἁρμόζεται</span> <span class='ocrx_word' id='word_1_269' title='bbox 246 1233 294 1260; x_wconf 72' lang='grc' dir='ltr'>καὶ</span> <span class='ocrx_word' id='word_1_270' title='bbox 314 1232 431 1265; x_wconf 64' lang='lat' dir='ltr'><strong>meme</strong></span> <span class='ocrx_word' id='word_1_271' title='bbox 448 1230 498 1265; x_wconf 80' lang='grc' dir='ltr'>τὴν</span> <span class='ocrx_word' id='word_1_272' title='bbox 519 1229 668 1268; x_wconf 78' lang='grc' dir='ltr'>πολιτείαν,</span> <span class='ocrx_word' id='word_1_273' title='bbox 682 1228 787 1259; x_wconf 83' lang='grc' dir='ltr'>τούτοις</span> <span class='ocrx_word' id='word_1_274' title='bbox 806 1229 870 1254; x_wconf 80' lang='grc' dir='ltr'>ἐαυ-</span> 
     </span>
    </p>
   </div>
   <div class='ocr_carea' id='block_1_41' title="bbox 75 1273 870 1315">
    <p class='ocr_par' dir='ltr' id='par_1_41' title="bbox 75 1273 870 1315">
     <span class='ocr_line' id='line_1_41' title="bbox 75 1273 870 1315; baseline -0.014 -5"><span class='ocrx_word' id='word_1_275' title='bbox 75 1284 124 1310; x_wconf 79' lang='grc' dir='ltr'>τδν</span> <span class='ocrx_word' id='word_1_276' title='bbox 142 1282 255 1315; x_wconf 76' lang='grc' dir='ltr'>ὑπάγει,</span> <span class='ocrx_word' id='word_1_277' title='bbox 272 1279 320 1306; x_wconf 75' lang='grc' dir='ltr'><strong>καὶ</strong></span> <span class='ocrx_word' id='word_1_278' title='bbox 334 1278 390 1304; x_wconf 87' lang='grc' dir='ltr'>τῶν</span> <span class='ocrx_word' id='word_1_279' title='bbox 411 1275 570 1312; x_wconf 72' lang='grc' dir='ltr'>ἀρχομένων</span> <span class='ocrx_word' id='word_1_280' title='bbox 592 1274 673 1301; x_wconf 78' lang='grc' dir='ltr'>ἓνεκα</span> <span class='ocrx_word' id='word_1_281' title='bbox 690 1273 870 1308; x_wconf 83' lang='grc' dir='ltr'>καταγγέλλει</span> 
     </span>
    </p>
   </div>
   <div class='ocr_carea' id='block_1_42' title="bbox 75 1319 868 1363">
    <p class='ocr_par' dir='ltr' id='par_1_42' title="bbox 75 1319 868 1363">
     <span class='ocr_line' id='line_1_42' title="bbox 75 1319 868 1363; baseline -0.019 -6"><span class='ocrx_word' id='word_1_282' title='bbox 75 1330 125 1357; x_wconf 77' lang='grc' dir='ltr'>καὶ</span> <span class='ocrx_word' id='word_1_283' title='bbox 150 1324 351 1363; x_wconf 81' lang='grc' dir='ltr'>παραπλησίως</span> <span class='ocrx_word' id='word_1_284' title='bbox 374 1322 489 1353; x_wconf 75' lang='grc' dir='ltr'>ἐκείνοις</span> <span class='ocrx_word' id='word_1_285' title='bbox 508 1319 656 1354; x_wconf 85' lang='grc' dir='ltr'>τεθηπέναι</span> <span class='ocrx_word' id='word_1_286' title='bbox 677 1319 722 1345; x_wconf 76' lang='grc' dir='ltr'>τὸν</span> <span class='ocrx_word' id='word_1_287' title='bbox 742 1319 803 1354; x_wconf 82' lang='grc' dir='ltr'>ὅρον</span> <span class='ocrx_word' id='word_1_288' title='bbox 822 1319 868 1345; x_wconf 76' lang='grc' dir='ltr'>τοῦ</span> 
     </span>
    </p>
   </div>
   <div class='ocr_carea' id='block_1_43' title="bbox 74 1364 869 1410">
    <p class='ocr_par' dir='ltr' id='par_1_43' title="bbox 74 1364 869 1410">
     <span class='ocr_line' id='line_1_43' title="bbox 74 1364 869 1410; baseline -0.015 -9"><span class='ocrx_word' id='word_1_289' title='bbox 74 1374 254 1410; x_wconf 76' lang='grc' dir='ltr'>ψηφίσματος</span> <span class='ocrx_word' id='word_1_290' title='bbox 265 1367 487 1404; x_wconf 79' lang='grc' dir='ltr'>παρασκευάζει·</span> <span class='ocrx_word' id='word_1_291' title='bbox 504 1365 561 1393; x_wconf 82' lang='grc' dir='ltr'>ἀλλ’</span> <span class='ocrx_word' id='word_1_292' title='bbox 577 1365 657 1396; x_wconf 79' lang='grc' dir='ltr'>αὐτὸς</span> <span class='ocrx_word' id='word_1_293' title='bbox 672 1364 721 1399; x_wconf 76' lang='grc' dir='ltr'>μὲν</span> <span class='ocrx_word' id='word_1_294' title='bbox 730 1364 786 1391; x_wconf 73' lang='grc' dir='ltr'><strong>ἄνω</strong></span> <span class='ocrx_word' id='word_1_295' title='bbox 801 1364 869 1395; x_wconf 83' lang='grc' dir='ltr'>κάθ-</span> 
     </span>
    </p>
   </div>
   <div class='ocr_carea' id='block_1_44' title="bbox 73 1409 869 1457">
    <p class='ocr_par' dir='ltr' id='par_1_44' title="bbox 73 1409 869 1457">
     <span class='ocr_line' id='line_1_44' title="bbox 73 1409 869 1457; baseline -0.018 -10"><span class='ocrx_word' id='word_1_296' title='bbox 73 1409 142 1457; x_wconf 65' lang='grc' dir='ltr'>ηται</span> <span class='ocrx_word' id='word_1_297' title='bbox 164 1418 214 1453; x_wconf 83' lang='grc' dir='ltr'>τῆς</span> <span class='ocrx_word' id='word_1_298' title='bbox 235 1415 378 1450; x_wconf 81' lang='grc' dir='ltr'>πολιτικῆς</span> <span class='ocrx_word' id='word_1_299' title='bbox 404 1413 509 1446; x_wconf 79' lang='grc' dir='ltr'>τάξεως</span> <span class='ocrx_word' id='word_1_300' title='bbox 530 1411 577 1438; x_wconf 83' lang='grc' dir='ltr'>καὶ</span> <span class='ocrx_word' id='word_1_301' title='bbox 600 1409 772 1457; x_wconf 73' lang='grc' dir='ltr'>ὑπηρεσίαςο</span> <span class='ocrx_word' id='word_1_302' title='bbox 795 1409 825 1436; x_wconf 86' lang='grc' dir='ltr'><strong>τὺ</strong></span> <span class='ocrx_word' id='word_1_303' title='bbox 841 1409 869 1436; x_wconf 73' lang='grc' dir='ltr'><strong>δὲ</strong></span> 
     </span>
    </p>
   </div>
   <div class='ocr_carea' id='block_1_45' title="bbox 75 1455 868 1500">
    <p class='ocr_par' dir='ltr' id='par_1_45' title="bbox 75 1455 868 1500">
     <span class='ocr_line' id='line_1_45' title="bbox 75 1455 868 1500; baseline -0.014 -7"><span class='ocrx_word' id='word_1_304' title='bbox 75 1455 232 1500; x_wconf 70' lang='grc' dir='ltr'>πολίτευμα</span> <span class='ocrx_word' id='word_1_305' title='bbox 247 1463 304 1493; x_wconf 87' lang='grc' dir='ltr'>τοῖς</span> <span class='ocrx_word' id='word_1_306' title='bbox 316 1459 399 1488; x_wconf 75' lang='grc' dir='ltr'>αὑτοῦ</span> <span class='ocrx_word' id='word_1_307' title='bbox 414 1458 520 1494; x_wconf 86' lang='grc' dir='ltr'>συνέχει</span> <span class='ocrx_word' id='word_1_308' title='bbox 537 1456 585 1484; x_wconf 78' lang='grc' dir='ltr'>καὶ</span> <span class='ocrx_word' id='word_1_309' title='bbox 603 1455 779 1487; x_wconf 79' lang='grc' dir='ltr'>σννδιασὼζει</span> <span class='ocrx_word' id='word_1_310' title='bbox 796 1464 868 1491; x_wconf 85' lang='grc' dir='ltr'>παρ-</span> 
     </span>
    </p>
   </div>
   <div class='ocr_carea' id='block_1_46' title="bbox 76 1502 869 1547">
    <p class='ocr_par' dir='ltr' id='par_1_46' title="bbox 76 1502 869 1547">
     <span class='ocr_line' id='line_1_46' title="bbox 76 1502 869 1547; baseline -0.015 -8"><span class='ocrx_word' id='word_1_311' title='bbox 76 1511 264 1547; x_wconf 81' lang='grc' dir='ltr'>αγγέλμασιν·</span> <span class='ocrx_word' id='word_1_312' title='bbox 289 1507 377 1539; x_wconf 78' lang='grc' dir='ltr'>οὕτως</span> <span class='ocrx_word' id='word_1_313' title='bbox 394 1506 443 1534; x_wconf 79' lang='grc' dir='ltr'>καὶ</span> <span class='ocrx_word' id='word_1_314' title='bbox 464 1506 478 1532; x_wconf 88' lang='grc' dir='ltr'><strong>ό</strong></span> <span class='ocrx_word' id='word_1_315' title='bbox 501 1504 548 1531; x_wconf 80' lang='grc' dir='ltr'>τοῦ</span> <span class='ocrx_word' id='word_1_316' title='bbox 571 1504 674 1538; x_wconf 79' lang='grc' dir='ltr'>κόσμου</span> <span class='ocrx_word' id='word_1_317' title='bbox 698 1502 869 1539; x_wconf 84' lang='grc' dir='ltr'>Δημιουργός</span> 
     </span>
    </p>
   </div>
   <div class='ocr_carea' id='block_1_47' title="bbox 72 1549 868 1591">
    <p class='ocr_par' dir='ltr' id='par_1_47' title="bbox 72 1549 868 1591">
     <span class='ocr_line' id='line_1_47' title="bbox 72 1549 868 1591; baseline -0.015 -5"><span class='ocrx_word' id='word_1_318' title='bbox 72 1568 106 1587; x_wconf 79' lang='grc' dir='ltr'><strong>τε</strong></span> <span class='ocrx_word' id='word_1_319' title='bbox 121 1559 170 1585; x_wconf 75' lang='grc' dir='ltr'>καὶ</span> <span class='ocrx_word' id='word_1_320' title='bbox 197 1554 391 1591; x_wconf 71' lang='grc' dir='ltr'>Παμῦασιλεῦς</span> <span class='ocrx_word' id='word_1_321' title='bbox 407 1553 507 1587; x_wconf 80' lang='grc' dir='ltr'>νόμους</span> <span class='ocrx_word' id='word_1_322' title='bbox 529 1553 650 1586; x_wconf 80' lang='grc' dir='ltr'>παρέσχε</span> <span class='ocrx_word' id='word_1_323' title='bbox 672 1549 744 1576; x_wconf 75' lang='grc' dir='ltr'>κατὰ</span> <span class='ocrx_word' id='word_1_324' title='bbox 756 1557 868 1584; x_wconf 83' lang='grc' dir='ltr'>καιρους</span> 
     </span>
    </p>
   </div>
   <div class='ocr_carea' id='block_1_48' title="bbox 71 1595 451 1637">
    <p class='ocr_par' dir='ltr' id='par_1_48' title="bbox 71 1595 451 1637">
     <span class='ocr_line' id='line_1_48' title="bbox 71 1595 451 1637; baseline -0.021 -5"><span class='ocrx_word' id='word_1_325' title='bbox 71 1606 133 1636; x_wconf 82' lang='grc' dir='ltr'>τοῖς</span> <span class='ocrx_word' id='word_1_326' title='bbox 148 1605 176 1630; x_wconf 79' lang='grc' dir='ltr'>ὲν</span> <span class='ocrx_word' id='word_1_327' title='bbox 191 1602 230 1637; x_wconf 84' lang='grc' dir='ltr'>τῷ</span> <span class='ocrx_word' id='word_1_328' title='bbox 244 1601 350 1636; x_wconf 87' lang='grc' dir='ltr'>κόσμῳ,</span> <span class='ocrx_word' id='word_1_329' title='bbox 363 1599 396 1626; x_wconf 82' lang='grc' dir='ltr'><strong>δι’</strong></span> <span class='ocrx_word' id='word_1_330' title='bbox 413 1595 451 1625; x_wconf 86' lang='grc' dir='ltr'>ὧν</span> 
     </span>
    </p>
   </div>
   <div class='ocr_carea' id='block_1_49' title="bbox 75 1641 868 1683">
    <p class='ocr_par' dir='ltr' id='par_1_49' title="bbox 75 1641 868 1683">
     <span class='ocr_line' id='line_1_49' title="bbox 75 1641 868 1683; baseline -0.014 -6"><span class='ocrx_word' id='word_1_331' title='bbox 75 1651 124 1678; x_wconf 69' lang='grc' dir='ltr'><strong>ἐπὶ</strong></span> <span class='ocrx_word' id='word_1_332' title='bbox 135 1649 167 1676; x_wconf 76' lang='grc' dir='ltr'><strong>τὺ</strong></span> <span class='ocrx_word' id='word_1_333' title='bbox 178 1650 291 1683; x_wconf 79' lang='grc' dir='ltr'>ἄμεινον</span> <span class='ocrx_word' id='word_1_334' title='bbox 313 1645 495 1679; x_wconf 85' lang='grc' dir='ltr'>μετακοσμεῖν</span> <span class='ocrx_word' id='word_1_335' title='bbox 521 1652 546 1670; x_wconf 77' lang='grc' dir='ltr'><strong>τε</strong></span> <span class='ocrx_word' id='word_1_336' title='bbox 562 1643 610 1670; x_wconf 67' lang='grc' dir='ltr'>καὶ</span> <span class='ocrx_word' id='word_1_337' title='bbox 623 1641 868 1679; x_wconf 79' lang='grc' dir='ltr'>μεταρῥυθμίζειν,</span> 
     </span>
    </p>
   </div>
   <div class='ocr_carea' id='block_1_50' title="bbox 74 1684 871 1727">
    <p class='ocr_par' dir='ltr' id='par_1_50' title="bbox 74 1684 871 1727">
     <span class='ocr_line' id='line_1_50' title="bbox 74 1684 871 1727; baseline -0.014 -4"><span class='ocrx_word' id='word_1_338' title='bbox 74 1696 159 1727; x_wconf 75' lang='grc' dir='ltr'>αὐτὸς</span> <span class='ocrx_word' id='word_1_339' title='bbox 181 1694 210 1721; x_wconf 81' lang='grc' dir='ltr'><strong>δὲ</strong></span> <span class='ocrx_word' id='word_1_340' title='bbox 225 1693 274 1727; x_wconf 86' lang='grc' dir='ltr'>τῆς</span> <span class='ocrx_word' id='word_1_341' title='bbox 293 1690 423 1726; x_wconf 83' lang='grc' dir='ltr'>τοιαύτης</span> <span class='ocrx_word' id='word_1_342' title='bbox 439 1688 569 1725; x_wconf 87' lang='grc' dir='ltr'>προνοίας</span> <span class='ocrx_word' id='word_1_343' title='bbox 595 1687 749 1724; x_wconf 84' lang='grc' dir='ltr'>ἀπροσδεὴς</span> <span class='ocrx_word' id='word_1_344' title='bbox 764 1684 798 1722; x_wconf 82' lang='grc' dir='ltr'>ἦν</span> <span class='ocrx_word' id='word_1_345' title='bbox 822 1686 871 1713; x_wconf 73' lang='grc' dir='ltr'>καὶ</span> 
     </span>
    </p>
   </div>
   <div class='ocr_carea' id='block_1_51' title="bbox 75 1733 871 1778">
    <p class='ocr_par' dir='ltr' id='par_1_51' title="bbox 75 1733 871 1778">
     <span class='ocr_line' id='line_1_51' title="bbox 75 1733 871 1778; baseline -0.014 -9"><span class='ocrx_word' id='word_1_346' title='bbox 75 1742 222 1778; x_wconf 80' lang='grc' dir='ltr'>κρείττων,</span> <span class='ocrx_word' id='word_1_347' title='bbox 240 1736 280 1770; x_wconf 81' lang='grc' dir='ltr'><strong>οἷς</strong></span> <span class='ocrx_word' id='word_1_348' title='bbox 295 1735 522 1772; x_wconf 80' lang='grc' dir='ltr'>φιλοτιμούμενος</span> <span class='ocrx_word' id='word_1_349' title='bbox 537 1734 681 1766; x_wconf 77' lang='grc' dir='ltr'>ὲπλούτιζε</span> <span class='ocrx_word' id='word_1_350' title='bbox 703 1734 733 1760; x_wconf 81' lang='grc' dir='ltr'>τὸ</span> <span class='ocrx_word' id='word_1_351' title='bbox 750 1733 871 1767; x_wconf 80' lang='grc' dir='ltr'>ὑπήκοον</span> 
     </span>
    </p>
   </div>
   <div class='ocr_carea' id='block_1_52' title="bbox 74 1777 871 1819">
    <p class='ocr_par' dir='ltr' id='par_1_52' title="bbox 74 1777 871 1819">
     <span class='ocr_line' id='line_1_52' title="bbox 74 1777 871 1819; baseline -0.014 -5"><span class='ocrx_word' id='word_1_352' title='bbox 74 1777 178 1814; x_wconf 76' lang='grc' dir='ltr'>τούτων</span> <span class='ocrx_word' id='word_1_353' title='bbox 190 1783 367 1819; x_wconf 78' lang='grc' dir='ltr'>ἀναδέχεσθαι</span> <span class='ocrx_word' id='word_1_354' title='bbox 378 1781 427 1816; x_wconf 85' lang='grc' dir='ltr'>τὴν</span> <span class='ocrx_word' id='word_1_355' title='bbox 440 1780 545 1816; x_wconf 81' lang='grc' dir='ltr'>χρείαν.</span> <span class='ocrx_word' id='word_1_356' title='bbox 561 1780 629 1807; x_wconf 80' lang='grc' dir='ltr'><strong>Οὐδὲ</strong></span> <span class='ocrx_word' id='word_1_357' title='bbox 641 1780 695 1814; x_wconf 84' lang='grc' dir='ltr'><strong>γὰρ</strong></span> <span class='ocrx_word' id='word_1_358' title='bbox 709 1778 764 1805; x_wconf 80' lang='grc' dir='ltr'><strong>οὐδ’</strong></span> <span class='ocrx_word' id='word_1_359' title='bbox 776 1777 871 1812; x_wconf 85' lang='grc' dir='ltr'>ὥσπερ</span> 
     </span>
    </p>
   </div>
   <div class='ocr_carea' id='block_1_53' title="bbox 69 1827 868 1864">
    <p class='ocr_par' dir='ltr' id='par_1_53' title="bbox 69 1827 868 1864">
     <span class='ocr_line' id='line_1_53' title="bbox 69 1827 868 1864; baseline -0.014 -3"><span class='ocrx_word' id='word_1_360' title='bbox 69 1834 123 1862; x_wconf 70' lang='grc' dir='ltr'><strong>ἐπὶ</strong></span> <span class='ocrx_word' id='word_1_361' title='bbox 135 1833 192 1859; x_wconf 82' lang='grc' dir='ltr'><strong>τῶν</strong></span> <span class='ocrx_word' id='word_1_362' title='bbox 207 1831 296 1859; x_wconf 71' lang='grc' dir='ltr'>ἄλλων</span> <span class='ocrx_word' id='word_1_363' title='bbox 311 1829 464 1864; x_wconf 75' lang='grc' dir='ltr'>νομοθετῶν</span> <span class='ocrx_word' id='word_1_364' title='bbox 479 1828 503 1855; x_wconf 83' lang='grc' dir='ltr'>οἳ</span> <span class='ocrx_word' id='word_1_365' title='bbox 519 1827 624 1854; x_wconf 83' lang='grc' dir='ltr'>πολλῶν</span> <span class='ocrx_word' id='word_1_366' title='bbox 636 1827 740 1862; x_wconf 79' lang='grc' dir='ltr'>ἐτέρων</span> <span class='ocrx_word' id='word_1_367' title='bbox 756 1833 868 1852; x_wconf 84' lang='grc' dir='ltr'>συνεπι-</span> 
     </span>
    </p>
   </div>
   <div class='ocr_carea' id='block_1_54' title="bbox 73 1873 862 1918">
    <p class='ocr_par' dir='ltr' id='par_1_54' title="bbox 73 1873 862 1918">
     <span class='ocr_line' id='line_1_54' title="bbox 73 1873 862 1918; baseline -0.014 -9"><span class='ocrx_word' id='word_1_368' title='bbox 73 1882 226 1918; x_wconf 72' lang='grc' dir='ltr'>ιρινόντων</span> <span class='ocrx_word' id='word_1_369' title='bbox 240 1888 270 1906; x_wconf 88' lang='grc' dir='ltr'><strong>τε</strong></span> <span class='ocrx_word' id='word_1_370' title='bbox 284 1879 332 1906; x_wconf 79' lang='grc' dir='ltr'>καὶ</span> <span class='ocrx_word' id='word_1_371' title='bbox 353 1877 507 1912; x_wconf 75' lang='grc' dir='ltr'>συμψήφων</span> <span class='ocrx_word' id='word_1_372' title='bbox 527 1876 560 1910; x_wconf 82' lang='grc' dir='ltr'><strong>τῇ</strong></span> <span class='ocrx_word' id='word_1_373' title='bbox 575 1875 672 1910; x_wconf 82' lang='grc' dir='ltr'>γνώμῃ</span> <span class='ocrx_word' id='word_1_374' title='bbox 695 1873 862 1918; x_wconf 82' lang='grc' dir='ltr'>καθισταμέ-</span> 
     </span>
    </p>
   </div>
   <div class='ocr_carea' id='block_1_55' title="bbox 72 1917 867 1960">
    <p class='ocr_par' dir='ltr' id='par_1_55' title="bbox 72 1917 867 1960">
     <span class='ocr_line' id='line_1_55' title="bbox 72 1917 867 1960; baseline -0.014 -5"><span class='ocrx_word' id='word_1_375' title='bbox 72 1917 128 1954; x_wconf 80' lang='grc' dir='ltr'><strong>νων</strong></span> <span class='ocrx_word' id='word_1_376' title='bbox 144 1927 206 1958; x_wconf 77' lang='grc' dir='ltr'>τοὺς</span> <span class='ocrx_word' id='word_1_377' title='bbox 218 1925 318 1960; x_wconf 83' lang='grc' dir='ltr'>νόμους</span> <span class='ocrx_word' id='word_1_378' title='bbox 340 1923 471 1954; x_wconf 82' lang='grc' dir='ltr'>τιθέασιν,</span> <span class='ocrx_word' id='word_1_379' title='bbox 488 1921 559 1948; x_wconf 78' lang='grc' dir='ltr'>οὕτω</span> <span class='ocrx_word' id='word_1_380' title='bbox 574 1922 621 1948; x_wconf 78' lang='grc' dir='ltr'>καὶ</span> <span class='ocrx_word' id='word_1_381' title='bbox 639 1922 652 1947; x_wconf 82' lang='grc' dir='ltr'>ὁ</span> <span class='ocrx_word' id='word_1_382' title='bbox 669 1918 765 1955; x_wconf 86' lang='grc' dir='ltr'>Σωτὴρ</span> <span class='ocrx_word' id='word_1_383' title='bbox 789 1917 867 1953; x_wconf 82' lang='grc' dir='ltr'>ἡμῶν</span> 
     </span>
    </p>
   </div>
   <div class='ocr_carea' id='block_1_56' title="bbox 72 1961 866 2008">
    <p class='ocr_par' dir='ltr' id='par_1_56' title="bbox 72 1961 866 2008">
     <span class='ocr_line' id='line_1_56' title="bbox 72 1961 866 2008; baseline -0.015 -10"><span class='ocrx_word' id='word_1_384' title='bbox 72 1972 124 2008; x_wconf 80' lang='grc' dir='ltr'>τὴν</span> <span class='ocrx_word' id='word_1_385' title='bbox 137 1969 298 2006; x_wconf 79' lang='grc' dir='ltr'>νομοθεσίαν</span> <span class='ocrx_word' id='word_1_386' title='bbox 321 1967 474 2002; x_wconf 72' lang='grc' dir='ltr'>εἰσέφερεν,</span> <span class='ocrx_word' id='word_1_387' title='bbox 490 1965 548 1993; x_wconf 78' lang='grc' dir='ltr'>ἀλλ’</span> <span class='ocrx_word' id='word_1_388' title='bbox 559 1965 598 1996; x_wconf 84' lang='grc' dir='ltr'>ὡς</span> <span class='ocrx_word' id='word_1_389' title='bbox 617 1963 682 1995; x_wconf 76' lang='grc' dir='ltr'>Θεὸς</span> <span class='ocrx_word' id='word_1_390' title='bbox 704 1963 751 1990; x_wconf 72' lang='grc' dir='ltr'>καὶ</span> <span class='ocrx_word' id='word_1_391' title='bbox 763 1961 866 2008; x_wconf 81' lang='grc' dir='ltr'>Κύριος</span> 
     </span>
    </p>
   </div>
   <div class='ocr_carea' id='block_1_57' title="bbox 73 2007 867 2049">
    <p class='ocr_par' dir='ltr' id='par_1_57' title="bbox 73 2007 867 2049">
     <span class='ocr_line' id='line_1_57' title="bbox 73 2007 867 2049; baseline -0.014 -5"><span class='ocrx_word' id='word_1_392' title='bbox 73 2018 185 2045; x_wconf 78' lang='grc' dir='ltr'>πάντων</span> <span class='ocrx_word' id='word_1_393' title='bbox 201 2015 248 2042; x_wconf 78' lang='grc' dir='ltr'>καὶ</span> <span class='ocrx_word' id='word_1_394' title='bbox 262 2014 312 2049; x_wconf 79' lang='grc' dir='ltr'>τῆς</span> <span class='ocrx_word' id='word_1_395' title='bbox 330 2013 394 2048; x_wconf 82' lang='grc' dir='ltr'>ὅλης</span> <span class='ocrx_word' id='word_1_396' title='bbox 414 2011 578 2047; x_wconf 79' lang='grc' dir='ltr'>νομοθεσίας</span> <span class='ocrx_word' id='word_1_397' title='bbox 591 2009 674 2041; x_wconf 74' lang='grc' dir='ltr'>αὐτὸς</span> <span class='ocrx_word' id='word_1_398' title='bbox 690 2007 867 2044; x_wconf 76' lang='grc' dir='ltr'>ἐπανῃρημέ-</span> 
     </span>
    </p>
   </div>
   <div class='ocr_carea' id='block_1_58' title="bbox 925 941 1714 980">
    <p class='ocr_par' dir='ltr' id='par_1_58' title="bbox 925 941 1714 980">
     <span class='ocr_line' id='line_1_58' title="bbox 925 941 1714 980; baseline 0.006 -12"><span class='ocrx_word' id='word_1_399' title='bbox 925 941 1066 969; x_wconf 75' lang='lat' dir='ltr'><strong>ductionis</strong></span> <span class='ocrx_word' id='word_1_400' title='bbox 1078 942 1156 978; x_wconf 73' lang='lat' dir='ltr'><strong>legis,</strong></span> <span class='ocrx_word' id='word_1_401' title='bbox 1179 942 1251 970; x_wconf 90' lang='lat' dir='ltr'><strong>itaet</strong></span> <span class='ocrx_word' id='word_1_402' title='bbox 1267 948 1321 970; x_wconf 87' lang='lat' dir='ltr'><strong>non</strong></span> <span class='ocrx_word' id='word_1_403' title='bbox 1334 942 1564 978; x_wconf 85' lang='lat' dir='ltr'><strong>introductionis;</strong></span> <span class='ocrx_word' id='word_1_404' title='bbox 1586 951 1714 980; x_wconf 86' lang='lat' dir='ltr'><strong>quemad-</strong></span> 
     </span>
    </p>
   </div>
   <div class='ocr_carea' id='block_1_59' title="bbox 926 989 1716 1023">
    <p class='ocr_par' dir='ltr' id='par_1_59' title="bbox 926 989 1716 1023">
     <span class='ocr_line' id='line_1_59' title="bbox 926 989 1716 1023; baseline 0.003 -8"><span class='ocrx_word' id='word_1_405' title='bbox 926 989 1036 1016; x_wconf 85' lang='lat' dir='ltr'><strong>modum</strong></span> <span class='ocrx_word' id='word_1_406' title='bbox 1049 993 1139 1016; x_wconf 88' lang='lat' dir='ltr'><strong>autem</strong></span> <span class='ocrx_word' id='word_1_407' title='bbox 1153 996 1213 1016; x_wconf 89' lang='lat' dir='ltr'><strong>eam</strong></span> <span class='ocrx_word' id='word_1_408' title='bbox 1233 994 1339 1023; x_wconf 87' lang='lat' dir='ltr'><strong>poterat</strong></span> <span class='ocrx_word' id='word_1_409' title='bbox 1355 997 1410 1017; x_wconf 91' lang='lat' dir='ltr'><strong>non</strong></span> <span class='ocrx_word' id='word_1_410' title='bbox 1430 990 1616 1023; x_wconf 82' lang='lat' dir='ltr'><strong>introducere,</strong></span> <span class='ocrx_word' id='word_1_411' title='bbox 1635 992 1672 1018; x_wconf 92' lang='lat' dir='ltr'><strong>ita</strong></span> <span class='ocrx_word' id='word_1_412' title='bbox 1687 997 1716 1019; x_wconf 89' lang='lat' dir='ltr'><strong>et</strong></span> 
     </span>
    </p>
   </div>
   <div class='ocr_carea' id='block_1_60' title="bbox 925 1033 1713 1068">
    <p class='ocr_par' dir='ltr' id='par_1_60' title="bbox 925 1033 1713 1068">
     <span class='ocr_line' id='line_1_60' title="bbox 925 1033 1713 1068; baseline 0.003 -8"><span class='ocrx_word' id='word_1_413' title='bbox 925 1033 1112 1061; x_wconf 87' lang='lat' dir='ltr'><strong>introduxisse</strong></span> <span class='ocrx_word' id='word_1_414' title='bbox 1133 1033 1205 1065; x_wconf 86' lang='lat' dir='ltr'><strong>aliis,</strong></span> <span class='ocrx_word' id='word_1_415' title='bbox 1231 1040 1259 1061; x_wconf 89' lang='lat' dir='ltr'><strong>at</strong></span> <span class='ocrx_word' id='word_1_416' title='bbox 1279 1041 1333 1061; x_wconf 92' lang='lat' dir='ltr'><strong>non</strong></span> <span class='ocrx_word' id='word_1_417' title='bbox 1356 1035 1407 1061; x_wconf 86' lang='lat' dir='ltr'><strong>sibi</strong></span> <span class='ocrx_word' id='word_1_418' title='bbox 1434 1035 1637 1068; x_wconf 81' lang='lat' dir='ltr'><strong>introduxisse;</strong></span> <span class='ocrx_word' id='word_1_419' title='bbox 1659 1043 1713 1062; x_wconf 90' lang='lat' dir='ltr'><strong>non</strong></span> 
     </span>
    </p>
   </div>
   <div class='ocr_carea' id='block_1_61' title="bbox 924 1076 1714 1112">
    <p class='ocr_par' dir='ltr' id='par_1_61' title="bbox 924 1076 1714 1112">
     <span class='ocr_line' id='line_1_61' title="bbox 924 1076 1714 1112; baseline 0.004 -9"><span class='ocrx_word' id='word_1_420' title='bbox 924 1076 997 1103; x_wconf 84' lang='lat' dir='ltr'><strong>enim</strong></span> <span class='ocrx_word' id='word_1_421' title='bbox 1012 1077 1155 1110; x_wconf 87' lang='lat' dir='ltr'><strong>subjacere</strong></span> <span class='ocrx_word' id='word_1_422' title='bbox 1166 1076 1349 1110; x_wconf 73' lang='lat' dir='ltr'><strong>legislatorem</strong></span> <span class='ocrx_word' id='word_1_423' title='bbox 1366 1077 1434 1112; x_wconf 74' lang='lat' dir='ltr'><strong>legis</strong></span> <span class='ocrx_word' id='word_1_424' title='bbox 1448 1079 1645 1112; x_wconf 75' lang='lat' dir='ltr'><strong>obserVationi,</strong></span> <span class='ocrx_word' id='word_1_425' title='bbox 1665 1087 1714 1106; x_wconf 93' lang='lat' dir='ltr'><strong>cu-</strong></span> 
     </span>
    </p>
   </div>
   <div class='ocr_carea' id='block_1_62' title="bbox 921 1122 1714 1158">
    <p class='ocr_par' dir='ltr' id='par_1_62' title="bbox 921 1122 1714 1158">
     <span class='ocr_line' id='line_1_62' title="bbox 921 1122 1714 1158; baseline 0.003 -8"><span class='ocrx_word' id='word_1_426' title='bbox 921 1123 968 1157; x_wconf 87' lang='lat' dir='ltr'><strong>jus</strong></span> <span class='ocrx_word' id='word_1_427' title='bbox 982 1123 1105 1150; x_wconf 89' lang='lat' dir='ltr'><strong>custodia</strong></span> <span class='ocrx_word' id='word_1_428' title='bbox 1118 1122 1152 1150; x_wconf 88' lang='lat' dir='ltr'><strong>iis</strong></span> <span class='ocrx_word' id='word_1_429' title='bbox 1167 1130 1217 1158; x_wconf 93' lang='lat' dir='ltr'><strong>pro</strong></span> <span class='ocrx_word' id='word_1_430' title='bbox 1230 1123 1331 1158; x_wconf 88' lang='lat' dir='ltr'><strong>quibus</strong></span> <span class='ocrx_word' id='word_1_431' title='bbox 1347 1123 1418 1158; x_wconf 77' lang='lat' dir='ltr'><strong>leges</strong></span> <span class='ocrx_word' id='word_1_432' title='bbox 1434 1124 1560 1151; x_wconf 78' lang='lat' dir='ltr'><strong>feruntur</strong></span> <span class='ocrx_word' id='word_1_433' title='bbox 1587 1125 1714 1153; x_wconf 77' lang='lat' dir='ltr'><strong>Convenit</strong></span> 
     </span>
    </p>
   </div>
   <div class='ocr_carea' id='block_1_63' title="bbox 924 1167 1714 1204">
    <p class='ocr_par' dir='ltr' id='par_1_63' title="bbox 924 1167 1714 1204">
     <span class='ocr_line' id='line_1_63' title="bbox 924 1167 1714 1204; baseline 0.004 -9"><span class='ocrx_word' id='word_1_434' title='bbox 924 1169 1001 1196; x_wconf 86' lang='lat' dir='ltr'><strong>solis.</strong></span> <span class='ocrx_word' id='word_1_435' title='bbox 1018 1167 1053 1195; x_wconf 87' lang='lat' dir='ltr'><strong>Ut</strong></span> <span class='ocrx_word' id='word_1_436' title='bbox 1066 1169 1141 1195; x_wconf 87' lang='lat' dir='ltr'><strong>enim</strong></span> <span class='ocrx_word' id='word_1_437' title='bbox 1168 1169 1242 1204; x_wconf 83' lang='lat' dir='ltr'><strong>leges</strong></span> <span class='ocrx_word' id='word_1_438' title='bbox 1257 1173 1382 1196; x_wconf 86' lang='lat' dir='ltr'><strong>statuens</strong></span> <span class='ocrx_word' id='word_1_439' title='bbox 1398 1177 1446 1196; x_wconf 91' lang='lat' dir='ltr'><strong>rex</strong></span> <span class='ocrx_word' id='word_1_440' title='bbox 1470 1170 1573 1197; x_wconf 84' lang='lat' dir='ltr'><strong>civitati</strong></span> <span class='ocrx_word' id='word_1_441' title='bbox 1586 1176 1614 1198; x_wconf 88' lang='lat' dir='ltr'><strong>et</strong></span> <span class='ocrx_word' id='word_1_442' title='bbox 1629 1172 1714 1198; x_wconf 87' lang='lat' dir='ltr'><strong>admi-</strong></span> 
     </span>
    </p>
   </div>
   <div class='ocr_carea' id='block_1_64' title="bbox 924 1215 1713 1253">
    <p class='ocr_par' dir='ltr' id='par_1_64' title="bbox 924 1215 1713 1253">
     <span class='ocr_line' id='line_1_64' title="bbox 924 1215 1713 1253; baseline 0.005 -11"><span class='ocrx_word' id='word_1_443' title='bbox 924 1215 1142 1248; x_wconf 86' lang='lat' dir='ltr'><strong>nistrationibus,</strong></span> <span class='ocrx_word' id='word_1_444' title='bbox 1159 1223 1212 1243; x_wconf 91' lang='lat' dir='ltr'><strong>non</strong></span> <span class='ocrx_word' id='word_1_445' title='bbox 1228 1216 1330 1250; x_wconf 86' lang='lat' dir='ltr'><strong>quibus</strong></span> <span class='ocrx_word' id='word_1_446' title='bbox 1343 1221 1417 1251; x_wconf 85' lang='lat' dir='ltr'><strong>aptat</strong></span> <span class='ocrx_word' id='word_1_447' title='bbox 1431 1222 1459 1244; x_wconf 91' lang='lat' dir='ltr'><strong>et</strong></span> <span class='ocrx_word' id='word_1_448' title='bbox 1473 1218 1618 1245; x_wconf 85' lang='lat' dir='ltr'><strong>constituit</strong></span> <span class='ocrx_word' id='word_1_449' title='bbox 1642 1219 1713 1253; x_wconf 82' lang='lat' dir='ltr'><strong>regi-</strong></span> 
     </span>
    </p>
   </div>
   <div class='ocr_carea' id='block_1_65' title="bbox 923 1262 1714 1299">
    <p class='ocr_par' dir='ltr' id='par_1_65' title="bbox 923 1262 1714 1299">
     <span class='ocr_line' id='line_1_65' title="bbox 923 1262 1714 1299; baseline 0.006 -12"><span class='ocrx_word' id='word_1_450' title='bbox 923 1268 997 1293; x_wconf 89' lang='lat' dir='ltr'><strong>men,</strong></span> <span class='ocrx_word' id='word_1_451' title='bbox 1015 1262 1056 1289; x_wconf 86' lang='lat' dir='ltr'><strong>his</strong></span> <span class='ocrx_word' id='word_1_452' title='bbox 1070 1262 1190 1296; x_wconf 88' lang='lat' dir='ltr'><strong>seipsum</strong></span> <span class='ocrx_word' id='word_1_453' title='bbox 1210 1262 1313 1294; x_wconf 87' lang='lat' dir='ltr'><strong>subdit,</strong></span> <span class='ocrx_word' id='word_1_454' title='bbox 1328 1266 1356 1289; x_wconf 92' lang='lat' dir='ltr'><strong>et</strong></span> <span class='ocrx_word' id='word_1_455' title='bbox 1370 1262 1556 1296; x_wconf 84' lang='lat' dir='ltr'><strong>subjectorum</strong></span> <span class='ocrx_word' id='word_1_456' title='bbox 1571 1271 1637 1298; x_wconf 70' lang='lat' dir='ltr'><strong>ergo</strong></span> <span class='ocrx_word' id='word_1_457' title='bbox 1650 1272 1714 1299; x_wconf 86' lang='lat' dir='ltr'><strong>pro-</strong></span> 
     </span>
    </p>
   </div>
   <div class='ocr_carea' id='block_1_66' title="bbox 922 1307 1713 1342">
    <p class='ocr_par' dir='ltr' id='par_1_66' title="bbox 922 1307 1713 1342">
     <span class='ocr_line' id='line_1_66' title="bbox 922 1307 1713 1342; baseline 0.004 -8"><span class='ocrx_word' id='word_1_458' title='bbox 922 1308 1024 1334; x_wconf 83' lang='lat' dir='ltr'><strong>clamat</strong></span> <span class='ocrx_word' id='word_1_459' title='bbox 1045 1312 1073 1334; x_wconf 92' lang='lat' dir='ltr'><strong>et</strong></span> <span class='ocrx_word' id='word_1_460' title='bbox 1094 1309 1219 1342; x_wconf 82' lang='lat' dir='ltr'><strong>proxime</strong></span> <span class='ocrx_word' id='word_1_461' title='bbox 1240 1307 1306 1342; x_wconf 87' lang='lat' dir='ltr'><strong>ipsis</strong></span> <span class='ocrx_word' id='word_1_462' title='bbox 1333 1308 1458 1342; x_wconf 82' lang='lat' dir='ltr'><strong>posuisse</strong></span> <span class='ocrx_word' id='word_1_463' title='bbox 1483 1309 1596 1336; x_wconf 88' lang='lat' dir='ltr'><strong>lituilem</strong></span> <span class='ocrx_word' id='word_1_464' title='bbox 1613 1310 1713 1337; x_wconf 87' lang='lat' dir='ltr'><strong>decreti</strong></span> 
     </span>
    </p>
   </div>
   <div class='ocr_carea' id='block_1_67' title="bbox 923 1353 1714 1389">
    <p class='ocr_par' dir='ltr' id='par_1_67' title="bbox 923 1353 1714 1389">
     <span class='ocr_line' id='line_1_67' title="bbox 923 1353 1714 1389; baseline 0.004 -9"><span class='ocrx_word' id='word_1_465' title='bbox 923 1353 1023 1380; x_wconf 80' lang='lat' dir='ltr'><strong>astruit</strong></span> <span class='ocrx_word' id='word_1_466' title='bbox 1037 1362 1044 1381; x_wconf 75' lang='grc' dir='ltr'><strong>ι</strong></span> <span class='ocrx_word' id='word_1_467' title='bbox 1058 1359 1086 1380; x_wconf 88' lang='lat' dir='ltr'><strong>at</strong></span> <span class='ocrx_word' id='word_1_468' title='bbox 1102 1353 1160 1388; x_wconf 89' lang='lat' dir='ltr'><strong>ipse</strong></span> <span class='ocrx_word' id='word_1_469' title='bbox 1175 1353 1282 1388; x_wconf 81' lang='lat' dir='ltr'><strong>quidem</strong></span> <span class='ocrx_word' id='word_1_470' title='bbox 1298 1354 1325 1381; x_wconf 88' lang='lat' dir='ltr'><strong>in</strong></span> <span class='ocrx_word' id='word_1_471' title='bbox 1338 1354 1394 1381; x_wconf 87' lang='lat' dir='ltr'><strong>alto</strong></span> <span class='ocrx_word' id='word_1_472' title='bbox 1405 1354 1482 1381; x_wconf 85' lang='lat' dir='ltr'><strong>sedet</strong></span> <span class='ocrx_word' id='word_1_473' title='bbox 1495 1355 1597 1389; x_wconf 84' lang='lat' dir='ltr'><strong>politici</strong></span> <span class='ocrx_word' id='word_1_474' title='bbox 1609 1355 1714 1384; x_wconf 85' lang='lat' dir='ltr'><strong>ordinis</strong></span> 
     </span>
    </p>
   </div>
   <div class='ocr_carea' id='block_1_68' title="bbox 922 1400 1714 1435">
    <p class='ocr_par' dir='ltr' id='par_1_68' title="bbox 922 1400 1714 1435">
     <span class='ocr_line' id='line_1_68' title="bbox 922 1400 1714 1435; baseline 0.005 -9"><span class='ocrx_word' id='word_1_475' title='bbox 922 1405 950 1427; x_wconf 86' lang='lat' dir='ltr'><strong>et</strong></span> <span class='ocrx_word' id='word_1_476' title='bbox 967 1400 1126 1434; x_wconf 81' lang='lat' dir='ltr'><strong>ministerii;</strong></span> <span class='ocrx_word' id='word_1_477' title='bbox 1146 1401 1268 1435; x_wconf 72' lang='lat' dir='ltr'><strong>regimen</strong></span> <span class='ocrx_word' id='word_1_478' title='bbox 1286 1405 1379 1428; x_wconf 88' lang='lat' dir='ltr'><strong>autem</strong></span> <span class='ocrx_word' id='word_1_479' title='bbox 1395 1401 1453 1429; x_wconf 88' lang='lat' dir='ltr'><strong>suis</strong></span> <span class='ocrx_word' id='word_1_480' title='bbox 1467 1402 1589 1429; x_wconf 88' lang='lat' dir='ltr'><strong>continet</strong></span> <span class='ocrx_word' id='word_1_481' title='bbox 1604 1407 1632 1430; x_wconf 88' lang='lat' dir='ltr'><strong>et</strong></span> <span class='ocrx_word' id='word_1_482' title='bbox 1646 1410 1714 1430; x_wconf 88' lang='lat' dir='ltr'><strong>con-</strong></span> 
     </span>
    </p>
   </div>
   <div class='ocr_carea' id='block_1_69' title="bbox 923 1447 1715 1481">
    <p class='ocr_par' dir='ltr' id='par_1_69' title="bbox 923 1447 1715 1481">
     <span class='ocr_line' id='line_1_69' title="bbox 923 1447 1715 1481; baseline 0.004 -9"><span class='ocrx_word' id='word_1_483' title='bbox 923 1450 1014 1473; x_wconf 83' lang='lat' dir='ltr'><strong>servat</strong></span> <span class='ocrx_word' id='word_1_484' title='bbox 1028 1447 1186 1481; x_wconf 75' lang='lat' dir='ltr'><strong>prtrceptis;</strong></span> <span class='ocrx_word' id='word_1_485' title='bbox 1203 1447 1244 1474; x_wconf 84' lang='lat' dir='ltr'><strong>sic</strong></span> <span class='ocrx_word' id='word_1_486' title='bbox 1253 1451 1281 1473; x_wconf 89' lang='lat' dir='ltr'><strong>et</strong></span> <span class='ocrx_word' id='word_1_487' title='bbox 1296 1448 1390 1474; x_wconf 89' lang='lat' dir='ltr'><strong>mundi</strong></span> <span class='ocrx_word' id='word_1_488' title='bbox 1406 1448 1519 1475; x_wconf 77' lang='lat' dir='ltr'><strong>Creator</strong></span> <span class='ocrx_word' id='word_1_489' title='bbox 1534 1453 1561 1475; x_wconf 89' lang='lat' dir='ltr'><strong>et</strong></span> <span class='ocrx_word' id='word_1_490' title='bbox 1574 1449 1715 1476; x_wconf 87' lang='lat' dir='ltr'><strong>universo-</strong></span> 
     </span>
    </p>
   </div>
   <div class='ocr_carea' id='block_1_70' title="bbox 922 1493 1713 1530">
    <p class='ocr_par' dir='ltr' id='par_1_70' title="bbox 922 1493 1713 1530">
     <span class='ocr_line' id='line_1_70' title="bbox 922 1493 1713 1530; baseline 0.003 -10"><span class='ocrx_word' id='word_1_491' title='bbox 922 1500 983 1520; x_wconf 86' lang='lat' dir='ltr'><strong>rum</strong></span> <span class='ocrx_word' id='word_1_492' title='bbox 1003 1500 1051 1521; x_wconf 84' lang='lat' dir='ltr'><strong>rex</strong></span> <span class='ocrx_word' id='word_1_493' title='bbox 1074 1493 1149 1528; x_wconf 79' lang='lat' dir='ltr'><strong>leges</strong></span> <span class='ocrx_word' id='word_1_494' title='bbox 1180 1494 1291 1520; x_wconf 81' lang='lat' dir='ltr'><strong>tradidit</strong></span> <span class='ocrx_word' id='word_1_495' title='bbox 1312 1494 1390 1528; x_wconf 80' lang='lat' dir='ltr'><strong>juxta</strong></span> <span class='ocrx_word' id='word_1_496' title='bbox 1409 1497 1533 1528; x_wconf 85' lang='lat' dir='ltr'><strong>tempora</strong></span> <span class='ocrx_word' id='word_1_497' title='bbox 1557 1494 1591 1522; x_wconf 84' lang='lat' dir='ltr'><strong>iis</strong></span> <span class='ocrx_word' id='word_1_498' title='bbox 1610 1495 1655 1530; x_wconf 85' lang='lat' dir='ltr'><strong>qui</strong></span> <span class='ocrx_word' id='word_1_499' title='bbox 1686 1495 1713 1522; x_wconf 90' lang='lat' dir='ltr'><strong>in</strong></span> 
     </span>
    </p>
   </div>
   <div class='ocr_carea' id='block_1_71' title="bbox 922 1539 1712 1575">
    <p class='ocr_par' dir='ltr' id='par_1_71' title="bbox 922 1539 1712 1575">
     <span class='ocr_line' id='line_1_71' title="bbox 922 1539 1712 1575; baseline 0.001 -9"><span class='ocrx_word' id='word_1_500' title='bbox 922 1539 1026 1566; x_wconf 91' lang='lat' dir='ltr'><strong>mundo</strong></span> <span class='ocrx_word' id='word_1_501' title='bbox 1054 1543 1130 1572; x_wconf 86' lang='lat' dir='ltr'><strong>sunt,</strong></span> <span class='ocrx_word' id='word_1_502' title='bbox 1158 1546 1208 1573; x_wconf 88' lang='lat' dir='ltr'><strong>per</strong></span> <span class='ocrx_word' id='word_1_503' title='bbox 1234 1546 1302 1574; x_wconf 83' lang='lat' dir='ltr'><strong>quas</strong></span> <span class='ocrx_word' id='word_1_504' title='bbox 1325 1539 1425 1566; x_wconf 81' lang='lat' dir='ltr'><strong>licebat</strong></span> <span class='ocrx_word' id='word_1_505' title='bbox 1451 1540 1572 1574; x_wconf 90' lang='lat' dir='ltr'><strong>ipsorum</strong></span> <span class='ocrx_word' id='word_1_506' title='bbox 1601 1540 1712 1575; x_wconf 84' lang='lat' dir='ltr'><strong>quidem</strong></span> 
     </span>
    </p>
   </div>
   <div class='ocr_carea' id='block_1_72' title="bbox 467 1581 873 1634">
    <p class='ocr_par' dir='ltr' id='par_1_72' title="bbox 467 1581 869 1634">
     <span class='ocr_line' id='line_1_72' title="bbox 467 1581 869 1634; baseline -0.007 -10"><span class='ocrx_word' id='word_1_507' title='bbox 512 1581 602 1624; x_wconf 55' lang='grc' dir='ltr'>αὐτων</span> <span class='ocrx_word' id='word_1_508' title='bbox 621 1581 674 1629; x_wconf 71' lang='grc' dir='ltr'>μὲν</span> <span class='ocrx_word' id='word_1_509' title='bbox 690 1596 740 1631; x_wconf 82' lang='grc' dir='ltr'>τὴν</span> <span class='ocrx_word' id='word_1_510' title='bbox 755 1581 869 1630; x_wconf 55' lang='grc' dir='ltr'>γνιῖλμην</span> 
     </span>
    </p>
   </div>
   <div class='ocr_carea' id='block_1_73' title="bbox 961 1581 1713 1634">
    <p class='ocr_par' dir='ltr' id='par_1_73' title="bbox 961 1585 1713 1620">
     <span class='ocr_line' id='line_1_73' title="bbox 961 1585 1713 1620; baseline 0.003 -9"><span class='ocrx_word' id='word_1_511' title='bbox 961 1589 1039 1612; x_wconf 60' lang='lat' dir='ltr'><strong>antem</strong></span> <span class='ocrx_word' id='word_1_512' title='bbox 1056 1585 1089 1612; x_wconf 88' lang='lat' dir='ltr'><strong>ad</strong></span> <span class='ocrx_word' id='word_1_513' title='bbox 1109 1585 1205 1612; x_wconf 83' lang='lat' dir='ltr'><strong>melius</strong></span> <span class='ocrx_word' id='word_1_514' title='bbox 1220 1586 1347 1612; x_wconf 87' lang='lat' dir='ltr'><strong>ordinare</strong></span> <span class='ocrx_word' id='word_1_515' title='bbox 1363 1591 1390 1612; x_wconf 89' lang='lat' dir='ltr'><strong>et</strong></span> <span class='ocrx_word' id='word_1_516' title='bbox 1403 1585 1557 1618; x_wconf 88' lang='lat' dir='ltr'><strong>instituere,</strong></span> <span class='ocrx_word' id='word_1_517' title='bbox 1576 1585 1634 1620; x_wconf 85' lang='lat' dir='ltr'><strong>ipse</strong></span> <span class='ocrx_word' id='word_1_518' title='bbox 1648 1593 1713 1613; x_wconf 86' lang='lat' dir='ltr'><strong>vero</strong></span> 
     </span>
    </p>
   </div>
   <div class='ocr_carea' id='block_1_74' title="bbox 921 1629 1713 1665">
    <p class='ocr_par' dir='ltr' id='par_1_74' title="bbox 921 1629 1713 1665">
     <span class='ocr_line' id='line_1_74' title="bbox 921 1629 1713 1665; baseline 0.001 -9"><span class='ocrx_word' id='word_1_519' title='bbox 921 1629 982 1657; x_wconf 85' lang='lat' dir='ltr'><strong>talis</strong></span> <span class='ocrx_word' id='word_1_520' title='bbox 1008 1630 1188 1664; x_wconf 69' lang='lat' dir='ltr'><strong>providentia</strong></span> <span class='ocrx_word' id='word_1_521' title='bbox 1213 1637 1268 1657; x_wconf 89' lang='lat' dir='ltr'><strong>non</strong></span> <span class='ocrx_word' id='word_1_522' title='bbox 1285 1630 1410 1665; x_wconf 74' lang='lat' dir='ltr'><strong>indigens</strong></span> <span class='ocrx_word' id='word_1_523' title='bbox 1428 1635 1489 1657; x_wconf 84' lang='lat' dir='ltr'><strong>erat</strong></span> <span class='ocrx_word' id='word_1_524' title='bbox 1517 1635 1545 1658; x_wconf 90' lang='lat' dir='ltr'><strong>et</strong></span> <span class='ocrx_word' id='word_1_525' title='bbox 1560 1631 1656 1658; x_wconf 88' lang='lat' dir='ltr'><strong>melior</strong></span> <span class='ocrx_word' id='word_1_526' title='bbox 1681 1631 1713 1657; x_wconf 89' lang='lat' dir='ltr'><strong>iis</strong></span> 
     </span>
    </p>
   </div>
   <div class='ocr_carea' id='block_1_75' title="bbox 920 1676 1711 1712">
    <p class='ocr_par' dir='ltr' id='par_1_75' title="bbox 920 1676 1711 1712">
     <span class='ocr_line' id='line_1_75' title="bbox 920 1676 1711 1712; baseline 0.001 -9"><span class='ocrx_word' id='word_1_527' title='bbox 920 1682 963 1703; x_wconf 87' lang='lat' dir='ltr'><strong>est</strong></span> <span class='ocrx_word' id='word_1_528' title='bbox 979 1676 1081 1711; x_wconf 89' lang='lat' dir='ltr'><strong>quibus</strong></span> <span class='ocrx_word' id='word_1_529' title='bbox 1097 1677 1214 1711; x_wconf 77' lang='lat' dir='ltr'><strong>benigne</strong></span> <span class='ocrx_word' id='word_1_530' title='bbox 1233 1676 1382 1711; x_wconf 86' lang='lat' dir='ltr'><strong>providens</strong></span> <span class='ocrx_word' id='word_1_531' title='bbox 1399 1677 1498 1704; x_wconf 87' lang='lat' dir='ltr'><strong>ditavit</strong></span> <span class='ocrx_word' id='word_1_532' title='bbox 1514 1678 1711 1712; x_wconf 87' lang='lat' dir='ltr'><strong>subjectionem</strong></span> 
     </span>
    </p>
   </div>
   <div class='ocr_carea' id='block_1_76' title="bbox 922 1722 1711 1757">
    <p class='ocr_par' dir='ltr' id='par_1_76' title="bbox 922 1722 1711 1757">
     <span class='ocr_line' id='line_1_76' title="bbox 922 1722 1711 1757; baseline 0.003 -9"><span class='ocrx_word' id='word_1_533' title='bbox 922 1727 951 1749; x_wconf 90' lang='lat' dir='ltr'><strong>ut</strong></span> <span class='ocrx_word' id='word_1_534' title='bbox 964 1722 1071 1750; x_wconf 86' lang='lat' dir='ltr'><strong>illarum</strong></span> <span class='ocrx_word' id='word_1_535' title='bbox 1084 1723 1245 1757; x_wconf 82' lang='lat' dir='ltr'><strong>exciperent</strong></span> <span class='ocrx_word' id='word_1_536' title='bbox 1261 1723 1408 1750; x_wconf 78' lang='lat' dir='ltr'><strong>utilitatem</strong></span> <span class='ocrx_word' id='word_1_537' title='bbox 1426 1733 1433 1751; x_wconf 87' lang='lat'><strong><em>:</em></strong></span> <span class='ocrx_word' id='word_1_538' title='bbox 1461 1731 1515 1750; x_wconf 92' lang='lat' dir='ltr'><strong>non</strong></span> <span class='ocrx_word' id='word_1_539' title='bbox 1531 1724 1603 1750; x_wconf 88' lang='lat' dir='ltr'><strong>enim</strong></span> <span class='ocrx_word' id='word_1_540' title='bbox 1619 1728 1648 1751; x_wconf 92' lang='lat' dir='ltr'><strong>ut</strong></span> <span class='ocrx_word' id='word_1_541' title='bbox 1666 1724 1711 1751; x_wconf 91' lang='lat' dir='ltr'><strong>alii</strong></span> 
     </span>
    </p>
   </div>
   <div class='ocr_carea' id='block_1_77' title="bbox 922 1767 1712 1803">
    <p class='ocr_par' dir='ltr' id='par_1_77' title="bbox 922 1767 1712 1803">
     <span class='ocr_line' id='line_1_77' title="bbox 922 1767 1712 1803; baseline 0.003 -9"><span class='ocrx_word' id='word_1_542' title='bbox 922 1767 1092 1803; x_wconf 73' lang='lat' dir='ltr'><strong>legislatures</strong></span> <span class='ocrx_word' id='word_1_543' title='bbox 1119 1768 1167 1802; x_wconf 87' lang='lat' dir='ltr'><strong>qui</strong></span> <span class='ocrx_word' id='word_1_544' title='bbox 1186 1769 1280 1795; x_wconf 88' lang='lat' dir='ltr'><strong>multis</strong></span> <span class='ocrx_word' id='word_1_545' title='bbox 1309 1768 1372 1796; x_wconf 89' lang='lat' dir='ltr'><strong>aliis</strong></span> <span class='ocrx_word' id='word_1_546' title='bbox 1398 1776 1451 1795; x_wconf 93' lang='lat' dir='ltr'><strong>una</strong></span> <span class='ocrx_word' id='word_1_547' title='bbox 1478 1768 1666 1803; x_wconf 84' lang='lat' dir='ltr'><strong>judicantibus</strong></span> <span class='ocrx_word' id='word_1_548' title='bbox 1684 1774 1712 1797; x_wconf 90' lang='lat' dir='ltr'><strong>et</strong></span> 
     </span>
    </p>
   </div>
   <div class='ocr_carea' id='block_1_78' title="bbox 919 1814 1713 1849">
    <p class='ocr_par' dir='ltr' id='par_1_78' title="bbox 919 1814 1713 1849">
     <span class='ocr_line' id='line_1_78' title="bbox 919 1814 1713 1849; baseline 0.003 -7"><span class='ocrx_word' id='word_1_549' title='bbox 919 1815 1156 1843; x_wconf 88' lang='lat' dir='ltr'><strong>consentientibus</strong></span> <span class='ocrx_word' id='word_1_550' title='bbox 1171 1815 1340 1842; x_wconf 82' lang='lat' dir='ltr'><strong>stabilientes</strong></span> <span class='ocrx_word' id='word_1_551' title='bbox 1357 1816 1430 1849; x_wconf 68' lang='lat' dir='ltr'><strong>leges</strong></span> <span class='ocrx_word' id='word_1_552' title='bbox 1442 1814 1544 1848; x_wconf 82' lang='lat' dir='ltr'><strong>ferunt,</strong></span> <span class='ocrx_word' id='word_1_553' title='bbox 1559 1816 1600 1843; x_wconf 84' lang='lat' dir='ltr'><strong>sic</strong></span> <span class='ocrx_word' id='word_1_554' title='bbox 1612 1821 1639 1843; x_wconf 90' lang='lat' dir='ltr'><strong>et</strong></span> <span class='ocrx_word' id='word_1_555' title='bbox 1652 1816 1713 1844; x_wconf 85' lang='lat' dir='ltr'><strong>Sal-</strong></span> 
     </span>
    </p>
   </div>
   <div class='ocr_carea' id='block_1_79' title="bbox 920 1860 1711 1895">
    <p class='ocr_par' dir='ltr' id='par_1_79' title="bbox 920 1860 1711 1895">
     <span class='ocr_line' id='line_1_79' title="bbox 920 1860 1711 1895; baseline 0.003 -8"><span class='ocrx_word' id='word_1_556' title='bbox 920 1865 996 1887; x_wconf 90' lang='lat' dir='ltr'><strong>vator</strong></span> <span class='ocrx_word' id='word_1_557' title='bbox 1020 1865 1112 1887; x_wconf 83' lang='lat' dir='ltr'><strong>noster</strong></span> <span class='ocrx_word' id='word_1_558' title='bbox 1131 1860 1329 1895; x_wconf 77' lang='lat' dir='ltr'><strong>legislatiouem</strong></span> <span class='ocrx_word' id='word_1_559' title='bbox 1350 1861 1464 1893; x_wconf 84' lang='lat' dir='ltr'><strong>invexit,</strong></span> <span class='ocrx_word' id='word_1_560' title='bbox 1483 1862 1530 1888; x_wconf 84' lang='lat' dir='ltr'><strong>sed</strong></span> <span class='ocrx_word' id='word_1_561' title='bbox 1545 1866 1574 1888; x_wconf 90' lang='lat' dir='ltr'><strong>ut</strong></span> <span class='ocrx_word' id='word_1_562' title='bbox 1595 1862 1665 1889; x_wconf 83' lang='lat' dir='ltr'><strong>Deus</strong></span> <span class='ocrx_word' id='word_1_563' title='bbox 1684 1868 1711 1890; x_wconf 87' lang='lat' dir='ltr'><strong>et</strong></span> 
     </span>
    </p>
   </div>
   <div class='ocr_carea' id='block_1_80' title="bbox 918 1906 1711 1942">
    <p class='ocr_par' dir='ltr' id='par_1_80' title="bbox 918 1906 1711 1942">
     <span class='ocr_line' id='line_1_80' title="bbox 918 1906 1711 1942; baseline 0.005 -10"><span class='ocrx_word' id='word_1_564' title='bbox 918 1906 1050 1933; x_wconf 88' lang='lat' dir='ltr'><strong>Dominus</strong></span> <span class='ocrx_word' id='word_1_565' title='bbox 1062 1906 1186 1933; x_wconf 89' lang='lat' dir='ltr'><strong>omnium</strong></span> <span class='ocrx_word' id='word_1_566' title='bbox 1201 1910 1228 1933; x_wconf 91' lang='lat' dir='ltr'><strong>et</strong></span> <span class='ocrx_word' id='word_1_567' title='bbox 1239 1910 1294 1933; x_wconf 86' lang='lat' dir='ltr'><strong>tota</strong></span> <span class='ocrx_word' id='word_1_568' title='bbox 1317 1907 1487 1942; x_wconf 76' lang='lat' dir='ltr'><strong>legislatione</strong></span> <span class='ocrx_word' id='word_1_569' title='bbox 1503 1908 1561 1942; x_wconf 88' lang='lat' dir='ltr'><strong>ipse</strong></span> <span class='ocrx_word' id='word_1_570' title='bbox 1577 1908 1711 1936; x_wconf 83' lang='lat' dir='ltr'><strong>excelsior</strong></span> 
     </span>
    </p>
   </div>
   <div class='ocr_carea' id='block_1_81' title="bbox 916 1954 1710 1993">
    <p class='ocr_par' dir='ltr' id='par_1_81' title="bbox 916 1954 1710 1993">
     <span class='ocr_line' id='line_1_81' title="bbox 916 1954 1710 1993; baseline 0 -10"><span class='ocrx_word' id='word_1_571' title='bbox 916 1960 1061 1993; x_wconf 87' lang='lat' dir='ltr'><strong>potestate.</strong></span> <span class='ocrx_word' id='word_1_572' title='bbox 1070 1954 1132 1983; x_wconf 86' lang='lat' dir='ltr'><strong>Ideo</strong></span> <span class='ocrx_word' id='word_1_573' title='bbox 1143 1962 1255 1983; x_wconf 88' lang='lat' dir='ltr'><strong>necesse</strong></span> <span class='ocrx_word' id='word_1_574' title='bbox 1269 1959 1310 1982; x_wconf 88' lang='lat' dir='ltr'><strong>est</strong></span> <span class='ocrx_word' id='word_1_575' title='bbox 1327 1955 1379 1982; x_wconf 91' lang='lat' dir='ltr'><strong>hoc</strong></span> <span class='ocrx_word' id='word_1_576' title='bbox 1391 1955 1500 1990; x_wconf 89' lang='lat' dir='ltr'><strong>quidem</strong></span> <span class='ocrx_word' id='word_1_577' title='bbox 1513 1955 1571 1990; x_wconf 75' lang='lat' dir='ltr'><strong>lege</strong></span> <span class='ocrx_word' id='word_1_578' title='bbox 1582 1955 1710 1983; x_wconf 84' lang='lat' dir='ltr'><strong>stabilitis</strong></span> 
     </span>
    </p>
   </div>
   <div class='ocr_carea' id='block_1_82' title="bbox 921 2001 1711 2038">
    <p class='ocr_par' dir='ltr' id='par_1_82' title="bbox 921 2001 1711 2038">
     <span class='ocr_line' id='line_1_82' title="bbox 921 2001 1711 2038; baseline -0.003 -7"><span class='ocrx_word' id='word_1_579' title='bbox 921 2002 1077 2038; x_wconf 68' lang='lat' dir='ltr'><strong>subiacere,</strong></span> <span class='ocrx_word' id='word_1_580' title='bbox 1093 2002 1167 2029; x_wconf 90' lang='lat' dir='ltr'><strong>hunc</strong></span> <span class='ocrx_word' id='word_1_581' title='bbox 1183 2007 1274 2028; x_wconf 86' lang='lat' dir='ltr'><strong>autem</strong></span> <span class='ocrx_word' id='word_1_582' title='bbox 1289 2001 1360 2028; x_wconf 90' lang='lat' dir='ltr'><strong>ratio</strong></span> <span class='ocrx_word' id='word_1_583' title='bbox 1371 2001 1460 2028; x_wconf 77' lang='lat' dir='ltr'><strong>omnis</strong></span> <span class='ocrx_word' id='word_1_584' title='bbox 1472 2001 1568 2029; x_wconf 85' lang='lat' dir='ltr'><strong>eximit</strong></span> <span class='ocrx_word' id='word_1_585' title='bbox 1580 2002 1652 2037; x_wconf 91' lang='lat' dir='ltr'><strong>quod</strong></span> <span class='ocrx_word' id='word_1_586' title='bbox 1668 2010 1711 2030; x_wconf 88' lang='lat' dir='ltr'><strong>re-</strong></span> 
     </span>
    </p>
   </div>
   <div class='ocr_carea' id='block_1_83' title="bbox 71 2046 873 2097">
    <p class='ocr_par' dir='ltr' id='par_1_83' title="bbox 71 2046 870 2097">
     <span class='ocr_line' id='line_1_83' title="bbox 71 2046 870 2097; baseline -0.015 -7"><span class='ocrx_word' id='word_1_587' title='bbox 71 2072 119 2096; x_wconf 78' lang='grc' dir='ltr'><strong>νος</strong></span> <span class='ocrx_word' id='word_1_588' title='bbox 136 2063 167 2089; x_wconf 75' lang='grc' dir='ltr'><strong>τὸ</strong></span> <span class='ocrx_word' id='word_1_589' title='bbox 180 2046 295 2097; x_wconf 49' lang='grc' dir='ltr'>κράτοςί</span> <span class='ocrx_word' id='word_1_590' title='bbox 314 2046 414 2093; x_wconf 82' lang='grc' dir='ltr'>Διόπερ</span> <span class='ocrx_word' id='word_1_591' title='bbox 437 2057 545 2092; x_wconf 78' lang='grc' dir='ltr'>ἀνάγκη</span> <span class='ocrx_word' id='word_1_592' title='bbox 564 2056 629 2086; x_wconf 84' lang='grc' dir='ltr'>τοὺς</span> <span class='ocrx_word' id='word_1_593' title='bbox 654 2055 703 2090; x_wconf 75' lang='grc' dir='ltr'>μὲν</span> <span class='ocrx_word' id='word_1_594' title='bbox 716 2055 773 2085; x_wconf 74' lang='grc' dir='ltr'>τοῖς</span> <span class='ocrx_word' id='word_1_595' title='bbox 789 2061 870 2088; x_wconf 80' lang='grc' dir='ltr'>νομο-</span> 
     </span>
    </p>
   </div>
   <div class='ocr_carea' id='block_1_84' title="bbox 961 2046 1599 2097">
    <p class='ocr_par' dir='ltr' id='par_1_84' title="bbox 961 2046 1599 2082">
     <span class='ocr_line' id='line_1_84' title="bbox 961 2046 1599 2082; baseline -0.002 -7"><span class='ocrx_word' id='word_1_596' title='bbox 961 2048 1008 2082; x_wconf 27' lang='grc' dir='ltr'>ηιιίε</span> <span class='ocrx_word' id='word_1_597' title='bbox 1025 2047 1154 2075; x_wconf 88' lang='lat' dir='ltr'><strong>omnibus</strong></span> <span class='ocrx_word' id='word_1_598' title='bbox 1167 2046 1193 2073; x_wconf 89' lang='lat' dir='ltr'><strong>in</strong></span> <span class='ocrx_word' id='word_1_599' title='bbox 1208 2047 1374 2073; x_wconf 90' lang='lat' dir='ltr'><strong>immensum</strong></span> <span class='ocrx_word' id='word_1_600' title='bbox 1388 2047 1599 2080; x_wconf 83' lang='lat' dir='ltr'><strong>superemineat.</strong></span> 
     </span>
    </p>
   </div>
   <div class='ocr_carea' id='block_1_85' title="bbox 70 2093 1709 2146">
    <p class='ocr_par' dir='ltr' id='par_1_85' title="bbox 70 2093 1709 2146">
     <span class='ocr_line' id='line_1_85' title="bbox 70 2093 1709 2146; baseline -0.016 -8"><span class='ocrx_word' id='word_1_601' title='bbox 70 2093 425 2146; x_wconf 47' lang='lat' dir='ltr'><strong>Oeeqﬂa‘t’o&#39;tvuxo-rezdxﬂat,</strong></span> <span class='ocrx_word' id='word_1_602' title='bbox 431 2105 509 2132; x_wconf 77' lang='grc' dir='ltr'>τδνδὲ</span> <span class='ocrx_word' id='word_1_603' title='bbox 517 2105 596 2139; x_wconf 86' lang='grc' dir='ltr'>λόγος</span> <span class='ocrx_word' id='word_1_604' title='bbox 606 2103 678 2134; x_wconf 71' lang='grc' dir='ltr'>ἅπας</span> <span class='ocrx_word' id='word_1_605' title='bbox 688 2101 792 2138; x_wconf 77' lang='grc' dir='ltr'>ἐξαίρει</span> <span class='ocrx_word' id='word_1_606' title='bbox 805 2101 842 2136; x_wconf 81' lang='grc' dir='ltr'>μὴ</span> <span class='ocrx_word' id='word_1_607' title='bbox 849 2098 909 2134; x_wconf 70' lang='grc' dir='ltr'>οὐχὶ</span> <span class='ocrx_word' id='word_1_608' title='bbox 916 2097 974 2146; x_wconf 69' lang='grc' dir='ltr'>τῶν</span> <span class='ocrx_word' id='word_1_609' title='bbox 979 2095 1067 2146; x_wconf 72' lang='grc' dir='ltr'>ἄλλων</span> <span class='ocrx_word' id='word_1_610' title='bbox 1075 2095 1203 2146; x_wconf 77' lang='grc' dir='ltr'>ἁπάντων</span> <span class='ocrx_word' id='word_1_611' title='bbox 1214 2093 1709 2146; x_wconf 35' lang='grc' dir='ltr'>καθὶὺτῖερδολῂγ,ὁπεριξνεστηκέναιῗ</span> 
     </span>
    </p>
   </div>
   <div class='ocr_carea' id='block_1_86' title="bbox 115 2143 873 2191">
    <p class='ocr_par' dir='ltr' id='par_1_86' title="bbox 115 2143 869 2191">
     <span class='ocr_line' id='line_1_86' title="bbox 115 2143 869 2191; baseline -0.016 -6"><span class='ocrx_word' id='word_1_612' title='bbox 115 2143 199 2185; x_wconf 68' lang='grc' dir='ltr'><strong>’Ᾰλλὰ</strong></span> <span class='ocrx_word' id='word_1_613' title='bbox 213 2164 259 2191; x_wconf 86' lang='grc' dir='ltr'><strong>μοι</strong></span> <span class='ocrx_word' id='word_1_614' title='bbox 275 2154 356 2190; x_wconf 82' lang='grc' dir='ltr'>δεῦρο</span> <span class='ocrx_word' id='word_1_615' title='bbox 371 2153 419 2180; x_wconf 77' lang='grc' dir='ltr'>καὶ</span> <span class='ocrx_word' id='word_1_616' title='bbox 438 2153 497 2178; x_wconf 70' lang='grc' dir='ltr'>τόδε</span> <span class='ocrx_word' id='word_1_617' title='bbox 517 2151 732 2178; x_wconf 88' lang='grc' dir='ltr'>συνεπισκόπει·</span> <span class='ocrx_word' id='word_1_618' title='bbox 750 2150 764 2176; x_wconf 84' lang='grc' dir='ltr'><strong>ό</strong></span> <span class='ocrx_word' id='word_1_619' title='bbox 787 2149 869 2183; x_wconf 85' lang='grc' dir='ltr'>νόμος</span> 
     </span>
    </p>
   </div>
   <div class='ocr_carea' id='block_1_87' title="bbox 961 2143 1709 2191">
    <p class='ocr_par' dir='ltr' id='par_1_87' title="bbox 961 2143 1709 2179">
     <span class='ocr_line' id='line_1_87' title="bbox 961 2143 1709 2179; baseline -0.001 -7"><span class='ocrx_word' id='word_1_620' title='bbox 961 2144 1012 2172; x_wconf 85' lang='lat' dir='ltr'><strong>Sed</strong></span> <span class='ocrx_word' id='word_1_621' title='bbox 1028 2151 1134 2171; x_wconf 83' lang='lat' dir='ltr'><strong>mecum</strong></span> <span class='ocrx_word' id='word_1_622' title='bbox 1154 2143 1197 2171; x_wconf 92' lang='lat' dir='ltr'><strong>hic</strong></span> <span class='ocrx_word' id='word_1_623' title='bbox 1214 2149 1241 2171; x_wconf 93' lang='lat' dir='ltr'><strong>et</strong></span> <span class='ocrx_word' id='word_1_624' title='bbox 1257 2143 1322 2170; x_wconf 92' lang='lat' dir='ltr'><strong>illud</strong></span> <span class='ocrx_word' id='word_1_625' title='bbox 1339 2143 1482 2170; x_wconf 89' lang='lat' dir='ltr'><strong>considera</strong></span> <span class='ocrx_word' id='word_1_626' title='bbox 1497 2151 1504 2170; x_wconf 92' lang='lat'><strong>:</strong></span> <span class='ocrx_word' id='word_1_627' title='bbox 1527 2143 1570 2171; x_wconf 89' lang='lat' dir='ltr'><strong>lex</strong></span> <span class='ocrx_word' id='word_1_628' title='bbox 1584 2152 1644 2171; x_wconf 89' lang='lat' dir='ltr'><strong>eum</strong></span> <span class='ocrx_word' id='word_1_629' title='bbox 1661 2145 1709 2179; x_wconf 92' lang='lat' dir='ltr'><strong>qui</strong></span> 
     </span>
    </p>
   </div>
   <div class='ocr_carea' id='block_1_88' title="bbox 70 2194 869 2237">
    <p class='ocr_par' dir='ltr' id='par_1_88' title="bbox 70 2194 869 2237">
     <span class='ocr_line' id='line_1_88' title="bbox 70 2194 869 2237; baseline -0.015 -5"><span class='ocrx_word' id='word_1_630' title='bbox 70 2204 118 2232; x_wconf 74' lang='grc' dir='ltr'><strong>τὸν</strong></span> <span class='ocrx_word' id='word_1_631' title='bbox 130 2203 286 2237; x_wconf 80' lang='grc' dir='ltr'>ἁπτόμενον</span> <span class='ocrx_word' id='word_1_632' title='bbox 299 2199 412 2235; x_wconf 81' lang='grc' dir='ltr'>λεπροῦ,</span> <span class='ocrx_word' id='word_1_633' title='bbox 423 2197 578 2232; x_wconf 76' lang='grc' dir='ltr'>ἀκάθαρτον</span> <span class='ocrx_word' id='word_1_634' title='bbox 587 2195 725 2231; x_wconf 77' lang='grc' dir='ltr'>ὀνομάζει,</span> <span class='ocrx_word' id='word_1_635' title='bbox 737 2195 767 2221; x_wconf 83' lang='grc' dir='ltr'>οὐ</span> <span class='ocrx_word' id='word_1_636' title='bbox 771 2204 786 2230; x_wconf 83' lang='grc' dir='ltr'><strong>χ</strong></span> <span class='ocrx_word' id='word_1_637' title='bbox 797 2194 826 2220; x_wconf 82' lang='grc' dir='ltr'>ὃν</span> <span class='ocrx_word' id='word_1_638' title='bbox 837 2194 869 2220; x_wconf 78' lang='grc' dir='ltr'>ἐκ</span> 
     </span>
    </p>
   </div>
   <div class='ocr_carea' id='block_1_89' title="bbox 71 2239 865 2286">
    <p class='ocr_par' dir='ltr' id='par_1_89' title="bbox 71 2239 865 2286">
     <span class='ocr_line' id='line_1_89' title="bbox 71 2239 865 2286; baseline -0.013 -10"><span class='ocrx_word' id='word_1_639' title='bbox 71 2251 121 2286; x_wconf 82' lang='grc' dir='ltr'>τῆς</span> <span class='ocrx_word' id='word_1_640' title='bbox 136 2249 209 2284; x_wconf 81' lang='grc' dir='ltr'>ἁφῆς</span> <span class='ocrx_word' id='word_1_641' title='bbox 221 2248 280 2283; x_wconf 75' lang='grc' dir='ltr'>ᾔδει</span> <span class='ocrx_word' id='word_1_642' title='bbox 286 2247 336 2281; x_wconf 79' lang='grc' dir='ltr'>τῆς</span> <span class='ocrx_word' id='word_1_643' title='bbox 344 2245 447 2281; x_wconf 83' lang='grc' dir='ltr'>λέπρας</span> <span class='ocrx_word' id='word_1_644' title='bbox 462 2242 686 2286; x_wconf 17' lang='grc' dir='ltr'>ἁποκαθαίρονταν</span> <span class='ocrx_word' id='word_1_645' title='bbox 695 2241 742 2268; x_wconf 80' lang='grc' dir='ltr'>τὸν</span> <span class='ocrx_word' id='word_1_646' title='bbox 753 2239 865 2286; x_wconf 79' lang='grc' dir='ltr'>συνεχό-</span> 
     </span>
    </p>
   </div>
   <div class='ocr_carea' id='block_1_90' title="bbox 72 2284 865 2330">
    <p class='ocr_par' dir='ltr' id='par_1_90' title="bbox 72 2284 865 2330">
     <span class='ocr_line' id='line_1_90' title="bbox 72 2284 865 2330; baseline -0.016 -8"><span class='ocrx_word' id='word_1_647' title='bbox 72 2284 157 2330; x_wconf 69' lang='grc' dir='ltr'><strong>μὲνοὺ</strong></span> <span class='ocrx_word' id='word_1_648' title='bbox 172 2293 212 2327; x_wconf 80' lang='grc' dir='ltr'>τῷ</span> <span class='ocrx_word' id='word_1_649' title='bbox 225 2292 307 2319; x_wconf 81' lang='grc' dir='ltr'>πάθει</span> <span class='ocrx_word' id='word_1_650' title='bbox 323 2291 363 2326; x_wconf 76' lang='grc' dir='ltr'><strong>(οὐ</strong></span> <span class='ocrx_word' id='word_1_651' title='bbox 377 2290 431 2324; x_wconf 83' lang='grc' dir='ltr'>γὰρ</span> <span class='ocrx_word' id='word_1_652' title='bbox 451 2287 522 2324; x_wconf 80' lang='grc' dir='ltr'>ἦσαν</span> <span class='ocrx_word' id='word_1_653' title='bbox 538 2287 645 2318; x_wconf 67' lang='grc' dir='ltr'>ἐλπίδες</span> <span class='ocrx_word' id='word_1_654' title='bbox 659 2285 736 2312; x_wconf 79' lang='grc' dir='ltr'>οῡπω</span> <span class='ocrx_word' id='word_1_655' title='bbox 750 2286 801 2320; x_wconf 85' lang='grc' dir='ltr'>τῆς</span> <span class='ocrx_word' id='word_1_656' title='bbox 813 2284 865 2318; x_wconf 82' lang='grc' dir='ltr'><strong>χά-</strong></span> 
     </span>
    </p>
   </div>
   <div class='ocr_carea' id='block_1_91' title="bbox 71 2330 863 2376">
    <p class='ocr_par' dir='ltr' id='par_1_91' title="bbox 71 2330 863 2376">
     <span class='ocr_line' id='line_1_91' title="bbox 71 2330 863 2376; baseline -0.016 -8"><span class='ocrx_word' id='word_1_657' title='bbox 71 2348 148 2376; x_wconf 79' lang='grc' dir='ltr'>ριτος</span> <span class='ocrx_word' id='word_1_658' title='bbox 172 2337 333 2372; x_wconf 60' lang='grc' dir='ltr'><strong>ζειιειιστάμινης.</strong></span> <span class='ocrx_word' id='word_1_659' title='bbox 354 2335 413 2362; x_wconf 79' lang='grc' dir='ltr'>ἀλλ’</span> <span class='ocrx_word' id='word_1_660' title='bbox 438 2334 498 2360; x_wconf 78' lang='grc' dir='ltr'>οὐδὲ</span> <span class='ocrx_word' id='word_1_661' title='bbox 512 2332 566 2360; x_wconf 83' lang='grc' dir='ltr'><strong>τῶν</strong></span> <span class='ocrx_word' id='word_1_662' title='bbox 583 2331 686 2376; x_wconf 85' lang='grc' dir='ltr'>ταύτης</span> <span class='ocrx_word' id='word_1_663' title='bbox 701 2330 863 2366; x_wconf 87' lang='grc' dir='ltr'>προοιμίων,</span> 
     </span>
    </p>
   </div>
   <div class='ocr_carea' id='block_1_92' title="bbox 70 2375 867 2420">
    <p class='ocr_par' dir='ltr' id='par_1_92' title="bbox 70 2375 867 2420">
     <span class='ocr_line' id='line_1_92' title="bbox 70 2375 867 2420; baseline -0.015 -7"><span class='ocrx_word' id='word_1_664' title='bbox 70 2375 100 2413; x_wconf 78' lang='grc' dir='ltr'>αἶ</span> <span class='ocrx_word' id='word_1_665' title='bbox 108 2386 156 2412; x_wconf 74' lang='grc' dir='ltr'>τὸν</span> <span class='ocrx_word' id='word_1_666' title='bbox 166 2384 310 2420; x_wconf 84' lang='grc' dir='ltr'>ἄνθρωπον</span> <span class='ocrx_word' id='word_1_667' title='bbox 320 2381 468 2416; x_wconf 80' lang='grc' dir='ltr'>ὑπέφαινον</span> <span class='ocrx_word' id='word_1_668' title='bbox 482 2378 676 2414; x_wconf 79' lang='grc' dir='ltr'>θεουργοῦντα,</span> <span class='ocrx_word' id='word_1_669' title='bbox 687 2375 736 2403; x_wconf 76' lang='grc' dir='ltr'>καὶ</span> <span class='ocrx_word' id='word_1_670' title='bbox 749 2375 867 2411; x_wconf 83' lang='grc' dir='ltr'>κρείττω</span> 
     </span>
    </p>
   </div>
   <div class='ocr_carea' id='block_1_93' title="bbox 70 2421 866 2465">
    <p class='ocr_par' dir='ltr' id='par_1_93' title="bbox 70 2421 866 2465">
     <span class='ocr_line' id='line_1_93' title="bbox 70 2421 866 2465; baseline -0.018 -5"><span class='ocrx_word' id='word_1_671' title='bbox 70 2432 189 2463; x_wconf 79' lang='grc' dir='ltr'>πάθους,</span> <span class='ocrx_word' id='word_1_672' title='bbox 220 2427 338 2465; x_wconf 78' lang='grc' dir='ltr'>μάλιστά</span> <span class='ocrx_word' id='word_1_673' title='bbox 351 2435 384 2462; x_wconf 89' lang='grc' dir='ltr'><strong>γε</strong></span> <span class='ocrx_word' id='word_1_674' title='bbox 413 2425 461 2453; x_wconf 81' lang='grc' dir='ltr'>τοῦ</span> <span class='ocrx_word' id='word_1_675' title='bbox 484 2425 533 2460; x_wconf 85' lang='grc' dir='ltr'>τὴν</span> <span class='ocrx_word' id='word_1_676' title='bbox 550 2422 700 2459; x_wconf 85' lang='grc' dir='ltr'>θεραπείαν</span> <span class='ocrx_word' id='word_1_677' title='bbox 721 2421 866 2457; x_wconf 82' lang='grc' dir='ltr'>ζητοῦντος</span> 
     </span>
    </p>
   </div>
   <div class='ocr_carea' id='block_1_94' title="bbox 71 2466 867 2514">
    <p class='ocr_par' dir='ltr' id='par_1_94' title="bbox 71 2466 867 2514">
     <span class='ocr_line' id='line_1_94' title="bbox 71 2466 867 2514; baseline -0.018 -9"><span class='ocrx_word' id='word_1_678' title='bbox 71 2477 184 2514; x_wconf 64' lang='grc' dir='ltr'>ἐμφανῆ</span> <span class='ocrx_word' id='word_1_679' title='bbox 203 2472 394 2507; x_wconf 84' lang='grc' dir='ltr'>καθιστῶσαι),</span> <span class='ocrx_word' id='word_1_680' title='bbox 415 2471 471 2498; x_wconf 82' lang='grc' dir='ltr'>ἀλλ’</span> <span class='ocrx_word' id='word_1_681' title='bbox 489 2470 518 2501; x_wconf 77' lang='grc' dir='ltr'>ὃς</span> <span class='ocrx_word' id='word_1_682' title='bbox 538 2469 616 2496; x_wconf 75' lang='grc' dir='ltr'>οὐδὲν</span> <span class='ocrx_word' id='word_1_683' title='bbox 636 2467 675 2503; x_wconf 81' lang='grc' dir='ltr'>τῷ</span> <span class='ocrx_word' id='word_1_684' title='bbox 698 2466 867 2514; x_wconf 64' lang='grc' dir='ltr'>λεπρωθέντι</span> 
     </span>
    </p>
   </div>
   <div class='ocr_carea' id='block_1_95' title="bbox 71 2511 866 2559">
    <p class='ocr_par' dir='ltr' id='par_1_95' title="bbox 71 2511 866 2559">
     <span class='ocr_line' id='line_1_95' title="bbox 71 2511 866 2559; baseline -0.018 -9"><span class='ocrx_word' id='word_1_685' title='bbox 158 2521 293 2556; x_wconf 73' lang='grc' dir='ltr'>κάθαρσιν</span> <span class='ocrx_word' id='word_1_686' title='bbox 308 2517 472 2550; x_wconf 83' lang='grc' dir='ltr'>συνεισάγει,</span> <span class='ocrx_word' id='word_1_687' title='bbox 489 2515 537 2542; x_wconf 80' lang='grc' dir='ltr'>καὶ</span> <span class='ocrx_word' id='word_1_688' title='bbox 550 2514 580 2540; x_wconf 81' lang='grc' dir='ltr'>ὃν</span> <span class='ocrx_word' id='word_1_689' title='bbox 602 2511 866 2559; x_wconf 12' lang='grc' dir='ltr'>μετασχεῖνὲμᾶλλον</span> 
     </span>
    </p>
   </div>
   <div class='ocr_carea' id='block_1_96' title="bbox 70 2557 885 2602">
    <p class='ocr_par' dir='ltr' id='par_1_96' title="bbox 70 2557 885 2602">
     <span class='ocr_line' id='line_1_96' title="bbox 70 2557 885 2602; baseline -0.018 -6"><span class='ocrx_word' id='word_1_690' title='bbox 70 2557 119 2596; x_wconf 66' lang='grc' dir='ltr'><strong>ταῦ</strong></span> <span class='ocrx_word' id='word_1_691' title='bbox 136 2566 274 2602; x_wconf 81' lang='grc' dir='ltr'>πάθουςῆ</span> <span class='ocrx_word' id='word_1_692' title='bbox 299 2565 348 2600; x_wconf 85' lang='grc' dir='ltr'>τῆς</span> <span class='ocrx_word' id='word_1_693' title='bbox 367 2561 540 2597; x_wconf 79' lang='grc' dir='ltr'>ἀκαθαρσίας</span> <span class='ocrx_word' id='word_1_694' title='bbox 562 2558 716 2590; x_wconf 73' lang='grc' dir='ltr'>ἀπαλλάξαι</span> <span class='ocrx_word' id='word_1_695' title='bbox 739 2557 785 2584; x_wconf 82' lang='grc' dir='ltr'><strong>τδν</strong></span> <span class='ocrx_word' id='word_1_696' title='bbox 813 2564 885 2582; x_wconf 67' lang='grc' dir='ltr'>παν</span> 
     </span>
    </p>
   </div>
   <div class='ocr_carea' id='block_1_97' title="bbox 72 2602 866 2651">
    <p class='ocr_par' dir='ltr' id='par_1_97' title="bbox 72 2602 866 2651">
     <span class='ocr_line' id='line_1_97' title="bbox 72 2602 866 2651; baseline -0.018 -10"><span class='ocrx_word' id='word_1_697' title='bbox 72 2614 212 2651; x_wconf 77' lang='grc' dir='ltr'>ρασχόντα</span> <span class='ocrx_word' id='word_1_698' title='bbox 239 2610 374 2646; x_wconf 84' lang='grc' dir='ltr'>συνεώρα.</span> <span class='ocrx_word' id='word_1_699' title='bbox 396 2609 425 2636; x_wconf 91' lang='grc' dir='ltr'>Ὁ</span> <span class='ocrx_word' id='word_1_700' title='bbox 443 2608 472 2635; x_wconf 67' lang='grc' dir='ltr'><strong>δὲ</strong></span> <span class='ocrx_word' id='word_1_701' title='bbox 494 2606 550 2633; x_wconf 85' lang='grc' dir='ltr'>τῶν</span> <span class='ocrx_word' id='word_1_702' title='bbox 563 2604 657 2651; x_wconf 41' lang='grc' dir='ltr'>φυκίον</span> <span class='ocrx_word' id='word_1_703' title='bbox 674 2603 722 2651; x_wconf 49' lang='grc' dir='ltr'><strong>καλ</strong></span> <span class='ocrx_word' id='word_1_704' title='bbox 741 2602 794 2651; x_wconf 79' lang='grc' dir='ltr'>τῶν</span> <span class='ocrx_word' id='word_1_705' title='bbox 812 2611 866 2651; x_wconf 71' lang='grc' dir='ltr'>σω-</span> 
     </span>
    </p>
   </div>
   <div class='ocr_carea' id='block_1_98' title="bbox 73 2647 861 2695">
    <p class='ocr_par' dir='ltr' id='par_1_98' title="bbox 73 2647 861 2695">
     <span class='ocr_line' id='line_1_98' title="bbox 73 2647 861 2695; baseline -0.018 -9"><span class='ocrx_word' id='word_1_706' title='bbox 73 2647 167 2695; x_wconf 52' lang='grc' dir='ltr'>μάτων</span> <span class='ocrx_word' id='word_1_707' title='bbox 195 2656 288 2692; x_wconf 67' lang='grc' dir='ltr'>ἰατρὸς</span> <span class='ocrx_word' id='word_1_708' title='bbox 304 2654 421 2690; x_wconf 74' lang='grc' dir='ltr'>Χριστὸς</span> <span class='ocrx_word' id='word_1_709' title='bbox 442 2654 455 2680; x_wconf 87' lang='grc' dir='ltr'><strong>ό</strong></span> <span class='ocrx_word' id='word_1_710' title='bbox 473 2651 569 2686; x_wconf 85' lang='grc' dir='ltr'>Σωτὴρ</span> <span class='ocrx_word' id='word_1_711' title='bbox 589 2649 669 2685; x_wconf 78' lang='grc' dir='ltr'>ἡμῶν</span> <span class='ocrx_word' id='word_1_712' title='bbox 686 2648 796 2695; x_wconf 4' lang='lat' dir='ltr'><strong>praeﬁxa»</strong></span> <span class='ocrx_word' id='word_1_713' title='bbox 812 2647 861 2695; x_wconf 55' lang='grc' dir='ltr'><strong>μέν</strong></span> 
     </span>
    </p>
   </div>
   <div class='ocr_carea' id='block_1_99' title="bbox 70 2692 864 2741">
    <p class='ocr_par' dir='ltr' id='par_1_99' title="bbox 70 2692 864 2741">
     <span class='ocr_line' id='line_1_99' title="bbox 70 2692 864 2741; baseline -0.013 -13"><span class='ocrx_word' id='word_1_714' title='bbox 70 2692 120 2741; x_wconf 52' lang='grc' dir='ltr'>ξῆς</span> <span class='ocrx_word' id='word_1_715' title='bbox 137 2705 240 2738; x_wconf 73' lang='grc' dir='ltr'>λέπρας</span> <span class='ocrx_word' id='word_1_716' title='bbox 254 2702 298 2729; x_wconf 74' lang='grc' dir='ltr'>διὰ</span> <span class='ocrx_word' id='word_1_717' title='bbox 312 2702 362 2736; x_wconf 81' lang='grc' dir='ltr'>τῆς</span> <span class='ocrx_word' id='word_1_718' title='bbox 375 2701 446 2734; x_wconf 77' lang='grc' dir='ltr'><strong>ἁφῆς</strong></span> <span class='ocrx_word' id='word_1_719' title='bbox 458 2696 650 2731; x_wconf 78' lang='grc' dir='ltr'>ἀποκαθαίρει,</span> <span class='ocrx_word' id='word_1_720' title='bbox 662 2694 760 2741; x_wconf 73' lang='grc' dir='ltr'>αὐτίκα</span> <span class='ocrx_word' id='word_1_721' title='bbox 776 2692 864 2728; x_wconf 77' lang='grc' dir='ltr'>δὲτὴν</span> 
     </span>
    </p>
   </div>
   <div class='ocr_carea' id='block_1_100' title="bbox 71 2737 863 2784">
    <p class='ocr_par' dir='ltr' id='par_1_100' title="bbox 71 2737 863 2784">
     <span class='ocr_line' id='line_1_100' title="bbox 71 2737 863 2784; baseline -0.02 -5"><span class='ocrx_word' id='word_1_722' title='bbox 71 2737 150 2779; x_wconf 55' lang='grc' dir='ltr'>νόσον</span> <span class='ocrx_word' id='word_1_723' title='bbox 164 2737 247 2784; x_wconf 84' lang='grc' dir='ltr'>λόγου</span> <span class='ocrx_word' id='word_1_724' title='bbox 259 2748 382 2784; x_wconf 77' lang='grc' dir='ltr'>κρεῖττον</span> <span class='ocrx_word' id='word_1_725' title='bbox 397 2743 555 2780; x_wconf 79' lang='grc' dir='ltr'>φυγαδεύει.</span> <span class='ocrx_word' id='word_1_726' title='bbox 568 2741 631 2772; x_wconf 81' lang='grc' dir='ltr'>Πῶς</span> <span class='ocrx_word' id='word_1_727' title='bbox 645 2737 692 2766; x_wconf 86' lang='grc' dir='ltr'>οὖν</span> <span class='ocrx_word' id='word_1_728' title='bbox 704 2739 754 2766; x_wconf 85' lang='grc' dir='ltr'>οὐκ</span> <span class='ocrx_word' id='word_1_729' title='bbox 764 2739 863 2779; x_wconf 70' lang='grc' dir='ltr'>ἄτοπον</span> 
     </span>
    </p>
   </div>
   <div class='ocr_carea' id='block_1_101' title="bbox 70 2784 863 2828">
    <p class='ocr_par' dir='ltr' id='par_1_101' title="bbox 70 2784 863 2828">
     <span class='ocr_line' id='line_1_101' title="bbox 70 2784 863 2828; baseline -0.019 -4"><span class='ocrx_word' id='word_1_730' title='bbox 70 2795 274 2824; x_wconf 74' lang='grc' dir='ltr'>διευλαόεῖσθαι</span> <span class='ocrx_word' id='word_1_731' title='bbox 298 2792 347 2828; x_wconf 78' lang='grc' dir='ltr'>τὴν</span> <span class='ocrx_word' id='word_1_732' title='bbox 373 2791 446 2826; x_wconf 75' lang='grc' dir='ltr'>ἁφὴν</span> <span class='ocrx_word' id='word_1_733' title='bbox 470 2789 507 2820; x_wconf 85' lang='grc' dir='ltr'><strong>ὡς</strong></span> <span class='ocrx_word' id='word_1_734' title='bbox 527 2785 698 2821; x_wconf 77' lang='grc' dir='ltr'>ἀκαθαρσίας</span> <span class='ocrx_word' id='word_1_735' title='bbox 721 2784 863 2820; x_wconf 78' lang='grc' dir='ltr'>πρόξενον,</span> 
     </span>
    </p>
   </div>
   <div class='ocr_carea' id='block_1_102' title="bbox 62 2829 863 2872">
    <p class='ocr_par' dir='ltr' id='par_1_102' title="bbox 62 2829 863 2872">
     <span class='ocr_line' id='line_1_102' title="bbox 62 2829 863 2872; baseline -0.019 -2"><span class='ocrx_word' id='word_1_736' title='bbox 62 2839 117 2870; x_wconf 65' lang='grc' dir='ltr'><strong>¹τῦνν</strong></span> <span class='ocrx_word' id='word_1_737' title='bbox 134 2842 224 2868; x_wconf 73' lang='grc' dir='ltr'>εἰδότα</span> <span class='ocrx_word' id='word_1_738' title='bbox 240 2839 285 2867; x_wconf 78' lang='grc' dir='ltr'>διὰ</span> <span class='ocrx_word' id='word_1_739' title='bbox 299 2837 402 2872; x_wconf 85' lang='grc' dir='ltr'>ταύτης</span> <span class='ocrx_word' id='word_1_740' title='bbox 425 2832 631 2869; x_wconf 81' lang='grc' dir='ltr'>κεκαθαρμένον</span> <span class='ocrx_word' id='word_1_741' title='bbox 656 2830 793 2863; x_wconf 72' lang='grc' dir='ltr'>ἀναδεῖξαι</span> <span class='ocrx_word' id='word_1_742' title='bbox 817 2829 863 2856; x_wconf 81' lang='grc' dir='ltr'>τὸν</span> 
     </span>
    </p>
   </div>
   <div class='ocr_carea' id='block_1_103' title="bbox 69 2875 862 2923">
    <p class='ocr_par' dir='ltr' id='par_1_103' title="bbox 69 2875 862 2923">
     <span class='ocr_line' id='line_1_103' title="bbox 69 2875 862 2923; baseline -0.018 -7"><span class='ocrx_word' id='word_1_743' title='bbox 69 2889 104 2922; x_wconf 61' lang='grc' dir='ltr'>τῆ</span> <span class='ocrx_word' id='word_1_744' title='bbox 117 2888 207 2923; x_wconf 59' lang='grc' dir='ltr'>λέπρᾳ</span> <span class='ocrx_word' id='word_1_745' title='bbox 223 2885 403 2919; x_wconf 75' lang='grc' dir='ltr'>πιεζόμενονς</span> <span class='ocrx_word' id='word_1_746' title='bbox 420 2880 477 2912; x_wconf 83' lang='grc' dir='ltr'><strong>πῶς</strong></span> <span class='ocrx_word' id='word_1_747' title='bbox 495 2879 517 2906; x_wconf 74' lang='grc' dir='ltr'><strong>δ’</strong></span> <span class='ocrx_word' id='word_1_748' title='bbox 534 2878 565 2906; x_wconf 82' lang='grc' dir='ltr'>οὐ</span> <span class='ocrx_word' id='word_1_749' title='bbox 581 2877 734 2913; x_wconf 76' lang='grc' dir='ltr'>παράλογον</span> <span class='ocrx_word' id='word_1_750' title='bbox 750 2876 796 2904; x_wconf 79' lang='grc' dir='ltr'>τὸν</span> <span class='ocrx_word' id='word_1_751' title='bbox 811 2875 862 2912; x_wconf 80' lang='grc' dir='ltr'>μὲν</span> 
     </span>
    </p>
   </div>
   <div class='ocr_carea' id='block_1_104' title="bbox 925 2189 1709 2225">
    <p class='ocr_par' dir='ltr' id='par_1_104' title="bbox 925 2189 1709 2225">
     <span class='ocr_line' id='line_1_104' title="bbox 925 2189 1709 2225; baseline 0 -7"><span class='ocrx_word' id='word_1_752' title='bbox 925 2190 1009 2225; x_wconf 78' lang='lat' dir='ltr'><strong>tangit</strong></span> <span class='ocrx_word' id='word_1_753' title='bbox 1021 2190 1172 2224; x_wconf 86' lang='lat' dir='ltr'><strong>leprosum,</strong></span> <span class='ocrx_word' id='word_1_754' title='bbox 1188 2189 1326 2223; x_wconf 89' lang='lat' dir='ltr'><strong>impurum</strong></span> <span class='ocrx_word' id='word_1_755' title='bbox 1359 2189 1491 2221; x_wconf 87' lang='lat' dir='ltr'><strong>nominat,</strong></span> <span class='ocrx_word' id='word_1_756' title='bbox 1508 2197 1561 2215; x_wconf 93' lang='lat' dir='ltr'><strong>non</strong></span> <span class='ocrx_word' id='word_1_757' title='bbox 1576 2197 1655 2224; x_wconf 89' lang='lat' dir='ltr'><strong>quem</strong></span> <span class='ocrx_word' id='word_1_758' title='bbox 1675 2197 1709 2218; x_wconf 83' lang='lat' dir='ltr'><strong>ex</strong></span> 
     </span>
    </p>
   </div>
   <div class='ocr_carea' id='block_1_105' title="bbox 923 2234 1709 2269">
    <p class='ocr_par' dir='ltr' id='par_1_105' title="bbox 923 2234 1709 2269">
     <span class='ocr_line' id='line_1_105' title="bbox 923 2234 1709 2269; baseline 0 -6"><span class='ocrx_word' id='word_1_759' title='bbox 923 2240 995 2264; x_wconf 88' lang='lat' dir='ltr'><strong>tactu</strong></span> <span class='ocrx_word' id='word_1_760' title='bbox 1009 2235 1115 2263; x_wconf 87' lang='lat' dir='ltr'><strong>sciebat</strong></span> <span class='ocrx_word' id='word_1_761' title='bbox 1127 2243 1142 2262; x_wconf 89' lang='lat' dir='ltr'><strong>a</strong></span> <span class='ocrx_word' id='word_1_762' title='bbox 1156 2235 1229 2269; x_wconf 87' lang='lat' dir='ltr'><strong>lepra</strong></span> <span class='ocrx_word' id='word_1_763' title='bbox 1244 2234 1421 2262; x_wconf 88' lang='lat' dir='ltr'><strong>mundantem</strong></span> <span class='ocrx_word' id='word_1_764' title='bbox 1437 2241 1498 2260; x_wconf 90' lang='lat' dir='ltr'><strong>eum</strong></span> <span class='ocrx_word' id='word_1_765' title='bbox 1512 2234 1558 2268; x_wconf 88' lang='lat' dir='ltr'><strong>qui</strong></span> <span class='ocrx_word' id='word_1_766' title='bbox 1573 2235 1709 2263; x_wconf 86' lang='lat' dir='ltr'><strong>detinetur</strong></span> 
     </span>
    </p>
   </div>
   <div class='ocr_carea' id='block_1_106' title="bbox 919 2279 1707 2315">
    <p class='ocr_par' dir='ltr' id='par_1_106' title="bbox 919 2279 1707 2315">
     <span class='ocr_line' id='line_1_106' title="bbox 919 2279 1707 2315; baseline 0 -7"><span class='ocrx_word' id='word_1_767' title='bbox 919 2282 1006 2313; x_wconf 88' lang='lat' dir='ltr'><strong>malo;</strong></span> <span class='ocrx_word' id='word_1_768' title='bbox 1023 2288 1077 2308; x_wconf 90' lang='lat' dir='ltr'><strong>non</strong></span> <span class='ocrx_word' id='word_1_769' title='bbox 1093 2281 1165 2307; x_wconf 82' lang='lat' dir='ltr'><strong>enim</strong></span> <span class='ocrx_word' id='word_1_770' title='bbox 1184 2284 1243 2307; x_wconf 90' lang='lat' dir='ltr'><strong>erat</strong></span> <span class='ocrx_word' id='word_1_771' title='bbox 1259 2287 1320 2315; x_wconf 84' lang='lat' dir='ltr'><strong>spes</strong></span> <span class='ocrx_word' id='word_1_772' title='bbox 1334 2279 1454 2306; x_wconf 89' lang='lat' dir='ltr'><strong>nondum</strong></span> <span class='ocrx_word' id='word_1_773' title='bbox 1474 2280 1561 2313; x_wconf 81' lang='lat' dir='ltr'><strong>gratia</strong></span> <span class='ocrx_word' id='word_1_774' title='bbox 1577 2279 1707 2313; x_wconf 87' lang='lat' dir='ltr'><strong>instante,</strong></span> 
     </span>
    </p>
   </div>
   <div class='ocr_carea' id='block_1_107' title="bbox 918 2324 1709 2361">
    <p class='ocr_par' dir='ltr' id='par_1_107' title="bbox 918 2324 1709 2361">
     <span class='ocr_line' id='line_1_107' title="bbox 918 2324 1709 2361; baseline 0 -8"><span class='ocrx_word' id='word_1_775' title='bbox 918 2326 965 2353; x_wconf 87' lang='lat' dir='ltr'><strong>sed</strong></span> <span class='ocrx_word' id='word_1_776' title='bbox 980 2333 1069 2361; x_wconf 88' lang='lat' dir='ltr'><strong>neque</strong></span> <span class='ocrx_word' id='word_1_777' title='bbox 1088 2325 1170 2360; x_wconf 83' lang='lat' dir='ltr'><strong>hujus</strong></span> <span class='ocrx_word' id='word_1_778' title='bbox 1186 2325 1341 2360; x_wconf 62' lang='lat' dir='ltr'><strong>prooemiis,</strong></span> <span class='ocrx_word' id='word_1_779' title='bbox 1355 2331 1417 2359; x_wconf 58' lang='lat' dir='ltr'><strong>quae</strong></span> <span class='ocrx_word' id='word_1_780' title='bbox 1441 2324 1578 2351; x_wconf 84' lang='lat' dir='ltr'><strong>hominem</strong></span> <span class='ocrx_word' id='word_1_781' title='bbox 1596 2324 1709 2353; x_wconf 78' lang='lat' dir='ltr'><strong>demon—</strong></span> 
     </span>
    </p>
   </div>
   <div class='ocr_carea' id='block_1_108' title="bbox 917 2369 1707 2405">
    <p class='ocr_par' dir='ltr' id='par_1_108' title="bbox 917 2369 1707 2405">
     <span class='ocr_line' id='line_1_108' title="bbox 917 2369 1707 2405; baseline -0.001 -7"><span class='ocrx_word' id='word_1_782' title='bbox 917 2370 1137 2398; x_wconf 86' lang='lat' dir='ltr'><strong>strarentdivina</strong></span> <span class='ocrx_word' id='word_1_783' title='bbox 1157 2374 1328 2404; x_wconf 88' lang='lat' dir='ltr'><strong>operantem,</strong></span> <span class='ocrx_word' id='word_1_784' title='bbox 1340 2374 1367 2397; x_wconf 89' lang='lat' dir='ltr'><strong>et</strong></span> <span class='ocrx_word' id='word_1_785' title='bbox 1382 2369 1522 2396; x_wconf 79' lang='lat' dir='ltr'><strong>fortiorem</strong></span> <span class='ocrx_word' id='word_1_786' title='bbox 1538 2369 1622 2402; x_wconf 80' lang='lat' dir='ltr'><strong>malo,</strong></span> <span class='ocrx_word' id='word_1_787' title='bbox 1639 2378 1707 2405; x_wconf 75' lang='lat' dir='ltr'><strong>prte-</strong></span> 
     </span>
    </p>
   </div>
   <div class='ocr_carea' id='block_1_109' title="bbox 917 2409 1707 2451">
    <p class='ocr_par' dir='ltr' id='par_1_109' title="bbox 917 2409 1707 2451">
     <span class='ocr_line' id='line_1_109' title="bbox 917 2409 1707 2451; baseline -0.001 -7"><span class='ocrx_word' id='word_1_788' title='bbox 917 2409 1011 2444; x_wconf 81' lang='lat' dir='ltr'><strong>sertim</strong></span> <span class='ocrx_word' id='word_1_789' title='bbox 1027 2423 1091 2444; x_wconf 88' lang='lat' dir='ltr'><strong>vero</strong></span> <span class='ocrx_word' id='word_1_790' title='bbox 1100 2423 1133 2443; x_wconf 91' lang='lat' dir='ltr'><strong>eo</strong></span> <span class='ocrx_word' id='word_1_791' title='bbox 1143 2415 1216 2451; x_wconf 91' lang='lat' dir='ltr'><strong>quod</strong></span> <span class='ocrx_word' id='word_1_792' title='bbox 1229 2416 1400 2443; x_wconf 86' lang='lat' dir='ltr'><strong>curationem</strong></span> <span class='ocrx_word' id='word_1_793' title='bbox 1419 2415 1559 2450; x_wconf 66' lang='lat' dir='ltr'><strong>quaerebat</strong></span> <span class='ocrx_word' id='word_1_794' title='bbox 1576 2415 1707 2443; x_wconf 74' lang='lat' dir='ltr'><strong>manifes-</strong></span> 
     </span>
    </p>
   </div>
   <div class='ocr_carea' id='block_1_110' title="bbox 917 2460 1705 2496">
    <p class='ocr_par' dir='ltr' id='par_1_110' title="bbox 917 2460 1705 2496">
     <span class='ocr_line' id='line_1_110' title="bbox 917 2460 1705 2496; baseline 0 -7"><span class='ocrx_word' id='word_1_795' title='bbox 917 2466 973 2489; x_wconf 86' lang='lat' dir='ltr'><strong>tam</strong></span> <span class='ocrx_word' id='word_1_796' title='bbox 989 2462 1097 2490; x_wconf 81' lang='lat' dir='ltr'><strong>sistere.</strong></span> <span class='ocrx_word' id='word_1_797' title='bbox 1112 2460 1165 2488; x_wconf 81' lang='lat' dir='ltr'><strong>Sed</strong></span> <span class='ocrx_word' id='word_1_798' title='bbox 1173 2462 1221 2496; x_wconf 87' lang='lat' dir='ltr'><strong>qui</strong></span> <span class='ocrx_word' id='word_1_799' title='bbox 1237 2461 1304 2488; x_wconf 82' lang='lat' dir='ltr'><strong>nihil</strong></span> <span class='ocrx_word' id='word_1_800' title='bbox 1319 2461 1428 2496; x_wconf 88' lang='lat' dir='ltr'><strong>lepr0so</strong></span> <span class='ocrx_word' id='word_1_801' title='bbox 1440 2461 1473 2488; x_wconf 89' lang='lat' dir='ltr'><strong>ad</strong></span> <span class='ocrx_word' id='word_1_802' title='bbox 1484 2461 1705 2489; x_wconf 85' lang='lat' dir='ltr'><strong>emundationem</strong></span> 
     </span>
    </p>
   </div>
   <div class='ocr_carea' id='block_1_111' title="bbox 916 2505 1706 2541">
    <p class='ocr_par' dir='ltr' id='par_1_111' title="bbox 916 2505 1706 2541">
     <span class='ocr_line' id='line_1_111' title="bbox 916 2505 1706 2541; baseline 0 -7"><span class='ocrx_word' id='word_1_803' title='bbox 916 2506 1055 2538; x_wconf 88' lang='lat' dir='ltr'><strong>conducit,</strong></span> <span class='ocrx_word' id='word_1_804' title='bbox 1072 2510 1099 2534; x_wconf 89' lang='lat' dir='ltr'><strong>et</strong></span> <span class='ocrx_word' id='word_1_805' title='bbox 1112 2513 1192 2541; x_wconf 88' lang='lat' dir='ltr'><strong>quem</strong></span> <span class='ocrx_word' id='word_1_806' title='bbox 1205 2505 1364 2540; x_wconf 84' lang='lat' dir='ltr'><strong>participem</strong></span> <span class='ocrx_word' id='word_1_807' title='bbox 1376 2513 1437 2532; x_wconf 80' lang='lat' dir='ltr'><strong>esse</strong></span> <span class='ocrx_word' id='word_1_808' title='bbox 1445 2505 1532 2540; x_wconf 82' lang='lat' dir='ltr'><strong>magis</strong></span> <span class='ocrx_word' id='word_1_809' title='bbox 1544 2506 1609 2533; x_wconf 91' lang='lat' dir='ltr'><strong>mali</strong></span> <span class='ocrx_word' id='word_1_810' title='bbox 1622 2514 1706 2541; x_wconf 88' lang='lat' dir='ltr'><strong>quam</strong></span> 
     </span>
    </p>
   </div>
   <div class='ocr_carea' id='block_1_112' title="bbox 916 2551 1705 2586">
    <p class='ocr_par' dir='ltr' id='par_1_112' title="bbox 916 2551 1705 2586">
     <span class='ocr_line' id='line_1_112' title="bbox 916 2551 1705 2586; baseline -0.003 -6"><span class='ocrx_word' id='word_1_811' title='bbox 916 2552 1089 2580; x_wconf 89' lang='lat' dir='ltr'><strong>immunditia</strong></span> <span class='ocrx_word' id='word_1_812' title='bbox 1099 2552 1214 2580; x_wconf 84' lang='lat' dir='ltr'><strong>liberare</strong></span> <span class='ocrx_word' id='word_1_813' title='bbox 1221 2551 1369 2586; x_wconf 87' lang='lat' dir='ltr'><strong>patientem</strong></span> <span class='ocrx_word' id='word_1_814' title='bbox 1388 2551 1542 2586; x_wconf 83' lang='lat' dir='ltr'><strong>conspexit.</strong></span> <span class='ocrx_word' id='word_1_815' title='bbox 1552 2551 1588 2578; x_wconf 89' lang='lat' dir='ltr'><strong>At</strong></span> <span class='ocrx_word' id='word_1_816' title='bbox 1598 2553 1705 2579; x_wconf 86' lang='lat' dir='ltr'><strong>anima-</strong></span> 
     </span>
    </p>
   </div>
   <div class='ocr_carea' id='block_1_113' title="bbox 915 2595 1706 2632">
    <p class='ocr_par' dir='ltr' id='par_1_113' title="bbox 915 2595 1706 2632">
     <span class='ocr_line' id='line_1_113' title="bbox 915 2595 1706 2632; baseline -0.001 -7"><span class='ocrx_word' id='word_1_817' title='bbox 915 2605 976 2626; x_wconf 87' lang='lat' dir='ltr'><strong>rum</strong></span> <span class='ocrx_word' id='word_1_818' title='bbox 989 2602 1016 2625; x_wconf 90' lang='lat' dir='ltr'><strong>et</strong></span> <span class='ocrx_word' id='word_1_819' title='bbox 1028 2604 1174 2632; x_wconf 86' lang='lat' dir='ltr'><strong>corporum</strong></span> <span class='ocrx_word' id='word_1_820' title='bbox 1189 2596 1310 2624; x_wconf 85' lang='lat' dir='ltr'><strong>medicus</strong></span> <span class='ocrx_word' id='word_1_821' title='bbox 1327 2595 1454 2623; x_wconf 86' lang='lat' dir='ltr'><strong>Christus</strong></span> <span class='ocrx_word' id='word_1_822' title='bbox 1475 2595 1599 2623; x_wconf 73' lang='lat' dir='ltr'><strong>Salvator</strong></span> <span class='ocrx_word' id='word_1_823' title='bbox 1613 2601 1706 2624; x_wconf 89' lang='lat' dir='ltr'><strong>noster</strong></span> 
     </span>
    </p>
   </div>
   <div class='ocr_carea' id='block_1_114' title="bbox 916 2640 1706 2676">
    <p class='ocr_par' dir='ltr' id='par_1_114' title="bbox 916 2640 1706 2676">
     <span class='ocr_line' id='line_1_114' title="bbox 916 2640 1706 2676; baseline -0.001 -7"><span class='ocrx_word' id='word_1_824' title='bbox 916 2642 1009 2669; x_wconf 81' lang='lat' dir='ltr'><strong>statim</strong></span> <span class='ocrx_word' id='word_1_825' title='bbox 1025 2641 1135 2676; x_wconf 90' lang='lat' dir='ltr'><strong>quidem</strong></span> <span class='ocrx_word' id='word_1_826' title='bbox 1153 2648 1168 2668; x_wconf 91' lang='lat' dir='ltr'><strong>a</strong></span> <span class='ocrx_word' id='word_1_827' title='bbox 1179 2640 1255 2676; x_wconf 88' lang='lat' dir='ltr'><strong>lepra</strong></span> <span class='ocrx_word' id='word_1_828' title='bbox 1268 2648 1315 2676; x_wconf 87' lang='lat' dir='ltr'><strong>per</strong></span> <span class='ocrx_word' id='word_1_829' title='bbox 1331 2644 1435 2668; x_wconf 83' lang='lat' dir='ltr'><strong>tactum</strong></span> <span class='ocrx_word' id='word_1_830' title='bbox 1453 2640 1579 2674; x_wconf 89' lang='lat' dir='ltr'><strong>mundat,</strong></span> <span class='ocrx_word' id='word_1_831' title='bbox 1594 2641 1706 2668; x_wconf 85' lang='lat' dir='ltr'><strong>statim-</strong></span> 
     </span>
    </p>
   </div>
   <div class='ocr_carea' id='block_1_115' title="bbox 915 2686 1704 2723">
    <p class='ocr_par' dir='ltr' id='par_1_115' title="bbox 915 2686 1704 2723">
     <span class='ocr_line' id='line_1_115' title="bbox 915 2686 1704 2723; baseline -0.003 -7"><span class='ocrx_word' id='word_1_832' title='bbox 915 2695 969 2723; x_wconf 81' lang='lat' dir='ltr'><strong>que.</strong></span> <span class='ocrx_word' id='word_1_833' title='bbox 982 2688 1108 2715; x_wconf 91' lang='lat' dir='ltr'><strong>morbum</strong></span> <span class='ocrx_word' id='word_1_834' title='bbox 1127 2687 1224 2715; x_wconf 90' lang='lat' dir='ltr'><strong>melius</strong></span> <span class='ocrx_word' id='word_1_835' title='bbox 1246 2695 1329 2722; x_wconf 89' lang='lat' dir='ltr'><strong>quam</strong></span> <span class='ocrx_word' id='word_1_836' title='bbox 1344 2687 1399 2715; x_wconf 90' lang='lat' dir='ltr'><strong>dici</strong></span> <span class='ocrx_word' id='word_1_837' title='bbox 1415 2687 1502 2722; x_wconf 87' lang='lat' dir='ltr'><strong>possit</strong></span> <span class='ocrx_word' id='word_1_838' title='bbox 1528 2686 1615 2722; x_wconf 77' lang='lat' dir='ltr'><strong>fugat.</strong></span> <span class='ocrx_word' id='word_1_839' title='bbox 1630 2688 1704 2721; x_wconf 73' lang='lat' dir='ltr'><strong>Quo-</strong></span> 
     </span>
    </p>
   </div>
   <div class='ocr_carea' id='block_1_116' title="bbox 915 2733 1706 2769">
    <p class='ocr_par' dir='ltr' id='par_1_116' title="bbox 915 2733 1706 2769">
     <span class='ocr_line' id='line_1_116' title="bbox 915 2733 1706 2769; baseline 0 -7"><span class='ocrx_word' id='word_1_840' title='bbox 915 2735 998 2762; x_wconf 92' lang='lat' dir='ltr'><strong>modo</strong></span> <span class='ocrx_word' id='word_1_841' title='bbox 1007 2734 1089 2769; x_wconf 78' lang='lat' dir='ltr'><strong>igitur</strong></span> <span class='ocrx_word' id='word_1_842' title='bbox 1099 2740 1153 2761; x_wconf 90' lang='lat' dir='ltr'><strong>non</strong></span> <span class='ocrx_word' id='word_1_843' title='bbox 1165 2733 1299 2761; x_wconf 85' lang='lat' dir='ltr'><strong>insulsum</strong></span> <span class='ocrx_word' id='word_1_844' title='bbox 1310 2734 1396 2762; x_wconf 88' lang='lat' dir='ltr'><strong>vereri</strong></span> <span class='ocrx_word' id='word_1_845' title='bbox 1408 2738 1509 2762; x_wconf 88' lang='lat' dir='ltr'><strong>tactum</strong></span> <span class='ocrx_word' id='word_1_846' title='bbox 1520 2738 1549 2761; x_wconf 91' lang='lat' dir='ltr'><strong>ut</strong></span> <span class='ocrx_word' id='word_1_847' title='bbox 1560 2733 1706 2762; x_wconf 83' lang='lat' dir='ltr'><strong>immundi-</strong></span> 
     </span>
    </p>
   </div>
   <div class='ocr_carea' id='block_1_117' title="bbox 918 2779 1704 2815">
    <p class='ocr_par' dir='ltr' id='par_1_117' title="bbox 918 2779 1704 2815">
     <span class='ocr_line' id='line_1_117' title="bbox 918 2779 1704 2815; baseline -0.003 -6"><span class='ocrx_word' id='word_1_848' title='bbox 918 2781 964 2809; x_wconf 59' lang='lat' dir='ltr'><strong>tia:</strong></span> <span class='ocrx_word' id='word_1_849' title='bbox 977 2787 1100 2813; x_wconf 82' lang='lat' dir='ltr'><strong>causam,</strong></span> <span class='ocrx_word' id='word_1_850' title='bbox 1116 2787 1177 2806; x_wconf 90' lang='lat' dir='ltr'><strong>eum</strong></span> <span class='ocrx_word' id='word_1_851' title='bbox 1191 2779 1238 2815; x_wconf 91' lang='lat' dir='ltr'><strong>qui</strong></span> <span class='ocrx_word' id='word_1_852' title='bbox 1252 2780 1328 2806; x_wconf 86' lang='lat' dir='ltr'><strong>novit</strong></span> <span class='ocrx_word' id='word_1_853' title='bbox 1341 2787 1387 2814; x_wconf 88' lang='lat' dir='ltr'><strong>per</strong></span> <span class='ocrx_word' id='word_1_854' title='bbox 1399 2780 1472 2807; x_wconf 89' lang='lat' dir='ltr'><strong>hunc</strong></span> <span class='ocrx_word' id='word_1_855' title='bbox 1483 2780 1643 2807; x_wconf 87' lang='lat' dir='ltr'><strong>mundatum</strong></span> <span class='ocrx_word' id='word_1_856' title='bbox 1655 2779 1704 2807; x_wconf 86' lang='lat' dir='ltr'><strong>de-</strong></span> 
     </span>
    </p>
   </div>
   <div class='ocr_carea' id='block_1_118' title="bbox 913 2825 1702 2861">
    <p class='ocr_par' dir='ltr' id='par_1_118' title="bbox 913 2825 1702 2861">
     <span class='ocr_line' id='line_1_118' title="bbox 913 2825 1702 2861; baseline -0.004 -5"><span class='ocrx_word' id='word_1_857' title='bbox 913 2831 1069 2856; x_wconf 84' lang='lat' dir='ltr'><strong>monstrare</strong></span> <span class='ocrx_word' id='word_1_858' title='bbox 1093 2825 1169 2861; x_wconf 86' lang='lat' dir='ltr'><strong>lepra</strong></span> <span class='ocrx_word' id='word_1_859' title='bbox 1188 2826 1343 2853; x_wconf 77' lang='lat' dir='ltr'><strong>amictum?</strong></span> <span class='ocrx_word' id='word_1_860' title='bbox 1365 2825 1510 2858; x_wconf 83' lang='lat' dir='ltr'><strong>Quomodo</strong></span> <span class='ocrx_word' id='word_1_861' title='bbox 1532 2831 1624 2854; x_wconf 87' lang='lat' dir='ltr'><strong>autem</strong></span> <span class='ocrx_word' id='word_1_862' title='bbox 1647 2833 1702 2853; x_wconf 90' lang='lat' dir='ltr'><strong>non</strong></span> 
     </span>
    </p>
   </div>
   <div class='ocr_carea' id='block_1_119' title="bbox 914 2871 1706 2908">
    <p class='ocr_par' dir='ltr' id='par_1_119' title="bbox 914 2871 1706 2908">
     <span class='ocr_line' id='line_1_119' title="bbox 914 2871 1706 2908; baseline -0.004 -6"><span class='ocrx_word' id='word_1_863' title='bbox 914 2873 1049 2902; x_wconf 85' lang='lat' dir='ltr'><strong>absonum</strong></span> <span class='ocrx_word' id='word_1_864' title='bbox 1068 2872 1206 2908; x_wconf 86' lang='lat' dir='ltr'><strong>leprosum</strong></span> <span class='ocrx_word' id='word_1_865' title='bbox 1219 2872 1276 2908; x_wconf 81' lang='lat' dir='ltr'><strong>jam</strong></span> <span class='ocrx_word' id='word_1_866' title='bbox 1294 2879 1349 2900; x_wconf 91' lang='lat' dir='ltr'><strong>non</strong></span> <span class='ocrx_word' id='word_1_867' title='bbox 1365 2871 1501 2906; x_wconf 84' lang='lat' dir='ltr'><strong>leprosum</strong></span> <span class='ocrx_word' id='word_1_868' title='bbox 1516 2879 1566 2901; x_wconf 80' lang='lat' dir='ltr'><strong>nec</strong></span> <span class='ocrx_word' id='word_1_869' title='bbox 1584 2872 1706 2900; x_wconf 85' lang='lat' dir='ltr'><strong>immun-</strong></span> 
     </span>
    </p>
   </div>
  </div>
