1880 3057
175 149 229 183 415

172 204 238 233 dum
255 210 324 236 esse,
337 202 494 230 mundatum
511 211 575 230 vero
583 207 609 230 ct
624 210 721 230 sanum
735 210 783 239 per
791 203 966 230 Dominicnm
983 206 1004 234 Α

174 254 276 279 tactum
286 253 313 276 et
323 249 443 284 reputari
457 249 492 277 ab
509 248 637 277 omnibus
654 253 682 276 et
699 249 818 281 ostendi,
828 256 891 276 eum
903 255 967 275 vero

173 295 220 330 qui
234 295 456 322 emundationem
485 294 538 329 ipsi
555 294 672 330 benigne
694 299 720 321 et
734 294 906 322 abundanter
918 295 967 322 do-

172 341 257 371 navit,
273 339 454 366 immunditiaa
476 339 635 373 participem
659 345 795 374 reputare.
812 347 893 374 quam
917 347 967 367 nec

173 386 200 413 in
217 386 270 413 alio
289 393 405 420 corpore
418 385 558 413 concessit
581 386 709 413 manere?
723 385 810 421 Igitur
829 394 883 414 non
903 395 965 414 eum

172 433 217 467 qui
234 440 282 467 per
302 437 403 459 tactum
417 432 520 458 malum
541 432 663 466 corporis
679 433 790 465 abrasit,
811 433 885 462 hunc
899 433 965 469 quin

172 482 296 513 tangeret
315 477 358 503 lex
375 477 528 512 prohibuit.
548 477 757 519 Misanthropia:
771 479 843 506 cnim
859 486 913 506 non
929 479 966 506 ef-

172 524 287 560 fugisset
302 524 419 556 crimen,
440 523 487 551 sed
504 531 551 552 eos
565 524 612 558 qui
626 525 652 550 in
671 525 806 559 tangendo
822 525 888 552 nihil
904 526 966 560 qui-

172 572 231 598 dem
248 571 427 598 immunditia:
451 570 624 602 auferebam.
644 575 785 605 tangentes
800 576 891 598 tamen
916 580 965 600 eos

171 618 216 652 qui
229 617 318 644 adhuc
333 617 410 651 plaga
423 616 614 644 detinebantur
633 622 660 644 et
682 617 801 652 afﬂigere
823 618 966 646 transmis-

172 662 251 689 sionc
265 662 356 696 potius
370 666 507 696 poterant,
520 670 601 697 quam
612 663 783 691 curationem
798 672 845 698 per
856 663 964 691 illorum

171 715 282 734 manum
300 708 416 740 lucrari;
441 708 512 735 unde
527 708 591 743 quia
620 713 647 735 et
663 709 793 737 dominus
807 716 866 738 erat
880 709 965 737 Filius

172 753 291 780 hominis
303 758 330 780 et
344 754 461 788 ponendi
478 759 571 782 etnon
585 755 701 789 ponendi
717 755 815 790 legem,
827 763 882 783 non
891 757 963 784 enim

172 797 264 825 carnis
279 799 430 832 assumptio
442 800 592 833 potentiam
607 800 719 827 abstulit
733 801 896 834 divinitatis,
913 803 960 829 sed

172 849 331 879 assumptus
347 845 430 872 homo
457 846 604 880 potentiam
621 847 680 882 ejus
696 847 740 882 qui
754 849 902 883 assumpsit
913 849 962 876 sibi

171 891 311 926 propriam
327 890 408 924 fecit;
432 896 460 918 et
476 893 540 926 quia
556 893 603 927 qui
621 894 810 928 principaliter
825 899 852 921 et
877 895 964 930 origi-

172 937 271 964 nalitcr
284 937 536 973 esrlcgislatoreos
554 939 599 973 qui
620 939 671 966 sub
684 947 766 967 manu
781 945 844 968 sunt
855 941 966 976 subjicit

171 983 347 1017 legislationi,
368 991 422 1011 non
437 984 518 1011 simul
530 985 675 1019 subjicitur
689 993 738 1013 nec
754 986 834 1013 simul
849 986 967 1014 circum-

172 1029 264 1063 agitur
279 1037 341 1056 cum
361 1029 414 1064 legi
430 1029 574 1064 subjectis.
596 1030 628 1058 Et
640 1032 704 1066 quia
729 1039 776 1066 per
800 1033 965 1060 solutionem

172 1079 251 1101 vetus
272 1075 313 1102 lex
339 1068 473 1110 originem
499 1076 595 1103 habuit
624 1083 650 1104 et
667 1083 874 1105 cencurrentem
902 1086 964 1106 cum

172 1120 310 1148 solutione
323 1121 500 1149 securitatem
520 1122 657 1157 promisit,
675 1131 730 1150 non
753 1123 839 1151 altero
851 1123 966 1151 alterum

174 1165 325 1199 auferente,
342 1174 389 1201 per
403 1171 553 1202 utrumque
575 1175 640 1195 vero
657 1168 864 1196 subsistentiam
886 1169 968 1204 legis-

173 1211 275 1239 latione
284 1212 453 1247 accipiente;
469 1217 496 1240 et
509 1213 574 1248 quia
587 1221 640 1240 non
653 1221 701 1248 per
718 1217 820 1241 tactum
833 1214 875 1241 lex
886 1222 968 1242 mun-

173 1257 270 1284 dantes
286 1258 320 1285 ab
345 1258 520 1286 immunditia
537 1259 676 1286 hominem
695 1264 805 1294 tangere
831 1261 966 1295 prohibet,

173 1303 220 1329 sed
232 1310 280 1330 eos
295 1303 341 1338 qui
360 1311 448 1338 neque
463 1312 545 1338 quam
562 1305 659 1331 melius
683 1304 829 1339 disponere
853 1311 969 1340 pessunt

174 1349 276 1384 injuria
291 1349 417 1377 affectum
437 1358 484 1385 per
500 1351 719 1384 immunditiam;
746 1356 772 1379 et
791 1352 856 1387 quia
870 1360 919 1387 per
936 1360 968 1379 ca

175 1403 237 1430 quae
251 1395 377 1423 Salvator
393 1396 468 1427 fecit,
485 1397 685 1432 legislationem
701 1397 787 1432 magis
813 1398 968 1426 honorabat

174 1448 230 1468 non
246 1441 357 1468 obstare
371 1449 431 1469 eam
442 1442 544 1469 divinis
560 1442 645 1477 signis
660 1443 837 1476 convincens,
854 1444 882 1471 in
903 1452 969 1471 con—

175 1494 289 1514 cursum
305 1494 369 1514 vero
386 1487 474 1522 magis
484 1488 678 1516 demonstrans
694 1492 872 1523 assumptam.
884 1489 969 1525 Prop—

175 1537 218 1560 ter
231 1533 289 1560 haec
306 1532 389 1568 igitur
420 1534 524 1566 omnia,
554 1538 686 1569 quantum
714 1534 740 1561 in
756 1542 800 1562 me
816 1535 888 1562 scire
916 1539 968 1567 est,
983 1547 1005 1578 ο

176 1577 304 1606 Salvator
320 1583 413 1607 noster
432 1585 456 1607 et
474 1577 546 1607 Deus
566 1580 705 1615 lepmsum
724 1587 824 1608 curans
844 1584 871 1608 et
887 1581 970 1608 verbo

177 1629 279 1652 tactum
292 1625 461 1661 conjungens
475 1633 558 1661 supra
574 1633 729 1662 sermonem
752 1626 873 1654 ostendit
889 1634 970 1654 mun-

177 1672 282 1699 datum.

984 874 1004 901 Β

375 1774 536 1808 ΩΠᾸΞΒΤΙΟ
561 1774 618 1803 LXI
637 1775 684 1811 [aL
713 1775 781 1812 LX].

177 1819 248 1851 Quid
275 1820 421 1856 signiﬁcat
437 1820 532 1847 illud:
558 1829 567 1846 ε
594 1820 642 1847 Est
652 1829 710 1856 spes
735 1830 826 1849 canem
844 1823 969 1851 viventem

362 1855 496 1883 meliorem
513 1864 570 1883 esse
581 1856 653 1883 leone
668 1857 794 1884 mortuo!

757 147 890 178 ΡΗΟΤΙΙ
909 147 1162 180 PATRIARCH/E
1181 151 1225 182 ΟΡ

1019 204 1118 240 λεπρὺν
1129 207 1221 234 οὐκέτι
1237 207 1336 243 λεπρὸν
1347 208 1401 235 οὺὸ¹
1409 208 1564 244 ἀκάθαρτον
1578 207 1658 239 εἶναι,
1671 212 1811 248 κεκαθαρ-

1022 251 1104 284 μένον
1119 251 1147 278 δὲ
1163 253 1210 278 καὶ
1230 252 1295 287 ὑγιᾶ
1310 252 1353 280 διὰ
1367 253 1417 288 τῆς
1431 254 1600 289 Δεσποτικῆς
1614 254 1687 290 ἁφῆς
1705 256 1753 282 καὶ
1767 265 1812 282 νο-

1022 296 1150 331 μίζεσθαι
1163 298 1230 325 πᾶσι
1242 299 1290 325 καὶ
1304 299 1520 332 ἐπιδείκνυσθαι,
1539 300 1584 326 τὶν
1601 300 1630 327 δὲ
1642 301 1693 337 τὴν
1709 301 1814 337 κάθαρ-

1021 351 1063 369 σιν
1076 344 1150 378 αὐτῷ
1175 345 1375 381 φιλανθρώπως
1396 346 1443 372 καὶ¹
1458 346 1607 381 ὑπερφυῶς
1629 347 1812 383 δωρούμενον,

1019 390 1192 426 ἀκαθαρσίας
1208 393 1352 426 μετασχεῖν
1364 392 1495 427 νομίζειν,
1506 394 1539 428 ῆν
1551 393 1605 420 οὐδ’
1619 394 1647 420 ὲν
1660 393 1746 428 ἑτέρῳ
1761 393 1815 420 σώ-

1022 445 1086 470 ματι
1101 437 1292 473 συνεχώρησεν
1318 438 1425 472 μένειν;
1443 438 1550 465 Οὐκοῦν
1571 438 1631 473 οὐχὶ
1645 439 1690 464 τὸν
1705 439 1750 465 διὰ
1762 439 1814 473 τῆς

1019 482 1093 516 ἁφῆς
1110 482 1139 508 τὸ
1162 483 1246 514 πάθος
1271 483 1317 509 τοῦ
1343 483 1446 518 χρωτὸς
1471 484 1636 516 ἀποξύοντα,
1661 483 1757 510 τοῦτον
1774 483 1814 519 μὴ

1019 528 1154 554 ἅπτεσθαι
1168 528 1182 554 6
1195 529 1275 563 νόμος
1292 529 1394 555 ἐκώλυε
1408 529 1628 565 (μισανθρωπίας
1643 529 1697 565 γὰρ
1711 530 1763 556 οὐκ
1776 529 1812 556 ἂν

1019 573 1105 608 ἔφυγε
1127 573 1228 610 δίκην),
1244 574 1312 600 ἀλλὰ
1324 575 1386 606 τοὺς
1403 575 1432 601 ὲν
1451 574 1490 610 τῷ
1506 574 1640 601 ἅπτεσθαι
1660 572 1743 609 μηδὲν
1762 574 1815 610 μὲν

1019 619 1068 653 τῆς
1082 619 1256 654 ἀκαθαρσίας
1267 619 1497 654 ἀφαιρουμένους,
1513 620 1684 654 ἁπτομένους
1699 620 1721 646 δ’
1736 621 1814 656 ὅμως

1019 664 1073 691 τῶν
1088 665 1129 691 ἔτι
1151 667 1184 700 τῇ
1200 665 1333 701 διαφθορᾷ
1349 666 1538 700 συνεχομένων
1558 666 1606 692 καὶ
1629 666 1814 700 λυμαίνεσθαι

1019 712 1052 746 τῇ
1079 712 1221 746 μεταδόσει
1243 712 1343 747 μᾶλλον
1364 713 1566 748 δυναμένων,ἢ
1591 713 1640 748 τὴν
1663 707 1815 748 θεραπείαν

1019 756 1064 783 διὰ
1077 757 1127 792 τῆς
1144 757 1256 784 ἐκείνων
1268 758 1360 793 χειρὸς
1370 758 1624 793 ἀποκερδαινόντων
1635 767 1641 773 ⁸
1661 757 1731 784 ὥστε
1744 757 1815 785 διότι

1019 811 1048 829 τε
1071 803 1172 838 Κύριος
1188 801 1221 839 ἦν
1237 805 1251 830 6
1274 804 1338 835 Υίὸς
1362 803 1409 830 τοῦ
1426 803 1572 839 ἀνθρώπου
1588 804 1635 830 καὶ
1656 803 1743 830 θεῖναι
1765 805 1816 831 καὶ

1022 848 1058 883 μὴ
1078 848 1163 875 θεῖναι
1181 850 1225 875 τὸν
1251 849 1329 882 νόμον
1350 849 1391 885 (οὐ
1406 850 1459 884 γὰρ
1473 850 1490 884 ἡ
1514 849 1563 884 τῆς
1579 849 1679 884 σαρκὸς
1693 849 1817 884 πρόσλη-

1017 894 1063 929 ψις
1078 894 1127 929 τὴν
1141 893 1265 926 ἐξουσίαν
1280 895 1401 931 περιεῖλε
1412 895 1460 930 τῆς
1473 895 1609 930 θεότητος,
1623 895 1691 921 ἀλλὰ
1701 895 1715 921 ὁ
1727 903 1816 929 προσ-

1018 939 1133 974 ληφθεὶς
1170 940 1313 975 ἄνθρωπος
1342 941 1373 967 τὸ
1403 942 1504 975 κράτος
1537 940 1585 967 τοῦ
1614 941 1818 975 προσλαϐόντος

1018 984 1200 1021 ᾠκειώσατο),
1216 986 1263 1012 καὶ
1282 985 1350 1012 διότι
1367 986 1381 1012 ό
1397 986 1499 1021 κυρίως
1520 987 1566 1013 καὶ
1583 985 1688 1013 οἴκοθεν
1700 987 1816 1021 νομοθέ-

1018 1040 1067 1067 της
1090 1032 1153 1063 τοὺς
1168 1032 1220 1058 ὑπὸ
1232 1033 1310 1067 χεῖρα
1326 1032 1375 1067 μὲν
1397 1032 1540 1059 ὑποτάττει
1557 1033 1589 1067 τῇ
1609 1032 1764 1067 νομοθεσίᾳ,
1783 1032 1816 1059 οὐ

1018 1078 1205 1112 συνυπὰγεται
1222 1078 1250 1104 δὲ
1265 1078 1324 1104 οὐδὲ
1340 1079 1558 1113 συμπεριάγεται
1571 1079 1628 1110 τοῖς
1651 1078 1813 1113 νομοθετουσ

1020 1125 1126 1160 μένοις·
1145 1125 1192 1151 καὶ
1207 1124 1248 1151 ὅτι
1265 1124 1309 1150 διὰ
1330 1124 1433 1155 λύσεως
1447 1125 1461 1150 6
1476 1124 1592 1156 παλαιὸς
1609 1124 1691 1159 νόμος
1706 1124 1755 1160 τὴν
1768 1125 1817 1158 γέ-

1018 1179 1092 1197 νεσιν
1105 1170 1184 1205 ἔσχεν
1201 1170 1250 1197 καὶ
1275 1170 1424 1205 σύνδρομον
1439 1171 1470 1204 τῇ
1498 1169 1574 1196 λύσει
1597 1170 1646 1206 τὴν
1661 1170 1817 1205 ἀσφάλειαν

1019 1217 1134 1252 ὑπέστη,
1151 1216 1181 1243 οὐ
1199 1216 1315 1251 θατέρου
1337 1216 1366 1243 τὸ
1386 1215 1479 1251 ἕτερον
1503 1216 1691 1251 ἀναιροῦντος,
1711 1217 1743 1242 δι’
1760 1217 1819 1251 ἀμ-

1020 1264 1080 1297 φοῖν
1094 1263 1122 1289 δὲ
1136 1262 1185 1298 τὴν
1203 1262 1333 1289 σύστασιν
1352 1262 1403 1296 τῆς
1421 1261 1582 1297 νομοθεσίας
1602 1262 1796 1297 λαμϐανούσης
1809 1269 1817 1277 ’

1019 1310 1067 1336 κα)⁸
1080 1309 1122 1335 ὅτι
1139 1309 1200 1343 οὐχὶ
1218 1309 1280 1340 τοὺς
1295 1308 1329 1334 δι’
1345 1308 1417 1343 ἁφῆς
1436 1309 1450 1335 6
1464 1308 1545 1342 νόμος
1569 1307 1750 1343 καθαίροντας
1763 1307 1819 1341 τῆς

1019 1354 1190 1389 ἀκαθαρσίας
1217 1354 1262 1381 τὸν
1286 1354 1429 1389 ἄνθρωπον
1449 1352 1582 1380 ἅπτεσθαι
1610 1353 1726 1379 κωλύει·
1744 1353 1819 1380 ἀλλὰ

1019 1401 1083 1433 τοὺς
1100 1401 1184 1436 μηδὲν
1198 1401 1309 1435 ἄμεινον
1322 1399 1454 1426 διαθεῖναι
1467 1399 1633 1434 δυναμένους
1645 1399 1690 1425 τὸν
1705 1399 1819 1435 ἐξυϐρι-

1021 1447 1120 1482 σμένον
1135 1447 1167 1482 τῇ
1181 1445 1337 1481 ἀκαθαρσίᾳ
1347 1454 1354 1460 ·
1366 1445 1414 1472 καὶ
1425 1445 1466 1472 ὅτι
1479 1445 1513 1472 δι’
1528 1442 1566 1472 ὧν
1575 1447 1588 1472 6
1600 1446 1695 1481 Σωτὴρ
1710 1446 1820 1480 ἐπρατ-

1020 1502 1078 1524 τεν,
1094 1494 1144 1528 τὴν
1161 1492 1323 1528 νομοθεσίαν
1343 1491 1443 1527 μᾶλλον
1455 1491 1537 1526 ἐτίμα
1547 1491 1598 1518 οὐκ
1608 1491 1819 1527 ἁνθισταμένην

1021 1539 1082 1569 ταῖς
1106 1537 1282 1573 θεοσημείαις
1303 1537 1460 1571 διελέγχων,
1483 1536 1633 1572 σύνδρομον
1656 1535 1684 1562 δὲ
1711 1535 1820 1571 μᾶλλον

1021 1583 1176 1615 ἐπιδεικνὺς
1202 1582 1500 1618 παραλαμϐανομένην.
1529 1582 1578 1610 Διὰ
1604 1582 1696 1609 τοίνυν
1724 1581 1818 1610 ταῦτα.

1018 1629 1118 1661 πάντα,
1133 1629 1183 1655 ὅσα
1197 1637 1229 1663 γε
1256 1628 1306 1663 ἐμὲ
1321 1628 1430 1659 εἰδέναι,
1448 1628 1462 1653 ὁ
1477 1628 1574 1663 Σωτὴρ
1588 1627 1668 1662 ἡμῶν
1685 1626 1732 1654 καὶ
1747 1627 1820 1660 Θεὸς

1016 1675 1063 1702 τὸν
1076 1675 1176 1711 λεπρὴν
1190 1674 1349 1710 θεραπεύων
1363 1674 1411 1700 καὶ
1427 1673 1500 1709 λόγῳ
1513 1673 1562 1708 τὴν
1577 1674 1651 1708 ἁφὴν
1667 1674 1818 1701 συνάπτων

1018 1721 1088 1757 ὑπὲρ
1102 1721 1181 1755 λόγον
1197 1720 1280 1753 ἔδειξε
1296 1719 1514 1755 κεκαθαρμένον.

1293 1775 1462 1801 ΕΡΩΤΗΣΙΣ
1480 1774 1541 1801 ΞΑΊ

1026 1823 1057 1850 Τί
1072 1822 1164 1856 δηλοῖ
1175 1822 1220 1854 τὸ,
1232 1830 1242 1847 ‹
1259 1821 1366 1847 Ἔστιν
1379 1820 1469 1856 emt;-
1483 1821 1526 1847 ὅτι
1539 1822 1556 1848 ὁ
1566 1821 1671 1849 κύωνό
1686 1821 1818 1852 {En-ma-

1058 1858 1110 1919 τιὲς
1122 1858 1232 1892 ἀγαθός
1248 1856 1334 1883 ἐστιν
1350 1855 1427 1890 ὑπὲρ
1443 1856 1497 1882 τὸν
1510 1856 1619 1883 λέοντα
1639 1857 1693 1884 τὸν
1708 1859 1817 1891 τεθνη-

1057 1902 1075 1920 κ
1096 1901 1151 1924 τα;
1169 1902 1179 1918 ι

689 1957 761 1982 Edita
773 1965 786 1982 a
799 1958 870 1988 Maio,
883 1959 901 1984 1.
913 1966 945 1990 c.,
958 1967 982 1992 p.
995 1960 1075 1986 ’ΤΞ-75.
1086 1961 1112 1985 ln
1123 1960 1209 1985 Eccle.
1225 1967 1260 1989 rx,
1272 1959 1296 1985 4.

212 1999 368 2026 Secundum
386 1999 505 2026 litteram
523 1999 644 2033 quidem,
657 1999 684 2026 in
706 2003 849 2036 propatulo
866 2011 965 2031 sensus

175 2049 232 2076 est;
251 2045 285 2071 ad
302 2044 370 2071 nihil
385 2048 477 2071 autem
489 2044 599 2071 videtur
615 2045 723 2073 utilium
736 2054 828 2081 neque
843 2054 968 2075 necesse.

176 2091 281 2117 riorqu
306 2089 442 2122 tendere;
471 2091 572 2118 etenim
598 2092 726 2120 omnibus
763 2096 791 2120 et
815 2093 966 2128 cognitum,

156 2134 158 2137 ’
176 2143 232 2162 ιιοη
246 2134 334 2161 solum
352 2142 448 2162 canem
473 2135 565 2163 vivum
589 2142 697 2164 mortuo
719 2138 799 2166 leone
816 2138 966 2172 meliorem,

176 2180 225 2207 sed
239 2184 266 2207 et
280 2187 362 2207 omne
378 2181 422 2208 cui
437 2181 514 2208 adest
525 2181 587 2209 vita
600 2182 746 2218 vestigium
763 2190 796 2209 eo
808 2183 880 2218 quod
896 2184 967 2211 hanc

177 2226 288 2261 abjecit,
303 2230 330 2253 et
344 2226 366 2254 si
380 2226 423 2254 leo
441 2227 486 2260 sit,
501 2227 555 2254 etsi
573 2226 682 2254 leonum
697 2232 802 2255 naturae
822 2233 849 2256 et
861 2229 967 2256 roboris
984 2222 1006 2250 ο

177 2272 205 2299 in
226 2272 390 2300 immensum
418 2273 545 2301 Sortitum
566 2273 601 2300 sit
626 2273 858 2308 superioritatem,
881 2275 966 2302 multo

176 2318 299 2346 melioris
314 2319 418 2346 ordinis
432 2319 521 2346 vivum
543 2324 651 2347 mortuo
664 2319 795 2355 judicari.
812 2320 897 2355 lgitur
914 2329 967 2349 me-

176 2364 230 2391 lius
242 2369 284 2392 est
299 2372 314 2391 a
330 2365 419 2392 littera
435 2366 468 2392 ad
495 2365 621 2400 spiritum
639 2365 767 2399 transire,
788 2371 814 2393 et
833 2366 867 2393 ad
886 2366 967 2393 intel-

175 2411 332 2439 lectualium
345 2419 453 2438 sursum
462 2410 527 2438 ferri
537 2411 805 2447 contemplationem.
816 2411 966 2439 Didicimus

175 2457 260 2493 igitur
275 2465 308 2484 ex
320 2457 407 2484 sacris
426 2456 550 2492 Eloquiis
568 2464 653 2486 canes
674 2457 784 2492 quidem
801 2465 849 2485 eos
863 2458 910 2492 qui
932 2465 964 2485 ex

175 2503 303 2539 gentibus
326 2503 485 2538 appellatos,
514 2505 621 2540 regium
653 2512 718 2532 vero
742 2509 769 2532 et
788 2505 964 2532 excellentem

174 2556 258 2585 quem
281 2553 489 2582 repmsentaret
507 2549 559 2580 leo,
578 2550 716 2585 judaicum
743 2545 964 2585 cognominatum

175 2594 317 2630 populum.
344 2594 414 2622 Dicit
441 2595 534 2630 itaque
558 2596 737 2625 Ecclesiastes
761 2605 796 2624 ιι
814 2597 921 2624 Etenim
939 2597 965 2624 id

176 2640 320 2675 sapientiae
335 2644 363 2667 et
377 2640 411 2667 ad
431 2641 569 2675 praeterita
580 2647 607 2669 et
623 2642 657 2669 ad
676 2641 769 2669 futura
792 2642 965 2677 explananda

176 2691 205 2715 et
212 2687 378 2715 conferenda
386 2686 517 2715 divinitus
528 2689 620 2716 datum
631 2693 684 2720 est;
700 2698 711 2715 ι
723 2689 790 2716 dicit
809 2689 901 2724 itaque
916 2696 964 2716 ca-

175 2741 250 2766 nem,
267 2734 294 2761 id
310 2739 400 2762 estex
417 2734 544 2769 gentibus
570 2735 721 2768 hominem,
741 2734 781 2762 sic
805 2735 878 2762 enim
901 2742 965 2762 eum

175 2781 269 2808 vocari
278 2788 326 2816 per
336 2781 518 2808 Chanan:eam
532 2782 673 2813 docemur,
683 2782 706 2809 si
720 2781 798 2809 illum
814 2781 965 2808 secundum

175 2827 291 2867 virtutes
305 2828 360 2855 vita
377 2835 433 2856 non
449 2829 563 2856 omnino
577 2829 764 2864 dereliqucrit,
780 2835 856 2864 spem
869 2820 976 2864 praebi-l

176 2877 269 2900 turum
281 2881 343 2902 esse
357 2874 444 2909 magis
459 2881 489 2901 se
504 2882 536 2901 ex
552 2874 675 2903 bonitate
690 2882 745 2903 non
760 2881 889 2903 casurum
903 2881 964 2902 esse

1058 2005 1134 2030 Κατὰ
1152 2004 1201 2039 μὲν
1213 2003 1245 2030 τδ
1256 2003 1384 2038 γράμμα,
1395 2002 1426 2029 τὸ
1437 2003 1581 2038 πρόχειρον
1594 2003 1612 2037 ὴ
1626 2002 1730 2030 διάνοια
1742 2003 1814 2039 ἔχει·

1020 2050 1090 2086 πρὸς
1114 2050 1192 2076 οὐδὲν
1218 2049 1248 2076 δὲ
1273 2049 1347 2075 δοκεῖ
1370 2048 1425 2075 τῶν
1453 2048 1664 2076 λυσιτελούντων
1679 2049 1738 2076 οὐδὲ
1757 2049 1816 2076 τῶν

1020 2095 1178 2129 ἀναγκαίων
1204 2094 1369 2121 συντείνειν·
1390 2094 1438 2120 καὶ
1459 2093 1515 2130 γὰρ
1531 2093 1615 2120 πᾶσιν
1630 2094 1703 2121 ἐστιν
1723 2095 1815 2127 ἐγνω-

1021 2142 1129 2177 σμένον.
1143 2141 1180 2173 ὡς
1198 2141 1228 2168 οὐ
1253 2141 1333 2176 μόνον
1353 2141 1368 2167 6
1385 2139 1458 2167 κύων
1473 2141 1487 2166 6
1503 2140 1558 2172 ζῶν
1582 2139 1627 2166 τοῦ
1649 2139 1816 2174 τεθνηκότος

1020 2188 1126 2218 λέοντος
1139 2187 1270 2222 ἀμείνων,
1288 2187 1355 2214 ἀλλὰ
1365 2186 1412 2213 καὶ⁸
1426 2187 1480 2213 πᾶν
1493 2182 1516 2220 ᾧ
1529 2186 1638 2220 μέτεστι
1652 2186 1722 2221 ζωῆς
1738 2187 1816 2221 ilva;

1019 2233 1066 2261 τοῦ
1084 2233 1188 2269 ταύτην
1203 2233 1425 2268 ἀποόεῦληκότος
1438 2231 1489 2258 κᾶν
1501 2231 1570 2258 λέων
1584 2229 1612 2268 ᾗ,
1629 2231 1680 2258 κᾶν
1690 2231 1742 2266 τῆς
1756 2232 1816 2258 τῶν

1020 2279 1134 2305 λεόντων
1158 2278 1266 2311 φύσεως
1287 2279 1336 2304 καὶ
1359 2277 1455 2312 ῥώμης
1471 2276 1533 2303 καθ’
1556 2276 1707 2311 ὑπερὸολὴν
1725 2277 1815 2312 ἒκλη-

1021 2325 1127 2360 ρὼσατο
1142 2324 1176 2352 τὸ
1196 2323 1340 2359 ὑπερέχον,
1363 2322 1454 2357 πολλῷ
1477 2322 1632 2358 κρείττονος
1654 2322 1759 2357 λήξεως
1781 2323 1816 2350 τδ

1019 2370 1074 2402 ζῶν
1096 2370 1143 2396 τοῦ
1159 2369 1320 2404 τεθνηκότος
1336 2368 1474 2402 ἀξιοῦται·
1500 2367 1597 2395 οὐκοῦν
1619 2367 1731 2402 ἄμεινον
1758 2369 1816 2395 ἀπὸ

1019 2415 1066 2443 τοῦ
1078 2416 1243 2451 γράμματος
1262 2415 1308 2442 ἐπὶ
1323 2415 1352 2441 τὺ
1366 2413 1475 2449 πνεῦμα
1487 2415 1597 2449 χωρεῖν,
1615 2415 1663 2440 καὶ
1680 2414 1749 2449 πρὸς
1761 2415 1816 2450 τὴν

1018 2461 1072 2488 τῶν
1088 2461 1191 2496 νοητῶν
1217 2460 1401 2496 ἀναφέρεσθαι
1425 2459 1553 2495 θεωρίαν.
1578 2459 1734 2496 Ἐμάθομεν
1754 2460 1815 2486 τοί-

1019 2517 1066 2536 νυν
1081 2508 1135 2535 ἀπὸ
1147 2508 1202 2534 τῶν
1216 2507 1297 2542 ἱερῶν
1313 2506 1419 2540 Λογίων
1431 2505 1514 2537 κύνας
1533 2505 1584 2540 μὲν
1600 2505 1663 2536 τοὺς
1677 2505 1708 2536 ἐξ
1724 2504 1814 2532 ἐθνῶν

1019 2554 1212 2589 καλουμένους.
1231 2553 1370 2588 βασιλικὸν
1392 2552 1420 2579 δὲ
1437 2552 1483 2578 καὶ
1499 2551 1654 2586 περιούσιον
1667 2550 1698 2576 ὃν
1716 2551 1751 2577 ἂν
1771 2552 1815 2578 εί-

1019 2601 1152 2628 κονίσειεν
1163 2601 1177 2626 ό
1188 2599 1266 2630 λέων,
1275 2598 1321 2625 τὸν
1336 2597 1481 2625 Ἰουδαϊκὸν
1490 2596 1727 2632 ἐπονομαζόμενον
1734 2596 1813 2625 λαόν.

1019 2647 1101 2681 Λέγει
1115 2646 1180 2681 γοῦν
1192 2646 1206 2672 6
1220 2644 1439 2680 Ἐκκλησιαστής
1449 2652 1457 2658 ·
1469 2653 1478 2670 ι
1490 2643 1546 2670 Καὶ
1556 2643 1611 2677 γὰρ
1626 2642 1702 2678 αὐτῷ
1716 2643 1749 2669 τὸ
1762 2644 1815 2678 τῆς

1020 2691 1116 2726 σοφίας
1139 2692 1261 2726 χάρισμα
1282 2690 1349 2726 πρὸς
1378 2691 1412 2716 τὰ
1428 2689 1549 2725 παρόντα
1570 2689 1616 2715 καὶ
1638 2689 1670 2725 δὴ
1684 2688 1720 2716 τὰ
1742 2689 1814 2724 φθά-

1020 2746 1106 2765 σαντα
1128 2737 1176 2764 καὶ
1192 2737 1261 2773 πρός
1282 2745 1313 2771 γε
1339 2735 1374 2762 τὰ
1399 2736 1531 2771 μέλλοντα
1561 2735 1744 2762 πλατύνεσθαι
1762 2737 1813 2763 καὶ

1019 2783 1288 2819 συμπαρατείνεσθαι
1300 2782 1392 2809 θεόθεν
1405 2781 1542 2817 ἐδωρήθη.
1555 2791 1564 2807 ι
1577 2781 1659 2815 Λέγει
1672 2782 1762 2808 τοίνυν
1772 2782 1813 2814 ὠς

1019 2829 1033 2855 6
1046 2827 1129 2861 κύων,
1149 2827 1287 2855 τουτέστιν
1306 2828 1320 2853 6
1336 2826 1366 2860 ἐξ
1385 2826 1469 2853 ἐθνῶν
1485 2826 1627 2861 ἄνθρωπος
1649 2826 1741 2859 (τοῦτο
1755 2827 1812 2862 γὰρ

1019 2873 1101 2901 αὑτὸν
1115 2873 1254 2900 καλεῖσθαι
1265 2873 1308 2900 διὰ
1317 2868 1367 2908 τῆς
1377 2872 1533 2904 Χαναναίας
1544 2871 1753 2908 διδασκόμεθα),
1763 2873 1814 2900 ἐὰν
