1880 3057
72 169 128 201 425

500 173 549 202 AD
568 172 864 204 AMPHILOCHIUM
891 171 1064 209 ΟΗΑΞΒΤῙΟ
1091 171 1194 209 LXIV,
1213 171 1298 202 LXV.

1664 174 1718 207 426

72 226 191 261 πλήσσει
204 234 211 240 ·
228 227 276 253 καὶ
296 227 423 262 δυνάμεις
443 227 493 262 μὲν
504 229 707 264 ὲνεδυνάμωσεν
724 251 731 263 ,
750 230 779 257 αῖ
815 229 848 256 διε

953 229 1076 256 videntes
1091 228 1115 256 ei
1130 232 1204 256 recte
1215 227 1366 255 ambulanti
1379 227 1456 262 prius
1467 228 1626 263 qnmrebant
1650 229 1717 258 insi-

71 272 256 307 ςθονούμεναι
269 273 350 300 αὐτὸν
358 273 533 309 εὐοδούμενον
545 275 676 310 πρότερον
687 276 801 311 ἐζήτουν
810 276 871 302 ἑπι-

71 317 220 345 6ουλεῦσαι
237 319 285 345 καὶ
296 319 490 354 ἀντιπράττειν
504 321 690 354 ὲτιλονείκουν
701 329 707 336 ’
726 321 827 352 ὲαυτδνῖ
842 321 870 348 δὲ

70 363 174 398 ἀσθενῆ
190 364 237 390 καὶ
247 365 486 401 καταδεδλημένον
510 367 605 400 ἔδειξε,
624 368 672 394 καὶ
683 367 732 402 τὴν
744 367 868 403 ἔμπροσ-

71 409 118 435 θεν
136 409 351 445 θαυμαζομένην
367 411 452 438 αὐτοῦ
464 412 563 446 σοφίαν
584 413 624 444 είς
635 413 665 439 τὺ
679 413 807 448 περιττὸν
820 414 868 440 καὶ

72 455 190 488 μάταιον
215 457 455 492 κατενηνεγμένην
479 458 633 493 διήλεγξεν.
654 459 683 486 Ὀ
709 459 801 495 μέντοι
825 459 869 486 τὸν

69 499 134 526 νοῦν
148 500 279 535 ἀνδρεῖος,
297 501 346 528 καὶ
364 502 427 533 τοὺς
447 502 621 538 ἐπηρμένους
644 503 698 530 τῶν
723 503 870 538 αἱρετικίιιν

70 544 219 580 λογισμοὺς
228 546 385 582 πολιορκεῖν
397 547 478 575 αὐτοῦ
498 548 547 584 τὴν
561 548 645 584 ὀρθὴν
659 548 738 581 δόξαν
753 548 868 575 διωθού-

71 599 163 625 μενος,
177 592 224 618 καὶ
237 591 277 627 τῷ
293 593 420 628 τμητικῷ
439 592 488 620 τοῦ
504 593 664 628 Πνεύματος
687 594 769 629 λόγῳ,
795 595 867 622 ὲκεί-

71 646 125 663 νων
140 637 191 672 μὲν
200 638 263 669 τοὺς
272 639 550 674 παρεμϐαλλομένους
570 639 664 672 λοξοὺς
693 640 740 666 καὶ
751 640 801 672 τὰς
820 649 852 667 συ
861 655 867 660 -

70 683 192 718 στροφὰς
206 684 261 710 τῶν
270 686 447 720 σοφισμάτων
467 685 619 721 ἐκτέμνων,
631 685 680 720 τὴν
694 685 716 712 δ’
738 686 868 722 ἀληθινὴν

67 728 149 761 δόξαν
178 729 227 755 καὶ
242 729 309 756 Θεὸν
336 730 460 765 τιμῶσαν
482 731 530 758 καὶ
557 731 660 767 ἀρετῆς
683 733 868 767 ἁντεχομένην

69 775 278 811 περικαθαίρων
292 784 322 802 τε
330 777 384 803 τῶν
398 777 617 809 ἑπισχιαζόντων
630 778 678 805 καὶ
690 778 868 814 άποδιαιρούι-

69 828 162 852 μενος,
187 820 214 846 εί
230 830 256 847 τι
271 821 377 854 τούτοις
391 823 491 856 ἔξωθεν
512 823 560 850 καὶ
585 823 661 859 παρά
685 824 739 850 τῶν
762 825 868 859 ὶχθρῶν

67 866 265 900 προστρίϐεται
288 867 375 900 νόθον,
393 869 488 896 τοῦτον
511 869 643 896 οὐδέποτε
671 869 703 896 τὸ
733 870 865 906 σιδήριον.

66 910 129 937 οὔτε
148 911 232 938 λαθὸν
247 912 363 950 διαπέσῃ
389 915 450 941 οὐδὲ
469 915 502 942 ὲκ
522 915 669 950 προδοσίας
696 915 783 948 οὐδεὶς
801 917 869 943 ἀπο-

65 956 187 983 λέσαντα
201 957 333 992 διελέγξει
348 968 355 975 ·
374 959 442 987 ἀλλά
461 960 548 986 καὶτὸ
563 960 592 992 ἐξ
607 961 696 995 ἀρχῆς
722 961 868 996 πρόσωπον

65 1002 249 1030 ἀναλλοίωτον
264 1005 313 1031 καὶ
327 1007 452 1041 ταραχῆς
468 1007 578 1042 ἀπάσης
607 1007 867 1043 άνακεκαθαρμένον

66 1050 235 1085 συντηρήσει
250 1058 257 1065 ·
274 1051 322 1078 καὶ
335 1053 385 1084 τὰς
401 1054 431 1079 ὲν
446 1053 521 1088 αὑτῷ
550 1053 670 1087 φυσικάς
685 1052 815 1088 δυνάμεις
831 1055 863 1089 τῇ

65 1094 212 1130 προσθήκῃ
222 1095 276 1122 τῶν
289 1097 344 1124 άπὸ
357 1098 408 1133 τῆς
417 1098 529 1133 χάριτος
540 1099 708 1134 δυναμώσει,
722 1098 813 1131 δείξας
826 1098 864 1131 ὡς

64 1138 174 1174 ἀληοῶς
198 1141 260 1167 ὅσον
282 1143 440 1177 περισσεύει
461 1143 508 1170 τοῦ
537 1144 662 1179 ἀνδρείου
677 1145 693 1180 ή
709 1145 791 1179 σοφία
815 1145 865 1179 τῆς

64 1184 111 1210 τοῦ
125 1185 216 1212 δειλοῦ
233 1187 367 1223 ῥᾳθυμίας
392 1189 439 1216 καὶ
454 1190 547 1225 ῥᾳδίου
565 1191 622 1222 τοῖς
637 1190 730 1225 ἔργοις
758 1190 862 1217 ἁλῶναι

65 1230 170 1265 πολλὴν
185 1231 216 1267 ἐχ
233 1242 294 1265 ντος
311 1234 359 1268 τὴν
376 1235 556 1269 ἀναλγησίαν.

340 1292 508 1318 ΕΡΩΊῊΣΙΣ
524 1293 584 1320 ΞΕ’.

63 1335 144 1368 "pic
171 1337 239 1362 dra
257 1338 376 1363 σκοπὸν
399 1338 564 1365 ἀποῦἶῑέπει
594 1339 629 1365 τό
646 1346 652 1353 ·
673 1348 682 1364 ι
704 1339 798 1366 Γενεὰ
810 1346 863 1365 πο-

95 1370 222 1413 ιιεῄεταε
233 1372 280 1398 καὶ
304 1374 391 1406 γενεὰ
419 1373 547 1408 ἔρχεται,
571 1374 590 1408 ἠ
613 1373 647 1401 δὲ
669 1373 709 1408 γῆ
733 1375 777 1407 είς
807 1374 863 1400 τὸν

96 1414 191 1432 «aura
206 1414 348 1441 εστηκεν.
364 1417 373 1433 ι

923 274 993 301 diari
1013 278 1041 301 et
1056 279 1150 300 contra
1168 280 1230 300 eum
1243 279 1324 308 agere
1334 272 1512 307 nitebantur;
1529 274 1650 309 seipsum
1667 282 1718 302 au-

923 325 976 347 tem
995 320 1133 347 inﬁrmum
1151 323 1179 346 et
1194 319 1332 353 dejectum
1345 319 1476 349 ostendit.
1494 323 1521 347 et
1535 324 1615 347 antea
1632 321 1719 348 admi-

921 365 1024 393 rationi
1046 365 1168 393 habitam
1189 371 1269 393 suam
1290 364 1454 399 sapientium
1473 365 1500 392 in
1517 373 1716 401 supervacuum

921 418 949 440 et
962 419 1062 439 vanum
1077 411 1195 438 delatam
1209 411 1345 446 coarguit.
1357 410 1409 443 Qui
1423 415 1513 438 tamen
1525 416 1616 439 mente
1628 411 1717 440 virilis

920 463 948 486 et
973 459 1060 485 elatas
1090 457 1285 485 haereticorum
1313 457 1437 484 rationes
1464 457 1498 484 ad
1528 457 1715 485 debellandam

920 503 1007 538 ipsius
1022 506 1127 531 rectam
1146 502 1226 530 ﬁdem
1247 502 1383 537 repellens
1394 522 1402 534 ,
1422 506 1450 529 et
1465 502 1580 529 incisivo
1597 502 1716 537 Spiritus

918 549 1024 582 verbo,
1054 549 1164 577 illorum
1191 547 1301 583 quidem
1326 547 1517 576 immissiones
1541 548 1667 583 obliquas
1689 553 1718 576 et

918 602 1048 630 perversa
1073 595 1245 630 sophismata
1266 594 1452 626 exscindens,
1471 601 1566 622 veram
1588 594 1668 622 tidem
1691 599 1718 622 et

919 641 1004 668 Deum
1029 640 1211 668 honorantem
1232 645 1260 668 et
1281 640 1378 667 virtuti
1397 639 1582 667 adhaerentem
1602 640 1717 668 mundat

917 691 946 714 et
958 687 992 714 ab
1005 686 1238 714 obumbrantibus
1253 689 1281 713 et
1292 689 1419 720 separat,
1437 685 1460 713 si
1475 685 1542 720 quid
1558 685 1601 713 his
1616 686 1652 713 ab
1665 693 1716 713 οι·
1750 699 1753 702 -

920 732 1042 771 trinseeo
1062 736 1090 759 et
1103 731 1137 759 ab
1148 731 1270 759 inimicis
1286 730 1428 758 aﬂricatur
1443 730 1634 766 illegitimum,
1652 731 1717 758 huic

919 785 1062 813 nunquam
1089 777 1193 804 ferrum
1221 783 1257 804 ne
1284 776 1402 804 latenter
1427 776 1537 811 quidem
1561 776 1715 808 exciderit,

920 832 1009 860 neque
1021 832 1054 851 ex
1069 823 1223 859 proditione
1234 823 1309 851 ullus
1323 823 1544 858 pessnindantem
1555 822 1714 856 convincet;

921 871 968 899 sed
983 875 1009 898 et
1030 877 1046 897 a
1067 869 1202 905 principio
1225 870 1330 896 vultum
1351 868 1552 896 immutabilem
1574 872 1602 895 et
1621 868 1715 895 turba-

923 918 996 945 tione
1012 917 1087 945 omni
1108 917 1271 945 mundatum
1290 916 1483 948 conservabit;
1508 919 1535 943 et
1548 923 1595 944 eas
1609 923 1671 950 quae
1687 915 1714 942 in

922 972 952 992 se
974 969 1039 992 sunt
1063 964 1204 991 naturales
1230 964 1303 991 vires
1328 963 1468 990 additione
1493 969 1588 990 earum
1615 970 1678 997 qua:
1698 969 1713 989 a

921 1010 1008 1045 gratia
1034 1014 1097 1037 sunt
1126 1009 1283 1042 roborabit,
1298 1010 1446 1037 ostendens
1472 1016 1565 1036 revera
1580 1012 1713 1043 quantum

916 1059 1027 1090 superet
1041 1055 1092 1082 viri
1109 1055 1214 1083 cordati
1232 1055 1366 1089 sapientia
1383 1054 1470 1081 timidi
1485 1054 1620 1089 ignaviam
1636 1058 1662 1081 et
1675 1053 1714 1080 fa-

916 1100 978 1127 cilis
1002 1101 1132 1135 operibus
1156 1100 1216 1135 capi
1234 1099 1348 1127 multam
1365 1100 1492 1127 habentis
1517 1098 1713 1127 insensibilita-

917 1150 981 1173 tem.

1080 1289 1243 1324 QUAESTIO
1261 1290 1329 1317 LXV
1354 1290 1408 1327 [aL
1429 1289 1538 1326 LX“y

918 1337 958 1363 Ad
979 1345 1055 1372 quem
1076 1337 1154 1370 linem
1171 1341 1272 1371 spectat
1293 1337 1362 1364 illud
1381 1344 1390 1364 :
1410 1347 1418 1362 ι
1435 1337 1576 1364 Cenr'ralio
1595 1337 1712 1371 prwlen‘t

952 1377 976 1398 et
1004 1373 1138 1406 generatio
1167 1372 1292 1404 advenit,
1318 1377 1389 1399 terra
1416 1378 1505 1400 autem
1532 1373 1561 1399 in
1586 1379 1712 1400 aeternum

950 1411 1014 1434 stat.
1034 1417 1043 1433 ι

589 1489 661 1518 Edita
672 1496 685 1514 a
696 1489 766 1520 Maio,
785 1489 801 1514 1.
814 1495 835 1514 c.
850 1496 874 1520 p.
893 1488 977 1514 78—80.
989 1488 1016 1513 in
1033 1488 1116 1513 Eccle.
1130 1494 1147 1519 ι,
1166 1488 1190 1514 4.

95 1562 190 1589 Εἰπὼν
204 1562 259 1589 τῶν
275 1562 426 1599 ἀνθρώπων
443 1565 458 1591 ὁ
473 1565 599 1600 Σολομὼν
614 1566 646 1593 τὰ
664 1566 848 1601 σπουδάσματι

950 1564 1016 1591 Cum
1039 1564 1154 1592 dixisset
1169 1563 1310 1592 hominum
1333 1563 1445 1592 Snlomo
1466 1565 1555 1593 studia
1576 1569 1604 1592 et
1624 1565 1714 1593 conti-

61 1609 108 1634 καὶ
131 1609 195 1639 τοὺς
222 1608 357 1644 διηνεκεῖς
384 1610 483 1642 πόνους
499 1610 546 1643 οὓς
573 1613 638 1647 περί
658 1613 709 1647 τὴν
741 1612 788 1639 τοῦ
807 1612 865 1647 βίου

59 1654 212 1681 ἀπόλαυσιν
238 1654 465 1688 καταῦάλλονται,
489 1656 647 1692 διαθαῤῥεῖν
681 1659 721 1689 είς
754 1659 864 1693 ματαιό-

58 1708 140 1735 ma,
163 1700 211 1727 καὶ
236 1700 319 1735 μηδὲν
346 1701 427 1728 πλέον
454 1702 592 1737 εὑρίσκειν
618 1703 714 1739 κέρδος
732 1704 777 1730 τὸν
817 1713 865 1740 μο-

59 1746 176 1781 χθοῦντα
192 1746 241 1773 καὶ
253 1747 391 1774 κοπιῶντα
410 1747 457 1775 τοῦ
474 1749 542 1784 πρὸς
559 1749 644 1785 μηδὲν
677 1750 780 1777 τούτων
805 1752 865 1782 ταῖς

60 1792 210 1827 μερῖμναις
225 1792 437 1826 ἀποϐλέποντος,
453 1794 510 1821 ἀλλ’
524 1795 628 1830 ὁμοίως
652 1796 702 1831 μὲν
731 1798 788 1829 τοῖς
810 1805 864 1824 σω-

59 1838 190 1872 ματικοῖς
214 1838 327 1865 πάθεσιν
358 1839 548 1876 ὑποκείμενον,
570 1841 600 1868 ὲν
621 1841 670 1877 ῐσῳ
689 1841 717 1868 δὲ
731 1843 799 1878 πρὸς
816 1843 865 1870 άλ-

58 1885 168 1911 Αοίωσιν
198 1885 246 1912 καὶ
271 1886 375 1920 φθορὰν
401 1887 497 1921 ἔχοντα
521 1886 551 1913 τὸ
573 1888 653 1923 σῶμα
674 1888 861 1924 διακείμενον,

58 1931 128 1962 πρὸς
149 1931 244 1965 ὅμοιον
266 1931 294 1958 δὲ
321 1932 397 1964 τέλος
418 1933 546 1960 ὀδεύοντα
568 1934 614 1960 καὶ
639 1934 857 1969 καταδυόμενον.

57 1975 152 2002 Ταῦτα
169 1975 255 2002 εἰπὼν
270 1976 315 2003 καὶ
328 1977 531 2012 ἐπιδειξάμενος
548 1978 592 2004 διὰ
605 1978 652 2004 τοῦ
666 1978 754 2005 εἰπεῖν
767 1987 774 1994 ⁸
789 1988 798 2005 ι
814 1979 862 2011 Τίς

59 2021 204 2056 περισσεία
217 2021 257 2057 τῷ
268 2021 317 2048 ἀνθ
323 2022 405 2057 ρώπῳ
418 2023 447 2049 ἐν
461 2023 543 2049 παντὶ
561 2023 653 2058 μόχθῳ
666 2024 748 2050 αὐτοῦ
771 2021 794 2058 ᾧ
810 2033 860 2060 μο-

63 2066 124 2100 χθεὶ
146 2066 200 2093 ὑπὸ
213 2066 259 2093 τὸν
272 2067 348 2102 ἥλιον
363 2068 419 2102 sin;
436 2077 446 2093 ι
465 2067 524 2101 (καὶ
538 2068 593 2103 γὰρ
609 2067 650 2100 τὸ,
668 2069 724 2102 τις,
741 2069 860 2096 ἐνταῦθα

58 2112 117 2138 ἀντὶ
131 2113 194 2144 τοῦ,
208 2112 344 2148 οὐδεμία,
359 2113 532 2148 λαμϐάνεται
543 2122 549 2128 '
562 2111 619 2141 οἷον
631 2115 747 2149 οὐδεμία
762 2124 858 2150 περισ-

59 2157 161 2192 σοτέρα
179 2157 297 2192 ὠφέλεια
319 2158 360 2193 τῷ
382 2158 520 2194 ἀνθρώπῳ
545 2159 716 2194 περιγίνεται
732 2161 761 2186 ὲν
776 2160 858 2187 παντὶ

60 2203 154 2239 μόχθῳ
171 2204 257 2231 αὑτοῦ
269 2204 322 2231 ὑπὸ
332 2205 377 2231 τὸν
390 2205 476 2240 ἥλιον,
494 2205 511 2241 ἢ
529 2205 554 2232 εί
571 2206 640 2240 πρὸς
656 2206 740 2242 μηδὲν
752 2206 857 2234 τούτων

58 2250 238 2285 ιςατετρίϐετό
261 2259 290 2277 τε
307 2251 356 2278 καὶ
378 2251 568 2278 κατετείνετο·
582 2252 613 2279 οὐ
629 2253 683 2288 μὴν
700 2253 762 2280 οὐδὲ
784 2253 854 2289 πρὸς

56 2296 102 2322 τὸν
118 2295 333 2331 ἀπηλλαγμένον
348 2297 477 2333 τοιαύτης
495 2299 676 2333 ματαιότητος
692 2299 804 2334 ἄμεινόν
827 2308 853 2327 τι

57 2341 233 2376 διακείμενος
254 2342 427 2376 δείκνυταιι)
450 2344 602 2378 άφεστᾶναι
622 2343 667 2371 διὰ
693 2345 773 2371 τοῦτο
804 2345 854 2380 τῆς

60 2387 124 2421 περὶ
138 2386 228 2413 ταῦτα
246 2387 364 2422 σπουδῆς
382 2387 430 2414 καὶ
452 2388 634 2424 ματαιότητος
657 2389 763 2423 εἰσάγει
787 2398 856 2425 παρ·

57 2434 175 2459 αἱνεσιν.
194 2432 263 2459 Ὑπὸ
276 2432 322 2459 τὸν
336 2433 412 2467 ἥλιον
423 2434 452 2460 δὲ
470 2434 563 2461 καλεῖν
578 2434 673 2461 εἴωθεν
688 2435 738 2462 ὅσα
754 2436 855 2471 μᾶλλον

58 2477 195 2511 γενέσεώς
208 2480 285 2505 ἐστιν
301 2479 502 2516 ὑπηρετήματα
509 2480 563 2520 ’καὶ
578 2481 681 2517 φθορᾶς
691 2490 698 2497 ·
716 2482 763 2509 άτε
776 2482 808 2518 δὴ
820 2483 854 2518 τῇ

57 2524 166 2551 ἐκείνου
197 2524 425 2560 συνδιαφέρεσϐαι
461 2526 552 2563 φθορᾷ
579 2527 627 2554 τοῦ
655 2528 854 2565 δημιουργικοῦ

57 2570 139 2602 λόγου
154 2569 288 2602 τάξαντος
305 2570 384 2605 θέρος
400 2572 448 2598 καὶ
461 2572 595 2607 χειμῶνα,
619 2574 668 2600 καὶ
689 2574 724 2600 τὰ
748 2575 851 2609 μεταξὺ

55 2616 161 2642 τούτων
192 2615 243 2651 ἔαρ
271 2625 302 2643 τε
331 2617 378 2643 καὶ
407 2617 577 2654 μετόπωρον.
610 2619 688 2646 Ἐπεὶ
711 2618 757 2647 οὖν
779 2621 851 2656 μέγα

56 2660 140 2695 yépo;
155 2662 313 2696 συνεισάγει
330 2663 345 2690 δ
358 2662 406 2689 τοῦ
430 2663 508 2698 ἡλίου
533 2663 602 2700 πρὸς
623 2665 674 2697 τὰς
700 2665 754 2692 τῶν
768 2666 849 2702 ὡρῶν

54 2709 178 2742 γενέσεις
195 2710 307 2746 δρόμος,
323 2712 350 2738 αί
363 2711 392 2738 δὲ
406 2713 466 2744 ταῖς
489 2715 662 2747 σωματικαῖς
680 2715 728 2741 καὶ
743 2715 850 2751 ἀνθρω-

55 2756 149 2788 πίναις
168 2756 216 2784 ἐπὶ
230 2757 261 2784 τὺ
275 2758 366 2794 χεῖρον
387 2757 404 2793 ἢ
428 2758 460 2785 τὸ
479 2760 604 2788 κρεῖττον
627 2760 789 2788 άλλοιώσεσι
804 2763 853 2790 καὶ

56 2800 222 2834 μεταϐολαῖς
234 2801 338 2834 πολλὰς
350 2803 480 2839 ἀφορμὰς
493 2804 714 2839 συνεισάγουσιν,
737 2807 851 2840 εἰκότως

53 2847 102 2882 τὴν
111 2847 177 2882 περὶ
188 2847 224 2874 τὰ
233 2846 348 2874 τοιαῦτα
360 2849 479 2884 σπουδὴν
491 2850 537 2876 καὶ
550 2850 678 2885 φροντίδα
690 2854 873 2888 κατονομάξει

55 2893 225 2925 σπουδαστάς
257 2893 349 2921 αὐτῶν
379 2895 587 2931 μαρτυρόμενος
612 2898 834 2933 κατατρίϐεσθαι.

921 1617 992 1637 nuos
1005 1610 1113 1638 labores
1127 1618 1197 1645 quos
1213 1610 1247 1638 ad
1265 1611 1326 1638 vitae
1348 1610 1506 1638 fruitionem
1533 1611 1710 1646 impendunt,

920 1656 1018 1683 cedere
1035 1655 1062 1682 in
1080 1656 1248 1688 vanitatem,
1264 1661 1292 1683 et
1305 1656 1411 1683 nullum
1428 1657 1517 1691 majus
1533 1657 1656 1685 invenire
1671 1657 1714 1684 lu-

920 1709 996 1728 crum
1016 1709 1131 1737 operose
1152 1706 1277 1737 agentem
1303 1705 1331 1729 et
1354 1701 1522 1729 laborantem
1547 1709 1581 1729 eo
1603 1702 1651 1737 qui
1677 1702 1712 1730 ad

919 1748 1023 1775 nullum
1046 1748 1145 1775 horum
1168 1748 1242 1775 curis
1266 1747 1393 1783 respicit,
1407 1747 1455 1775 sed
1471 1748 1598 1775 similiter
1612 1755 1711 1784 corpo-

919 1794 1023 1821 ralibus
1037 1793 1180 1821 ail‘ectibus
1194 1793 1361 1828 subjectum.
1372 1801 1450 1828 atque
1463 1798 1553 1821 autem
1567 1793 1603 1820 ad
1614 1793 1712 1820 immu-

918 1839 1050 1866 tationem
1066 1843 1094 1866 et
1112 1838 1316 1874 corruptionem
1341 1838 1484 1866 habentem
1499 1846 1599 1873 corpus
1613 1838 1710 1873 dispo-

917 1885 1000 1911 situm
1011 1905 1018 1918 ,
1030 1888 1057 1911 et
1073 1884 1107 1911 ad
1124 1884 1253 1912 eumdem
1271 1884 1352 1912 linem
1367 1889 1523 1920 pergentem
1540 1888 1568 1912 et
1582 1883 1711 1911 occiden-

917 1935 990 1963 tem;
1008 1930 1064 1958 luec
1079 1937 1142 1957 cum
1159 1930 1274 1957 dixisset
1293 1934 1321 1957 et
1333 1930 1500 1959 ostendissat
1517 1937 1565 1964 per
1579 1929 1638 1956 haec
1650 1936 1710 1957 ver-

916 1976 950 2003 ba
970 1984 978 2003 :
1006 1986 1014 2002 I
1031 1976 1101 2010 Quid
1128 1981 1254 2011 superest
1279 1976 1383 2004 homini
1407 1975 1433 2003 in
1453 1977 1527 2002 omni
1549 1975 1643 2003 labore
1654 1983 1710 2010 quo

916 2022 1022 2050 laborat
1045 2023 1096 2050 sub
1118 2023 1194 2050 sole?
1213 2032 1223 2048 ι
1243 2022 1379 2057 (Etenim,
1402 2022 1545 2057 quid,illic
1561 2029 1610 2057 pro
1627 2021 1709 2055 nihil,

914 2069 1034 2096 sumitur
1047 2077 1054 2101 ;
1072 2068 1154 2103 quale
1168 2073 1210 2095 est
1224 2077 1230 2095 :
1251 2068 1324 2095 nulla
1339 2068 1524 2095 abundantior
1542 2068 1647 2095 utilitas
1661 2068 1710 2095 ho-

915 2113 980 2141 mini
997 2114 1089 2148 prodit
1105 2113 1132 2140 in
1149 2114 1224 2140 onmi
1241 2113 1335 2141 labore
1354 2121 1406 2140 suo
1425 2113 1478 2141 sub
1496 2113 1571 2147 sole,
1587 2121 1670 2148 quam
1684 2114 1709 2140 si

913 2160 947 2187 ad
971 2159 1039 2186 nihil
1068 2160 1167 2187 horum
1195 2160 1368 2187 atterebatur
1389 2164 1417 2187 et
1441 2159 1579 2188 tendebat.
1600 2159 1708 2187 Etenim

914 2200 968 2233 non
986 2205 1074 2233 libero
1089 2213 1104 2233 a
1123 2206 1171 2233 tali
1184 2205 1305 2233 vanitate
1322 2205 1422 2233 melius
1437 2205 1465 2232 in
1482 2204 1576 2239 aliquo
1589 2204 1708 2240 disposi-

871 2243 894 2270 Ῑ)
911 2257 955 2281 tus
966 2253 1143 2287 ostenditur),
1154 2253 1287 2281 absistere
1296 2253 1379 2288 igitur
1390 2261 1406 2280 a
1421 2253 1513 2281 studio
1525 2253 1598 2280 circa
1609 2252 1668 2280 hac
1680 2256 1708 2279 et

908 2299 1030 2326 vanitate
1057 2298 1164 2326 inducit
1185 2298 1418 2326 exhortationem.
1446 2297 1504 2325 Sub
1532 2297 1591 2325 sole
1614 2301 1704 2324 autem

908 2343 1046 2379 appellare
1058 2343 1128 2372 solet
1153 2351 1326 2379 quaecunque
1341 2343 1430 2379 magis
1443 2342 1628 2379 generationis
1641 2347 1706 2370 sunt

909 2390 1062 2418 ministeria
1085 2395 1112 2418 et
1127 2390 1332 2425 corruptionis;
1360 2394 1453 2424 utpote
1474 2388 1547 2416 illius
1568 2388 1704 2415 discrimi-

909 2436 968 2463 nari
982 2436 1159 2471 corruptione
1171 2436 1309 2464 Creatoris
1324 2435 1407 2463 verbo
1421 2435 1567 2462 ordinante
1579 2438 1703 2462 aestatem

906 2489 933 2511 et
949 2483 1077 2515 hiemem,
1086 2487 1114 2510 et
1128 2490 1189 2518 qua:
1202 2483 1272 2509 inter
1285 2483 1342 2509 hzee
1350 2485 1414 2508 sunt
1428 2488 1475 2508 ver
1488 2485 1515 2508 et
1528 2484 1703 2508 autumnum.

908 2529 977 2563 Quia
991 2529 1074 2563 igitur
1085 2535 1211 2562 magnam
1228 2532 1333 2562 partem
1346 2526 1474 2554 conducit
1489 2525 1556 2552 solis
1571 2525 1604 2552 ad
1626 2525 1704 2552 hora-

909 2582 969 2602 rum
995 2574 1186 2610 generationes
1205 2580 1325 2604 cursus,
1345 2573 1386 2599 bte
1405 2575 1496 2598 autem
1513 2569 1704 2605 corporalibus

905 2626 932 2649 et
953 2621 1081 2648 humanis
1108 2620 1136 2647 in
1162 2619 1240 2654 pejus
1263 2623 1312 2646 aut
1336 2618 1435 2646 melius
1457 2617 1658 2645 mutationibus
1672 2620 1701 2644 et

905 2666 1134 2694 translationibus
1158 2665 1257 2692 multas
1278 2664 1442 2696 occasiones
1461 2664 1614 2696 inducunt,
1633 2663 1702 2690 bene

908 2714 981 2742 circa
996 2714 1053 2741 haec
1065 2711 1186 2740 studium
1202 2715 1230 2739 et
1242 2718 1337 2739 curam
1355 2710 1516 2738 denominat
1533 2711 1654 2739 laborem
1674 2715 1702 2739 ct

908 2760 1060 2789 molestiam
1089 2759 1140 2787 sub
1165 2758 1241 2792 sole,
1265 2757 1293 2785 in
1312 2764 1413 2786 vanum
1450 2757 1591 2786 studiosos
1606 2764 1700 2785 eorum

905 2809 1056 2837 testiﬁcans
1069 2807 1158 2836 atteri.
1196 2844 1198 2846 _

904 2855 990 2883 κόπον
1010 2856 1057 2883 καὶ
1072 2854 1176 2890 μόχθον
1189 2853 1241 2881 ὑπὸ
1257 2852 1304 2881 τὸν
1316 2852 1404 2889 ἥλιον,
1432 2853 1473 2886 είς
1507 2854 1596 2890 μάνην
1631 2854 1695 2887 τοὺς
