1880 3057
174 162 226 196 427

177 278 248 298 nunc
259 270 324 297 dicit
340 277 394 297 non
411 270 499 297 solum
515 276 741 303 unumquemque
754 277 849 296 earum
864 270 965 297 nullum

175 314 348 343 commodum
369 314 511 349 percipere
534 321 566 340 cx
592 313 730 341 continuis
749 314 966 343 dissensionibus

174 367 202 388 ιιι
213 361 355 388 labaribus
368 380 375 392 ,
391 364 486 395 utpote
500 367 547 394 per
563 360 766 394 generationem
781 366 807 387 et
825 361 964 388 interitum

175 407 332 439 ﬂuentibus,
349 407 470 434 studium
487 406 651 433 incessabile
664 410 691 432 et
703 413 797 433 curam
814 407 964 442 exciperet,

175 453 222 482 sed
241 458 268 481 et
285 460 369 487 super
383 452 587 487 generationem
605 456 689 479 totam
705 452 795 479 simile
813 452 894 480 inane
909 457 967 480 stu-

174 500 249 527 dium
266 499 334 526 nihil
352 499 445 526 minus
458 498 549 526 videre
569 506 631 526 esse
647 499 894 533 supervenientem.
911 499 965 527 Ge-

176 545 349 573 nerationutn
372 544 446 571 enirn
470 552 523 572 una
538 544 648 579 quidem
673 544 777 579 optimo
794 545 913 572 :tdlucret
938 550 966 572 et

175 591 232 618 alia
246 591 355 625 quidem
367 591 400 618 ad
414 591 479 617 vilia
490 596 602 625 quoque
617 589 732 617 inclinat
746 598 757 623 ;
781 591 824 617 illa
842 591 893 618 sub
909 591 966 618 snle

178 636 367 664 laborantibus
381 636 476 664 abiens
495 637 601 663 tristem
618 635 722 662 itm-nit
736 641 763 663 et
778 637 895 664 miseriae
908 637 965 671 ple-

125 697 131 704 -
178 690 242 710 num
255 689 414 715 recessum,
427 686 454 710 et
470 681 583 709 veniens
600 682 634 708 ad
652 681 719 708 nihil
734 681 800 708 utile
815 681 884 708 Viam
901 689 965 716 per.

178 729 243 756 ticit.
258 727 310 755 Sed
327 736 342 755 e
358 728 497 755 contrario
512 728 645 754 molestia:
660 731 687 754 et
699 727 805 754 labor-rs
821 727 892 754 lianc
909 735 966 761 pre-

177 779 292 807 mentes,
308 782 358 809 pro
370 781 402 801 eo
415 779 444 801 ut
455 773 593 807 pra-beant
607 772 766 803 utilitatem,
778 773 892 800 irrident
905 780 964 800 eam

175 822 209 848 de
224 821 359 852 vanitate;
377 821 434 848 haec
450 827 514 847 vero
531 827 563 846 ea
580 827 642 854 quae
661 819 686 845 in
703 819 879 854 generatione
894 824 921 845 et
939 819 964 845 in

175 866 369 901 corruptione,
383 866 409 892 id
424 871 466 892 est
484 864 537 892 sub
549 864 608 892 sole
624 868 689 892 sunt
701 884 710 896 ,
733 863 862 899 prudenti
882 872 963 891 sensu

753 165 885 196 ΡΗΟΤΙΙ
898 165 1152 197 PATRIARCHJE
1171 167 1226 198 ΟΡ.

211 223 264 252 Sed
279 223 337 252 inec
347 223 380 251 de
391 223 506 260 singulis
516 223 673 250 hominibus
686 230 748 250 cum
767 224 965 258 praemisisset,
983 227 1004 255 Α

1764 167 1815 200 628

1063 225 1142 252 ’Λλλά
1158 226 1213 261 γὰρ
1233 225 1320 252 ταῦτα
1338 225 1404 259 περὶ
1421 225 1476 252 τῶν
1490 225 1649 253 καθέχαστα
1665 227 1814 262 προδιαλαο

1022 271 1078 298 θὼν
1091 273 1139 298 ἀνθ
1145 271 1254 307 ρώπων,
1266 271 1313 298 νῦν
1330 280 1413 307 φησιν
1427 271 1464 303 ὥς
1479 272 1510 299 οὑ
1532 273 1613 307 μόνον
1627 272 1744 306 ἕκαστος
1764 276 1798 302 αὑ

1020 317 1075 344 τῶν
1090 318 1166 344 οὐδὲν
1192 318 1288 353 κέρδος
1309 318 1516 353 προσλαμϐάνει
1539 318 1584 345 διὰ
1613 319 1668 345 τῶν
1693 321 1815 356 συνεχῶς

1021 363 1222 399 περισπασμῶν
1233 363 1281 390 καὶ
1296 363 1350 389 τῶν
1366 363 1466 392 πόνων,
1481 360 1537 389 οἷον
1552 363 1607 390 τῶν
1618 364 1662 391 διὰ
1679 365 1813 398 γενέσεως

1021 411 1067 437 καὶ
1079 410 1184 445 φθορᾶς
1199 410 1325 442 ῥεόντων,
1338 409 1389 445 τὴν
1402 411 1522 444 σπουδὴν
1535 411 1676 437 ἄπαυστον
1689 411 1737 438 καὶ
1752 412 1813 437 ἐπι-

1023 455 1133 490 μέλειαν
1148 455 1334 490 ἀναδέχονται,
1361 456 1429 482 ἀλλὰ
1446 457 1494 482 καὶ
1516 457 1563 482 ἐπὶ
1580 457 1676 490 γενεᾶς
1687 457 1752 492 δλης
1764 457 1814 492 τὴν

1020 500 1118 535 ὁμοίαν
1129 500 1324 527 κενοσπουδίαν
1342 501 1420 527 οὐδὲν
1437 501 1552 528 ἔλαττον
1577 502 1645 537 ὸρᾷν
1660 502 1719 528 ἔστι
1745 510 1815 537 συμ-

1022 546 1180 573 ϐαίνουσαν.
1196 545 1258 572 Τῶν
1269 546 1325 581 γὰρ
1341 546 1443 580 γενεῶν
1459 547 1476 582 ἦ
1491 546 1581 573 τετοῦ
1593 547 1750 582 κρείττονος
1766 548 1815 574 ἀν-

1019 590 1154 626 τεχομένη
1173 591 1221 617 καὶ
1233 591 1265 626 δὴ
1278 592 1326 618 καὶ
1339 593 1355 627 ἡ
1369 592 1438 628 πρδς
1456 593 1487 619 τὸ
1503 593 1606 627 φαῦλον
1616 593 1814 624 ἀποκλίνουσα.

1020 638 1037 672 ἡ
1050 637 1099 670 μὲν
1116 637 1168 663 ὑπὸ
1181 638 1227 664 τὸν
1238 638 1314 672 ἥλιον
1331 638 1484 673 μοχθήσασι
1500 639 1678 674 ἀπερχομένη
1691 639 1816 675 σκυθρω-

1020 681 1070 708 πὸν
1084 681 1207 717 εὑρίσκει
1225 683 1273 709 καὶ
1289 682 1448 718 ἀθλιότητος
1463 683 1553 719 πλήρη
1569 683 1618 720 τὴν
1626 683 1815 721 ἀναχώρησιν,

1019 729 1066 754 καὶ
1090 728 1226 763 ἐρχομένη
1249 729 1317 763 πρὸς
1329 729 1405 755 οὐδὲν
1427 729 1482 756 τῶν
1508 729 1652 765 χρησίμων
1680 731 1730 766 τὴν
1755 731 1817 758 ὁδὸν

1019 772 1115 800 ἀνύει·
1133 773 1202 800 ἀλλά
1230 774 1388 801 τούναντίον
1415 774 1509 810 μόχθοι
1534 775 1582 802 καὶ
1609 776 1691 803 κόποι
1710 775 1817 811 ταύτην

1020 818 1216 852 συνθλίϐοντες,
1233 820 1294 847 ἀντὶ
1303 820 1350 847 τοῦ
1369 821 1497 856 παρέχειν
1520 821 1630 855 ὄφελος,
1652 821 1818 856 ἐπιγελῶσιν

1021 863 1104 899 αὐτὴν
1119 864 1168 899 τῆς
1182 865 1364 900 ματαιότητος
1376 873 1383 880 ’
1397 866 1415 900 ἡ
1425 866 1454 892 δὲ
1464 865 1499 892 τά
1516 867 1548 891 ὲν
1563 866 1671 900 γενέσει
1684 867 1732 892 καὶ
1748 865 1816 900 φθο-

176 912 327 947 abjicieus,
349 916 377 939 ct
406 912 538 939 rationem
560 918 654 938 eorum
673 918 844 946 quaecunque
863 915 965 938 natura:

1049 911 1204 944 Ξ,τουτέστιν
1216 911 1250 937 τὰ
1266 910 1319 937 ὑπὸ
1331 910 1376 937 τὸν
1390 911 1598 947 ἤλιον,σὼφρονι
1610 912 1734 946 λογισμῷ
1745 920 1819 947 παρ-

176 958 314 985 viuculum
344 955 585 991 indeprecabiliter
611 963 664 983 non
691 955 839 990 exigebat,
866 955 967 982 nullam

176 1005 292 1037 habens,
305 1003 355 1031 sed
378 1010 440 1038 qua:
462 1010 545 1037 supra
564 1002 672 1033 solent,
694 1002 719 1028 id
738 1005 780 1028 est
799 1009 970 1037 quaecunque

176 1050 287 1077 meliora
303 1053 426 1077 sunt.....
441 1049 474 1076 iis
491 1056 553 1083 quae
567 1048 593 1075 iu
611 1049 787 1083 generatione
801 1053 829 1075 et
845 1048 967 1082 interitu,

174 1096 322 1131 exquirens
336 1099 363 1122 et
379 1095 578 1130 philosopharis
591 1114 599 1126 ,
616 1095 715 1121 animae
731 1096 877 1129 puritatem
891 1115 898 1127 ,
919 1096 968 1122 mi-

176 1141 358 1169 sericordiam
376 1140 491 1176 proximi
510 1140 622 1167 hilarem
637 1140 782 1168 iacientem
799 1143 826 1166 ct
841 1140 966 1176 mitigaur

175 1195 228 1216 tem
246 1196 293 1216 ras
309 1196 370 1223 quae
387 1192 452 1215 sunt
474 1196 488 1214 a
511 1191 671 1222 paupertate
688 1183 799 1222 plaga's;
818 1186 841 1214 si
856 1195 920 1214 vero
942 1192 969 1214 et

174 1235 286 1262 omnino
301 1242 316 1262 a
332 1234 491 1262 vulneribus
515 1233 658 1260 liberantia
674 1237 701 1260 et
716 1233 789 1267 quod
807 1233 890 1260 totius
910 1233 962 1261 dis-

174 1281 320 1315 positionis
333 1279 524 1308 felicissirttutn
538 1283 565 1306 et
580 1278 634 1306 Deo
651 1278 822 1306 simillimum
839 1283 890 1310 est,
905 1286 968 1313 pru-

173 1327 274 1355 (lentia?
285 1325 628 1359 amoreintemperantiam
640 1324 852 1351 exterminanda
864 1328 891 1351 et
903 1325 968 1350 clio-

175 1381 206 1400 το
227 1373 344 1400 aliarum
360 1373 490 1399 virtutum
507 1371 698 1398 consonantia.
732 1370 807 1398 llauc
825 1371 908 1405 igitur
923 1378 969 1405 ge-

175 1420 343 1448 nerationem
365 1424 392 1446 et
412 1418 608 1453 complentium
633 1426 693 1445 eam
711 1418 864 1452 catalogum
877 1437 884 1449 ,
910 1423 970 1444 tan-

175 1474 256 1500 quam
271 1474 332 1502 quae
354 1465 419 1492 nihil
443 1472 539 1492 eorum
560 1472 620 1498 qua:
640 1464 692 1491 sth
714 1464 772 1491 sole
798 1468 859 1491 sunt
879 1471 969 1498 prose-

175 1517 280 1545 cutum,
294 1519 382 1547 neque
392 1514 454 1539 cum
471 1511 503 1537 iis
516 1518 578 1546 qua:
590 1511 616 1537 in
633 1511 808 1546 generatione
820 1515 846 1538 et
857 1511 968 1538 interitu

176 1558 260 1586 simul
280 1560 423 1592 abreptam
438 1562 464 1584 et
481 1557 674 1591 absumptam,
691 1557 867 1585 manifestum
883 1557 969 1584 multo

178 1604 264 1639 magis
300 1603 362 1630 aliis
393 1603 427 1630 ad
462 1603 577 1631 meliora
611 1603 782 1638 respexisse,
816 1608 969 1630 manentem

176 1656 205 1678 ot
227 1650 331 1678 erroris
360 1655 499 1685 expertem
527 1649 763 1677 conversationem
790 1650 970 1684 amplexatam

177 1703 227 1730 pro
244 1699 354 1723 errante
376 1699 404 1723 et
422 1695 560 1723 diﬂluente
579 1695 612 1722 ad
628 1695 774 1722 vanitatem
789 1703 796 1721 :
825 1696 882 1722 haec
906 1695 973 1722 aeni—

177 1741 296 1776 gmalico
316 1745 345 1768 et
367 1742 477 1768 cuiu-ise
494 1747 621 1768 sermone
640 1739 836 1775 perstringens,
856 1740 970 1768 inducit.

216 1796 226 1814 ο
240 1786 326 1814 Terra
334 1791 425 1814 autent
434 1787 462 1814 in
471 1791 603 1814 aeternum
614 1791 668 1814 stat
680 1794 702 1818 ;r
712 1791 846 1813 aeternum
861 1786 971 1819 quidem

180 1841 282 1862 rorans
300 1838 407 1869 tempus
425 1833 452 1860 in
467 1840 522 1866 quo
538 1833 580 1860 sol
595 1837 625 1859 et
642 1832 706 1859 luna
726 1836 754 1859 et
769 1832 890 1859 siderum
907 1833 973 1860 clio-

179 1887 226 1906 rus
242 1884 269 1907 et
290 1879 379 1914 ipsum
394 1879 506 1907 cceleste
518 1878 611 1914 polttm
624 1879 650 1905 in
667 1878 793 1913 opposito
806 1885 889 1905 cursu
904 1878 973 1906 bene

178 1926 336 1953 ordinatum
351 1930 380 1953 et
396 1926 609 1953 concordantem
627 1925 758 1960 impetum
773 1925 807 1952 ad
822 1925 927 1952 dierum
944 1929 972 1952 et

179 1971 303 1998 noctium
331 1975 359 1998 et
381 1975 535 2005 temporum
557 1971 751 1998 discretionem
774 1975 801 1998 et
818 1971 972 1998 renovatio-

180 2024 240 2042 nem
265 2016 293 2043 in
316 2023 384 2051 gyro
407 2021 509 2051 agunt;
538 2020 638 2044 terram
662 2021 751 2044 autem
779 2017 877 2044 iterum
891 2025 972 2044 assu-

180 2068 258 2088 mens
287 2067 338 2096 pro
365 2061 558 2096 redargutione
583 2062 666 2090 studii
695 2070 790 2089 eorum
809 2062 854 2096 qui
881 2067 973 2089 terunt

180 2114 245 2134 suas
267 2107 448 2142 cogitationes
475 2112 503 2135 et
522 2108 680 2143 deprimunt
708 2109 876 2143 propositum
899 2109 970 2136 circa

180 2161 262 2190 vana,
290 2161 341 2188 pro
360 2161 395 2182 eo
418 2159 447 2181 ut
467 2154 598 2182 deberent.
615 2155 731 2182 libenter
749 2154 875 2182 insistere
888 2156 972 2182 salvi-

179 2200 239 2227 llcis
255 2203 282 2226 et
293 2200 392 2227 anima:
414 2200 566 2228 allaborare
581 2200 666 2228 lucris
679 2208 687 2226 :
702 2205 806 2228 tantum
821 2208 888 2233 nou,
906 2202 971 2236 quid

1020 956 1160 991 ωσαμένη,
1172 957 1221 983 καὶ
1232 957 1310 991 λόγον
1329 958 1418 984 αὐτῶν
1432 958 1481 984 ὅσα
1503 958 1541 994 μὴ
1557 958 1629 994 ὁτῆς
1646 958 1754 993 φύσεως
1774 959 1818 984 δε-

1022 1003 1090 1038 σμὸς
1104 1004 1297 1039 ἀπαραιτήτως
1310 1004 1420 1039 ἀπῄτει,
1438 1004 1542 1039 μηδένα
1555 1004 1658 1040 θεμένη
1668 1013 1676 1020 ·
1699 1004 1769 1031 ἀλλὰ
1784 1004 1818 1031 τὰ

1023 1048 1092 1084 ὑπὲρ
1106 1049 1152 1076 τὸν
1170 1049 1259 1084 ἥλιον,
1272 1050 1412 1076 τουτέστιν
1428 1051 1479 1076 ὅσα
1498 1050 1618 1085 κρείττω
1640 1050 1746 1085 πέφυκε
1760 1051 1818 1077 τῶν

1021 1095 1051 1120 ἐν
1066 1095 1173 1128 γενέσει
1184 1096 1232 1122 καὶ
1247 1095 1336 1131 φθορᾷ
1355 1095 1498 1130 ζητήσασά
1507 1103 1535 1122 τε
1547 1095 1594 1122 καὶ
1607 1096 1817 1130 φλοσοφήσασα,

1018 1141 1109 1176 ψυχῆς
1127 1141 1312 1177 καθαρότητα,
1327 1141 1403 1168 ἔλεον
1419 1141 1466 1168 τοῦ
1481 1141 1594 1177 πλησίον
1610 1141 1774 1176 ἱλαρύνοντά
1786 1149 1818 1167 τε

1022 1188 1069 1214 κοιλ¹
1082 1186 1284 1222 διαπραΰνοντα
1298 1187 1347 1219 τὰς
1359 1188 1417 1214 ἀπὸ
1428 1188 1478 1222 τῆς
1494 1187 1590 1218 πενίας
1606 1187 1713 1222 πληγὰς
1724 1195 1734 1202 ’
1744 1188 1771 1213 εἰ
1789 1187 1819 1213 δὲ

1022 1235 1067 1262 καὶ
1084 1234 1223 1266 παντελῶς
1234 1234 1288 1261 τῶν
1302 1234 1468 1270 τραυμάτων
1484 1233 1691 1260 ἀπαλλάττοντα
1705 1234 1752 1261 καὶ
1766 1233 1821 1268 τῆς

1021 1281 1085 1316 ὅλης
1099 1281 1246 1313 διαθέσεως
1269 1280 1481 1316 μακαριώτατόν
1494 1288 1525 1306 τε
1540 1280 1588 1306 καὶ
1602 1279 1821 1314 θεοειδέστερον,

1023 1327 1202 1363 σωφροσύνης
1217 1327 1299 1363 έρωτι
1312 1327 1362 1361 τὴν
1377 1326 1525 1354 ἀκολασίαν
1552 1324 1821 1362 ὑπερορίζουσαθκαὶ

1021 1373 1060 1409 τῷ
1084 1373 1157 1408 χορῷ
1173 1372 1226 1399 τῶν
1252 1372 1341 1399 ἄλλων
1371 1371 1477 1407 ἀρετῶν
1507 1370 1721 1406 συγχορεύουσα.
1739 1369 1821 1405 Αὕτη

1021 1419 1111 1446 τοίνυν
1122 1420 1138 1454 ἡ
1153 1419 1234 1453 γενεὰ
1243 1418 1354 1445 καὶτῶν
1368 1426 1400 1444 συ
1405 1417 1479 1453 μπλη
1484 1417 1604 1453 ρούντων
1612 1416 1696 1452 αὐτὴν
1706 1417 1721 1443 ὁ
1734 1417 1822 1444 κατὰ·

1021 1466 1111 1500 λογος,
1127 1465 1165 1496 ὡς
1187 1465 1272 1500 μηδὲν
1297 1464 1351 1491 τῶν
1374 1464 1426 1490 ὑπὸ
1455 1464 1501 1490 τὸν
1523 1464 1598 1499 ἥλιον
1627 1463 1820 1495 σπουδάσασα,

1024 1512 1091 1547 μηδὲ
1104 1512 1160 1543 τοῖς
1192 1512 1221 1537 ὲν
1238 1511 1344 1545 γενέσει
1369 1511 1415 1536 καὶ
1433 1510 1522 1545 φθορᾷ
1550 1509 1822 1545 συμπεριενεχοείσα

1024 1558 1072 1584 καὶ
1087 1557 1326 1591 συγκαταδύσασα,
1344 1556 1423 1592 δῆλον
1439 1557 1481 1583 ὅτι
1497 1557 1565 1582 πολὺ
1578 1555 1632 1582 τῶν
1645 1555 1734 1582 ἄλλων
1747 1556 1821 1591 προς

1023 1605 1054 1630 τὸ
1070 1604 1194 1638 κρεῖττον
1220 1602 1372 1638 ἀπέϐλεψε,
1392 1603 1442 1637 τὴν
1473 1602 1606 1638 μένουσαν
1635 1602 1680 1628 καὶ
1706 1601 1823 1637 ἀπλανῆ

1024 1650 1164 1677 πολιτείαν
1179 1649 1394 1684 ἀπαλλαξαμένη
1409 1649 1459 1683 τῆς
1473 1649 1654 1683 πλανωμένης
1669 1648 1717 1674 καὶ
1740 1648 1824 1684 διαρ-

1024 1696 1139 1733 ρεούσης
1155 1696 1223 1732 προς
1244 1696 1413 1731 ματαιότητα
1423 1704 1430 1711 ·
1447 1695 1533 1722 ταῦτα
1547 1695 1584 1730 τῷ
1599 1695 1825 1729 αἱνιγματίζοντι

1024 1742 1071 1769 καὶ
1087 1743 1301 1777 συντετμημένῳ
1316 1741 1388 1776 λόγῳ
1405 1740 1523 1774 διεξιὼν,
1539 1741 1676 1776 ἐπιφέρει.

1062 1797 1071 1814 ε
1092 1788 1124 1814 Ἦ
1135 1788 1163 1814 δὲ
1182 1788 1219 1823 γῆ
1243 1789 1282 1819 εἰς
1305 1787 1351 1814 τὸν
1363 1787 1449 1813 αίῶνα
1464 1787 1595 1822 ἔστηκεν·
1620 1797 1629 1812 ι
1657 1786 1744 1813 αἰῶνα
1770 1787 1825 1822 μὲν

1024 1834 1114 1861 καλῶν
1131 1834 1176 1860 τὸν
1196 1834 1291 1869 χρόνον
1307 1834 1336 1859 ὲν
1354 1830 1431 1868 ᾧπερ
1441 1832 1517 1868 ἥλιος
1535 1832 1610 1868 καὶὴ
1627 1832 1724 1867 σελήνη
1743 1832 1795 1858 καὶ
1806 1833 1826 1867 ιιι

1023 1881 1077 1908 τῶν
1092 1881 1200 1916 ἄστρων
1221 1879 1314 1916 χορεία
1343 1879 1389 1906 καὶ
1414 1879 1494 1905 αὐτὸς
1513 1879 1526 1905 ό
1548 1878 1674 1914 οὐράνιος
1692 1877 1774 1909 πόλος
1792 1879 1824 1904 ὲν

1024 1927 1157 1961 ἀντιθέτῳ
1170 1926 1268 1962 πορείᾳ
1281 1926 1331 1961 τὴν
1348 1924 1479 1951 εὔτακτόν
1494 1933 1524 1951 τε
1537 1926 1584 1951 καὶ
1593 1925 1753 1960 ἐναρμόνιον
1772 1933 1824 1959 φο-

1026 1974 1074 2009 ρὰν
1096 1973 1163 2008 πρὸς
1175 1972 1287 2008 ἡμερῶν
1303 1973 1350 1999 καὶ
1366 1972 1472 2000 νυκτῶν
1487 1972 1534 1999 καὶ
1558 1971 1662 2006 καιρῶν
1681 1971 1824 2006 διάκρισιν

1023 2029 1053 2047 τε
1069 2020 1116 2046 καὶ
1128 2019 1350 2046 ἀποκατάστασιν
1372 2018 1544 2044 ἀνελίσσουσι
1557 2025 1564 2032 ·
1586 2017 1635 2053 τὴν
1652 2017 1704 2052 γῆν
1719 2017 1748 2043 δὲ
1766 2018 1823 2044 πά-

1024 2066 1064 2092 λιν
1082 2065 1247 2101 παραλαϐὼν
1264 2066 1307 2091 ἐπ’
1323 2065 1427 2100 ἐλέγχῳ
1439 2064 1489 2099 τῆς
1518 2064 1635 2099 σπουδῆς
1651 2063 1706 2090 τῶν
1733 2072 1823 2090 κατα-

1023 2111 1177 2146 τριψάντων
1192 2109 1281 2136 αὐτῶν
1291 2110 1354 2141 τοὺς
1368 2109 1517 2143 λογισμοὺς
1535 2108 1582 2135 καὶ
1605 2108 1823 2135 καταναλωσὰν-

1023 2166 1077 2183 των
1091 2157 1140 2192 τὴν
1160 2155 1321 2191 προαίρεσιν
1337 2155 1403 2190 περὶ
1417 2154 1452 2180 τὰ
1473 2155 1587 2189 μάταια,
1610 2153 1668 2180 ἀνθ’
1679 2150 1716 2180 ὧν
1735 2153 1823 2189 ὤφει-

1023 2202 1068 2229 λον
1098 2201 1296 2237 ὲμφιλοχωρείν
1329 2202 1385 2232 τοῖς
1411 2200 1596 2235 σωτηριώδεσι
1627 2200 1760 2235 καὶπερὶ
1787 2200 1823 2226 τὰ

181 2245 274 2278 enim,
288 2252 305 2273 o
321 2245 420 2276 homo.
437 2245 547 2279 dicens,
570 2253 604 2272 ex
625 2250 699 2272 tanta
717 2245 921 2280 importunitate
941 2251 970 2274 et

1049 2249 1125 2284 ,ιχικά
1140 2247 1342 2283 φιλοπονεῖσθαι
1358 2246 1451 2282 κέρδη.
1473 2247 1632 2282 Μονονουχὶ,
1647 2246 1680 2272 Τί
1697 2246 1763 2282 γὰρ,
1775 2246 1824 2273 ἁν-

182 2291 273 2318 studio
290 2291 410 2318 lucratus
435 2291 488 2318 es?
514 2289 612 2318 Nonne
636 2290 764 2317 similiter
782 2291 898 2318 aliorum
926 2292 972 2326 qui

181 2338 283 2366 nullam
299 2339 380 2366 talem
395 2338 579 2365 turbationem
593 2339 793 2368 sustinuerunt,
810 2345 899 2372 neque
914 2339 974 2365 tali-

182 2385 234 2413 bus
250 2384 383 2412 iluctuum
404 2384 531 2419 procellis
545 2383 640 2417 jactati
660 2383 746 2411 sunt?
767 2382 863 2410 Nonne
877 2391 974 2418 quem-

182 2431 330 2458 admodum
358 2430 412 2457 illis
437 2433 465 2456 et
485 2430 600 2456 veniens
624 2429 702 2456 venis
727 2434 755 2456 et
775 2429 836 2456 abis
858 2429 975 2457 abiens?

183 2477 299 2512 teipsum
320 2484 385 2504 vero
405 2477 520 2503 Omnino
545 2476 645 2503 misere
674 2475 795 2510 privabis
823 2475 974 2504 felicitate?

181 2523 282 2558 quibus
296 2530 327 2550 ea
344 2531 405 2558 qua:
419 2530 502 2556 super
517 2522 604 2549 solem
621 2528 684 2550 sunt
698 2527 853 2557 quaerentes
867 2527 895 2550 et
913 2523 975 2557 phi-

184 2569 360 2604 losophantes
388 2568 526 2595 fruuntur.
559 2567 592 2594 Et
617 2569 690 2601 quod
719 2568 901 2595 miserrimum
933 2572 975 2594 est

183 2615 272 2649 quoad
293 2615 441 2642 multorum
466 2614 591 2642 laborum
614 2619 642 2642 et
666 2614 853 2642 molestiarum
877 2614 974 2641 discri-

185 2669 246 2688 men
260 2682 266 2694 ,
292 2661 343 2688 heu
363 2661 536 2696 intolerabile
548 2666 576 2689 et
589 2661 693 2696 absque
707 2661 806 2688 solatio
821 2659 952 2687 damnum
966 2661 973 2687 l

185 2708 212 2734 in
226 2706 305 2742 pejus
320 2707 448 2735 invenisti
464 2712 490 2735 te
503 2713 530 2735 et
547 2713 592 2735 tua
607 2706 806 2739 detrahentem,
823 2706 856 2732 ad
872 2705 974 2732 nullam

184 2758 274 2780 autem
301 2753 444 2781 meliorum
469 2761 562 2782 rerum
587 2752 788 2780 sustolleutem.
812 2750 879 2778 Vide
902 2751 975 2778 enim

185 2806 272 2834 neque
287 2799 319 2827 ad
338 2800 489 2828 inanimum
507 2800 579 2828 istud
597 2804 624 2827 et
645 2799 790 2826 immotum
805 2801 833 2826 et
851 2805 977 2825 commu—

186 2847 256 2873 niter
270 2848 396 2875 munibus
412 2848 567 2883 subjectum
585 2852 665 2876 terrae
680 2846 888 2874 fundamentqu
903 2866 911 2878 ,
929 2853 976 2874 ne-

183 2899 237 2926 que
252 2892 284 2919 ad
303 2893 373 2920 istud
404 2902 450 2928 per
484 2894 598 2921 inultum
621 2893 687 2920 illud
720 2891 800 2920 inane
836 2891 974 2925 studium,

1025 2298 1128 2334 θρωπε,
1143 2296 1241 2329 λέγων,
1253 2294 1307 2321 ἀπὸ
1314 2294 1363 2329 τῆς
1372 2294 1507 2328 τοσαύτης
1522 2293 1658 2329 ὀχλήσεως
1675 2293 1723 2320 καὶ
1738 2299 1823 2319 σπου·

1025 2343 1074 2378 δῆς
1093 2341 1260 2376 ὲκέρδησας;
1274 2339 1323 2374 οὐχ
1333 2339 1433 2374 ὁμοίως
1441 2339 1489 2373 μὲν
1505 2338 1560 2364 τῶν
1574 2337 1662 2364 ἄλλων
1674 2338 1699 2364 οἱ
1716 2338 1822 2373 μηδένα

1024 2388 1145 2416 τοιοῦτον
1161 2387 1281 2422 τάραχον
1301 2385 1469 2418 ὑπέστησαν,
1490 2384 1556 2419 μηδὲ
1571 2383 1710 2414 τοιαύταις
1721 2391 1822 2418 τρικυ-

1025 2435 1101 2469 μίαις
1114 2431 1339 2468 ἐχειμάσθησαν;
1353 2430 1414 2464 οὑχί
1427 2429 1625 2464 παραπλησίως
1651 2428 1759 2460 τούτοις
1775 2429 1823 2455 καὶ

1024 2479 1169 2514 ἐρχόμενος
1183 2477 1264 2513 ἔρχῃ,
1278 2476 1326 2503 καὶ
1333 2475 1442 2511 ἀπέρχῃ
1455 2475 1660 2510 ἀπερχόμενος;
1679 2476 1780 2501 σαυτὸν
1793 2474 1822 2500 δὲ

1024 2524 1132 2554 πάντως
1146 2522 1246 2554 ἀθλίως
1258 2521 1419 2556 ἀποστερεῖς
1430 2521 1478 2555 τῆς
1498 2521 1716 2556 μακαριότητος;
1732 2518 1776 2552 οἷς
1788 2521 1822 2546 τὰ

1025 2570 1094 2604 ὑπὲρ
1110 2570 1156 2596 τὸν
1166 2569 1242 2604 ἥλιον
1256 2569 1281 2594 οί
1291 2567 1435 2604 ζητοῦντες
1449 2567 1496 2594 καὶ
1507 2567 1740 2602 φιλοσοφήσαντες
1755 2569 1823 2594 ἀπο-

1025 2616 1151 2642 λαύουσι·
1167 2615 1214 2642 χλὶ
1228 2616 1258 2641 τό
1273 2624 1305 2647 γε
1334 2614 1527 2649 χαλεπώτατον
1543 2615 1592 2649 τὴν
1608 2615 1663 2640 ἀπὸ
1680 2614 1736 2641 τῶν
1756 2615 1822 2641 πολ,

1025 2661 1078 2687 λῶν
1094 2661 1183 2688 πόνων
1207 2660 1256 2687 καὶ
1268 2661 1361 2687 κόπων
1374 2660 1517 2695 διαφορὰν,
1543 2661 1593 2695 φεῦ
1614 2663 1662 2695 τῆς
1678 2661 1821 2696 ἀφορήτου

1027 2709 1073 2735 καὶ
1092 2707 1287 2743 ἁπαρακλήτου
1296 2707 1408 2742 ζημίας,
1425 2708 1471 2734 ἐπὶ
1491 2706 1521 2733 τὸ
1541 2708 1632 2742 χεῖρον
1647 2704 1724 2741 εὗρες
1741 2707 1771 2733 σέ
1793 2715 1823 2732 τε

1026 2753 1074 2780 καὶ
1083 2753 1117 2780 τὰ
1133 2753 1168 2779 σὰ
1180 2752 1402 2788 κατασύρουσαν,
1431 2752 1498 2788 πρὸς
1511 2752 1588 2779 οὐδὲν
1612 2752 1640 2778 δὲ
1655 2752 1710 2777 τῶν
1729 2761 1822 2787 κρειτ-

1027 2799 1112 2826 τόνων
1130 2799 1329 2834 ἀναφέρουσαν.
1357 2799 1428 2835 Ὂρα
1455 2799 1508 2834 γὰρ
1535 2799 1576 2825 ὅτι
1605 2798 1672 2832 μηδὲ
1702 2798 1772 2832 πρὸς
1791 2798 1823 2824 τὸ

1029 2846 1131 2880 ἄψυχον
1139 2845 1217 2876 τοῦτο
1228 2847 1275 2872 καὶ
1287 2846 1414 2881 ἀκίνητον
1429 2847 1476 2872 καὶ
1492 2847 1566 2881 κοινῇ
1585 2846 1666 2872 πᾶσιν
1674 2845 1824 2879 ὑποκείμε-

1028 2900 1073 2919 νον
1093 2893 1143 2927 γῆς
1162 2892 1276 2926 ἔδαφος,
1305 2892 1364 2920 οὐδὲ
1395 2892 1463 2928 πρὸς
1491 2892 1571 2919 τοῦτο
1592 2891 1635 2918 διὰ
1650 2891 1701 2926 τῆς
1720 2891 1822 2925 πολλῆς
