1880 3057
77 155 135 189 429

576 160 625 190 AD
644 161 940 192 AMPHILOCHIUM
960 163 1133 198 QUAESTIO
1152 164 1252 195 LXVI.

1668 164 1722 198 430

78 215 190 248 ἐκείνης
206 215 410 246 κενοσπουδίας,
425 215 486 256 οὐδὲ
506 217 578 243 κατὰ
590 225 621 250 γε
639 217 685 244 τὸν
699 218 796 253 χρόνον
821 227 874 245 παρ

967 227 1014 255 ]ue
1028 220 1178 262 secundum
1196 225 1302 255 tempus
1322 221 1428 249 extendi
1448 226 1473 250 te
1488 222 1536 250 tibi
1553 222 1718 257 perfecisse,

80 260 254 294 ρατείνεσθαι
280 261 372 296 σαυτῷ
396 262 545 297 διεπράξω,
574 263 636 289 οὐδέ
660 271 721 290 τινα
740 264 877 300 πρόφασιν

79 306 170 332 «an
182 306 397 342 διαωησάμενος
424 305 514 343 εὗρες.
544 308 625 335 Ἀλλὰ
638 309 693 344 γὰρ
715 310 747 336 σὺ
763 310 812 345 μὲν
828 319 880 345 μα-

78 354 233 380 ταιοπονίὶω
248 355 295 381 καὶ
304 355 338 382 τὰ
350 355 406 382 ἂνω
417 355 494 382 κάτω
516 356 601 382 ποιῶν
628 355 726 383 θᾶττον
754 357 880 394 παρέρχῃ

79 400 129 426 καὶ
145 400 213 436 πρὸς
227 400 245 427 ἃ
263 401 325 436 μηδ’
337 402 403 436 ἀκοῇ
417 401 510 437 φέρειν
533 402 647 429 ἀνεκτὸν
662 403 796 438 νομίζειν,
815 404 878 438 τρέ-

81 453 142 479 μων
160 445 209 471 καὶ
225 445 375 481 ἀμηχανῶν
402 447 560 479 καταδύεις·
586 447 662 474 οὐδὲν
673 448 696 474 δ’
715 449 762 475 ἐπὶ
781 448 881 484 βραχύ-

79 500 165 517 τατον
183 491 275 527 σαυτῷ
288 493 444 527 προστιθεὶς
461 493 508 519 τοῦ
524 493 632 529 χρόνον,
655 495 692 529 μὴ
721 494 762 521 ὅτι
785 503 817 529 γε
845 496 878 531 τῇ

82 537 237 572 παρατάξει
254 539 541 574 συμπαρατεινὸμενος
560 540 610 567 τοῦ
624 540 729 576 ἀψύχου
756 541 803 568 καὶ
818 542 881 568 ἀκι-

81 583 180 617 νήτου·
211 583 278 611 αὐτὸ
301 584 330 610 δὲ
358 585 387 611 τὺ
418 585 589 621 πατούμενον
616 586 743 623 ἔδαφοςή
763 587 844 622 φύσις
863 588 880 623 ὴ

82 629 249 665 ἀναίσθητος
263 630 311 657 καὶ
327 631 364 667 μὴ
381 633 527 668 κινουμένη
553 632 671 668 ἔστηκεν
689 634 737 660 καὶ
748 633 880 669 διαμένει,

81 674 112 700 οὐ
127 674 242 705 πολλοὺς
261 675 342 708 μόνον
348 675 563 713 gamma“,
574 677 729 713 κατηγόρου
746 679 795 713 μὲν
804 678 881 711 τάξιν

81 720 179 746 λαϐεῖν
193 721 270 755 παρά
284 719 331 746 σοῦ
343 708 549 753 ἕυνελασθείσα,
565 708 758 758 κατηγοροῦσα
777 723 805 750 δὲ
830 724 880 758 τῆς

83 766 134 799 σῆς
151 765 346 798 κενοσπουδίας
372 767 485 795 καὶτῶν
512 768 635 805 σοϐαρῶν
650 769 824 804 ἐνθυμήσεως
837 770 882 797 διά

82 820 112 837 τε
122 811 174 845 τῆς
191 812 220 837 ἐν
231 811 352 846 τοσούτῳ
367 812 456 848 χρόνῳ
467 813 596 849 διαμονῆς
609 814 654 841 καὶ
664 815 861 850 παραστάσεως
871 823 878 830 ·

82 857 130 883 καὶ
140 857 207 883 διότι
221 857 304 893 μηδὲν
321 857 518 890 ἐξαλλάττουσα
529 859 606 895 ὤφθη
617 860 670 886 τῶν
684 860 736 886 ύπὺ
748 861 798 895 τῆς
811 861 880 896 Προ-

82 904 157 934 νοέας
170 903 240 938 αὐτῇ
262 903 468 939 κεχαρισμένων
481 912 488 919 '
507 906 553 932 σοῦ
566 905 612 932 τοῦ
628 906 701 941 λόγῳ
717 907 879 941 τιμηθέντος

81 948 127 975 διὰ
139 949 190 983 τῆς
209 950 274 984 περὶ
296 949 332 976 τὰ
362 951 464 984 μάταια
485 952 603 986 σπουδῆς
628 953 674 978 καὶ
703 952 878 987 φιλονεικίας,

83 994 174 1021 πάντα
203 995 334 1021 τάναντία
360 995 409 1029 τῆς
435 995 635 1031 δημιουργικῆς
659 997 880 1033 διαπραξαμένου

82 1041 249 1074 κηδεμονίας
265 1042 312 1067 καὶ
334 1042 506 1078 ἀνεπισχέτῳ
526 1042 599 1078 ῥύμῃ
615 1044 767 1078 φερομένου
785 1044 851 1080 πρὸς
863 1044 881 1071 ἆ

81 1094 110 1111 τε
128 1087 207 1120 νόμοι
223 1086 288 1113 Θείοι
302 1086 458 1120 διεκώλυον,
473 1088 520 1114 καὶ
534 1087 631 1123 θεσμοὶ
652 1088 760 1123 φύσεως
777 1089 880 1116 ἄνωθεν

82 1132 303 1167 καταϐληθέντες
325 1133 526 1168 ἐδυσχέραινον,
561 1133 640 1169 ὓϐριν
668 1134 805 1170 ἀφόρητον
830 1135 880 1171 τὴν

83 1179 133 1213 σὴν
150 1179 347 1206 κενοσπουδίαν
368 1181 414 1206 καὶ
429 1180 460 1206 τὸ
477 1179 629 1215 ὀξύρροπον
645 1181 711 1215 περὶ
726 1181 761 1207 τὰ
778 1181 880 1216 μάταια

81 1226 229 1260 φέροντες·
249 1225 286 1256 ὡς
308 1225 342 1252 δι’
365 1226 455 1252 αὐτῶν
471 1227 522 1261 τῆς
543 1226 671 1261 διαϐολῆς
693 1235 880 1262 παραπεμπο-

83 1272 169 1306 μένης
184 1273 225 1303 εἰς
238 1272 284 1297 τὸν
297 1272 443 1306 πανσόφως
458 1281 488 1298 τε
501 1273 548 1299 καὶ
564 1273 774 1307 φιλανθρώπως,
792 1273 838 1299 καὶ
850 1270 879 1299 οὗ

83 1317 121 1350 μή
138 1317 198 1342 ἐστι
211 1317 279 1351 μήτε
296 1316 553 1352 φιλανθρωπότερον
576 1318 644 1353 μήτε
657 1318 778 1352 ἄμεινον,
811 1318 880 1352 μήτε

81 1363 154 1398 λόγῳ
166 1363 282 1397 φράσαι,
300 1363 370 1398 μήτε
386 1363 528 1397 λογισμοῖς
544 1362 699 1389 ἀναπλάσαι
714 1362 881 1398 δημιουργή-

82 1408 168 1434 σαντά
184 1416 213 1434 τε
229 1408 276 1434 καὶ
292 1407 513 1443 προνοησάμενον
533 1406 706 1442 τὰήμέτερα.
732 1406 814 1433 Ἀλλὰ
826 1407 880 1441 γὰρ

82 1454 126 1480 σοὶ
139 1453 189 1488 μὲν
205 1454 270 1485 ἴσως
289 1453 370 1480 ίκανά
388 1453 436 1479 καὶ
444 1452 542 1479 ταῦτα.
558 1453 654 1487 Εὑρεῖν
664 1452 686 1478 δ’
701 1451 775 1478 ἐστιν
792 1452 880 1483 ἐνίους

82 1500 181 1534 γενεὰν
219 1500 268 1534 μὲν
298 1499 521 1534 έκκορευομένην
547 1499 596 1525 καὶ
624 1498 827 1533 ἐκϐαλλομένην
849 1498 880 1524 τὸ

89 1545 226 1573 Ἰουδαίων
239 1546 318 1579 γένος
331 1545 563 1580 ὲκλαμὸἀνοντας,
577 1544 675 1578 γενεὰν
691 1545 719 1570 δὲ
729 1544 879 1579 ἐρχομένην

83 1592 131 1619 καὶ
146 1592 328 1626 διαμένουσαν
339 1592 375 1618 τὰ
394 1592 475 1618 τέκνα
499 1592 548 1625 τῆς
573 1592 685 1627 χάριτος
704 1592 751 1617 ἇτι
774 1591 807 1625 δὴ
834 1590 881 1617 τοῦ

83 1638 156 1665 θείου
173 1638 274 1673 σπόρου
291 1638 339 1664 καὶ
352 1638 401 1673 τῆς
424 1639 495 1664 κατά
511 1637 630 1672 Χριστὸν
656 1636 794 1671 γεωργίας
819 1636 885 1663 ἀνα-

92 1685 305 1720 ϐλαστῆσαντα·
323 1685 375 1719 γῆν
389 1684 418 1710 δὲ
435 1685 475 1716 εἰς
494 1685 540 1710 τὸν
559 1683 646 1710 αἰῶνα
665 1684 776 1710 ὲστᾶναι
791 1683 841 1717 τήν
857 1691 886 1709 τε

85 1730 210 1757 Παλαιὰν
222 1731 269 1756 καὶ
281 1730 355 1757 Νέαν
369 1730 489 1765 Γραφήν·
505 1730 545 1756 ὅτι
558 1739 587 1756 τε
600 1729 631 1756 τὸ
645 1730 820 1764 καρποφόρον
831 1728 886 1754 τῶν

85 1776 192 1811 ἀρετῶν
203 1776 272 1811 ὁρᾷν
286 1775 362 1802 ἐστιν
374 1776 469 1807 αὐταῖς
495 1775 736 1811 ἐνευθηνούμενον,
753 1776 800 1802 καὶ
827 1775 884 1801 τῶν

86 1822 177 1856 νόμων
193 1821 305 1848 καὶτῶν
326 1821 499 1856 ἐπαγγελιῶν
514 1822 545 1848 τὸ
568 1821 601 1847 δι’
624 1822 722 1853 αἰῶνος
736 1821 881 1856 ἀκίνητον·

86 1863 123 1893 ὧν
139 1867 189 1897 τὰς
208 1867 257 1901 μὲν
274 1868 331 1898 τοῖς
345 1866 460 1898 δικαίοις
476 1867 671 1902 ἀπενείμαντο,
687 1868 747 1898 ταῖς
767 1866 796 1893 δὲ
820 1866 884 1898 τοὺς

87 1912 268 1946 ἁμαρτωλοὺς
281 1912 330 1938 καὶ
343 1912 514 1948 ἀμετανόητα
528 1912 777 1948 πλημμελήσαντας
795 1920 884 1947 παρα.

86 1957 120 1983 πέ
124 1965 253 1992 μπουσιν.

355 2011 522 2038 E-Pe'rtmz
544 2011 611 2045 Ξςῖο.

73 2048 160 2084 ’Τίνα
172 2057 248 2084 νοῦν
261 2057 448 2084 ἀναπτύσσει
458 2058 491 2083 τό
501 2067 508 2073 -
530 2067 538 2082 ι
557 2058 640 2083 Ἔστι
657 2057 771 2090 δίκαιος
785 2057 880 2084 ἀπολ-

124 2093 257 2126 λύμενος
269 2094 305 2118 ὲν
326 2092 429 2124 δικαίῳ
452 2092 558 2123 αὐτοῦ.
581 2092 630 2119 καὶ
650 2092 736 2119 ἔστιν
763 2092 879 2124 ἀσεϐὴς

123 2128 227 2161 μένων
241 2129 275 2153 ἐν
291 2128 381 2161 κακίᾳ
391 2126 483 2154 αὑτοῦ
493 2135 504 2159 ί
515 2137 524 2153 ι

931 273 1019 301 neque
1034 266 1154 301 aliquem
1178 272 1336 302 praetextum
1361 269 1446 296 multa
1468 269 1628 297 meditaturo
1647 271 1722 298 inve-

932 312 1018 339 nisse.
1035 312 1088 340 Sed
1106 318 1133 340 tu
1149 314 1259 348 quidem
1281 314 1383 341 frustra
1398 315 1525 342 laborans
1539 319 1565 342 et
1578 317 1719 350 superiora

930 357 1059 385 deorsum
1075 358 1181 386 faciens
1196 359 1277 387 citius
1291 359 1391 387 transis
1401 380 1410 393 ,
1426 365 1452 388 et
1463 360 1495 388 ad
1511 369 1543 388 ea
1557 369 1619 395 qua:
1633 369 1721 396 neque

931 402 1024 429 auditu
1052 402 1125 431 ferre
1150 404 1291 431 tolerabile
1313 405 1424 439 putari,
1464 411 1584 433 tremens
1601 410 1627 432 et
1642 406 1721 440 inops

930 450 1041 477 Consilii
1055 449 1213 483 descendis;
1231 450 1298 477 nihil
1314 454 1404 477 autem
1420 450 1453 477 ad
1464 450 1654 478 brevissimum
1672 450 1719 478 tibi

933 497 1065 531 adjiciens
1085 496 1227 530 temporis,
1245 495 1330 523 multo
1346 496 1436 523 minus
1451 496 1622 531 dispositioni
1640 505 1722 524 coex-

931 547 1030 570 tensus
1053 541 1238 568 inanimaruttt
1263 545 1290 568 et
1314 542 1491 568 immotarum
1512 549 1614 569 rerum.
1631 541 1721 576 Ipsum

933 593 1024 616 autem
1043 587 1177 614 calcatum
1189 586 1277 613 solum
1292 607 1299 619 ,
1327 591 1425 614 natura
1440 587 1608 614 insensibilis
1625 592 1654 614 et
1671 587 1723 614 im-

933 637 1079 664 motastat
1092 636 1119 659 et
1140 632 1288 667 perdurat,
1310 639 1365 659 non
1384 633 1483 659 multos
1499 637 1604 660 tantum
1624 633 1724 660 immu-

933 683 1005 711 tans,
1026 677 1196 704 accusatoris
1217 676 1328 710 quidem
1353 676 1476 704 ordinem
1499 684 1608 704 sumere
1626 683 1723 704 contra

933 729 959 751 te
982 724 1117 751 concitata
1131 743 1139 756 ,
1169 730 1304 750 accusans
1323 731 1387 751 vero
1407 727 1483 750 tuum
1504 724 1584 751 inane
1603 724 1722 751 studium

931 776 959 797 et
972 769 1108 797 violentia:
1123 769 1353 803 concupiscentia:
1373 777 1420 804 per
1444 770 1674 804 perseverantiam
1696 769 1722 796 in

932 819 1008 842 tanto
1029 820 1150 849 tempore
1168 819 1194 841 et
1215 815 1436 849 persistentiam;
1466 819 1493 842 et
1507 815 1571 850 quia
1585 815 1652 842 nihil
1671 815 1724 842 im-

933 866 1042 888 mutans
1063 861 1151 888 visum
1175 865 1217 887 est
1232 868 1327 888 eorum
1348 868 1409 895 qua:
1433 868 1447 888 a
1471 860 1644 888 Providentia
1671 861 1723 896 ipsi

895 898 916 926 Β
931 908 1031 935 donata
1047 912 1111 935 sunt
1126 915 1133 934 :
1151 911 1176 934 te
1193 914 1240 941 per
1257 907 1391 934 rationem
1407 907 1541 934 honorato
1555 907 1590 934 ob
1602 907 1723 935 studium

933 955 1005 982 circa
1027 961 1096 980 vana
1114 959 1140 981 et
1160 954 1355 989 cupiditatem,
1375 954 1467 980 omnia
1486 954 1623 980 contraria
1647 961 1724 982 crea-

933 1000 1009 1027 tricis
1029 1004 1140 1034 operato
1153 1007 1224 1027 cura:
1235 1020 1242 1032 ,
1267 1004 1295 1027 et
1309 999 1475 1027 incoercibili
1493 999 1594 1034 impetu
1615 999 1671 1027 lato
1688 999 1723 1028 ad

931 1054 962 1073 ea
976 1054 1037 1081 quae
1053 1047 1124 1081 leges
1135 1046 1234 1073 divinae
1250 1046 1441 1081 prohibebant,
1457 1050 1483 1073 et
1497 1046 1604 1072 vincula
1619 1050 1723 1073 natura!

932 1091 1050 1126 desuper
1071 1092 1190 1119 demissa
1205 1092 1418 1127 improbabant,
1442 1092 1569 1126 injuriam
1593 1093 1723 1120 intolera-

933 1137 1016 1164 bilem
1037 1141 1110 1164 tuam
1133 1145 1266 1164 vanorum
1285 1137 1478 1171 appetitionem
1503 1141 1531 1164 et
1556 1138 1721 1173 prmcipitem

934 1182 1064 1216 impetum
1079 1183 1112 1209 ad
1130 1182 1223 1209 inania
1246 1182 1363 1210 ferentes
1377 1191 1384 1215 ;
1404 1183 1482 1217 quasi
1498 1191 1546 1218 per
1560 1191 1591 1210 ea
1608 1191 1722 1211 accusa-

932 1228 1007 1254 tione
1027 1228 1129 1261 perlata
1150 1228 1184 1255 ad
1205 1227 1317 1255 omnino
1338 1228 1477 1263 sapienter
1495 1232 1523 1255 et
1545 1229 1723 1264 benigneyet

933 1281 986 1300 non
1008 1278 1050 1300 est
1068 1281 1158 1308 neqtte
1171 1273 1235 1307 quid
1255 1274 1400 1308 benignius
1418 1280 1506 1308 neque
1522 1274 1620 1301 melius
1634 1281 1724 1309 neque

933 1319 1015 1346 verbo
1030 1319 1104 1346 dietn
1123 1327 1212 1354 neqtte
1225 1319 1436 1355 cogitationibus
1451 1319 1526 1352 ﬁetu,
1542 1325 1681 1347 creantem
1696 1324 1723 1347 et

932 1365 1119 1399 providentem
1136 1369 1241 1392 nostra.
1255 1364 1306 1391 Sed
1322 1364 1393 1391 enim
1410 1364 1482 1392 forte
1497 1365 1545 1392 tibi
1560 1365 1723 1392 sullleientia

932 1415 959 1436 et
972 1411 1045 1438 ista:
1073 1410 1193 1444 reperire
1215 1418 1279 1438 vero
1300 1416 1342 1437 est
1361 1410 1494 1445 quosdam
1518 1411 1723 1446 generationem

931 1463 1074 1484 exeuntem
1091 1461 1118 1483 et
1137 1456 1262 1490 cjectam,
1274 1455 1432 1484 Iudaeorum
1449 1465 1535 1492 genus
1549 1457 1724 1492 accipientes,

931 1502 1135 1537 generationem
1151 1510 1215 1528 vero
1230 1502 1418 1529 advenientem
1432 1508 1458 1529 et
1475 1508 1678 1538 permanentem
1693 1503 1726 1530 li-

938 1548 987 1574 lios
1001 1547 1105 1581 gratim,
1121 1550 1215 1579 utpote
1229 1546 1276 1581 qui
1295 1546 1411 1574 adivino
1426 1547 1532 1574 semine
1551 1552 1579 1574 et
1599 1548 1633 1575 ab
1652 1548 1726 1583 agri-

938 1593 1042 1621 cultura
1067 1592 1217 1620 secundum
1236 1592 1375 1620 Christum
1394 1600 1502 1620 sursum
1519 1593 1725 1629 germinarunt;

936 1644 1035 1666 terram
1055 1643 1144 1664 autem
1161 1637 1189 1664 in
1202 1637 1332 1664 sarculum
1349 1642 1423 1664 stare
1440 1637 1567 1665 Veterem
1584 1642 1610 1665 et
1622 1638 1726 1666 Novam

936 1686 1128 1720 Scriptorum;
1147 1684 1219 1719 quod
1239 1689 1330 1711 autem
1353 1683 1514 1719 frugiferum
1535 1689 1577 1712 est
1597 1680 1726 1712 virtutum

936 1732 1028 1758 \iderc
1041 1738 1102 1758 esse
1113 1731 1139 1757 in
1156 1730 1223 1765 ipsis
1235 1735 1408 1765 congestum,
1422 1735 1450 1757 et
1463 1730 1552 1766 legum
1569 1735 1596 1758 et
1609 1731 1728 1766 prornis-

937 1777 1044 1803 sionum
1062 1784 1110 1810 per
1124 1776 1254 1803 saeculum
1273 1775 1448 1807 ﬁrmitatem;
1466 1782 1584 1809 quarunt
1600 1776 1649 1802 has
1664 1775 1728 1810 qui-

938 1823 999 1850 dem
1013 1822 1096 1857 justis
1116 1821 1336 1854 disuibuebant,
1357 1821 1389 1848 ad
1411 1821 1471 1848 illas
1489 1825 1580 1848 autem
1600 1826 1728 1856 peccato—

937 1874 981 1895 res
1002 1871 1030 1894 et
1046 1867 1120 1894 nulla
1140 1866 1300 1901 paenitentia
1320 1865 1431 1894 functos
1450 1866 1604 1893 remittunt.

1104 2009 1268 2044 QUIESTIO
1290 2008 1372 2036 LXVI
1389 2009 1442 2045 [αι.
1459 2009 1557 2044 LXV].

935 2057 1082 2088 Quemnam
1110 2063 1216 2082 seruum
1239 2055 1324 2089 aperit
1348 2054 1415 2081 illud
1433 2062 1445 2080 :'
1467 2064 1475 2080 ι
1504 2054 1556 2080 Est
1570 2054 1661 2088 justus
1681 2056 1729 2089 qui

967 2091 1035 2125 perit
1061 2091 1087 2116 in
1109 2091 1220 2124 justitia
1243 2098 1313 2123 sua,
1338 2094 1362 2116 at
1391 2093 1429 2116 est
1453 2090 1549 2124 impius
1571 2097 1678 2116 manens
1699 2090 1731 2116 in

964 2126 1130 2159 improbitate
1147 2134 1206 2151 sua.
1226 2135 1235 2151 ι

596 2193 667 2218 Edita
678 2193 773 2223 aMuio,
785 2194 802 2218 l.
814 2201 837 2218 c.
850 2201 874 2224 ρ.
886 2193 970 2217 80-81.
984 2193 1011 2217 In
1024 2192 1108 2217 Eccle.
1118 2199 1160 2221 vn,
1172 2192 1210 2217 16.

123 2256 134 2272 ‹
152 2246 264 2277 Δίκαιος
277 2245 326 2281 μὲν
337 2245 375 2277 ὡς
388 2247 474 2280 φοῖνιξ
484 2247 660 2283 ἀνθήσει,καὶ
674 2246 712 2278 ὡς
726 2248 741 2282 ἡ
758 2247 852 2281 κέδρος
863 2248 879 2282 ἡ

973 2255 983 2272 ι
1000 2245 1095 2273 Justus
1107 2245 1218 2280 quidem
1231 2250 1260 2272 ut
1271 2245 1359 2280 palma
1372 2245 1525 2276 ﬂorebit,et
1539 2244 1610 2271 sicut
1628 2245 1727 2272 cedrus

86 2293 115 2319 ἒν
134 2292 174 2326 τῷ
191 2291 301 2326 Λιϐάνῳ
314 2291 544 2327 πληθυνθήσεται.
565 2301 574 2317 ι
588 2292 628 2318 Δι’
640 2292 772 2327 ἑκατέρας
785 2291 885 2324 λέξεως

86 2339 136 2372 τῆς
150 2338 328 2372 δικαιοσύνης
339 2337 368 2363 τὺ
388 2337 495 2373 κέρδος,
513 2337 561 2364 καὶ
576 2337 630 2364 τῶν
644 2336 734 2363 καλῶν
752 2337 768 2371 ἡ
785 2336 884 2371 εὐφθο-

86 2384 132 2410 νία
146 2392 179 2410 τε
192 2384 239 2410 καὶ
251 2383 364 2418 εὐθηνία
375 2383 576 2417 διαγγέλλεται,
589 2382 634 2409 διά
645 2391 675 2409 τε
695 2382 742 2409 τοῦ
755 2382 884 2416 ἀνθήσει

87 2429 268 2464 δηλονότικαὶ
279 2428 326 2455 τοῦ
350 2429 606 2463 πληθυνθήσεται.
622 2425 707 2459 Οὗτος
728 2429 742 2454 ὁ
768 2427 882 2460 δίκαιος,

87 2475 140 2501 κᾶν
156 2475 335 2510 μαστίζηται,
346 2474 396 2501 κᾶν
409 2473 596 2509 στρεϐλοῦται,
610 2474 662 2500 κᾶν
675 2474 767 2509 πάσχῃ
781 2473 815 2500 τὰ
833 2473 881 2500 ἁλ-

86 2521 242 2556 γεινότερα,
252 2520 305 2547 κᾶν
314 2519 382 2555 πρὸς
393 2520 510 2555 σφαγὴν,
526 2519 579 2546 κᾶν
598 2519 666 2554 πρὸς
689 2519 815 2552 θάνατον,
829 2520 883 2545 κᾶν

86 2567 158 2600 πρὸς
172 2566 289 2601 σταυρὸν
307 2565 459 2601 ἀπάγηται,
468 2565 544 2591 οὐδὲν
558 2562 639 2601 ἦττον
654 2563 691 2595 ὠς
704 2564 791 2598 φοῖνιξ
807 2564 883 2591 ἀνθεῖ

88 2612 136 2639 καὶ
157 2611 225 2637 ὡσεὶ
239 2610 335 2645 κέδρος
350 2610 580 2646 πληθυνθήσεται,
609 2609 803 2636 πολλαπλασίω
829 2609 882 2636 τῶν

87 2658 178 2686 πόνων
192 2657 238 2684 καὶ
252 2657 423 2692 παθημάτων
449 2657 498 2692 τὴν
511 2656 661 2683 ἀπόλαυσιν
674 2656 819 2690 εὑρίσκων,
835 2656 884 2683 καὶ

87 2705 143 2735 τοῖς
156 2703 315 2738 ἀδιηγήτοις
331 2703 443 2737 ἀγαθοῖς
465 2703 605 2739 ἐντρυφῶν
618 2711 647 2729 τε
658 2703 706 2729 καὶ
720 2701 881 2737 ένευοηνού-

87 2757 181 2784 μενος.
207 2742 312 2779 Τίςοῦν
326 2748 400 2775 ἐστιν
420 2750 434 2775 ὁ
450 2749 554 2780 δίκαιος
574 2749 588 2775 ὁ
601 2749 630 2775 ὲν
641 2747 679 2782 τῷ
691 2747 787 2782 δικαίῳ
800 2747 882 2774 αὑτοῦ

85 2791 289 2825 ἀπολλύμενος,
306 2792 355 2819 καὶ
366 2792 427 2820 τίνα
442 2793 543 2828 τρόπον
557 2792 706 2819 ἀπόλλυται
716 2801 724 2826 ;
734 2791 751 2827 ἢ
762 2791 884 2828 δηλονότι

123 2860 145 2876 ¹²
166 2858 238 2887 l‘sal.
257 2866 300 2886 xu
315 2879 322 2892 ,
344 2861 388 2888 i5.

935 2290 1032 2318 Libani
1044 2290 1269 2325 multiplicabitur
1282 2290 1304 2305 ¹¹
1320 2299 1343 2323 ι,
1363 2297 1410 2324 per
1423 2293 1567 2323 utramque
1580 2289 1724 2316 dictionem

933 2337 1048 2371 iustitia:
1072 2338 1200 2368 lucrum,
1224 2340 1251 2363 et
1272 2336 1407 2363 bonorum
1428 2333 1570 2361 beatitudo
1586 2337 1613 2360 et
1625 2334 1726 2361 divitia:

936 2380 1112 2416 enarrantur,
1128 2390 1178 2417 per
1193 2382 1259 2410 illud
1275 2381 1379 2416 ﬂorebit
1395 2381 1518 2408 videlicet
1535 2385 1562 2407 et
1575 2380 1640 2407 illud
1656 2382 1726 2407 mut.-

934 2427 1166 2463 tiplicaltiturJlic
1174 2427 1276 2463 justus,
1292 2428 1343 2455 etsi
1355 2426 1516 2462 ﬂagelletur,
1532 2427 1581 2453 etsi
1597 2430 1727 2460 torquea-

935 2479 990 2506 tur,
1008 2475 1071 2502 licet
1086 2474 1204 2508 patiatur
1223 2473 1334 2501 duriora
1348 2494 1356 2506 ,
1377 2473 1429 2501 etsi
1451 2473 1483 2499 ad
1502 2472 1657 2504 victimam,
1673 2471 1725 2499 etsi

934 2520 968 2547 ad
986 2525 1113 2552 mortem,
1129 2520 1179 2546 etsi
1196 2520 1229 2546 ad
1244 2526 1353 2546 erucem
1367 2518 1528 2552 abducetur,
1545 2517 1725 2544 nihilominus

936 2569 965 2592 ut
977 2565 1066 2599 palma
1080 2564 1187 2592 llorebit
1207 2568 1273 2592 etut
1288 2565 1387 2592 cedrus
1397 2563 1629 2598 multiplicabltur,
1638 2562 1724 2590 multo

935 2610 1068 2645 maiorem
1084 2610 1266 2638 laboribuset
1281 2610 1456 2645 passionibus
1474 2608 1631 2636 l'ruitionem
1649 2608 1725 2636 inve-

935 2655 1026 2686 niens,
1042 2660 1069 2682 et
1081 2655 1313 2683 inenarrabilibus
1325 2655 1406 2683 hortis
1418 2655 1540 2690 gaudens
1554 2659 1581 2682 et
1597 2654 1721 2682 attinens.

933 2701 1002 2734 Quis
1020 2702 1103 2737 igitur
1120 2706 1162 2729 est
1177 2702 1269 2737 justus
1287 2702 1333 2737 qui
1350 2702 1379 2729 in
1398 2702 1503 2737 justitia
1522 2709 1569 2728 sua
1585 2701 1654 2737 perit
1666 2721 1674 2732 ,
1694 2704 1724 2728 et

931 2746 1070 2781 qttomodo
1086 2746 1174 2781 perit?
1192 2746 1326 2775 Videlicet
1338 2748 1385 2782 qui
1398 2747 1465 2782 justi
1483 2747 1593 2783 quidem
1611 2746 1683 2782 rapit
1694 2750 1723 2773 et

932 2792 1022 2821 induit
1045 2799 1148 2820 nomen
1173 2796 1201 2821 et
1225 2793 1349 2826 vultum,
1375 2793 1423 2821 sed
1445 2793 1472 2821 in
1490 2801 1539 2821 sua
1553 2793 1663 2828 iustitia
1676 2791 1722 2819 ille
