1880 3057
181 162 235 194 439
757 163 890 194 PIIOTII
910 162 1162 193 PATRIARCILE
1183 164 1237 193 (ΖΡ.
1760 161 1812 193 440

185 226 245 245 ncm
266 225 300 244 ex
316 216 415 252 quibus
432 215 575 251 oportebat
590 216 753 251 prudentem
776 217 834 244 ﬁeri
855 224 927 243 conv

1069 224 1146 242 ιιται⁸
1179 215 1218 249 τῷ
1244 214 1272 241 δὲ
1297 213 1366 250 πρὸς
1402 214 1471 249 μόνα
1502 214 1536 241 τὰ
1568 214 1633 250 ἡδέα
1668 215 1716 242 καὶ
1745 223 1810 251 γαρ-

184 269 267 292 tetttc.
1027 261 1173 295 γαλίζοντα
1185 260 1322 296 κεχηνότι,
1338 260 1385 286 καὶ
1403 260 1437 286 τὰ
1451 259 1582 294 ήδὺνοντα
1607 260 1709 296 βλάῦης
1725 264 1812 295 γινον-

181 317 226 336 ται
238 309 382 343 πρόφασις,
394 307 442 333 καὶ
455 307 488 333 τὰ
502 306 639 333 λυποῦντα
655 306 723 340 πρὸς
737 305 787 341 τὴν
811 306 895 340 αὐτὴν
911 306 1046 341 καταρρεῖ
1060 305 1107 332 καὶ
1120 305 1284 339 ὑποσύρεται
1296 305 1406 335 κακίαν,
1419 306 1471 331 οὐκ
1479 305 1645 341 εὐχαρίστως
1657 306 1744 333 ταῦτα
1763 307 1812 341 φέ-

183 362 274 387 ροντος
290 352 335 379 τοῦ
353 352 397 378 διὰ
421 352 475 378 τῶν
499 351 629 378 τοιούτων
649 351 828 387 καθαίρεσθαι
852 351 990 386 δεομένου,
1007 351 1065 377 ἀλλ’
1092 351 1131 381 είς
1147 349 1277 376 ἀπόνοιαν
1289 350 1390 385 μᾶλλον
1405 350 1454 377 καὶ
1466 351 1653 387 ἀγανάκτησιν
1667 352 1698 384 ἐξ
1711 349 1749 379 ὧν
1759 353 1811 379 ἔδει

181 397 403 434 σωφρονίζεσθαι,
417 396 662 432 περιτρεπομένου.

349 454 515 487 ΟυιΕΒΤΙΟ
531 453 598 481 LXX
628 453 676 489 [ηί.
695 453 800 489 LXIX].

783 453 800 489 1.
1300 453 1469 480 ararum:
1487 454 1525 481 οι.

182 502 320 534 Quasnam
341 505 441 537 oportet
457 500 601 534 intelligere
614 499 737 537 pellicem
757 503 860 537 tuutctu
871 518 879 530 ,
902 507 924 533 ql

1069 506 1114 537 ἀς
1124 498 1259 537 definiri}!
1270 499 1467 537 δερματίνους
1475 498 1613 537 χιτῶνας,
1620 501 1675 534 οὓς
1686 503 1703 528 d
1720 502 1811 537 Ἀδὰμ

217 537 335 562 Atlanta:
355 533 379 562 et
395 535 451 562 Eva
463 541 520 569 post
537 533 771 569 transgressionem
790 534 943 560 induerunt.

1067 533 1107 559 ιαὶ
1126 534 1144 567 ἡ
1160 534 1222 560 Εῦιι
1243 533 1326 568 μετὰ
1343 535 1401 568 τὴν
1422 535 1593 569 παράϐασιν
1616 533 1809 574 ἐνεδύσασθτᾷ

691 590 763 615 Edita
775 597 788 614 a
798 590 868 620 Maio,
881 590 897 616 l.
911 597 944 620 α,
958 597 981 621 p.
994 589 1076 614 85-87.
1097 589 1126 614 In
1137 589 1198 615 Gen.
1211 596 1246 620 tu,
1258 590 1297 615 2|.

218 656 280 683 Scio
292 656 399 691 quidem
411 655 542 690 quosdam
553 656 682 690 pelliceas
694 656 800 684 tunicas
809 664 877 690 quas
885 656 960 682 Adan

1070 652 1126 681 ]ἷδα
1146 655 1195 689 μέν
1209 664 1284 686 τινας
1299 655 1477 691 δερματίνους
1498 656 1616 690 χιτῶνας
1631 655 1677 689 οὓς
1698 658 1713 684 ό
1725 659 1812 694 Ἀδὰμ

181 707 208 728 ct
234 702 289 729 Eva
320 707 382 736 post
401 702 648 736 transgressionem
673 702 830 734 induerunt,
849 709 923 736 prom

1070 719 1071 723 η
1086 700 1103 735 ἡ
1124 699 1178 726 Εὕα
1194 699 1261 734 μετὰ
1273 699 1322 733 τὴν
1337 699 1492 734 παράϐασιν
1510 700 1668 728 ὲνεδὺσαντο
1678 722 1686 734 ,
1702 703 1812 738 ἀποφη-

183 747 283 773 tiantcs
299 753 398 779 corptts
423 753 455 772 ex
479 752 534 779 quo
562 744 695 771 rationale
713 745 815 771 animal
830 749 856 771 et
872 744 925 771 anit

1070 744 1152 775 ιὲνους
1174 744 1205 770 τὺ
1231 743 1310 778 σῶμα
1333 743 1364 775 ἐξ
1391 741 1421 771 οὗ
1445 744 1476 770 τὺ
1492 743 1601 778 λογικὸν
1617 744 1685 777 ζῶον
1700 747 1748 773 καὶ
1761 748 1812 782 τῆς

183 799 197 817 a
212 790 347 825 principio
360 790 438 816 iit-tor
449 790 603 817 subsistuit.
622 790 673 817 Sed
691 790 734 817 isti
752 797 923 824 praeoccupat

1069 789 1108 823 [ἧς
1124 789 1171 814 ἀπ’
1186 788 1275 824 ἀρχῆς
1292 789 1307 814 ὁ
1324 788 1451 824 [Ῑλᾶστης
1473 790 1519 816 τὸν
1533 790 1676 825 ἄνθρωπον
1688 791 1811 827 ὑπεστή-

183 837 259 870 ipsos
275 836 472 871 suppositiouis
487 836 655 864 consectaria
682 835 772 862 dicere
791 843 853 863 cum
874 840 925 862 stu:

1073 842 1097 861 ο.
1120 834 1189 860 Ἀλλ’
1205 831 1277 861 οὗτοι
1298 833 1347 868 τῆς
1365 835 1625 870 προκαταλασούσης
1632 836 1730 868 αὐτοὺς
1745 837 1813 863 ὐπο-

181 887 262 915 reut,
293 881 499 916 ittconseqttenti
526 890 607 909 sensu
632 885 659 909 et
685 881 800 908 scientia
826 881 923 908 (ICSII‘UI

1070 889 1126 912 νεως
1150 880 1286 907 ἀκόλουθα
1311 880 1401 915 λέγειν
1422 881 1683 916 φιλονεικήσαντες,
1711 883 1812 909 ἀνακο-

182 926 336 953 veritatem.
360 926 468 953 Etenim
493 927 636 961 paradisus
663 926 729 961 ipsis
752 926 836 953 verbo
859 927 922 960 quid

1069 925 1107 960 Θῳ
1120 925 1217 961 γνώμῃ
1232 925 1279 951 καὶ
1291 924 1391 959 γνώσει
1408 925 1584 960 λυμαίνονται
1599 926 1649 962 τὴν
1666 927 1810 962 ἀλήθειαν·

182 972 304 1007 Iingitur,
323 979 351 998 re
363 979 428 999 vero
441 972 554 999 tollitur.
573 971 624 998 Sed
636 972 755 1006 paradisi
766 972 873 1007 plautas
886 977 913 999 et

1081 972 1135 1007 γὰρ
1155 972 1169 998 ὁ
1186 971 1349 1006 παράδεισος
1370 972 1462 1003 αὐτοῖς
1479 972 1551 1008 λόγῳ
1577 974 1626 1008 μὲν
1648 973 1810 1006 πλάττεται,

180 1017 228 1045 bos
243 1022 271 1045 et
286 1025 333 1052 per
346 1023 451 1045 costam
463 1017 524 1045 Eva!
538 1018 747 1052 productionem
761 1022 789 1045 et
808 1018 922 1052 simplici

1070 1025 1092 1052 ῳ
1103 1017 1131 1043 δὲ
1145 1016 1328 1043 διασάλλεται.
1345 1016 1427 1043 Ἀλλά
1442 1017 1476 1044 τὰ
1490 1017 1537 1043 τοῦ
1557 1017 1721 1053 παραδείσου
1738 1021 1811 1052 φυτά

178 1072 272 1090 corum
291 1071 352 1098 qua:
378 1069 443 1091 sunt
458 1064 624 1091 creationem
640 1069 723 1090 totam
741 1067 768 1091 et
785 1064 920 1098 prodition

1082 1062 1099 1096 ἡ
1113 1060 1216 1096 βρῶσις
1232 1062 1280 1087 καὶ
1293 1062 1310 1096 ἡ
1324 1060 1368 1087 διὰ
1381 1061 1428 1096 τῆς
1448 1061 1569 1097 πλευρᾶς
1587 1062 1636 1097 τῆς
1651 1061 1723 1094 Εὔας
1739 1070 1811 1097 προ-

178 1112 205 1135 ί-ι
225 1109 323 1136 divina:
340 1116 413 1135 cura:
437 1110 511 1136 circa
529 1109 666 1136 hominem
678 1109 752 1141 quod
764 1114 806 1136 est
819 1109 917 1144 benign

1068 1108 1116 1143 υγὴ
1128 1127 1135 1138 ,
1157 1108 1203 1133 καὶ
1219 1106 1313 1138 ἁπλῶς
1328 1108 1345 1142 ἡ
1363 1107 1418 1134 τῶν
1436 1107 1523 1134 όντων
1550 1107 1715 1142 δημιουργία
1733 1109 1810 1136 πᾶσα

177 1158 204 1180 et
221 1154 346 1180 mirabile
362 1159 388 1181 et
400 1154 560 1189 excipiendo
572 1162 704 1189 geneseos
721 1155 867 1190 principia,
883 1154 910 1181 in

1081 1151 1195 1187 πρόοδος
1214 1153 1261 1178 καὶ
1280 1152 1312 1178 τὸ
1325 1152 1375 1187 τῆς
1393 1151 1469 1183 θείας
1492 1152 1655 1187 κηδεμονίας
1675 1153 1747 1188 ,περὶ
1762 1154 1810 1179 τὸν

178 1200 331 1227 tellectuale
348 1201 484 1235 quoddam
511 1201 717 1228 tabernaculum
735 1201 920 1232 attollentes,t

1072 1205 1164 1231 ρωπον
1187 1196 1379 1231 φιλάνθρωπόν
1403 1204 1433 1222 τε
1452 1196 1501 1222 καὶ
1524 1196 1678 1231 θαυμάσιον
1698 1198 1746 1224 καὶ
1759 1198 1810 1229 τὰς

177 1253 230 1278 que
255 1246 394 1279 propriam
419 1245 626 1272 subslstcntiam
650 1251 677 1272 ct
711 1246 919 1273 substantiatiou

1069 1242 1089 1269 τὰ
1106 1242 1231 1277 διαδοχὴν
1253 1242 1282 1269 δὲ
1306 1242 1356 1276 τῆς
1376 1242 1509 1276 γενέσεως
1533 1243 1630 1278 ἀρχὰς.
1655 1244 1695 1274 εἰς
1709 1247 1811 1278 νοητήν

177 1289 229 1316 visi
243 1293 308 1316 sunt
321 1291 451 1317 revereri.
462 1289 527 1316 lude
540 1298 602 1317 vere
613 1291 774 1326 tragcediam
791 1295 875 1318 totam
889 1291 918 1324 ju

1068 1297 1079 1315 ι
1098 1288 1201 1323 σκηνὴν
1225 1287 1423 1323 ἀναφέροντες,
1438 1287 1498 1314 οὐδὲ
1522 1288 1571 1323 τὴν
1599 1288 1667 1316 ἰδίαν
1690 1288 1810 1324 ὕπαρξιν

181 1335 319 1369 proprium
338 1335 508 1370 proposittnn
526 1336 617 1370 partiti
631 1341 658 1363 et
675 1336 806 1371 ﬁngentes
821 1341 847 1363 et
861 1336 886 1363 in
899 1344 923 1371 qi

1078 1334 1205 1361 οὐσίωσιν
1216 1333 1349 1369 ὤφθησαν
1364 1333 1570 1369 εὐλαὸούμενοι.
1586 1333 1709 1361 Ἐκεῖθεν
1718 1335 1746 1361 δὲ
1758 1336 1810 1370 τὴν

179 1379 288 1406 voluere
305 1379 408 1406 formas
426 1385 453 1407 et
463 1387 562 1407 sensus
577 1385 783 1415 componentes,
803 1388 866 1408 vere
880 1382 921 1408 fac

1070 1380 1171 1416 γῳδίαν
1194 1380 1259 1415 ὅλην
1285 1380 1356 1406 κατὰ
1379 1380 1430 1415 τὴν
1449 1379 1518 1407 ίδίαν
1539 1380 1668 1414 πρόθεσιν
1683 1389 1810 1417 καταμε-

177 1429 272 1451 rumet
286 1425 495 1452 subsistentium
506 1427 733 1461 consequentiam
751 1431 779 1454 et
793 1434 881 1461 usque
894 1435 919 1454 Ill

1069 1426 1143 1457 ιντές
1167 1434 1197 1452 τε
1214 1425 1261 1452 καὶ
1283 1425 1498 1461 ὑποκρινάμενοι
1515 1426 1563 1452 καὶ
1576 1426 1615 1457 είς
1631 1427 1689 1458 οἵας
1710 1426 1745 1453 ἂν
1761 1429 1811 1454 καὶ

178 1471 264 1497 visam
281 1475 308 1498 et
322 1472 459 1506 cognitam
470 1472 773 1506 destruuntejurautes,
785 1472 920 1499 tttulcuntil

1067 1472 1155 1498 λοιντο
1171 1471 1278 1507 μορφὰς
1293 1471 1341 1497 καὶ
1358 1470 1479 1502 ἐπινοίας
1503 1470 1727 1505 διαπλάττοντες,
1752 1472 1809 1498 τῶν

178 1515 290 1550 quidem
316 1521 343 1543 et
370 1517 565 1545 inducentibus
591 1517 766 1544 sermonibus
784 1517 920 1544 multitudi

1077 1516 1185 1552 ἀληθῶς
1207 1516 1360 1551 γεγονότων
1384 1515 1433 1542 καὶ
1450 1516 1630 1551 ὑπαρξάντων
1644 1517 1675 1543 τὸ
1694 1517 1810 1544 ἀκόλου-

178 1570 259 1590 aures
275 1562 452 1590 iucantando.
479 1563 575 1591 Solent
594 1564 666 1591 enim
685 1563 820 1598 pleraeque
843 1563 920 1591 ﬁctio

1090 1548 1138 1589 καὶ
1152 1548 1234 1597 μέχρι
1247 1548 1296 1588 νῦν
1318 1561 1457 1597 ὁρώμενόν
1481 1548 1514 1588 τε⁷
1531 1548 1586 1588 καὶ
1608 1563 1810 1598 γνωριζόμενον

178 1609 211 1636 ad
230 1613 326 1635 nutqu
347 1613 374 1636 et
392 1609 425 1635 ad
439 1609 639 1644 jucunditatem
669 1609 840 1636 concinnata:
865 1609 920 1636 illic

1072 1607 1175 1643 ιροῦσιν
1203 1607 1394 1643 ἑξομνύμενοι,
1422 1607 1594 1644 θελκτηρίοις
1616 1609 1666 1644 μὲν
1685 1609 1733 1635 καὶ
1757 1610 1810 1636 ἑπ-

178 1654 288 1689 quidem
305 1654 460 1682 auditorum
476 1662 557 1682 aures
581 1659 607 1682 et
636 1655 669 1682 ad
698 1655 846 1689 voluptatis
871 1663 918 1690 par

1068 1655 1137 1688 αγοῖς
1149 1654 1240 1688 λόγοις
1254 1654 1289 1680 τὰ
1303 1654 1357 1680 τῶν
1373 1653 1478 1680 πολλῶν
1494 1652 1550 1680 ὢτα
1569 1655 1810 1689 καταγοητεύσαν-

178 1699 371 1734 diﬂ'usiouem,
388 1703 416 1727 at
440 1707 529 1734 neque
547 1700 598 1727 sibi
625 1699 691 1735 ipsis
716 1700 798 1726 ullam
822 1699 920 1727 utilitat

1067 1719 1073 1726 .
1093 1700 1178 1726 Εῑωθε
1194 1700 1248 1735 γὰρ
1265 1700 1299 1726 τὰ
1320 1700 1406 1726 πολλά
1429 1700 1483 1726 τῶν
1501 1699 1668 1735 πλασμάτων
1684 1701 1752 1727 κατ’
1766 1702 1809 1734 ἐξ-

178 1749 268 1777 neque
284 1743 426 1777 pei'suasis
444 1743 540 1770 talium
562 1744 703 1771 architecti
730 1751 878 1779 procurare
903 1752 920 1779 ι)

1069 1744 1112 1770 ίαν
1125 1744 1172 1770 καὶ
1189 1744 1257 1779 πρὸς
1270 1744 1301 1770 τὸ
1316 1744 1366 1779 ἡδὺ
1384 1744 1560 1779 πλαττόμενα
1575 1745 1809 1780 ὐπογαργαλίξειν

177 1791 252 1814 sunt.
276 1786 328 1815 Sed
359 1788 410 1815 bos
436 1787 546 1823 quidem
581 1788 713 1823 Origenes
733 1793 761 1816 et
784 1788 919 1824 Origeniat

1091 1790 1125 1816 τὰ
1138 1790 1193 1816 τῶν
1207 1790 1348 1825 ἀκροατῶν
1368 1787 1426 1816 ὦτα
1440 1791 1488 1817 καὶ
1511 1790 1580 1826 πρὸς
1595 1790 1693 1825 ἡδονῆς
1717 1799 1810 1825 παρα-

178 1833 276 1860 habeat
290 1833 408 1866 chorus;
424 1838 518 1860 noster
533 1840 597 1860 vero
613 1833 762 1867 Gregorius
785 1841 866 1868 quem
889 1834 920 1861 th

1069 1835 1164 1867 υάζειν
1170 1835 1305 1870 διάχυσιν,
1313 1833 1376 1861 οὔτε
1388 1835 1417 1860 δὲ
1431 1836 1537 1867 ἑαυτοῖς
1549 1835 1625 1862 οὐδὲν
1639 1835 1747 1869 δερελος,
1763 1836 1809 1862 οὓ-

177 1877 265 1912 logica
279 1881 306 1904 ct
320 1877 452 1905 divinitus
473 1878 524 1912 ipsi
539 1877 603 1905 data
620 1879 692 1906 circa
709 1879 835 1913 spiritum
852 1880 917 1907 sciet

1068 1882 1125 1912 τοῖς
1150 1880 1323 1915 πειθομένοις
1345 1880 1370 1906 οί
1393 1879 1448 1906 τῶν
1468 1880 1599 1908 τοιούτων
1614 1880 1808 1917 ἀρχιτέκτονες

176 1923 336 1958 theologum
348 1923 540 1958 proclamavit,
553 1924 597 1951 hic
609 1925 737 1959 pelliccas
750 1930 830 1952 vocat
847 1925 918 1952 tunic

1066 1925 1147 1960 >έχειν
1165 1924 1302 1951 δύνανται.
1323 1923 1405 1951 Ἀλλὰ
1425 1925 1480 1959 γὰρ
1499 1924 1612 1956 τούτους
1628 1925 1678 1960 μὲν
1696 1926 1808 1961 Ὠριγέ-

175 1975 231 1994 non
247 1975 316 2002 quas
328 1966 492 2002 Origeniana
509 1968 600 1994 fabula
617 1968 705 1996 ﬁnxit.
722 1970 774 1996 Sed
791 1975 885 1997 contra
903 1969 917 1997 ί

1075 1978 1105 1996 τε
1119 1970 1166 1996 καὶ
1181 1969 1365 2005 όῺριγένειος
1383 1971 1469 2004 ἐχέτω
1486 1970 1579 2006 χορόςι
1603 1970 1617 1996 ὁ
1627 1970 1656 1997 δὲ
1669 1971 1808 2006 ἡμέτερος

176 2014 321 2049 geniauam
338 2014 496 2048 opinionem
522 2014 646 2042 homines
673 2021 830 2043 convertere
854 2016 918 2051 quid

1063 2016 1167 2051 ηγόριος
1183 2015 1212 2042 ὃν
1229 2016 1246 2051 ἡ
1259 2015 1383 2049 θεολόγος
1403 2024 1434 2042 τε
1457 2016 1504 2042 καὶ
1525 2016 1617 2042 θεόθεν
1638 2016 1713 2051 αὑτῴ
1730 2017 1805 2044 δεδο-

176 2060 324 2093 plurimum
337 2060 470 2088 adhibens
482 2061 620 2095 studium;
635 2062 771 2097 sapienter
784 2070 851 2090 vero
865 2066 894 2089 et
910 2071 918 2089 ι

1065 2071 1086 2097 ιη
1108 2062 1172 2096 περὶ
1192 2061 1239 2088 τοῦ
1263 2061 1419 2096 πνεύματος
1440 2062 1583 2096 παρρησία
1605 2062 1732 2095 θεολόγον
1757 2063 1807 2089 ἀν-

177 2112 279 2139 ponere
295 2105 386 2133 sciens
402 2106 428 2132 in
442 2105 546 2141 judicio
558 2114 701 2135 sermones
716 2115 782 2134 suos
798 2107 826 2134 in
849 2107 917 2134 viciu

1070 2106 1159 2141 ρυξεν,
1176 2103 1253 2138 οὗτος
1270 2106 1447 2142 δερματίνους
1471 2106 1601 2140 ὀνομάζει
1618 2107 1738 2142 χιτῶνας
1757 2107 1808 2142 οὐχ

174 2151 288 2186 quidem
311 2152 525 2186 speculationem
553 2154 652 2188 satagit
677 2154 846 2185 transferre,
871 2161 916 2182 cor

1067 2158 1119 2185 περ
1141 2151 1156 2176 ό
1172 2150 1338 2185 Ὠριγένειος
1361 2149 1445 2185 μῦθος
1463 2150 1617 2178 ἀνέπλασεν
1631 2159 1638 2167 ·
1654 2151 1723 2177 ἀλλὰ
1744 2152 1808 2178 τοὺ-

175 2198 247 2224 illatn
268 2205 335 2225 vero
357 2198 526 2226 laboriosam
546 2200 710 2228 sententiam
726 2204 837 2226 auctum
853 2202 880 2227 et
901 2208 917 2235 p

1066 2197 1122 2224 τίον
1140 2196 1190 2231 τῆς
1201 2197 1368 2232 Ὠριγενείου
1383 2196 1461 2231 δόξης
1473 2197 1535 2228 τοὺς
1546 2196 1707 2232 ἀνθρώπους
1721 2207 1807 2232 μετα-

173 2243 273 2270 tticum
296 2244 466 2272 emittentem
496 2244 601 2277 melos,
631 2244 759 2279 pelliceas
787 2244 915 2271 tunicas:

1064 2242 1125 2269 ,λειν
1141 2242 1190 2277 μὲν
1203 2243 1244 2269 ὅτι
1263 2243 1379 2277 μάλιστα
1391 2243 1551 2278 ποιούμενος
1567 2243 1696 2278 σπουδήν·
1715 2243 1806 2278 σοφῶς

172 2296 274 2324 corpus
288 2289 365 2324 juxta
383 2297 444 2325 quae
460 2295 487 2317 et
504 2290 632 2325 superius
649 2290 721 2317 dicta
737 2295 801 2317 sunt
813 2295 901 2321 vocat.

1063 2289 1106 2314 καὶ
1119 2289 1273 2322 οἰκονομεῖν
1288 2288 1365 2320 εἰδὼς
1378 2289 1408 2314 ὲν
1426 2288 1515 2322 κρίσει
1535 2288 1598 2320 τοὺς
1610 2288 1707 2322 λόγους
1722 2288 1805 2316 αὐτοῦ

173 2335 225 2361 sit!
254 2334 313 2362 Non
339 2335 413 2362 enim
436 2335 512 2363 visus
536 2340 578 2362 cst
603 2335 684 2362 talem
707 2335 853 2369 quamdam
870 2342 915 2362 voc

1077 2334 1186 2368 γείτονα
1215 2334 1265 2369 μὲν
1291 2333 1409 2369 θεωρίαν
1434 2334 1575 2369 μεθοδεύει
1600 2335 1804 2369 μεταδιδάξειν,

170 2380 310 2412 cmittens.
329 2381 375 2408 scd
392 2382 516 2415 corporis
532 2381 741 2408 crassitudinem
766 2387 793 2408 et
811 2381 909 2409 mortal

1064 2380 1075 2404 τ’
1093 2379 1202 2416 ἐκείνης
1217 2380 1246 2406 δὲ
1261 2380 1311 2415 τῆς
1325 2379 1486 2412 δοξοκοπίας
1505 2379 1553 2413 ὀξὺ
1572 2381 1620 2407 καὶ
1641 2380 1806 2415 δραστήριον

171 2431 225 2452 tetu
240 2431 268 2452 et.
282 2425 383 2460 prioris
398 2425 484 2452 felicis
503 2425 657 2460 antitypnm
674 2430 701 2452 et
726 2425 879 2459 oppositam
907 2435 913 2452 ι

1062 2427 1176 2459 ιφιεῖσαν
1196 2425 1227 2452 τὸ
1249 2422 1543 2461 μέλος,’δερματίνους
1563 2426 1678 2461 χιτῶνας
1701 2427 1763 2461 οὐχὶ
1774 2426 1804 2453 τὸ

171 2469 331 2503 positionis;
352 2469 453 2496 etenim
479 2477 541 2496 \‘erc
563 2474 623 2504 post
643 2471 888 2505 transgressionem

1062 2479 1094 2496 ια
1115 2470 1187 2497 καθά
1201 2471 1249 2498 καὶ
1264 2471 1430 2507 προείρηται
1443 2471 1530 2504 καλεῖ,
1550 2472 1651 2505 ἄπαγε.
1669 2471 1738 2498 Οὐδὲ
1750 2471 1804 2506 γὰρ

170 2516 335 2550 impossibili
351 2520 377 2542 et
394 2523 447 2542 non
464 2515 586 2550 subjecto
600 2521 627 2543 et
643 2524 696 2543 non
719 2521 833 2551 gravato
847 2524 912 2551 corp

1062 2515 1160 2551 ’ὤφθη
1184 2516 1315 2552 τοιαύτην
1335 2518 1396 2544 τινὰ
1416 2518 1508 2552 φωνὴν
1531 2517 1622 2552 ἀφιεὶς
1634 2538 1642 2550 ,
1664 2517 1734 2544 ἀλλὰ
1756 2517 1804 2552 τὴν

171 2565 198 2587 cl
211 2560 378 2588 mortalitate
392 2568 524 2595 corpore,
549 2561 596 2589 sed
614 2562 705 2589 carnis
722 2562 843 2590 motibus
857 2567 885 2590 et
902 2563 913 2589 ii

1077 2561 1203 2597 σώματος
1219 2562 1363 2599 παχύτητα
1378 2563 1425 2590 καὶ
1442 2563 1593 2599 θνητότητα
1613 2563 1661 2589 καὶ
1675 2563 1726 2597 τῆς
1738 2571 1804 2599 προ-

170 2605 262 2633 a-ebris
285 2606 435 2633 constituto
458 2606 634 2641 potentiore,
668 2607 805 2633 contraria
831 2607 875 2634 his
900 2615 912 2642 p

1059 2616 1094 2639 ηας
1112 2608 1253 2643 μακαρίας
1265 2609 1411 2636 ἀντίτυπον
1425 2609 1474 2636 καὶ
1492 2608 1685 2644 ἀντικειμένην
1708 2608 1801 2636 διαθέ-

170 2650 419 2686 transgrcssionem
433 2651 556 2679 Adamus
581 2652 672 2687 qualia
687 2657 761 2680 certe
780 2652 902 2680 tunicam

1059 2661 1093 2684 ›ς’
1110 2653 1158 2680 καὶ
1175 2654 1230 2689 γὰρ
1248 2653 1286 2684 ὡς
1303 2654 1411 2688 ἀληθῶς
1424 2653 1494 2689 μετά
1506 2654 1556 2688 τὴν
1569 2653 1728 2688 παράϐασιν
1742 2653 1801 2680 ἀντὶ

169 2697 222 2725 (tis
232 2703 361 2732 pttnctam
377 2698 551 2732 passionibus
563 2704 590 2726 et
600 2699 813 2726 contaminatam
828 2704 911 2726 mutat

1076 2698 1200 2729 ἀπαθοῦς
1215 2700 1262 2725 καὶ
1275 2698 1423 2726 ἀνευθύν.ου
1447 2698 1493 2724 καὶ
1519 2697 1557 2732 μὴ
1576 2697 1750 2732 βαρουμένου
1764 2697 1801 2732 τῷ

171 2743 279 2776 induit;
307 2745 353 2771 sed
374 2749 487 2772 sanctus
514 2745 625 2779 quidem
651 2747 701 2772 iste
728 2745 768 2771 vir
795 2753 828 2772 cx
844 2744 913 2779 Origi

1058 2754 1118 2780 αατι
1135 2746 1182 2772 καὶ
1205 2747 1240 2781 τῇ
1260 2745 1403 2780 θνητότητι
1424 2744 1550 2779 σώματος
1562 2763 1569 2776 ,
1596 2743 1664 2770 ἀλλά
1681 2744 1737 2770 τῶν
1751 2743 1800 2778 τῆς

170 2797 282 2817 sursum
298 2790 483 2825 germinantes
496 2791 532 2818 ita
549 2791 665 2818 dulciter
676 2796 702 2818 et
720 2791 834 2826 benigne
849 2792 912 2818 traln

1057 2793 1112 2824 nco;
1132 2793 1292 2827 κινημάτων
1306 2791 1354 2818 καὶ
1372 2791 1604 2825 γαργαλισμάτων
1628 2789 1799 2821 καθεστῶτος

169 2839 196 2862 cl
214 2835 380 2864 transicrens
398 2835 430 2863 ad
448 2836 533 2871 magis
550 2836 608 2872 pios
621 2844 731 2868 sensus,
747 2836 814 2864 tales
832 2843 911 2872 esse}

1055 2837 1176 2869 ιίττονος,
1201 2835 1330 2864 τάναντία
1345 2835 1449 2867 τούτοις
1464 2835 1533 2870 μετά
1547 2835 1597 2870 τὴν
1611 2834 1768 2869 παράϐασιν
1784 2835 1797 2860 ό
