  <div class='ocr_page' id='page_1' title='image "/cluster/home/n/w/nwhite01/storage/ocr_20150623/101/njp.32101077772877/295.png"; bbox 0 0 1880 3057; ppageno 0'>
   <div class='ocr_carea' id='block_1_1' title="bbox 190 123 245 156">
    <p class='ocr_par' dir='ltr' id='par_1_1' title="bbox 190 123 245 156">
     <span class='ocr_line' id='line_1_1' title="bbox 190 123 245 156; baseline -0.018 0"><span class='ocrx_word' id='word_1_1' title='bbox 190 123 245 156; x_wconf 68' lang='grc'><strong>443</strong></span> 
     </span>
    </p>
   </div>
   <div class='ocr_carea' id='block_1_2' title="bbox 767 111 1509 145">
    <p class='ocr_par' dir='ltr' id='par_1_2' title="bbox 767 111 1244 145">
     <span class='ocr_line' id='line_1_2' title="bbox 767 111 1244 145; baseline -0.006 0"><span class='ocrx_word' id='word_1_2' title='bbox 767 114 901 145; x_wconf 85' lang='grc' dir='ltr'><strong>ΡΗΟΤΙΙ</strong></span> <span class='ocrx_word' id='word_1_3' title='bbox 918 111 1055 144; x_wconf 81' lang='lat' dir='ltr'><strong>PATRIA</strong></span> <span class='ocrx_word' id='word_1_4' title='bbox 1060 112 1172 143; x_wconf 59' lang='lat' dir='ltr'><strong>RCHE</strong></span> <span class='ocrx_word' id='word_1_5' title='bbox 1188 113 1244 143; x_wconf 66' lang='grc' dir='ltr'><strong>(ΣΡ.</strong></span> 
     </span>
    </p>
   </div>
   <div class='ocr_carea' id='block_1_3' title="bbox 1073 111 1815 145">
    <p class='ocr_par' dir='ltr' id='par_1_3' title="bbox 1073 111 1815 143">
     <span class='ocr_line' id='line_1_3' title="bbox 1073 111 1815 143; baseline -0.003 0"><span class='ocrx_word' id='word_1_6' title='bbox 1073 112 1172 143; x_wconf 57' lang='grc' dir='ltr'><strong>’.(1Ηῶ</strong></span> <span class='ocrx_word' id='word_1_7' title='bbox 1188 113 1244 143; x_wconf 84' lang='lat' dir='ltr'><strong>CP.</strong></span> <span class='ocrx_word' id='word_1_8' title='bbox 1771 111 1815 142; x_wconf 68' lang='grc'>444</span> 
     </span>
    </p>
   </div>
   <div class='ocr_carea' id='block_1_4' title="bbox 190 168 932 214">
    <p class='ocr_par' dir='ltr' id='par_1_4' title="bbox 190 172 931 214">
     <span class='ocr_line' id='line_1_4' title="bbox 190 172 931 214; baseline -0.015 -5"><span class='ocrx_word' id='word_1_9' title='bbox 190 182 281 214; x_wconf 83' lang='lat' dir='ltr'><strong>duas;</strong></span> <span class='ocrx_word' id='word_1_10' title='bbox 301 178 376 207; x_wconf 87' lang='lat' dir='ltr'><strong>illinc</strong></span> <span class='ocrx_word' id='word_1_11' title='bbox 388 183 453 204; x_wconf 90' lang='lat' dir='ltr'><strong>vero</strong></span> <span class='ocrx_word' id='word_1_12' title='bbox 467 175 548 204; x_wconf 90' lang='lat' dir='ltr'><strong>dictis</strong></span> <span class='ocrx_word' id='word_1_13' title='bbox 576 173 670 201; x_wconf 88' lang='lat' dir='ltr'><strong>varios</strong></span> <span class='ocrx_word' id='word_1_14' title='bbox 706 177 801 208; x_wconf 87' lang='lat' dir='ltr'><strong>tropos</strong></span> <span class='ocrx_word' id='word_1_15' title='bbox 828 172 931 207; x_wconf 78' lang='lat' dir='ltr'><strong>ﬁgurar</strong></span> 
     </span>
    </p>
   </div>
   <div class='ocr_carea' id='block_1_5' title="bbox 1072 168 1814 214">
    <p class='ocr_par' dir='ltr' id='par_1_5' title="bbox 1073 168 1814 206">
     <span class='ocr_line' id='line_1_5' title="bbox 1073 168 1814 206; baseline -0.001 -9"><span class='ocrx_word' id='word_1_16' title='bbox 1073 170 1258 206; x_wconf 84' lang='grc' dir='ltr'>οϐαλλομένης</span> <span class='ocrx_word' id='word_1_17' title='bbox 1281 168 1346 196; x_wconf 81' lang='grc' dir='ltr'>δύο·</span> <span class='ocrx_word' id='word_1_18' title='bbox 1375 168 1456 196; x_wconf 83' lang='grc' dir='ltr'>τοῦτο</span> <span class='ocrx_word' id='word_1_19' title='bbox 1469 169 1498 196; x_wconf 81' lang='grc' dir='ltr'>δὲ</span> <span class='ocrx_word' id='word_1_20' title='bbox 1517 168 1564 195; x_wconf 81' lang='grc' dir='ltr'>τοῦ</span> <span class='ocrx_word' id='word_1_21' title='bbox 1588 168 1669 205; x_wconf 75' lang='grc' dir='ltr'>ῥητοῦ</span> <span class='ocrx_word' id='word_1_22' title='bbox 1682 169 1814 205; x_wconf 81' lang='grc' dir='ltr'>διαφόρους</span> 
     </span>
    </p>
   </div>
   <div class='ocr_carea' id='block_1_6' title="bbox 191 218 982 260">
    <p class='ocr_par' dir='ltr' id='par_1_6' title="bbox 191 218 982 260">
     <span class='ocr_line' id='line_1_6' title="bbox 191 218 982 260; baseline -0.014 -5"><span class='ocrx_word' id='word_1_23' title='bbox 191 226 314 260; x_wconf 83' lang='lat' dir='ltr'><strong>accipere</strong></span> <span class='ocrx_word' id='word_1_24' title='bbox 324 223 405 251; x_wconf 83' lang='lat' dir='ltr'><strong>natis.</strong></span> <span class='ocrx_word' id='word_1_25' title='bbox 416 222 468 250; x_wconf 85' lang='lat' dir='ltr'><strong>Sed</strong></span> <span class='ocrx_word' id='word_1_26' title='bbox 483 227 510 249; x_wconf 85' lang='lat' dir='ltr'><strong>et</strong></span> <span class='ocrx_word' id='word_1_27' title='bbox 525 221 591 248; x_wconf 90' lang='lat' dir='ltr'><strong>illud</strong></span> <span class='ocrx_word' id='word_1_28' title='bbox 605 230 611 248; x_wconf 92' lang='lat'>:</span> <span class='ocrx_word' id='word_1_29' title='bbox 626 229 635 245; x_wconf 84' lang='grc' dir='ltr'><strong>ι</strong></span> <span class='ocrx_word' id='word_1_30' title='bbox 646 220 686 247; x_wconf 75' lang='lat' dir='ltr'><strong>Ad</strong></span> <span class='ocrx_word' id='word_1_31' title='bbox 702 224 728 247; x_wconf 92' lang='lat' dir='ltr'><strong>te</strong></span> <span class='ocrx_word' id='word_1_32' title='bbox 739 219 884 246; x_wconf 84' lang='lat' dir='ltr'><strong>conversio</strong></span> <span class='ocrx_word' id='word_1_33' title='bbox 895 218 982 253; x_wconf 62' lang='lat' dir='ltr'><strong>ejus,»</strong></span> 
     </span>
    </p>
   </div>
   <div class='ocr_carea' id='block_1_7' title="bbox 191 265 985 303">
    <p class='ocr_par' dir='ltr' id='par_1_7' title="bbox 191 265 985 303">
     <span class='ocr_line' id='line_1_7' title="bbox 191 265 985 303; baseline -0.011 -3"><span class='ocrx_word' id='word_1_34' title='bbox 191 273 226 300; x_wconf 90' lang='lat' dir='ltr'><strong>de</strong></span> <span class='ocrx_word' id='word_1_35' title='bbox 237 270 352 298; x_wconf 84' lang='lat' dir='ltr'><strong>diversis</strong></span> <span class='ocrx_word' id='word_1_36' title='bbox 365 269 447 296; x_wconf 82' lang='lat' dir='ltr'><strong>rebus</strong></span> <span class='ocrx_word' id='word_1_37' title='bbox 464 267 573 303; x_wconf 86' lang='lat' dir='ltr'><strong>proprie</strong></span> <span class='ocrx_word' id='word_1_38' title='bbox 584 270 673 301; x_wconf 86' lang='lat' dir='ltr'><strong>potest</strong></span> <span class='ocrx_word' id='word_1_39' title='bbox 690 265 773 294; x_wconf 89' lang='lat' dir='ltr'><strong>sumi.</strong></span> <span class='ocrx_word' id='word_1_40' title='bbox 788 265 870 300; x_wconf 77' lang='lat' dir='ltr'><strong>Igitur</strong></span> <span class='ocrx_word' id='word_1_41' title='bbox 886 271 985 292; x_wconf 87' lang='lat' dir='ltr'><strong>secun-</strong></span> 
     </span>
    </p>
   </div>
   <div class='ocr_carea' id='block_1_8' title="bbox 192 309 984 345">
    <p class='ocr_par' dir='ltr' id='par_1_8' title="bbox 192 309 984 345">
     <span class='ocr_line' id='line_1_8' title="bbox 192 309 984 345; baseline -0.005 -3"><span class='ocrx_word' id='word_1_42' title='bbox 192 316 257 342; x_wconf 89' lang='lat' dir='ltr'><strong>dum</strong></span> <span class='ocrx_word' id='word_1_43' title='bbox 280 314 424 340; x_wconf 85' lang='lat' dir='ltr'><strong>lectionem</strong></span> <span class='ocrx_word' id='word_1_44' title='bbox 440 311 558 339; x_wconf 79' lang='lat' dir='ltr'><strong>varietas</strong></span> <span class='ocrx_word' id='word_1_45' title='bbox 574 311 601 338; x_wconf 88' lang='lat' dir='ltr'><strong>in</strong></span> <span class='ocrx_word' id='word_1_46' title='bbox 622 310 847 345; x_wconf 80' lang='lat' dir='ltr'><strong>interrogativam</strong></span> <span class='ocrx_word' id='word_1_47' title='bbox 867 309 984 338; x_wconf 86' lang='lat' dir='ltr'><strong>formam</strong></span> 
     </span>
    </p>
   </div>
   <div class='ocr_carea' id='block_1_9' title="bbox 191 354 982 391">
    <p class='ocr_par' dir='ltr' id='par_1_9' title="bbox 191 354 982 391">
     <span class='ocr_line' id='line_1_9' title="bbox 191 354 982 391; baseline -0.008 -3"><span class='ocrx_word' id='word_1_48' title='bbox 191 366 220 389; x_wconf 92' lang='lat' dir='ltr'><strong>et</strong></span> <span class='ocrx_word' id='word_1_49' title='bbox 246 358 459 388; x_wconf 87' lang='lat' dir='ltr'><strong>declaratoriam</strong></span> <span class='ocrx_word' id='word_1_50' title='bbox 488 357 584 384; x_wconf 85' lang='lat' dir='ltr'><strong>dividit</strong></span> <span class='ocrx_word' id='word_1_51' title='bbox 614 355 776 391; x_wconf 84' lang='lat' dir='ltr'><strong>eloquium;</strong></span> <span class='ocrx_word' id='word_1_52' title='bbox 800 354 881 390; x_wconf 80' lang='lat' dir='ltr'><strong>quale</strong></span> <span class='ocrx_word' id='word_1_53' title='bbox 903 360 946 382; x_wconf 87' lang='lat' dir='ltr'><strong>est</strong></span> <span class='ocrx_word' id='word_1_54' title='bbox 975 364 982 383; x_wconf 90' lang='lat'>:</span> 
     </span>
    </p>
   </div>
   <div class='ocr_carea' id='block_1_10' title="bbox 194 402 984 438">
    <p class='ocr_par' dir='ltr' id='par_1_10' title="bbox 194 402 984 438">
     <span class='ocr_line' id='line_1_10' title="bbox 194 402 984 438; baseline -0.006 -5"><span class='ocrx_word' id='word_1_55' title='bbox 194 416 204 432; x_wconf 86' lang='grc' dir='ltr'><strong>ι</strong></span> <span class='ocrx_word' id='word_1_56' title='bbox 223 405 319 433; x_wconf 82' lang='lat' dir='ltr'><strong>Nonne</strong></span> <span class='ocrx_word' id='word_1_57' title='bbox 330 405 353 432; x_wconf 88' lang='lat' dir='ltr'><strong>si</strong></span> <span class='ocrx_word' id='word_1_58' title='bbox 377 408 450 431; x_wconf 87' lang='lat' dir='ltr'><strong>recte</strong></span> <span class='ocrx_word' id='word_1_59' title='bbox 473 404 580 438; x_wconf 86' lang='lat' dir='ltr'><strong>quidem</strong></span> <span class='ocrx_word' id='word_1_60' title='bbox 595 402 740 434; x_wconf 87' lang='lat' dir='ltr'><strong>obtuleris,</strong></span> <span class='ocrx_word' id='word_1_61' title='bbox 752 406 825 428; x_wconf 83' lang='lat' dir='ltr'><strong>recte</strong></span> <span class='ocrx_word' id='word_1_62' title='bbox 844 407 910 428; x_wconf 92' lang='lat' dir='ltr'><strong>vero</strong></span> <span class='ocrx_word' id='word_1_63' title='bbox 929 407 984 428; x_wconf 89' lang='lat' dir='ltr'><strong>nou</strong></span> 
     </span>
    </p>
   </div>
   <div class='ocr_carea' id='block_1_11' title="bbox 191 447 985 483">
    <p class='ocr_par' dir='ltr' id='par_1_11' title="bbox 191 447 985 483">
     <span class='ocr_line' id='line_1_11' title="bbox 191 447 985 483; baseline -0.006 -4"><span class='ocrx_word' id='word_1_64' title='bbox 191 451 329 483; x_wconf 82' lang='lat' dir='ltr'><strong>diviseris.</strong></span> <span class='ocrx_word' id='word_1_65' title='bbox 344 456 371 477; x_wconf 89' lang='lat' dir='ltr'><strong>et</strong></span> <span class='ocrx_word' id='word_1_66' title='bbox 390 450 436 477; x_wconf 91' lang='lat' dir='ltr'><strong>tibi</strong></span> <span class='ocrx_word' id='word_1_67' title='bbox 450 454 543 477; x_wconf 87' lang='lat' dir='ltr'><strong>notum</strong></span> <span class='ocrx_word' id='word_1_68' title='bbox 577 453 618 476; x_wconf 86' lang='lat' dir='ltr'><strong>est</strong></span> <span class='ocrx_word' id='word_1_69' title='bbox 633 455 660 476; x_wconf 90' lang='lat' dir='ltr'><strong>et</strong></span> <span class='ocrx_word' id='word_1_70' title='bbox 687 447 867 475; x_wconf 72' lang='lat' dir='ltr'><strong>indubitabile</strong></span> <span class='ocrx_word' id='word_1_71' title='bbox 891 452 917 475; x_wconf 90' lang='lat' dir='ltr'><strong>te</strong></span> <span class='ocrx_word' id='word_1_72' title='bbox 936 455 985 482; x_wconf 89' lang='lat' dir='ltr'><strong>pe-</strong></span> 
     </span>
    </p>
   </div>
   <div class='ocr_carea' id='block_1_12' title="bbox 191 492 983 529">
    <p class='ocr_par' dir='ltr' id='par_1_12' title="bbox 191 492 983 529">
     <span class='ocr_line' id='line_1_12' title="bbox 191 492 983 529; baseline -0.008 -4"><span class='ocrx_word' id='word_1_73' title='bbox 191 505 270 525; x_wconf 78' lang='lat' dir='ltr'><strong>cassc</strong></span> <span class='ocrx_word' id='word_1_74' title='bbox 280 498 292 523; x_wconf 74' lang='grc' dir='ltr'><em>ἳ</em></span> <span class='ocrx_word' id='word_1_75' title='bbox 303 506 312 522; x_wconf 74' lang='grc' dir='ltr'><strong>ι</strong></span> <span class='ocrx_word' id='word_1_76' title='bbox 333 495 366 522; x_wconf 79' lang='lat' dir='ltr'><strong>Et</strong></span> <span class='ocrx_word' id='word_1_77' title='bbox 381 495 441 522; x_wconf 84' lang='lat' dir='ltr'><strong>vide</strong></span> <span class='ocrx_word' id='word_1_78' title='bbox 452 494 595 529; x_wconf 78' lang='lat' dir='ltr'><strong>benignam</strong></span> <span class='ocrx_word' id='word_1_79' title='bbox 611 493 772 528; x_wconf 76' lang='lat' dir='ltr'><strong>sapientiam</strong></span> <span class='ocrx_word' id='word_1_80' title='bbox 790 492 848 526; x_wconf 77' lang='lat' dir='ltr'><strong>Dei,</strong></span> <span class='ocrx_word' id='word_1_81' title='bbox 861 492 983 528; x_wconf 88' lang='lat' dir='ltr'><strong>judicem</strong></span> 
     </span>
    </p>
   </div>
   <div class='ocr_carea' id='block_1_13' title="bbox 192 537 984 576">
    <p class='ocr_par' dir='ltr' id='par_1_13' title="bbox 192 537 984 576">
     <span class='ocr_line' id='line_1_13' title="bbox 192 537 984 576; baseline -0.006 -8"><span class='ocrx_word' id='word_1_82' title='bbox 192 542 281 576; x_wconf 88' lang='lat' dir='ltr'><strong>ipsum</strong></span> <span class='ocrx_word' id='word_1_83' title='bbox 298 540 369 567; x_wconf 84' lang='lat' dir='ltr'><strong>sistit</strong></span> <span class='ocrx_word' id='word_1_84' title='bbox 385 539 431 573; x_wconf 85' lang='lat' dir='ltr'><strong>qui</strong></span> <span class='ocrx_word' id='word_1_85' title='bbox 461 538 584 573; x_wconf 79' lang='lat' dir='ltr'><strong>peccavit</strong></span> <span class='ocrx_word' id='word_1_86' title='bbox 615 537 780 572; x_wconf 82' lang='lat' dir='ltr'><strong>iniquitatis,</strong></span> <span class='ocrx_word' id='word_1_87' title='bbox 807 542 837 564; x_wconf 94' lang='lat' dir='ltr'><strong>ut</strong></span> <span class='ocrx_word' id='word_1_88' title='bbox 859 537 984 572; x_wconf 87' lang='lat' dir='ltr'><strong>proprias</strong></span> 
     </span>
    </p>
   </div>
   <div class='ocr_carea' id='block_1_14' title="bbox 192 582 982 621">
    <p class='ocr_par' dir='ltr' id='par_1_14' title="bbox 192 582 982 621">
     <span class='ocr_line' id='line_1_14' title="bbox 192 582 982 621; baseline -0.004 -8"><span class='ocrx_word' id='word_1_89' title='bbox 192 586 370 621; x_wconf 75' lang='lat' dir='ltr'><strong>cogitationes</strong></span> <span class='ocrx_word' id='word_1_90' title='bbox 391 585 436 611; x_wconf 87' lang='lat' dir='ltr'><strong>ille</strong></span> <span class='ocrx_word' id='word_1_91' title='bbox 453 591 516 611; x_wconf 92' lang='lat' dir='ltr'><strong>cum</strong></span> <span class='ocrx_word' id='word_1_92' title='bbox 543 583 679 610; x_wconf 88' lang='lat' dir='ltr'><strong>invenerit</strong></span> <span class='ocrx_word' id='word_1_93' title='bbox 696 582 815 610; x_wconf 86' lang='lat' dir='ltr'><strong>ferentes</strong></span> <span class='ocrx_word' id='word_1_94' title='bbox 845 583 871 609; x_wconf 94' lang='lat' dir='ltr'><strong>in</strong></span> <span class='ocrx_word' id='word_1_95' title='bbox 892 583 982 617; x_wconf 90' lang='lat' dir='ltr'><strong>ipsum</strong></span> 
     </span>
    </p>
   </div>
   <div class='ocr_carea' id='block_1_15' title="bbox 192 628 984 665">
    <p class='ocr_par' dir='ltr' id='par_1_15' title="bbox 192 628 984 665">
     <span class='ocr_line' id='line_1_15' title="bbox 192 628 984 665; baseline -0.006 -6"><span class='ocrx_word' id='word_1_96' title='bbox 192 631 461 663; x_wconf 84' lang='lat' dir='ltr'><strong>condemnationem,</strong></span> <span class='ocrx_word' id='word_1_97' title='bbox 483 629 571 665; x_wconf 77' lang='lat' dir='ltr'><strong>magis</strong></span> <span class='ocrx_word' id='word_1_98' title='bbox 584 633 612 656; x_wconf 90' lang='lat' dir='ltr'><strong>et</strong></span> <span class='ocrx_word' id='word_1_99' title='bbox 636 630 669 655; x_wconf 88' lang='lat' dir='ltr'><strong>ad</strong></span> <span class='ocrx_word' id='word_1_100' title='bbox 686 628 876 663; x_wconf 57' lang='lat' dir='ltr'><strong>potuitcntiam</strong></span> <span class='ocrx_word' id='word_1_101' title='bbox 890 631 984 655; x_wconf 87' lang='lat' dir='ltr'><strong>currat</strong></span> 
     </span>
    </p>
   </div>
   <div class='ocr_carea' id='block_1_16' title="bbox 192 673 982 707">
    <p class='ocr_par' dir='ltr' id='par_1_16' title="bbox 192 673 982 707">
     <span class='ocr_line' id='line_1_16' title="bbox 192 673 982 707; baseline -0.006 -3"><span class='ocrx_word' id='word_1_102' title='bbox 192 682 220 704; x_wconf 81' lang='lat' dir='ltr'><strong>et</strong></span> <span class='ocrx_word' id='word_1_103' title='bbox 240 676 431 704; x_wconf 85' lang='lat' dir='ltr'><strong>remissionem</strong></span> <span class='ocrx_word' id='word_1_104' title='bbox 443 676 524 702; x_wconf 87' lang='lat' dir='ltr'><strong>citius</strong></span> <span class='ocrx_word' id='word_1_105' title='bbox 544 674 673 701; x_wconf 73' lang='lat' dir='ltr'><strong>attrahat.</strong></span> <span class='ocrx_word' id='word_1_106' title='bbox 691 673 724 700; x_wconf 83' lang='lat' dir='ltr'><strong>Et</strong></span> <span class='ocrx_word' id='word_1_107' title='bbox 740 673 982 707; x_wconf 83' lang='lat' dir='ltr'><strong>respousiostatim</strong></span> 
     </span>
    </p>
   </div>
   <div class='ocr_carea' id='block_1_17' title="bbox 192 719 985 759">
    <p class='ocr_par' dir='ltr' id='par_1_17' title="bbox 192 719 985 759">
     <span class='ocr_line' id='line_1_17' title="bbox 192 719 985 759; baseline -0.005 -9"><span class='ocrx_word' id='word_1_108' title='bbox 192 723 332 759; x_wconf 81' lang='lat' dir='ltr'><strong>proposita</strong></span> <span class='ocrx_word' id='word_1_109' title='bbox 368 721 555 754; x_wconf 80' lang='lat' dir='ltr'><strong>deinissionis,</strong></span> <span class='ocrx_word' id='word_1_110' title='bbox 592 720 772 747; x_wconf 86' lang='lat' dir='ltr'><strong>nihilominus</strong></span> <span class='ocrx_word' id='word_1_111' title='bbox 800 719 910 747; x_wconf 87' lang='lat' dir='ltr'><strong>silentio</strong></span> <span class='ocrx_word' id='word_1_112' title='bbox 934 726 985 746; x_wconf 87' lang='lat' dir='ltr'><strong>vo-</strong></span> 
     </span>
    </p>
   </div>
   <div class='ocr_carea' id='block_1_18' title="bbox 193 765 983 804">
    <p class='ocr_par' dir='ltr' id='par_1_18' title="bbox 193 765 983 804">
     <span class='ocr_line' id='line_1_18' title="bbox 193 765 983 804; baseline -0.008 -7"><span class='ocrx_word' id='word_1_113' title='bbox 193 771 326 797; x_wconf 85' lang='lat' dir='ltr'><strong>luntatem</strong></span> <span class='ocrx_word' id='word_1_114' title='bbox 340 768 446 804; x_wconf 81' lang='lat' dir='ltr'><strong>perlicit</strong></span> <span class='ocrx_word' id='word_1_115' title='bbox 459 768 518 801; x_wconf 78' lang='lat' dir='ltr'><strong>eius</strong></span> <span class='ocrx_word' id='word_1_116' title='bbox 533 767 580 802; x_wconf 79' lang='lat' dir='ltr'><strong>qui</strong></span> <span class='ocrx_word' id='word_1_117' title='bbox 603 765 790 801; x_wconf 75' lang='lat' dir='ltr'><strong>interrogavit,</strong></span> <span class='ocrx_word' id='word_1_118' title='bbox 805 770 831 792; x_wconf 89' lang='lat' dir='ltr'><strong>et</strong></span> <span class='ocrx_word' id='word_1_119' title='bbox 842 770 983 800; x_wconf 89' lang='lat' dir='ltr'><strong>peccatum</strong></span> 
     </span>
    </p>
   </div>
   <div class='ocr_carea' id='block_1_19' title="bbox 193 811 982 848">
    <p class='ocr_par' dir='ltr' id='par_1_19' title="bbox 193 811 982 848">
     <span class='ocr_line' id='line_1_19' title="bbox 193 811 982 848; baseline -0.006 -5"><span class='ocrx_word' id='word_1_120' title='bbox 193 816 370 843; x_wconf 75' lang='lat' dir='ltr'><strong>conﬁtentem</strong></span> <span class='ocrx_word' id='word_1_121' title='bbox 386 822 419 842; x_wconf 86' lang='lat' dir='ltr'><strong>eo</strong></span> <span class='ocrx_word' id='word_1_122' title='bbox 438 814 510 848; x_wconf 83' lang='lat' dir='ltr'><strong>quod</strong></span> <span class='ocrx_word' id='word_1_123' title='bbox 524 821 574 841; x_wconf 90' lang='lat' dir='ltr'><strong>nec</strong></span> <span class='ocrx_word' id='word_1_124' title='bbox 585 820 617 840; x_wconf 87' lang='lat' dir='ltr'><strong>os</strong></span> <span class='ocrx_word' id='word_1_125' title='bbox 629 812 735 847; x_wconf 85' lang='lat' dir='ltr'><strong>aperire</strong></span> <span class='ocrx_word' id='word_1_126' title='bbox 749 816 777 838; x_wconf 89' lang='lat' dir='ltr'><strong>et</strong></span> <span class='ocrx_word' id='word_1_127' title='bbox 794 818 889 838; x_wconf 90' lang='lat' dir='ltr'><strong>vocem</strong></span> <span class='ocrx_word' id='word_1_128' title='bbox 902 811 982 838; x_wconf 85' lang='lat' dir='ltr'><strong>emit-</strong></span> 
     </span>
    </p>
   </div>
   <div class='ocr_carea' id='block_1_20' title="bbox 193 849 1021 893">
    <p class='ocr_par' dir='ltr' id='par_1_20' title="bbox 193 849 1021 893">
     <span class='ocr_line' id='line_1_20' title="bbox 193 849 1021 893; baseline -0.006 -5"><span class='ocrx_word' id='word_1_129' title='bbox 193 866 251 889; x_wconf 88' lang='lat' dir='ltr'><strong>tere</strong></span> <span class='ocrx_word' id='word_1_130' title='bbox 270 861 370 888; x_wconf 78' lang='lat' dir='ltr'><strong>audeat</strong></span> <span class='ocrx_word' id='word_1_131' title='bbox 390 861 431 888; x_wconf 77' lang='lat' dir='ltr'><strong>vcl</strong></span> <span class='ocrx_word' id='word_1_132' title='bbox 449 860 582 886; x_wconf 79' lang='lat' dir='ltr'><strong>uolentem</strong></span> <span class='ocrx_word' id='word_1_133' title='bbox 590 866 653 886; x_wconf 86' lang='lat' dir='ltr'><strong>eum</strong></span> <span class='ocrx_word' id='word_1_134' title='bbox 671 858 718 893; x_wconf 89' lang='lat' dir='ltr'><strong>qni</strong></span> <span class='ocrx_word' id='word_1_135' title='bbox 734 858 857 893; x_wconf 81' lang='lat' dir='ltr'><strong>peccavit</strong></span> <span class='ocrx_word' id='word_1_136' title='bbox 868 858 983 884; x_wconf 88' lang='lat' dir='ltr'><strong>demon-</strong></span> <span class='ocrx_word' id='word_1_137' title='bbox 999 849 1021 877; x_wconf 75' lang='grc' dir='ltr'><strong>Β</strong></span> 
     </span>
    </p>
   </div>
   <div class='ocr_carea' id='block_1_21' title="bbox 193 902 983 939">
    <p class='ocr_par' dir='ltr' id='par_1_21' title="bbox 193 902 983 939">
     <span class='ocr_line' id='line_1_21' title="bbox 193 902 983 939; baseline -0.006 -5"><span class='ocrx_word' id='word_1_138' title='bbox 193 912 273 935; x_wconf 84' lang='lat' dir='ltr'><strong>strat.</strong></span> <span class='ocrx_word' id='word_1_139' title='bbox 287 906 392 933; x_wconf 85' lang='lat' dir='ltr'><strong>Etenim</strong></span> <span class='ocrx_word' id='word_1_140' title='bbox 406 906 474 933; x_wconf 71' lang='lat' dir='ltr'><strong>solet</strong></span> <span class='ocrx_word' id='word_1_141' title='bbox 488 904 749 939; x_wconf 73' lang='lat' dir='ltr'><strong>interrogationibus</strong></span> <span class='ocrx_word' id='word_1_142' title='bbox 764 912 834 939; x_wconf 90' lang='lat' dir='ltr'><strong>quas</strong></span> <span class='ocrx_word' id='word_1_143' title='bbox 844 902 983 930; x_wconf 83' lang='lat' dir='ltr'><strong>confessio</strong></span> 
     </span>
    </p>
   </div>
   <div class='ocr_carea' id='block_1_22' title="bbox 193 949 984 986">
    <p class='ocr_par' dir='ltr' id='par_1_22' title="bbox 193 949 984 986">
     <span class='ocr_line' id='line_1_22' title="bbox 193 949 984 986; baseline -0.006 -6"><span class='ocrx_word' id='word_1_144' title='bbox 193 957 221 980; x_wconf 88' lang='lat' dir='ltr'><strong>et</strong></span> <span class='ocrx_word' id='word_1_145' title='bbox 234 952 364 980; x_wconf 79' lang='lat' dir='ltr'><strong>demissio</strong></span> <span class='ocrx_word' id='word_1_146' title='bbox 378 952 606 986; x_wconf 75' lang='lat' dir='ltr'><strong>intcrrogatorum</strong></span> <span class='ocrx_word' id='word_1_147' title='bbox 623 949 768 976; x_wconf 79' lang='lat' dir='ltr'><strong>manifeste</strong></span> <span class='ocrx_word' id='word_1_148' title='bbox 787 954 814 977; x_wconf 88' lang='lat' dir='ltr'><strong>et</strong></span> <span class='ocrx_word' id='word_1_149' title='bbox 832 949 984 976; x_wconf 81' lang='lat' dir='ltr'><strong>indubitate</strong></span> 
     </span>
    </p>
   </div>
   <div class='ocr_carea' id='block_1_23' title="bbox 193 995 984 1033">
    <p class='ocr_par' dir='ltr' id='par_1_23' title="bbox 193 995 984 1033">
     <span class='ocr_line' id='line_1_23' title="bbox 193 995 984 1033; baseline -0.004 -8"><span class='ocrx_word' id='word_1_150' title='bbox 193 999 320 1033; x_wconf 81' lang='lat' dir='ltr'><strong>sequitur</strong></span> <span class='ocrx_word' id='word_1_151' title='bbox 340 1005 394 1024; x_wconf 93' lang='lat' dir='ltr'><strong>non</strong></span> <span class='ocrx_word' id='word_1_152' title='bbox 413 997 504 1024; x_wconf 89' lang='lat' dir='ltr'><strong>minus</strong></span> <span class='ocrx_word' id='word_1_153' title='bbox 518 996 657 1023; x_wconf 86' lang='lat' dir='ltr'><strong>silentium</strong></span> <span class='ocrx_word' id='word_1_154' title='bbox 678 996 778 1023; x_wconf 88' lang='lat' dir='ltr'><strong>habere</strong></span> <span class='ocrx_word' id='word_1_155' title='bbox 795 996 848 1022; x_wconf 92' lang='lat' dir='ltr'><strong>vim</strong></span> <span class='ocrx_word' id='word_1_156' title='bbox 867 995 914 1023; x_wconf 83' lang='lat' dir='ltr'><strong>sed</strong></span> <span class='ocrx_word' id='word_1_157' title='bbox 925 1003 984 1023; x_wconf 70' lang='grc' dir='ltr'>ωτι-</span> 
     </span>
    </p>
   </div>
   <div class='ocr_carea' id='block_1_24' title="bbox 194 1041 986 1079">
    <p class='ocr_par' dir='ltr' id='par_1_24' title="bbox 194 1041 986 1079">
     <span class='ocr_line' id='line_1_24' title="bbox 194 1041 986 1079; baseline -0.003 -9"><span class='ocrx_word' id='word_1_158' title='bbox 194 1044 236 1079; x_wconf 67' lang='lat' dir='ltr'><strong>gis</strong></span> <span class='ocrx_word' id='word_1_159' title='bbox 247 1043 416 1071; x_wconf 88' lang='lat' dir='ltr'><strong>enuntiantis</strong></span> <span class='ocrx_word' id='word_1_160' title='bbox 441 1043 518 1070; x_wconf 86' lang='lat' dir='ltr'><strong>vocis</strong></span> <span class='ocrx_word' id='word_1_161' title='bbox 529 1042 734 1072; x_wconf 82' lang='lat' dir='ltr'><strong>demissionent,</strong></span> <span class='ocrx_word' id='word_1_162' title='bbox 747 1045 776 1069; x_wconf 92' lang='lat' dir='ltr'><strong>et</strong></span> <span class='ocrx_word' id='word_1_163' title='bbox 796 1041 986 1076; x_wconf 87' lang='lat' dir='ltr'><strong>reprehensio-</strong></span> 
     </span>
    </p>
   </div>
   <div class='ocr_carea' id='block_1_25' title="bbox 194 1085 986 1120">
    <p class='ocr_par' dir='ltr' id='par_1_25' title="bbox 194 1085 986 1120">
     <span class='ocr_line' id='line_1_25' title="bbox 194 1085 986 1120; baseline -0.003 -6"><span class='ocrx_word' id='word_1_164' title='bbox 194 1095 267 1119; x_wconf 85' lang='lat' dir='ltr'><strong>nem,</strong></span> <span class='ocrx_word' id='word_1_165' title='bbox 284 1088 306 1114; x_wconf 92' lang='lat' dir='ltr'><strong>si</strong></span> <span class='ocrx_word' id='word_1_166' title='bbox 317 1091 391 1114; x_wconf 86' lang='lat' dir='ltr'><strong>certe</strong></span> <span class='ocrx_word' id='word_1_167' title='bbox 410 1087 468 1114; x_wconf 90' lang='lat' dir='ltr'><strong>vult</strong></span> <span class='ocrx_word' id='word_1_168' title='bbox 496 1087 548 1113; x_wconf 86' lang='lat' dir='ltr'><strong>hoc</strong></span> <span class='ocrx_word' id='word_1_169' title='bbox 563 1086 746 1120; x_wconf 75' lang='lat' dir='ltr'><strong>interrogans,</strong></span> <span class='ocrx_word' id='word_1_170' title='bbox 757 1085 907 1112; x_wconf 84' lang='lat' dir='ltr'><strong>acutiorem</strong></span> <span class='ocrx_word' id='word_1_171' title='bbox 920 1085 986 1112; x_wconf 81' lang='lat' dir='ltr'><strong>facit</strong></span> 
     </span>
    </p>
   </div>
   <div class='ocr_carea' id='block_1_26' title="bbox 193 1130 986 1167">
    <p class='ocr_par' dir='ltr' id='par_1_26' title="bbox 193 1130 986 1167">
     <span class='ocr_line' id='line_1_26' title="bbox 193 1130 986 1167; baseline -0.004 -8"><span class='ocrx_word' id='word_1_172' title='bbox 193 1137 221 1159; x_wconf 84' lang='lat' dir='ltr'><strong>et</strong></span> <span class='ocrx_word' id='word_1_173' title='bbox 238 1132 425 1167; x_wconf 82' lang='lat' dir='ltr'><strong>potentiorem.</strong></span> <span class='ocrx_word' id='word_1_174' title='bbox 442 1130 570 1158; x_wconf 84' lang='lat' dir='ltr'><strong>Formam</strong></span> <span class='ocrx_word' id='word_1_175' title='bbox 587 1130 670 1164; x_wconf 77' lang='lat' dir='ltr'><strong>igitur</strong></span> <span class='ocrx_word' id='word_1_176' title='bbox 681 1130 904 1165; x_wconf 78' lang='lat' dir='ltr'><strong>interrogationis</strong></span> <span class='ocrx_word' id='word_1_177' title='bbox 925 1138 986 1157; x_wconf 81' lang='lat' dir='ltr'><strong>sus-</strong></span> 
     </span>
    </p>
   </div>
   <div class='ocr_carea' id='block_1_27' title="bbox 194 1177 985 1212">
    <p class='ocr_par' dir='ltr' id='par_1_27' title="bbox 194 1177 985 1212">
     <span class='ocr_line' id='line_1_27' title="bbox 194 1177 985 1212; baseline -0.003 -8"><span class='ocrx_word' id='word_1_178' title='bbox 194 1178 300 1212; x_wconf 84' lang='lat' dir='ltr'><strong>cipiens</strong></span> <span class='ocrx_word' id='word_1_179' title='bbox 334 1185 425 1206; x_wconf 90' lang='lat' dir='ltr'><strong>sermo</strong></span> <span class='ocrx_word' id='word_1_180' title='bbox 450 1178 619 1212; x_wconf 79' lang='lat' dir='ltr'><strong>propositam</strong></span> <span class='ocrx_word' id='word_1_181' title='bbox 655 1177 780 1203; x_wconf 79' lang='lat' dir='ltr'><strong>enuntiat</strong></span> <span class='ocrx_word' id='word_1_182' title='bbox 809 1177 985 1204; x_wconf 87' lang='lat' dir='ltr'><strong>sententiam.</strong></span> 
     </span>
    </p>
   </div>
   <div class='ocr_carea' id='block_1_28' title="bbox 194 1222 986 1250">
    <p class='ocr_par' dir='ltr' id='par_1_28' title="bbox 194 1222 986 1250">
     <span class='ocr_line' id='line_1_28' title="bbox 194 1222 986 1250; baseline -0.003 0"><span class='ocrx_word' id='word_1_183' title='bbox 194 1222 378 1250; x_wconf 85' lang='lat' dir='ltr'><strong>Declaratoria</strong></span> <span class='ocrx_word' id='word_1_184' title='bbox 396 1228 487 1250; x_wconf 79' lang='lat' dir='ltr'><strong>autent</strong></span> <span class='ocrx_word' id='word_1_185' title='bbox 501 1223 588 1249; x_wconf 86' lang='lat' dir='ltr'><strong>forma</strong></span> <span class='ocrx_word' id='word_1_186' title='bbox 605 1222 728 1249; x_wconf 81' lang='lat' dir='ltr'><strong>vestibus</strong></span> <span class='ocrx_word' id='word_1_187' title='bbox 747 1229 800 1249; x_wconf 93' lang='lat' dir='ltr'><strong>non</strong></span> <span class='ocrx_word' id='word_1_188' title='bbox 823 1229 877 1248; x_wconf 90' lang='lat' dir='ltr'><strong>uno</strong></span> <span class='ocrx_word' id='word_1_189' title='bbox 895 1226 923 1248; x_wconf 87' lang='lat' dir='ltr'><strong>et</strong></span> <span class='ocrx_word' id='word_1_190' title='bbox 937 1229 986 1248; x_wconf 88' lang='lat' dir='ltr'><strong>eo-</strong></span> 
     </span>
    </p>
   </div>
   <div class='ocr_carea' id='block_1_29' title="bbox 193 1267 987 1303">
    <p class='ocr_par' dir='ltr' id='par_1_29' title="bbox 193 1267 987 1303">
     <span class='ocr_line' id='line_1_29' title="bbox 193 1267 987 1303; baseline -0.004 -6"><span class='ocrx_word' id='word_1_191' title='bbox 193 1270 255 1297; x_wconf 87' lang='lat' dir='ltr'><strong>dem</strong></span> <span class='ocrx_word' id='word_1_192' title='bbox 278 1269 438 1297; x_wconf 82' lang='lat' dir='ltr'><strong>charactere</strong></span> <span class='ocrx_word' id='word_1_193' title='bbox 456 1269 533 1296; x_wconf 67' lang='lat' dir='ltr'><strong>voris</strong></span> <span class='ocrx_word' id='word_1_194' title='bbox 552 1268 714 1296; x_wconf 84' lang='lat' dir='ltr'><strong>enuntiatur</strong></span> <span class='ocrx_word' id='word_1_195' title='bbox 729 1268 812 1303; x_wconf 83' lang='lat' dir='ltr'><strong>;quia</strong></span> <span class='ocrx_word' id='word_1_196' title='bbox 825 1272 852 1294; x_wconf 88' lang='lat' dir='ltr'><strong>et</strong></span> <span class='ocrx_word' id='word_1_197' title='bbox 869 1267 987 1294; x_wconf 84' lang='lat' dir='ltr'><strong>diversis</strong></span> 
     </span>
    </p>
   </div>
   <div class='ocr_carea' id='block_1_30' title="bbox 195 1315 986 1350">
    <p class='ocr_par' dir='ltr' id='par_1_30' title="bbox 195 1315 986 1350">
     <span class='ocr_line' id='line_1_30' title="bbox 195 1315 986 1350; baseline 0 -9"><span class='ocrx_word' id='word_1_198' title='bbox 195 1315 282 1350; x_wconf 88' lang='lat' dir='ltr'><strong>tropis</strong></span> <span class='ocrx_word' id='word_1_199' title='bbox 296 1315 503 1349; x_wconf 81' lang='lat' dir='ltr'><strong>compositionis</strong></span> <span class='ocrx_word' id='word_1_200' title='bbox 517 1322 566 1349; x_wconf 86' lang='lat' dir='ltr'><strong>per</strong></span> <span class='ocrx_word' id='word_1_201' title='bbox 578 1322 660 1350; x_wconf 85' lang='lat' dir='ltr'><strong>quam</strong></span> <span class='ocrx_word' id='word_1_202' title='bbox 676 1315 809 1342; x_wconf 82' lang='lat' dir='ltr'><strong>dictiones</strong></span> <span class='ocrx_word' id='word_1_203' title='bbox 821 1315 852 1342; x_wconf 82' lang='lat' dir='ltr'><strong>ad</strong></span> <span class='ocrx_word' id='word_1_204' title='bbox 872 1315 986 1342; x_wconf 89' lang='lat' dir='ltr'><strong>invicem</strong></span> 
     </span>
    </p>
   </div>
   <div class='ocr_carea' id='block_1_31' title="bbox 195 1360 988 1396">
    <p class='ocr_par' dir='ltr' id='par_1_31' title="bbox 195 1360 988 1396">
     <span class='ocr_line' id='line_1_31' title="bbox 195 1360 988 1396; baseline 0 -9"><span class='ocrx_word' id='word_1_205' title='bbox 195 1365 334 1396; x_wconf 86' lang='lat' dir='ltr'><strong>aptantur.</strong></span> <span class='ocrx_word' id='word_1_206' title='bbox 349 1361 406 1388; x_wconf 84' lang='lat' dir='ltr'><strong>vult</strong></span> <span class='ocrx_word' id='word_1_207' title='bbox 419 1360 547 1396; x_wconf 80' lang='lat' dir='ltr'><strong>proferri.</strong></span> <span class='ocrx_word' id='word_1_208' title='bbox 559 1361 613 1388; x_wconf 81' lang='lat' dir='ltr'><strong>Aut</strong></span> <span class='ocrx_word' id='word_1_209' title='bbox 623 1361 696 1388; x_wconf 89' lang='lat' dir='ltr'><strong>enim</strong></span> <span class='ocrx_word' id='word_1_210' title='bbox 709 1361 852 1388; x_wconf 83' lang='lat' dir='ltr'><strong>declarans</strong></span> <span class='ocrx_word' id='word_1_211' title='bbox 867 1361 988 1388; x_wconf 79' lang='lat' dir='ltr'><strong>declarat</strong></span> 
     </span>
    </p>
   </div>
   <div class='ocr_carea' id='block_1_32' title="bbox 197 1406 985 1438">
    <p class='ocr_par' dir='ltr' id='par_1_32' title="bbox 197 1406 985 1438">
     <span class='ocr_line' id='line_1_32' title="bbox 197 1406 985 1438; baseline 0 -4"><span class='ocrx_word' id='word_1_212' title='bbox 197 1414 251 1434; x_wconf 88' lang='lat' dir='ltr'><strong>non</strong></span> <span class='ocrx_word' id='word_1_213' title='bbox 261 1406 283 1433; x_wconf 84' lang='lat' dir='ltr'><strong>si</strong></span> <span class='ocrx_word' id='word_1_214' title='bbox 299 1406 367 1433; x_wconf 83' lang='lat' dir='ltr'><strong>bone</strong></span> <span class='ocrx_word' id='word_1_215' title='bbox 377 1407 522 1438; x_wconf 85' lang='lat' dir='ltr'><strong>obtuleris,</strong></span> <span class='ocrx_word' id='word_1_216' title='bbox 549 1411 624 1434; x_wconf 90' lang='lat' dir='ltr'><strong>recte</strong></span> <span class='ocrx_word' id='word_1_217' title='bbox 654 1411 745 1433; x_wconf 71' lang='lat' dir='ltr'><strong>autem</strong></span> <span class='ocrx_word' id='word_1_218' title='bbox 773 1415 827 1433; x_wconf 90' lang='lat' dir='ltr'><strong>non</strong></span> <span class='ocrx_word' id='word_1_219' title='bbox 848 1407 985 1438; x_wconf 82' lang='lat' dir='ltr'><strong>diviseris.</strong></span> 
     </span>
    </p>
   </div>
   <div class='ocr_carea' id='block_1_33' title="bbox 197 1453 987 1488">
    <p class='ocr_par' dir='ltr' id='par_1_33' title="bbox 197 1453 987 1488">
     <span class='ocr_line' id='line_1_33' title="bbox 197 1453 987 1488; baseline 0 -9"><span class='ocrx_word' id='word_1_220' title='bbox 197 1456 228 1479; x_wconf 92' lang='lat' dir='ltr'><strong>ut</strong></span> <span class='ocrx_word' id='word_1_221' title='bbox 246 1453 318 1488; x_wconf 89' lang='lat' dir='ltr'><strong>quod</strong></span> <span class='ocrx_word' id='word_1_222' title='bbox 334 1461 388 1479; x_wconf 91' lang='lat' dir='ltr'><strong>non</strong></span> <span class='ocrx_word' id='word_1_223' title='bbox 405 1457 479 1480; x_wconf 82' lang='lat' dir='ltr'><strong>recte</strong></span> <span class='ocrx_word' id='word_1_224' title='bbox 500 1453 633 1486; x_wconf 83' lang='lat' dir='ltr'><strong>obtulisti,</strong></span> <span class='ocrx_word' id='word_1_225' title='bbox 649 1453 722 1488; x_wconf 89' lang='lat' dir='ltr'><strong>quod</strong></span> <span class='ocrx_word' id='word_1_226' title='bbox 748 1460 836 1487; x_wconf 87' lang='lat' dir='ltr'><strong>neque</strong></span> <span class='ocrx_word' id='word_1_227' title='bbox 857 1458 930 1480; x_wconf 89' lang='lat' dir='ltr'><strong>recte</strong></span> <span class='ocrx_word' id='word_1_228' title='bbox 946 1453 987 1480; x_wconf 89' lang='lat' dir='ltr'><strong>di-</strong></span> 
     </span>
    </p>
   </div>
   <div class='ocr_carea' id='block_1_34' title="bbox 197 1498 1021 1545">
    <p class='ocr_par' dir='ltr' id='par_1_34' title="bbox 197 1498 1021 1545">
     <span class='ocr_line' id='line_1_34' title="bbox 197 1498 1021 1545; baseline 0 -19"><span class='ocrx_word' id='word_1_229' title='bbox 197 1499 285 1527; x_wconf 84' lang='lat' dir='ltr'><strong>visisli</strong></span> <span class='ocrx_word' id='word_1_230' title='bbox 302 1507 310 1532; x_wconf 89' lang='lat'><strong>;</strong></span> <span class='ocrx_word' id='word_1_231' title='bbox 336 1505 380 1526; x_wconf 87' lang='lat' dir='ltr'><strong>aut</strong></span> <span class='ocrx_word' id='word_1_232' title='bbox 404 1499 468 1534; x_wconf 86' lang='lat' dir='ltr'><strong>quia</strong></span> <span class='ocrx_word' id='word_1_233' title='bbox 484 1507 537 1525; x_wconf 91' lang='lat' dir='ltr'><strong>non</strong></span> <span class='ocrx_word' id='word_1_234' title='bbox 552 1499 670 1526; x_wconf 77' lang='lat' dir='ltr'><strong>divisisti</strong></span> <span class='ocrx_word' id='word_1_235' title='bbox 689 1504 772 1530; x_wconf 87' lang='lat' dir='ltr'><strong>recte,</strong></span> <span class='ocrx_word' id='word_1_236' title='bbox 792 1498 842 1526; x_wconf 88' lang='lat' dir='ltr'><strong>etsi</strong></span> <span class='ocrx_word' id='word_1_237' title='bbox 860 1503 934 1526; x_wconf 91' lang='lat' dir='ltr'><strong>recte</strong></span> <span class='ocrx_word' id='word_1_238' title='bbox 943 1498 986 1526; x_wconf 61' lang='grc' dir='ltr'><strong>οἰκ</strong></span> <span class='ocrx_word' id='word_1_239' title='bbox 999 1516 1021 1545; x_wconf 68' lang='lat' dir='ltr'>c</span> 
     </span>
    </p>
   </div>
   <div class='ocr_carea' id='block_1_35' title="bbox 199 1543 986 1579">
    <p class='ocr_par' dir='ltr' id='par_1_35' title="bbox 199 1543 986 1579">
     <span class='ocr_line' id='line_1_35' title="bbox 199 1543 986 1579; baseline -0.003 -7"><span class='ocrx_word' id='word_1_240' title='bbox 199 1545 270 1573; x_wconf 88' lang='lat' dir='ltr'><strong>ferre</strong></span> <span class='ocrx_word' id='word_1_241' title='bbox 287 1545 363 1572; x_wconf 82' lang='lat' dir='ltr'><strong>visus</strong></span> <span class='ocrx_word' id='word_1_242' title='bbox 391 1545 476 1572; x_wconf 87' lang='lat' dir='ltr'><strong>l‘ueris</strong></span> <span class='ocrx_word' id='word_1_243' title='bbox 491 1544 551 1576; x_wconf 83' lang='lat' dir='ltr'><strong>tibi,</strong></span> <span class='ocrx_word' id='word_1_244' title='bbox 579 1544 708 1579; x_wconf 85' lang='lat' dir='ltr'><strong>peccasti.</strong></span> <span class='ocrx_word' id='word_1_245' title='bbox 725 1543 833 1573; x_wconf 87' lang='lat' dir='ltr'><strong>Etenim</strong></span> <span class='ocrx_word' id='word_1_246' title='bbox 846 1552 900 1571; x_wconf 90' lang='lat' dir='ltr'><strong>non</strong></span> <span class='ocrx_word' id='word_1_247' title='bbox 915 1543 986 1571; x_wconf 88' lang='lat' dir='ltr'><strong>divi-</strong></span> 
     </span>
    </p>
   </div>
   <div class='ocr_carea' id='block_1_36' title="bbox 198 1590 988 1625">
    <p class='ocr_par' dir='ltr' id='par_1_36' title="bbox 198 1590 988 1625">
     <span class='ocr_line' id='line_1_36' title="bbox 198 1590 988 1625; baseline -0.001 -7"><span class='ocrx_word' id='word_1_248' title='bbox 198 1591 285 1618; x_wconf 77' lang='lat' dir='ltr'><strong>sionis</strong></span> <span class='ocrx_word' id='word_1_249' title='bbox 300 1595 441 1625; x_wconf 80' lang='lat' dir='ltr'><strong>peccatum</strong></span> <span class='ocrx_word' id='word_1_250' title='bbox 456 1590 603 1618; x_wconf 82' lang='lat' dir='ltr'><strong>oblationis</strong></span> <span class='ocrx_word' id='word_1_251' title='bbox 623 1591 758 1617; x_wconf 88' lang='lat' dir='ltr'><strong>rectitudo</strong></span> <span class='ocrx_word' id='word_1_252' title='bbox 777 1598 831 1617; x_wconf 92' lang='lat' dir='ltr'><strong>non</strong></span> <span class='ocrx_word' id='word_1_253' title='bbox 858 1591 988 1617; x_wconf 75' lang='lat' dir='ltr'><strong>correxit.</strong></span> 
     </span>
    </p>
   </div>
   <div class='ocr_carea' id='block_1_37' title="bbox 199 1635 988 1672">
    <p class='ocr_par' dir='ltr' id='par_1_37' title="bbox 199 1635 988 1672">
     <span class='ocr_line' id='line_1_37' title="bbox 199 1635 988 1672; baseline -0.001 -9"><span class='ocrx_word' id='word_1_254' title='bbox 199 1636 380 1672; x_wconf 66' lang='lat' dir='ltr'><strong>liludigitur,</strong></span> <span class='ocrx_word' id='word_1_255' title='bbox 407 1635 540 1669; x_wconf 74' lang='lat' dir='ltr'><strong>Peccastt&#39;,</strong></span> <span class='ocrx_word' id='word_1_256' title='bbox 569 1635 745 1670; x_wconf 68' lang='lat' dir='ltr'><strong>interrogatio</strong></span> <span class='ocrx_word' id='word_1_257' title='bbox 773 1636 883 1671; x_wconf 86' lang='lat' dir='ltr'><strong>quidem</strong></span> <span class='ocrx_word' id='word_1_258' title='bbox 910 1635 988 1670; x_wconf 82' lang='lat' dir='ltr'><strong>juvta</strong></span> 
     </span>
    </p>
   </div>
   <div class='ocr_carea' id='block_1_38' title="bbox 197 1680 990 1716">
    <p class='ocr_par' dir='ltr' id='par_1_38' title="bbox 197 1680 990 1716">
     <span class='ocr_line' id='line_1_38' title="bbox 197 1680 990 1716; baseline 0 -7"><span class='ocrx_word' id='word_1_259' title='bbox 197 1680 422 1716; x_wconf 78' lang='lat' dir='ltr'><strong>consequentiam</strong></span> <span class='ocrx_word' id='word_1_260' title='bbox 438 1686 466 1708; x_wconf 92' lang='lat' dir='ltr'><strong>et</strong></span> <span class='ocrx_word' id='word_1_261' title='bbox 479 1681 689 1709; x_wconf 84' lang='lat' dir='ltr'><strong>continuitutent</strong></span> <span class='ocrx_word' id='word_1_262' title='bbox 720 1681 845 1708; x_wconf 84' lang='lat' dir='ltr'><strong>enuntiat</strong></span> <span class='ocrx_word' id='word_1_263' title='bbox 860 1682 990 1715; x_wconf 69' lang='lat' dir='ltr'><strong>praeordi-</strong></span> 
     </span>
    </p>
   </div>
   <div class='ocr_carea' id='block_1_39' title="bbox 199 1725 990 1760">
    <p class='ocr_par' dir='ltr' id='par_1_39' title="bbox 199 1725 990 1760">
     <span class='ocr_line' id='line_1_39' title="bbox 199 1725 990 1760; baseline -0.001 -7"><span class='ocrx_word' id='word_1_264' title='bbox 199 1730 326 1753; x_wconf 81' lang='lat' dir='ltr'><strong>natarum</strong></span> <span class='ocrx_word' id='word_1_265' title='bbox 341 1726 506 1758; x_wconf 87' lang='lat' dir='ltr'><strong>dictionum;</strong></span> <span class='ocrx_word' id='word_1_266' title='bbox 531 1725 608 1760; x_wconf 76' lang='lat' dir='ltr'><strong>juxta</strong></span> <span class='ocrx_word' id='word_1_267' title='bbox 626 1726 839 1752; x_wconf 83' lang='lat' dir='ltr'><strong>declarationem</strong></span> <span class='ocrx_word' id='word_1_268' title='bbox 851 1733 916 1752; x_wconf 90' lang='lat' dir='ltr'><strong>vero</strong></span> <span class='ocrx_word' id='word_1_269' title='bbox 928 1733 990 1759; x_wconf 82' lang='lat' dir='ltr'><strong>pro-</strong></span> 
     </span>
    </p>
   </div>
   <div class='ocr_carea' id='block_1_40' title="bbox 198 1760 990 1805">
    <p class='ocr_par' dir='ltr' id='par_1_40' title="bbox 198 1760 990 1805">
     <span class='ocr_line' id='line_1_40' title="bbox 198 1760 990 1805; baseline 0 -8"><span class='ocrx_word' id='word_1_270' title='bbox 198 1760 329 1802; x_wconf 76' lang='lat' dir='ltr'><strong>iatorum,</strong></span> <span class='ocrx_word' id='word_1_271' title='bbox 345 1774 462 1805; x_wconf 88' lang='lat' dir='ltr'><strong>uterque</strong></span> <span class='ocrx_word' id='word_1_272' title='bbox 477 1777 568 1796; x_wconf 83' lang='lat' dir='ltr'><strong>sermo</strong></span> <span class='ocrx_word' id='word_1_273' title='bbox 583 1771 733 1797; x_wconf 85' lang='lat' dir='ltr'><strong>secundum</strong></span> <span class='ocrx_word' id='word_1_274' title='bbox 765 1770 928 1797; x_wconf 77' lang='lat' dir='ltr'><strong>divisionem</strong></span> <span class='ocrx_word' id='word_1_275' title='bbox 941 1770 990 1797; x_wconf 89' lang='lat' dir='ltr'><strong>ad-</strong></span> 
     </span>
    </p>
   </div>
   <div class='ocr_carea' id='block_1_41' title="bbox 197 1814 990 1851">
    <p class='ocr_par' dir='ltr' id='par_1_41' title="bbox 197 1814 990 1851">
     <span class='ocr_line' id='line_1_41' title="bbox 197 1814 990 1851; baseline 0.001 -8"><span class='ocrx_word' id='word_1_276' title='bbox 197 1816 237 1844; x_wconf 83' lang='lat' dir='ltr'><strong>dit</strong></span> <span class='ocrx_word' id='word_1_277' title='bbox 249 1816 464 1851; x_wconf 60' lang='lat' dir='ltr'><strong>praecedentibus</strong></span> <span class='ocrx_word' id='word_1_278' title='bbox 489 1815 565 1847; x_wconf 79' lang='lat' dir='ltr'><strong>illud.</strong></span> <span class='ocrx_word' id='word_1_279' title='bbox 593 1814 891 1851; x_wconf 76' lang='lat' dir='ltr'><strong>Peccastt‘;propterea</strong></span> <span class='ocrx_word' id='word_1_280' title='bbox 924 1824 990 1844; x_wconf 77' lang='lat' dir='ltr'><strong>vero</strong></span> 
     </span>
    </p>
   </div>
   <div class='ocr_carea' id='block_1_42' title="bbox 195 1862 989 1897">
    <p class='ocr_par' dir='ltr' id='par_1_42' title="bbox 195 1862 989 1897">
     <span class='ocr_line' id='line_1_42' title="bbox 195 1862 989 1897; baseline 0.001 -8"><span class='ocrx_word' id='word_1_281' title='bbox 195 1863 244 1897; x_wconf 84' lang='lat' dir='ltr'><strong>qui</strong></span> <span class='ocrx_word' id='word_1_282' title='bbox 269 1870 321 1890; x_wconf 89' lang='lat' dir='ltr'><strong>non</strong></span> <span class='ocrx_word' id='word_1_283' title='bbox 343 1862 437 1890; x_wconf 85' lang='lat' dir='ltr'><strong>divisit</strong></span> <span class='ocrx_word' id='word_1_284' title='bbox 461 1867 543 1895; x_wconf 81' lang='lat' dir='ltr'><strong>recte,</strong></span> <span class='ocrx_word' id='word_1_285' title='bbox 558 1863 610 1890; x_wconf 86' lang='lat' dir='ltr'><strong>etsi</strong></span> <span class='ocrx_word' id='word_1_286' title='bbox 632 1868 705 1890; x_wconf 84' lang='lat' dir='ltr'><strong>recte</strong></span> <span class='ocrx_word' id='word_1_287' title='bbox 733 1863 850 1890; x_wconf 87' lang='lat' dir='ltr'><strong>credidit</strong></span> <span class='ocrx_word' id='word_1_288' title='bbox 879 1863 989 1897; x_wconf 75' lang='lat' dir='ltr'><strong>offerre,</strong></span> 
     </span>
    </p>
   </div>
   <div class='ocr_carea' id='block_1_43' title="bbox 198 1906 988 1944">
    <p class='ocr_par' dir='ltr' id='par_1_43' title="bbox 198 1906 988 1944">
     <span class='ocr_line' id='line_1_43' title="bbox 198 1906 988 1944; baseline 0.001 -9"><span class='ocrx_word' id='word_1_289' title='bbox 198 1909 377 1937; x_wconf 85' lang='lat' dir='ltr'><strong>nihilominus</strong></span> <span class='ocrx_word' id='word_1_290' title='bbox 402 1909 546 1944; x_wconf 86' lang='lat' dir='ltr'><strong>peccavit;</strong></span> <span class='ocrx_word' id='word_1_291' title='bbox 572 1909 637 1944; x_wconf 87' lang='lat' dir='ltr'><strong>quia</strong></span> <span class='ocrx_word' id='word_1_292' title='bbox 659 1916 714 1936; x_wconf 87' lang='lat' dir='ltr'><strong>non</strong></span> <span class='ocrx_word' id='word_1_293' title='bbox 728 1906 832 1944; x_wconf 65' lang='lat' dir='ltr'><strong>“magis</strong></span> <span class='ocrx_word' id='word_1_294' title='bbox 856 1914 930 1936; x_wconf 87' lang='lat' dir='ltr'><strong>recte</strong></span> <span class='ocrx_word' id='word_1_295' title='bbox 947 1908 988 1936; x_wconf 78' lang='lat' dir='ltr'><strong>fa-</strong></span> 
     </span>
    </p>
   </div>
   <div class='ocr_carea' id='block_1_44' title="bbox 197 1955 990 1990">
    <p class='ocr_par' dir='ltr' id='par_1_44' title="bbox 197 1955 990 1990">
     <span class='ocr_line' id='line_1_44' title="bbox 197 1955 990 1990; baseline 0 -8"><span class='ocrx_word' id='word_1_296' title='bbox 197 1960 272 1982; x_wconf 89' lang='lat' dir='ltr'><strong>ctum</strong></span> <span class='ocrx_word' id='word_1_297' title='bbox 295 1955 365 1982; x_wconf 88' lang='lat' dir='ltr'><strong>tollit</strong></span> <span class='ocrx_word' id='word_1_298' title='bbox 384 1955 457 1990; x_wconf 89' lang='lat' dir='ltr'><strong>quod</strong></span> <span class='ocrx_word' id='word_1_299' title='bbox 473 1955 613 1989; x_wconf 69' lang='lat' dir='ltr'><strong>pmcessit</strong></span> <span class='ocrx_word' id='word_1_300' title='bbox 633 1960 774 1990; x_wconf 79' lang='lat' dir='ltr'><strong>peceatum</strong></span> <span class='ocrx_word' id='word_1_301' title='bbox 792 1964 799 1988; x_wconf 84' lang='lat'><strong>;</strong></span> <span class='ocrx_word' id='word_1_302' title='bbox 817 1955 865 1982; x_wconf 88' lang='lat' dir='ltr'><strong>sed</strong></span> <span class='ocrx_word' id='word_1_303' title='bbox 893 1962 990 1990; x_wconf 89' lang='lat' dir='ltr'><strong>pecca-</strong></span> 
     </span>
    </p>
   </div>
   <div class='ocr_carea' id='block_1_45' title="bbox 199 2001 988 2037">
    <p class='ocr_par' dir='ltr' id='par_1_45' title="bbox 199 2001 988 2037">
     <span class='ocr_line' id='line_1_45' title="bbox 199 2001 988 2037; baseline -0.001 -9"><span class='ocrx_word' id='word_1_304' title='bbox 199 2006 256 2029; x_wconf 86' lang='lat' dir='ltr'><strong>tum</strong></span> <span class='ocrx_word' id='word_1_305' title='bbox 282 2002 420 2029; x_wconf 84' lang='lat' dir='ltr'><strong>transiens</strong></span> <span class='ocrx_word' id='word_1_306' title='bbox 431 2005 460 2028; x_wconf 89' lang='lat' dir='ltr'><strong>et</strong></span> <span class='ocrx_word' id='word_1_307' title='bbox 475 2003 509 2027; x_wconf 87' lang='lat' dir='ltr'><strong>ad</strong></span> <span class='ocrx_word' id='word_1_308' title='bbox 530 2001 581 2028; x_wconf 89' lang='lat' dir='ltr'><strong>sibi</strong></span> <span class='ocrx_word' id='word_1_309' title='bbox 594 2001 678 2028; x_wconf 87' lang='lat' dir='ltr'><strong>videri</strong></span> <span class='ocrx_word' id='word_1_310' title='bbox 694 2001 814 2037; x_wconf 72' lang='lat' dir='ltr'><strong>eﬂ&#39;ugere</strong></span> <span class='ocrx_word' id='word_1_311' title='bbox 835 2007 988 2036; x_wconf 82' lang='lat' dir='ltr'><strong>peccatum,</strong></span> 
     </span>
    </p>
   </div>
   <div class='ocr_carea' id='block_1_46' title="bbox 199 2046 990 2082">
    <p class='ocr_par' dir='ltr' id='par_1_46' title="bbox 199 2046 990 2082">
     <span class='ocr_line' id='line_1_46' title="bbox 199 2046 990 2082; baseline 0 -7"><span class='ocrx_word' id='word_1_312' title='bbox 199 2047 226 2075; x_wconf 93' lang='lat' dir='ltr'><strong>in</strong></span> <span class='ocrx_word' id='word_1_313' title='bbox 243 2047 366 2074; x_wconf 79' lang='lat' dir='ltr'><strong>rationis‘</strong></span> <span class='ocrx_word' id='word_1_314' title='bbox 377 2046 640 2073; x_wconf 75' lang='lat' dir='ltr'><strong>exactiortmusituul</strong></span> <span class='ocrx_word' id='word_1_315' title='bbox 651 2047 780 2073; x_wconf 87' lang='lat' dir='ltr'><strong>trahitur.</strong></span> <span class='ocrx_word' id='word_1_316' title='bbox 798 2047 903 2074; x_wconf 85' lang='lat' dir='ltr'><strong>Etenim</strong></span> <span class='ocrx_word' id='word_1_317' title='bbox 918 2055 990 2082; x_wconf 69' lang='lat' dir='ltr'><strong>saepe</strong></span> 
     </span>
    </p>
   </div>
   <div class='ocr_carea' id='block_1_47' title="bbox 197 2092 989 2126">
    <p class='ocr_par' dir='ltr' id='par_1_47' title="bbox 197 2092 989 2126">
     <span class='ocr_line' id='line_1_47' title="bbox 197 2092 989 2126; baseline 0 -6"><span class='ocrx_word' id='word_1_318' title='bbox 197 2101 261 2121; x_wconf 87' lang='lat' dir='ltr'><strong>cum</strong></span> <span class='ocrx_word' id='word_1_319' title='bbox 279 2093 381 2119; x_wconf 91' lang='lat' dir='ltr'><strong>bonum</strong></span> <span class='ocrx_word' id='word_1_320' title='bbox 403 2092 476 2119; x_wconf 85' lang='lat' dir='ltr'><strong>maio</strong></span> <span class='ocrx_word' id='word_1_321' title='bbox 499 2092 678 2126; x_wconf 69' lang='lat' dir='ltr'><strong>praehabitum</strong></span> <span class='ocrx_word' id='word_1_322' title='bbox 693 2097 719 2119; x_wconf 90' lang='lat' dir='ltr'><strong>et</strong></span> <span class='ocrx_word' id='word_1_323' title='bbox 735 2093 786 2120; x_wconf 88' lang='lat' dir='ltr'><strong>vile</strong></span> <span class='ocrx_word' id='word_1_324' title='bbox 811 2093 989 2126; x_wconf 89' lang='lat' dir='ltr'><strong>meliori,non</strong></span> 
     </span>
    </p>
   </div>
   <div class='ocr_carea' id='block_1_48' title="bbox 198 2137 989 2173">
    <p class='ocr_par' dir='ltr' id='par_1_48' title="bbox 198 2137 989 2173">
     <span class='ocr_line' id='line_1_48' title="bbox 198 2137 989 2173; baseline -0.001 -7"><span class='ocrx_word' id='word_1_325' title='bbox 198 2138 384 2166; x_wconf 83' lang='lat' dir='ltr'><strong>communicat</strong></span> <span class='ocrx_word' id='word_1_326' title='bbox 411 2137 499 2172; x_wconf 72' lang='lat' dir='ltr'><strong>magis</strong></span> <span class='ocrx_word' id='word_1_327' title='bbox 527 2137 643 2172; x_wconf 63' lang='lat' dir='ltr'><strong>propriae</strong></span> <span class='ocrx_word' id='word_1_328' title='bbox 671 2138 883 2172; x_wconf 86' lang='lat' dir='ltr'><strong>pulchritudinis</strong></span> <span class='ocrx_word' id='word_1_329' title='bbox 915 2138 989 2173; x_wconf 91' lang='lat' dir='ltr'><strong>quod</strong></span> 
     </span>
    </p>
   </div>
   <div class='ocr_carea' id='block_1_49' title="bbox 1036 214 1817 251">
    <p class='ocr_par' dir='ltr' id='par_1_49' title="bbox 1036 214 1817 251">
     <span class='ocr_line' id='line_1_49' title="bbox 1036 214 1817 251; baseline -0.001 -9"><span class='ocrx_word' id='word_1_330' title='bbox 1036 216 1156 251; x_wconf 77' lang='grc' dir='ltr'><strong>τρόπους</strong></span> <span class='ocrx_word' id='word_1_331' title='bbox 1187 216 1336 251; x_wconf 79' lang='grc' dir='ltr'><strong>σχημάτων</strong></span> <span class='ocrx_word' id='word_1_332' title='bbox 1361 214 1541 250; x_wconf 77' lang='grc' dir='ltr'><strong>ἀναδέχεσθαι</strong></span> <span class='ocrx_word' id='word_1_333' title='bbox 1564 215 1724 249; x_wconf 77' lang='grc' dir='ltr'>πεφυκότος.</span> <span class='ocrx_word' id='word_1_334' title='bbox 1746 215 1817 242; x_wconf 67' lang='grc' dir='ltr'>Ἀλλὰ</span> 
     </span>
    </p>
   </div>
   <div class='ocr_carea' id='block_1_50' title="bbox 1035 261 1817 298">
    <p class='ocr_par' dir='ltr' id='par_1_50' title="bbox 1035 261 1817 298">
     <span class='ocr_line' id='line_1_50' title="bbox 1035 261 1817 298; baseline -0.001 -8"><span class='ocrx_word' id='word_1_335' title='bbox 1035 263 1090 298; x_wconf 83' lang='grc' dir='ltr'><strong>γὰρ</strong></span> <span class='ocrx_word' id='word_1_336' title='bbox 1108 263 1156 290; x_wconf 75' lang='grc' dir='ltr'>καὶ</span> <span class='ocrx_word' id='word_1_337' title='bbox 1169 263 1201 290; x_wconf 81' lang='grc' dir='ltr'><strong>τό</strong></span> <span class='ocrx_word' id='word_1_338' title='bbox 1221 271 1227 276; x_wconf 90' lang='grc'><strong>·</strong></span> <span class='ocrx_word' id='word_1_339' title='bbox 1247 273 1256 288; x_wconf 81' lang='grc' dir='ltr'><strong>ι</strong></span> <span class='ocrx_word' id='word_1_340' title='bbox 1272 263 1345 298; x_wconf 80' lang='grc' dir='ltr'>Πρὸς</span> <span class='ocrx_word' id='word_1_341' title='bbox 1373 262 1403 288; x_wconf 82' lang='grc' dir='ltr'>σὲ</span> <span class='ocrx_word' id='word_1_342' title='bbox 1420 263 1436 297; x_wconf 88' lang='grc' dir='ltr'><strong>ή</strong></span> <span class='ocrx_word' id='word_1_343' title='bbox 1462 262 1622 297; x_wconf 80' lang='grc' dir='ltr'>ἀποστροφὴ</span> <span class='ocrx_word' id='word_1_344' title='bbox 1647 261 1738 293; x_wconf 71' lang='grc' dir='ltr'>αὑτοῦ,</span> <span class='ocrx_word' id='word_1_345' title='bbox 1756 272 1764 287; x_wconf 76' lang='lat' dir='ltr'><strong>i</strong></span> <span class='ocrx_word' id='word_1_346' title='bbox 1779 263 1817 289; x_wconf 69' lang='grc' dir='ltr'><strong>ἐπὶ</strong></span> 
     </span>
    </p>
   </div>
   <div class='ocr_carea' id='block_1_51' title="bbox 1035 308 1816 344">
    <p class='ocr_par' dir='ltr' id='par_1_51' title="bbox 1035 308 1816 344">
     <span class='ocr_line' id='line_1_51' title="bbox 1035 308 1816 344; baseline -0.001 -8"><span class='ocrx_word' id='word_1_347' title='bbox 1035 309 1172 344; x_wconf 88' lang='grc' dir='ltr'>διαφόρων</span> <span class='ocrx_word' id='word_1_348' title='bbox 1187 309 1359 344; x_wconf 75' lang='grc' dir='ltr'><strong>πραγμάτων</strong></span> <span class='ocrx_word' id='word_1_349' title='bbox 1367 308 1476 339; x_wconf 76' lang='grc' dir='ltr'>οἰκείως</span> <span class='ocrx_word' id='word_1_350' title='bbox 1486 308 1543 342; x_wconf 75' lang='grc' dir='ltr'>ἔχει</span> <span class='ocrx_word' id='word_1_351' title='bbox 1555 308 1816 343; x_wconf 76' lang='grc' dir='ltr'>παραλαμίάνεσθαι.</span> 
     </span>
    </p>
   </div>
   <div class='ocr_carea' id='block_1_52' title="bbox 1041 355 1818 391">
    <p class='ocr_par' dir='ltr' id='par_1_52' title="bbox 1041 355 1818 391">
     <span class='ocr_line' id='line_1_52' title="bbox 1041 355 1818 391; baseline -0.004 -8"><span class='ocrx_word' id='word_1_352' title='bbox 1041 356 1074 383; x_wconf 89' lang='lat' dir='ltr'><strong>&#39;H</strong></span> <span class='ocrx_word' id='word_1_353' title='bbox 1088 356 1138 391; x_wconf 78' lang='grc' dir='ltr'><strong>μὲν</strong></span> <span class='ocrx_word' id='word_1_354' title='bbox 1154 356 1201 382; x_wconf 77' lang='grc' dir='ltr'>οὖν</span> <span class='ocrx_word' id='word_1_355' title='bbox 1218 356 1290 382; x_wconf 84' lang='grc' dir='ltr'>κατὰ</span> <span class='ocrx_word' id='word_1_356' title='bbox 1306 355 1355 390; x_wconf 82' lang='grc' dir='ltr'>τὴν</span> <span class='ocrx_word' id='word_1_357' title='bbox 1373 355 1527 389; x_wconf 76' lang='grc' dir='ltr'>ἀνάγνωσιν</span> <span class='ocrx_word' id='word_1_358' title='bbox 1542 355 1661 389; x_wconf 75' lang='grc' dir='ltr'>διαφορὰ</span> <span class='ocrx_word' id='word_1_359' title='bbox 1683 355 1722 386; x_wconf 72' lang='grc' dir='ltr'>εἷς</span> <span class='ocrx_word' id='word_1_360' title='bbox 1738 363 1766 380; x_wconf 82' lang='grc' dir='ltr'><strong>τε</strong></span> <span class='ocrx_word' id='word_1_361' title='bbox 1779 356 1818 381; x_wconf 64' lang='grc' dir='ltr'><strong>τὸν</strong></span> 
     </span>
    </p>
   </div>
   <div class='ocr_carea' id='block_1_53' title="bbox 1035 400 1818 438">
    <p class='ocr_par' dir='ltr' id='par_1_53' title="bbox 1035 400 1818 438">
     <span class='ocr_line' id='line_1_53' title="bbox 1035 400 1818 438; baseline -0.003 -9"><span class='ocrx_word' id='word_1_362' title='bbox 1035 402 1246 438; x_wconf 74' lang='grc' dir='ltr'>ἑρωτηματικὸν</span> <span class='ocrx_word' id='word_1_363' title='bbox 1273 401 1359 428; x_wconf 80' lang='grc' dir='ltr'><strong>τύπον</strong></span> <span class='ocrx_word' id='word_1_364' title='bbox 1383 401 1430 427; x_wconf 79' lang='grc' dir='ltr'>καὶ</span> <span class='ocrx_word' id='word_1_365' title='bbox 1445 400 1633 435; x_wconf 77' lang='grc' dir='ltr'>ἀποφαντικδν</span> <span class='ocrx_word' id='word_1_366' title='bbox 1650 402 1818 436; x_wconf 76' lang='grc' dir='ltr'>καταμερίςει</span> 
     </span>
    </p>
   </div>
   <div class='ocr_carea' id='block_1_54' title="bbox 1035 445 1817 483">
    <p class='ocr_par' dir='ltr' id='par_1_54' title="bbox 1035 445 1817 483">
     <span class='ocr_line' id='line_1_54' title="bbox 1035 445 1817 483; baseline -0.001 -8"><span class='ocrx_word' id='word_1_367' title='bbox 1035 449 1065 475; x_wconf 86' lang='grc' dir='ltr'><strong>τὺ</strong></span> <span class='ocrx_word' id='word_1_368' title='bbox 1080 448 1188 483; x_wconf 86' lang='grc' dir='ltr'>λόγιον,</span> <span class='ocrx_word' id='word_1_369' title='bbox 1208 445 1265 475; x_wconf 79' lang='grc' dir='ltr'>οἷον</span> <span class='ocrx_word' id='word_1_370' title='bbox 1276 456 1283 464; x_wconf 88' lang='grc'>·</span> <span class='ocrx_word' id='word_1_371' title='bbox 1298 457 1307 473; x_wconf 82' lang='grc' dir='ltr'><strong>ι</strong></span> <span class='ocrx_word' id='word_1_372' title='bbox 1325 448 1392 483; x_wconf 77' lang='grc' dir='ltr'><strong>Οὐχὶ</strong></span> <span class='ocrx_word' id='word_1_373' title='bbox 1403 447 1436 474; x_wconf 75' lang='grc' dir='ltr'><strong>ἂν</strong></span> <span class='ocrx_word' id='word_1_374' title='bbox 1457 447 1546 483; x_wconf 81' lang='grc' dir='ltr'>ὀρθῶς</span> <span class='ocrx_word' id='word_1_375' title='bbox 1564 448 1613 482; x_wconf 81' lang='grc' dir='ltr'>μὲν</span> <span class='ocrx_word' id='word_1_376' title='bbox 1633 449 1817 483; x_wconf 67' lang='grc' dir='ltr'><strong>προσενέγκῃς,</strong></span> 
     </span>
    </p>
   </div>
   <div class='ocr_carea' id='block_1_55' title="bbox 1035 493 1819 531">
    <p class='ocr_par' dir='ltr' id='par_1_55' title="bbox 1035 493 1819 531">
     <span class='ocr_line' id='line_1_55' title="bbox 1035 493 1819 531; baseline -0.001 -10"><span class='ocrx_word' id='word_1_377' title='bbox 1035 494 1124 530; x_wconf 82' lang='grc' dir='ltr'>ὀρθῶς</span> <span class='ocrx_word' id='word_1_378' title='bbox 1141 494 1170 521; x_wconf 87' lang='grc' dir='ltr'>δὲ</span> <span class='ocrx_word' id='word_1_379' title='bbox 1189 495 1226 530; x_wconf 87' lang='grc' dir='ltr'>μὴ</span> <span class='ocrx_word' id='word_1_380' title='bbox 1247 494 1349 531; x_wconf 79' lang='grc' dir='ltr'>διέλῃς,</span> <span class='ocrx_word' id='word_1_381' title='bbox 1366 494 1411 520; x_wconf 81' lang='grc' dir='ltr'>καὶ</span> <span class='ocrx_word' id='word_1_382' title='bbox 1427 494 1468 520; x_wconf 79' lang='grc' dir='ltr'>σοὶ</span> <span class='ocrx_word' id='word_1_383' title='bbox 1479 493 1618 530; x_wconf 82' lang='grc' dir='ltr'>γνώριμόν</span> <span class='ocrx_word' id='word_1_384' title='bbox 1638 495 1696 520; x_wconf 77' lang='grc' dir='ltr'>ἐστι</span> <span class='ocrx_word' id='word_1_385' title='bbox 1713 495 1759 521; x_wconf 83' lang='grc' dir='ltr'>καὶ</span> <span class='ocrx_word' id='word_1_386' title='bbox 1776 495 1819 521; x_wconf 80' lang='grc' dir='ltr'><strong>ἀν-</strong></span> 
     </span>
    </p>
   </div>
   <div class='ocr_carea' id='block_1_56' title="bbox 1034 540 1819 576">
    <p class='ocr_par' dir='ltr' id='par_1_56' title="bbox 1034 540 1819 576">
     <span class='ocr_line' id='line_1_56' title="bbox 1034 540 1819 576; baseline -0.001 -9"><span class='ocrx_word' id='word_1_387' title='bbox 1034 540 1186 576; x_wconf 80' lang='grc' dir='ltr'>αμφίῦολον</span> <span class='ocrx_word' id='word_1_388' title='bbox 1208 541 1249 567; x_wconf 84' lang='grc' dir='ltr'>ὅτι</span> <span class='ocrx_word' id='word_1_389' title='bbox 1265 541 1386 576; x_wconf 68' lang='grc' dir='ltr'>ἥμαρτες</span> <span class='ocrx_word' id='word_1_390' title='bbox 1399 549 1406 573; x_wconf 89' lang='grc'>;</span> <span class='ocrx_word' id='word_1_391' title='bbox 1419 549 1429 566; x_wconf 68' lang='grc' dir='ltr'><strong>ι</strong></span> <span class='ocrx_word' id='word_1_392' title='bbox 1448 540 1495 566; x_wconf 72' lang='grc' dir='ltr'>καὶ</span> <span class='ocrx_word' id='word_1_393' title='bbox 1512 541 1561 566; x_wconf 84' lang='grc' dir='ltr'>ὃσα</span> <span class='ocrx_word' id='word_1_394' title='bbox 1578 540 1627 575; x_wconf 79' lang='grc' dir='ltr'>τὴν</span> <span class='ocrx_word' id='word_1_395' title='bbox 1639 540 1819 575; x_wconf 79' lang='grc' dir='ltr'>φιλάνθρωπον</span> 
     </span>
    </p>
   </div>
   <div class='ocr_carea' id='block_1_57' title="bbox 1036 585 1818 621">
    <p class='ocr_par' dir='ltr' id='par_1_57' title="bbox 1036 585 1818 621">
     <span class='ocr_line' id='line_1_57' title="bbox 1036 585 1818 621; baseline 0 -9"><span class='ocrx_word' id='word_1_396' title='bbox 1036 587 1133 621; x_wconf 80' lang='grc' dir='ltr'>σοφίαν</span> <span class='ocrx_word' id='word_1_397' title='bbox 1146 586 1195 612; x_wconf 82' lang='grc' dir='ltr'><strong>τοῦ</strong></span> <span class='ocrx_word' id='word_1_398' title='bbox 1209 585 1289 618; x_wconf 81' lang='grc' dir='ltr'>Θεοῦ,</span> <span class='ocrx_word' id='word_1_399' title='bbox 1306 585 1403 621; x_wconf 82' lang='grc' dir='ltr'>κριτὴν</span> <span class='ocrx_word' id='word_1_400' title='bbox 1419 585 1500 612; x_wconf 74' lang='grc' dir='ltr'>αὐτὸν</span> <span class='ocrx_word' id='word_1_401' title='bbox 1517 585 1623 617; x_wconf 81' lang='grc' dir='ltr'>καθίζει</span> <span class='ocrx_word' id='word_1_402' title='bbox 1643 585 1689 612; x_wconf 73' lang='grc' dir='ltr'><strong>τὸν</strong></span> <span class='ocrx_word' id='word_1_403' title='bbox 1703 586 1818 621; x_wconf 79' lang='grc' dir='ltr'>ἡμαρτη-</span> 
     </span>
    </p>
   </div>
   <div class='ocr_carea' id='block_1_58' title="bbox 1034 631 1820 666">
    <p class='ocr_par' dir='ltr' id='par_1_58' title="bbox 1034 631 1820 666">
     <span class='ocr_line' id='line_1_58' title="bbox 1034 631 1820 666; baseline 0 -8"><span class='ocrx_word' id='word_1_404' title='bbox 1034 633 1102 659; x_wconf 83' lang='grc' dir='ltr'>κότα</span> <span class='ocrx_word' id='word_1_405' title='bbox 1113 631 1161 658; x_wconf 80' lang='grc' dir='ltr'>τοῦ</span> <span class='ocrx_word' id='word_1_406' title='bbox 1177 632 1347 666; x_wconf 76' lang='grc' dir='ltr'><strong>ἀδικήματος</strong></span> <span class='ocrx_word' id='word_1_407' title='bbox 1358 652 1366 664; x_wconf 92' lang='grc'><strong>,</strong></span> <span class='ocrx_word' id='word_1_408' title='bbox 1394 632 1437 658; x_wconf 80' lang='grc' dir='ltr'><strong>ἴνα</strong></span> <span class='ocrx_word' id='word_1_409' title='bbox 1450 632 1513 663; x_wconf 72' lang='grc' dir='ltr'>τοὺς</span> <span class='ocrx_word' id='word_1_410' title='bbox 1536 631 1653 663; x_wconf 66' lang='grc' dir='ltr'>οἰκείους</span> <span class='ocrx_word' id='word_1_411' title='bbox 1684 631 1820 666; x_wconf 68' lang='grc' dir='ltr'>λογισμοὺς</span> 
     </span>
    </p>
   </div>
   <div class='ocr_carea' id='block_1_59' title="bbox 1035 677 1820 712">
    <p class='ocr_par' dir='ltr' id='par_1_59' title="bbox 1035 677 1820 712">
     <span class='ocr_line' id='line_1_59' title="bbox 1035 677 1820 712; baseline 0 -8"><span class='ocrx_word' id='word_1_412' title='bbox 1035 679 1139 709; x_wconf 72' lang='grc' dir='ltr'>ἐκεῖνος</span> <span class='ocrx_word' id='word_1_413' title='bbox 1153 677 1242 712; x_wconf 83' lang='grc' dir='ltr'>εὑρὼν</span> <span class='ocrx_word' id='word_1_414' title='bbox 1258 677 1391 712; x_wconf 81' lang='grc' dir='ltr'>φέροντας</span> <span class='ocrx_word' id='word_1_415' title='bbox 1402 677 1477 712; x_wconf 74' lang='grc' dir='ltr'>αὐτῷ</span> <span class='ocrx_word' id='word_1_416' title='bbox 1490 677 1540 712; x_wconf 81' lang='grc' dir='ltr'>τὴν</span> <span class='ocrx_word' id='word_1_417' title='bbox 1559 677 1744 711; x_wconf 70' lang='grc' dir='ltr'>κατάγνωσιν,</span> <span class='ocrx_word' id='word_1_418' title='bbox 1760 677 1820 712; x_wconf 76' lang='grc' dir='ltr'>μᾶλ-</span> 
     </span>
    </p>
   </div>
   <div class='ocr_carea' id='block_1_60' title="bbox 1034 722 1821 759">
    <p class='ocr_par' dir='ltr' id='par_1_60' title="bbox 1034 722 1821 759">
     <span class='ocr_line' id='line_1_60' title="bbox 1034 722 1821 759; baseline 0.001 -9"><span class='ocrx_word' id='word_1_419' title='bbox 1034 723 1085 750; x_wconf 87' lang='grc' dir='ltr'>λόν.</span> <span class='ocrx_word' id='word_1_420' title='bbox 1097 731 1127 750; x_wconf 80' lang='grc' dir='ltr'><strong>τε</strong></span> <span class='ocrx_word' id='word_1_421' title='bbox 1140 722 1208 758; x_wconf 79' lang='grc' dir='ltr'>πρὸς</span> <span class='ocrx_word' id='word_1_422' title='bbox 1225 724 1370 758; x_wconf 87' lang='grc' dir='ltr'>μετάνοιαν</span> <span class='ocrx_word' id='word_1_423' title='bbox 1384 723 1477 759; x_wconf 78' lang='grc' dir='ltr'>δράμῃ</span> <span class='ocrx_word' id='word_1_424' title='bbox 1491 724 1537 749; x_wconf 74' lang='grc' dir='ltr'>καὶ</span> <span class='ocrx_word' id='word_1_425' title='bbox 1553 724 1602 759; x_wconf 79' lang='grc' dir='ltr'>τὴν</span> <span class='ocrx_word' id='word_1_426' title='bbox 1619 723 1717 758; x_wconf 76' lang='grc' dir='ltr'>ἄφεσιν</span> <span class='ocrx_word' id='word_1_427' title='bbox 1735 723 1821 751; x_wconf 71' lang='grc' dir='ltr'>θᾶττον</span> 
     </span>
    </p>
   </div>
   <div class='ocr_carea' id='block_1_61' title="bbox 1035 769 1821 806">
    <p class='ocr_par' dir='ltr' id='par_1_61' title="bbox 1035 769 1821 806">
     <span class='ocr_line' id='line_1_61' title="bbox 1035 769 1821 806; baseline 0.001 -11"><span class='ocrx_word' id='word_1_428' title='bbox 1035 769 1283 804; x_wconf 83' lang='grc' dir='ltr'>συνεπισπάσηται.</span> <span class='ocrx_word' id='word_1_429' title='bbox 1310 769 1365 796; x_wconf 76' lang='grc' dir='ltr'><strong>Καὶ</strong></span> <span class='ocrx_word' id='word_1_430' title='bbox 1391 770 1408 804; x_wconf 77' lang='grc' dir='ltr'>ἡ</span> <span class='ocrx_word' id='word_1_431' title='bbox 1435 769 1582 804; x_wconf 84' lang='grc' dir='ltr'>ἀπόκρισις</span> <span class='ocrx_word' id='word_1_432' title='bbox 1608 769 1637 796; x_wconf 79' lang='grc' dir='ltr'>δὲ</span> <span class='ocrx_word' id='word_1_433' title='bbox 1658 770 1690 796; x_wconf 76' lang='grc' dir='ltr'><strong>τὸ</strong></span> <span class='ocrx_word' id='word_1_434' title='bbox 1710 771 1821 806; x_wconf 72' lang='grc' dir='ltr'>ἐναργῶς</span> 
     </span>
    </p>
   </div>
   <div class='ocr_carea' id='block_1_62' title="bbox 1035 815 1820 851">
    <p class='ocr_par' dir='ltr' id='par_1_62' title="bbox 1035 815 1820 851">
     <span class='ocr_line' id='line_1_62' title="bbox 1035 815 1820 851; baseline 0.001 -10"><span class='ocrx_word' id='word_1_435' title='bbox 1035 815 1249 850; x_wconf 84' lang='grc' dir='ltr'>προϐαλλομένη</span> <span class='ocrx_word' id='word_1_436' title='bbox 1263 815 1312 850; x_wconf 82' lang='grc' dir='ltr'>τῆς</span> <span class='ocrx_word' id='word_1_437' title='bbox 1328 815 1565 849; x_wconf 82' lang='grc' dir='ltr'>συγκαταθέσεως,</span> <span class='ocrx_word' id='word_1_438' title='bbox 1581 815 1658 842; x_wconf 74' lang='grc' dir='ltr'>οὐδὲν</span> <span class='ocrx_word' id='word_1_439' title='bbox 1671 816 1780 842; x_wconf 78' lang='grc' dir='ltr'>ἔλαττον</span> <span class='ocrx_word' id='word_1_440' title='bbox 1792 818 1820 851; x_wconf 79' lang='grc' dir='ltr'>τῇ</span> 
     </span>
    </p>
   </div>
   <div class='ocr_carea' id='block_1_63' title="bbox 1036 860 1821 896">
    <p class='ocr_par' dir='ltr' id='par_1_63' title="bbox 1036 860 1821 896">
     <span class='ocr_line' id='line_1_63' title="bbox 1036 860 1821 896; baseline 0.003 -10"><span class='ocrx_word' id='word_1_441' title='bbox 1036 862 1124 896; x_wconf 83' lang='grc' dir='ltr'>σιωπῇ</span> <span class='ocrx_word' id='word_1_442' title='bbox 1147 861 1178 887; x_wconf 79' lang='grc' dir='ltr'>τὸ</span> <span class='ocrx_word' id='word_1_443' title='bbox 1196 860 1322 896; x_wconf 86' lang='grc' dir='ltr'>βούλημα</span> <span class='ocrx_word' id='word_1_444' title='bbox 1344 861 1470 896; x_wconf 77' lang='grc' dir='ltr'>περαίνει</span> <span class='ocrx_word' id='word_1_445' title='bbox 1492 861 1541 888; x_wconf 82' lang='grc' dir='ltr'>τοῦ</span> <span class='ocrx_word' id='word_1_446' title='bbox 1564 862 1764 896; x_wconf 66' lang='grc' dir='ltr'>ἐρωτήσαντος,</span> <span class='ocrx_word' id='word_1_447' title='bbox 1782 863 1821 888; x_wconf 73' lang='grc' dir='ltr'>καὶ</span> 
     </span>
    </p>
   </div>
   <div class='ocr_carea' id='block_1_64' title="bbox 1037 906 1821 943">
    <p class='ocr_par' dir='ltr' id='par_1_64' title="bbox 1037 906 1821 943">
     <span class='ocr_line' id='line_1_64' title="bbox 1037 906 1821 943; baseline 0.001 -10"><span class='ocrx_word' id='word_1_448' title='bbox 1037 906 1087 941; x_wconf 81' lang='grc' dir='ltr'>τὴν</span> <span class='ocrx_word' id='word_1_449' title='bbox 1102 906 1240 941; x_wconf 73' lang='grc' dir='ltr'><strong>ἁμαρτίαν</strong></span> <span class='ocrx_word' id='word_1_450' title='bbox 1272 906 1455 941; x_wconf 76' lang='grc' dir='ltr'>ὁμολογοῦντα</span> <span class='ocrx_word' id='word_1_451' title='bbox 1482 907 1521 942; x_wconf 82' lang='grc' dir='ltr'>τῷ</span> <span class='ocrx_word' id='word_1_452' title='bbox 1546 907 1614 942; x_wconf 77' lang='grc' dir='ltr'>μηδὲ</span> <span class='ocrx_word' id='word_1_453' title='bbox 1637 908 1725 942; x_wconf 82' lang='grc' dir='ltr'>στόμα</span> <span class='ocrx_word' id='word_1_454' title='bbox 1740 908 1821 943; x_wconf 78' lang='grc' dir='ltr'>διᾶραι</span> 
     </span>
    </p>
   </div>
   <div class='ocr_carea' id='block_1_65' title="bbox 1036 952 1821 988">
    <p class='ocr_par' dir='ltr' id='par_1_65' title="bbox 1036 952 1821 988">
     <span class='ocr_line' id='line_1_65' title="bbox 1036 952 1821 988; baseline 0.001 -10"><span class='ocrx_word' id='word_1_455' title='bbox 1036 953 1084 979; x_wconf 76' lang='grc' dir='ltr'>καὶ</span> <span class='ocrx_word' id='word_1_456' title='bbox 1099 953 1191 986; x_wconf 81' lang='grc' dir='ltr'>φωνὴν</span> <span class='ocrx_word' id='word_1_457' title='bbox 1219 952 1328 986; x_wconf 78' lang='grc' dir='ltr'>ἀφεῖναι</span> <span class='ocrx_word' id='word_1_458' title='bbox 1353 952 1464 988; x_wconf 69' lang='grc' dir='ltr'>θαρρεῖν</span> <span class='ocrx_word' id='word_1_459' title='bbox 1482 953 1530 978; x_wconf 76' lang='grc' dir='ltr'>καὶ</span> <span class='ocrx_word' id='word_1_460' title='bbox 1551 953 1588 988; x_wconf 83' lang='grc' dir='ltr'>μὴ</span> <span class='ocrx_word' id='word_1_461' title='bbox 1611 953 1771 988; x_wconf 78' lang='grc' dir='ltr'>βουλόμενον</span> <span class='ocrx_word' id='word_1_462' title='bbox 1782 954 1821 979; x_wconf 60' lang='grc' dir='ltr'><strong>τὸν</strong></span> 
     </span>
    </p>
   </div>
   <div class='ocr_carea' id='block_1_66' title="bbox 1036 998 1821 1036">
    <p class='ocr_par' dir='ltr' id='par_1_66' title="bbox 1036 998 1821 1036">
     <span class='ocr_line' id='line_1_66' title="bbox 1036 998 1821 1036; baseline 0.004 -12"><span class='ocrx_word' id='word_1_463' title='bbox 1036 998 1217 1034; x_wconf 77' lang='grc' dir='ltr'>ἡμαρτηκότα</span> <span class='ocrx_word' id='word_1_464' title='bbox 1235 998 1416 1026; x_wconf 73' lang='grc' dir='ltr'>ἐπιδείκνυσι.</span> <span class='ocrx_word' id='word_1_465' title='bbox 1430 1000 1484 1025; x_wconf 83' lang='grc' dir='ltr'><strong>Καὶ</strong></span> <span class='ocrx_word' id='word_1_466' title='bbox 1497 1000 1551 1035; x_wconf 72' lang='grc' dir='ltr'><strong>γὰρ</strong></span> <span class='ocrx_word' id='word_1_467' title='bbox 1564 1000 1643 1026; x_wconf 78' lang='grc' dir='ltr'>εἴωθε</span> <span class='ocrx_word' id='word_1_468' title='bbox 1655 1001 1715 1032; x_wconf 84' lang='grc' dir='ltr'>ταῖς</span> <span class='ocrx_word' id='word_1_469' title='bbox 1730 1001 1821 1036; x_wconf 62' lang='grc' dir='ltr'>ἐρωτή-</span> 
     </span>
    </p>
   </div>
   <div class='ocr_carea' id='block_1_67' title="bbox 1036 1041 1819 1079">
    <p class='ocr_par' dir='ltr' id='par_1_67' title="bbox 1036 1041 1819 1079">
     <span class='ocr_line' id='line_1_67' title="bbox 1036 1041 1819 1079; baseline 0 -9"><span class='ocrx_word' id='word_1_470' title='bbox 1036 1052 1111 1070; x_wconf 86' lang='grc' dir='ltr'>σεσιν</span> <span class='ocrx_word' id='word_1_471' title='bbox 1136 1041 1180 1075; x_wconf 71' lang='grc' dir='ltr'>αἷς</span> <span class='ocrx_word' id='word_1_472' title='bbox 1195 1045 1211 1079; x_wconf 76' lang='grc' dir='ltr'>ἡ</span> <span class='ocrx_word' id='word_1_473' title='bbox 1229 1043 1357 1078; x_wconf 76' lang='grc' dir='ltr'>ὁμολογία</span> <span class='ocrx_word' id='word_1_474' title='bbox 1385 1044 1431 1070; x_wconf 82' lang='grc' dir='ltr'>καὶ</span> <span class='ocrx_word' id='word_1_475' title='bbox 1454 1044 1653 1077; x_wconf 75' lang='grc' dir='ltr'><strong>συγκατάθεσις</strong></span> <span class='ocrx_word' id='word_1_476' title='bbox 1677 1045 1733 1071; x_wconf 88' lang='grc' dir='ltr'><strong>τῶν</strong></span> <span class='ocrx_word' id='word_1_477' title='bbox 1757 1046 1819 1079; x_wconf 76' lang='grc' dir='ltr'>ἐρω-</span> 
     </span>
    </p>
   </div>
   <div class='ocr_carea' id='block_1_68' title="bbox 1036 1089 1820 1125">
    <p class='ocr_par' dir='ltr' id='par_1_68' title="bbox 1036 1089 1820 1125">
     <span class='ocr_line' id='line_1_68' title="bbox 1036 1089 1820 1125; baseline -0.001 -9"><span class='ocrx_word' id='word_1_478' title='bbox 1036 1090 1166 1124; x_wconf 88' lang='grc' dir='ltr'>τωμένων</span> <span class='ocrx_word' id='word_1_479' title='bbox 1180 1089 1339 1125; x_wconf 84' lang='grc' dir='ltr'>περιφανῶς</span> <span class='ocrx_word' id='word_1_480' title='bbox 1353 1099 1383 1116; x_wconf 87' lang='grc' dir='ltr'><strong>τε</strong></span> <span class='ocrx_word' id='word_1_481' title='bbox 1399 1091 1445 1116; x_wconf 80' lang='grc' dir='ltr'>καὶ</span> <span class='ocrx_word' id='word_1_482' title='bbox 1457 1091 1628 1122; x_wconf 79' lang='grc' dir='ltr'>ἁδιστάκτως</span> <span class='ocrx_word' id='word_1_483' title='bbox 1642 1091 1739 1118; x_wconf 73' lang='grc' dir='ltr'>ἕπεται</span> <span class='ocrx_word' id='word_1_484' title='bbox 1751 1091 1820 1117; x_wconf 74' lang='grc' dir='ltr'>οὐδὲν</span> 
     </span>
    </p>
   </div>
   <div class='ocr_carea' id='block_1_69' title="bbox 1037 1133 1822 1170">
    <p class='ocr_par' dir='ltr' id='par_1_69' title="bbox 1037 1133 1822 1170">
     <span class='ocr_line' id='line_1_69' title="bbox 1037 1133 1822 1170; baseline -0.003 -10"><span class='ocrx_word' id='word_1_485' title='bbox 1037 1134 1147 1160; x_wconf 78' lang='grc' dir='ltr'>ἔλαττον</span> <span class='ocrx_word' id='word_1_486' title='bbox 1161 1135 1176 1168; x_wconf 80' lang='grc' dir='ltr'>ἡ</span> <span class='ocrx_word' id='word_1_487' title='bbox 1195 1133 1385 1169; x_wconf 76' lang='grc' dir='ltr'>ἀποσιώπησις</span> <span class='ocrx_word' id='word_1_488' title='bbox 1401 1134 1500 1169; x_wconf 66' lang='grc' dir='ltr'>ἔχουσα</span> <span class='ocrx_word' id='word_1_489' title='bbox 1516 1134 1566 1170; x_wconf 79' lang='grc' dir='ltr'>τὴν</span> <span class='ocrx_word' id='word_1_490' title='bbox 1581 1135 1666 1169; x_wconf 80' lang='grc' dir='ltr'><strong>ἰσχὺν,</strong></span> <span class='ocrx_word' id='word_1_491' title='bbox 1687 1135 1754 1161; x_wconf 76' lang='grc' dir='ltr'>ἀλλὰ</span> <span class='ocrx_word' id='word_1_492' title='bbox 1762 1134 1822 1168; x_wconf 74' lang='grc' dir='ltr'>μᾶλ-</span> 
     </span>
    </p>
   </div>
   <div class='ocr_carea' id='block_1_70' title="bbox 1036 1179 1823 1214">
    <p class='ocr_par' dir='ltr' id='par_1_70' title="bbox 1036 1179 1823 1214">
     <span class='ocr_line' id='line_1_70' title="bbox 1036 1179 1823 1214; baseline 0 -8"><span class='ocrx_word' id='word_1_493' title='bbox 1036 1180 1082 1207; x_wconf 89' lang='grc' dir='ltr'><strong>λον</strong></span> <span class='ocrx_word' id='word_1_494' title='bbox 1091 1180 1140 1214; x_wconf 87' lang='grc' dir='ltr'>τῆς</span> <span class='ocrx_word' id='word_1_495' title='bbox 1152 1179 1378 1214; x_wconf 81' lang='grc' dir='ltr'>ἁπαγγελλούσης</span> <span class='ocrx_word' id='word_1_496' title='bbox 1391 1181 1482 1214; x_wconf 86' lang='grc' dir='ltr'>φωνῆς</span> <span class='ocrx_word' id='word_1_497' title='bbox 1495 1181 1544 1214; x_wconf 85' lang='grc' dir='ltr'>τὴν</span> <span class='ocrx_word' id='word_1_498' title='bbox 1557 1180 1766 1213; x_wconf 81' lang='grc' dir='ltr'>συγκατάθεσιν.</span> <span class='ocrx_word' id='word_1_499' title='bbox 1776 1180 1823 1206; x_wconf 74' lang='grc' dir='ltr'><strong>Καὶ</strong></span> 
     </span>
    </p>
   </div>
   <div class='ocr_carea' id='block_1_71' title="bbox 1036 1223 1823 1260">
    <p class='ocr_par' dir='ltr' id='par_1_71' title="bbox 1036 1223 1823 1260">
     <span class='ocr_line' id='line_1_71' title="bbox 1036 1223 1823 1260; baseline -0.003 -9"><span class='ocrx_word' id='word_1_500' title='bbox 1036 1225 1082 1251; x_wconf 79' lang='grc' dir='ltr'>τὸν</span> <span class='ocrx_word' id='word_1_501' title='bbox 1098 1225 1209 1260; x_wconf 76' lang='grc' dir='ltr'>ἔλεγχον</span> <span class='ocrx_word' id='word_1_502' title='bbox 1222 1225 1254 1251; x_wconf 85' lang='grc' dir='ltr'>ἃν</span> <span class='ocrx_word' id='word_1_503' title='bbox 1269 1225 1323 1260; x_wconf 75' lang='grc' dir='ltr'>ἄρα</span> <span class='ocrx_word' id='word_1_504' title='bbox 1333 1225 1412 1251; x_wconf 77' lang='grc' dir='ltr'>τοῦτο</span> <span class='ocrx_word' id='word_1_505' title='bbox 1427 1224 1553 1259; x_wconf 80' lang='grc' dir='ltr'>βούλεται</span> <span class='ocrx_word' id='word_1_506' title='bbox 1565 1227 1578 1251; x_wconf 85' lang='grc' dir='ltr'><strong>ὁ</strong></span> <span class='ocrx_word' id='word_1_507' title='bbox 1595 1225 1719 1258; x_wconf 77' lang='grc' dir='ltr'>ἐρωτῶν,</span> <span class='ocrx_word' id='word_1_508' title='bbox 1735 1223 1823 1258; x_wconf 58' lang='grc' dir='ltr'>δριμύ.</span> 
     </span>
    </p>
   </div>
   <div class='ocr_carea' id='block_1_72' title="bbox 1037 1268 1824 1306">
    <p class='ocr_par' dir='ltr' id='par_1_72' title="bbox 1037 1268 1824 1306">
     <span class='ocr_line' id='line_1_72' title="bbox 1037 1268 1824 1306; baseline -0.003 -8"><span class='ocrx_word' id='word_1_509' title='bbox 1037 1271 1115 1306; x_wconf 86' lang='grc' dir='ltr'>τερόν</span> <span class='ocrx_word' id='word_1_510' title='bbox 1125 1279 1154 1298; x_wconf 86' lang='grc' dir='ltr'><strong>τε</strong></span> <span class='ocrx_word' id='word_1_511' title='bbox 1171 1272 1244 1297; x_wconf 78' lang='grc' dir='ltr'>ποιεῖ</span> <span class='ocrx_word' id='word_1_512' title='bbox 1259 1271 1307 1297; x_wconf 70' lang='grc' dir='ltr'><strong>καὶ</strong></span> <span class='ocrx_word' id='word_1_513' title='bbox 1334 1271 1576 1305; x_wconf 77' lang='grc' dir='ltr'>έπικρατὲστερον.</span> <span class='ocrx_word' id='word_1_514' title='bbox 1606 1271 1704 1305; x_wconf 78' lang='grc' dir='ltr'>Σχῆμα</span> <span class='ocrx_word' id='word_1_515' title='bbox 1727 1270 1774 1305; x_wconf 77' lang='grc' dir='ltr'>μὲν</span> <span class='ocrx_word' id='word_1_516' title='bbox 1783 1268 1824 1296; x_wconf 74' lang='grc' dir='ltr'>οὖν</span> 
     </span>
    </p>
   </div>
   <div class='ocr_carea' id='block_1_73' title="bbox 1038 1315 1824 1351">
    <p class='ocr_par' dir='ltr' id='par_1_73' title="bbox 1038 1315 1824 1351">
     <span class='ocr_line' id='line_1_73' title="bbox 1038 1315 1824 1351; baseline -0.004 -9"><span class='ocrx_word' id='word_1_517' title='bbox 1038 1316 1200 1351; x_wconf 76' lang='grc' dir='ltr'>ἐρωτήσεως</span> <span class='ocrx_word' id='word_1_518' title='bbox 1223 1316 1419 1350; x_wconf 77' lang='grc' dir='ltr'>ἀναδεχόμενος</span> <span class='ocrx_word' id='word_1_519' title='bbox 1441 1316 1455 1341; x_wconf 86' lang='grc' dir='ltr'><strong>ό</strong></span> <span class='ocrx_word' id='word_1_520' title='bbox 1482 1315 1562 1348; x_wconf 88' lang='grc' dir='ltr'>λόγος</span> <span class='ocrx_word' id='word_1_521' title='bbox 1580 1315 1631 1350; x_wconf 80' lang='grc' dir='ltr'>τὴν</span> <span class='ocrx_word' id='word_1_522' title='bbox 1646 1315 1824 1350; x_wconf 69' lang='grc' dir='ltr'>προκειμένην</span> 
     </span>
    </p>
   </div>
   <div class='ocr_carea' id='block_1_74' title="bbox 1038 1360 1826 1396">
    <p class='ocr_par' dir='ltr' id='par_1_74' title="bbox 1038 1360 1826 1396">
     <span class='ocr_line' id='line_1_74' title="bbox 1038 1360 1826 1396; baseline -0.003 -8"><span class='ocrx_word' id='word_1_523' title='bbox 1038 1361 1205 1395; x_wconf 79' lang='grc' dir='ltr'>ἀπαγγέλλει</span> <span class='ocrx_word' id='word_1_524' title='bbox 1228 1361 1348 1388; x_wconf 84' lang='grc' dir='ltr'>διάνοιαν</span> <span class='ocrx_word' id='word_1_525' title='bbox 1358 1369 1366 1378; x_wconf 88' lang='grc'><strong>·</strong></span> <span class='ocrx_word' id='word_1_526' title='bbox 1379 1370 1419 1396; x_wconf 85' lang='grc' dir='ltr'><strong>τῳ</strong></span> <span class='ocrx_word' id='word_1_527' title='bbox 1434 1360 1614 1395; x_wconf 84' lang='grc' dir='ltr'>ἀποφαντικῷ</span> <span class='ocrx_word' id='word_1_528' title='bbox 1635 1361 1663 1387; x_wconf 82' lang='grc' dir='ltr'>δὲ</span> <span class='ocrx_word' id='word_1_529' title='bbox 1685 1360 1753 1387; x_wconf 77' lang='grc' dir='ltr'>εἴδει</span> <span class='ocrx_word' id='word_1_530' title='bbox 1766 1368 1826 1395; x_wconf 82' lang='grc' dir='ltr'>μορ-</span> 
     </span>
    </p>
   </div>
   <div class='ocr_carea' id='block_1_75' title="bbox 1038 1405 1826 1442">
    <p class='ocr_par' dir='ltr' id='par_1_75' title="bbox 1038 1405 1826 1442">
     <span class='ocr_line' id='line_1_75' title="bbox 1038 1405 1826 1442; baseline -0.001 -10"><span class='ocrx_word' id='word_1_531' title='bbox 1038 1407 1172 1441; x_wconf 77' lang='grc' dir='ltr'>φούμενος</span> <span class='ocrx_word' id='word_1_532' title='bbox 1188 1407 1237 1442; x_wconf 72' lang='grc' dir='ltr'><strong>οὐχ</strong></span> <span class='ocrx_word' id='word_1_533' title='bbox 1249 1407 1289 1432; x_wconf 64' lang='grc' dir='ltr'>έν).</span> <span class='ocrx_word' id='word_1_534' title='bbox 1305 1407 1351 1433; x_wconf 77' lang='grc' dir='ltr'>καὶ</span> <span class='ocrx_word' id='word_1_535' title='bbox 1366 1406 1406 1442; x_wconf 79' lang='grc' dir='ltr'>τῷ</span> <span class='ocrx_word' id='word_1_536' title='bbox 1417 1406 1492 1441; x_wconf 88' lang='grc' dir='ltr'><strong>αὺτῷ</strong></span> <span class='ocrx_word' id='word_1_537' title='bbox 1499 1405 1655 1442; x_wconf 77' lang='grc' dir='ltr'>χαρακτῆρι</span> <span class='ocrx_word' id='word_1_538' title='bbox 1674 1406 1725 1440; x_wconf 80' lang='grc' dir='ltr'>τῆς</span> <span class='ocrx_word' id='word_1_539' title='bbox 1743 1406 1826 1440; x_wconf 82' lang='grc' dir='ltr'>φωνῆς</span> 
     </span>
    </p>
   </div>
   <div class='ocr_carea' id='block_1_76' title="bbox 1039 1450 1826 1487">
    <p class='ocr_par' dir='ltr' id='par_1_76' title="bbox 1039 1450 1826 1487">
     <span class='ocr_line' id='line_1_76' title="bbox 1039 1450 1826 1487; baseline -0.004 -8"><span class='ocrx_word' id='word_1_540' title='bbox 1039 1453 1257 1487; x_wconf 76' lang='grc' dir='ltr'>ἀπαγγέλλεται·</span> <span class='ocrx_word' id='word_1_541' title='bbox 1289 1453 1404 1487; x_wconf 81' lang='grc' dir='ltr'>ἐπείπερ</span> <span class='ocrx_word' id='word_1_542' title='bbox 1434 1453 1482 1479; x_wconf 82' lang='grc' dir='ltr'>καὶ</span> <span class='ocrx_word' id='word_1_543' title='bbox 1495 1452 1633 1487; x_wconf 80' lang='grc' dir='ltr'>διαφόροις</span> <span class='ocrx_word' id='word_1_544' title='bbox 1654 1451 1766 1486; x_wconf 84' lang='grc' dir='ltr'>τρόποις</span> <span class='ocrx_word' id='word_1_545' title='bbox 1782 1450 1826 1484; x_wconf 83' lang='grc' dir='ltr'>τῆς</span> 
     </span>
    </p>
   </div>
   <div class='ocr_carea' id='block_1_77' title="bbox 1040 1496 1825 1534">
    <p class='ocr_par' dir='ltr' id='par_1_77' title="bbox 1040 1496 1825 1534">
     <span class='ocr_line' id='line_1_77' title="bbox 1040 1496 1825 1534; baseline -0.004 -9"><span class='ocrx_word' id='word_1_546' title='bbox 1040 1499 1190 1531; x_wconf 75' lang='grc' dir='ltr'>συνθέσεως</span> <span class='ocrx_word' id='word_1_547' title='bbox 1214 1499 1247 1525; x_wconf 86' lang='grc' dir='ltr'><strong>δι’</strong></span> <span class='ocrx_word' id='word_1_548' title='bbox 1272 1496 1306 1534; x_wconf 79' lang='grc' dir='ltr'>ἧς</span> <span class='ocrx_word' id='word_1_549' title='bbox 1332 1500 1359 1525; x_wconf 77' lang='grc' dir='ltr'>αἱ</span> <span class='ocrx_word' id='word_1_550' title='bbox 1383 1498 1469 1531; x_wconf 76' lang='grc' dir='ltr'>λέξεις</span> <span class='ocrx_word' id='word_1_551' title='bbox 1500 1497 1629 1532; x_wconf 82' lang='grc' dir='ltr'>ἀλλήλαις</span> <span class='ocrx_word' id='word_1_552' title='bbox 1656 1497 1825 1532; x_wconf 74' lang='grc' dir='ltr'>ἁρμόζονται,</span> 
     </span>
    </p>
   </div>
   <div class='ocr_carea' id='block_1_78' title="bbox 1040 1543 1827 1580">
    <p class='ocr_par' dir='ltr' id='par_1_78' title="bbox 1040 1543 1827 1580">
     <span class='ocr_line' id='line_1_78' title="bbox 1040 1543 1827 1580; baseline -0.004 -8"><span class='ocrx_word' id='word_1_553' title='bbox 1040 1545 1126 1572; x_wconf 73' lang='grc' dir='ltr'>ἐθέλει</span> <span class='ocrx_word' id='word_1_554' title='bbox 1146 1545 1325 1580; x_wconf 73' lang='grc' dir='ltr'>προάγεσθαι.</span> <span class='ocrx_word' id='word_1_555' title='bbox 1338 1545 1373 1572; x_wconf 85' lang='grc' dir='ltr'><strong>Ἦ</strong></span> <span class='ocrx_word' id='word_1_556' title='bbox 1384 1545 1439 1580; x_wconf 78' lang='grc' dir='ltr'><strong>γὰρ</strong></span> <span class='ocrx_word' id='word_1_557' title='bbox 1453 1546 1467 1571; x_wconf 87' lang='grc' dir='ltr'><strong>ὸ</strong></span> <span class='ocrx_word' id='word_1_558' title='bbox 1483 1544 1699 1579; x_wconf 78' lang='grc' dir='ltr'>ἀποφαινόμενος</span> <span class='ocrx_word' id='word_1_559' title='bbox 1716 1543 1827 1577; x_wconf 69' lang='grc' dir='ltr'>ἀποφαί-</span> 
     </span>
    </p>
   </div>
   <div class='ocr_carea' id='block_1_79' title="bbox 1039 1587 1828 1625">
    <p class='ocr_par' dir='ltr' id='par_1_79' title="bbox 1039 1587 1828 1625">
     <span class='ocr_line' id='line_1_79' title="bbox 1039 1587 1828 1625; baseline -0.004 -8"><span class='ocrx_word' id='word_1_560' title='bbox 1039 1599 1125 1623; x_wconf 81' lang='grc' dir='ltr'>νεται,</span> <span class='ocrx_word' id='word_1_561' title='bbox 1140 1590 1178 1622; x_wconf 83' lang='grc' dir='ltr'>ὡς</span> <span class='ocrx_word' id='word_1_562' title='bbox 1193 1591 1244 1617; x_wconf 77' lang='grc' dir='ltr'>οὐκ</span> <span class='ocrx_word' id='word_1_563' title='bbox 1268 1590 1301 1617; x_wconf 78' lang='grc' dir='ltr'>ἂν</span> <span class='ocrx_word' id='word_1_564' title='bbox 1325 1590 1413 1625; x_wconf 79' lang='grc' dir='ltr'>ὀρθῶς</span> <span class='ocrx_word' id='word_1_565' title='bbox 1436 1589 1634 1625; x_wconf 79' lang='grc' dir='ltr'>προσενέγκῃς,</span> <span class='ocrx_word' id='word_1_566' title='bbox 1652 1588 1741 1623; x_wconf 77' lang='grc' dir='ltr'>ὀρθῶς</span> <span class='ocrx_word' id='word_1_567' title='bbox 1754 1588 1781 1614; x_wconf 75' lang='grc' dir='ltr'>δὲ</span> <span class='ocrx_word' id='word_1_568' title='bbox 1795 1587 1828 1622; x_wconf 83' lang='grc' dir='ltr'>μὴ</span> 
     </span>
    </p>
   </div>
   <div class='ocr_carea' id='block_1_80' title="bbox 1039 1630 1829 1670">
    <p class='ocr_par' dir='ltr' id='par_1_80' title="bbox 1039 1630 1829 1670">
     <span class='ocr_line' id='line_1_80' title="bbox 1039 1630 1829 1670; baseline -0.009 -8"><span class='ocrx_word' id='word_1_569' title='bbox 1039 1635 1142 1670; x_wconf 82' lang='grc' dir='ltr'>διέλῃς·</span> <span class='ocrx_word' id='word_1_570' title='bbox 1158 1632 1214 1661; x_wconf 78' lang='grc' dir='ltr'>οἷον</span> <span class='ocrx_word' id='word_1_571' title='bbox 1234 1636 1274 1661; x_wconf 85' lang='grc' dir='ltr'>ὃτι</span> <span class='ocrx_word' id='word_1_572' title='bbox 1297 1634 1347 1660; x_wconf 85' lang='grc' dir='ltr'>οὐκ</span> <span class='ocrx_word' id='word_1_573' title='bbox 1363 1634 1452 1668; x_wconf 82' lang='grc' dir='ltr'>ὀρθῶς</span> <span class='ocrx_word' id='word_1_574' title='bbox 1479 1634 1672 1667; x_wconf 78' lang='grc' dir='ltr'>προσήνεγκας</span> <span class='ocrx_word' id='word_1_575' title='bbox 1700 1633 1742 1658; x_wconf 81' lang='grc' dir='ltr'>ὃτι</span> <span class='ocrx_word' id='word_1_576' title='bbox 1768 1630 1829 1665; x_wconf 73' lang='grc' dir='ltr'>μηδὲ</span> 
     </span>
    </p>
   </div>
   <div class='ocr_carea' id='block_1_81' title="bbox 1039 1676 1828 1716">
    <p class='ocr_par' dir='ltr' id='par_1_81' title="bbox 1039 1676 1828 1716">
     <span class='ocr_line' id='line_1_81' title="bbox 1039 1676 1828 1716; baseline -0.006 -8"><span class='ocrx_word' id='word_1_577' title='bbox 1039 1681 1136 1712; x_wconf 85' lang='grc' dir='ltr'>διεῖλες</span> <span class='ocrx_word' id='word_1_578' title='bbox 1149 1680 1253 1716; x_wconf 74' lang='grc' dir='ltr'>ὀρθῶς·</span> <span class='ocrx_word' id='word_1_579' title='bbox 1268 1679 1284 1714; x_wconf 88' lang='grc' dir='ltr'>ἢ</span> <span class='ocrx_word' id='word_1_580' title='bbox 1301 1680 1342 1705; x_wconf 73' lang='grc' dir='ltr'>ὅτι</span> <span class='ocrx_word' id='word_1_581' title='bbox 1366 1679 1427 1705; x_wconf 74' lang='grc' dir='ltr'>ἐπεὶ</span> <span class='ocrx_word' id='word_1_582' title='bbox 1440 1679 1477 1713; x_wconf 87' lang='grc' dir='ltr'>μὴ</span> <span class='ocrx_word' id='word_1_583' title='bbox 1492 1679 1588 1710; x_wconf 82' lang='grc' dir='ltr'>διεῐλις</span> <span class='ocrx_word' id='word_1_584' title='bbox 1603 1677 1704 1713; x_wconf 82' lang='grc' dir='ltr'>ὀρθῶς,</span> <span class='ocrx_word' id='word_1_585' title='bbox 1723 1676 1774 1704; x_wconf 78' lang='grc' dir='ltr'>κᾶν</span> <span class='ocrx_word' id='word_1_586' title='bbox 1786 1676 1828 1709; x_wconf 74' lang='grc' dir='ltr'><strong>ὀρ-</strong></span> 
     </span>
    </p>
   </div>
   <div class='ocr_carea' id='block_1_82' title="bbox 1040 1721 1827 1760">
    <p class='ocr_par' dir='ltr' id='par_1_82' title="bbox 1040 1721 1827 1760">
     <span class='ocr_line' id='line_1_82' title="bbox 1040 1721 1827 1760; baseline -0.006 -8"><span class='ocrx_word' id='word_1_587' title='bbox 1040 1726 1093 1756; x_wconf 87' lang='grc' dir='ltr'><strong>θῶς</strong></span> <span class='ocrx_word' id='word_1_588' title='bbox 1109 1726 1303 1760; x_wconf 78' lang='grc' dir='ltr'>προσενεγκεῖν</span> <span class='ocrx_word' id='word_1_589' title='bbox 1317 1723 1422 1755; x_wconf 73' lang='grc' dir='ltr'>ἔδοξας,</span> <span class='ocrx_word' id='word_1_590' title='bbox 1438 1724 1564 1759; x_wconf 78' lang='grc' dir='ltr'>ἥμαρτες</span> <span class='ocrx_word' id='word_1_591' title='bbox 1574 1731 1581 1738; x_wconf 95' lang='grc'><strong>·</strong></span> <span class='ocrx_word' id='word_1_592' title='bbox 1600 1723 1649 1758; x_wconf 83' lang='grc' dir='ltr'>τὴν</span> <span class='ocrx_word' id='word_1_593' title='bbox 1663 1723 1721 1758; x_wconf 74' lang='grc' dir='ltr'>γὰρ</span> <span class='ocrx_word' id='word_1_594' title='bbox 1735 1721 1781 1747; x_wconf 84' lang='grc' dir='ltr'>τοῦ</span> <span class='ocrx_word' id='word_1_595' title='bbox 1794 1721 1827 1755; x_wconf 82' lang='grc' dir='ltr'>μὴ</span> 
     </span>
    </p>
   </div>
   <div class='ocr_carea' id='block_1_83' title="bbox 1039 1766 1827 1806">
    <p class='ocr_par' dir='ltr' id='par_1_83' title="bbox 1039 1766 1827 1806">
     <span class='ocr_line' id='line_1_83' title="bbox 1039 1766 1827 1806; baseline -0.006 -9"><span class='ocrx_word' id='word_1_596' title='bbox 1039 1771 1136 1798; x_wconf 81' lang='grc' dir='ltr'>διελεῖν</span> <span class='ocrx_word' id='word_1_597' title='bbox 1166 1769 1322 1806; x_wconf 82' lang='grc' dir='ltr'>ἁμαρτίαν,</span> <span class='ocrx_word' id='word_1_598' title='bbox 1352 1769 1383 1795; x_wconf 79' lang='grc' dir='ltr'>τὸ</span> <span class='ocrx_word' id='word_1_599' title='bbox 1410 1769 1460 1802; x_wconf 83' lang='grc' dir='ltr'>τῆς</span> <span class='ocrx_word' id='word_1_600' title='bbox 1487 1767 1672 1804; x_wconf 64' lang='grc' dir='ltr'>προσετέξξως</span> <span class='ocrx_word' id='word_1_601' title='bbox 1698 1767 1777 1803; x_wconf 69' lang='grc' dir='ltr'>ὀρθὸν</span> <span class='ocrx_word' id='word_1_602' title='bbox 1801 1766 1827 1791; x_wconf 69' lang='grc' dir='ltr'>οὐ</span> 
     </span>
    </p>
   </div>
   <div class='ocr_carea' id='block_1_84' title="bbox 1039 1812 1829 1852">
    <p class='ocr_par' dir='ltr' id='par_1_84' title="bbox 1039 1812 1829 1852">
     <span class='ocr_line' id='line_1_84' title="bbox 1039 1812 1829 1852; baseline -0.008 -9"><span class='ocrx_word' id='word_1_603' title='bbox 1039 1816 1223 1852; x_wconf 85' lang='grc' dir='ltr'>διωρθώσατο.</span> <span class='ocrx_word' id='word_1_604' title='bbox 1239 1816 1275 1841; x_wconf 77' lang='grc' dir='ltr'><strong>Τὸ</strong></span> <span class='ocrx_word' id='word_1_605' title='bbox 1296 1815 1346 1850; x_wconf 74' lang='grc' dir='ltr'>μὲν</span> <span class='ocrx_word' id='word_1_606' title='bbox 1363 1813 1421 1848; x_wconf 79' lang='grc' dir='ltr'>οὖν,</span> <span class='ocrx_word' id='word_1_607' title='bbox 1433 1815 1588 1848; x_wconf 79' lang='grc' dir='ltr'>Ἦμαρτες,</span> <span class='ocrx_word' id='word_1_608' title='bbox 1601 1815 1618 1848; x_wconf 78' lang='grc' dir='ltr'><strong>ἡ</strong></span> <span class='ocrx_word' id='word_1_609' title='bbox 1635 1814 1685 1849; x_wconf 80' lang='grc' dir='ltr'>μὲν</span> <span class='ocrx_word' id='word_1_610' title='bbox 1702 1812 1829 1848; x_wconf 74' lang='grc' dir='ltr'>ἐρώτησις</span> 
     </span>
    </p>
   </div>
   <div class='ocr_carea' id='block_1_85' title="bbox 1039 1859 1829 1896">
    <p class='ocr_par' dir='ltr' id='par_1_85' title="bbox 1039 1859 1829 1896">
     <span class='ocr_line' id='line_1_85' title="bbox 1039 1859 1829 1896; baseline -0.006 -7"><span class='ocrx_word' id='word_1_611' title='bbox 1039 1864 1110 1890; x_wconf 81' lang='grc' dir='ltr'>κατὰ</span> <span class='ocrx_word' id='word_1_612' title='bbox 1122 1863 1266 1889; x_wconf 77' lang='grc' dir='ltr'>συνέτιειάν</span> <span class='ocrx_word' id='word_1_613' title='bbox 1291 1870 1321 1888; x_wconf 87' lang='grc' dir='ltr'><strong>τε</strong></span> <span class='ocrx_word' id='word_1_614' title='bbox 1345 1861 1393 1888; x_wconf 75' lang='grc' dir='ltr'>καὶ</span> <span class='ocrx_word' id='word_1_615' title='bbox 1422 1862 1565 1896; x_wconf 82' lang='grc' dir='ltr'>συνέχειαν</span> <span class='ocrx_word' id='word_1_616' title='bbox 1594 1860 1763 1893; x_wconf 80' lang='grc' dir='ltr'>ἀπαγγέλλει</span> <span class='ocrx_word' id='word_1_617' title='bbox 1779 1859 1829 1885; x_wconf 82' lang='grc' dir='ltr'><strong>τῶν</strong></span> 
     </span>
    </p>
   </div>
   <div class='ocr_carea' id='block_1_86' title="bbox 1040 1905 1829 1944">
    <p class='ocr_par' dir='ltr' id='par_1_86' title="bbox 1040 1905 1829 1944">
     <span class='ocr_line' id='line_1_86' title="bbox 1040 1905 1829 1944; baseline -0.005 -10"><span class='ocrx_word' id='word_1_618' title='bbox 1040 1908 1269 1944; x_wconf 79' lang='grc' dir='ltr'>προτεταγμένων</span> <span class='ocrx_word' id='word_1_619' title='bbox 1279 1907 1393 1940; x_wconf 83' lang='grc' dir='ltr'>λέξεων·</span> <span class='ocrx_word' id='word_1_620' title='bbox 1405 1907 1460 1934; x_wconf 84' lang='grc' dir='ltr'><strong>τῶν</strong></span> <span class='ocrx_word' id='word_1_621' title='bbox 1479 1907 1508 1933; x_wconf 78' lang='grc' dir='ltr'>δὲ</span> <span class='ocrx_word' id='word_1_622' title='bbox 1531 1907 1602 1932; x_wconf 71' lang='grc' dir='ltr'>κατὰ</span> <span class='ocrx_word' id='word_1_623' title='bbox 1614 1905 1753 1940; x_wconf 73' lang='grc' dir='ltr'>ἀπόφασιν</span> <span class='ocrx_word' id='word_1_624' title='bbox 1768 1911 1829 1939; x_wconf 77' lang='grc' dir='ltr'>προ-</span> 
     </span>
    </p>
   </div>
   <div class='ocr_carea' id='block_1_87' title="bbox 1040 1951 1828 1990">
    <p class='ocr_par' dir='ltr' id='par_1_87' title="bbox 1040 1951 1828 1990">
     <span class='ocr_line' id='line_1_87' title="bbox 1040 1951 1828 1990; baseline -0.006 -9"><span class='ocrx_word' id='word_1_625' title='bbox 1040 1954 1238 1990; x_wconf 86' lang='grc' dir='ltr'>ενηνεγμένων,</span> <span class='ocrx_word' id='word_1_626' title='bbox 1254 1954 1382 1988; x_wconf 78' lang='grc' dir='ltr'>ἑκάτερος</span> <span class='ocrx_word' id='word_1_627' title='bbox 1401 1953 1480 1987; x_wconf 84' lang='grc' dir='ltr'>λόγος</span> <span class='ocrx_word' id='word_1_628' title='bbox 1507 1952 1578 1979; x_wconf 71' lang='grc' dir='ltr'>κατὰ</span> <span class='ocrx_word' id='word_1_629' title='bbox 1600 1952 1745 1987; x_wconf 75' lang='grc' dir='ltr'>διαστολὴν</span> <span class='ocrx_word' id='word_1_630' title='bbox 1773 1951 1828 1977; x_wconf 65' lang='grc' dir='ltr'>ἐπει</span> 
     </span>
    </p>
   </div>
   <div class='ocr_carea' id='block_1_88' title="bbox 1040 1995 1828 2036">
    <p class='ocr_par' dir='ltr' id='par_1_88' title="bbox 1040 1995 1828 2036">
     <span class='ocr_line' id='line_1_88' title="bbox 1040 1995 1828 2036; baseline -0.006 -9"><span class='ocrx_word' id='word_1_631' title='bbox 1040 2001 1119 2036; x_wconf 80' lang='grc' dir='ltr'>φέρει</span> <span class='ocrx_word' id='word_1_632' title='bbox 1144 2002 1201 2031; x_wconf 86' lang='grc' dir='ltr'>τοῖς</span> <span class='ocrx_word' id='word_1_633' title='bbox 1228 1999 1395 2035; x_wconf 78' lang='grc' dir='ltr'>προλαϐοῦσι</span> <span class='ocrx_word' id='word_1_634' title='bbox 1408 1999 1453 2032; x_wconf 71' lang='grc' dir='ltr'><strong>τὸ,</strong></span> <span class='ocrx_word' id='word_1_635' title='bbox 1473 2000 1597 2034; x_wconf 74' lang='grc' dir='ltr'>ἥμαρτες</span> <span class='ocrx_word' id='word_1_636' title='bbox 1607 2006 1614 2013; x_wconf 80' lang='grc'><strong><em>⁸</em></strong></span> <span class='ocrx_word' id='word_1_637' title='bbox 1632 1998 1675 2024; x_wconf 79' lang='grc' dir='ltr'><strong>διά</strong></span> <span class='ocrx_word' id='word_1_638' title='bbox 1691 1998 1771 2024; x_wconf 72' lang='grc' dir='ltr'>τοῦτο</span> <span class='ocrx_word' id='word_1_639' title='bbox 1782 1995 1828 2023; x_wconf 74' lang='grc' dir='ltr'>δὲΰ</span> 
     </span>
    </p>
   </div>
   <div class='ocr_carea' id='block_1_89' title="bbox 1042 2044 1826 2082">
    <p class='ocr_par' dir='ltr' id='par_1_89' title="bbox 1042 2044 1826 2082">
     <span class='ocr_line' id='line_1_89' title="bbox 1042 2044 1826 2082; baseline -0.005 -9"><span class='ocrx_word' id='word_1_640' title='bbox 1042 2049 1079 2082; x_wconf 80' lang='grc' dir='ltr'>μὴ</span> <span class='ocrx_word' id='word_1_641' title='bbox 1096 2046 1191 2073; x_wconf 84' lang='grc' dir='ltr'>διελὼν</span> <span class='ocrx_word' id='word_1_642' title='bbox 1204 2046 1310 2081; x_wconf 77' lang='grc' dir='ltr'>ὀρθῶς,</span> <span class='ocrx_word' id='word_1_643' title='bbox 1332 2046 1384 2072; x_wconf 83' lang='grc' dir='ltr'><strong>κᾶν</strong></span> <span class='ocrx_word' id='word_1_644' title='bbox 1411 2045 1499 2081; x_wconf 78' lang='grc' dir='ltr'>ὀρθῶς</span> <span class='ocrx_word' id='word_1_645' title='bbox 1525 2045 1597 2077; x_wconf 74' lang='grc' dir='ltr'>ἔδοξε</span> <span class='ocrx_word' id='word_1_646' title='bbox 1628 2044 1826 2079; x_wconf 63' lang='grc' dir='ltr'>προσενεγκεῖν.</span> 
     </span>
    </p>
   </div>
   <div class='ocr_carea' id='block_1_90' title="bbox 1039 2090 1828 2126">
    <p class='ocr_par' dir='ltr' id='par_1_90' title="bbox 1039 2090 1828 2126">
     <span class='ocr_line' id='line_1_90' title="bbox 1039 2090 1828 2126; baseline -0.004 -8"><span class='ocrx_word' id='word_1_647' title='bbox 1039 2091 1115 2118; x_wconf 82' lang='grc' dir='ltr'>οὐδὲν</span> <span class='ocrx_word' id='word_1_648' title='bbox 1139 2091 1249 2118; x_wconf 70' lang='grc' dir='ltr'>ἔλαττον</span> <span class='ocrx_word' id='word_1_649' title='bbox 1265 2091 1393 2126; x_wconf 80' lang='grc' dir='ltr'>Ἦμαρτε</span> <span class='ocrx_word' id='word_1_650' title='bbox 1406 2098 1412 2105; x_wconf 89' lang='grc'>·</span> <span class='ocrx_word' id='word_1_651' title='bbox 1431 2091 1500 2117; x_wconf 87' lang='grc' dir='ltr'>διότι</span> <span class='ocrx_word' id='word_1_652' title='bbox 1519 2091 1550 2116; x_wconf 74' lang='grc' dir='ltr'>οὗ</span> <span class='ocrx_word' id='word_1_653' title='bbox 1575 2090 1675 2125; x_wconf 80' lang='grc' dir='ltr'>μᾶλλον</span> <span class='ocrx_word' id='word_1_654' title='bbox 1688 2090 1719 2116; x_wconf 81' lang='grc' dir='ltr'><strong>τὺ</strong></span> <span class='ocrx_word' id='word_1_655' title='bbox 1734 2097 1828 2123; x_wconf 80' lang='grc' dir='ltr'>κατορ-</span> 
     </span>
    </p>
   </div>
   <div class='ocr_carea' id='block_1_91' title="bbox 1039 2135 1828 2173">
    <p class='ocr_par' dir='ltr' id='par_1_91' title="bbox 1039 2135 1828 2173">
     <span class='ocr_line' id='line_1_91' title="bbox 1039 2135 1828 2173; baseline -0.004 -8"><span class='ocrx_word' id='word_1_656' title='bbox 1039 2138 1125 2165; x_wconf 87' lang='grc' dir='ltr'>θωθὲν</span> <span class='ocrx_word' id='word_1_657' title='bbox 1145 2138 1303 2173; x_wconf 81' lang='grc' dir='ltr'>ἀφαιρεῖται</span> <span class='ocrx_word' id='word_1_658' title='bbox 1328 2138 1358 2164; x_wconf 81' lang='grc' dir='ltr'>τὸ</span> <span class='ocrx_word' id='word_1_659' title='bbox 1383 2137 1490 2172; x_wconf 77' lang='grc' dir='ltr'>φθάσαν</span> <span class='ocrx_word' id='word_1_660' title='bbox 1511 2137 1665 2172; x_wconf 84' lang='grc' dir='ltr'>ἁμάρτημα</span> <span class='ocrx_word' id='word_1_661' title='bbox 1680 2144 1687 2151; x_wconf 91' lang='grc'><strong>·</strong></span> <span class='ocrx_word' id='word_1_662' title='bbox 1719 2136 1785 2163; x_wconf 77' lang='grc' dir='ltr'>ἀλλὰ</span> <span class='ocrx_word' id='word_1_663' title='bbox 1802 2135 1828 2160; x_wconf 71' lang='grc' dir='ltr'><strong>τὺ</strong></span> 
     </span>
    </p>
   </div>
   <div class='ocr_carea' id='block_1_92' title="bbox 197 2180 939 2223">
    <p class='ocr_par' dir='ltr' id='par_1_92' title="bbox 197 2180 939 2218">
     <span class='ocr_line' id='line_1_92' title="bbox 197 2180 939 2218; baseline 0.001 -10"><span class='ocrx_word' id='word_1_664' title='bbox 197 2181 298 2208; x_wconf 88' lang='lat' dir='ltr'><strong>melius</strong></span> <span class='ocrx_word' id='word_1_665' title='bbox 311 2185 354 2208; x_wconf 84' lang='lat' dir='ltr'><strong>est</strong></span> <span class='ocrx_word' id='word_1_666' title='bbox 368 2180 466 2216; x_wconf 87' lang='lat' dir='ltr'><strong>pejori,</strong></span> <span class='ocrx_word' id='word_1_667' title='bbox 482 2181 528 2208; x_wconf 84' lang='lat' dir='ltr'><strong>sed</strong></span> <span class='ocrx_word' id='word_1_668' title='bbox 542 2181 624 2209; x_wconf 86' lang='lat' dir='ltr'><strong>simul</strong></span> <span class='ocrx_word' id='word_1_669' title='bbox 642 2182 785 2210; x_wconf 87' lang='lat' dir='ltr'><strong>vilescitin</strong></span> <span class='ocrx_word' id='word_1_670' title='bbox 802 2187 888 2210; x_wconf 88' lang='lat' dir='ltr'><strong>totum</strong></span> <span class='ocrx_word' id='word_1_671' title='bbox 913 2191 939 2218; x_wconf 76' lang='grc' dir='ltr'><strong>ν(</strong></span> 
     </span>
    </p>
   </div>
   <div class='ocr_carea' id='block_1_93' title="bbox 1085 2180 1827 2223">
    <p class='ocr_par' dir='ltr' id='par_1_93' title="bbox 1086 2182 1827 2219">
     <span class='ocr_line' id='line_1_93' title="bbox 1086 2182 1827 2219; baseline -0.005 -9"><span class='ocrx_word' id='word_1_672' title='bbox 1086 2183 1226 2219; x_wconf 84' lang='grc' dir='ltr'>μαρτηθὲν</span> <span class='ocrx_word' id='word_1_673' title='bbox 1249 2184 1387 2210; x_wconf 79' lang='grc' dir='ltr'>διαϐαῖνον</span> <span class='ocrx_word' id='word_1_674' title='bbox 1411 2185 1457 2209; x_wconf 80' lang='grc' dir='ltr'>καὶ</span> <span class='ocrx_word' id='word_1_675' title='bbox 1473 2184 1541 2218; x_wconf 82' lang='grc' dir='ltr'>πρὸς</span> <span class='ocrx_word' id='word_1_676' title='bbox 1556 2183 1587 2209; x_wconf 82' lang='grc' dir='ltr'>τὸ</span> <span class='ocrx_word' id='word_1_677' title='bbox 1605 2182 1685 2214; x_wconf 66' lang='grc' dir='ltr'>δ’ἑξαν</span> <span class='ocrx_word' id='word_1_678' title='bbox 1703 2182 1827 2216; x_wconf 65' lang='grc' dir='ltr'>ἐκφυγεῖν</span> 
     </span>
    </p>
   </div>
   <div class='ocr_carea' id='block_1_94' title="bbox 198 2226 987 2264">
    <p class='ocr_par' dir='ltr' id='par_1_94' title="bbox 198 2226 987 2264">
     <span class='ocr_line' id='line_1_94' title="bbox 198 2226 987 2264; baseline 0.003 -10"><span class='ocrx_word' id='word_1_679' title='bbox 198 2228 236 2256; x_wconf 76' lang='lat' dir='ltr'><strong>ris</strong></span> <span class='ocrx_word' id='word_1_680' title='bbox 268 2227 382 2255; x_wconf 88' lang='lat' dir='ltr'><strong>vilitate.</strong></span> <span class='ocrx_word' id='word_1_681' title='bbox 402 2226 436 2254; x_wconf 81' lang='lat' dir='ltr'><strong>Et</strong></span> <span class='ocrx_word' id='word_1_682' title='bbox 459 2227 579 2255; x_wconf 80' lang='lat' dir='ltr'><strong>ninndus</strong></span> <span class='ocrx_word' id='word_1_683' title='bbox 603 2233 716 2263; x_wconf 76' lang='lat' dir='ltr'><strong>tangens</strong></span> <span class='ocrx_word' id='word_1_684' title='bbox 731 2229 902 2256; x_wconf 89' lang='lat' dir='ltr'><strong>immundum</strong></span> <span class='ocrx_word' id='word_1_685' title='bbox 916 2229 987 2264; x_wconf 89' lang='lat' dir='ltr'><strong>apud</strong></span> 
     </span>
    </p>
   </div>
   <div class='ocr_carea' id='block_1_95' title="bbox 197 2273 986 2310">
    <p class='ocr_par' dir='ltr' id='par_1_95' title="bbox 197 2273 986 2310">
     <span class='ocr_line' id='line_1_95' title="bbox 197 2273 986 2310; baseline 0.003 -10"><span class='ocrx_word' id='word_1_686' title='bbox 197 2280 260 2300; x_wconf 85' lang='lat' dir='ltr'><strong>eum</strong></span> <span class='ocrx_word' id='word_1_687' title='bbox 276 2273 322 2308; x_wconf 87' lang='lat' dir='ltr'><strong>qui</strong></span> <span class='ocrx_word' id='word_1_688' title='bbox 333 2273 465 2301; x_wconf 87' lang='lat' dir='ltr'><strong>divinitus</strong></span> <span class='ocrx_word' id='word_1_689' title='bbox 475 2273 599 2302; x_wconf 88' lang='lat' dir='ltr'><strong>eruditus</strong></span> <span class='ocrx_word' id='word_1_690' title='bbox 616 2279 658 2302; x_wconf 87' lang='lat' dir='ltr'><strong>est</strong></span> <span class='ocrx_word' id='word_1_691' title='bbox 671 2275 766 2302; x_wconf 90' lang='lat' dir='ltr'><strong>mundi</strong></span> <span class='ocrx_word' id='word_1_692' title='bbox 782 2275 986 2310; x_wconf 77' lang='lat' dir='ltr'><strong>generationem</strong></span> 
     </span>
    </p>
   </div>
   <div class='ocr_carea' id='block_1_96' title="bbox 197 2319 986 2356">
    <p class='ocr_par' dir='ltr' id='par_1_96' title="bbox 197 2319 986 2356">
     <span class='ocr_line' id='line_1_96' title="bbox 197 2319 986 2356; baseline 0.003 -10"><span class='ocrx_word' id='word_1_693' title='bbox 197 2319 383 2347; x_wconf 75' lang='lat' dir='ltr'><strong>communicat</strong></span> <span class='ocrx_word' id='word_1_694' title='bbox 393 2324 468 2347; x_wconf 83' lang='lat' dir='ltr'><strong>certe</strong></span> <span class='ocrx_word' id='word_1_695' title='bbox 480 2320 624 2354; x_wconf 82' lang='lat' dir='ltr'><strong>puritatem</strong></span> <span class='ocrx_word' id='word_1_696' title='bbox 636 2320 706 2356; x_wconf 87' lang='lat' dir='ltr'><strong>apud</strong></span> <span class='ocrx_word' id='word_1_697' title='bbox 713 2329 794 2356; x_wconf 90' lang='lat' dir='ltr'><strong>quem</strong></span> <span class='ocrx_word' id='word_1_698' title='bbox 804 2326 832 2348; x_wconf 89' lang='lat' dir='ltr'><strong>et</strong></span> <span class='ocrx_word' id='word_1_699' title='bbox 841 2321 986 2356; x_wconf 82' lang='lat' dir='ltr'><strong>profanum</strong></span> 
     </span>
    </p>
   </div>
   <div class='ocr_carea' id='block_1_97' title="bbox 199 2361 986 2400">
    <p class='ocr_par' dir='ltr' id='par_1_97' title="bbox 199 2361 986 2400">
     <span class='ocr_line' id='line_1_97' title="bbox 199 2361 986 2400; baseline 0.006 -12"><span class='ocrx_word' id='word_1_700' title='bbox 199 2361 286 2396; x_wconf 74' lang='lat' dir='ltr'><strong>magis</strong></span> <span class='ocrx_word' id='word_1_701' title='bbox 314 2367 412 2389; x_wconf 87' lang='lat' dir='ltr'><strong>sancto</strong></span> <span class='ocrx_word' id='word_1_702' title='bbox 437 2367 570 2390; x_wconf 88' lang='lat' dir='ltr'><strong>attactum</strong></span> <span class='ocrx_word' id='word_1_703' title='bbox 599 2364 633 2391; x_wconf 89' lang='lat' dir='ltr'><strong>ad</strong></span> <span class='ocrx_word' id='word_1_704' title='bbox 653 2365 871 2400; x_wconf 82' lang='lat' dir='ltr'><strong>profanationem</strong></span> <span class='ocrx_word' id='word_1_705' title='bbox 904 2365 986 2393; x_wconf 86' lang='lat' dir='ltr'><strong>simul</strong></span> 
     </span>
    </p>
   </div>
   <div class='ocr_carea' id='block_1_98' title="bbox 198 2407 986 2445">
    <p class='ocr_par' dir='ltr' id='par_1_98' title="bbox 198 2407 986 2445">
     <span class='ocr_line' id='line_1_98' title="bbox 198 2407 986 2445; baseline 0.009 -12"><span class='ocrx_word' id='word_1_706' title='bbox 198 2407 316 2434; x_wconf 79' lang='lat' dir='ltr'><strong>trahitur</strong></span> <span class='ocrx_word' id='word_1_707' title='bbox 332 2415 415 2442; x_wconf 88' lang='lat' dir='ltr'><strong>quam</strong></span> <span class='ocrx_word' id='word_1_708' title='bbox 448 2409 539 2436; x_wconf 86' lang='lat' dir='ltr'><strong>sancti</strong></span> <span class='ocrx_word' id='word_1_709' title='bbox 557 2411 700 2445; x_wconf 84' lang='lat' dir='ltr'><strong>participat</strong></span> <span class='ocrx_word' id='word_1_710' title='bbox 724 2413 874 2439; x_wconf 87' lang='lat' dir='ltr'><strong>sanctitati.</strong></span> <span class='ocrx_word' id='word_1_711' title='bbox 894 2413 934 2439; x_wconf 84' lang='lat' dir='ltr'><strong>Ac</strong></span> <span class='ocrx_word' id='word_1_712' title='bbox 944 2412 986 2440; x_wconf 89' lang='lat' dir='ltr'><strong>sic</strong></span> 
     </span>
    </p>
   </div>
   <div class='ocr_carea' id='block_1_99' title="bbox 197 2452 985 2490">
    <p class='ocr_par' dir='ltr' id='par_1_99' title="bbox 197 2452 985 2490">
     <span class='ocr_line' id='line_1_99' title="bbox 197 2452 985 2490; baseline 0.008 -11"><span class='ocrx_word' id='word_1_713' title='bbox 197 2452 348 2480; x_wconf 85' lang='lat' dir='ltr'><strong>discretum</strong></span> <span class='ocrx_word' id='word_1_714' title='bbox 367 2453 438 2481; x_wconf 90' lang='lat' dir='ltr'><strong>foret</strong></span> <span class='ocrx_word' id='word_1_715' title='bbox 464 2455 530 2482; x_wconf 88' lang='lat' dir='ltr'><strong>illud</strong></span> <span class='ocrx_word' id='word_1_716' title='bbox 549 2463 556 2482; x_wconf 66' lang='grc' dir='ltr'>ε</span> <span class='ocrx_word' id='word_1_717' title='bbox 573 2465 583 2482; x_wconf 80' lang='grc' dir='ltr'><strong>ι</strong></span> <span class='ocrx_word' id='word_1_718' title='bbox 597 2456 694 2484; x_wconf 81' lang='lat' dir='ltr'><strong>Nonne</strong></span> <span class='ocrx_word' id='word_1_719' title='bbox 707 2457 730 2484; x_wconf 81' lang='lat' dir='ltr'><strong>si</strong></span> <span class='ocrx_word' id='word_1_720' title='bbox 749 2462 822 2484; x_wconf 88' lang='lat' dir='ltr'><strong>recte</strong></span> <span class='ocrx_word' id='word_1_721' title='bbox 833 2457 985 2490; x_wconf 88' lang='lat' dir='ltr'><strong>obtuleris,</strong></span> 
     </span>
    </p>
   </div>
   <div class='ocr_carea' id='block_1_100' title="bbox 197 2500 749 2537">
    <p class='ocr_par' dir='ltr' id='par_1_100' title="bbox 197 2500 749 2537">
     <span class='ocr_line' id='line_1_100' title="bbox 197 2500 749 2537; baseline 0.007 -11"><span class='ocrx_word' id='word_1_722' title='bbox 197 2503 271 2526; x_wconf 81' lang='lat' dir='ltr'><strong>recte</strong></span> <span class='ocrx_word' id='word_1_723' title='bbox 294 2507 359 2526; x_wconf 86' lang='lat' dir='ltr'><strong>vero</strong></span> <span class='ocrx_word' id='word_1_724' title='bbox 386 2508 439 2528; x_wconf 93' lang='lat' dir='ltr'><strong>non</strong></span> <span class='ocrx_word' id='word_1_725' title='bbox 452 2500 588 2532; x_wconf 81' lang='lat' dir='ltr'><strong>diviseris.</strong></span> <span class='ocrx_word' id='word_1_726' title='bbox 609 2503 749 2537; x_wconf 78' lang='lat' dir='ltr'><strong>peccasti?</strong></span> 
     </span>
    </p>
   </div>
   <div class='ocr_carea' id='block_1_101' title="bbox 1039 2227 1829 2265">
    <p class='ocr_par' dir='ltr' id='par_1_101' title="bbox 1039 2227 1829 2265">
     <span class='ocr_line' id='line_1_101' title="bbox 1039 2227 1829 2265; baseline -0.004 -9"><span class='ocrx_word' id='word_1_727' title='bbox 1039 2230 1088 2265; x_wconf 88' lang='grc' dir='ltr'><strong>τὴν</strong></span> <span class='ocrx_word' id='word_1_728' title='bbox 1099 2229 1248 2265; x_wconf 77' lang='grc' dir='ltr'>ἁμαρτίαν,</span> <span class='ocrx_word' id='word_1_729' title='bbox 1263 2230 1302 2262; x_wconf 76' lang='grc' dir='ltr'>εἰς</span> <span class='ocrx_word' id='word_1_730' title='bbox 1326 2230 1356 2256; x_wconf 74' lang='grc' dir='ltr'>τὸ</span> <span class='ocrx_word' id='word_1_731' title='bbox 1380 2230 1530 2256; x_wconf 81' lang='grc' dir='ltr'>ὑπεύθυνον</span> <span class='ocrx_word' id='word_1_732' title='bbox 1552 2229 1757 2263; x_wconf 81' lang='grc' dir='ltr'>συνεφέλκεται,</span> <span class='ocrx_word' id='word_1_733' title='bbox 1779 2227 1829 2254; x_wconf 75' lang='grc' dir='ltr'><strong>Καὶ</strong></span> 
     </span>
    </p>
   </div>
   <div class='ocr_carea' id='block_1_102' title="bbox 1039 2273 1828 2312">
    <p class='ocr_par' dir='ltr' id='par_1_102' title="bbox 1039 2273 1828 2312">
     <span class='ocr_line' id='line_1_102' title="bbox 1039 2273 1828 2312; baseline -0.004 -11"><span class='ocrx_word' id='word_1_734' title='bbox 1039 2276 1095 2311; x_wconf 82' lang='grc' dir='ltr'>γὰρ</span> <span class='ocrx_word' id='word_1_735' title='bbox 1108 2275 1239 2307; x_wconf 82' lang='grc' dir='ltr'>πολλάκις</span> <span class='ocrx_word' id='word_1_736' title='bbox 1250 2275 1352 2310; x_wconf 72' lang='grc' dir='ltr'>ἀγαθὸν</span> <span class='ocrx_word' id='word_1_737' title='bbox 1371 2276 1457 2303; x_wconf 83' lang='grc' dir='ltr'>κακοῦ</span> <span class='ocrx_word' id='word_1_738' title='bbox 1481 2275 1688 2312; x_wconf 77' lang='grc' dir='ltr'>προηγούμενον</span> <span class='ocrx_word' id='word_1_739' title='bbox 1704 2275 1750 2301; x_wconf 74' lang='grc' dir='ltr'><strong>καὶ</strong></span> <span class='ocrx_word' id='word_1_740' title='bbox 1763 2273 1828 2308; x_wconf 75' lang='grc' dir='ltr'>φαῦ-</span> 
     </span>
    </p>
   </div>
   <div class='ocr_carea' id='block_1_103' title="bbox 1039 2319 1828 2357">
    <p class='ocr_par' dir='ltr' id='par_1_103' title="bbox 1039 2319 1828 2357">
     <span class='ocr_line' id='line_1_103' title="bbox 1039 2319 1828 2357; baseline -0.003 -10"><span class='ocrx_word' id='word_1_741' title='bbox 1039 2321 1084 2347; x_wconf 89' lang='grc' dir='ltr'><strong>λον</strong></span> <span class='ocrx_word' id='word_1_742' title='bbox 1115 2321 1267 2355; x_wconf 78' lang='grc' dir='ltr'>ἀμείνονος.</span> <span class='ocrx_word' id='word_1_743' title='bbox 1288 2321 1318 2348; x_wconf 82' lang='grc' dir='ltr'>οὐ</span> <span class='ocrx_word' id='word_1_744' title='bbox 1343 2321 1502 2357; x_wconf 74' lang='grc' dir='ltr'>μεταδίδωσι</span> <span class='ocrx_word' id='word_1_745' title='bbox 1524 2321 1625 2355; x_wconf 86' lang='grc' dir='ltr'>μᾶλλον</span> <span class='ocrx_word' id='word_1_746' title='bbox 1653 2321 1704 2355; x_wconf 85' lang='grc' dir='ltr'>τῆς</span> <span class='ocrx_word' id='word_1_747' title='bbox 1729 2319 1828 2349; x_wconf 75' lang='grc' dir='ltr'>οἰκείας</span> 
     </span>
    </p>
   </div>
   <div class='ocr_carea' id='block_1_104' title="bbox 1039 2363 1827 2401">
    <p class='ocr_par' dir='ltr' id='par_1_104' title="bbox 1039 2363 1827 2401">
     <span class='ocr_line' id='line_1_104' title="bbox 1039 2363 1827 2401; baseline -0.005 -9"><span class='ocrx_word' id='word_1_748' title='bbox 1039 2364 1174 2400; x_wconf 82' lang='grc' dir='ltr'>καλλονῆς</span> <span class='ocrx_word' id='word_1_749' title='bbox 1187 2366 1216 2392; x_wconf 85' lang='grc' dir='ltr'>τὸ</span> <span class='ocrx_word' id='word_1_750' title='bbox 1231 2367 1353 2401; x_wconf 80' lang='grc' dir='ltr'>κρεῖττον</span> <span class='ocrx_word' id='word_1_751' title='bbox 1381 2366 1420 2400; x_wconf 84' lang='grc' dir='ltr'><strong>τῷ</strong></span> <span class='ocrx_word' id='word_1_752' title='bbox 1439 2366 1551 2400; x_wconf 80' lang='grc' dir='ltr'>χείρονι,</span> <span class='ocrx_word' id='word_1_753' title='bbox 1563 2365 1631 2392; x_wconf 63' lang='grc' dir='ltr'>ἀλλά</span> <span class='ocrx_word' id='word_1_754' title='bbox 1652 2363 1827 2399; x_wconf 77' lang='grc' dir='ltr'>συνεκφαυλί-</span> 
     </span>
    </p>
   </div>
   <div class='ocr_carea' id='block_1_105' title="bbox 1040 2408 1829 2447">
    <p class='ocr_par' dir='ltr' id='par_1_105' title="bbox 1040 2408 1829 2447">
     <span class='ocr_line' id='line_1_105' title="bbox 1040 2408 1829 2447; baseline -0.003 -10"><span class='ocrx_word' id='word_1_755' title='bbox 1040 2411 1116 2443; x_wconf 79' lang='grc' dir='ltr'>ζεται</span> <span class='ocrx_word' id='word_1_756' title='bbox 1128 2411 1166 2443; x_wconf 87' lang='grc' dir='ltr'><strong>ὡς</strong></span> <span class='ocrx_word' id='word_1_757' title='bbox 1181 2411 1285 2438; x_wconf 81' lang='grc' dir='ltr'>ὲπίπαν</span> <span class='ocrx_word' id='word_1_758' title='bbox 1301 2413 1335 2447; x_wconf 81' lang='grc' dir='ltr'>τῇ</span> <span class='ocrx_word' id='word_1_759' title='bbox 1359 2411 1407 2438; x_wconf 85' lang='grc' dir='ltr'>τοῦ</span> <span class='ocrx_word' id='word_1_760' title='bbox 1435 2411 1557 2446; x_wconf 82' lang='grc' dir='ltr'>χείρονος</span> <span class='ocrx_word' id='word_1_761' title='bbox 1572 2410 1733 2445; x_wconf 79' lang='grc' dir='ltr'>φαυλότητι.</span> <span class='ocrx_word' id='word_1_762' title='bbox 1749 2409 1803 2436; x_wconf 81' lang='grc' dir='ltr'><strong>Καὶ</strong></span> <span class='ocrx_word' id='word_1_763' title='bbox 1815 2408 1829 2433; x_wconf 87' lang='grc' dir='ltr'><strong>ὀ</strong></span> 
     </span>
    </p>
   </div>
   <div class='ocr_carea' id='block_1_106' title="bbox 1039 2454 1828 2492">
    <p class='ocr_par' dir='ltr' id='par_1_106' title="bbox 1039 2454 1828 2492">
     <span class='ocr_line' id='line_1_106' title="bbox 1039 2454 1828 2492; baseline -0.005 -8"><span class='ocrx_word' id='word_1_764' title='bbox 1039 2457 1158 2492; x_wconf 76' lang='grc' dir='ltr'>καθαρὸς</span> <span class='ocrx_word' id='word_1_765' title='bbox 1169 2457 1198 2484; x_wconf 80' lang='grc' dir='ltr'>δὲ</span> <span class='ocrx_word' id='word_1_766' title='bbox 1214 2457 1369 2492; x_wconf 82' lang='grc' dir='ltr'>ἁπτόμενος</span> <span class='ocrx_word' id='word_1_767' title='bbox 1393 2457 1551 2492; x_wconf 80' lang='grc' dir='ltr'>ἀκαθάρτου</span> <span class='ocrx_word' id='word_1_768' title='bbox 1566 2457 1643 2492; x_wconf 83' lang='grc' dir='ltr'>παρά</span> <span class='ocrx_word' id='word_1_769' title='bbox 1658 2465 1690 2490; x_wconf 83' lang='grc' dir='ltr'><strong>γε</strong></span> <span class='ocrx_word' id='word_1_770' title='bbox 1703 2455 1777 2490; x_wconf 80' lang='grc' dir='ltr'>αὐτῷ</span> <span class='ocrx_word' id='word_1_771' title='bbox 1791 2454 1828 2488; x_wconf 80' lang='grc' dir='ltr'>τῷ</span> 
     </span>
    </p>
   </div>
   <div class='ocr_carea' id='block_1_107' title="bbox 1041 2499 1827 2538">
    <p class='ocr_par' dir='ltr' id='par_1_107' title="bbox 1041 2499 1827 2538">
     <span class='ocr_line' id='line_1_107' title="bbox 1041 2499 1827 2538; baseline -0.008 -8"><span class='ocrx_word' id='word_1_772' title='bbox 1041 2503 1133 2530; x_wconf 86' lang='grc' dir='ltr'>θεόθεν</span> <span class='ocrx_word' id='word_1_773' title='bbox 1150 2503 1303 2537; x_wconf 74' lang='grc' dir='ltr'>σοφισθέντι</span> <span class='ocrx_word' id='word_1_774' title='bbox 1314 2503 1362 2529; x_wconf 83' lang='grc' dir='ltr'><strong>τοῦ</strong></span> <span class='ocrx_word' id='word_1_775' title='bbox 1377 2503 1481 2538; x_wconf 88' lang='grc' dir='ltr'>κόσμου</span> <span class='ocrx_word' id='word_1_776' title='bbox 1489 2503 1538 2538; x_wconf 85' lang='grc' dir='ltr'>τὴν</span> <span class='ocrx_word' id='word_1_777' title='bbox 1547 2503 1656 2536; x_wconf 82' lang='grc' dir='ltr'>γένεσιν</span> <span class='ocrx_word' id='word_1_778' title='bbox 1670 2499 1827 2536; x_wconf 80' lang='grc' dir='ltr'>μεταδίδωσί</span> 
     </span>
    </p>
   </div>
   <div class='ocr_carea' id='block_1_108' title="bbox 197 2545 1828 2586">
    <p class='ocr_par' dir='ltr' id='par_1_108' title="bbox 197 2545 1828 2586">
     <span class='ocr_line' id='line_1_108' title="bbox 197 2545 1828 2586; baseline -0.003 -9"><span class='ocrx_word' id='word_1_779' title='bbox 197 2553 229 2579; x_wconf 85' lang='grc' dir='ltr'><strong>γε</strong></span> <span class='ocrx_word' id='word_1_780' title='bbox 244 2545 293 2579; x_wconf 77' lang='grc' dir='ltr'>τῆς</span> <span class='ocrx_word' id='word_1_781' title='bbox 307 2546 492 2581; x_wconf 78' lang='grc' dir='ltr'>καθαρότητος</span> <span class='ocrx_word' id='word_1_782' title='bbox 520 2547 585 2582; x_wconf 87' lang='grc' dir='ltr'>παρ’</span> <span class='ocrx_word' id='word_1_783' title='bbox 601 2545 624 2582; x_wconf 80' lang='grc' dir='ltr'>ᾧ</span> <span class='ocrx_word' id='word_1_784' title='bbox 642 2549 688 2575; x_wconf 89' lang='grc' dir='ltr'>κα¹ι</span> <span class='ocrx_word' id='word_1_785' title='bbox 709 2549 740 2576; x_wconf 78' lang='grc' dir='ltr'><strong>τδ</strong></span> <span class='ocrx_word' id='word_1_786' title='bbox 755 2549 867 2585; x_wconf 73' lang='grc' dir='ltr'>βέϐηλον</span> <span class='ocrx_word' id='word_1_787' title='bbox 903 2550 1001 2586; x_wconf 85' lang='grc' dir='ltr'>μᾶλλον</span> <span class='ocrx_word' id='word_1_788' title='bbox 1019 2549 1058 2584; x_wconf 86' lang='grc' dir='ltr'>τῷ</span> <span class='ocrx_word' id='word_1_789' title='bbox 1087 2549 1157 2584; x_wconf 81' lang='grc' dir='ltr'>ἁγίῳ</span> <span class='ocrx_word' id='word_1_790' title='bbox 1175 2550 1412 2584; x_wconf 83' lang='grc' dir='ltr'>προσαπτόμενον,</span> <span class='ocrx_word' id='word_1_791' title='bbox 1440 2550 1508 2584; x_wconf 68' lang='grc' dir='ltr'>πρὸς</span> <span class='ocrx_word' id='word_1_792' title='bbox 1521 2550 1571 2584; x_wconf 80' lang='grc' dir='ltr'>τὴν</span> <span class='ocrx_word' id='word_1_793' title='bbox 1594 2548 1746 2583; x_wconf 78' lang='grc' dir='ltr'>βεδὴλωσιν</span> <span class='ocrx_word' id='word_1_794' title='bbox 1767 2555 1828 2574; x_wconf 87' lang='grc' dir='ltr'>συν-</span> 
     </span>
    </p>
   </div>
   <div class='ocr_carea' id='block_1_109' title="bbox 196 2591 1828 2632">
    <p class='ocr_par' dir='ltr' id='par_1_109' title="bbox 196 2591 1828 2632">
     <span class='ocr_line' id='line_1_109' title="bbox 196 2591 1828 2632; baseline 0.001 -15"><span class='ocrx_word' id='word_1_795' title='bbox 196 2591 381 2627; x_wconf 83' lang='grc' dir='ltr'>εφέλκεται,ἢ</span> <span class='ocrx_word' id='word_1_796' title='bbox 397 2592 444 2619; x_wconf 83' lang='grc' dir='ltr'>τοῦ</span> <span class='ocrx_word' id='word_1_797' title='bbox 458 2593 537 2626; x_wconf 82' lang='grc' dir='ltr'>ἁγίου</span> <span class='ocrx_word' id='word_1_798' title='bbox 555 2595 757 2630; x_wconf 83' lang='grc' dir='ltr'>μεταλαμϐάνει</span> <span class='ocrx_word' id='word_1_799' title='bbox 787 2596 838 2631; x_wconf 84' lang='grc' dir='ltr'>τῆς</span> <span class='ocrx_word' id='word_1_800' title='bbox 868 2597 1021 2632; x_wconf 86' lang='grc' dir='ltr'>ἁγιότητος·</span> <span class='ocrx_word' id='word_1_801' title='bbox 1042 2595 1100 2622; x_wconf 76' lang='grc' dir='ltr'>ἀλλ’</span> <span class='ocrx_word' id='word_1_802' title='bbox 1129 2595 1201 2622; x_wconf 71' lang='grc' dir='ltr'>οὕτω</span> <span class='ocrx_word' id='word_1_803' title='bbox 1228 2596 1278 2630; x_wconf 75' lang='grc' dir='ltr'><strong>μὲν</strong></span> <span class='ocrx_word' id='word_1_804' title='bbox 1309 2596 1343 2622; x_wconf 74' lang='grc' dir='ltr'><strong>ἂν</strong></span> <span class='ocrx_word' id='word_1_805' title='bbox 1376 2595 1577 2632; x_wconf 86' lang='grc' dir='ltr'>διευκρινηθείη</span> <span class='ocrx_word' id='word_1_806' title='bbox 1601 2595 1646 2624; x_wconf 85' lang='grc' dir='ltr'>τό·</span> <span class='ocrx_word' id='word_1_807' title='bbox 1675 2603 1686 2620; x_wconf 77' lang='grc' dir='ltr'><strong>ι</strong></span> <span class='ocrx_word' id='word_1_808' title='bbox 1714 2594 1773 2620; x_wconf 87' lang='grc' dir='ltr'><strong>Οὺκ</strong></span> <span class='ocrx_word' id='word_1_809' title='bbox 1797 2593 1828 2620; x_wconf 72' lang='grc' dir='ltr'>ἂν</span> 
     </span>
    </p>
   </div>
   <div class='ocr_carea' id='block_1_110' title="bbox 196 2637 1061 2678">
    <p class='ocr_par' dir='ltr' id='par_1_110' title="bbox 196 2637 1061 2678">
     <span class='ocr_line' id='line_1_110' title="bbox 196 2637 1061 2678; baseline 0.003 -13"><span class='ocrx_word' id='word_1_810' title='bbox 196 2637 284 2673; x_wconf 76' lang='grc' dir='ltr'>ὀρθῶς</span> <span class='ocrx_word' id='word_1_811' title='bbox 313 2639 510 2676; x_wconf 74' lang='grc' dir='ltr'>προσενέγκῃς,</span> <span class='ocrx_word' id='word_1_812' title='bbox 546 2641 633 2677; x_wconf 84' lang='grc' dir='ltr'>ὀρθῶς</span> <span class='ocrx_word' id='word_1_813' title='bbox 657 2642 686 2668; x_wconf 74' lang='grc' dir='ltr'>δὲ</span> <span class='ocrx_word' id='word_1_814' title='bbox 715 2643 752 2677; x_wconf 87' lang='grc' dir='ltr'>μὴ</span> <span class='ocrx_word' id='word_1_815' title='bbox 777 2642 876 2678; x_wconf 79' lang='grc' dir='ltr'>διέλῃς,</span> <span class='ocrx_word' id='word_1_816' title='bbox 894 2643 1033 2677; x_wconf 70' lang='grc' dir='ltr'>ἧμαρτεςς</span> <span class='ocrx_word' id='word_1_817' title='bbox 1051 2651 1061 2668; x_wconf 71' lang='grc' dir='ltr'><strong>ι</strong></span> 
     </span>
    </p>
   </div>
   <div class='ocr_carea' id='block_1_111' title="bbox 234 2684 976 2723">
    <p class='ocr_par' dir='ltr' id='par_1_111' title="bbox 234 2684 976 2721">
     <span class='ocr_line' id='line_1_111' title="bbox 234 2684 976 2721; baseline 0.004 -10"><span class='ocrx_word' id='word_1_818' title='bbox 234 2684 312 2718; x_wconf 88' lang='lat' dir='ltr'><strong>illud,</strong></span> <span class='ocrx_word' id='word_1_819' title='bbox 343 2684 421 2718; x_wconf 82' lang='lat' dir='ltr'><strong>Tace,</strong></span> <span class='ocrx_word' id='word_1_820' title='bbox 456 2692 558 2719; x_wconf 81' lang='lat' dir='ltr'><strong>autem.</strong></span> <span class='ocrx_word' id='word_1_821' title='bbox 581 2693 607 2715; x_wconf 89' lang='lat' dir='ltr'><strong>ct</strong></span> <span class='ocrx_word' id='word_1_822' title='bbox 621 2689 730 2721; x_wconf 78' lang='lat' dir='ltr'><strong>quidem</strong></span> <span class='ocrx_word' id='word_1_823' title='bbox 743 2693 771 2715; x_wconf 91' lang='lat' dir='ltr'><strong>et</strong></span> <span class='ocrx_word' id='word_1_824' title='bbox 784 2688 862 2719; x_wconf 84' lang='lat' dir='ltr'><strong>illud.</strong></span> <span class='ocrx_word' id='word_1_825' title='bbox 880 2689 935 2715; x_wconf 71' lang='lat' dir='ltr'><strong>«Ad</strong></span> <span class='ocrx_word' id='word_1_826' title='bbox 962 2694 976 2714; x_wconf 70' lang='grc' dir='ltr'><strong>ιι</strong></span> 
     </span>
    </p>
   </div>
   <div class='ocr_carea' id='block_1_112' title="bbox 1082 2684 1824 2723">
    <p class='ocr_par' dir='ltr' id='par_1_112' title="bbox 1082 2687 1824 2723">
     <span class='ocr_line' id='line_1_112' title="bbox 1082 2687 1824 2723; baseline -0.001 -9"><span class='ocrx_word' id='word_1_827' title='bbox 1082 2687 1109 2714; x_wconf 85' lang='grc' dir='ltr'><strong>Γὺ</strong></span> <span class='ocrx_word' id='word_1_828' title='bbox 1123 2687 1161 2719; x_wconf 82' lang='grc' dir='ltr'>δὲ,</span> <span class='ocrx_word' id='word_1_829' title='bbox 1186 2687 1369 2722; x_wconf 79' lang='grc' dir='ltr'>Ἡσύχασον,</span> <span class='ocrx_word' id='word_1_830' title='bbox 1387 2687 1433 2714; x_wconf 74' lang='grc' dir='ltr'><strong>καὶ</strong></span> <span class='ocrx_word' id='word_1_831' title='bbox 1460 2687 1513 2723; x_wconf 83' lang='grc' dir='ltr'><strong>μὴν</strong></span> <span class='ocrx_word' id='word_1_832' title='bbox 1530 2687 1578 2714; x_wconf 70' lang='grc' dir='ltr'>καὶ</span> <span class='ocrx_word' id='word_1_833' title='bbox 1594 2687 1634 2720; x_wconf 78' lang='grc' dir='ltr'><strong>τὸ,</strong></span> <span class='ocrx_word' id='word_1_834' title='bbox 1651 2696 1660 2713; x_wconf 80' lang='grc' dir='ltr'><strong>ι</strong></span> <span class='ocrx_word' id='word_1_835' title='bbox 1681 2687 1753 2722; x_wconf 72' lang='grc' dir='ltr'>Πρὸς</span> <span class='ocrx_word' id='word_1_836' title='bbox 1773 2687 1824 2722; x_wconf 81' lang='grc' dir='ltr'>σὲὴ</span> 
     </span>
    </p>
   </div>
   <div class='ocr_carea' id='block_1_113' title="bbox 195 2729 937 2770">
    <p class='ocr_par' dir='ltr' id='par_1_113' title="bbox 195 2729 937 2767">
     <span class='ocr_line' id='line_1_113' title="bbox 195 2729 937 2767; baseline 0.004 -11"><span class='ocrx_word' id='word_1_837' title='bbox 195 2730 340 2756; x_wconf 84' lang='lat' dir='ltr'><strong>c0uvcrsio</strong></span> <span class='ocrx_word' id='word_1_838' title='bbox 353 2729 413 2764; x_wconf 78' lang='lat' dir='ltr'><strong>ejus</strong></span> <span class='ocrx_word' id='word_1_839' title='bbox 424 2750 432 2763; x_wconf 85' lang='lat'><strong>,</strong></span> <span class='ocrx_word' id='word_1_840' title='bbox 445 2735 473 2757; x_wconf 89' lang='lat' dir='ltr'><strong>et</strong></span> <span class='ocrx_word' id='word_1_841' title='bbox 484 2736 510 2758; x_wconf 92' lang='lat' dir='ltr'><strong>tu</strong></span> <span class='ocrx_word' id='word_1_842' title='bbox 530 2731 604 2760; x_wconf 87' lang='lat' dir='ltr'><strong>illius</strong></span> <span class='ocrx_word' id='word_1_843' title='bbox 614 2731 826 2759; x_wconf 66' lang='lat' dir='ltr'><strong>dominaberis.»</strong></span> <span class='ocrx_word' id='word_1_844' title='bbox 845 2731 937 2767; x_wconf 83' lang='lat' dir='ltr'><strong>llludq</strong></span> 
     </span>
    </p>
   </div>
   <div class='ocr_carea' id='block_1_114' title="bbox 1081 2729 1823 2770">
    <p class='ocr_par' dir='ltr' id='par_1_114' title="bbox 1081 2734 1823 2770">
     <span class='ocr_line' id='line_1_114' title="bbox 1081 2734 1823 2770; baseline -0.001 -9"><span class='ocrx_word' id='word_1_845' title='bbox 1081 2734 1196 2770; x_wconf 62' lang='grc' dir='ltr'>δστροφὴ</span> <span class='ocrx_word' id='word_1_846' title='bbox 1210 2734 1305 2767; x_wconf 80' lang='grc' dir='ltr'>αὐτοῦ,</span> <span class='ocrx_word' id='word_1_847' title='bbox 1331 2734 1378 2761; x_wconf 78' lang='grc' dir='ltr'>καὶ</span> <span class='ocrx_word' id='word_1_848' title='bbox 1401 2734 1434 2760; x_wconf 82' lang='grc' dir='ltr'>σὺ</span> <span class='ocrx_word' id='word_1_849' title='bbox 1451 2734 1533 2761; x_wconf 81' lang='grc' dir='ltr'>αὑτοῦ</span> <span class='ocrx_word' id='word_1_850' title='bbox 1557 2734 1650 2770; x_wconf 79' lang='grc' dir='ltr'>ἄρξεις</span> <span class='ocrx_word' id='word_1_851' title='bbox 1663 2742 1670 2750; x_wconf 92' lang='grc'><strong>·</strong></span> <span class='ocrx_word' id='word_1_852' title='bbox 1689 2743 1700 2759; x_wconf 73' lang='grc' dir='ltr'><strong>ι</strong></span> <span class='ocrx_word' id='word_1_853' title='bbox 1720 2734 1752 2760; x_wconf 81' lang='grc' dir='ltr'>τὸ</span> <span class='ocrx_word' id='word_1_854' title='bbox 1767 2734 1823 2768; x_wconf 71' lang='grc' dir='ltr'>μὲν,</span> 
     </span>
    </p>
   </div>
   <div class='ocr_carea' id='block_1_115' title="bbox 196 2775 938 2816">
    <p class='ocr_par' dir='ltr' id='par_1_115' title="bbox 196 2775 938 2813">
     <span class='ocr_line' id='line_1_115' title="bbox 196 2775 938 2813; baseline 0.007 -12"><span class='ocrx_word' id='word_1_855' title='bbox 196 2776 269 2806; x_wconf 85' lang='lat' dir='ltr'><strong>deut,</strong></span> <span class='ocrx_word' id='word_1_856' title='bbox 295 2775 414 2811; x_wconf 74' lang='lat' dir='ltr'><strong>Suﬂia‘at</strong></span> <span class='ocrx_word' id='word_1_857' title='bbox 434 2777 492 2810; x_wconf 79' lang='lat' dir='ltr'><strong>tibi,</strong></span> <span class='ocrx_word' id='word_1_858' title='bbox 527 2779 576 2810; x_wconf 85' lang='lat' dir='ltr'><strong>ait,</strong></span> <span class='ocrx_word' id='word_1_859' title='bbox 600 2778 671 2813; x_wconf 89' lang='lat' dir='ltr'><strong>quod</strong></span> <span class='ocrx_word' id='word_1_860' title='bbox 696 2779 837 2813; x_wconf 81' lang='lat' dir='ltr'><strong>praecessit</strong></span> <span class='ocrx_word' id='word_1_861' title='bbox 871 2777 938 2806; x_wconf 62' lang='lat' dir='ltr'><strong>male</strong></span> 
     </span>
    </p>
   </div>
   <div class='ocr_carea' id='block_1_116' title="bbox 1082 2775 1824 2816">
    <p class='ocr_par' dir='ltr' id='par_1_116' title="bbox 1082 2779 1824 2816">
     <span class='ocr_line' id='line_1_116' title="bbox 1082 2779 1824 2816; baseline -0.001 -9"><span class='ocrx_word' id='word_1_862' title='bbox 1082 2780 1212 2815; x_wconf 74' lang='grc' dir='ltr'>ῑέσθητι,</span> <span class='ocrx_word' id='word_1_863' title='bbox 1226 2780 1304 2816; x_wconf 75' lang='grc' dir='ltr'>φησὶ,</span> <span class='ocrx_word' id='word_1_864' title='bbox 1322 2780 1362 2816; x_wconf 80' lang='grc' dir='ltr'><strong>τῷ</strong></span> <span class='ocrx_word' id='word_1_865' title='bbox 1379 2780 1542 2816; x_wconf 83' lang='grc' dir='ltr'>προλαϐόντι</span> <span class='ocrx_word' id='word_1_866' title='bbox 1560 2779 1647 2815; x_wconf 84' lang='grc' dir='ltr'>κακῷ,</span> <span class='ocrx_word' id='word_1_867' title='bbox 1662 2779 1723 2814; x_wconf 73' lang='grc' dir='ltr'>μηδ’</span> <span class='ocrx_word' id='word_1_868' title='bbox 1739 2780 1824 2815; x_wconf 82' lang='grc' dir='ltr'>ἁμαρ-</span> 
     </span>
    </p>
   </div>
   <div class='ocr_carea' id='block_1_117' title="bbox 196 2825 938 2862">
    <p class='ocr_par' dir='ltr' id='par_1_117' title="bbox 196 2825 938 2860">
     <span class='ocr_line' id='line_1_117' title="bbox 196 2825 938 2860; baseline 0.004 -11"><span class='ocrx_word' id='word_1_869' title='bbox 196 2829 285 2857; x_wconf 82' lang='lat' dir='ltr'><strong>neque</strong></span> <span class='ocrx_word' id='word_1_870' title='bbox 298 2829 436 2858; x_wconf 69' lang='lat' dir='ltr'><strong>peccatum</strong></span> <span class='ocrx_word' id='word_1_871' title='bbox 447 2832 529 2859; x_wconf 87' lang='lat' dir='ltr'><strong>super</strong></span> <span class='ocrx_word' id='word_1_872' title='bbox 541 2830 683 2859; x_wconf 65' lang='lat' dir='ltr'><strong>peccatum</strong></span> <span class='ocrx_word' id='word_1_873' title='bbox 698 2825 794 2858; x_wconf 85' lang='lat' dir='ltr'><strong>addas,</strong></span> <span class='ocrx_word' id='word_1_874' title='bbox 812 2832 900 2860; x_wconf 87' lang='lat' dir='ltr'><strong>neque</strong></span> <span class='ocrx_word' id='word_1_875' title='bbox 913 2832 938 2852; x_wconf 89' lang='lat' dir='ltr'><strong>rn</strong></span> 
     </span>
    </p>
   </div>
   <div class='ocr_carea' id='block_1_118' title="bbox 1081 2825 1823 2862">
    <p class='ocr_par' dir='ltr' id='par_1_118' title="bbox 1081 2825 1823 2862">
     <span class='ocr_line' id='line_1_118' title="bbox 1081 2825 1823 2862; baseline 0 -10"><span class='ocrx_word' id='word_1_876' title='bbox 1081 2834 1096 2852; x_wconf 92' lang='grc' dir='ltr'><strong>ν</strong></span> <span class='ocrx_word' id='word_1_877' title='bbox 1114 2826 1157 2860; x_wconf 76' lang='grc' dir='ltr'><strong>ἐφ’</strong></span> <span class='ocrx_word' id='word_1_878' title='bbox 1182 2826 1304 2862; x_wconf 80' lang='grc' dir='ltr'>ἁμαρτίᾳ</span> <span class='ocrx_word' id='word_1_879' title='bbox 1333 2826 1474 2862; x_wconf 78' lang='grc' dir='ltr'>προσθῇς,</span> <span class='ocrx_word' id='word_1_880' title='bbox 1499 2827 1567 2862; x_wconf 79' lang='grc' dir='ltr'>μηδὲ</span> <span class='ocrx_word' id='word_1_881' title='bbox 1590 2825 1668 2861; x_wconf 79' lang='grc' dir='ltr'>κακῷ</span> <span class='ocrx_word' id='word_1_882' title='bbox 1693 2825 1722 2852; x_wconf 80' lang='grc' dir='ltr'>τὸ</span> <span class='ocrx_word' id='word_1_883' title='bbox 1743 2825 1823 2852; x_wconf 75' lang='grc' dir='ltr'>καγὸν</span> 
     </span>
    </p>
   </div>
  </div>
