1880 3057
54 174 105 205 449

526 168 575 197 AD
595 163 892 197 AMPHILOCHIUM
915 162 1088 198 QUXESTIO
1109 162 1212 192 LXXI.

1629 161 1681 193 450

56 230 171 258 σασθαι·
190 229 208 264 ὴ
227 227 278 263 μὲν
293 226 347 262 γὰρ
371 223 548 252 δελεασθεῖσα
574 223 665 257 λόγοις
685 220 815 247 ἐπικλὸπο

931 223 987 246 ecta
1019 219 1108 245 verbis
1130 216 1236 244 blandis
1268 215 1438 251 etjucundis
1465 216 1498 243 ad
1528 220 1682 253 transgres-

54 279 100 304 καὶ
117 275 248 310 ἡδύνουσι
260 272 329 308 πρὸς
344 272 394 307 τὴν
409 270 538 305 ἀθέτησιν
559 267 772 303 παρενήνεκται,
783 266 797 292 6
815 264 844 291 δὲ

52 323 150 358 γνώμῃ
169 320 272 356 μᾶλλον
290 319 338 345 καὶ
352 317 486 352 θελήματι
500 315 602 349 ταύτην
616 313 775 349 ἡσπάσατου
784 310 845 338 οὐδὲ

54 357 181 403 ςαξνεται
203 365 300 393 τοῦτον
315 364 332 399 ἡ
352 363 433 398 γυνὴ,
456 362 552 395 ὥσπερ
572 360 690 393 ὲκλάπη,
707 357 846 403 οὕτωνῤή-

54 402 122 448 μασι
137 412 294 440 κλέπτουσα
305 418 312 424 ·
329 410 376 436 καὶ
391 409 409 444 ἡ
434 409 484 443 μὲν
499 407 548 434 καὶ
563 405 701 433 ἀντειπεῖν
718 402 845 437 διανέστη

52 461 91 495 τῷ
103 460 176 494 ὕφει,
189 458 236 484 καὶ
254 457 294 492 τῷ
311 456 423 491 μεγέθει
439 455 488 490 τῆς
504 452 671 487 ἐπαγγελίας
686 449 845 495 διαχυθεῖσα

54 505 122 541 πρὸς
132 506 182 540 τὴν
198 503 308 538 ἀπάτην
322 501 463 529 ἀπέκλινε.
485 500 552 535 Περὶ
565 499 594 526 δὲ
609 498 654 525 τὸν
671 496 758 530 Ἀδὰμ
769 494 846 541 οὐδέ-

53 539 133 588 τερον
149 539 253 577 τούτων
267 549 390 583 γέγονεν’
404 546 466 573 οὔτε
477 546 532 581 γὰρ
550 545 661 572 ἀντεῖπε
678 543 712 577 τῇ
724 539 844 588 γυναικίἶ

52 583 115 624 οὔτε
130 595 247 631 μέγεθος
273 594 355 621 αὑτὸν
380 591 550 626 ἐπαγγελίας
575 589 766 624 συνήρπασεν·
788 583 846 612 ἀλλ’

51 643 130 670 οὐδὲν
140 642 252 669 ἔλαττον
261 637 339 672 οὗτος
355 639 434 675 ὤφθη
444 639 552 673 ἕτοιμος
566 636 634 672 πρὸς
641 635 672 662 τὸ
685 631 847 669 μεταλαϐεῖν

51 690 68 723 ἢ
86 688 193 722 ἐκείνη
205 686 367 722 μεταδοῦναι
384 685 436 719 τῆς
447 684 574 720 βρώσεως
586 690 594 697 ·
616 682 712 716 διόπερ
735 678 848 723 εἰκότως

54 722 87 760 ἂν
97 734 185 760 νοοῖτο
208 732 260 758 οὐκ
282 731 375 767 ἀπάτῃ
403 730 503 765 μᾶλλον
519 728 576 756 ἀλλ’
594 728 675 763 ἔρωτι
689 725 782 752 πεσεῖν
797 722 847 757 τῆς

53 778 183 814 βρώσεως
196 779 237 809 εἰς
247 777 416 813 παράϐασιν·
430 776 487 803 ἀλλ’
498 777 511 802 ὁ
524 775 573 811 μὲν
582 775 662 808 λόγος
676 769 754 802 οὗτος
769 769 847 814 εἴπερ

51 825 80 850 ἐν
95 824 186 854 ἄλλοις
202 822 372 858 Εχειχώραν,
399 822 500 856 ἐχέτω·
515 820 563 847 νῦν
574 819 603 846 δὲ
625 819 675 845 οὐκ
697 816 753 851 ἔχει
774 813 846 848 πάρ-

52 870 126 896 οδον·
141 868 300 904 ὑπερτιθεὶς
315 868 369 903 γὰρ
383 867 432 902 τῆς
445 865 574 902 ἀληθείας
589 866 604 892 ὁ
617 863 705 899 κήρυξ
718 862 765 889 καὶ
781 868 848 896 προ-

52 915 140 951 τιμῶν
159 915 205 941 τὸν
221 915 308 949 ’Δδὰμ
332 914 381 948 τῆς
406 912 547 947 γυναικὸς,
577 911 626 938 καὶ
641 909 688 945 τὴν
705 906 845 942 ὑποταγὴν

51 962 122 997 αὐτῇ
151 960 305 996 παραινῶν,
332 960 380 987 καὶ
402 959 446 986 διὰ.
472 958 502 985 τὸ
536 958 573 993 μὴ
597 955 768 992 ἀπατηθῆναι
799 953 845 980 τδν

58 1008 145 1043 Ἀδὰμ
181 1007 276 1043 ὥσπερ
300 1007 347 1034 καὶ
379 1005 427 1032 διὰ
444 1004 500 1031 τῶν
527 1003 615 1031 ἄλλων
631 1000 843 1036 ἐνθυμημάτων,

50 1054 124 1081 οὕτω
138 1054 187 1080 καὶ
201 1053 247 1081 διὰ
255 1053 359 1087 ταύτην
373 1051 423 1087 τὴν
435 1051 527 1078 αἰτίαν
549 1049 625 1084 ἰσχὺν
638 1048 748 1083 ἄμαχον
772 1046 844 1081 ἔχειν

52 1101 102 1136 τὴν
131 1100 297 1136 παραίνεσιν
325 1098 502 1130 ἐπεδείξατο·
528 1092 651 1124 ἁλλ’ὧδε
665 1094 725 1129 μὲν,
754 1090 844 1127 οἶμαι,

51 1146 253 1182 διευκρίνηται,
266 1145 327 1172 τίνα
342 1144 443 1179 τρόπον
455 1144 505 1170 οὐκ
524 1141 652 1178 ἠπατήθη
666 1141 679 1166 ὁ
694 1139 790 1175 Ἀδάμ.

86 1192 125 1219 τὸ
140 1192 182 1224 δὲ,
197 1201 207 1218 ι
224 1191 384 1227 Σωθήσεται
397 1190 444 1217 διὰ
458 1191 508 1225 τῆς
520 1187 693 1222 τεκνογονίας
708 1187 725 1221 ὴ
738 1185 817 1220 γυνὴ,
832 1194 841 1211 ι

52 1238 194 1265 τουτέστιν
212 1238 229 1273 ἡ
242 1237 297 1264 τῶν
313 1235 452 1271 γυναικῶν
466 1235 547 1270 φύσις
559 1242 566 1250 '
580 1233 627 1260 καὶ
639 1232 694 1268 γὰρ
706 1232 750 1273 διὰ
765 1230 846 1258 τοῦτο

50 1286 101 1319 τὴν
115 1283 189 1311 Εὔαν
204 1272 235 1310 τδ
255 1283 346 1317 λόγιον
370 1282 410 1314 είς
433 1281 483 1317 τὴν
506 1281 622 1315 γυναῖκα
639 1272 797 1314 μετέλαϐεν.
814 1276 845 1303 Ol

32 1343 37 1348 ι
54 1333 103 1367 μέν
117 1339 186 1366 φασι
195 1330 369 1363 τεκνογονίαν
378 1329 465 1356 εἰπεῖν
476 1327 522 1354 τὸν
536 1325 708 1356 Ἀπόστολον,
718 1323 767 1359 τὴν
782 1322 846 1357 περὶ

53 1380 85 1406 τὰ
97 1379 185 1406 τέκνα
200 1377 329 1413 πρόνοιαν
351 1375 400 1402 καὶ
425 1373 543 1408 σπουδὴν
553 1372 587 1399 δι’
602 1369 636 1408 ἧς
660 1370 737 1398 αὐτοί
750 1378 780 1396 τε
800 1368 847 1396 πι-

53 1433 112 1452 στει
128 1423 286 1458 καὶνὰγάπῃ
300 1421 491 1457 στηριζόμενοι
507 1420 554 1446 τὸν
577 1417 713 1453 ἁγιασμδν
737 1416 783 1444 καὶ
797 1415 847 1450 τὴν

54 1470 235 1506 σωφροσύνην
254 1467 522 1503 συγκατορθώσουσι,
540 1466 589 1493 καὶ
602 1466 630 1492 αἱ
656 1465 725 1500 πρὸς
746 1462 848 1498 ἀρετὰς

54 1517 153 1548 αὐτοὺς
168 1514 394 1550 ¹ιταιδοιγωγοῦι-ται
411 1514 531 1549 μητέρες
543 1511 665 1548 δηλονότι
674 1510 709 1537 τὰ
722 1509 791 1536 αὐτὰ
800 1508 857 1537 καὶ,

896 264 1000 292 sionem
1016 264 1132 291 adducta
1146 267 1187 290 est
1203 271 1210 295 ;
1231 262 1276 289 ille
1289 270 1355 290 vero
1371 270 1454 290 sensu
1482 262 1569 297 magis
1580 269 1607 290 et
1633 271 1681 290 vo-

895 310 1001 338 luntate
1032 309 1104 336 hanc
1136 309 1279 343 amplexus
1309 312 1368 340 est;
1394 316 1449 335 non
1473 308 1579 335 videtur
1602 308 1685 343 igitur

895 356 1006 388 mulier,
1022 360 1051 382 ut
1080 354 1193 382 seducta
1226 358 1280 386 est.
1309 354 1345 380 ita
1368 353 1459 381 verbis
1482 353 1624 381 seductus.
1651 354 1684 382 Et

895 401 941 428 illa
971 400 1080 435 quidem
1097 404 1123 427 et
1151 398 1338 426 contradicere
1370 397 1488 424 surrexit
1514 397 1632 431 serpenti
1658 402 1683 425 et

895 447 1083 482 magnitudine
1098 444 1289 480 promissionis
1306 444 1415 471 turbata
1430 442 1465 470 ad
1497 443 1684 477 deceptionem

895 490 1053 518 declinavit.
1079 489 1159 517 Circa
1179 488 1314 515 Adamum
1343 494 1409 514 velo
1439 491 1565 514 neutrum
1586 487 1684 514 horum

897 529 1000 558 factum
1033 534 1093 562 est;
1113 537 1166 556 non
1191 529 1264 555 enim
1292 525 1459 555 contradixit
1480 525 1608 559 mulieri,
1636 533 1686 553 nec

896 574 1056 609 magnitudo
1067 573 1155 608 ipsqu
1168 571 1360 607 promissionis
1375 571 1514 606 abripuit;
1528 570 1573 598 sed
1586 570 1686 597 nihilo-

896 617 989 644 minus
1016 616 1068 644 istc
1089 616 1165 643 visus
1198 619 1240 642 est
1266 620 1378 649 paratus
1406 613 1438 640 ad
1465 613 1686 648 partieipandum

896 669 979 697 quam
999 661 1044 689 illa
1060 661 1093 689 ad
1112 660 1373 689 communicandum
1388 660 1421 687 de
1442 659 1524 692 cibo;
1539 659 1600 686 ideo
1615 663 1688 686 recte

897 707 1096 742 intelligeretur
1113 714 1167 734 non
1184 705 1346 741 deceptione
1361 704 1460 740 magis,
1478 705 1524 732 sed
1539 711 1634 731 amore
1644 704 1688 730 in-

897 753 998 781 cidisse
1012 753 1066 780 cibi
1080 754 1107 779 in
1121 752 1381 787 transgressionem.
1399 750 1454 778 Sed
1465 758 1558 779 sermo
1577 750 1687 785 quidem

898 801 948 828 iste
979 799 1002 827 si
1028 800 1054 826 in
1068 799 1130 827 aliis
1152 799 1233 826 habet
1244 798 1345 831 locum,
1361 798 1482 830 habeat;
1499 805 1572 824 nunc
1595 800 1686 823 autem

899 850 953 871 non
969 843 1051 870 habet
1062 850 1219 870 accessum.
1233 841 1429 877 Superponens
1459 841 1532 868 enim
1566 839 1689 867 veritatis

863 895 884 923 Β
899 894 988 922 preco
1009 892 1035 914 et
1049 886 1198 922 praeferens
1216 886 1350 912 Adammn
1368 885 1485 916 mulieri,
1498 889 1527 911 et
1541 883 1689 919 subjectio-

894 938 957 959 nem
972 931 1036 957 huic
1049 930 1179 963 suadens,
1194 934 1220 957 et
1231 935 1375 964 propterea
1387 929 1460 964 quod
1474 935 1529 954 non
1556 929 1689 962 deceptus

895 975 932 1002 sit
952 974 1038 1001 Adam
1051 978 1080 1000 ut
1092 979 1118 1000 et
1133 981 1180 1008 per
1192 974 1244 1000 alia
1257 973 1472 1008 enthymemata,
1487 972 1522 998 ita
1533 976 1561 998 et
1578 971 1688 1006 propter

895 1018 966 1046 hanc
981 1026 1093 1046 causam
1111 1018 1165 1045 vim
1199 1017 1438 1052 inexpugnabilem
1469 1016 1570 1043 habere
1586 1016 1688 1043 exhor-

896 1065 1028 1091 tationem
1043 1064 1174 1092 ostendit.
1195 1063 1247 1091 Sed
1274 1064 1313 1091 sie
1338 1063 1449 1098 quidem
1467 1067 1532 1098 puto
1549 1063 1617 1089 bene
1633 1062 1689 1089 dis-

895 1113 1000 1135 cretum
1025 1108 1073 1142 sit,
1107 1108 1338 1144 quemadmodum
1369 1115 1423 1134 non
1445 1107 1576 1142 deceptus
1608 1105 1690 1133 fuerit
1719 1142 1722 1145 _

894 1151 994 1179 Adam.
1015 1171 1019 1174 ~

931 1196 998 1224 Illud
1016 1204 1090 1230 vero,
1109 1206 1119 1222 ι
1138 1195 1297 1224 Salvabitur
1320 1203 1369 1230 per
1391 1195 1510 1223 ﬁliorum
1534 1195 1690 1229 generatio-

896 1250 958 1270 nem
976 1243 1084 1274 Inulier,
1105 1252 1114 1268 ι
1143 1243 1169 1270 id
1193 1246 1236 1270 est
1262 1242 1408 1269 mulierum
1439 1246 1554 1274 natura;
1589 1241 1688 1268 etenim

896 1293 1005 1324 propter
1019 1289 1071 1316 hoc
1085 1287 1169 1315 Eram
1193 1288 1338 1315 oraculum
1364 1287 1390 1314 in
1413 1287 1556 1314 mulierem
1573 1292 1690 1315 transtu-

896 1335 937 1364 lit.
954 1334 986 1362 Hi
1001 1335 1112 1370 quidem
1124 1334 1220 1361 dicunt
1235 1333 1353 1361 ﬁliorum
1370 1333 1574 1369 generationem
1599 1333 1691 1361 dicere

897 1381 1069 1417 Apostolum,
1086 1382 1160 1408 circa
1188 1380 1259 1407 ﬁlios
1286 1378 1484 1414 providentiam
1514 1383 1541 1406 et
1570 1379 1690 1406 studium

898 1435 946 1462 per
964 1427 1036 1461 quod
1055 1425 1106 1461 ipsi
1121 1429 1150 1452 et
1167 1425 1219 1452 ﬁde
1234 1429 1261 1452 et
1272 1424 1412 1452 charitate
1435 1424 1555 1452 roborati
1571 1424 1689 1451 sanctiﬁ-

898 1472 1032 1500 cationem
1048 1476 1074 1499 et
1090 1470 1251 1505 sapientiam
1268 1474 1341 1497 recte
1356 1469 1509 1504 perﬁciant,
1529 1474 1557 1496 et
1577 1469 1612 1496 ad
1636 1469 1693 1498 vii-

900 1522 971 1545 tutes
994 1524 1041 1544 eos
1066 1516 1242 1543 instituentes
1265 1519 1365 1542 matres
1395 1515 1521 1542 videlicet
1544 1514 1639 1542 eadem
1665 1520 1694 1542 et

56 1562 210 1598 μελετῶσαι
240 1562 289 1588 καὶ¹
308 1560 542 1595 διαπραττόμεναι
568 1558 674 1593 εἴησαν,
701 1553 785 1584 δι’ὧν
801 1564 815 1583 κ

931 1564 1062 1591 editantes
1073 1567 1101 1590 et
1117 1567 1229 1597 agentes
1248 1561 1314 1594 sint,
1330 1568 1379 1596 per
1402 1569 1465 1597 quae
1485 1566 1514 1589 et
1539 1566 1694 1596 transgres-

55 1609 103 1643 τῆς
121 1607 309 1643 παραόάσεως
320 1606 369 1642 τὴν
392 1606 483 1632 αἰτίαν
496 1604 647 1632 διαλύουσι.
661 1602 748 1630 Τοῦτο
764 1601 818 1637 γὰρ
833 1601 847 1628 ὁ

57 1654 104 1688 τῆς
117 1652 283 1687 οίκουμένης
297 1651 348 1686 ἔφη
363 1650 533 1683 διδασκαλος-⁸
551 1659 560 1675 ι
573 1649 731 1685 Σωθὴσεται
746 1648 786 1680 δὲ,
798 1647 848 1682 φά-

57 1707 136 1734 μενος
151 1698 197 1725 διὰ
207 1699 258 1733 τῆς
268 1697 440 1731 τεκνογονίας
453 1705 460 1712 ·
484 1705 494 1722 ι
515 1695 563 1722 καὶ
573 1695 628 1730 γὰρ
642 1695 658 1730 ἡ
675 1694 740 1729 περὶ
753 1692 788 1720 τὰ
800 1692 847 1720 τέ-

56 1753 107 1772 κνα
119 1744 298 1778 παιδαγωγία
315 1744 363 1770 καὶ
375 1743 501 1778 θεοφιλὴς
511 1743 624 1779 πρόνοια
636 1742 681 1769 καὶ
699 1740 848 1776 κηδεμονία

57 1789 129 1824 μέγα
141 1789 281 1824 δικαίωμα
293 1790 398 1824 πέφυκε
409 1789 458 1824 τὴν
470 1789 539 1824 πρὸς
552 1789 599 1815 τὴν
616 1788 704 1822 Ἀδὰμ
713 1787 762 1822 τῆς
776 1785 848 1817 Εὔας

57 1835 198 1871 σφαλερὰν
215 1835 437 1862 ἀνακαλέσασθαι
456 1834 641 1862 διδασκαλίαν.
661 1832 784 1866 Ἐδίδαξα
802 1831 848 1858 τὸν

53 1882 139 1917 ἄνδρα
153 1882 297 1917 σφαλερῶς
309 1890 316 1914 ;
332 1881 401 1909 Ἀλλ’
412 1881 540 1915 ἀσφαλῶς
551 1880 718 1915 παιδαγωγῶ
730 1879 777 1906 καὶ
787 1877 850 1911 τρέ-

57 1937 101 1962 φω
119 1928 157 1954 τὰ
174 1928 269 1954 τέκνα.
290 1927 395 1954 Ἐκεῖνο
410 1927 587 1959 καταδικάζει
601 1934 608 1959 ;
627 1925 713 1952 Τοῦτο
729 1924 788 1956 πῶς
799 1924 849 1951 οὐκ

52 1974 87 2000 ἇν
110 1973 155 2008 εἴη
185 1972 306 2008 μάλιστά
321 1981 353 2007 γε
373 1973 449 2009 παρὰ
471 1973 569 2008 δικαίῳ
589 1973 637 1999 καὶ
663 1971 849 2007 φιλανθρώπῳ

53 2020 139 2054 κριτῇ
157 2019 310 2054 συγγνώμη
326 2019 374 2045 καὶ
399 2019 501 2052 γείτονι
520 2018 566 2045 τοῦ
590 2018 761 2052 πταίσματος
781 2026 848 2044 κατ-

54 2064 200 2099 ορθώματι
215 2064 266 2099 τῆς
278 2065 358 2099 δίκης
380 2065 518 2098 ἁπολύονς
537 2064 582 2090 Διὸ
611 2064 714 2098 ταύτης
739 2063 789 2099 τῆς
806 2072 851 2089 τε-

56 2110 204 2145 κνογονίας
219 2111 236 2146 ἡ
253 2111 398 2144 γυναικεία
427 2111 509 2146 φύσις
529 2111 696 2146 ἀντεχομένη
716 2110 762 2137 καὶ
784 2109 849 2136 ταύ-

54 2165 105 2191 την
120 2157 318 2188 σπουδάζουσα
333 2157 436 2184 διαλύει
447 2157 495 2183 καὶ
510 2156 669 2184 ἀποτίθεται
677 2157 727 2191 τὴν
737 2156 790 2183 ἀπὸ
799 2156 850 2191 τῆς

55 2203 168 2238 ἀπάτης
194 2203 284 2229 αἰτίαν
300 2203 347 2229 καὶ
370 2202 447 2238 δίκην
461 2210 467 2218 ·
489 2203 529 2229 ὃτι
554 2202 582 2229 δὲ
606 2203 782 2236 τεκνογονίαν
805 2202 851 2229 κά).

56 2249 87 2284 δὴ
102 2250 152 2275 καὶ
167 2249 366 2284 τεκνοτροφίαν
379 2248 394 2274 ὁ
416 2249 578 2281 Ἀπόστολος
604 2248 654 2285 τὴν
672 2249 735 2285 περὶ
750 2249 786 2275 τὰ
805 2245 850 2275 τέ-
867 2240 892 2270 Ῑ)

57 2303 108 2322 κνα
124 2296 263 2330 σωτήριον
277 2295 437 2330 ἐπιμέλειαν
453 2295 532 2322 εἴωθε
542 2295 646 2326 καλεῖν,
657 2295 735 2330 δῆλον
761 2294 851 2321 ἐντεῦ-

58 2341 113 2369 θεν.
135 2341 193 2368 Καὶ
207 2341 262 2376 γὰρ
276 2342 317 2373 είς
340 2341 390 2377 τὴν
410 2341 466 2368 τῶν
484 2341 577 2376 χηρῶν
606 2340 683 2373 τάξιν
702 2341 749 2367 καὶ
766 2333 851 2376 τιμὴν

59 2387 106 2414 καὶ
119 2388 172 2423 τὴν
185 2386 317 2422 πρόνοιαν
329 2387 378 2419 τὰς
389 2386 586 2422 κεχηρωμένας
602 2386 657 2413 τῶν
670 2387 774 2422 ἀνδρῶν
787 2386 852 2414 ἀνά-

59 2441 125 2466 γων,
144 2442 153 2458 ι
173 2433 265 2468 Χήρα,
281 2433 361 2468 φησὶ,
378 2432 573 2466 καταλεγέσθω
591 2433 629 2468 μὴ
652 2432 762 2460 ἔλαττον
783 2432 852 2460 έτῶν

59 2478 192 2512 ἑξήκοντα
206 2485 213 2493 ·
229 2487 238 2503 ι
256 2476 315 2504 εἶτα
326 2478 375 2505 καὶ
384 2478 445 2505 τίνα
457 2478 682 2514 καταδαλλομένη
696 2477 792 2514 μισθὸν
802 2477 853 2513 τῆς

58 2524 188 2558 τοιαύτης
214 2523 327 2559 λήξεως·
346 2533 356 2550 ι
374 2524 405 2551 Et
435 2525 661 2560 ὲτεκνοτρὸφησε,
703 2525 796 2560 φησιν,
827 2526 852 2552 εί

61 2569 145 2602 ἁγίων
161 2569 248 2600 πόδας
264 2569 367 2604 ἔνιψεν,
383 2570 408 2596 ει
419 2569 589 2604 θλιϐομένοις
602 2571 757 2606 ἐπήρκεσε·
775 2580 784 2596 ι
805 2572 853 2598 καὶ

61 2615 109 2648 ὅρα
126 2616 204 2647 ὅπως
223 2616 258 2650 τῇ
275 2615 329 2642 τῶν
342 2615 430 2649 ἁγίων
445 2616 579 2652 θεραπείᾳ
604 2617 651 2642 καὶ
670 2616 792 2649 δεξιώσει
808 2618 857 2644 καὶ

61 2660 99 2695 τῷ
108 2661 160 2695 τῆς
177 2661 242 2696 ἐλεη
247 2661 366 2696 μοσύνης
378 2661 498 2697 λαμπρῷ
514 2661 719 2697 κατορθώματι,
731 2662 780 2697 τὴν
791 2663 857 2697 περὶ

61 2707 93 2731 τὰ
107 2707 192 2733 τέκνα
218 2707 336 2742 σπουδὴν
363 2708 411 2733 καὶ
438 2707 505 2741 πρὸς
535 2707 640 2742 ἀρετῶν
666 2708 856 2742 παιδαγωγίαν

61 2753 190 2785 ωνέταξέ
205 2761 236 2779 τε
255 2753 304 2779 καὶ
328 2753 532 2789 συνηρίθμησεν
544 2761 551 2769 ·
569 2753 626 2780 ἀλλ’
642 2750 716 2780 ὦτοι
742 2754 791 2788 μὲν
804 2754 850 2781 οὖ-

59 2806 112 2829 τως
138 2799 187 2834 τὴν
219 2801 416 2835 τεκνοτροφίαν
454 2801 501 2825 καὶ
535 2799 709 2834 τεκνογονίαν
735 2801 848 2834 ἑξακούε

59 2851 144 2873 ουσιν.

94 2903 116 2918 ⁸³
130 2903 138 2930 1
154 2903 226 2930 Tim.
243 2911 271 2934 v,
284 2903 311 2930 9.
350 2903 450 2931 “ibid.
471 2904 512 2931 10.

224 2951 360 2981 Ριιτιιοιι.
383 2950 442 2980 Gn.
463 2951 510 2980 Cl.

900 1610 986 1640 sionis
998 1617 1109 1638 causam
1127 1609 1298 1640 dissolvunt;
1329 1607 1382 1636 hoc
1403 1609 1476 1637 enim
1504 1609 1597 1636 mundi
1625 1608 1694 1636 dixit

902 1657 1042 1692 magister.
1059 1665 1069 1681 ι
1085 1654 1241 1683 Salvabitur
1259 1659 1363 1688 autem,
1392 1654 1530 1690 inquiens,
1552 1662 1600 1690 per
1624 1655 1696 1682 ﬁlio-

900 1711 961 1731 rum
982 1701 1196 1737 generationem.
1216 1710 1225 1727 ι
1244 1701 1350 1728 Etenim
1369 1698 1446 1728 'circa
1467 1701 1536 1728 ﬁlios
1559 1701 1695 1729 institutio

901 1753 929 1776 et
945 1747 1030 1775 Deum
1046 1755 1143 1775 amans
1158 1747 1328 1782 providentia
1344 1751 1371 1774 et
1387 1754 1454 1774 cura
1475 1754 1573 1781 magna
1592 1747 1695 1782 justiﬁ-

901 1793 974 1821 eatio
989 1798 1053 1820 nata
1074 1798 1116 1820 est
1132 1795 1166 1820 ad
1182 1785 1318 1820 Adamum
1332 1791 1395 1819 Evae
1416 1792 1541 1819 fallarem
1569 1800 1696 1827 reparare

902 1839 1102 1874 magisterium.
1119 1837 1205 1865 Docui
1227 1839 1316 1865 virum
1335 1838 1487 1865 fallaciter?
1513 1838 1566 1866 Sed
1599 1847 1696 1866 secure

901 1884 990 1913 educo
1007 1888 1035 1911 et
1049 1883 1140 1911 nutrio
1156 1883 1237 1910 lilios.
1254 1883 1322 1910 illud
1344 1883 1474 1910 damnat?
1488 1883 1540 1911 hoc
1556 1884 1695 1918 quomodo

902 1935 958 1956 non
972 1931 1057 1960 esset,
1072 1927 1225 1962 praesertim
1239 1927 1310 1961 apud
1323 1926 1428 1961 justum
1449 1931 1475 1954 et
1491 1926 1638 1962 benignum
1653 1927 1683 1962 ju

902 1974 991 2002 dicem
1007 1973 1087 2002 venia
1101 1977 1128 2001 et
1145 1973 1236 2000 vicino
1251 1972 1345 2007 lapsus
1359 1976 1432 2000 recte
1453 1972 1526 2000 facto
1540 1973 1695 2001 damnatio-

903 2028 965 2048 nem
982 2020 1110 2048 solvens?
1127 2019 1189 2047 Ideo
1205 2019 1270 2046 huic
1285 2019 1404 2046 filiorum
1431 2019 1601 2054 generationi
1617 2019 1697 2047 femi-

903 2075 955 2095 nea
971 2072 1069 2094 natura
1084 2066 1274 2093 adhterescens
1297 2069 1324 2093 et
1346 2064 1370 2092 ei
1395 2065 1508 2092 studens
1524 2065 1650 2093 dissolvit
1669 2069 1696 2092 rt

903 2113 1016 2149 deponit
1031 2121 1046 2140 a
1062 2113 1222 2148 deceptione
1241 2111 1461 2139 criminationem
1486 2115 1513 2138 et
1528 2112 1694 2139 condemna-

905 2159 1018 2187 tionem:
1034 2159 1111 2192 Quod
1125 2163 1215 2186 autem
1230 2158 1350 2185 liliorum
1370 2157 1572 2192 generationem
1589 2162 1616 2184 et
1627 2157 1690 2184 ﬁlio-

905 2213 965 2232 rum
977 2204 1161 2240 _nutritionem
1177 2203 1325 2237 Apostolus
1337 2202 1408 2229 eirea
1427 2202 1526 2229 liberos
1545 2202 1694 2229 salviﬁeam

906 2260 1002 2281 curam
1016 2252 1103 2279 soleat
1118 2257 1228 2283 vocare,
1246 2249 1422 2277 manifestum
1440 2248 1524 2276 hinc:
1546 2249 1654 2276 Etenim
1667 2249 1693 2276 in

904 2299 1050 2327 viduarum
1063 2296 1187 2324 ordinem
1204 2300 1231 2322 et
1249 2295 1381 2322 honorem
1401 2299 1428 2322 et
1441 2295 1639 2329 providentiam
1654 2296 1693 2322 ri-

904 2345 1005 2373 duatas
1016 2344 1083 2371 viris
1099 2342 1222 2370 referens
1239 2351 1245 2369 :
1263 2350 1272 2366 ι
1290 2340 1386 2372 Vidua,
1401 2340 1500 2375 inquit,
1513 2341 1630 2376 eligatur
1642 2349 1694 2368 non

904 2393 997 2419 minus
1010 2397 1144 2418 annorum
1161 2388 1304 2424 sexaginta
1316 2388 1354 2420 ⁸⁶;
1378 2397 1387 2413 ι
1411 2387 1509 2414 deinde
1531 2392 1559 2415 et
1584 2388 1694 2422 aliquod

907 2437 1025 2465 fundens
1040 2436 1157 2472 pretium
1170 2435 1232 2462 talis
1249 2433 1389 2461 electionis
1406 2442 1413 2460 :
1434 2441 1443 2458 ι
1465 2432 1492 2459 Si
1510 2433 1581 2461 ﬁlios
1595 2434 1696 2461 eduea-

907 2484 956 2516 vit,
972 2484 1020 2517 ait,
1033 2483 1056 2511 si
1071 2486 1229 2510 sanctorum
1246 2479 1328 2515 pedes
1350 2479 1427 2510 lavit,
1446 2479 1467 2506 si
1489 2479 1694 2506 tribulationem

906 2530 1075 2565 patientibus
1091 2526 1310 2556 subministravit
1327 2526 1368 2557 “;
1389 2534 1399 2550 ι
1431 2529 1457 2551 et
1482 2526 1542 2552 vide
1555 2525 1694 2559 quomodo

905 2582 1063 2604 sanctorum
1075 2582 1147 2602 cura:
1160 2579 1187 2601 et
1209 2572 1329 2607 haspitio
1353 2576 1381 2599 et
1396 2572 1574 2606 eleemosynae
1602 2572 1695 2606 splen-

904 2622 980 2650 denti
997 2622 1069 2649 bono
1087 2621 1159 2648 circa
1177 2619 1247 2647 ﬁlios
1264 2618 1384 2646 studium
1399 2623 1426 2645 et
1439 2618 1471 2644 ad
1489 2618 1619 2644 virtutum
1631 2618 1695 2644 edu-

905 2668 1042 2695 cationem
1059 2666 1213 2701 conjunxit,
1227 2669 1252 2692 et
1273 2663 1495 2697 conuumeravit;
1514 2663 1559 2690 sed
1576 2663 1621 2689 isti
1638 2665 1695 2697 qui-

904 2713 966 2741 dem
980 2713 1020 2740 sic
1037 2712 1154 2738 ﬁliorum
1168 2710 1344 2738 nutritionem
1359 2715 1387 2737 et
1408 2710 1525 2737 ﬁliorum
1541 2708 1695 2744 generatio-

906 2767 969 2786 nem
985 2758 1111 2786 audiunt.

1454 2946 1491 2977 15
