1880 3057
197 110 249 143 451

778 110 912 141 PHOTII
926 109 1183 140 PATRIARCH/E
1199 109 1312 142 CP.452

1786 111 1839 142 452

231 169 290 197 Non
306 169 383 204 pejus
397 172 490 195 autem
503 166 576 194 forte
590 166 711 202 cogitare
734 166 855 194 ﬁliorum
879 172 975 201 genera

1077 163 1115 190 Οὐ
1128 165 1221 199 χεῖρον
1236 164 1264 192 δὲ
1281 165 1348 198 ἴσως
1362 165 1462 192 ἐννοεῖν
1478 167 1651 200 τεκνογονίαν
1667 167 1701 203 ἢν
1727 167 1744 203 ή
1761 167 1838 194 εὐσέ-

197 217 298 245 tionem
320 222 400 250 quam
411 214 500 250 pietas
514 213 650 241 bonorum
664 220 777 248 operum
804 217 831 240 ct
855 212 988 240 virtutum

196 267 300 291 rectum
315 261 457 296 complexa
471 267 627 288 sermonem
649 267 697 294 per
722 266 808 294 puros
833 263 861 286 et
890 258 990 294 impol-

195 309 268 337 lutos
284 309 396 336 dolores
412 307 565 343 parientem
585 310 613 334 et
631 313 695 333 vere
712 305 912 334 nobilissimam
937 305 989 332 im-

194 354 250 388 plet
265 354 468 389 generationem
479 373 487 385 ,
513 360 560 386 per
575 359 657 386 quam
687 355 744 378 tota
762 354 905 386 reparatur
928 358 990 385 qua:

195 400 334 435 praecessit
350 398 513 426 deminutio.
531 397 636 425 Revera
662 401 689 425 et
712 405 773 432 qua:
795 397 862 424 tales
880 396 989 428 dolores

195 446 344 482 pendentes
357 450 435 480 partu
460 445 560 472 nmltos
578 444 648 472 ﬁlios
663 448 827 478 genuerunt,
848 448 875 471 et
899 443 987 477 ﬁlias;

195 493 347 520 secundum
364 499 446 527 quam
464 491 582 518 ﬁliorum
600 491 764 525 positionem
775 490 950 526 cognoscitur
961 494 989 517 ct

195 539 298 567 sterilis
312 539 423 574 pariens
436 542 551 572 septem.
570 542 597 565 et
611 545 672 572 quae
689 537 789 565 multas
805 537 832 564 in
848 537 911 564 ﬁliis
931 537 988 571 glo-

195 585 233 612 ria
247 584 397 619 superavit.
407 584 473 619 Ipsa:
486 587 515 610 et
525 583 605 610 illud:
619 592 628 608 ι
640 582 857 618 Multiplicamini
870 587 988 618 etauge-

194 630 272 662 mini,
285 639 294 655 ι
305 629 360 657 Deo
373 628 583 656 convenientius
591 633 617 655 et
628 628 714 664 magis
726 629 870 664 propriein
882 629 988 664 seipsa's

194 675 400 708 transferentes,
413 674 576 702 dominicam
597 674 624 702 in
646 675 745 709 seipsis
763 675 913 703 ostcndunt
936 675 988 703 im-

193 722 292 757 pletam
308 721 537 749 benedictionem.
553 720 628 749 Talis
643 721 763 748 ﬁliorum
779 721 919 757 generatio
933 729 987 749 non

193 769 220 796 in
234 769 308 796 solas
323 776 355 796 ex
371 767 538 795 commercio
557 767 606 794 viri
624 767 694 795 ﬁlios
716 771 890 802 procreantes
908 767 988 795 femi-

193 822 243 841 nas
257 814 460 842 circnmscribit
476 814 645 848 deccptionis
659 813 837 847 solutionem,
852 813 899 841 sed
912 817 939 841 ct
959 813 986 841 in

192 861 261 888 alias
281 861 411 888 mulieres
428 865 455 887 et
477 859 627 895 praesertim
652 859 772 894 virgines
794 859 924 887 transfert
939 867 985 887 er-

192 907 262 934 roris
277 906 493 938 correctionem;
506 905 647 933 salvantur
662 906 734 932 enim
749 913 846 933 omnes
857 913 904 940 per
916 913 986 939 quas

192 957 418 988 protopart-ntum
447 951 886 979 deminutiodistribuebaturtali
914 951 986 978 lilio-

191 1005 251 1024 rum
270 997 455 1031 generatione,
480 995 651 1030 dcccptionis
675 994 794 1022 dedecus
817 999 844 1023 et
875 995 984 1030 pondus

190 1043 339 1078 splendidis
352 1042 468 1078 justitiis
484 1042 606 1069 eluentcs
621 1045 649 1069 et
665 1042 776 1077 proprio
792 1046 870 1077 partu
892 1041 987 1069 Eccle-

189 1090 237 1118 sia:
252 1090 322 1117 ﬁlios
340 1089 573 1123 multiplicantes;
593 1092 621 1115 et
638 1087 690 1116 tide
707 1093 734 1115 et
746 1088 882 1126 charila‘te
897 1093 925 1115 et
938 1096 987 1123 per

189 1136 362 1172 prudentiam
379 1134 597 1162 sanctiﬁcatione
618 1134 762 1161 illustrem
783 1134 810 1161 in
838 1134 917 1162 ccelis
932 1133 985 1162 Pa-

190 1188 258 1211 trem
275 1181 430 1218 gloriﬁcare
443 1181 516 1216 ipsas
529 1180 703 1216 inspicientes
713 1185 740 1208 et
753 1180 984 1215 pulchritudinem

189 1235 300 1263 operum
319 1227 457 1255 intuentes
470 1230 629 1261 procurant.
646 1225 698 1253 Sed
717 1225 790 1252 enim
814 1226 854 1253 sic
874 1226 984 1260 quidem

189 1274 234 1303 isti
245 1282 300 1302 non
315 1274 416 1306 viliter,
431 1273 539 1309 opinor,
563 1272 597 1300 ad
620 1272 836 1308 speculationem
866 1272 984 1300 litteram

189 1319 370 1348 attrahentes.

224 1409 279 1437 Alii
290 1416 355 1437 vero
371 1408 489 1436 ﬁliorum
503 1408 709 1443 generationem
725 1407 860 1435 sacratius
878 1412 905 1435 et
928 1407 984 1435 Deo

189 1454 452 1487 convenientiussex
468 1452 578 1487 Virgine
609 1452 758 1479 Salvatoris
788 1451 874 1479 nostri
904 1459 985 1479 sacro

1042 208 1103 235 ϐεια
1117 209 1171 236 τῶν
1189 209 1345 237 σπουδαίων
1367 210 1456 246 ἔργων
1477 212 1524 238 καὶ
1546 211 1769 248 κατορθωμάτων
1792 213 1838 240 τὸν

1041 254 1121 290 ὀρθὸν
1140 255 1314 283 συλλαϐοῦσα
1327 256 1407 290 λόγον
1422 256 1473 292 τὴν
1489 257 1534 284 διὰ
1555 258 1687 294 καθαρῶν
1703 259 1751 285 καὶ
1767 259 1836 294 ἀμο-

1040 299 1143 327 λύντων
1156 300 1259 328 ὠδίνων
1275 302 1495 337 ἀποτικτομένην
1511 302 1559 329 καὶ
1586 302 1624 334 ὡς
1638 302 1747 339 άληθῶς
1762 305 1839 338 εὖγε-

1039 347 1171 383 νεστάτην
1185 347 1313 384 πληθύνει
1331 349 1424 384 γονὴν,
1441 347 1518 385 δι’ἦς
1538 349 1611 377 ἆπαν
1624 350 1801 378 ἀνακαλεῖται
1809 352 1839 378 sb

1040 393 1147 427 φθάσαν
1168 393 1326 429 ἐλάττωμα.
1345 393 1390 429 Τῷ
1416 393 1473 421 ὄντι
1491 394 1546 428 atati
1558 395 1586 422 αι
1597 395 1724 428 τοιαύτας
1740 396 1840 429 ὠδῖνας

1039 439 1151 466 λύουσαι
1162 439 1202 474 τῷ
1210 439 1282 475 τόκῳ
1293 439 1407 471 πολλοὺς
1415 439 1490 472 υἱοὺς
1500 440 1686 468 έτεκνώσαντο
1696 441 1744 469 καὶ
1755 442 1840 476 θυγαο

1037 485 1121 521 τέρας
1133 493 1140 501 ·
1151 485 1211 513 καθ’
1223 486 1257 521 ἢν
1266 485 1403 513 υἱοθεσίαν
1411 485 1577 520 γινώσκεται
1599 486 1647 513 καὶ
1659 487 1676 522 ὴ
1689 488 1788 523 στεῖρα
1797 488 1839 514 τί-

1037 540 1140 559 κτουσα
1150 532 1230 565 ἑπτὰ,
1238 532 1286 559 καὶ
1296 532 1344 568 τὴν
1353 531 1456 567 πολλὴν
1467 532 1497 558 ὲν
1508 532 1616 564 τέκνοις
1630 532 1839 569 παρευδοκιμή-

1038 586 1125 605 σασα·
1136 575 1216 605 αὗται
1233 577 1282 605 καὶ
1295 577 1336 604 τό·
1352 586 1362 603 t
1381 577 1553 613 Πληθύνεσθε
1574 578 1622 605 καὶ
1639 578 1803 612 αὑξάνεσθε,
1825 588 1836 604 ι

1038 623 1273 660 θεοπρέπεστερόν
1283 632 1313 650 τε
1323 624 1369 651 καὶ
1378 623 1542 659 οἰκειότερον
1551 625 1590 656 εἰς
1602 624 1701 656 ἑαυτὰς
1712 625 1837 660 μεταφέ-

1038 679 1086 705 pou
1090 678 1145 702 σαι,
1153 669 1202 705 τὴν
1208 668 1377 703 Δεσποτικὴν
1383 669 1412 696 ὲν
1419 666 1658 701 ἑαυταῖςίᾶεικνύου
1662 678 1704 697 σιν
1710 670 1838 705 εὐθηνου-

1039 716 1124 752 μένην
1132 715 1257 749 εὐλογίαν
1264 723 1270 730 ·
1281 715 1297 751 ὴ
1306 715 1416 751 τοιαύτη
1424 714 1580 749 τεκνογονία
1586 715 1636 742 οὐκ
1646 715 1687 747 εις
1694 715 1780 749 μόνας
1788 716 1840 747 τὰς
1869 719 1870 725 ‘

1038 761 1069 794 ἐξ
1084 761 1193 797 ὁμιλίας
1209 761 1306 798 ἀνδρὸς
1322 761 1500 793 παιδοποιοὺς
1521 762 1654 795 γυναῖκας
1671 761 1839 797 περιγράφει

1040 807 1090 843 τῆς
1104 808 1215 843 ἀπάτης
1239 808 1289 844 τὴν
1310 808 1444 841 διάλυσιν,
1470 807 1540 834 ἀλλὰ
1558 807 1605 834 καὶ
1622 807 1663 839 είς
1688 808 1738 839 τὰς
1754 807 1839 839 ἄλλας

1038 853 1092 880 τῶν
1102 853 1242 888 γυναικῶν
1257 853 1305 880 καὶ
1325 854 1445 889 μάλιστα
1459 853 1509 886 τὰς
1535 853 1688 888 παρθένους
1710 853 1838 880 διαϐιϐά-

1037 898 1141 931 ζειτοῦ
1171 899 1331 935 σφάλματος
1356 900 1407 936 τὴν
1433 899 1597 935 διόρθωσιν·
1615 898 1750 931 σώζονται
1782 898 1839 934 γὰρ

1037 946 1104 972 πᾶσι
1131 946 1192 972 καθ’
1207 942 1244 973 ὧν
1259 946 1290 972 τὸ
1317 946 1484 981 προγονικὸν
1513 946 1662 981 ἐλάττωμα
1686 945 1839 980 ἐπενέμετο

1035 990 1080 1017 διὰ
1095 991 1146 1026 τῆς
1158 991 1288 1026 τοιαύτης
1304 992 1489 1026 τεκνογονίας,
1502 991 1533 1018 τὸ
1549 991 1600 1027 τῆς
1615 991 1725 1027 ἀπάτης
1740 989 1838 1026 αἶσχος

1036 1037 1084 1064 καὶ
1098 1036 1180 1072 ἄχθος
1196 1037 1335 1073 λαμπροῖς
1361 1037 1478 1070 δικαίοις
1502 1037 1764 1073 ἀποσκευαζόμεναι
1789 1038 1839 1064 καὶ

1035 1082 1074 1118 τῷ
1086 1083 1180 1119 οἰκείῳ
1194 1083 1267 1119 τόκῳ
1280 1084 1331 1118 τῆς
1349 1083 1515 1118 Ἐκκλησίας
1527 1083 1562 1110 τὰ
1583 1084 1667 1110 τέκνα
1681 1082 1837 1118 πληθύνου-

1036 1137 1082 1156 σαι
1095 1138 1102 1145 ·
1115 1131 1161 1156 καὶ
1173 1131 1207 1165 τῇ
1225 1129 1316 1156 πίστει
1331 1130 1378 1156 καὶ
1387 1130 1483 1166 ἀγάπῃ
1494 1130 1542 1157 καὶ
1553 1129 1592 1165 τῷ
1604 1129 1648 1156 διὰ
1659 1130 1709 1165 τῆς
1728 1137 1838 1164 σωφρο-

1037 1176 1121 1211 σύνης
1135 1175 1266 1212 ἁγιασμῷ
1281 1176 1510 1211 λαμπρυνόμεναι
1530 1175 1578 1202 τὺν
1592 1176 1622 1202 ὲν
1634 1176 1760 1211 οὐρανοῖς
1779 1175 1837 1201 Πα-

1035 1221 1103 1257 τέρα
1122 1221 1246 1254 δοξάζειν
1259 1222 1323 1254 τοὺς
1339 1223 1380 1254 εις
1396 1222 1483 1253 αὐτὰς
1502 1222 1625 1257 ὁρῶντας
1639 1223 1687 1248 καὶ
1702 1223 1751 1257 τὴν
1768 1222 1837 1248 καλ-

1035 1267 1114 1303 λονὴν
1130 1267 1185 1295 τῶν
1202 1267 1291 1303 ἔργων
1306 1266 1532 1299 ἀνασκοποῦντας
1555 1267 1818 1303 παρασκευάζουσιν
1829 1274 1837 1280 ·

1035 1313 1105 1340 ἀλλὰ
1120 1314 1174 1349 γὰρ
1193 1313 1264 1340 οὕτω
1285 1313 1335 1348 μὲν
1350 1310 1424 1340 οὗτοι
1452 1313 1482 1339 οὺ
1511 1312 1634 1347 φαύλως,
1652 1310 1741 1348 οἶμαι,
1765 1312 1840 1346 πρὸς

1036 1359 1151 1394 θεωρίαν
1172 1359 1203 1386 τὸ
1219 1359 1339 1395 γράμμα
1355 1359 1526 1391 ἀνέλκοντες.

1071 1406 1103 1432 υι
1118 1405 1146 1432 δὲ
1159 1406 1334 1440 τεκνογονίαν
1353 1405 1499 1441 ἱερώτερον
1520 1414 1549 1432 τε
1563 1406 1611 1432 καὶ
1631 1405 1839 1440 θεοπρεπέστε-

1009 1487 1016 1493 _
1037 1460 1084 1488 ρον
1098 1451 1149 1488 τὴν
1166 1452 1199 1479 ὲκ
1218 1452 1268 1488 τῆς
1288 1452 1429 1487 Παρθένου
1447 1452 1495 1479 τοῦ
1512 1453 1641 1488 Σωτῆρος
1664 1453 1744 1489 ἡμῶν
1761 1455 1839 1490 ἱερο-

189 1508 316 1528 scrmone
324 1499 419 1527 dicunt
430 1498 644 1534 generationem;
654 1505 701 1532 per
712 1505 794 1532 quam
803 1497 922 1524 ﬁliorum
933 1505 975 1533 get

1067 1497 1147 1532 γοῦσι
1158 1498 1286 1533 γέννησιν
1296 1507 1303 1514 ι
1315 1498 1350 1525 δι’
1364 1496 1398 1535 ἧς
1410 1498 1583 1532 τεκνογονίας
1602 1499 1633 1525 οὐ
1658 1498 1713 1525 τῶν
1735 1507 1839 1534 γυναι-

190 1547 360 1574 nerationcm
373 1553 428 1573 non
443 1545 590 1572 mulierum
608 1549 707 1571 natura
723 1544 812 1571 solum
833 1543 983 1579 gloriﬁcata

190 1596 232 1619 est
247 1595 274 1618 et
287 1599 302 1618 a
316 1590 476 1625 deceptione
489 1590 607 1617 dedecus
623 1593 650 1616 et
665 1589 923 1616 condemnationem
936 1588 985 1615 ab-

190 1637 293 1670 stersit,
309 1637 390 1664 ﬁdem
407 1640 434 1663 et
453 1635 617 1663 charitatem
630 1638 657 1662 et
672 1634 919 1662 sanctilieationem
937 1633 984 1669 qui

189 1689 232 1713 cst
247 1685 354 1712 fructus
377 1683 532 1720 prudentia:
547 1688 695 1714 sectantes,
717 1683 764 1710 sed
783 1687 810 1710 et
834 1691 921 1719 genus
943 1688 985 1711 to-

190 1736 248 1758 tum
266 1729 385 1766 propriis
400 1734 427 1757 et
441 1729 605 1757 voluntariis
631 1729 714 1763 geniti
741 1729 918 1764 passionihus
942 1737 984 1757 rc-

189 1782 316 1804 vocatum
329 1781 372 1804 est
391 1783 406 1803 a
427 1777 505 1811 lapsu
521 1780 549 1803 et
569 1775 655 1802 multo
670 1775 808 1803 diviniore
820 1784 903 1811 quam
920 1782 984 1803 ante

188 1823 372 1858 praecipitium
388 1826 462 1850 sorte
471 1818 553 1857 digna
577 1821 669 1848 habita
683 1825 725 1848 est
740 1825 767 1849 et
780 1821 921 1850 fruitione.
935 1821 982 1849 V~s

189 1874 281 1897 autem
306 1868 394 1904 magis
411 1868 517 1895 discere
534 1867 673 1902 quomodo
692 1867 863 1902 deceptionis
883 1867 983 1895 mulier

188 1923 237 1950 per
249 1914 350 1942 dictam
366 1913 484 1940 ﬁliorum
497 1912 701 1948 generationem
717 1911 980 1939 condemnationem

187 1958 293 1993 effugit,
305 1963 332 1986 et
348 1958 451 1986 donum
468 1958 572 1992 accepit
589 1957 874 1992 remissionis?prius
893 1957 981 1984 emol-

189 2005 244 2032 lita:
266 2004 300 2031 ad
327 2004 463 2038 serpentis
495 2003 616 2038 linguam
650 2003 807 2031 sibilantem
829 2011 908 2031 sacra
929 2003 981 2030 hac

188 2055 215 2078 et
226 2058 296 2077 nova
315 2057 379 2077 vere
396 2049 446 2077 sub
462 2050 533 2078 ccelo
562 2049 681 2077 ﬁliorum
709 2050 886 2086 generatione
916 2057 980 2085 pro-

187 2104 295 2132 gressa.
309 2100 488 2132 tyrannorum
506 2097 607 2132 linguis
630 2103 660 2124 se
674 2101 842 2131 oppOuentes
860 2097 980 2124 oratorie

187 2142 350 2171 docentibus
371 2142 559 2178 impietatem;
582 2146 610 2169 et
624 2143 713 2177 pinnis
737 2151 793 2171 non
810 2143 900 2171 solum
919 2143 978 2170 visu

188 2196 277 2224 neque
301 2192 427 2223 experto,
454 2188 502 2216 sed
535 2193 563 2215 et
576 2188 650 2215 dictu
674 2188 975 2216 horrendissimislmta

1067 2196 1096 2220 ηις
1128 2188 1178 2224 τὴν
1209 2189 1337 2216 ἀσέϐειαν
1354 2196 1361 2203 '
1390 2190 1437 2217 καὶ

187 2239 215 2262 et
231 2234 393 2270 gloriantes,
413 2234 442 2262 in
459 2233 554 2261 multis
569 2241 640 2269 sape
653 2242 708 2261 non
723 2234 847 2263 minores
862 2235 982 2262 homini-

187 2281 239 2310 bus
251 2281 333 2309 luetis
357 2285 385 2308 et
415 2280 614 2308 certaminibus
643 2281 834 2309 excelluerunt
854 2287 901 2314 ;et
925 2289 979 2309 non

188 2327 336 2355 mulierum
357 2326 446 2355 solum
462 2326 509 2354 sed
529 2331 557 2354 et
567 2327 691 2355 virorum
708 2327 775 2355 vis-aa
796 2331 861 2355 sunt
872 2327 981 2363 pietatis

191 2373 332 2408 magistrae
339 2377 366 2400 et
379 2380 429 2408 pro
442 2372 554 2400 Christo
568 2372 667 2401 acerba
682 2373 816 2408 supplicia
833 2378 860 2402 et
877 2379 978 2402 mortes

187 2425 216 2447 et
243 2419 448 2447 immolationes
470 2425 603 2454 generoso
628 2423 656 2447 et
673 2419 838 2446 inconcusso
865 2424 892 2447 et
918 2419 980 2447 Iacto

188 2465 379 2494 sustinuerunt
392 2465 495 2493 animo.

340 2596 504 2631 ΩῸΑΞΒἸΊΟ
525 2597 631 2625 LXXIII
650 2598 700 2635 [ιιι.
716 2597 834 2635 LXXII].

189 2643 326 2677 Quomodo
338 2643 507 2678 intelligenda
519 2644 572 2671 sint
588 2643 665 2671 verba
673 2645 733 2675 illa.
743 2654 752 2670 ι
764 2644 815 2677 Qui
834 2645 978 2672 manduca-

223 2681 288 2706 uerit
307 2679 374 2705 hunc
389 2687 483 2714 partem
500 2684 524 2706 et
540 2680 633 2706 biberit
655 2680 765 2707 calicem
780 2680 886 2707 Domini
907 2682 978 2708 indi-

223 2723 282 2776 gnte,
301 2722 359 2741 reus
374 2715 424 2742 erit
441 2715 558 2749 corporis
586 2720 610 2743 et
629 2716 766 2751 sanguinis
791 2716 909 2750 Domini,
927 2727 936 2743 ι
953 2721 979 2745 et

223 2758 250 2776 τε
263 2757 334 2776 rana.

223 2757 334 2784 uuqna.

1009 1535 1019 1546 λ
1037 1544 1093 1571 κῶν
1109 1544 1126 1579 ἡ
1140 1544 1222 1579 φύσις
1237 1544 1319 1579 μόνον
1332 1544 1464 1579 ἐδοξάσθη
1479 1544 1527 1571 καὶ
1537 1544 1587 1580 τὴν
1601 1544 1655 1571 ἀπὸ
1665 1544 1715 1579 τῆς
1725 1546 1842 1582 ἀπάτης

1036 1589 1116 1626 ὖῦριν
1140 1589 1187 1617 καὶ
1215 1589 1392 1625 κατάγνωσιν
1419 1589 1642 1623 ἀπεσκευάσατο,
1667 1590 1761 1618 πίστιν
1789 1595 1843 1619 καὶ

1036 1635 1146 1670 ἀγάπην
1159 1637 1207 1662 καὶ
1224 1635 1374 1671 ἁγιασμὸν,
1389 1636 1419 1668 ὅς
1434 1637 1492 1662 ἐστι
1509 1635 1618 1671 καρπὸς
1627 1636 1677 1672 τῆς
1692 1639 1843 1673 σωφροσύ-

1036 1691 1084 1717 νης
1101 1682 1312 1717 μετερχόμεναι,
1329 1682 1399 1708 ἀλλὰ
1426 1683 1475 1709 καὶ
1498 1683 1528 1709 τὸ
1547 1682 1627 1717 γένος
1647 1683 1708 1710 ὅλον
1722 1684 1842 1717 οἱκεὲοις

1035 1728 1083 1754 καὶ
1103 1728 1238 1760 ἑκουσίοις
1263 1728 1310 1754 τοῦ
1337 1728 1480 1763 τεχθέντος
1506 1729 1669 1764 παθήμασιν
1692 1730 1840 1767 ἀνεκλήθη

1034 1773 1082 1800 τοῦ
1096 1774 1243 1808 πτώματος
1256 1775 1303 1801 καὶ
1326 1774 1417 1810 πολλῷ
1434 1774 1576 1811 θειοτέρας
1591 1775 1608 1811 ἢ
1624 1775 1678 1812 πρὸ
1700 1775 1749 1803 τοῦ
1766 1786 1841 1804 κατ-

1034 1820 1178 1855 ενεχθῆναι
1203 1819 1307 1854 λήξεως
1328 1821 1488 1857 κατηξιώθη
1512 1821 1559 1848 καὶ
1578 1822 1769 1855 ἀπολαύσεως.
1786 1823 1840 1850 Θέ-

1033 1865 1091 1897 λεις
1117 1866 1146 1892 δὲ
1176 1866 1278 1901 μᾶλλον
1309 1866 1483 1903 καταμαθεῖν
1511 1868 1586 1900 ὅπως
1613 1868 1664 1903 τῆς
1688 1869 1839 1906 ἁπάτηςή

1033 1912 1102 1948 γυνὴ
1114 1912 1160 1939 διὰ
1171 1913 1221 1947 τῆς
1242 1912 1393 1948 εἰρημένης
1416 1913 1590 1948 τεκνογονίας
1614 1913 1664 1948 τὴν
1685 1914 1767 1950 δίκην
1795 1915 1839 1942 δι-

1033 1958 1129 1993 έφυγε,
1151 1958 1200 1985 καὶ
1222 1959 1252 1986 τὸ
1266 1959 1352 1994 δῶρον
1375 1959 1454 1986 ἔλαϐε
1480 1959 1531 1996 τῆς
1550 1959 1675 1995 ἀφέσεως
1689 1969 1698 1994 ;
1713 1961 1748 1988 At
1767 1962 1840 1996 πρὶν

1034 2004 1244 2039 μαλακισθεῖσαι
1273 2005 1343 2040 πρὸς
1369 2006 1420 2040 τὴν
1444 2005 1492 2032 τοῦ
1518 2005 1608 2041 ὄφεως
1637 2005 1766 2040 γλῶσσαν
1787 2007 1839 2043 ψι-

1033 2051 1200 2084 θυρίζουσαν
1227 2051 1277 2085 τῆς
1317 2052 1393 2086 ἱερᾶς
1429 2052 1532 2087 ταύτης
1577 2052 1625 2079 καὶ
1659 2053 1759 2088 καινῆς
1796 2054 1840 2086 ὡς

1032 2096 1140 2132 άληθῶς
1164 2096 1217 2124 ὑπὸ
1242 2097 1288 2124 τὸν
1304 2097 1383 2132 ἥλιον
1416 2097 1591 2132 τεκνογονίας
1619 2098 1836 2134 προελθούσης,

1031 2142 1173 2176 τυράννων
1210 2142 1346 2177 γλώσσαις
1387 2144 1622 2171 ἀντικαταστᾶσαι
1665 2146 1837 2181 ρητορευοὺ-

1475 2190 1575 2217 ’κοινῶν
1603 2191 1634 2217 οὺ
1661 2191 1744 2226 μόνον
1767 2193 1836 2219 ἰδεῖν

1032 2234 1087 2261 οὐδ’
1104 2236 1145 2267 εἰς
1160 2236 1259 2270 πεῖραν
1276 2236 1375 2269 ἐλθεῖν,
1391 2236 1459 2263 ἀλλὰ
1473 2237 1521 2263 καὶ
1535 2238 1622 2263 εἰπεῖν
1636 2229 1836 2272 φρικωδεστά-

1032 2289 1098 2314 των,
1128 2283 1416 2318 κατευμεγεθήσασαι,
1440 2283 1470 2309 ἐν
1500 2283 1609 2315 πολλοῖς
1630 2284 1764 2317 πολλάκις
1780 2286 1838 2313 οὐκ

1033 2326 1161 2359 ἐλάττους
1173 2327 1228 2354 τῶν
1245 2327 1351 2364 ἀνδρῶν
1371 2328 1435 2361 τοὺς
1454 2329 1554 2362 ἄθλους
1578 2332 1624 2356 καὶ
1639 2331 1702 2360 τοὺς
1717 2331 1838 2365 ἀγῶνας

1032 2373 1198 2409 διήνεγκαν·
1215 2374 1262 2401 καὶ
1274 2375 1305 2401 οὐ
1320 2375 1461 2409 γυναικῶν
1476 2375 1557 2411 μόνον
1571 2376 1640 2404 ἀλλά
1654 2376 1702 2403 καὶ
1721 2377 1837 2412 ἀνδρῶν

1034 2418 1167 2454 ὤφθησαν
1198 2420 1247 2456 τῆς
1271 2420 1415 2453 εὐσεϐείας
1436 2421 1607 2455 διδάσκαλοι,
1619 2422 1667 2449 καὶ
1681 2423 1733 2454 τὰς
1758 2423 1837 2458 ὑπὲρ

1035 2464 1154 2500 Χριστοῦ
1171 2465 1272 2501 πικρὰς
1283 2466 1420 2502 τιμωρίας
1434 2467 1482 2494 καὶ
1496 2467 1560 2500 τοὺς
1575 2468 1707 2499 θανάτους
1721 2469 1837 2500 καὶτὰς

1033 2512 1142 2546 σφαγὰς
1157 2513 1274 2548 γενναίῳ
1291 2513 1340 2540 καὶ
1355 2513 1564 2550 ἀκαταπλήκτῳ
1581 2515 1629 2542 καὶ
1641 2514 1837 2549 εὐφραινομέ-

1031 2566 1069 2593 νῳ
1087 2557 1244 2594 ὑπέστησαν
1261 2558 1300 2594 τῷ
1312 2559 1479 2594 φρονήματι.

1306 2604 1476 2631 ΕΙὮΤΗΣΙΣ
1496 2605 1556 2632 Ol".

1032 2648 1098 2681 Πῶς
1119 2648 1245 2682 νοητέον
1259 2649 1303 2682 τὸ,
1320 2659 1328 2675 ι
1346 2651 1398 2682 Ὃς
1414 2650 1452 2676 ἂν
1466 2651 1554 2684 ἐσθίῃ
1569 2650 1624 2676 τὸν
1644 2650 1737 2684 ἄρτον
1761 2651 1833 2677 τοῦ-

1067 2692 1130 2716 τον,
1144 2684 1193 2710 καὶ
1205 2685 1278 2719 πίνῃ
1291 2685 1323 2711 τὸ
1339 2685 1484 2719 ποτήριον
1496 2685 1549 2718 τοῦ
1560 2685 1672 2718 Κυρίου
1685 2685 1835 2718 ἀναξίως.

1066 2719 1173 2754 ἔνοχος
1188 2719 1274 2746 ἔσται
1284 2719 1337 2756 τσῦ
1354 2721 1491 2756 ᾳάψιιτος
1506 2719 1557 2748 καὶ
1568 2720 1622 2748 ταῦ
1636 2721 1764 2756 αἵματος
1779 2722 1838 2748 τοῦ

1067 2756 1192 2788 Κυρίου,
1211 2764 1220 2780 ι
1241 2754 1337 2781 καὶτὰ
1350 2755 1434 2789 ἑξῆς.

607 2796 678 2821 Edita
689 2804 702 2822 ο
713 2796 784 2827 Maio,
797 2797 860 2823 Nov.
874 2797 935 2824 Coll.
951 2802 968 2825 L
982 2801 1001 2832 I,
1013 2808 1038 2832 p.
1052 2799 1166 2824 120-12}.
1180 2800 1206 2825 In
1228 2800 1303 2825 ICor.
1323 2808 1357 2830 XI,
1369 2801 1408 2826 27.

224 2839 248 2866 1.
282 2837 413 2866 Dotninici
443 2839 568 2874 corporis
596 2840 794 2875 sanguin'sqnc
823 2842 962 2877 sumptio,

1065 2841 1099 2869 α’.
1116 2842 1146 2868 ἸΙ
1161 2843 1310 2878 μετάληψις
1327 2843 1373 2870 τοῦ
1392 2842 1557 2870 Δεσποτικοΰ
1577 2842 1705 2878 σώματος
1722 2843 1769 2870 καὶ
1790 2844 1836 2871 ai"
