1880 3057
110 129 158 161 ί53

579 132 629 163 AD
647 133 945 164 AMPHILOCHIUM
964 133 1138 170 QUIESTIO
1158 135 1264 167 LXXI.

1685 139 1735 170 454

107 193 192 219 ματος
201 185 290 220 τροφή
302 193 344 217 τις
353 184 421 212 οὖσα
430 186 512 222 νοερὰ
522 188 568 214 καὶ
577 188 627 219 τὰς
637 188 755 223 ψυχικὰς
769 189 892 224 δυνάμεις

978 196 1011 216 ne
1027 194 1069 216 est
1093 189 1284 218 intellectualis
1298 191 1422 225 quaedam
1439 196 1523 227 atque
1543 193 1642 221 auimze
1666 194 1737 221 vires

105 230 330 265 ἀναρωννύουσα.
345 231 405 257 ἐπεὶ
421 231 460 266 τῷ
479 232 511 258 ἐκ
524 232 615 267 ψυχῆς
633 233 680 260 καὶ
697 233 822 269 σώματος
835 241 897 259 συν-

106 275 205 302 εστῶτι
235 276 419 311 προσφέρεται
435 276 508 312 ζώῳ,
530 278 560 303 ὲν
580 279 723 313 σωματικῇ
745 278 827 313 οὐσίᾳ
849 279 897 304 καὶ

105 322 174 357 αὑτὴ
193 322 244 357 τὴν
260 324 448 358 πνευματικὴν
465 323 545 359 χάριν
557 325 604 352 καὶ
620 324 666 351 τὸν
680 324 816 360 ἀγιασμὸν
831 330 897 359 παρ’

104 369 162 403 ἔχει
174 377 182 384 ·
201 368 264 395 ὅθεν
275 369 320 395 διὰ
336 369 382 395 τοῦ
399 369 532 404 στόματος
549 370 590 402 είς
600 369 663 401 τοὺς
684 370 833 405 μυστικοὺς
847 370 897 397 θα-

103 415 209 449 λάμους
221 414 272 449 τῆς
289 414 398 448 φύσεως
418 414 561 450 προϊοῦσα,
579 416 620 447 είς
638 415 698 442 ὅλον
716 415 775 450 ,μὲν
794 415 897 442 οἰκονο-

104 460 210 494 μεῖται,
225 459 272 486 καὶ
287 459 349 486 ὅλον
365 459 527 493 καθαγιάζει
546 459 576 487 τὺ
594 460 673 492 ζῶον.
688 459 791 495 μᾶλλον
808 459 838 486 δὲ
857 459 897 490 είς

103 505 191 540 αὐτὴν
207 504 257 540 τὴν
272 505 361 540 ψυχὴν
376 506 423 531 καὶ
440 505 486 532 τὸν
503 505 566 532 νοῦν
589 505 641 540 τῆς
656 505 766 541 χάριτος
790 503 896 531 καὶτοῦ

104 551 279 585 ἁγιασματος
299 550 520 585 ὲπιδαψιλεύεται
535 551 584 586 τὴν
600 551 741 586 ἐνέργειαν
753 558 761 565 ”
776 551 828 586 χρὴ
841 550 896 576 τοί-

102 605 152 623 νυν
171 596 235 627 τοὺς
255 595 403 622 ἀπολαύειν
417 596 564 631 μέλλοντας
575 598 625 632 τῆς
641 597 717 632 ἱερᾶς
731 596 832 631 ταύτης
849 596 897 623 καὶ

103 643 202 677 νοερᾶς
224 642 337 677 τροφῆς,
358 642 395 677 μὴ
415 644 523 676 ἀγνοεῖν
541 642 584 674 τίς
596 644 670 669 ἐστιν
693 644 710 678 ή
724 642 838 674 δύναμις
850 643 898 669 αύ-

103 689 165 723 τῆς,
188 688 235 714 καὶ
257 689 296 720 τίς
322 689 339 724 ἡ
365 689 455 716 πάντα
472 689 534 716 νοῦν
555 689 729 725 ὑπερέχουσα
754 690 788 716 δι’
812 690 898 726 αὐτὴν

102 733 281 768 παβχομένη
294 733 438 767 εὐεργεσία
448 733 495 759 καὶ
505 734 610 769 δωρεά”
624 732 678 760 οἷον
689 735 727 765 ὠς
736 734 898 770 προαιώνιος

101 778 201 813 Λόγος,
216 780 230 805 ὀ
243 780 272 806 ὲν
286 779 356 814 ἀρχῇ
368 778 415 811 ὦν,
432 779 479 806 καὶ
493 780 561 815 πρὸς
575 780 618 806 τὸν
633 781 698 807 Θεὸν
709 780 756 813 ὢν,
773 782 820 808 καὶ
833 782 898 814 Θεδς

101 824 141 850 ὢν
153 833 160 839 ·
178 821 256 856 οὗτος
271 825 286 851 ὁ
300 826 349 860 τῆς
364 825 471 859 φύσεως
481 826 560 861 ἡμῶν
574 826 739 862 δημιουργὸς
753 829 785 854 ὲκ
796 829 897 864 παρθε-

948 234 1073 262 reticiens
1100 235 1243 268 alimonia,
1261 237 1482 272 quandoquidem
1503 238 1647 272 animanti,
1664 240 1736 275 quod

947 285 1062 313 corpore
1083 279 1230 314 animaque
1247 285 1366 314 constat,
1390 282 1541 317 praebetur;
1563 283 1664 311 idcirco
1688 291 1738 319 per

947 332 1106 361 corpoream
1121 327 1303 355 substantiam
1317 328 1376 363 ipsa
1387 336 1497 364 quoque
1515 329 1665 364 spiritalem
1677 339 1738 366 gra-

946 370 1013 398 tiam
1032 377 1060 398 et
1073 371 1316 400 sanctiﬁcationem
1341 373 1457 400 confert.
1482 373 1571 407 Quare
1585 381 1634 410 per
1659 382 1691 402 os
1708 375 1734 401 in

947 416 1061 451 mystica
1077 421 1181 445 naturae
1194 417 1321 446 humanae
1340 419 1481 447 eortclavia
1501 427 1655 455 permeans,
1673 420 1735 447 uni-

948 469 1057 489 versum
1088 462 1157 490 bene
1187 463 1307 499 disponit
1337 468 1419 500 atque
1445 465 1599 493 sanctificat
1624 466 1735 499 animal,

948 508 1083 544 praecipue
1106 513 1196 537 tamen
1209 510 1307 538 animae
1321 517 1354 538 ac
1371 510 1454 538 menti
1475 511 1569 546 gratiae
1585 511 1735 538 sanctimo-

948 554 1055 589 nireque
1077 554 1228 583 liberaliter’
1244 555 1299 583 vim
1324 556 1489 591 suppeditat.
1515 555 1608 590 Itaque
1630 561 1737 591 oportet

948 608 1006 634 eos,
1029 601 1076 636 qui
1095 601 1146 629 hoc
1158 609 1237 630 sacro
1254 602 1426 638 spiritalique
1448 602 1509 630 cibo
1531 602 1643 630 fruituri
1660 608 1734 633 sunt.

949 646 1060 680 minimc
1079 648 1186 676 nescire
1203 655 1329 683 quanam
1345 648 1406 683 ejus
1421 649 1458 676 sit
1476 649 1572 680 virtus.
1591 649 1634 676 vel
1647 648 1735 683 quod-

949 699 1010 719 nam
1027 693 1061 720 ab
1073 700 1105 720 eo
1121 693 1277 721 conferatur
1291 694 1454 722 beneﬁcium
1477 701 1508 722 ac
1527 694 1641 726 donum,
1663 693 1735 728 quod

947 745 1014 765 sane
1036 734 1080 765 rix
1102 738 1155 766 ulla
1178 743 1268 766 mente
1288 739 1482 774 comprehendi
1502 743 1610 774 potest:
1639 746 1736 773 nempe

948 786 1024 826 quod
1035 783 1124 818 ipsum
1139 785 1175 812 sit
1190 789 1253 812 ante
1263 785 1361 812 saecula
1372 785 1507 812 exsistens
1521 785 1651 815 Verbum,
1663 784 1735 818 quod

923 842 929 847 -
948 834 1006 856 erat
1019 830 1045 856 in
1057 830 1203 865 principio,
1223 831 1295 865 quod
1311 831 1381 865 apud
1396 829 1481 857 Deum
1499 835 1569 862 erat,
1586 831 1656 857 heus
1667 830 1733 864 ipse.

101 870 189 897 νικῶν
202 871 328 906 αἱμάτων
344 872 432 907 σάρκα
450 871 654 907 δανεισάμενος,
671 874 685 899 ὁ
701 873 823 901 πλουτῶν
840 874 892 901 θεό-

978 883 998 902 ηε
1023 880 1123 903 nostra:
1150 881 1254 902 naturas
1271 881 1369 903 auctor
1397 876 1520 911 virgineo
1547 876 1581 903 de
1603 875 1735 908 sanguine

100 925 184 952 τητα,
198 917 340 952 ἄνθρωπος
354 918 506 952 κατηξίωσε
521 919 689 953 χρηματίσαι
703 919 736 946 δι’
750 921 834 956 ἡμᾶς,
850 921 896 947 καὶ

100 962 263 997 ἐσκήνωσεν
278 964 306 989 ὲν
323 964 406 998 ἡμῖν’
425 964 472 990 καὶ
485 965 500 990 ὸ
515 964 644 1000 ὑπάρχων
662 966 691 991 ὲν
707 967 797 1002 μορφῇ
816 966 894 998 Θεοῦ,

102 1009 214 1044 μορφὴν
230 1009 345 1036 ἀνέλαϐε
361 1009 465 1043 δούλου,
478 1010 611 1046 ἑκατέρας
627 1011 734 1046 φύσεως
745 1011 807 1043 τοὺς
816 1012 896 1047 ὅρους

101 1056 133 1081 ὲν
155 1056 189 1090 τῇ
212 1056 295 1083 αὑτοῦ
313 1056 364 1092 μίᾳ
375 1057 525 1086 ὑποστάσει
539 1060 708 1094 ἀσυγχύτοὺς
725 1060 771 1087 καὶ
791 1061 893 1097 ἀχωρί-

101 1110 185 1133 στους
206 1101 429 1138 διασωσάμενος*
464 1104 598 1132 ἐκένωσεν
622 1105 669 1132 οὖν
699 1106 794 1133 ἑαυτὸν
824 1108 894 1143 ὑπὲρ

101 1147 184 1183 ἡμῶν
214 1147 371 1180 ἀκενὼτως,
396 1150 444 1176 καὶ
466 1150 587 1184 γεγονὼς
617 1151 709 1186 ὅμοιος
733 1153 799 1187 ἡμῖν
825 1153 894 1179 κατὰ

101 1193 194 1220 πάντα
217 1194 304 1229 χωρὶς
330 1195 476 1229 ἁμαρτίας,
491 1196 544 1223 οὐκ
567 1196 720 1232 εὐεργετῶν
741 1197 822 1233 μόνον
847 1199 894 1225 καὶ

102 1237 221 1273 ἰώμενος
240 1239 289 1271 τὰς
311 1239 454 1273 ἀσθενείας
478 1241 557 1276 ἡμῶν
578 1243 737 1276 διετέλεσεν,
758 1244 825 1271 ἀλλὰ
847 1246 894 1272 καὶ

102 1283 351 1319 βλασφημούμενος
378 1286 426 1313 καὶ
449 1288 691 1323 ἀχαριστοῦμενος,
715 1289 790 1316 οὐδὲν
813 1288 894 1326 ἧττον

100 1329 158 1356 τῶν
172 1330 242 1365 ὑπὲρ
254 1331 333 1364 λόγον
345 1332 453 1366 δωρεῶν
466 1333 516 1368 τὴν
525 1333 655 1367 ἀφθονίαν
666 1335 695 1362 οὐ
708 1335 891 1363 συνέστελλεν·

102 1375 151 1402 καὶ
165 1374 260 1412 ῦὸρεις
278 1377 326 1403 καὶ
340 1377 439 1413 χλεύην
454 1379 507 1406 ὑπὸ
520 1379 574 1406 τῶν
588 1380 826 1417 εὐεργετουμένων
841 1383 892 1418 ὑφ-

103 1421 261 1456 ιστάμενος,
277 1423 328 1457 τῆς
340 1424 444 1458 ἀφάτου
461 1425 666 1461 φιλανθρωπίας
679 1428 730 1454 οὐκ
740 1429 873 1462 ἀφίστατο
884 1437 892 1445 ·

101 1467 172 1493 ἀλλά
195 1467 242 1495 καὶ
269 1470 385 1504 σταυρὸν
406 1471 453 1497 καὶ
472 1471 587 1498 θάνατον
602 1472 727 1507 ἤνεγκεν,
741 1473 811 1500 ὥστε
830 1475 893 1506 τοὺς

100 1513 234 1548 ὕϐριστάς
254 1515 369 1543 θανάτου
393 1518 440 1544 καὶ
460 1518 562 1553 φθορᾶς
577 1519 740 1552 ἀπαλλάξαι,
758 1520 806 1547 καὶ
823 1521 891 1556 πρὸς
904 1529 926 1558 c

101 1558 255 1586 ἀθανασίαν
270 1560 317 1586 καὶ
332 1561 486 1597 ἀφθαρσίαν
498 1563 528 1590 τὺ
541 1563 636 1599 θνητὸν
653 1564 733 1599 ἡμῶν
746 1566 793 1592 καὶ
807 1566 893 1601 φθαρ-

100 1605 150 1632 τὸν
160 1606 207 1632 διὰ
221 1606 269 1640 τῆς
286 1606 354 1642 ιδίας
369 1608 545 1641 ἀναστάσεως
559 1610 733 1645 μεταπλάσαι
747 1620 775 1638 τε
793 1611 840 1638 καὶ
851 1613 894 1640 ἀν-

102 1652 279 1687 υψώσασθαι.

139 1743 172 1778 β’.
193 1743 302 1770 Τούτων
321 1744 349 1770 δὲ
374 1744 482 1771 πάντων
499 1745 553 1772 τῶν
569 1746 678 1780 ἀγαθῶν
698 1746 847 1782 ἀρῤαὸῶνά
862 1756 892 1773 τε

100 1789 150 1827 καὶ
172 1789 300 1825 θεμέλιον
323 1789 372 1816 τοῦ
393 1790 494 1817 οἰκείου
513 1791 637 1826 σώματος
653 1793 699 1819 καὶ
713 1793 828 1828 αἵματος
843 1793 893 1828 τὴν

101 1835 257 1870 μετάληψιν
274 1836 512 1871 πωκατεὸἀλλετο
525 1845 532 1852 ”
557 1837 594 1870 ὡς
611 1837 644 1864 ἃν
663 1838 766 1873 ταύτης
780 1838 809 1865 ἐν
826 1847 892 1871 μετ-

98 1882 182 1917 ουσίᾳ
201 1881 340 1917 γινόμενοι
361 1882 411 1916 τῆς
422 1882 548 1918 οὐρανίου
563 1883 610 1910 καὶ
625 1883 759 1910 ἀθανάτου
777 1884 849 1919 ζωῆς
863 1884 892 1911 ὲν

99 1928 209 1959 ἑαυτοῖς
232 1927 305 1963 ἒχειν
325 1928 499 1963 πιστεύωμεν
524 1929 557 1956 τὰ
579 1929 726 1965 προοίμια’
742 1930 855 1966 καὶγὰρ
874 1930 890 1966 ή

99 1973 287 2005 ὲνυπόστατος
293 1973 408 2009 ἀλήθειά
415 1982 492 2010 φησι·
504 1984 513 2000 ι
524 1975 553 2001 '0
559 1975 673 2010 τρώγων
687 1984 737 2010 μου
746 1976 795 2010 τὴν
803 1977 891 2010 σάρκα

99 2020 148 2047 καὶ
165 2020 252 2046 πίνων
268 2029 319 2055 μου
337 2020 367 2046 τὺ
378 2017 459 2055 αἷμα,
472 2019 528 2056 ἔχει
549 2020 620 2056 ζωὴν
634 2020 741 2047 αἰώνιον
751 2029 758 2035 ·
777 2030 786 2046 ›
798 2021 890 2056 ἐπειδὴ

98 2067 131 2100 τῇ
159 2066 262 2100 μετοχῇ
288 2065 338 2100 τῆς
365 2065 500 2101 ἀχράντου
528 2066 629 2101 σαρκὸς
648 2065 730 2093 αὑτοῦ
753 2062 890 2101 σύσσωμοι

98 2110 309 2144 καθιστάμενοι,
324 2110 368 2136 καὶ
381 2111 430 2144 τῆς
443 2110 597 2145 ἀφθαρσίας
610 2112 655 2137 καὶ
667 2111 815 2143 ἀθανασίας
827 2120 891 2139 κατ-

99 2155 266 2190 αξιούμεθα’
285 2157 299 2182 6
320 2155 409 2182 τοίνυν
432 2158 494 2187 τοὺς
519 2156 667 2191 λογισμοὺς
682 2157 764 2184 αὐτοῦ
785 2157 892 2190 τούτοις

947 927 1057 947 carnem
1070 920 1122 947 sibi
1137 921 1258 955 adeptus.
1270 920 1317 956 qui
1329 925 1388 948 erat
1402 920 1543 948 divinitate
1555 922 1641 952 dives,
1653 920 1736 948 homo

947 965 1004 992 fieri
1034 971 1143 999 propter
1171 973 1220 993 nos
1235 966 1331 999 voluit,
1355 973 1388 993 ac
1412 966 1556 994 nobiscum
1580 966 1735 993 diversatus

946 1016 987 1038 est
1005 1019 1012 1038 :
1027 1016 1053 1038 et
1070 1012 1117 1046 qui
1131 1015 1190 1038 erat
1204 1012 1231 1039 in
1252 1011 1341 1040 forma
1361 1011 1420 1044 Dei,
1437 1012 1553 1039 formam
1571 1012 1642 1040 servi
1660 1019 1735 1040 rece-

946 1056 995 1091 pit,
1013 1056 1155 1090 utriusque
1165 1060 1269 1083 naturae
1282 1056 1413 1084 terminos
1426 1057 1453 1084 in
1466 1057 1546 1084 unica
1558 1065 1607 1084 sua
1618 1064 1735 1092 persona

946 1101 1105 1130 iuconfusos
1131 1102 1380 1137 inseparabilesque
1411 1110 1536 1131 servans.
1577 1102 1736 1130 Exiuanivit

944 1154 1010 1182 ergo
1024 1147 1083 1174 sine
1099 1147 1286 1176 exiuanitione
1310 1155 1339 1176 se
1361 1149 1463 1184 ipsum,
1483 1156 1516 1176 ac
1532 1149 1630 1177 similis
1655 1149 1735 1177 nobis

945 1199 992 1226 per
1009 1193 1099 1219 omnia
1122 1192 1234 1220 effectus
1254 1193 1358 1228 absque
1379 1198 1491 1228 peccato
1515 1194 1550 1226 ",
1566 1201 1621 1221 non
1645 1194 1734 1222 solum

948 1239 1017 1266 bene
1029 1237 1092 1266 fecit
1111 1238 1261 1267 infirmitati
1277 1243 1378 1267 nostra
1394 1247 1426 1267 ac
1445 1240 1596 1268 medicatus
1610 1244 1674 1274 est;
1689 1247 1737 1268 ve-

946 1293 1005 1312 rum
1022 1286 1072 1313 etsi
1094 1285 1272 1320 blasphemiis
1288 1285 1434 1320 appetitus,
1450 1291 1532 1321 atque
1552 1286 1674 1321 ingratos
1687 1293 1735 1313 ex-

945 1337 1039 1366 pertus
1053 1331 1188 1362 homines.
1203 1330 1385 1358 nihilominus
1401 1331 1627 1359 inenarrabilium
1648 1332 1735 1359 dono-

945 1384 1005 1403 rum
1024 1376 1189 1404 aﬂlueutiam
1215 1384 1269 1403 non
1296 1377 1490 1411 compescuit:
1513 1377 1683 1412 injuriasque
1707 1382 1735 1405 ct

944 1423 1066 1450 convicia
1084 1423 1118 1450 ab
1130 1423 1163 1450 iis
1177 1423 1222 1458 qui
1238 1423 1298 1457 ejus
1322 1423 1462 1452 beneﬂciis
1484 1424 1526 1452 usi
1546 1425 1655 1452 fuerant
1673 1432 1735 1460 per-

944 1475 1050 1502 pessus,
1066 1468 1100 1494 ab
1113 1467 1241 1495 ineﬂ‘abili
1261 1468 1450 1495 benevolentia
1467 1476 1522 1496 non
1547 1469 1668 1503 destitit;
1685 1469 1733 1497 sed

945 1520 1054 1541 crucem
1074 1520 1222 1547 necemque
1234 1512 1356 1547 pertulit,
1373 1517 1403 1540 ut
1419 1513 1545 1541 inimicos
1569 1521 1634 1541 suos
1647 1520 1735 1542 morte

943 1564 970 1586 ct
985 1558 1161 1593 corruptione
1182 1558 1320 1591 liberaret,
1343 1563 1425 1594 atque
1449 1559 1483 1586 ad
1499 1559 1733 1587 immortalitatem

942 1609 970 1632 ct
984 1604 1215 1639 incorruptionem
1232 1605 1346 1632 mortale
1358 1605 1410 1632 hoc
1425 1609 1549 1633 nostrum
1561 1610 1589 1632 et
1599 1605 1734 1640 corrupti-

946 1650 1000 1677 bilc
1011 1658 1112 1684 corpus
1125 1657 1174 1684 per
1185 1656 1263 1676 suam
1279 1651 1506 1678 resurrectionem
1521 1651 1681 1679 transferret
1693 1655 1734 1678 at-

941 1704 997 1731 que
1010 1696 1156 1724 attolleret.

978 1742 1005 1769 2.
1022 1741 1081 1770 Iam
1097 1749 1160 1769 vero
1176 1743 1273 1770 horum
1291 1743 1425 1770 honorum
1448 1743 1571 1770 omnium
1600 1743 1734 1770 :trrhabo.

943 1796 1006 1816 nem
1023 1796 1055 1816 ac
1071 1788 1279 1816 fundamentum
1295 1790 1392 1817 statuit
1403 1790 1507 1825 proprii
1524 1790 1649 1824 corpOris
1665 1798 1733 1817 san-

943 1834 1090 1868 guinisque
1118 1834 1326 1869 sumptionem:
1356 1834 1393 1862 ita
1420 1839 1450 1862 ut
1476 1835 1559 1869 hujus
1588 1835 1733 1869 participes

941 1879 1043 1912 ell‘ecti,
1063 1879 1184 1908 caelestis
1199 1884 1282 1915 atque
1304 1880 1471 1908 immortalis
1497 1881 1559 1908 vitae
1588 1881 1658 1908 intra
1683 1888 1733 1908 uos

942 1925 1016 1960 ipsos
1048 1926 1150 1954 habere
1180 1926 1325 1954 credamus
1355 1927 1503 1961 primitias.
1534 1927 1640 1954 Etenim
1666 1927 1733 1955 sub-

942 1972 1078 2000 stantialis
1094 1973 1153 2008 ipsa
1164 1972 1268 2000 Veritas
1284 1972 1371 2000 dicit:
1393 1981 1403 1998 ι
1416 1972 1467 2004 Qui
1485 1972 1631 2013 manducat
1642 1979 1730 1999 meam

942 2025 1053 2045 carnem
1081 2024 1108 2045 et
1136 2018 1206 2045 bibit
1229 2025 1321 2045 meum
1350 2019 1524 2053 sanguinem,
1543 2018 1624 2046 habet
1648 2018 1732 2045 vitam

942 2067 1073 2091 arternam
1086 2064 1120 2091 ".
1134 2073 1143 2089 ι
1159 2063 1227 2091 Nam
1245 2072 1293 2099 per
1307 2065 1530 2092 communionem
1553 2064 1734 2091 immaculata:

942 2109 1117 2136 (-arnisidem
1135 2117 1197 2136 cum
1216 2117 1249 2137 eo
1275 2117 1376 2144 corpus
1399 2110 1499 2142 etl‘ecti,
1527 2110 1734 2145 incorruptione

944 2161 1052 2189 quoque
1067 2161 1094 2181 ct
1109 2154 1315 2182 immortalitate
1329 2155 1404 2190 digiti
1427 2155 1570 2195 efﬁcimur.
1600 2155 1653 2188 Qui
1668 2163 1734 2190 ergo

98 2202 280 2237 ἀναστρέφων
302 2203 349 2228 καὶ
362 2202 567 2238 στηριζόμενος,
584 2203 631 2229 καὶ
646 2204 691 2230 τὸν
708 2204 822 2231 πλοῦτον
837 2204 890 2230 τῶν

978 2207 1001 2228 ιο
1016 2205 1108 2228 mentc
1125 2201 1240 2227 revolvit
1255 2206 1337 2236 atque
1359 2201 1462 2234 defigit,
1480 2208 1511 2228 ac
1535 2201 1732 2228 beneficiorum

97 2247 268 2282 εὐεργεσιῶν
285 2248 477 2282 ἐπερχόμενος,
494 2248 604 2275 ἐπειδὰν
620 2249 711 2283 μέλλει
723 2249 772 2284 τῆς
791 2258 889 2283 μυστι-

99 2294 151 2328 κῆς
161 2294 263 2329 ταύτης
275 2294 322 2320 καὶ
335 2295 476 2329 ἀκηράτου
489 2295 592 2330 τροφῆς
606 2295 741 2330 μετέχειν,
757 2295 835 2331 δῆλον
849 2296 890 2322 ὅτι

99 2340 222 2374 καθαρὸν
236 2341 283 2366 καὶ
296 2340 429 2376 ἀμέτοχον
440 2341 494 2367 τῶν
508 2341 634 2376 πονηρῶν
650 2341 776 2376 πράξεων
789 2342 892 2376 ὀφείλει

100 2386 323 2421 παρασκευάζειν
339 2387 450 2414 ἑαυτόν·
473 2385 518 2414 οἷα
536 2387 568 2423 δὴ
592 2387 698 2422 μέλλων
719 2381 893 2424 τὸνβασιλέα

99 2432 210 2458 πάντων
225 2433 271 2458 καί
286 2433 425 2468 Δεσπότην
443 2434 475 2469 τῇ
495 2434 631 2469 παρουσίᾳ
642 2434 687 2460 τοῦ
701 2434 825 2470 σώματος
843 2435 893 2461 αὺ-

99 2477 147 2504 τυῦ
162 2479 192 2504 ἐν
204 2479 261 2509 τοῖς
270 2478 320 2513 τῆς
334 2478 423 2514 ψυχῆς
435 2479 614 2512 ὐποδέξασθαι
626 2479 757 2514 θαλάμοις
776 2488 893 2506 συνανα-

98 2525 266 2559 κιρνάμενον
290 2525 401 2560 ἀρρήτῳ
418 2525 490 2560 λόγῳ
511 2526 557 2552 καὶ
573 2526 642 2561 ὑπὲρ
658 2526 811 2562 κατάληψιν
834 2527 894 2560 φιλ-

100 2569 257 2605 ανθρωπίᾳ,
275 2570 323 2596 καὶ
337 2570 527 2606 συμφυόμενον
545 2570 651 2606 σώματι
665 2572 704 2607 τῷ
718 2571 844 2608 ἡμετέρῳ
854 2581 861 2588 ·
880 2573 894 2599 ό

100 2615 128 2642 δὲ
147 2615 186 2651 μὴ
198 2615 444 2652 προκαθηράμενος
461 2617 556 2643 ἑαυτὸν
575 2617 628 2644 τῶν
651 2618 832 2656 μολυσμὰτων
847 2619 895 2645 καὶ

100 2661 195 2688 παθῶν
215 2662 266 2688 ὅσα
281 2671 310 2688 τε
325 2662 374 2697 τὴν
389 2662 477 2698 ψυχὴν
494 2664 540 2689 καὶ
558 2663 609 2690 ὅσα
625 2663 656 2689 τὸ
670 2665 750 2698 σῶμα
765 2664 892 2700 λυμαίνε-

98 2716 145 2734 ται
170 2708 220 2734 καὶ
237 2708 430 2743 καταμολύνει,
451 2708 519 2735 ἀλλά
535 2708 663 2744 ρυποῦντι
689 2709 738 2744 μὲν
761 2709 821 2745 βίῳ,
842 2710 892 2744 ῥυ-

100 2753 197 2779 ποῦντι
216 2752 246 2779 δὲ
269 2752 392 2789 λογισμῷ
408 2753 458 2787 τῆς
482 2754 616 2791 μυστικῆς
636 2754 756 2789 προσιὼν
771 2755 820 2782 καὶ
838 2756 892 2782 ἀπ-

101 2799 320 2834 αθανατιζούσης
333 2799 473 2835 τραπέζης
487 2800 642 2834 μετασχεῖν,
653 2797 730 2834 οὗτος
742 2801 772 2828 ού
786 2801 894 2837 μετέχει

135 2857 249 2885 "llcbr.
265 2865 303 2888 vs.
319 2857 362 2884 i5.
402 2857 426 2873 "
441 2857 519 2884 Joan.
533 2865 570 2892 vr,
584 2857 628 2884 55.

943 2248 1049 2281 copiam
1063 2247 1170 2280 recolit,
1194 2247 1414 2282 quotiescunque
1443 2248 1552 2283 mystici
1579 2248 1661 2283 hujus
1682 2248 1734 2275 illi-

944 2292 1056 2328 batique
1068 2293 1121 2320 cibi
1139 2294 1274 2328 particeps
1286 2297 1327 2320 est
1342 2293 1461 2326 futurus,
1478 2294 1550 2320 hunc
1564 2298 1672 2321 constat
1683 2302 1734 2328 pu-

946 2346 1006 2366 rum
1025 2346 1054 2366 sc
1076 2338 1222 2373 pravisque
1237 2338 1368 2373 operibus
1388 2338 1509 2365 alienum
1525 2344 1661 2373 [pratslarc
1687 2339 1734 2365 dc-

944 2385 1033 2412 bcre:
1055 2384 1155 2419 quippe
1168 2384 1213 2419 qui
1235 2383 1418 2411 universalem
1446 2383 1547 2418 Regem
1576 2391 1609 2411 ac
1639 2383 1733 2410 Domi-

945 2438 1011 2457 num
1049 2437 1167 2464 corpore
1200 2430 1259 2464 ipso
1291 2433 1452 2464 praesentem
1487 2434 1653 2464 excepturus
1680 2435 1733 2460 est,

945 2476 1123 2504 conclavibus
1139 2477 1238 2503 animae
1250 2475 1381 2503 ineffabili
1407 2476 1514 2503 ratione
1527 2480 1555 2503 et
1578 2476 1735 2511 incompre—

944 2519 1073 2550 hnsibili
1099 2522 1243 2550 clementia
1283 2522 1416 2555 infusum,
1448 2527 1597 2558 nostroque
1626 2522 1737 2557 corpori

945 2569 1108 2596 immistum.
1137 2567 1198 2595 Jatu
1219 2568 1266 2603 qui
1284 2576 1313 2596 se
1329 2569 1419 2603 ipsum
1436 2569 1553 2596 maculis
1566 2573 1648 2604 atque
1673 2576 1737 2603 pas-

947 2615 1073 2643 sionibus
1098 2614 1169 2642 haud
1191 2619 1255 2642 ante
1284 2615 1453 2651 purgaverit,
1479 2622 1651 2650 quaecunque
1676 2615 1737 2642 ani—

949 2669 1023 2688 mum
1041 2661 1102 2696 ejus
1114 2667 1270 2696 corpusque
1285 2661 1402 2696 impiant
1417 2668 1450 2688 ac
1474 2661 1596 2695 foedant;
1615 2661 1662 2688 sed
1677 2668 1737 2688 sor-

947 2707 1010 2734 dida
1038 2707 1092 2734 vita
1112 2706 1278 2742 sordidaque
1306 2713 1398 2735 mente
1426 2707 1460 2735 ad
1490 2707 1646 2743 mysticam,
1677 2716 1739 2743 quae

948 2753 1182 2782 immortalitatem
1217 2753 1313 2786 donat,
1343 2762 1466 2782 mensam
1495 2754 1624 2782 vescendi
1655 2762 1737 2781 causa

947 2801 1096 2830 accesserit
1111 2809 1118 2834 ;
1135 2800 1180 2830 hic
1192 2800 1350 2829 mehercule
1365 2801 1461 2836 gratia:
1476 2808 1529 2828 non
1541 2800 1570 2828 ﬁt
1583 2800 1736 2836 particcps:
