1880 3057
162 110 216 141 455

737 103 871 134 ΡΗΟΤΙΙ
889 103 1141 134 ΡΑΤΒΙΑΒΟΗιΕ
1154 103 1208 133 CP.

1735 102 1791 134 456

165 173 253 201 neque
274 164 346 192 enim
369 168 448 198 putre
464 169 512 188 vae
542 163 712 195 unguentum
739 159 883 187 continere
906 165 947 192 po-

1035 163 1058 185 εν
1067 159 1117 194 τῆς
1127 159 1248 194 χάριτος·
1263 157 1324 185 οὐδὲ
1334 159 1388 194 γὰρ
1403 159 1507 194 σαπρὸν
1517 159 1619 194 δοχετον
1632 160 1717 195 μύρον
1727 161 1796 188 ὑπο-

163 216 217 240 test
231 220 238 244 ;
254 217 341 245 neque
356 207 504 243 margarita
518 206 694 240 sterquilinio
717 204 946 232 commendatur:

163 263 220 285 tum
235 257 298 292 quia
314 255 397 282 violat
411 261 443 281 ae
457 253 620 281 dehoneSIat
638 258 694 278 rem
718 257 771 278 non
790 250 871 277 modo
882 257 948 276 con-

161 303 274 330 tumelia
298 300 449 336 indignam,
471 299 519 326 sed
550 298 596 326 cui
622 305 671 333 par
707 297 796 324 honor
822 295 947 323 adhiberi

161 339 253 376 nullus
272 350 377 382 potest,
395 346 419 373 is
435 344 536 372 summi
554 343 666 372 sceleris
681 342 860 377 semetipsum
870 348 948 369 reum

161 393 313 422 constituit.
335 391 457 426 lnjurius
469 390 542 418 enim
552 394 594 416 est
608 389 636 416 in
647 388 820 416 Dominicum
837 395 948 422 corpus,

161 440 242 467 sicuti
255 438 386 465 adversus
404 436 475 464 idem
490 435 624 470 injuriosa
641 434 693 461 fuit
705 434 770 461 olim
790 433 947 461 Iudaeorum

161 486 285 517 audacia,
301 492 316 511 a
331 491 385 518 qua
398 483 475 511 cruci
495 481 623 510 sufﬁxum
646 480 708 508 fuit.
725 480 910 513 Quamobrem
925 479 948 507 is

160 532 206 567 qui
228 530 360 558 urebatur
373 527 577 564 quodammodo
603 531 630 554 et
657 526 807 560 aegrotabat
837 529 949 560 propter

160 585 207 604 eos
221 576 267 611 qui
287 575 338 602 lide
352 573 513 601 labebantur
525 577 551 600 et
565 572 726 600 laborabant
739 570 773 604 “,
792 570 857 598 dum
867 569 949 604 hujus

161 622 263 656 peccati
291 620 505 656 magnitudinem
540 619 732 646 demonstrare
761 617 863 652 studet,
891 623 948 643 non

161 668 227 696 satis
242 666 346 698 habuit,
362 665 445 693 semel
459 664 573 696 dixisse,
582 663 718 698 ejusmodi
733 662 872 690 hominem
884 668 949 689 cor-

161 712 235 747 poris
259 718 291 739 ac
317 710 460 746 sanguinis
479 709 589 736 Domini
603 716 665 736 esse
692 715 791 740 reum;
821 706 869 735 sed
884 713 948 733 mox

162 764 257 785 rursus
281 761 397 784 testatus
422 760 485 783 est:
517 755 589 788 (Qui
611 754 759 781 manducat
783 760 881 788 panem
907 751 949 779 bi-

999 204 1125 236 δέξασθαι
1145 204 1273 229 δύναται·
1291 203 1352 230 οὐδὲ
1375 204 1547 239 μαργαρίτης
1564 205 1687 241 βορϐόρῳ
1703 215 1794 233 nam-

1000 250 1174 277 πιστεύεται·
1195 250 1253 276 ἀλλ’
1269 250 1388 284 ὑϐρίζων
1407 251 1455 277 καὶ
1472 251 1614 285 ἀτιμάζων
1641 252 1672 278 τὸ
1695 254 1792 288 κρεῖτ-

999 295 1087 322 τον-οὑ
1099 295 1180 331 μόνον
1192 295 1296 331 ὖὸρεως
1306 295 1376 322 ἀλλὰ
1388 295 1436 322 καὶ
1448 294 1626 331 τιμῆς,οὗτος
1637 298 1795 333 ἀπαραιτή-

998 350 1046 368 του
1060 342 1196 377 κρίματος
1207 341 1303 368 ἑαυτὸν
1319 342 1443 376 ἀπέφηνε
1457 343 1582 378 μέτοχον·
1599 343 1725 378 ἐξύϐρισε
1739 345 1796 380 γὰρ

998 389 1030 414 τὺ
1042 388 1122 422 σῶμα
1138 387 1170 414 τὸ
1186 388 1363 420 Δεσποτικδν,
1375 389 1415 420 είς
1428 388 1443 415 ὃ
1452 389 1506 416 τῶν
1523 389 1658 416 Ἰουδαίων
1672 391 1689 425 ἡ
1706 390 1797 425 τόλμα

999 433 1111 469 σταυρῷ
1125 433 1322 469 προεξύϐρισεν
1336 434 1514 470 ἀναρτήσασα
1525 442 1533 450 °
1553 435 1594 462 διὸ
1605 435 1653 462 καὶ
1664 437 1678 462 6
1689 436 1796 471 πυρού-

984 472 1081 515 ⁸μενος
1105 480 1153 507 καὶ
1172 479 1294 507 ἀσθενῶν
1318 480 1389 516 ὑπὲρ
1415 481 1470 507 τῶν
1492 481 1747 516 σκανδαλιζομένων
1759 483 1795 518 τῇ

1001 525 1092 551 πίστει
1108 524 1155 551 καὶ
1173 524 1369 557 ἀσθενούντων,
1386 525 1416 552 τὺ
1434 525 1549 561 μέγεθος
1560 526 1608 553 τοῦ
1623 527 1796 562 ἁμαρτήμα-

1000 579 1045 602 τος
1062 570 1213 606 παριστῶν,
1227 571 1278 598 οὐκ
1302 571 1425 607 ἠρκέσθη
1451 571 1523 605 ἅπαξ
1545 572 1632 599 εἰπεῖν
1649 573 1687 604 ὡς
1703 573 1797 609 ἔνοχός

999 616 1073 642 ἐστιν
1101 616 1116 643 6
1146 615 1267 648 τοιοῦτος
1293 616 1341 643 τοῦ
1374 616 1500 651 σώματος
1528 618 1576 644 καὶ
1604 617 1652 644 τοῦ
1678 618 1797 652 αἵματος

998 661 1046 687 τοῦ
1076 662 1191 698 Κυρίου,
1212 661 1280 688 ἀλλά
1302 662 1350 689 καὶ
1377 662 1504 697 δεύτερον
1533 663 1614 690 πάλιν
1639 663 1797 699 ἐπεμαρτύ-

1000 716 1076 742 ρατο,
1097 707 1136 740 ὡς
1162 709 1176 734 ὁ
1201 707 1299 735 ἐσθίων
1323 707 1368 735 καὶ
1392 708 1477 736 πίνων
1503 709 1621 742 ἀναξίως
1643 709 1689 735 τὸν
1712 709 1797 744 ἄρτον

999 753 1047 781 καὶ
1065 752 1096 781 τὺ
1110 753 1240 789 ποτήριον
1254 752 1302 780 τοῦ
1317 753 1433 789 Κυρίου,
1451 754 1539 789 κρίμα
1549 754 1638 789 ἑαυτῷ
1650 754 1735 781 ἐσθίει
1748 754 1795 781 καὶ

161 805 254 838 bitque
270 803 383 830 calicem
404 802 513 829 Domini
533 802 653 836 indigne,
671 799 715 827 hic
740 799 791 827 sibi
814 798 962 834 judicium.
1001 800 1084 829 πίνει.

161 849 309 876 manducat
323 855 356 875 ac
370 847 438 874 bibit
453 847 486 873 ⁵⁵.
506 856 516 872 ι

197 894 224 921 3.
240 894 328 928 Atque
361 893 388 919 in
415 893 486 919 hanc
522 889 650 918 nimirum
687 888 849 917 sententiam
890 887 950 923 ipse

161 948 253 968 rerum
266 938 447 966 invisibilium
463 941 600 972 spectator
615 939 642 963 et
656 935 835 963 ineliabilium
853 942 950 962 narra-

163 991 206 1014 tor
222 990 305 1021 atque
319 985 449 1020 magister
464 991 541 1011 reum
552 990 612 1010 esse
620 982 687 1010 dicit
701 981 825 1016 corporis
842 984 869 1008 et
884 988 949 1008 san-

162 1031 253 1067 guinis
280 1029 387 1058 Domini
412 1029 569 1064 quicunque
594 1027 705 1062 indigne
734 1026 902 1053 manducare
922 1028 970 1052 et'

162 1077 256 1105 bibere
273 1076 366 1103 audet.
382 1075 453 1108 Quid
469 1073 565 1102 enim?
580 1073 649 1100 Cum
672 1077 750 1100 vacet
765 1079 882 1107 purgare
904 1078 950 1098 me

163 1123 251 1157 ipsum
277 1120 454 1154 maeulasque
483 1118 644 1154 pomitentia
676 1117 845 1151 abstergere.
867 1120 950 1150 atque

162 1169 198 1196 ita
214 1168 248 1195 ad
266 1167 442 1202 purissimam
459 1172 527 1196 rem,
557 1164 612 1191 imo
626 1162 678 1191 ωι-
690 1163 816 1197 puritatis
836 1162 950 1190 aﬂluen-

163 1219 215 1241 tem
236 1213 323 1248 magis
337 1220 417 1248 quam
441 1211 554 1246 cogitari
571 1214 661 1245 potest
683 1209 782 1237 fontem
801 1209 948 1240 accedere;

161 1267 212 1295 ego
228 1263 323 1286 contra
337 1258 411 1285 nulla
439 1256 466 1284 id
485 1256 651 1291 cogitatione
675 1262 776 1282 curave
798 1252 950 1289 dignabor?

161 1310 245 1341 atque
255 1309 285 1332 ut
297 1312 381 1340 purus
394 1303 581 1339 spectantibus
604 1302 708 1334 videar,
727 1301 885 1336 dignusque
899 1300 951 1327 hac

162 1354 248 1387 gratia
262 1358 289 1380 et
309 1352 349 1379 rei
364 1359 427 1383 usu,
441 1357 531 1377 meam
559 1349 617 1384 ipse
639 1347 806 1375 contumelia
833 1346 950 1373 salutem

162 1397 289 1428 alliciant.
306 1403 394 1431 neque
409 1395 523 1422 iiludere
536 1393 574 1422 illi
599 1393 777 1421 extimescant
793 1401 802 1418 ι
821 1392 848 1419 in
868 1398 950 1426 quem

162 1443 250 1479 angeli
267 1446 362 1478 optant
381 1441 538 1477 prospicere
548 1440 590 1467 ⁸θῖ
604 1449 614 1465 ι
635 1438 761 1466 Profecto
775 1438 822 1474 qui
836 1438 950 1474 gloriam

163 1489 281 1516 invicem
301 1491 473 1521 aucupantur
482 1486 515 1517 ⁵⁷,
534 1485 560 1512 hi
581 1492 669 1520 neque
694 1492 754 1511 eam
771 1492 832 1519 qua:
856 1492 870 1511 a
890 1484 950 1510 solo

165 1534 219 1562 Deo
230 1538 272 1561 est
291 1533 406 1568 gloriam
430 1536 567 1566 quterunt,
582 1538 671 1566 neque
690 1530 812 1566 mysterii
843 1530 949 1564 magni—

163 1579 251 1607 tudini
267 1578 390 1606 credunt.
410 1576 476 1604 Nam
494 1576 613 1604 clemens
627 1576 736 1611 quidem
755 1579 847 1603 noster
868 1575 952 1602 Crea-

164 1630 205 1652 lor
219 1623 346 1659 indignos
364 1631 418 1651 non
437 1622 568 1650 ineffabili
581 1623 710 1656 dignatus
729 1621 864 1649 beneflcio
882 1625 925 1648 est
941 1629 949 1648 :

163 1679 215 1698 nos
229 1675 321 1698 autem
349 1674 426 1697 tanto
443 1677 557 1696 munere
583 1668 684 1701 affecti,
707 1675 805 1702 nempe
827 1673 857 1694 ut
890 1666 949 1701 ejus

162 1718 285 1752 corporis
314 1716 461 1752 participes
494 1716 581 1744 simus
611 1715 646 1750 (si
673 1719 749 1742 certe
779 1713 951 1741 voluerimus

163 1763 268 1790 viribus
278 1763 397 1798 acceptis
410 1767 436 1790 et
453 1762 540 1798 gratia
553 1762 585 1789 ad
601 1765 682 1788 tanta:
692 1760 831 1796 dignitatis
841 1760 949 1787 culmen

163 1808 342 1844 ascendere),
368 1809 421 1836 nisi
447 1809 521 1836 omni
539 1808 630 1835 studio
656 1806 834 1841 nosmetipsi
866 1813 950 1841 puros

163 1855 370 1889 praebuerimus,
396 1862 488 1881 nonne
502 1854 604 1888 duplici
634 1853 810 1881 damnatione
841 1855 950 1879 nosmet

163 1909 224 1928 reos
237 1909 298 1928 esse
314 1900 513 1928 ostendemus?
529 1907 582 1927 una
608 1899 730 1934 quidem,
744 1899 807 1934 quia
838 1906 899 1925 cum
916 1897 949 1925 li-

163 1950 237 1973 ceret
259 1950 360 1981 taptam
385 1946 519 1973 bonorum
548 1945 656 1979 copiam
687 1944 799 1975 lucrari,
824 1944 949 1971 renderi-

162 2001 234 2024 mus,
251 1997 415 2027 nosquemet
430 1996 504 2019 tanto
527 1991 713 2019 emolumento
730 1999 762 2019 ac
773 1991 861 2018 salute
875 1990 949 2018 frau—

161 2038 329 2065 daverimus.
346 2037 463 2072 (Quippe
479 2037 531 2064 hoc
544 2037 633 2070 ipsum
646 2036 750 2070 absque
762 2036 815 2064 alia
823 2035 948 2063 animad-

162 2082 297 2114 versione,
314 2082 432 2109 maxima
449 2082 590 2110 damnatio
610 2087 662 2115 est,
675 2083 783 2110 dicente
807 2082 923 2109 Domino
940 2090 946 2108 :

165 2138 173 2154 ι
193 2128 244 2159 Qui
272 2136 327 2154 non
349 2127 435 2154 credit
455 2127 545 2159 ‘Filio.
576 2127 632 2162 jam
659 2127 799 2162 judicatus
826 2126 944 2161 cst";n

963 1509 984 1538 C

1035 891 1070 923 γ’.
1084 889 1140 915 Καὶ
1166 887 1246 916 τοῦτό
1274 889 1348 916 ἐστιν
1371 889 1440 925 ὅπερ
1464 889 1545 921 αὐτὸς
1564 891 1579 917 6
1600 890 1654 917 τῶν
1670 890 1797 918 ἀθεάτων

1001 935 1103 970 θεωρὸς
1129 934 1177 962 καὶ
1202 935 1257 962 τῶν
1286 935 1413 971 ἀρρήτων
1443 936 1536 971 ῥήτωρ
1563 936 1611 963 καὶ
1633 936 1795 969 διδάσκαλος

1000 980 1101 1016 ἔφησεν
1128 981 1222 1016 ἔνοχον
1245 978 1317 1008 εἶναι
1337 980 1385 1008 τοῦ
1402 980 1529 1016 σώματος
1546 981 1656 1009 καὶτοῦ
1678 983 1797 1018 αἵματος

999 1026 1047 1053 τοῦ
1063 1027 1177 1062 Κυρίου,
1192 1028 1238 1055 τὸν
1253 1028 1370 1062 ἀναξίως
1383 1029 1482 1056 ἐσθίειν
1493 1029 1560 1056 αὐτὸ
1570 1030 1617 1057 καὶ
1628 1030 1716 1058 πίνειν
1727 1031 1796 1057 ἀπο-

1001 1073 1221 1108 θαρσυνόμενον·
1248 1074 1275 1100 τί
1301 1075 1367 1110 γὰρ,
1381 1075 1441 1101 ὲνὺν
1467 1074 1608 1110 καθαίρειν
1628 1076 1724 1102 ἑαυτὸν
1747 1077 1796 1103 καὶ

1000 1119 1172 1154 ἀποσμήχειν
1185 1119 1229 1146 διὰ
1246 1119 1392 1154 μετανοίας
1407 1120 1462 1146 τῶν
1474 1120 1665 1155 μολυσμάτων,
1678 1121 1750 1148 οὕτω
1764 1131 1795 1149 τε

1002 1164 1142 1200 προσιέναι
1154 1164 1193 1199 τῷ
1204 1165 1402 1201 καθαρωτάτῳ,
1416 1166 1516 1201 μᾶλλον
1530 1167 1558 1193 δὲ
1571 1167 1609 1202 τῷ
1620 1167 1690 1203 ὑπὲρ
1703 1169 1797 1196 πᾶσαν

1001 1209 1104 1236 ἔννοιαν
1127 1210 1277 1245 πηγάζοντι
1301 1210 1446 1246 κάθαρσιν,
1463 1211 1518 1246 ἐγὼ
1537 1212 1565 1238 δὲ
1587 1212 1666 1238 τοῦτο
1682 1213 1733 1248 μὲν
1748 1215 1797 1240 ἐπὶ

1000 1254 1146 1291 λογισμοὺς
1158 1256 1302 1282 ἀναλασεῖν
1315 1257 1362 1283 καὶ
1374 1257 1521 1291 μετελθεῖν,
1537 1258 1664 1293 οὐδεμιᾶς
1680 1260 1796 1294 γίνομαι

1001 1301 1160 1336 φροντίδος;
1183 1301 1227 1328 ἵνα
1253 1301 1281 1329 δὲ
1307 1301 1375 1334 δόξω
1394 1302 1512 1338 καθαρὸς
1533 1301 1604 1330 εἶναι
1620 1306 1677 1336 τοῖς
1696 1306 1795 1340 ὁρῶσι.

1001 1346 1048 1373 καὶ
1072 1346 1147 1379 ἄξιος
1173 1348 1309 1381 τοσαύτης
1329 1348 1441 1384 χάριτος
1462 1349 1510 1376 καὶ
1531 1350 1720 1383 ἀπολαύσεως,
1744 1351 1796 1385 τὴν

1002 1392 1073 1428 ἐμὴν
1088 1393 1192 1428 ὑϐρίζω
1204 1394 1358 1428 σωτηρίανς
1374 1395 1422 1421 καὶ
1437 1394 1545 1426 παίζειν
1559 1396 1590 1421 ού
1603 1395 1707 1431 φρίττω
1720 1397 1761 1428 εἰς
1777 1396 1796 1424 ἃ

1002 1437 1182 1473 ἐπιθυμοῦσιν
1194 1438 1305 1473 ἄγγελοι
1316 1439 1492 1475 παρακύψαις
1506 1440 1590 1472 ὅντως
1604 1441 1628 1467 oi
1639 1440 1718 1473 δόξαν
1728 1441 1795 1476 παρ’

1002 1483 1124 1519 ἀλλήλων
1137 1483 1333 1519 λαμόἁνοντες,
1344 1485 1406 1512 οὔτε
1423 1486 1472 1520 τὴν
1484 1486 1559 1522 παρά
1571 1486 1618 1513 τοῦ
1633 1487 1714 1521 μόνου
1725 1488 1795 1514 Geo}

1001 1530 1080 1564 δόξαν
1098 1530 1236 1566 ζητοῦσιν,
1254 1531 1317 1558 οὔτε
1332 1531 1371 1567 τῷ
1386 1532 1496 1568 μεγέθει
1510 1532 1557 1559 τοῦ
1579 1533 1731 1569 μυστηρίου
1746 1543 1794 1561 πι-

1002 1576 1159 1603 στεύουσιν·
1181 1577 1195 1603 6
1222 1577 1272 1612 μὲν
1297 1578 1351 1613 γὰρ
1377 1577 1566 1614 φιλάνθρωπος
1585 1579 1664 1614 ἡμῶν
1691 1580 1797 1607 πλαστ-

1000 1622 1109 1658 ουργδς,
1131 1623 1257 1656 ἀναξίους
1278 1623 1356 1654 ὄντας
1380 1624 1435 1650 τῶν
1465 1624 1534 1660 ὑπὲρ
1555 1625 1634 1660 λόγον
1658 1626 1793 1661 ἠξίωσεν·

1000 1668 1081 1702 ἡμεῖς
1098 1668 1126 1694 δὲ
1142 1668 1245 1695 τούτων
1263 1669 1422 1702 ἀξιωθέντες
1441 1671 1486 1696 καὶ
1503 1670 1642 1706 σύσσωμοι
1658 1671 1706 1698 καὶ
1721 1681 1795 1707 συμ-

1002 1713 1111 1748 μέτοχοι
1128 1715 1310 1749 χρηματίζειν
1327 1714 1411 1741 αὒτοῦ
1429 1715 1474 1749 (ἂν
1489 1715 1542 1750 ἄρα
1559 1715 1720 1752 βουλώμεθα
1740 1717 1796 1753 ρώ-

1002 1767 1056 1794 μην
1069 1759 1116 1786 καὶ
1136 1760 1215 1795 χάριν
1230 1760 1368 1792 λαϐόντες,
1385 1761 1432 1788 καὶ
1445 1762 1514 1796 πρὸς
1530 1762 1656 1788 τοσοῦτον
1671 1763 1795 1790 ἀνελθεῖν

1000 1805 1154 1841 ἀξιώματος
1175 1806 1263 1841 ὕψος),
1282 1807 1306 1833 εί
1322 1807 1360 1842 μὴ
1373 1807 1443 1834 κατὰ
1461 1809 1550 1834 πᾶσαν
1568 1809 1687 1844 σπουδὴν
1706 1809 1795 1836 καθα-

1001 1852 1065 1887 ροὺς
1087 1852 1200 1884 ἑαυτοὺς
1226 1853 1511 1888 παρασκευασώμεθα,
1535 1855 1593 1886 πῶς
1612 1855 1671 1889 οὐχὶ
1694 1855 1795 1889 διπλῆς

1000 1897 1109 1933 ἐνόχους
1141 1899 1328 1934 ἀποφαίνομεν
1354 1900 1467 1932 ἑαυτοὺς
1487 1901 1695 1936 κατακρίσεως
1726 1902 1795 1936 μιᾶς

1001 1944 1060 1979 μὲν,
1076 1944 1117 1971 ὅτι
1143 1944 1278 1980 τοσαύτην
1298 1945 1407 1980 ἀγαθῶν
1423 1946 1575 1982 ὑπερϐολὴν
1597 1946 1656 1979 ὲξὺν
1678 1948 1793 1983 κερδαί-

999 1997 1065 2021 νειν,
1077 1989 1259 2024 ἀπωσάμεθα,
1277 1991 1324 2016 καὶ
1338 1990 1504 2026 τηλικαύτης
1526 1991 1640 2023 ἑαυτοὺς
1657 1991 1794 2026 ὡφελείας

999 2042 1028 2060 τε
1051 2035 1098 2061 καὶ
1117 2035 1255 2070 σωτηρίας
1277 2036 1506 2071 ἀπεστερήσαμεν
1519 2043 1527 2052 ³
1549 2037 1628 2064 τοῦτο
1649 2038 1703 2073 γὰρ
1726 2039 1794 2065 αὐτὸ

998 2080 1045 2106 καὶ
1058 2081 1143 2115 χωρὶς
1158 2081 1255 2116 ἐτέρας
1267 2081 1447 2117 εἰσπράξεως,
1461 2083 1575 2118 μεγίστη
1589 2084 1722 2120 καταδίκη
1733 2092 1740 2099 ·
1754 2085 1792 2116 ὼς

998 2125 1046 2152 καὶ
1059 2126 1073 2152 6
1091 2125 1192 2160 Κύριος
1207 2125 1319 2161 ἔφησενο
1337 2135 1346 2152 ι
1359 2127 1388 2152 '0
1400 2127 1437 2161 μὴ
1450 2127 1584 2154 πιστεύων
1599 2129 1638 2160 εἰς
1652 2129 1698 2155 τὸν
1717 2129 1792 2159 Υίὸν.

162 2182 260 2208 nempe
290 2174 455 2201 sententiam
494 2174 564 2201 intra
598 2181 628 2200 se
657 2173 737 2208 gerit.
768 2173 946 2205 Quamnam?

1035 2181 1048 2207 η
1059 2171 1194 2206 κέκριται,
1207 2181 1216 2197 ι
1232 2172 1355 2199 τουτέστι
1369 2173 1426 2208 ἔχει
1437 2174 1487 2208 τὴν
1500 2174 1658 2208 δίκην-τίνα
1670 2175 1792 2210 ταύτηνς

162 2227 258 2255 nempe
272 2221 376 2255 quodei
395 2227 448 2247 non
471 2219 609 2254 credidit.)
626 2219 719 2246 Altera
738 2218 878 2245 damnatio
893 2223 945 2251 est,

161 2267 233 2302 quod
249 2266 350 2293 donum
366 2266 564 2301 spreverimus,
580 2265 653 2300 quod
671 2265 766 2300 gratia:
780 2264 872 2299 injurii
888 2263 947 2291 fue<

161 2313 258 2346 rimus,
276 2312 348 2348 quod
361 2313 430 2339 bene
450 2311 529 2338 nobis
543 2310 689 2338 facientem
707 2311 781 2338 nullo
795 2311 882 2345 pretio
896 2310 946 2337 ha-

161 2359 321 2386 buerimus:
351 2358 416 2385 dum
443 2357 495 2385 hac
510 2357 638 2384 alimonia
665 2356 789 2391 mystica.
809 2363 871 2391 qua:
894 2362 946 2383 nos

161 2405 220 2439 puri
240 2404 302 2438 ejus
324 2404 447 2438 corporis
470 2402 533 2430 facit
552 2402 709 2438 participes,
729 2407 859 2436 tauquam
886 2401 947 2428 vulo

160 2450 218 2486 gari
235 2457 329 2477 mensa
349 2448 428 2475 abusi
454 2456 561 2480 sumus.
581 2447 651 2482 Ergo
662 2446 796 2482 ejusmodi
821 2446 946 2473 hornines

162 2495 233 2523 haud
246 2495 371 2522 meliores
382 2493 484 2521 Judaeis
495 2498 569 2527 sunt,
586 2493 632 2528 qui
649 2492 815 2520 horrendum
839 2491 911 2519 illud!
920 2495 947 2519 et

161 2543 280 2569 innnane
289 2541 394 2568 facinus
409 2545 674 2575 perpetrarunt,cum
690 2538 826 2566 vivilicum
844 2537 947 2565 Christi

160 2595 260 2622 corpus
279 2587 353 2621 ligno
368 2586 582 2621 suspenderunt,
601 2585 765 2620 spiculoque
780 2584 943 2618 sanguinem

159 2634 354 2660 exhauserunt.
378 2632 560 2666 Quamobrem
593 2636 655 2666 apta
683 2631 821 2658 locutione
850 2630 945 2657 mundi

159 2680 253 2707 doctor
267 2687 327 2706 reos
341 2679 390 2706 hos
403 2678 526 2714 corporis
539 2683 566 2705 et
581 2678 721 2713 sanguinis
749 2676 854 2705 Domini
876 2684 939 2711 pro-

161 2727 304 2754 nuntiavit.

195 2807 216 2821 θ’
232 2805 250 2832 ll
266 2805 328 2833 Cor.
345 2813 381 2837 xt,
397 2805 440 2832 2‘).
480 2804 523 2830 "l
541 2803 603 2830 Cor.
627 2811 663 2834 rt,
682 2802 726 2828 ἐξ).

999 2217 1066 2244 αὐτὸ
1080 2217 1111 2244 τὺ
1129 2216 1167 2252 μὴ
1181 2217 1325 2245 πιστεῦσαι
1340 2219 1379 2250 είς
1392 2219 1487 2246 αὑτόνε
1511 2220 1606 2255 ἑτέρας
1621 2220 1660 2253 δὲ,
1678 2222 1720 2247 ὃτι
1742 2221 1792 2247 τοῦ

999 2263 1087 2300 δώρου
1110 2265 1364 2300 κατεφρονήσαμεν,
1389 2265 1430 2292 ὅτι
1451 2265 1501 2300 τὴν
1524 2267 1603 2301 χάριν
1626 2266 1791 2302 ὑϐρίσαμεν,

999 2309 1046 2336 τὸν
1059 2309 1209 2345 εὐεργέτην
1225 2309 1441 2346 ὲξουθενήσαμεν
1451 2320 1457 2328 -
1474 2311 1511 2343 ὼς
1527 2313 1602 2347 κοινῇ
1617 2312 1742 2348 τραπέζῃ
1757 2315 1790 2348 τῇ

1002 2356 1120 2390 μυστικῇ
1144 2357 1230 2390 τροφῇ
1247 2356 1295 2383 καὶ
1319 2356 1479 2391 συσσώμους
1499 2358 1572 2392 ἡμᾶς
1588 2358 1635 2384 τοῦ
1651 2358 1791 2393 ἀχρὰντου

1001 2400 1127 2436 σώματος
1156 2401 1239 2428 αὐτοῦ
1262 2403 1519 2439 παρασκευαζούσῃ,
1542 2404 1790 2439 κατεχρησάμεθα·

997 2447 1047 2473 οὐκ
1071 2446 1118 2473 οὖν
1148 2447 1225 2473 οὐδὲν
1250 2447 1361 2482 ἄμεινον
1389 2449 1412 2475 oi
1435 2448 1551 2475 τοιοῦτοι
1575 2449 1629 2476 τῶν
1653 2450 1792 2477 Ἰουδαίων

997 2492 1165 2528 διετέθησαν,
1176 2493 1201 2519 οἳ
1215 2493 1246 2520 τὸ
1257 2494 1371 2528 φρικτὸν
1385 2495 1473 2521 ἐκεῖνο
1484 2495 1532 2521 καὶ
1546 2495 1696 2531 ἀτόλμητον
1708 2495 1792 2531 ἔργον

998 2538 1162 2573 ἐτόλμησαν,
1178 2539 1209 2564 τὸ
1232 2539 1364 2571 ζωοποιδν
1392 2539 1472 2574 σῶμα
1494 2540 1612 2575 Χριστοῦ
1635 2542 1682 2567 ἐπὶ
1707 2541 1790 2574 ξύλου

998 2583 1198 2618 κρεμάσαντες,
1214 2584 1262 2611 καὶ
1276 2586 1309 2620 τῇ
1325 2584 1409 2620 λόγχῃ
1422 2585 1468 2612 τοῦ
1486 2586 1602 2621 αἵματος
1619 2587 1792 2614 ὲκκενὼσαν-

1000 2637 1064 2660 τες·
1086 2628 1180 2664 διόπερ
1198 2630 1315 2663 εὐλόγως
1374 2631 1532 2663 διδάσκαλος
1550 2634 1600 2667 τῆς
1624 2633 1790 2669 οἶκουμέντης

1000 2673 1108 2708 ἐνόχους
1132 2671 1203 2699 εἶναι
1228 2676 1289 2705 τοὺς
1310 2674 1446 2707 τοιούτους
1467 2675 1513 2702 τοῦ
1536 2677 1661 2712 σώματος
1680 2679 1728 2705 καὶ
1743 2679 1790 2705 τοῦ

1000 2719 1114 2754 αἵματος
1130 2718 1177 2746 τοῦ
1192 2719 1295 2754 Κυρίου
1315 2721 1529 2756 κατεψηφίσατο.

766 2803 786 2817 ³¹ῖ
805 2800 899 2827 ll‘etr.
917 2808 935 2832 ι,
956 2800 997 2826 1‘2.
1036 2801 1057 2815 ⁸⁷
1077 2798 1155 2826 Joan.
1175 2807 1201 2832 ν,
1222 2799 1266 2826 Η.
1305 2800 1327 2815 ⁸*
1346 2799 1428 2826 .loan.
1446 2808 1487 2832 ιιι,
1503 2800 1547 2828 18.
