1880 3057
48 142 89 174 461
486 140 536 170 AD
556 138 854 170 AMPHILOCHIUM
874 138 1048 176 QUESTIO
1068 138 1197 170 LXXIV.

1618 139 1672 173 462

47 196 106 223 πολὺ
131 194 218 231 μείζω
234 194 385 231 παρέχεται
405 194 496 230 χάριν.
520 194 575 221 Καὶ
593 194 730 230 θειότερον
756 195 824 222 exat-

913 193 957 221 tbii
974 193 1138 221 solutionem
1152 193 1304 228 expetenti,
1317 193 1398 229 longe
1412 193 1546 230 majorem
1558 195 1672 230 gratiam

46 243 129 270 δάσκει
139 241 240 276 δόγμα,
261 241 320 267 ἀντὶ
330 240 381 276 τῆς
399 240 542 275 φιλολόγου
557 241 746 277 προαιρέσεως
757 241 827 276 πρὸς

47 287 153 322 θεωρίαν.
171 287 285 321 ἀνάγων
306 286 460 321 φιλόσοφον.
488 287 557 322 Φησὶ
572 286 638 322 γάρ’
658 286 824 314 «Πίστευσόν

48 343 94 369 μοι,
112 332 203 366 γύναι,
229 333 272 360 ὄτι
294 332 404 368 ἔρχεται
417 333 488 368 ὥρα,
508 333 557 359 καὶ
575 332 622 359 νῦν
636 334 721 365 ἐστιν,
745 333 790 359 ὅτε
805 334 829 360 οἱ

47 379 156 414 ἀληθινοὶ
172 378 362 413 προσκυνηταὶ
386 379 605 414 προσκυνήσουσι
627 379 666 414 τῷ
688 379 777 414 Πατρὶ
800 379 829 405 ὲν

47 424 175 460 Πνεύματι
189 424 237 450 καὶ
248 424 391 459 ἀληθείᾳ.»
413 425 487 451 Ἀντὶ
499 424 559 457 τοῦ,
571 425 619 458 Σὺ,
633 425 710 460 φησὶ,
724 425 827 460 ζητεῖς,

47 471 147 505 πνκερον
163 471 179 506 ἡ
201 470 322 498 Ἰουδαία
334 470 399 503 δόξα
413 470 431 507 ἢ
444 470 495 506 τῆς
505 471 702 506 Σαμαρείτιδος
716 472 829 508 γνώμης

46 516 72 543 τὸ
87 515 248 550 τιμιώτερον
267 517 314 543 καὶ
329 516 467 552 θειότερον
478 516 660 552 ἀποφέρεται·
674 516 729 551 ἐγὼ
742 517 770 544 δέ
786 526 827 545 σοι

48 561 181 596 μυστήριον
191 561 445 597 ἀποκεκρυμμένον
458 561 655 595 ἀνακαλύπτω,
673 563 715 589 ὃτι
734 572 744 589 ‹
759 563 827 598 Ἔρ-

47 616 111 643 χεται
124 607 191 643 ὥρα,
211 607 262 635 καὶ
277 607 324 634 νῦν
342 608 427 645 ἐστιν,
442 608 487 634 ὅτε
503 606 566 635 οὔτε
583 607 612 634 ἐν
629 607 669 643 τῷ
689 608 748 644 δρει
763 609 827 636 τούι

47 662 87 685 τῳ,
97 652 155 680 οὔτε
176 654 206 679 ὲν
224 653 424 688 Ἰεροσολύμοις
437 655 642 689 προσκυνήσετε
657 653 697 689 τῷ
708 654 824 690 Πατρί.»

52 700 77 726 'H
90 700 135 734 μὲν
147 699 202 734 γὰρ
221 699 294 735 γυνὴ
318 700 387 734 πρὸς
407 700 567 735 φιλοσοφίαν
583 701 680 728 θᾶττον
695 701 827 736 γυναικὸς

47 747 92 778 τοῖς
108 745 151 772 τοῦ
172 745 303 781 Σωτῆρος
321 746 425 782 ῥήμασι
451 747 630 781 μετελθοῦσα,
656 748 706 774 οὐκ
727 748 769 775 ἔτι
792 746 828 775 τὰ

49 791 133 826 ἑαυτῆς
148 792 214 824 ῐσως
243 790 443 828 προτιμώμενα
462 792 547 825 δεῖξαι
567 793 622 819 τῶν
637 793 827 829 Ἰσραηλιτῶν,

48 836 126 871 ὥσπερ
149 836 303 871 καταρχὰς,
328 836 508 870 ἐσπούδαζεν,
534 838 592 864 ἀλλ’
608 837 750 865 ἐνδιδοῦσα
777 837 826 865 καὶ

49 868 208 915 βελτιουμένη
286 868 630 917 σωτηριώδειγδιδασκαλὶᾳ
646 882 745 917 μαθεῖν
759 883 825 918 ἑζή-
843 868 865 896 Β

48 925 117 952 ssi-.6
135 925 257 960 ἄμεινον.
271 926 318 953 Διὸ
339 927 386 954 καὶ
406 936 414 952 ι
431 927 464 954 Oi
480 928 598 963 πατέρες
622 928 713 963 ἡμῶν,
730 930 825 964 φησιν,

50 969 239 1005 προσεκύνησαν
255 971 286 997 ἐν
302 971 341 1006 τῷ
354 971 413 1006 ὄρει
429 971 528 1006 τούτῳ.
552 982 561 998 ι
580 972 664 1000 Τοῦτο
677 973 732 1010 γὰρ
744 972 778 1010 ἦν
795 974 826 1001 τὸ

54 1013 155 1047 μάλιστα
177 1014 234 1042 τῶν
250 1015 431 1050 Σαμαρειτῶν
444 1016 564 1051 ἀνυψοῦν
583 1017 630 1043 καὶ
646 1017 753 1053 ἑξαῖρον
768 1018 825 1053 (82)

53 1059 91 1091 τὴν
107 1060 246 1096 ὑπόληψιν.
264 1059 315 1088 Οἷα
331 1062 386 1096 (85)
403 1062 457 1097 γὰρ
471 1063 604 1097 παρόντος
621 1064 762 1099 προφήτου
776 1064 826 1090 καὶ

53 1105 217 1140 ἒμπνεομένου
242 1107 284 1142 τῷ
307 1107 447 1142 Πνεύματι
472 1111 527 1135 τῶν
545 1109 634 1141 ἄλλοις
655 1109 761 1144 ἀδήλων
776 1110 826 1145 τὴν

51 1147 182 1182 διάγνωσιν,
197 1151 273 1185 παρ’
287 1151 400 1183 ἐκείνοις
415 1151 465 1186 τὴν
480 1152 669 1188 ἀληθεστέραν
682 1152 762 1186 δόξαν
772 1153 821 1181 καὶ

52 1193 205 1230 τελειοτέραν
218 1195 352 1232 ἐπεζήτει
368 1197 477 1231 μαθεῖν.

80 1338 122 1365 Διά
129 1347 167 1366 τοι
179 1339 257 1366 τοῦτο
270 1340 318 1366 καὶ
331 1340 471 1375 ἀρχομένη
486 1340 535 1376 τῆς
545 1340 700 1373 ὑποθέσεως
713 1341 824 1376 ἔλεγεν*

56 1383 155 1419 «Κύριε,
167 1385 274 1421 θεωρῶ,
303 1386 345 1413 ὅτι
374 1388 518 1422 προφήτης
533 1385 558 1413 εἷ
573 1387 616 1414 σύ.
634 1397 643 1413 ι
667 1387 697 1414 '0
720 1387 748 1414 δὲ
766 1388 827 1422 φιλ-

55 1428 176 1462 άνθρωπος
193 1431 299 1467 Ἰησοῦς
329 1433 462 1468 πρότερον
484 1433 534 1468 μὲν
552 1433 669 1466 τὸτέλος
691 1434 826 1469 ἑκατέρας

55 1475 222 1508 προαγγέλλει.
240 1477 286 1503 ἵνα
309 1476 346 1512 μὴ
362 1477 472 1514 λυπήσῃ
496 1477 597 1513 ταύτην
609 1479 639 1504 ὲν
655 1478 695 1514 τῷ
711 1479 827 1515 προκρί-

881 239 1012 272 exliibet,
1042 243 1070 267 et
1096 239 1286 267 sublimiorem
1317 240 1473 268 doctrinam
1497 240 1628 275 instillat,
1655 249 1671 269 a

880 285 1025 313 curiosiori
1050 285 1168 320 quodam
1199 285 1370 320 problemale
1401 287 1435 314 ad
1466 287 1672 315 meditationem

881 331 1098 367 philosophicam
1111 336 1138 359 et
1155 331 1344 369 sublimiorem
1358 332 1507 361 adducens.
1519 333 1565 361 Ait
1578 334 1650 361 enim
1662 344 1670 362 :

884 385 893 402 ι
908 375 995 404 Crede
1010 376 1088 409 milii,
1105 377 1216 409 mulier,
1233 377 1307 412 quod
1323 377 1391 404 hora
1401 379 1485 411 venit,
1502 384 1530 406 et
1542 379 1600 414 jam
1618 384 1671 413 est,

879 429 934 456 qua
950 422 1006 449 veri
1029 422 1191 450 adoratores
1216 422 1372 450 adorabunt
1395 422 1503 450 Patrem
1524 424 1553 451 in
1570 423 1672 459 Spiritu

879 471 907 494 et
925 467 1039 495 veritate
1047 468 1081 494 ".
1100 476 1109 494 ι
1127 467 1212 501 Quasi
1225 468 1352 496 diceret:
1369 467 1410 495 Tu
1432 468 1540 503 quidem
1560 469 1670 504 quaeris,

879 517 973 541 utrum
1001 511 1116 540 Judaica
1145 520 1181 540 an
1209 513 1384 540 Samaritana
1412 513 1506 548 opinio
1535 514 1670 548 potiorem

879 559 971 587 locum
995 559 1105 590 habeat,
1129 563 1157 586 et
1177 558 1297 586 divinior
1308 558 1456 593 iudicanda
1471 559 1525 593 sit;
1543 567 1594 595 ego
1607 567 1673 588 vero

879 605 928 633 tibi
945 605 1108 641 mysterium
1125 605 1216 632 adbttc
1240 605 1434 633 absconditum
1453 605 1556 640 aperio,
1580 614 1590 631 ι
1607 613 1672 632 ven-

879 656 972 678 turum
989 650 1095 678 scilicet
1112 655 1229 685 tempus,
1249 655 1277 678 et
1291 649 1349 684 jam
1368 658 1442 682 esse,
1457 658 1513 685 quo
1535 658 1626 686 neque
1643 651 1671 678 in

879 701 972 723 monte
996 696 1058 730 ltoc,
1081 703 1172 731 neque
1198 695 1398 731 Hierosolymis
1415 697 1524 724 Patrem
1545 697 1673 724 adorabi-

879 742 914 769 tis
923 741 956 770 ”.
973 751 984 769 ›
1005 741 1074 769 Tum
1099 742 1198 769 mulier
1223 742 1257 769 ad
1275 742 1494 778 philosophicam
1515 743 1672 771 meditatio.

878 794 954 820 nem,
975 791 1073 822 prteter
1091 786 1257 814 feminarum
1275 795 1392 821 morem,
1417 788 1568 817 Salvatoris
1584 790 1671 817 nostri

880 833 972 861 verbis
996 833 1147 868 perducta,
1176 841 1232 860 non
1264 834 1383 869 amplius
1408 842 1458 862 sua
1486 835 1586 870 placita
1616 836 1671 864 illis

880 877 1065 906 lsraelitarum
1080 877 1248 914 prmferenda
1268 887 1340 913 esse,
1356 884 1387 907 ut
1403 885 1494 915 antea,
1517 881 1669 914 contendit,

877 925 924 953 sed
953 924 1062 952 Domini
1086 925 1213 953 doctrina
1237 931 1366 961 provecta
1391 931 1418 955 et
1448 928 1603 961 emendata,
1630 928 1669 961 id,

876 971 950 1006 quod
967 970 1146 1006 praestantius
1160 976 1245 1004 esset,
1263 971 1355 999 doceri
1370 972 1507 1007 cupiebat.
1523 972 1670 1007 Propterea

876 1015 959 1042 etiam
975 1014 1062 1049 inquit
1079 1023 1085 1042 :
1103 1024 1112 1040 ι
1128 1014 1223 1042 Patres
1241 1015 1328 1044 nostri
1347 1016 1374 1044 in
1392 1023 1484 1044 monte
1503 1017 1554 1044 hoc
1570 1017 1670 1044 adora-

877 1064 951 1086 runt.
969 1069 978 1084 »
993 1059 1053 1087 Hoc
1067 1060 1141 1087 enim
1155 1060 1245 1095 ipsum
1261 1065 1331 1094 erat,
1345 1062 1418 1096 quod
1432 1062 1670 1090 Samaritanorum

877 1105 911 1133 de
935 1105 1019 1133 rebus
1044 1106 1103 1133 suis
1128 1106 1286 1140 opinionem
1309 1107 1458 1135 extollebat
1487 1107 1614 1142 inprimis
1642 1111 1670 1134 et

876 1151 1072 1186 atnplilicabat.
1084 1151 1152 1179 Cum
1162 1152 1253 1187 itaque
1262 1157 1422 1187 praesentem
1432 1153 1544 1181 haberet
1555 1152 1671 1187 prophe-

877 1203 945 1229 tam,
967 1197 1013 1232 qui
1030 1196 1150 1232 Spiritus
1163 1198 1248 1225 divini
1269 1198 1400 1232 auspiciis
1418 1206 1462 1226 res
1478 1199 1540 1227 aliis
1558 1198 1669 1234 ignotas

877 1242 1001 1277 cognitas
1020 1243 1148 1276 habebat,
1174 1243 1209 1270 ab
1237 1243 1284 1270 illo
1306 1243 1442 1271 veriorem
1468 1248 1495 1271 et
1527 1244 1668 1271 meliorem

876 1289 1040 1317 sententiam
1056 1289 1163 1318 discere
1178 1290 1315 1317 studebat.

913 1335 1074 1371 Propterea,
1090 1340 1283 1371 argumentum
1298 1336 1351 1364 hoc
1365 1343 1517 1371 proponere
1529 1344 1669 1372 aggressa,

877 1382 987 1409 aiebat:
1013 1391 1022 1408 ι
1037 1381 1135 1414 Video,
1163 1382 1286 1414 Domine,
1302 1382 1375 1416 quod
1399 1382 1438 1409 sis
1463 1382 1595 1416 propheta
1607 1382 1640 1409 ".
1658 1392 1668 1408 ι

876 1427 966 1462 Atque
988 1427 1025 1454 ibi
1049 1427 1159 1462 quidem
1183 1427 1399 1455 humanissimus
1423 1426 1504 1455 Jesus
1529 1428 1671 1462 utriusque

877 1475 967 1502 cultus
991 1475 1072 1501 liuent
1095 1479 1159 1501 ante
1186 1474 1313 1505 nuntiat,
1337 1481 1382 1507 ne,
1402 1472 1546 1501 Iudaicum
1566 1473 1670 1501 cultum

56 1527 99 1546 νειν
110 1521 153 1556 τὴν
170 1523 320 1559 Ἰουδαῖκὴν
337 1523 478 1558 λατρείαν.
493 1524 526 1550 Τί
538 1524 594 1559 γὰρ
615 1524 648 1551 ἂν
665 1524 713 1551 καὶ
724 1525 823 1561 ἀνιάσῃ

913 1520 1045 1552 aeferens,
1076 1519 1150 1546 illam
1177 1519 1305 1547 redderet
1335 1519 1494 1546 tristiorem.
1525 1518 1670 1552 Quomodo

57 1564 96 1599 τῆς
114 1565 175 1599 ιδίας
183 1567 263 1603 δόξης
280 1569 494 1605 προκρινάμενον
521 1569 614 1602 σέϐας,
633 1570 647 1597 δ
663 1570 721 1604 μετ’
737 1570 826 1605 ὀλίγον

57 1610 147 1644 εμελλεν
155 1614 192 1645 εἰς
202 1614 232 1641 τδ
242 1614 311 1641 αὐτὸ
319 1614 537 1650 συγκαταλήγειν
545 1615 636 1649 τέλοςς
649 1616 766 1643 Ἔπειτα
777 1616 826 1652 τὴν

58 1655 166 1692 διαφορὰν
181 1659 274 1686 αὐτῶν
297 1660 464 1694 ἀπαγγέλλει
478 1668 486 1675 ⁸
503 1670 514 1687 ‹
538 1661 633 1696 Ὑμεῖς
655 1662 720 1697 γὰρ,
747 1662 824 1698 φησὶ,

59 1705 220 1737 προσκυνεῖτε,
234 1704 249 1731 ὃ
266 1705 317 1732 οὐκ
341 1705 442 1738 οἴδατε,
462 1707 542 1741 ἡμεῖς
557 1706 586 1733 δὲ
604 1707 824 1743 προσκυνοῦμεν,

59 1745 69 1771 ὃ
85 1747 189 1783 οῖδαμεν.
206 1760 215 1777 ι
230 1751 296 1783 Πῶς
317 1751 345 1777 δὲ
364 1752 415 1779 οὐκ
433 1752 547 1787 ᾔδεισαν
571 1753 595 1780 οῖ
613 1754 794 1788 Σαμαρεῖται,
810 1753 825 1780 ὅ

59 1794 234 1830 προσεκύνουν;
248 1798 312 1824 Ὀτι
331 1797 411 1824 τοῦτο
433 1798 482 1833 μὲν
497 1798 553 1825 τῶν
572 1799 750 1826 ἐνοικούντων
770 1801 822 1826 οὐκ

60 1838 137 1873 ἰλίγων
157 1842 186 1869 ἐκ
207 1844 256 1879 τῆς
273 1844 462 1879 αἰχμαλωσίας
488 1842 559 1880 ἦσαν
572 1844 627 1871 τῶν
642 1845 824 1872 Βαϐυλωνίων

59 1884 238 1922 ἀνακληθέντες,
264 1890 311 1917 καὶ
337 1891 394 1922 τοῖς
418 1890 524 1917 ἐκεῖθεν
548 1890 622 1917 ἔθεσι
645 1890 827 1924 διαϐιοῦντες,

61 1931 96 1957 καὶ
121 1933 164 1968 τὴν
198 1935 400 1972 Ἰσραηλιτικὴν
427 1935 583 1963 θεοσέϐειαν
615 1936 822 1972 διεφθαρμένοι.

60 1974 127 2003 Τοῦτο
143 1979 168 2005 δὲ
183 1980 212 2007 τὸ
227 1981 332 2016 πλῆθος
358 1981 449 2008 αὐτῶν
464 1981 640 2014 Βαϐυλωνίας
655 1982 702 2009 καὶ
720 1982 822 2018 Μήδων

61 2023 135 2054 γενεᾶς
146 2026 188 2051 καὶ
198 2026 328 2062 λατρείας
349 2026 436 2060 ὄντες,
449 2027 491 2058 εἰς
506 2026 555 2062 τὴν
572 2026 731 2062 Σαμάρειαν
760 2035 823 2062 μετ-

61 2067 199 2104 ῳκίσθησαν,
208 2073 254 2098 καὶ
262 2063 312 2098 τὸν
321 2073 396 2107 παρὰ
409 2073 546 2104 Ἰουδαίοις
554 2072 620 2100 Θεὸν
631 2073 725 2108 ὥσπερ
739 2073 823 2100 πάλαι

61 2113 109 2145 τεᾶς
129 2118 265 2152 πατρῴους
290 2118 438 2154 ἐπιχώριον
457 2119 536 2152 Θεὸν,
549 2119 596 2145 καὶ
612 2119 693 2154 μόνου
709 2119 763 2154 (84)
775 2119 822 2146 τοῦ

876 1566 949 1594 enim
965 1566 1011 1594 illa
1025 1565 1246 1598 contristarctur,
1260 1565 1285 1593 sl
1305 1565 1430 1593 eumdem
1451 1565 1567 1597 cultum,
1588 1572 1670 1600 quem

877 1621 929 1640 suo
945 1613 984 1640 illi
998 1612 1123 1647 praeferri
1137 1611 1257 1645 videbat,
1281 1612 1363 1647 paulo
1378 1616 1442 1646 post
1463 1611 1590 1640 similiter
1603 1611 1671 1639 abo—

877 1659 989 1686 lendum
1015 1665 1076 1685 esse
1099 1657 1285 1693 intelligeret?
1313 1657 1410 1686 Postea
1435 1665 1501 1685 vero
1526 1658 1671 1692 utriusque

878 1705 972 1733 cultus
999 1704 1181 1733 diﬂ‘erentiam
1210 1704 1333 1739 exponit.
1360 1703 1438 1732 «Vos
1463 1704 1548 1737 enim,
1571 1704 1670 1740 inquit,

877 1751 1012 1784 adoratis,
1027 1750 1100 1786 quod
1117 1749 1244 1782 nescitis,
1264 1757 1316 1778 nos
1336 1757 1401 1777 vero
1420 1750 1580 1784 adoramus,
1596 1751 1669 1786 quod

876 1796 1022 1824 scimus".
1041 1805 1050 1822 ι
1070 1795 1215 1828 Quomodo
1228 1802 1294 1822 vero
1315 1795 1474 1823 nesciebant
1491 1794 1669 1828 Samaritani,

875 1841 941 1878 quid
963 1841 1128 1868 adorarent?
1147 1839 1221 1872 ideo,
1244 1839 1318 1875 quod
1341 1840 1460 1875 primttm
1476 1841 1587 1875 quidem
1612 1848 1667 1869 non

875 1886 956 1921 pauci
973 1885 1125 1914 incolarum
1141 1893 1174 1913 ex
1195 1885 1354 1920 captivitate
1369 1884 1533 1921 Babylonica
1547 1886 1668 1914 revocati

874 1937 967 1964 erant,
994 1931 1042 1966 qui
1066 1931 1192 1958 instituta
1217 1930 1383 1967 Babylonica
1409 1932 1616 1967 adoptaverant,
1642 1938 1670 1959 et

875 1978 1057 2006 IsraelitiCutn
1087 1977 1136 2004 Dei
1170 1977 1276 2005 cultum
1304 1977 1541 2013 depravaverant;
1571 1979 1669 2007 deinde

876 2031 941 2051 vero
952 2023 1026 2058 quod
1045 2023 1170 2058 plerique
1186 2030 1294 2056 e0rum,
1316 2023 1458 2059 Babylonii
1471 2029 1499 2051 et
1515 2023 1596 2055 Medi,
1612 2029 1669 2051 tum

875 2070 993 2105 origine,
1005 2075 1062 2097 tum
1079 2068 1219 2104 religione,
1230 2069 1404 2102 exsistentes,
1426 2070 1495 2098 etin
1515 2069 1668 2098 Samariam

875 2115 1100 2150 commigrautes,
1121 2113 1206 2141 Deum
1219 2113 1388 2148 Iudaeorum,
1410 2122 1465 2142 non
1478 2116 1569 2144 minus
1586 2123 1668 2151 quam

62 2158 181 2197 ἔθνουςτήν
189 2164 350 2191 ἐπιστασίαν
361 2164 443 2200 ἔχειν,
457 2165 506 2192 καὶ
517 2165 677 2192 δεσποτείαν
686 2164 821 2201 ἐνόμιζον.

917 2171 941 2190 m
951 2161 1055 2198 patrios
1063 2169 1140 2193 suos,
1147 2162 1286 2196 proprium
1297 2161 1350 2189 illis
1358 2169 1429 2194 esse,
1437 2163 1580 2198 gentisque
1587 2163 1669 2197 hujus

63 2202 133 2241 Ταύτῃ
154 2215 192 2234 τοι
211 2209 257 2235 καὶ
276 2209 326 2244 τὴν
345 2210 472 2245 λατρείαν
489 2211 587 2246 ὲκείνῳ
610 2211 824 2246 προσφέροντες,

64 2249 108 2276 οἱδὶ
118 2253 306 2290 τοῦςδαίμονας
322 2255 485 2290 θεραπεύειν
497 2257 657 2290 ἀφίσταντο.
673 2257 710 2283 Τὸ
717 2257 746 2283 δὲ
760 2257 826 2283 Ίου-

63 2292 125 2322 διίων
146 2298 224 2332 ἔθνος,
242 2301 268 2328 εί
289 2302 336 2328 καὶ
356 2301 394 2337 μὴ
409 2301 533 2337 σύμπαν,
549 2302 607 2329 ἀλλ’
621 2303 679 2336 οἶγε
693 2302 748 2330 τῶν
761 2304 826 2330 Μω-

66 2341 144 2368 παῖκῶν
155 2344 239 2379 νόμων
255 2346 305 2383 τήν
320 2347 433 2383 μνήμην
447 2348 509 2375 ἀντὶ
524 2348 574 2383 τῆς
585 2348 671 2384 λήθης
686 2349 824 2385 προτιμή-

67 2391 149 2429 ﬁlms,
159 2390 257 2426 ταύτης
276 2393 417 2425 παντελῶς
426 2393 632 2429 ἀπηλλαγμένοι
645 2393 696 2428 τῆς
710 2394 824 2428 ὲναγοῡς

66 2427 118 2464 ἦσαν
136 2434 296 2473 ὑπολήψεως,
312 2439 359 2466 καὶ
383 2427 482 2474 ὥσπερ·
495 2427 662 2475 δημιουργὸν
675 2427 826 2475 συμπάσης

67 2475 157 2509 κτίσεως
168 2480 234 2514 οὕτω
246 2483 294 2509 καὶ
306 2482 402 2519 ἔφορον
416 2484 464 2510 καὶ
479 2483 631 2518 προνοητὴν
643 2484 688 2511 τὸν
696 2483 826 2519 λατρευό-

69 2525 130 2552 Ιιενῦν
153 2523 213 2552 Θεδν
233 2527 430 2562 ἐπεγίνωσκον.
463 2528 514 2555 Διὰ
538 2527 619 2554 τοῦτο
649 2529 698 2564 μέν
725 2535 823 2563 φησιν·

70 2571 77 2587 ¹
93 2564 170 2600 Ἡμεῖς
180 2573 393 2608 προσκυνοῦμεν,
407 2573 422 2600 ὃ
433 2574 546 2608 οἴδαμεν
556 2582 564 2590 ο
597 2574 690 2609 ὑμεῖςε
702 2583 824 2610 προσκυ-

67 2611 127 2644 νεῖτε,
137 2613 203 2643 δούκ
218 2619 315 2646 οἴδατε.
331 2629 342 2645 ι
354 2619 591 2654 Προσκυνοῦμεν
606 2620 647 2652 δὲ,
665 2621 742 2655 φησὶ,
762 2628 826 2654 συγ-

69 2658 196 2694 καταλέγων
203 2664 297 2692 ἑαυτὸν
308 2666 366 2697 τοῖς
383 2666 532 2698 Ἰουδαίοις⁸
546 2665 622 2694 οὔπω
628 2666 683 2703 γὰρ
691 2667 825 2701 έναστρά-

874 2208 957 2236 unius
964 2214 1059 2235 curam
1068 2213 1159 2241 agere,
1168 2206 1262 2241 illique
1270 2207 1405 2241 imperare
1411 2207 1578 2240 statuebant,
1587 2212 1670 2242 atque

875 2254 928 2282 hoc
945 2253 1057 2280 nomine
1067 2257 1094 2279 et
1108 2252 1147 2279 illi
1163 2252 1267 2279 cultum
1281 2252 1459 2286 praestabant,
1475 2257 1503 2279 et
1516 2260 1530 2279 a
1545 2253 1668 2280 colendis

874 2298 1046 2326 daemonibus
1065 2297 1125 2325 suis
1148 2305 1204 2324 non
1223 2297 1407 2325 abstinebant.
1433 2296 1476 2324 Ab
1501 2297 1588 2325 altera
1603 2306 1668 2326 vero

874 2348 951 2379 parte
974 2350 1040 2378 gens
1055 2342 1223 2376 Judaeorum,
1249 2343 1272 2370 si
1298 2351 1352 2372 non
1371 2343 1472 2376 omnis,
1492 2345 1589 2371 saltem
1617 2344 1667 2377 illi,

875 2390 923 2425 qui
941 2389 1031 2424 legum
1047 2388 1230 2417 Mosaicarttm
1249 2379 1408 2417 meritoriam
1428 2389 1558 2418 oblivioni
1572 2390 1669 2426 praete.

876 2435 984 2468 rebant,
1012 2442 1025 2461 a
1048 2434 1207 2462 detestanda
1226 2435 1277 2463 hac
1302 2435 1432 2471 opinione
1450 2436 1561 2471 penitus
1589 2442 1668 2463 erant

876 2481 1025 2514 immunes,
1050 2479 1200 2515 Deumque,
1224 2488 1306 2516 quem
1327 2481 1464 2514 colebant,
1488 2486 1517 2509 ut
1543 2482 1665 2509 omnium

879 2534 973 2554 rerem
994 2525 1178 2558 conditorem,
1194 2526 1230 2553 ita
1247 2527 1327 2553 etiam
1351 2527 1534 2562 iuspectorem
1549 2532 1577 2556 et
1591 2535 1668 2556 cura-

876 2577 965 2600 torem
989 2579 1062 2604 esse,
1085 2571 1283 2606 agnoscebant.
1304 2571 1367 2599 Ideo
1389 2573 1447 2600 ait:
1464 2582 1473 2599 ι
1490 2571 1545 2601 Nos
1569 2573 1668 2601 adora-

877 2627 948 2652 mus,
960 2620 1034 2656 quod
1042 2619 1186 2653 novimus;
1197 2627 1245 2647 vos
1254 2619 1385 2652 adoratis,
1398 2619 1471 2654 quod
1483 2627 1535 2647 uon
1544 2620 1641 2648 nostis.
1655 2630 1665 2647 ι

877 2666 1044 2700 Αάοναοιιιε,
1070 2666 1176 2701 inquit,
1198 2665 1299 2695 Judaeis
1328 2673 1358 2695 se
1381 2674 1531 2696 accensens
1551 2676 1559 2695 ι
1578 2674 1668 2703 neque

94 2713 188 2747 "Ioan.
205 2729 239 2755 tv,
256 2723 300 2750 23.
346 2724 369 2740 ⁸⁸
382 2724 447 2753 ibid.
464 2725 510 2752 9|.
549 2727 570 2742 "
588 2725 655 2754 ibid.
673 2726 717 2755 l9.
749 2725 850 2754 "ibid-
868 2724 914 2752 22-

795 2784 915 2814 NOTAE.

154 2822 227 2865 (ἔριδι
236 2834 283 2865 pro
298 2828 437 2865 kEatpoﬁy.

97 2852 141 2890 (sa)
157 2852 438 2899 ota,'i.iéia,‘iii-b"6téi

910 2833 968 2872 ςει)
983 2832 1062 2861 Colb.
1077 2832 1169 2869 μόνον.
