1880 3057
187 122 239 153 463

187 180 258 207 eniln
281 184 345 206 tunc
361 185 456 207 omnes
472 179 581 207 deitatis
601 187 658 208 suae
672 181 762 209 radios
778 182 805 209 in
822 182 885 210 illos
901 190 978 218 spar-
991 184 1018 213 A

187 227 274 262 gebat.
302 227 446 261 Propterea
473 232 501 254 et
523 235 621 262 aquam
642 228 789 262 poscebat,
819 233 846 256 et
872 229 979 257 itineris

188 273 327 300 molestias
355 273 480 305 subibat,
511 273 791 309 del'atigationemque
815 283 848 302 ex
881 275 979 303 itinere

188 324 278 346 natam
291 320 385 352 humo,
401 324 531 354 tanquam
549 321 650 347 throno
667 325 765 355 sponte
783 327 855 354 nato,
872 321 979 349 solaba-

188 371 242 393 tur.
262 365 375 393 Accedit
399 366 494 397 etiam,
510 365 583 400 quod
611 365 753 393 mulierem
778 366 977 399 alloquebatur,

186 418 247 446 quae
269 410 457 438 sublimiorem
478 410 512 437 de
530 411 589 445 ipso
610 411 767 445 opinionem
787 411 978 446 adoptaverat,

185 466 248 484 eum
268 465 300 485 ex
325 458 520 492 prophetarum
535 465 651 485 numero
669 465 741 490 esse,
764 462 791 485 et
807 458 977 490 Judteorum,

187 504 295 539 Deoque
314 511 371 538 pra
392 503 497 532 (ueteris
515 503 629 531 charum
648 508 675 531 et
697 504 864 532 sanctiorem
884 504 979 532 existi-

186 556 273 575 mans.
292 547 438 583 Propterea
453 549 492 575 ait
505 556 512 575 :
526 548 682 575 adoramus.

221 592 268 620 Sic
292 592 386 627 itaque
409 593 497 627 prima
519 593 674 621 diﬂ'erentia
699 598 759 620 erat
780 595 915 629 exposita,
931 603 979 630 per

184 647 266 673 quant
287 639 378 666 cultus
397 638 531 666 Judaicus
545 639 592 666 illo
609 639 845 668 Samaritanorum
865 647 978 676 praesta-

186 685 242 711 bat.
266 683 333 717 Qua:
359 691 425 711 vero
453 690 495 711 est
526 684 634 711 altera?
665 693 674 710 ι
693 683 784 716 Salus.
816 685 916 720 inquit,
945 694 978 714 ex

184 729 285 757 Jutlzeis
305 734 379 757 nata.
400 739 409 755 ι
432 729 577 762 Quomodo
592 738 657 758 vero
668 731 743 758 salus
756 736 798 758 est
812 738 845 758 ex
857 730 980 759 ludatis?

184 775 254 801 Num
266 774 382 802 fortasse
395 775 468 806 ideo,
479 775 553 810 quod
566 782 627 802 cum
641 783 727 810 genus
739 775 882 803 hominum
897 783 979 804 omne

185 821 317 856 profanus
330 821 421 849 cultus
434 821 584 848 obnoxium
600 822 651 849 sibi
669 822 792 855 haberet,
809 822 867 849 veri
882 821 977 850 Numi-

186 868 229 895 nis
254 867 373 902 cognitio
394 868 458 895 inde
481 869 514 895 ad
541 868 610 895 alios
638 868 764 896 homines
791 868 895 903 perlata
916 873 978 902 est;
993 862 1014 890 Β

185 913 312 948 quodque
330 913 432 941 Iudaeis
449 913 610 947 debebatur,
636 914 709 948 quod
728 915 873 942 Samaritae
890 913 977 942 Deum

184 959 370 994 qualicunque
390 959 471 986 modo
490 959 636 986 colebant?
660 961 696 986 At
721 959 862 987 enimvero
890 960 977 988 satius

185 1005 278 1038 luerit,
294 1005 423 1038 salutem,
438 1012 471 1032 ex
485 1005 587 1034 .ludaeis
607 1010 708 1036 ortam.
722 1006 756 1033 de
773 1006 860 1040 ipsius
875 1006 977 1034 Christi

184 1051 314 1082 adventu,
334 1051 459 1085 iactaque
482 1058 530 1085 per
551 1058 614 1077 eum
631 1052 720 1086 gentis
737 1052 865 1079 humanae
883 1059 897 1079 a
920 1052 977 1087 pri-

184 1097 257 1123 stino
274 1096 352 1131 lapsu
374 1096 545 1130 liberatione,
564 1101 590 1123 et
615 1097 828 1131 instauratione,
849 1098 977 1126 inimico.

185 1150 244 1169 rum
258 1141 365 1170 insidiis
376 1148 400 1170 et
414 1143 518 1170 artibus
529 1151 667 1178 nunquam
681 1144 780 1171 iterum
798 1145 975 1180 subripienda

183 1193 211 1216 et
234 1188 404 1221 temeranda,
429 1188 613 1222 interpretari.
645 1189 723 1222 Quod
756 1198 820 1218 vero
848 1191 973 1220 dicitur:

188 1243 196 1259 ι
215 1233 296 1261 Venit
315 1235 394 1267 hora;
409 1239 436 1261 ct
446 1235 503 1269 jam
519 1239 579 1267 est;
595 1244 604 1259 ι
620 1234 647 1261 id
663 1235 773 1269 quidem
789 1236 901 1270 indicat,
918 1245 974 1265 rem

185 1280 273 1315 ipsam
304 1280 418 1307 omnino
437 1285 464 1307 et
485 1281 558 1307 brevi
575 1281 684 1315 quidem
715 1289 776 1309 esse
802 1287 974 1310 eventuram.

185 1325 387 1361 Prophetarum
410 1327 519 1360 quidem
535 1327 658 1361 oracula,
681 1327 780 1362 inquit,
795 1328 889 1362 aliquo
906 1334 974 1355 telli-

186 1379 250 1406 pore
263 1377 325 1406 post
339 1375 467 1398 eventum
489 1372 687 1405 sortiebantur,
709 1373 734 1400 id
757 1381 832 1404 vero,
850 1375 921 1408 quod
941 1374 975 1402 de

187 1424 229 1444 me
240 1416 343 1443 dictum
359 1420 412 1448 est,
426 1416 483 1451 jam
506 1416 532 1443 in
551 1421 678 1452 promptu
696 1422 749 1451 est,
774 1425 802 1446 et
816 1427 898 1453 opere
914 1421 975 1456 ipso

185 1463 373 1490 testimonium
387 1463 498 1497 praebet.

325 1517 488 1552 QU/ESTIO
508 1519 602 1547 Lxxv
622 1519 672 1557 [aL
691 1520 819 1556 LXXIV].
989 1528 1012 1559 ο

187 1565 325 1598 Quomodo
361 1565 468 1592 dicatur
510 1575 565 1593 esse
604 1566 675 1594 Deus
693 1568 720 1593 in
759 1568 830 1594 omni
858 1576 885 1595 re
907 1588 914 1600 ,
953 1574 978 1595 et

219 1601 349 1639 quomodo
362 1600 472 1628 dissolvi
484 1603 584 1639 possint
596 1603 795 1639 dubitationes,
811 1611 869 1637 qua:
884 1612 899 1629 ιι
916 1605 975 1639 qui-

221 1635 334 1662 busdam
348 1641 441 1663 contra
455 1635 502 1664 hoc
521 1637 695 1671 objiciuntur.

766 128 900 159 PHOTII
920 128 1174 159 PATRIARCH/E
1187 129 1241 160 (ΣΡ.

1030 191 1108 209 πτειν
1120 183 1209 215 πάσας
1221 182 1297 218 ὴφίει
1307 182 1357 218 τῆς
1368 181 1397 208 ἐν
1412 181 1487 218 αὐτῷ
1498 182 1623 216 θεότητος
1634 183 1684 216 τὰς
1698 183 1822 217 ἀκτῖνας.

1029 228 1075 254 Διὸ
1085 229 1133 256 καὶ
1150 227 1223 264 ὕδωρ
1235 228 1308 255 πιεῖν
1319 228 1457 261 ἐπεζήτει,
1474 227 1523 254 καλ⁵
1537 228 1621 256 κόπον
1640 228 1757 264 βαδίζων
1777 231 1824 265 ὑφ-

1031 274 1138 307 ίστατο,
1166 274 1269 301 καὶτὸν
1283 273 1367 301 κόπον
1396 274 1447 309 τῆς
1473 274 1629 310 ὁδοιπορίας
1658 275 1824 311 αὑτοσχεδίῳ

1029 319 1117 354 θρόνῳ
1131 318 1170 354 τῷ
1195 319 1290 354 ἐδάφει
1304 319 1434 346 διελύετο.
1458 319 1565 351 ’Ἄλλως
1583 328 1613 346 τε
1629 320 1678 347 καὶ
1691 322 1762 357 πρὸς
1775 331 1825 356 γυ-

1029 366 1109 392 ναῖκα
1137 365 1285 399 διελέγετο,
1300 365 1454 400 σεϐασμίαν
1471 366 1522 401 μὲν
1537 366 1674 394 λαϐοῦσαν
1689 368 1825 404 ὑπόληψιν

1029 411 1094 446 περὶ
1109 411 1203 444 αὑτοῦ,
1221 411 1260 443 ὡς
1279 411 1328 438 ἕνα
1345 411 1439 446 μέντοι
1452 420 1484 446 γε
1507 412 1563 439 τῶν
1580 413 1730 448 προφητῶν
1749 415 1825 449 ὅμως

1029 457 1110 484 αὑτὸν
1141 457 1297 493 ἡγουμένην
1315 458 1363 484 καὶ
1379 458 1417 490 ὼς
1435 458 1573 491 Ἰουδαῖον,
1589 459 1638 486 καὶ
1652 459 1826 494 θεοφιλέστε-

1031 502 1076 538 ρόν
1090 511 1119 529 τε
1133 503 1187 529 τῶν
1200 503 1288 530 ἄλλων
1301 503 1350 530 καὶ
1366 504 1622 540 ἁγιοπρεπέστερον
1638 506 1825 542 διακείμενον.

1029 547 1078 574 Διὰ
1092 547 1172 575 τοῦτο
1183 548 1229 575 οὖν
1243 548 1282 583 τὸ,
1301 551 1546 585 προσκυνοῦμεν,
1560 551 1680 587 εῖρηται.

1071 593 1141 620 Ἀλλ’
1169 594 1276 630 είρηται
1305 595 1355 630 μὲν
1379 597 1397 630 ἡ
1426 596 1476 631 μία
1494 596 1638 632 διαφορὰ,
1667 597 1727 624 καθ’
1741 598 1776 633 ἣν
1793 598 1826 625 τὸ

1035 639 1160 666 Ἰουδαῖον
1172 639 1254 671 σέϐας
1268 639 1318 675 τῆς
1324 640 1378 666 τῶν
1390 634 1567 677 Σαμαρειτῶν
1577 642 1727 678 θρησκείας
1739 643 1826 679 ὑπερ-

1029 687 1110 721 εῖχεν.
1140 685 1172 712 Ἥ
1194 686 1223 713 δὲ
1243 686 1325 720 ἑτέρα
1353 687 1413 720 τίς;
1439 696 1449 713 ι
1472 687 1505 714 Ἠ
1523 688 1655 724 σωτηρία,
1680 689 1774 724 φησὶν,
1793 691 1827 717 ὲκ

1028 731 1082 758 τῶν
1102 731 1246 759 Ἰουδαίων.
1261 741 1270 758 ι
1283 732 1345 763 Πῶς
1352 732 1380 758 δέ
1395 733 1493 768 ἐστινή
1503 733 1625 768 σωτηρία
1639 734 1671 760 ὲκ
1684 734 1739 761 τῶν
1758 734 1827 761 Ἰου-

1028 777 1126 809 δαίων,
1142 777 1238 812 ῆδιότι
1270 777 1411 813 πανταχοῦ
1434 778 1484 813 τῆς
1505 778 1560 806 τῶν
1572 779 1692 807 εἰδώλων
1715 780 1826 816 πλάνης

1028 822 1058 849 τὸ
1072 822 1149 856 γένος
1173 823 1384 859 ἐπινεμομένης,
1404 824 1509 851 ἐκεῖθεν
1531 824 1636 860 ηῦγασε
1650 826 1706 858 τοῖς
1732 826 1828 858 ἄλλοις

1027 868 1182 905 ἀνθρώποις
1197 870 1214 905 ἡ
1227 870 1389 904 θεογνωσία,
1403 871 1449 897 καὶ
1463 870 1531 897 διότι
1544 871 1612 898 αὐτὸ
1620 872 1650 898 τὺ
1657 872 1726 904 ὅλως
1738 881 1828 908 προσ-

1029 916 1121 942 κυνεῖν
1137 915 1201 947 τοὺς
1216 915 1390 951 Σαμαρείτας
1402 916 1446 943 τὸν
1460 916 1527 943 Θεὸν
1548 916 1603 943 ἀπὸ
1616 917 1671 944 τῶν
1689 917 1828 945 Ἰουδαίων

1028 961 1115 996 ἀρχὴν
1138 960 1229 995 έσχεν;
1245 960 1354 987 Μᾶλλον
1380 960 1409 988 δὲ
1435 960 1575 996 σωτηρίαν
1602 961 1656 988 ἀπὸ
1685 962 1741 988 τῶν
1760 962 1828 989 Ἰου-

1027 1007 1109 1034 δαίων
1125 1006 1309 1042 προελθοῦσαν
1326 1007 1402 1034 ἔστιν
1414 1009 1518 1034 ἐννοεῖν
1538 1007 1589 1043 τὴν
1602 1008 1685 1035 αὐτοῦ
1697 1007 1745 1034 τοῦ
1755 1008 1827 1044 Χρι-

1029 1053 1092 1080 στοῦ
1104 1054 1266 1088 παρουσίαν,
1282 1054 1329 1080 καὶ
1350 1054 1400 1090 τὴν
1416 1053 1449 1081 δι’
1470 1053 1555 1080 αὑτοῦ
1571 1054 1765 1089 γεγενημένην
1778 1055 1827 1081 τοῦ

1027 1100 1122 1134 γένους
1135 1100 1284 1135 ἀνάκλησιν
1297 1108 1327 1126 τε
1341 1099 1389 1126 τοῦ
1409 1099 1527 1127 παλαιοῦ
1543 1099 1702 1135 πτώματος,
1716 1100 1765 1126 καὶ
1778 1100 1829 1135 τὴν

1029 1147 1127 1182 μηκέτι
1148 1146 1337 1182 κλεπτομένην
1356 1146 1404 1173 καὶ
1427 1145 1692 1182 παραφθειρομένην
1717 1146 1828 1181 ἐχθρῶν

1026 1193 1183 1225 ἐπιϐουλαῖς
1206 1194 1252 1220 καὶ
1275 1193 1435 1227 βασκανίαις
1461 1192 1697 1220 ἀποκατάστασιν.
1725 1193 1765 1219 Τὸ
1783 1192 1824 1219 δέ·

1029 1249 1039 1266 ι
1062 1240 1191 1276 Ἔρχεται
1207 1238 1277 1274 ὥρα,
1293 1239 1341 1265 καὶ
1358 1238 1406 1265 νῦν
1422 1239 1508 1272 ἐστιν,
1527 1248 1536 1264 ι
1551 1238 1582 1264 τὺ
1596 1238 1705 1268 πάντως
1719 1237 1769 1264 καὶ
1781 1237 1828 1264 διὶι

1026 1286 1130 1321 ταχέων
1148 1285 1280 1320 ἑπόμενον
1301 1285 1406 1320 μηνύει.
1418 1285 1456 1311 05
1470 1284 1535 1319 γὰρ,
1553 1284 1650 1318 ὥσπερ
1666 1284 1692 1309 οἱ
1707 1291 1824 1319 προφη-

1025 1332 1096 1358 τικοὶ
1108 1331 1227 1366 χρησμοὶ
1241 1331 1330 1366 χρόνῳ
1346 1330 1458 1365 ὕστερον
1479 1329 1576 1356 ἔλαϐον
1603 1329 1633 1356 τὸ
1650 1329 1750 1363 πέρας,
1763 1327 1828 1355 ἀλλ’

1025 1378 1040 1404 ό
1054 1377 1118 1413 περὶ
1134 1376 1202 1412 ἐμοῦ
1215 1376 1309 1411 ῥηθεὶς
1324 1376 1402 1410 λόγος
1418 1376 1468 1411 ἥδη
1484 1376 1629 1410 πάρεστιν,
1640 1375 1692 1410 ήδη
1706 1375 1825 1409 ὲνέστηο

1025 1431 1074 1449 κεν
1083 1423 1132 1457 τὴν
1145 1422 1199 1448 ἀπὸ
1214 1422 1267 1448 τῶν
1284 1422 1372 1457 έργων
1391 1421 1562 1456 ἐπαγόμενος
1577 1420 1747 1456 μαρτυρίαν.

1302 1518 1468 1545 ΕΡΩΤΙΙΣΙΣ
1488 1519 1548 1545 οΕ’.

1029 1566 1092 1598 Πῶς
1119 1565 1238 1599 λέγεται
1260 1564 1294 1591 τὸ
1308 1563 1393 1590 Θεῖον
1418 1561 1495 1599 ehem
1521 1562 1554 1599 ἐν
1580 1562 1622 1599 τῷ
1643 1560 1756 1599 παγείς
1777 1561 1829 1588 καὶ

1065 1596 1128 1633 πῶς
1150 1596 1251 1628 ἔνεστι
1285 1599 1424 1627 διαλύειν
1449 1597 1469 1625 ἃ
1494 1597 1575 1633 πρὸς,
1595 1597 1653 1630 τὴν
1669 1596 1831 1633 -ὺντόθεσιν

1064 1631 1177 1697 τίέὐτην
1211 1636 1278 1670 παρ’
1302 1634 1393 1661 ἐνίων
1427 1631 1633 1668 προχομίζεται
1663 1631 1832 1666 διαπορού-

1062 1681 1083 1706 μ
1103 1679 1160 1703 Va;

709 1727 781 1752 Edita
796 1735 809 1752 ει
826 1727 898 1758 Maio,
914 1728 974 1753 Nov.
988 1729 1063 1759 Coll.,
1083 1733 1101 1753 ι.
1115 1729 1156 1759 IX,
1169 1735 1194 1759 p.
1212 1727 1296 1752 95-93.

216 1779 246 1806 in
275 1779 369 1807 multis
412 1786 473 1812 ηοω
512 1779 546 1807 de
575 1780 629 1807 Deo
673 1781 906 1816 contemplamur,
943 1790 977 1809 ne

185 1825 277 1852 omnia
291 1825 391 1857 dicam,
405 1833 458 1852 non
472 1825 571 1859 solum,
583 1827 630 1861 qui
645 1827 784 1862 mysteriis
801 1828 909 1861 pietatis
925 1835 977 1855 non

186 1870 295 1899 fuerunt
312 1872 421 1905 initiati,
436 1872 562 1907 quamvis
578 1873 636 1900 acie
649 1874 749 1901 mentis
776 1875 814 1901 ρι’
824 1874 980 1908 cognitiOne

187 1924 278 1944 rerum
297 1925 490 1952 corporearunt
515 1919 674 1947 horninibus
693 1919 735 1946 sui
749 1920 854 1947 ordinis
871 1921 978 1955 praesti-

187 1964 283 1992 tissent
310 1964 412 1998 quique
442 1969 562 1991 nostram
596 1965 792 2000 ignoraverunt
821 1966 876 1992 vim
912 1973 979 1993 con-

187 2009 336 2043 templandi
356 2009 537 2036 inﬁrmiorem
551 2016 622 2041 esse,
640 2018 723 2045 quam
747 2015 776 2038 ut
799 2011 976 2046 intelligentia

187 2054 420 2089 comprehendere
452 2055 496 2082 illa
520 2056 653 2090 possint,
701 2056 868 2091 experientia
901 2064 976 2084 com-

189 2100 358 2134 probarunt;
384 2101 430 2127 sed
445 2104 472 2128 et
485 2101 642 2135 quicunque
658 2106 769 2136 propter
784 2101 905 2129 studium
923 2102 980 2136 pie-

188 2147 252 2174 tatis
266 2151 295 2173 et
309 2147 393 2173 vitam
409 2155 504 2181 puram
521 2147 700 2182 profundiora
717 2154 914 2183 cognoverunt,
930 2156 981 2175 nee
996 2142 1019 2170 Ι)

189 2195 231 2221 his
245 2193 355 2228 quidem
385 2193 505 2222 inventio
519 2201 611 2221 rerum
633 2195 788 2222 divinarum
814 2195 901 2222 facilis
923 2202 984 2222 esse

188 2239 267 2271 solet,
316 2239 382 2274 quid
408 2240 469 2266 dico
519 2239 722 2266 inventionem?
762 2240 896 2274 siquidem
935 2247 984 2266 nec

189 2283 246 2319 ipsa
271 2285 407 2312 scrutatio
436 2291 504 2319 pure
527 2291 622 2311 eorum
656 2289 774 2311 mentem
800 2285 890 2312 allicit.
921 2284 984 2312 llaec

187 2336 280 2359 autem
296 2332 413 2366 quaestio
438 2336 568 2366 tanquam
586 2330 700 2358 onmiuo
715 2330 802 2366 magis
829 2330 980 2362 recondita.

188 2384 215 2406 ct
237 2386 297 2414 quae
312 2382 433 2405 mentem
450 2377 624 2405 curiosorum
651 2377 769 2410 excellit,
794 2378 927 2409 studium,
953 2382 984 2405 ιιι

190 2426 368 2460 intelligatur,
382 2424 521 2459 postulat;
536 2432 589 2451 non
604 2424 696 2459 igitur,
711 2432 771 2459 qum
789 2424 926 2457 dicentur,
942 2423 982 2451 sic

190 2470 285 2497 audire
299 2474 417 2504 oportet,
439 2469 518 2504 quasi
535 2469 656 2496 limatius
687 2477 743 2496 rem
765 2469 981 2504 comprehende-

190 2518 288 2548 rimus,
314 2520 342 2542 et
359 2515 426 2542 nihil
449 2516 568 2550 amplius
595 2516 629 2542 ad
655 2517 877 2550 cognoscendum
893 2515 928 2543 tle
949 2523 980 2543 ea

189 2562 313 2589 relictum
329 2568 342 2588 a
359 2561 437 2589 nobis
451 2562 495 2595 sit,
522 2562 568 2589 sed
598 2561 728 2589 benevole
753 2562 847 2589 audire
862 2565 979 2596 oportet,

188 2607 215 2636 et
258 2608 384 2642 amplecti
428 2612 560 2643 quantum
606 2608 734 2636 humanis
766 2608 980 2643 cogitationibus

188 2663 230 2686 ea,
248 2662 310 2689 quae
328 2655 473 2682 humanam
489 2655 614 2682 notitiam
630 2658 771 2689 superant,
786 2656 896 2688 assequi
914 2662 979 2689 pos-

189 2708 294 2728 511111118-

231 2746 259 2773 Ιιι
288 2747 360 2774 omni
393 2751 435 2774 est
463 2747 535 2775 Deus
577 2747 661 2782 (quod
683 2747 731 2774 tibi
771 2747 798 2773 in
827 2745 980 2781 qurestionc

190 2801 260 2821 nunc
291 2795 408 2829 positum
441 2796 494 2829 es')
527 2799 658 2829 tanquam
689 2794 756 2821 nihil
785 2802 880 2821 eorum
915 2801 978 2829 qum

189 2846 261 2868 sunt.
277 2841 303 2868 Si
320 2841 394 2868 enim
411 2847 481 2869 esset
494 2848 577 2868 unum
594 2848 628 2868 ex
649 2840 692 2873 iis,
707 2848 767 2874 qute
784 2843 858 2872 sunt,
876 2839 922 2873 qui
937 2844 978 2867 est

1067 1781 1157 1808 Πολλὰ
1171 1781 1224 1807 τῶν
1241 1780 1322 1816 ἱερῶν
1344 1779 1408 1814 περὶ
1420 1778 1488 1806 Θεοῦ
1513 1777 1712 1814 θεωρημάτων,
1729 1777 1776 1804 ῑνα
1792 1778 1832 1814 μὴ

1031 1829 1121 1855 πάντα
1133 1827 1216 1862 λέγω,
1229 1826 1260 1853 οὐ
1278 1825 1357 1862 μόνον
1372 1825 1423 1852 ὅσα
1436 1825 1492 1856 τοῖς
1507 1826 1556 1860 τῆς
1571 1823 1712 1854 εὐσεϐείας
1723 1823 1833 1859 ὀργίοις

1032 1874 1082 1901 οὐκ
1096 1873 1277 1907 ὲτελέσθησαν
1292 1873 1345 1899 κὰν
1359 1871 1399 1907 τῷ
1411 1871 1462 1906 τῆς
1476 1870 1596 1901 διανοίας
1611 1870 1708 1905 κράτει
1731 1869 1784 1896 καὶ
1799 1871 1832 1904 τῇ

1032 1920 1086 1947 τῶν
1104 1919 1205 1946 ὲνύλων
1219 1918 1319 1953 γνώσει
1334 1917 1389 1944 τῶν
1405 1916 1549 1952 ὁμοταγῶν
1566 1917 1595 1943 ὲν
1611 1915 1650 1950 τῷ
1663 1917 1779 1951 κρατεῖν
1795 1915 1834 1942 δι-

1031 1956 1202 2002 ενηνόχασιν,
1216 1965 1277 2000 οὐχὶ
1290 1964 1392 1991 τούτων
1405 1964 1485 1999 μόνον
1496 1963 1546 1999 τὴν
1558 1962 1611 1995 ἔξω
1623 1961 1669 1988 τοῦ
1683 1961 1745 1988 καθ’
1756 1962 1833 1996 ἡμεῖς

1032 2012 1112 2046 λόγου
1135 2012 1184 2046 τὴν
1208 2010 1379 2046 θεωρητικὴν
1400 2009 1476 2044 ἰσχὺν
1497 2007 1696 2042 ἀσθενεστέρας
1716 2007 1769 2042 τῆς
1790 2008 1832 2033 οἰ-

1033 2057 1110 2088 κείας
1130 2056 1316 2090 καταλείψεως
1340 2056 1373 2090 τῇ
1395 2055 1478 2090 πείρᾳ
1497 2051 1659 2088 διήλεγξαν·
1685 2051 1757 2079 ἀλλὰ
1783 2051 1832 2088 καὶ

1034 2104 1113 2135 ὅσους
1128 2103 1142 2129 ὁ
1160 2102 1210 2137 τῆς
1224 2102 1364 2132 εὐσεϐείας
1379 2101 1458 2135 λόγος
1474 2099 1521 2126 καὶ
1536 2100 1552 2134 ἡ
1567 2099 1614 2126 τοῦ
1632 2098 1690 2134 βίον
1705 2098 1832 2133 καθαρό-

1034 2157 1084 2182 της
1094 2148 1145 2182 τῆς
1157 2147 1344 2182 ἐπιγνώμονος
1358 2147 1412 2173 τῶν
1425 2145 1582 2181 βαθυτέρων
1597 2145 1683 2177 ἔθετο,
1695 2145 1759 2171 οὐδὲ
1771 2143 1832 2171 τοὺ-

1035 2203 1089 2220 των
1106 2195 1122 2228 ἡ
1147 2194 1200 2219 τῶν
1222 2193 1365 2228 θειοτέρων
1386 2191 1494 2227 εὕρεσις
1516 2193 1549 2218 ἐκ
1569 2190 1616 2218 τοῦ
1638 2191 1739 2226 ῥᾴστου
1757 2190 1833 2223 φιλεῖ

1036 2240 1235 2275 παραγίνεσθαι
1247 2247 1255 2255 ’
1269 2239 1316 2265 καὶ
1329 2239 1356 2265 τί
1370 2238 1442 2273 λέγω
1455 2238 1580 2272 εῦρεσις¹,
1594 2238 1695 2271 ὃπουγε
1710 2236 1767 2263 οὐδ’
1780 2237 1831 2262 αὺ-

1035 2285 1069 2320 τὴ
1086 2285 1214 2321 καθαρῶς
1228 2285 1275 2311 καὶ
1291 2284 1362 2311 κατὰ
1386 2284 1465 2318 λόγον
1486 2284 1578 2314 αὐτοῖς
1593 2283 1609 2317 ή
1625 2284 1723 2318 ἔρευνα
1740 2282 1831 2309 διατί-

1035 2330 1123 2362 θεται;
1140 2329 1342 2365 Γλαφυρωτέρα
1353 2328 1382 2356 δὲ
1399 2327 1436 2359 ὡς
1451 2327 1553 2354 ἐπίπαν
1570 2327 1617 2354 καὶ
1627 2326 1697 2362 αὕτη
1712 2327 1764 2361 τῆς
1776 2326 1833 2352 τῶν

1035 2374 1335 2410 πολυπραγμονούντων
1352 2373 1472 2406 διανοίας
1486 2372 1702 2409 ὑπεριδρυμένη,
1722 2372 1831 2406 φιλοτι-

1035 2421 1126 2456 μεῖται
1150 2419 1397 2454 έπιγινώσχεσθαι·
1421 2417 1519 2445 οὔκουν
1550 2418 1604 2444 τῶν
1631 2416 1832 2452 ῥηθησομένων

1034 2466 1176 2500 ἐξακούειν
1211 2466 1252 2493 δεῖ
1285 2465 1375 2502 οὕτως.
1395 2465 1433 2498 ὡς
1457 2466 1487 2493 τὺ
1520 2465 1719 2501 ἀκριϐέστερον
1739 2473 1831 2491 κατει-

1035 2515 1158 2550 ληφότων
1172 2534 1179 2547 ,
1209 2514 1257 2540 καὶ
1284 2513 1367 2550 μηδὲν
1391 2513 1473 2540 πλέον
1499 2514 1539 2545 είς
1566 2512 1615 2547 τὴν
1641 2509 1690 2538 τοῦ
1714 2519 1831 2546 προκει-

1034 2561 1116 2596 μένου
1145 2559 1246 2594 γνῶσιν
1264 2559 1502 2595 ὑπολειπομένων·
1532 2557 1589 2585 ἀλλ’
1605 2557 1644 2588 ὡς
1664 2555 1720 2583 οἷόν
1743 2565 1776 2582 τε
1797 2555 1832 2582 τὰ

1032 2606 1150 2642 κρείττω
1163 2606 1212 2641 τῆς
1225 2605 1399 2641 ἀνθρωπίνης
1413 2604 1558 2639 ἐπιϐουλῆς
1575 2604 1710 2636 ἐπινοίαις
1721 2603 1830 2639 ἀνθρω-

1032 2652 1125 2683 πίναις
1143 2651 1321 2683 πανευλαϐὦς
1335 2650 1384 2678 καὶ
1399 2651 1448 2678 σὺν
1466 2651 1571 2686 ἀγωνίᾳ
1595 2650 1730 2686 μενόντων
1747 2651 1833 2686 εὐμε-

1032 2698 1086 2731 νῶς
1099 2698 1210 2726 ἀκούειν
1225 2698 1273 2725 καὶ
1287 2697 1479 2732 ἀποδέχεσθαι.

1074 2744 1119 2771 Ἐν
1141 2744 1181 2780 τῷ
1205 2744 1288 2771 παντὶ
1311 2743 1456 2779 τοιγαροῦν
1486 2743 1516 2770 τὸ
1543 2743 1620 2770 Θετόν
1644 2744 1730 2774 ἐστιν,
1759 2742 1830 2776 ὅπερ

1033 2792 1071 2823 εἰς
1088 2791 1237 2826 συζὴτηοιν
1265 2790 1398 2826 προετέθη
1426 2799 1478 2823 σοι,
1506 2790 1545 2822 ώς
1571 2789 1648 2816 οὐδὲν
1664 2789 1719 2815 τῶν
1744 2788 1830 2815 ὅντων

1033 2839 1062 2864 ὲν
1076 2839 1131 2869 τοῖς
1146 2837 1236 2864 οὖσιν·
1264 2837 1280 2871 ἢ
1304 2838 1358 2871 γὰρ
1390 2838 1423 2864 ἂν
1444 2838 1475 2864 τὸ
1500 2837 1570 2872 ὑπὲρ
1587 2837 1673 2864 πάντα
1689 2836 1725 2862 τὰ
1751 2835 1826 2865 ὄντα.
