1880 3057
69 133 111 164 465

523 130 574 160 AD
593 128 892 160 AMPIIILOCIIIUM
912 129 1089 164 QUIESTIO
1108 129 1235 159 LXXIV.

1623 129 1675 161 466

66 188 90 215 ἓν
108 188 138 214 ἄν
161 184 194 222 ἦν
217 186 272 218 τῶν
299 185 383 212 ὄντων
415 185 463 213 καὶ
490 186 504 213 ό
533 186 694 221 προαγωγός
727 195 757 213 τε
783 185 839 212 καὶ’

920 187 1013 213 unium
1029 189 1126 213 auctos
1136 190 1163 211 et
1177 183 1334 215 fabricator,
1346 191 1417 211 unus
1428 188 1572 212 vocaretur
1585 192 1616 212 ex
1629 185 1673 218 iis,

65 233 208 269 δημιουργὸς
232 231 368 264 ἁπάντων,
391 228 431 263 εἷς
453 232 486 259 ἂν
515 233 684 268 ἐχρημάτιζε
704 232 760 259 τῶν
784 232 830 258 ὑπ’

65 279 133 307 αὐτοῦ
145 277 407 314 δημιουργηθέντων.
421 278 508 306 Τοῦτο
520 278 574 314 γὰρ
590 279 746 314 νομοθετεῖν
761 277 832 306 οἶδεν

65 327 77 360 ἡ
90 325 150 359 πρὸς
162 324 195 350 τὰ
207 323 270 350 ὅντα
283 323 334 357 τῆς
346 323 492 355 διαθέσεως
508 325 642 360 συγγενής
657 333 685 351 τε
701 326 748 351 καὶ
765 326 831 360 ὁμο-

64 372 135 406 ταγὴς
146 371 193 405 τῆς
204 370 401 406 δημιουργικῆς
414 370 503 406 ἀρχῆς
523 371 661 404 κοινωνία,
680 371 791 398 ἐπειδὰν
801 371 832 398 τδ

63 416 252 451 ἁπιράλλιικτόν
268 425 310 448 τις
324 416 478 448 έκδιάζοιτο
496 416 547 452 τὴν
563 416 655 452 σχέσιν
670 416 743 452 ἔχειν
763 417 832 452 πρὸς

63 463 149 498 ἄλληλα
160 463 192 489 τὰ
205 462 270 488 δντα
289 462 336 489 καὶ
351 463 396 489 τὸν
412 463 532 498 Κτίστην
548 463 617 499 πρὸς
634 463 669 490 τὰ
682 463 830 498 κτίσματα.

92 507 185 536 Οὐκοῦν
201 508 239 540 ὡς
251 508 327 535 οὐδὲν
337 508 392 535 τῶν
405 509 489 536 ὄντων
503 510 559 540 τοῖς
571 508 653 536 αὐτοῦ
666 509 832 536 συνάπτεται

63 556 101 581 καὶ
121 555 326 589 σνγχαταδαίνει
346 555 377 581 τὸ
398 554 474 581 Θεῖον
489 555 730 591 δημιουργήμασιν
742 563 749 570 ·
773 555 831 582 ἀλλ’

65 600 180 635 ἰδιαζούσῃ
198 600 318 627 διαθέσει
339 600 386 627 καὶ
408 599 549 635 οἰκονομίᾳ
566 601 763 636 διακεκριμένη
782 601 831 636 τὴν

64 647 119 681 πρὸς
131 648 161 674 τὰ
176 646 239 674 ὄντα
263 647 354 682 σχέσιν
379 647 544 682 ἁρμόζεται*
567 648 661 682 ὥσπερ
674 647 703 674 δέ
724 648 782 674 ἐστι
801 648 832 674 τὸ

63 694 125 719 θεῖον
137 693 213 727 σοφόν
232 701 263 719 τε
280 692 339 728 ἅμα
355 693 402 720 καὶ
415 693 580 728 ὑπέρσοφον,
596 693 661 724 Θεός
674 702 703 720 τε
723 693 832 729 ἰσχυρὸς

63 738 101 764 καὶ
114 738 248 773 ὑπέρθεος,
268 739 372 774 κυρίως
390 747 420 765 τε
435 739 515 765 οὐσία
535 738 584 765 καὶ
600 738 772 773 ὑπερούσιον,
786 739 832 765 καὶ

63 784 194 817 αὖτὰγαθον
207 784 311 818 ὁμοίως
325 785 372 810 καὶ
385 784 570 818 ὑπράγαθον,
588 783 675 817 οὕτως
698 784 832 820 ὑπάρχειν

63 829 153 863 λέγεται
166 829 215 856 κάν
228 829 268 864 τῷ
283 830 365 856 παντὶ
388 831 437 856 καὶ
457 830 528 864 ὑπὲρ
542 830 573 856 τὸ
588 830 656 857 πᾶν⁸
675 831 723 857 ἐπὶ
748 830 832 866 μόνης

63 875 105 909 γὰρ
119 875 162 909 τῆς
185 875 306 910 ἀρρήτου
335 876 383 902 καὶ
403 875 582 911 πολυωνύμου
605 878 652 903 καὶ
675 876 832 912 ὑπερφυοῦς

63 920 160 953 φύσεως,
175 920 189 946 ὁ
209 922 396 955 καταφατικδς
414 922 469 948 τῶν
486 921 627 956 ὀνομάτων
651 922 745 956 τύπος,
768 923 832 950 σύν-

63 966 143 1000 δρομον
152 966 218 1000 ἴσχει
230 966 283 1001 τὴν
301 967 439 1002 σημασίαν
456 968 513 999 τοῖς
526 967 570 994 διὰ
583 967 638 994 τῶν
655 968 832 1002 ἀποφατικῶν

63 1009 238 1045 ἢστερητικῶν
256 1011 354 1045 φωνῶν
375 1012 576 1047 σχηματισμοῖς
594 1012 704 1048 δηλοῦσι
722 1013 753 1040 τὸ
769 1012 831 1048 βού-

63 1054 133 1089 λημα·
151 1055 244 1092 διόπερ
265 1056 297 1082 τὺ
317 1057 346 1083 ὲν
365 1057 447 1083 παντὶ
470 1057 520 1084 οὐκ
538 1057 611 1084 ἐστιν
633 1057 761 1092 ἀθέτησις
784 1058 832 1084 τοῦ

63 1099 117 1134 ὑπὲρ
127 1100 155 1127 τὸ
169 1102 222 1128 πᾶν
231 1110 239 1117 ·
255 1102 324 1129 ἀλλὰ
338 1103 600 1138 συμφωνία-μᾶλλον
613 1104 660 1130 καὶ
674 1103 830 1138 βεδαίωσις·

62 1143 86 1169 οὐ
96 1144 140 1179 μὴν
155 1145 181 1171 δὲ
194 1145 251 1172 ἀλλ’
265 1146 327 1173 οὐδὲ
334 1146 364 1173 τὸ
374 1147 444 1182 ὑπὲρ
455 1148 509 1174 πᾶν
519 1147 696 1182 παραλλαγὴν
706 1147 829 1182 προλαμ-

63 1188 350 1226 εᾶνειθαυμασιωτέραν
359 1192 408 1226 τῆς
419 1192 600 1226 μυσταγωγοῦ
608 1192 758 1226 θεολογίας,
768 1193 832 1227 παρ’

63 1234 88 1266 ἣν
93 1235 106 1268 ἡ
112 1235 137 1260 ὲν
144 1235 180 1270 τῷ
186 1237 269 1262 παντὶ
284 1236 421 1271 ίερολογου
426 1238 493 1273 μένη
510 1237 612 1273 θεωρία
624 1238 815 1273 παραδίδωσιν.

90 1280 159 1306 Ὥστε
173 1282 186 1307 ό
198 1281 336 1316 διαπορῶν
357 1284 382 1309 εί
405 1284 435 1310 ὲν
445 1283 482 1318 τῷ
499 1283 582 1310 παντὶ
596 1283 626 1310 τὸ
639 1283 715 1311 Θείον
734 1284 783 1310 οὐκ
800 1284 833 1311 ἂν

63 1323 118 1358 ὑπὲρ
125 1326 152 1350 τὺ
164 1326 227 1356 πᾶν,
242 1326 356 1361 λέληθεν
367 1328 464 1355 ἑαυτὸν
477 1328 527 1363 τὴν
540 1329 594 1355 τῶν
611 1329 691 1364 ιερῶν
702 1330 833 1364 ῥημάτων

63 1370 98 1395 ἐπὶ
104 1371 147 1405 τῆς
156 1371 261 1405 φύσεως
274 1373 372 1408 χρῆσιν
383 1373 498 1408 ἀγνοῶν*
512 1375 560 1401 καὶ
569 1375 619 1409 τῆς
628 1375 759 1410 συνήθους
769 1376 834 1412 περὶ

62 1415 103 1441 τῶν
115 1417 206 1445 ὲνύλων
222 1419 332 1453 ὁμιλίας
347 1420 424 1447 οὐδὲν
439 1420 606 1455 ὑψηλότερον
621 1421 680 1447 οὐδὲ
697 1421 833 1456 θειότερον

63 1461 114 1495 περὶ
126 1461 174 1488 τῶν
186 1463 278 1490 ἀΰλων
290 1465 492 1500 φανταζόμενος
501 1473 508 1479 ·
523 1464 592 1491 ἀλλὰ
605 1465 659 1500 γὰρ
674 1466 732 1498 πῶς
750 1467 779 1493 ὲν
795 1466 834 1502 τῷ

63 1507 142 1539 παντί;
153 1508 256 1543 εἴρηται
270 1510 321 1544 μὲν
328 1510 365 1542 ὡς
376 1511 436 1537 κατ’
445 1511 541 1539 οὐδένα
554 1511 655 1547 τρόπον
667 1512 721 1538 τῶν
734 1512 827 1539 ὄντων.
841 1520 864 1550 C

64 1551 88 1577 El
112 1552 137 1579 δὲ
161 1554 199 1581 δεῖ
223 1564 250 1581 τι
276 1555 377 1590 μᾶλλον
408 1556 655 1593 θεωρητικωτέρων
688 1558 832 1593 δογμάτων

64 1598 118 1631 πρὸς
128 1599 155 1625 τὺ
167 1600 231 1634 ὕψος
248 1601 288 1636 μὴ
302 1601 499 1634 ἀποδειλιάσαι,
512 1602 570 1629 ἐστι
579 1603 609 1629 τὺ
622 1603 698 1630 Θείον
711 1605 739 1630 ὲν
751 1604 832 1631 παντὶ

64 1645 113 1670 κατ’
127 1645 262 1681 ὲνέργειάν
279 1656 309 1673 τε
323 1649 370 1674 καὶ
386 1649 447 1675 κατ’
462 1649 554 1676 οὐσίαν
564 1658 572 1665 ·
590 1650 635 1676 καὶ
650 1650 687 1686 μή
704 1659 748 1685 μοι
758 1650 832 1685 λέγε,

66 1689 110 1719 πῶς
122 1698 129 1722 ;
140 1692 300 1728 προείρηται
317 1693 363 1719 καὶ
379 1694 416 1724 ὡς
427 1695 487 1720 κατ’
504 1695 598 1721 οὐδένα
612 1695 712 1729 τρόπον
723 1695 778 1722 τῶν
790 1697 833 1722 δν-

64 1742 121 1760 ·ιων·
139 1737 192 1768 πῶς
213 1737 259 1765 οὖν
287 1739 346 1765 ἐστι
367 1740 425 1765 κατ’
441 1741 553 1774 οὐσίαν;
574 1741 612 1772 ὡς
628 1742 755 1776 ἐννοήσας
772 1743 833 1768 κατ’

66 1780 183 1815 ἐνέργειαν
193 1792 201 1800 ·
218 1784 315 1820 ἐπειδὴ
331 1785 385 1820 γὰρ
397 1786 430 1812 τὰ
445 1786 495 1820 μὲν
511 1786 578 1813 ἄλλα
590 1787 637 1813 καὶ
650 1787 764 1822 δυνάμει
775 1788 833 1814 ἐστι

66 1833 117 1852 ποτε
129 1829 171 1854 καὶ
184 1829 321 1865 ἐνεργείᾳ,
342 1831 371 1856 τὸ
391 1831 419 1857 δὲ
433 1831 520 1863 Θεῖον,
534 1831 571 1864 ὡς
588 1833 602 1859 ό
616 1832 770 1868 διορατικὸς
789 1834 833 1859 ὲν-

66 1871 150 1906 νσὴσειε
169 1874 239 1906 νοῦς,
254 1876 355 1910 ἅείπερ
369 1877 442 1903 ἐστὶν
455 1878 580 1912 ἐνέργεια
590 1886 596 1892 ·
612 1878 642 1905 οὐ
658 1880 711 1914 γὰρ
730 1879 760 1910 ὲξ
773 1880 834 1905 ἀτε-

65 1916 114 1949 λοῦς
127 1921 162 1951 εἰς
173 1921 330 1954 τελειότητα
343 1923 476 1957 πρόεισιν,
495 1924 548 1950 οὐδ’
565 1924 628 1951 ἄλλο
642 1933 669 1951 τι
691 1925 768 1960 παρὰ
784 1925 834 1960 τὴν

66 1963 250 2001 αὑτοενὲργειάν
278 1968 337 1994 ἐστι
362 1969 393 1994 τὸ
415 1969 583 2002 αὑτοούσιον,
600 1970 679 2006 δῆλον
694 1971 732 2003 ὡς
748 1972 776 1997 ὲν
794 1968 835 2003 οἷς

68 2009 114 2037 ἐστι
125 2014 179 2038 κατ’
192 2013 345 2049 ἐνέργειαν,
364 2015 393 2041 ἐν
406 2016 463 2046 τοῖς
475 2016 568 2048 αὐτοῖς
585 2017 642 2043 ἐστι
656 2017 704 2044 καὶ
718 2017 777 2044 κατ’
791 2017 835 2043 οὺ-

67 2054 132 2082 σὶ-πν·
145 2058 248 2094 ἐνεργεῖ
274 2059 325 2093 μὲν
343 2059 398 2095 γὰρ
421 2061 492 2087 κατὰ
511 2061 627 2096 συνοχὴν
646 2063 693 2089 καὶ
705 2063 836 2098 διαμονὴν

67 2100 192 2129 τῶνόντων
202 2113 210 2120 '
227 2105 317 2131 οὑσιοῖ
332 2105 360 2131 δὲ
377 2105 424 2132 καὶ
440 2105 583 2141 διακρατεῖ
597 2107 652 2134 τῶν
668 2108 837 2143 δημιουργη-

68 2144 149 2174 θέντων
169 2149 212 2176 ὑπ’
226 2150 312 2177 αὐτοῦ
325 2151 373 2185 τὴν
389 2151 480 2185 φύσιν.

853 2206 875 2233 D

95 2280 148 2312 Πῶς
168 2281 213 2310 οὖν
242 2285 275 2312 τὸ
296 2285 372 2312 Θετόν
396 2286 455 2313 ἐστι
479 2287 616 2319 οὑσιωδῶς
636 2288 665 2314 Eo;
690 2287 728 2323 τῷ
745 2289 837 2322 παντὶ,
861 2286 866 2290 ’

67 2324 90 2350 0'5
106 2326 148 2359 μία
164 2337 204 2360 τις
231 2330 264 2356 ὲκ
289 2330 392 2358 τούτων
413 2332 586 2358 ἀποτελεῖται
602 2334 777 2365 συνουσίωσις
791 2335 839 2362 καὶ

68 2369 145 2410 99mg;
165 2374 205 2400 ὅτι
224 2375 280 2402 οὐδ’
301 2375 366 2402 ὅταν
391 2377 467 2413 αὐτῷ
492 2379 586 2413 ὲννοῇς
608 2379 669 2415 κατ’
697 2380 838 2414 ἐνέργειαν

68 2416 104 2442 καὶ
120 2418 195 2456 λέγῃς
218 2423 247 2448 ὲν
271 2422 311 2455 τῷ
344 2423 426 2450 παντὶ
449 2422 533 2456 εἶναι,
564 2424 619 2451 οὐδ’
645 2424 731 2456 οὕτως
761 2425 839 2452 ἔσται

70 2464 291 2500 συντετελεσμένον
320 2467 366 2493 καὶ
395 2467 502 2501 φύσεως
524 2468 602 2502 λόγον
620 2469 719 2504 ἐπέχον
740 2469 770 2495 τὺ
789 2469 836 2496 δυ-

68 2506 164 2540 νάμενον
186 2510 332 2546 ὁλόκληρόν
358 2521 417 2544 πως
443 2514 571 2547 ὑποσχεῖν
607 2513 656 2548 τὴν
683 2513 777 2549 χρείαν
805 2513 837 2540 ἔκ

69 2559 91 2577 τε
108 2554 149 2580 τοῦ
174 2557 275 2588 παντὸς
300 2558 347 2584 καὶ
374 2559 407 2584 ὲκ
432 2559 482 2591 τῆς
504 2559 579 2591 Θείας
609 2560 656 2586 καὶ
683 2559 834 2595 κρείττονος

70 2598 185 2647 ξυνελθεῖν
214 2603 301 2638 ἑτέρῳ
329 2604 396 2639 πρὸς
431 2605 496 2639 μίαν
523 2606 697 2636 ὑποστάσεως
729 2606 839 2632 αὺτοτέο

70 2645 145 2671 λειαν·
161 2647 206 2674 καὶ
228 2649 288 2681 πῶς
316 2650 350 2677 ἂν
367 2650 397 2677 τὸ
420 2651 481 2678 κατ’
502 2652 596 2678 οὐσίαν
619 2645 742 2687 ὑπάρχον
767 2652 836 2685 τινες

70 2688 134 2716 τοῦτο
144 2692 195 2728 γὰρ
206 2693 317 2728 εὔλογον
329 2697 540 2731 προσεπιζητεῖν
556 2697 643 2724 δοκεῖ’
662 2698 725 2732 μίαν
738 2698 838 2725 ἐννοεῖν

70 2734 110 2784 erit
123 2738 264 2773 ἀπαρτίζει
278 2742 326 2768 σὺν
339 2743 435 2777 ἐκείνῳ
449 2744 606 2770 ὑπόστασιν.
629 2743 697 2769 Ἀλλ’
714 2744 743 2769 οὺ
760 2744 838 2778 χαλε-

72 2782 113 2830 7-W-
129 2782 317 2819 ἐπιλύσασθαι,
337 2787 378 2814 ὅτι
393 2788 481 2815 διττὸν
497 2788 606 2822 λέγεται
625 2788 655 2815 τὸ
670 2788 729 2815 κατ’
742 2789 837 2816 οὐσίαν

72 2825 186 2862 ὺπάεἶχειν
199 2831 265 2857 τινί·
283 2833 313 2859 τὸ
331 2833 380 2867 μὲν
395 2833 449 2869 γὰρ
461 2833 515 2860 τῶν
531 2833 738 2869 σημαινομένων
754 2835 781 2861 ὲν
798 2835 837 2870 τῷ

882 239 944 266 qum
961 231 996 258 ab
1013 231 1073 265 ipso
1097 229 1167 257 faeta
1185 234 1259 257 sunt.
1276 229 1352 256 lianc
1364 230 1438 257 enim
1457 229 1542 265 legem
1557 231 1674 265 imponit

882 277 1041 304 communio
1066 283 1127 303 cum
1151 275 1195 308 iis,
1211 282 1273 310 quae
1297 279 1372 307 sunt,
1390 279 1417 302 et
1433 283 1528 303 eorum
1546 277 1675 311 cognatio

882 332 898 351 a
921 324 1046 358 Principe
1060 327 1088 350 et
1110 323 1239 350 Creatore
1255 320 1387 356 profecta,
1414 321 1437 349 si
1462 323 1525 356 quis
1548 330 1596 357 per
1618 322 1672 349 vim

883 369 996 400 nitatur,
1022 372 1050 396 et
1065 367 1137 403 quod
1153 367 1253 395 variari
1269 375 1322 394 non
1340 371 1439 401 potest,
1456 372 1580 396 mutuam
1597 369 1674 396 habi-

883 415 1005 443 tudinem
1028 422 1091 442 cum
1116 413 1198 441 rebus
1221 412 1332 445 habeat,
1351 418 1378 440 et
1392 412 1505 441 Greater
1521 422 1583 449 cum
1598 422 1675 442 crea-

883 460 954 487 turis

916 506 998 541 Igitur
1010 510 1140 540 tanquam
1156 504 1225 532 nihil
1237 511 1334 532 eorum
1356 512 1419 539 qua:
1435 508 1511 536 sunt,
1527 512 1589 532 cum
1616 505 1674 532 suis

882 552 1069 588 coniungitur,
1086 557 1113 579 et
1128 551 1248 579 demittit
1258 559 1288 579 se
1305 551 1375 578 Deus
1390 550 1423 578 ad
1436 558 1502 578 suas
1521 555 1674 582 creaturas.

882 599 930 627 sed
959 599 1067 633 propria
1093 597 1274 632 dispositione
1297 601 1326 623 et
1353 597 1506 624 meooomia
1533 595 1675 628 distincta,

882 651 960 671 suam
976 650 1039 670 cum
1064 642 1147 669 rebus
1162 641 1348 668 habitudinem
1365 645 1450 675 aptat.
1479 640 1555 668 Sicut
1585 645 1675 667 autem

882 693 925 717 est
940 688 1012 715 Deus
1024 688 1134 722 sapiens
1147 687 1229 715 simul
1254 692 1281 714 et
1295 694 1376 722 supra
1393 686 1542 721 sapientes,
1557 690 1583 713 et
1599 685 1676 715 fortis

884 735 954 762 Deus
970 739 997 762 et
1008 741 1090 769 supra
1106 733 1199 765 l'ortes,
1216 737 1243 760 et
1260 741 1341 767 supra
1357 732 1436 765 deos,
1450 737 1477 760 et
1488 732 1596 767 proprie
1609 732 1675 759 sub-

883 781 982 809 stantia
992 787 1108 815 etsupra
1117 779 1311 811 substantiam,
1321 782 1348 806 et
1360 779 1448 813 ipsum
1464 786 1512 813 per
1520 786 1548 805 se
1559 778 1675 810 bonum,

883 827 1043 855 etsimiliter
1056 834 1138 861 supra
1148 825 1265 859 bonum;
1281 825 1321 852 sic
1330 825 1431 852 dicitur
1440 832 1500 852 esse
1513 824 1539 851 in
1552 824 1638 855 omni,
1649 829 1676 851 et

884 881 967 909 supra
989 880 1080 901 omne.
1106 872 1198 900 Insoia
1217 871 1290 899 enim
1302 875 1411 904 natura,
1434 878 1495 905 quae
1508 878 1590 905 supra
1600 874 1676 897 natu-

885 928 942 947 ram
958 924 1010 952 est,
1026 923 1052 946 et
1060 926 1121 953 quae
1133 918 1187 946 dici
1204 925 1258 944 non
1271 922 1372 951 potest,
1385 921 1412 944 et
1425 917 1572 943 multorum
1588 916 1676 943 nomi-

883 973 948 993 num
961 964 1152 992 afﬁrmantiqu
1161 963 1388 998 significationem
1404 962 1487 989 habet
1501 962 1676 989 consentien-

883 1016 937 1038 tem
951 1018 1013 1038 cum
1026 1010 1114 1037 forma
1127 1017 1225 1037 vocum
1245 1008 1423 1042 negantium,
1440 1007 1481 1034 vel
1497 1000 1672 1040 privanlium.

884 1057 921 1084 Ex
939 1065 993 1091 quo
1009 1055 1047 1086 lit.
1063 1059 1092 1082 ut
1110 1061 1172 1081 esse
1193 1054 1220 1080 in
1238 1053 1325 1085 omni,
1349 1060 1402 1079 non
1419 1057 1498 1086 neget
1513 1059 1573 1078 esse
1593 1058 1674 1085 supra

882 1110 972 1134 Omne,
995 1101 1040 1129 sed
1059 1100 1149 1134 potius
1164 1099 1317 1130 conﬁrmet,
1344 1102 1371 1125 et
1405 1104 1458 1123 non
1487 1096 1540 1123 hoc
1571 1095 1674 1125 solum,

884 1157 934 1177 nec
950 1155 1011 1176 esse
1031 1154 1113 1182 supra
1132 1152 1223 1177 omne,
1249 1144 1427 1171 variationem
1444 1141 1674 1169 admirabiliorem

883 1195 911 1222 in
929 1193 1066 1228 theologia
1087 1192 1186 1226 recipit
1212 1194 1311 1225 prater
1329 1197 1401 1221 eam,
1416 1195 1498 1223 quam
1514 1186 1598 1214 tradit
1614 1193 1675 1213 esse

884 1240 911 1267 in
927 1239 1012 1266 omni.

919 1284 1009 1317 Quare
1033 1282 1080 1318 qui
1107 1281 1223 1313 dubitat,
1246 1280 1268 1307 si
1291 1279 1362 1306 Deus
1382 1281 1424 1305 est
1447 1277 1474 1304 in
1497 1277 1589 1307 omni,
1620 1283 1674 1303 non

883 1337 945 1359 esse
960 1336 1042 1364 supra
1059 1335 1150 1360 omne,
1165 1327 1272 1362 ignorat
1283 1326 1306 1352 is
1323 1332 1403 1352 usum
1419 1331 1559 1351 sacrarum
1576 1330 1674 1350 vocum

884 1377 918 1405 de
945 1375 1038 1403 divina
1070 1367 1187 1406 natura;
1215 1378 1243 1400 et
1279 1371 1346 1398 nihil
1369 1370 1451 1397 altius
1483 1376 1573 1403 neque
1606 1368 1676 1396 divi-

885 1423 961 1454 nius.
987 1427 1069 1455 quam
1098 1417 1270 1447 consuetudo
1281 1424 1371 1443 rerum
1396 1422 1590 1450 corporearum
1613 1413 1674 1446 fert,

885 1470 919 1497 de
935 1469 979 1500 iis,
993 1474 1054 1502 qua:
1077 1465 1191 1493 materia
1209 1467 1318 1499 vacant,
1342 1462 1452 1498 cogitat.
1470 1461 1522 1488 Sed
1538 1460 1676 1495 quomodo

881 1520 924 1544 est
947 1514 976 1540 in
1008 1511 1107 1538 omni?
1141 1509 1249 1537 Dictum
1288 1507 1362 1535 enim
1403 1511 1455 1538 est,
1479 1505 1554 1532 nullo
1595 1503 1676 1532 modo

885 1567 980 1588 earum
1007 1564 1097 1584 rerum
1122 1563 1183 1590 qua:
1206 1558 1270 1582 sunt
1289 1563 1295 1579 ι
1311 1553 1358 1581 sed
1381 1553 1405 1580 si
1431 1556 1541 1587 oportet
1566 1551 1672 1585 aliquid

886 1606 974 1634 adhuc
1002 1603 1092 1630 dicere
1122 1600 1195 1636 quod
1227 1599 1263 1627 sit
1280 1596 1675 1633 majoris.contemplationis,

887 1653 920 1680 iis
951 1650 1054 1680 etiam,
1085 1647 1131 1682 qui
1157 1649 1221 1674 sunt
1247 1645 1344 1672 altiore
1376 1647 1466 1670 mente
1490 1642 1615 1677 praediti,
1651 1647 1679 1668 et

886 1704 942 1723 non
957 1695 1046 1722 solent
1064 1691 1213 1720 formidare
1228 1694 1255 1717 et
1270 1689 1364 1724 fugere
1378 1688 1549 1715 altitudinem
1563 1687 1677 1721 dogma-

887 1746 944 1768 tnm
963 1739 1048 1774 magis
1069 1736 1287 1770 theologieorum
1302 1755 1309 1766 ,
1333 1739 1374 1761 est
1402 1733 1472 1760 Deus
1486 1738 1547 1759 actu
1565 1736 1592 1759 et
1611 1733 1678 1758 sub—

887 1783 985 1812 stantia
995 1780 1114 1809 inomni.
1129 1778 1273 1812 Quomodo
1289 1777 1371 1812 igitur
1383 1781 1426 1803 est
1437 1776 1589 1803 substantia
1605 1775 1679 1802 sicut

888 1826 1044 1856 intellexisti
1071 1824 1153 1852 actu?
1176 1823 1240 1858 quia
1257 1822 1332 1850 enim
1355 1822 1409 1848 alia
1425 1824 1490 1847 sunt
1511 1819 1678 1854 quandoque

889 1878 969 1906 actu;
997 1872 1070 1898 Deus
1095 1877 1160 1897 vero
1187 1870 1228 1904 (ut
1253 1868 1298 1902 qui
1328 1867 1414 1894 aciem
1443 1866 1541 1892 mentis
1568 1871 1677 1893 acutam

889 1919 981 1949 habet,
1003 1916 1152 1950 intelligere
1175 1915 1273 1949 potest)
1296 1920 1404 1947 semper
1428 1911 1506 1938 adest
1526 1914 1606 1943 actu;
1624 1918 1678 1937 non

888 1965 960 1993 enim
982 1972 1015 1991 ex
1032 1962 1192 1998 imperfecto
1206 1960 1238 1987 ad
1266 1960 1415 1995 perfectum
1437 1957 1569 1992 procedit,
1589 1964 1679 1991 neque

889 2011 961 2038 aliud
977 2008 1043 2044 quid
1065 2012 1106 2035 est
1122 2015 1184 2034 esse
1199 2006 1289 2041 ipsum
1306 2013 1352 2039 per
1377 2012 1407 2031 se
1431 2004 1545 2035 bonum,
1564 2007 1676 2038 praeter-

889 2064 970 2091 quam
992 2056 1081 2090 ipsum
1109 2060 1170 2080 esse
1221 2059 1268 2086 per
1311 2058 1340 2078 se
1368 2056 1469 2083 acturo,
1506 2050 1601 2085 liquet,
1650 2049 1680 2076 in

889 2103 990 2138 quibus
1007 2105 1049 2128 est
1068 2105 1142 2131 actu,
1160 2099 1187 2125 in
1215 2099 1249 2125 iis
1268 2098 1334 2132 ipsis
1350 2104 1410 2124 esse
1434 2096 1609 2128 substantia;
1624 2095 1680 2130 agit

890 2147 963 2174 enim
989 2142 1224 2173 conservationem
1249 2147 1275 2169 et
1298 2142 1468 2168 durationem
1494 2149 1590 2168 eorum
1619 2149 1681 2175 qua:

890 2197 964 2219 sunt.
981 2192 1123 2218 Sustentat
1139 2194 1229 2216 autem
1250 2193 1278 2215 et
1291 2188 1414 2214 continet
1431 2191 1554 2214 naturam
1570 2193 1679 2218 eorum.

889 2247 948 2273 qua:
960 2238 993 2264 ab
1006 2238 1065 2271 ipso
1085 2240 1175 2264 creata
1190 2240 1264 2262 sunt.

925 2284 1069 2316 Quomodo
1085 2283 1166 2317 igitur
1184 2282 1207 2308 si
1232 2281 1302 2308 Deus
1323 2284 1368 2309 est
1383 2279 1533 2306 secundum
1553 2278 1681 2306 substan-

889 2331 953 2358 tiam
976 2330 1002 2357 in
1022 2330 1097 2356 omni
1116 2350 1124 2360 .
1149 2336 1205 2356 non
1239 2328 1382 2355 coniicitur
1412 2333 1465 2353 una
1492 2333 1524 2352 ex
1554 2325 1681 2352 omnibus

890 2375 1076 2408 σννουσίωσις,
1101 2374 1127 2402 id
1152 2379 1203 2406 est.
1236 2372 1482 2401 consubstantiatio
1505 2376 1532 2398 et
1562 2371 1680 2398 natura?

889 2421 1023 2454 Quoniam
1038 2427 1125 2455 neque
1137 2427 1199 2447 cum
1217 2419 1305 2454 ipsum
1321 2418 1449 2453 intelligis
1470 2416 1619 2444 secundum
1633 2423 1680 2442 ae-

890 2471 959 2498 tum,
981 2470 1009 2494 et
1030 2465 1099 2493 dicis
1118 2470 1180 2492 actu
1204 2472 1264 2492 esse
1298 2464 1325 2490 in
1360 2463 1453 2494 omni,
1500 2469 1588 2496 neque
1628 2462 1678 2493 sic,

892 2513 1014 2548 inquam,
1026 2512 1077 2539 erit
1088 2513 1252 2539 constitutus
1265 2516 1291 2537 et
1305 2510 1436 2537 rationem
1451 2513 1554 2536 natura:
1565 2508 1679 2540 habens,

891 2560 937 2593 qui
967 2557 1054 2593 possit
1079 2557 1171 2585 subire
1195 2557 1329 2590 integrum
1358 2554 1559 2590 quodanunotlo
1586 2561 1680 2585 usum,

888 2604 1063 2635 Constitutus,
1078 2603 1199 2636 inquam,
1221 2610 1254 2628 ex
1278 2604 1351 2629 omni
1374 2606 1401 2628 et
1422 2609 1454 2628 ex
1467 2600 1557 2627 divina
1572 2604 1680 2631 natura,

888 2657 949 2685 qum
962 2648 1133 2683 praestantior
1146 2652 1198 2680 est,
1210 2655 1291 2681 quam
1309 2652 1338 2675 ut
1355 2647 1441 2682 possit
1456 2654 1517 2674 cum
1542 2645 1594 2672 alio
1614 2652 1681 2671 con-
1695 2651 1698 2654 '

889 2695 962 2730 gredi
992 2693 1026 2720 ad
1041 2701 1121 2720 unam
1134 2697 1218 2719 totam
1245 2693 1398 2728 hypostasis
1420 2692 1624 2727 perfectionem.
1646 2691 1678 2719 Et

888 2741 1027 2778 quomodo
1061 2747 1122 2768 esse
1149 2739 1297 2767 secundant
1326 2740 1507 2767 substantiam
1533 2740 1560 2765 in
1587 2739 1680 2773 aliquo

890 2791 958 2825 (haec
971 2788 1044 2816 enim
1071 2788 1184 2822 quaestio
1197 2788 1278 2823 digna
1293 2788 1399 2815 videtur
1413 2787 1597 2822 indagatione)
1623 2795 1678 2814 non

889 2835 966 2867 facit,
984 2839 1012 2861 ut
1033 2833 1216 2869 intelligamus
1232 2841 1312 2862 unam
1334 2842 1396 2861 cum
1420 2833 1466 2861 illo
1490 2832 1679 2868 hypostasim?
