1880 3057
56 147 115 182 169

542 152 593 182 ΑΙ)
609 151 906 182 AM-PHILOCHIUM
925 151 1101 187 QU/ESTIO
1122 152 1252 182 LXXVI.

1642 150 1695 183 470

53 204 143 238 αὐτην
168 205 302 240 ῥημάτων
327 205 384 241 (91)
407 206 544 241 ὠφέλειαν
569 207 618 241 τὴν
641 207 728 241 ἀκοὴν
749 206 854 238 ἀνοῖξαι
870 209 891 237 Α
908 207 1051 241 panderav

943 207 1027 233 ndera
1036 206 1176 233 volebant.
1194 206 1257 233 ideo
1270 206 1412 241 propheta,
1427 206 1588 234 surditatem
1598 207 1694 235 eorum

51 249 203 282 ἐθέλοντας
219 251 275 286 (92)
285 272 293 285 ,
307 251 368 278 οὔτε
380 253 448 288 πρὸς
466 252 537 280 οὕτω
560 253 722 288 θεοπρεπεῖς
744 252 852 286 θαυμά-

49 303 107 321 των
129 295 189 331 [93)
213 296 390 332 λαμπηδόνας
406 297 470 329 τοὺς
496 297 654 333 ὀφθαλμοὺς
676 297 850 325 ἀναπετάσαι

50 340 250 375 βουληθέντας.
273 343 319 369 Διὸ
343 343 390 370 καὶ
407 343 420 369 ὁ
442 344 586 379 προφήτης
607 344 638 370 τὸ
652 343 745 378 κωφὸν
758 343 850 375 αὺτοῖς

49 387 218 421 γαντυφλὸν
240 388 291 415 οὐκ
309 389 468 424 ἀλλαχόθεν,
486 390 519 416 ὲκ
543 390 571 416 δὲ
583 391 634 425 τῆς
654 390 722 422 ιδίας
746 390 849 425 μοχθη-

50 431 114 465 ρίας
151 434 288 467 περιεῖναι
315 434 589 470 διαμαρτυρόμενος,
623 444 632 460 ι
665 435 847 470 Ἐπαχύνθη,

903 256 931 279 et
953 252 1104 279 caecitatem
1127 259 1182 278 nou
1216 252 1268 279 nisi
1294 260 1326 279 ex
1350 253 1459 287 propria
1485 253 1587 280 malitia
1606 258 1694 280 ortam

904 301 1064 329 testaturus,
1083 296 1122 323 ait
1138 305 1144 323 :
1163 305 1172 322 ι
1188 297 1371 326 lncrassalum
1388 297 1459 324 enim
1476 302 1516 324 est
1535 305 1584 324 cor
1602 298 1693 332 populi

903 343 997 378 hujus.
1015 353 1024 369 ι
1044 343 1076 370 Et
1091 343 1228 378 quoniam
1247 343 1435 370 inerassarunt
1450 351 1496 370 eor
1514 351 1606 375 suum,
1630 351 1695 378 pro.

903 393 994 424 pterea
1023 389 1139 416 auribus
1157 389 1215 416 suis
1241 396 1313 424 aegre
1329 388 1454 420 audiunt,
1478 393 1505 416 et
1525 389 1612 416 oculis
1634 389 1694 416 suis

903 436 1018 462 nictant.

48 478 131 512 φησι,
161 478 180 514 ἡ
197 478 293 513 καρδία
316 479 364 506 τοῦ
389 479 455 506 λαοῦ
479 480 586 507 τούτου.
607 490 616 506 ›
635 481 690 507 Καὶ
714 481 775 508 ἐπεὶ
797 481 847 516 τὴν
865 481 980 516 καρδίαν
1012 480 1104 508 αὐτῶν
1136 480 1287 515 ὲπάχυναν,
1311 480 1356 507 διὰ
1381 481 1460 508 τοῦτο
1485 481 1533 509 καὶ
1558 485 1615 515 τοῖς
1640 486 1692 513 ὠσὶ

49 525 165 561 βαρέως
183 526 315 562 ἤκουσαν,
333 527 456 559 καὶτοὺς
476 527 633 563 ὀφθαλμοὺς
654 528 745 555 αὐτῶν
758 528 932 562 ἐκάμμυσαν.

86 570 158 598 Εἶτα
186 572 249 607 μηδ’
263 572 401 607 ἀνανῆψαι
425 573 538 605 τούτους
559 574 662 601 ὲθέλειν
685 574 777 609 δηλῶν
800 574 850 608 τῆς

49 618 182 645 ἑκουσίου
204 619 367 653 πηρώσεως,
383 619 500 652 ἐπάγει·
519 629 529 645 ‹
548 620 594 655 Μή
611 628 676 646 ποτε
695 619 771 647 ῖδωσι
795 621 850 652 τοῖς

48 663 218 698 ὀφθαλμοῖς,
242 665 288 691 καὶ
302 666 359 696 τοῖς
374 664 442 691 ὠσὶν
456 665 606 698 ἀκούσωσι,
629 665 678 692 καὶ
692 665 725 701 τῇ
751 665 849 702 καρδίᾳ

50 708 158 735 συνῶσι
184 709 232 736 καὶ
255 710 459 745 ὲπιστρέψωσι,
488 710 536 737 καὶ
562 710 686 745 ίάσωμαι
708 711 817 742 αὐτούς.
835 721 845 736 ι

55 753 272 790 Ἐπαχύνθησαν
295 755 442 791 τοιγαροῦν
462 756 512 791 τὴν
543 756 668 792 καρδίαν,
697 756 742 783 διὰ
772 755 851 784 τοῦτο

49 800 164 834 βαρέως
179 800 311 835 ἥκουσαν,
336 801 385 828 καὶ
406 802 469 833 τοὺς
484 801 642 838 ὀφθαλμοὺς
659 802 749 829 αὐτῶν
762 803 851 837 ἐκάμ-

51 854 157 879 μυσαν.
179 846 362 881 Ἑκάμμυσαν
374 847 403 874 δὲ
419 848 482 879 τοὺς
499 847 668 883 ὀφθαλμοὺς,
684 849 732 875 καὶ
745 848 780 875 τὰ
793 845 852 876 ὦτα

48 891 204 926 ἐδάρυναν,
218 893 324 927 μήποτε
340 892 416 919 ίδωσι
430 894 488 924 τοῖς
500 892 662 928 ὀφθαλμοῖς,
673 894 720 920 καὶ
733 894 789 926 τοῖς
799 894 851 920 ὠσὶ

939 572 1152 608 Signiﬁcaturus
1164 581 1257 608 porro,
1274 573 1384 601 eosdem
1397 582 1430 601 ex
1444 581 1593 609 spontanea
1612 578 1693 606 caci-

904 621 960 644 tate
972 625 1024 645 non
1047 625 1108 645 esse
1122 618 1314 653 evigilaluros,
1339 620 1424 652 addit,
1447 630 1457 646 ‹
1471 620 1509 648 Ne
1523 623 1634 655 quando
1649 618 1693 650 vi-

902 663 985 690 deant.
1008 663 1106 695 oculis,
1124 668 1152 691 et
1166 664 1280 692 auribus
1304 665 1426 698 audiant,
1442 670 1470 694 et
1485 667 1566 694 corde
1591 668 1693 696 intelli-

902 712 1012 743 gant,et
1020 712 1319 744 convertantur,etego
1330 710 1391 737 illos
1402 719 1507 738 sanem.
1521 722 1531 738 ›
1545 712 1693 742 lncrassati

901 753 992 788 itaque
1006 757 1084 781 erant
1101 754 1204 782 corde:
1219 759 1364 790 propterea
1384 764 1456 791 aegre
1468 757 1644 793 audiverunt,
1664 765 1692 787 et

902 799 999 826 oculos
1014 806 1081 827 suos
1097 799 1286 827 occluserunt.
1307 799 1488 830 Occluserunt
1513 811 1578 831 vero
1597 805 1693 833 oculos

901 853 978 876 suos,
993 849 1021 872 et
1044 852 1126 873 aures
1139 844 1263 874 difﬁciles
1278 847 1468 881 reddiderunt,
1495 857 1531 877 ne
1547 850 1636 878 oculis
1651 852 1692 878 vi-

900 891 1008 923 derent,
1024 896 1051 918 et
1071 891 1186 919 auribus
1210 892 1348 920 audirent.
1366 892 1488 928 Utroque
1516 903 1580 923 vero
1607 903 1691 924 sensu

49 936 221 965 ἀκούωσιν.
238 937 295 964 Καὶ
308 937 412 964 τούτων
425 938 453 965 δὲ
467 938 517 974 τὴν
534 939 661 974 πήρωσιν
675 939 782 971 ἑκόντες
796 939 848 966 ὑπ·
866 932 886 959 Β
901 942 997 972 sponte
1008 945 1037 965 se
1049 967 1051 972 Α

939 942 997 971 ante
1008 945 1037 965 se
1049 937 1202 972 privarunt,
1218 945 1253 965 ne
1267 939 1392 966 conversi
1407 940 1554 974 aliquando
1570 949 1586 968 a
1608 942 1691 969 tantis

48 982 133 1017 ἦλθον
150 983 221 1019 (94),
238 983 282 1010 ἵνα
298 983 335 1019 μὴ
356 984 576 1020 ἐπιστραφέντες
599 985 655 1012 τῶν
680 985 848 1021 τηλικούτων

48 1028 149 1056 παθῶν
161 1029 214 1065 τῆς
230 1030 330 1062 ἰάσεως
344 1030 476 1066 τύχωσιν.
491 1031 570 1059 Οὕτω
587 1032 638 1067 μὲν
660 1031 708 1060 οὖν
723 1033 816 1068 σαφῶς
832 1035 847 1061 ὁ

48 1075 200 1110 προφήτης
215 1075 263 1102 τοῦ
277 1075 445 1110 τυφλώττειν
468 1077 517 1104 καὶ
541 1078 679 1112 κωφεύειν
695 1079 745 1115 τὴν
758 1079 847 1107 αἰτίαν

47 1120 100 1155 τῆς
123 1120 277 1157 Ἰουδαϊκῆς
303 1122 419 1149 ἀνάπτει
440 1122 555 1158 γνώμης
575 1125 623 1151 καὶ
646 1125 846 1160 προαιρέσεως,

48 1164 109 1192 ἀλλ’
122 1165 186 1201 οὐχὶ
202 1165 276 1193 Θεοῦ
286 1166 376 1202 ψῆφον
391 1167 524 1202 οὐμενοῦν
547 1169 598 1195 οὐκ
623 1170 744 1204 εἰσάγει,
759 1170 847 1197 ταῦτα

47 1212 106 1243 τοῖς
151 1212 292 1245 Ἰουδαίοις
323 1214 520 1249 ἐπιφέρουσαν.
566 1215 672 1251 Ὠσπερ
710 1216 754 1243 δὲ’
784 1217 846 1243 κατ’

47 1257 142 1285 ἐκεῖνο
155 1259 215 1294 (95)
228 1259 327 1295 καιροῦ
345 1260 398 1287 τῶν
417 1260 556 1288 Ἰουδαίων
570 1262 633 1293 τοὺς
653 1262 813 1298 ἀγνώμονας
831 1264 846 1290 ὁ

47 1306 200 1341 προφήτης
215 1306 390 1341 στηλιτεύων,
406 1307 510 1341 ἔλεγεν,
527 1308 597 1343 μήτε
612 1308 676 1340 τοὺς
689 1308 846 1344 ὀφθαλμοὺς

46 1351 183 1387 ἐθελῆσαι
198 1351 329 1385 διανοίξαι
340 1372 347 1385 ,
366 1353 436 1388 μήτε
451 1353 521 1387 πρὸς
542 1353 627 1390 ἀκοὴν
642 1356 794 1390 παρασχεῖν
811 1355 846 1382 τὰ

45 1395 106 1425 ὦτα
123 1397 196 1434 πρὸς
215 1398 266 1433 τὴν
286 1399 425 1434 σωτηρίαν
439 1399 540 1433 αὐτῶν,
554 1400 603 1427 καὶ
616 1400 758 1437 θεοπρεπῆ
772 1401 846 1428 διδα-

47 1444 178 1476 σκαλίαν,
192 1444 226 1471 ἐκ
247 1444 275 1471 δὲ
290 1444 347 1480 (96)
362 1445 418 1471 τῶν
434 1445 557 1481 συνήθως
569 1445 625 1482 (97)
641 1447 733 1478 αὐτοῖς
755 1448 845 1484 ἀμαρ-

45 1489 221 1524 τανομὲνων,
238 1489 358 1524 μάλιστα
373 1490 402 1517 δὲ
424 1490 472 1517 τοῦ
492 1491 590 1526 τύφου,
613 1492 661 1519 καὶ
678 1492 727 1527 τῆς
744 1493 844 1526 ἀλαζο-

45 1535 136 1568 νείας,
167 1535 217 1562 καὶ
243 1535 291 1562 τοῦ
323 1536 392 1571 πρὸς
419 1536 471 1572 τὴν
497 1537 603 1572 πλάνην
631 1538 731 1573 μᾶλλον
754 1538 769 1573 ἢ
795 1538 844 1574 τὴν

46 1580 194 1607 εῦσέσειαν
217 1581 330 1616 ῥέπειν·
352 1582 438 1617 ἔμυόν
459 1590 490 1609 τε
513 1583 548 1609 τὰ
573 1582 698 1618 ὄμματα,
721 1584 769 1610 καὶ
793 1584 844 1620 τὴν

47 1626 136 1662 ἀκοὴν
152 1627 288 1662 συνεῖχον,
305 1627 382 1654 αὐτοὶ
397 1628 512 1660 ἑαυτοὺς
533 1628 649 1663 τυφλοὺς
667 1629 715 1656 καὶ
735 1630 845 1664 κωφοὺς

46 1672 288 1708 ἀπεργαζόμενοι*
307 1673 400 1700 καὶτὸ
421 1674 629 1710 χαλεπώτερον,
655 1675 727 1702 οὕτω
743 1676 845 1703 παθόν.

47 1728 93 1751 τες
107 1719 166 1755 (98)
178 1719 293 1752 ἑαυτοὺς
308 1719 418 1755 βλέπειν
432 1721 486 1747 τῶν
498 1721 586 1748 ἄλλων
600 1722 655 1757 (99)
673 1722 773 1756 μᾶλλον
788 1723 846 1749 ἐνό-

49 1766 140 1800 μιζον,
159 1765 208 1792 κα)⁸
222 1765 262 1800 τῷ
274 1766 324 1801 τῆς
338 1767 453 1802 οἰήσεως
469 1767 653 1802 ἑφλέγμαινον
665 1767 757 1796 πάθει.
771 1768 845 1795 Διότι

48 1812 218 1848 νομομαθείς
231 1820 264 1838 τε
277 1812 400 1845 ὲδόκουν,
416 1813 463 1840 καὶ
476 1813 531 1840 τῶν
547 1814 697 1849 προφητῶν
712 1814 761 1846 τὰς
787 1823 844 1848 φω-

48 1858 108 1891 νὰς,
126 1858 142 1885 ὃ
160 1858 242 1886 πλέον
256 1859 347 1886 αὐτῶν
367 1859 418 1895 τὴν
436 1860 605 1895 κατηγορίαν
623 1860 773 1891 ἐπέτεινεν,
787 1862 844 1893 τοῖς

47 1901 168 1940 χείλεσιν
181 1904 358 1940 περιέφερον,
376 1905 416 1932 διὸ
439 1905 487 1932 καὶ
501 1906 613 1933 ἀνίατον
629 1907 722 1938 αὐτοῖς
734 1907 784 1944 τὴν
798 1909 842 1934 νό-

48 1959 95 1978 σον
110 1951 331 1984 κατεσκεύαζον.
354 1951 498 1979 Ἐντεῦθεν
520 1953 534 1978 ὁ
552 1953 602 1988 μὲν
627 1954 723 1988 Σωτὴρ
746 1954 792 1980 τὸν
810 1955 843 1980 ὲκ

47 1998 183 2032 γεπητῆς
197 1997 299 2031 τυφλὸν
317 1997 424 2029 δεικνὺς
442 1998 550 2034 ὁρῶντα
562 2019 570 2032 ,
585 1998 641 2026 τῶν
663 1999 692 2025 δὲ
709 2000 758 2035 τὴν
782 1999 842 2026 θεο-

49 2045 135 2080 μάχον
149 2045 276 2079 γλῶτταν
290 2045 349 2072 ἀντὶ
363 2045 416 2080 τοῦ,
426 2044 565 2078 θυσιάζειν
578 2046 618 2077 είς
642 2045 722 2081 ὓϐριν
736 2046 842 2073 κινούν-

47 2099 111 2124 των,
129 2101 138 2116 ι
160 2091 209 2123 Εἰς
223 2092 322 2126 κρῖμα,
344 2091 438 2126 φησὶν,
469 2091 523 2125 ἐγὼ
540 2092 580 2122 είς
595 2092 640 2118 τὶν
657 2092 758 2127 κόσμον
780 2092 843 2127 ὲλή-

48 2136 126 2169 λυοα,
142 2137 188 2163 ῖνα
204 2137 229 2163 οἱ
242 2137 279 2171 μὴ
295 2136 441 2172 βλέποντες
452 2136 581 2172 βλέψωσι,
596 2138 644 2164 καὶ
657 2138 682 2164 οἱ
696 2138 842 2172 βλέποντες

46 2182 143 2216 τυφλοὶ
161 2181 306 2215 γένωνται.
325 2191 334 2207 ι
354 2182 408 2208 Καὶ
422 2183 454 2217 δὴ
477 2183 524 2209 καὶ
537 2182 593 2210 τῶν
608 2183 766 2218 Φαρισαίων
781 2184 841 2209 ὲπι-

47 2227 262 2262 φθεγγομένων·
284 2237 293 2252 ι
309 2228 353 2263 Μὴ
370 2229 418 2254 καὶ
438 2230 520 2264 ἡμεῖς
540 2226 636 2262 τυφλοί
657 2229 760 2272 ἐσμεη
780 2237 790 2254 ι
805 2243 841 2248 —

902 982 982 1009 malis
1001 982 1196 1010 liberarentur.
1221 983 1299 1011 Clare
1318 984 1411 1019 itaque
1442 986 1574 1020 propheta
1602 994 1690 1015 caecos

901 1027 962 1056 illos
976 1028 1071 1056 oculos
1082 1034 1110 1056 et
1131 1029 1230 1057 surdas
1245 1037 1327 1058 aures
1344 1031 1378 1058 ab
1394 1030 1516 1065 ipsorum
1532 1031 1690 1060 Judaeorum
1726 1029 1734 1037 ⁹

900 1075 1016 1102 oonsilio
1034 1079 1062 1102 et
1079 1075 1194 1103 arbitrio
1223 1076 1334 1110 repetit,
1354 1081 1461 1104 tantum
1486 1078 1572 1111 abest,
1602 1084 1631 1106 ut
1656 1081 1690 1107 ad

900 1120 1039 1150 decretum
1049 1120 1291 1154 divinumJudaeis
1307 1122 1469 1157 irrogatum,
1484 1123 1593 1151 referat.
1611 1125 1690 1153 Sicut

899 1173 966 1194 vero
980 1167 1113 1201 propheta
1128 1175 1161 1195 eo
1173 1171 1295 1202 tempore
1308 1168 1449 1203 improbos
1470 1169 1580 1198 Judaeus
1606 1171 1688 1198 casti-

900 1217 1024 1248 gaturus,
1038 1213 1157 1246 dicebat,
1174 1221 1222 1241 eos
1238 1222 1326 1248 neque
1347 1215 1442 1242 oculos
1461 1217 1578 1250 aperire,
1601 1225 1690 1251 neque

900 1267 981 1286 aures
997 1259 1030 1287 ad
1049 1260 1233 1295 recipiendam
1261 1261 1407 1288 salutarem
1426 1261 1479 1288 sibi
1510 1262 1689 1298 divinumque

899 1306 1053 1333 doctrinam
1069 1305 1199 1334 adhibere
1215 1307 1294 1339 velle,
1315 1307 1396 1342 idque
1411 1315 1458 1342 per
1484 1314 1608 1342 peccata,
1626 1309 1689 1344 qui-

899 1351 951 1380 bus
964 1357 1153 1385 assueverant,
1177 1353 1297 1381 maxime
1310 1361 1377 1381 vero
1391 1361 1439 1388 per
1459 1353 1560 1381 fastum
1574 1358 1602 1382 et
1612 1363 1689 1383 arro-

899 1397 1031 1432 gantiam,
1046 1397 1192 1432 majusque
1218 1405 1344 1425 errorum
1376 1406 1460 1433 quant
1493 1399 1603 1433 pietatis
1630 1405 1690 1427 stu-

898 1442 994 1477 dium;
1010 1443 1046 1470 ita
1062 1448 1088 1470 et
1105 1443 1143 1470 illi
1160 1443 1324 1471 claudebant
1347 1445 1452 1477 oculos,
1471 1452 1609 1480 auresque
1624 1454 1689 1474 suas

898 1490 1075 1523 cohibebant,
1089 1497 1119 1518 se
1133 1490 1207 1525 ipsos
1219 1495 1247 1518 et
1269 1498 1357 1518 caecos
1371 1495 1398 1518 et
1413 1492 1512 1520 surdos
1524 1492 1687 1525 efﬁcientes;

898 1540 935 1568 et,
949 1537 1022 1571 quod
1043 1537 1123 1571 pejus
1134 1541 1188 1568 est,
1205 1536 1241 1564 ita
1266 1536 1367 1569 affecti,
1386 1537 1448 1565 aliis
1469 1545 1499 1566 se
1523 1538 1690 1566 oculatiores

897 1592 959 1612 esse
974 1584 1171 1619 opinabantur,
1186 1585 1316 1619 praeclare
1331 1584 1364 1612 de
1380 1593 1410 1613 se
1425 1586 1586 1614 sentientes.
1612 1585 1687 1619 Qua-

898 1630 1100 1665 propternetiam
1117 1630 1184 1665 legis
1206 1631 1291 1665 periti
1314 1631 1366 1659 sibi
1381 1631 1555 1666 videbantur,
1569 1633 1689 1668 prophe-

898 1680 1044 1710 tarumque
1058 1676 1179 1708 oracula,
1199 1676 1225 1703 id
1237 1677 1311 1711 quod
1326 1677 1431 1704 crimen
1447 1685 1543 1704 eorum
1559 1679 1686 1713 augebat,

897 1722 977 1750 labiis
992 1722 1234 1755 circumferebant,
1263 1731 1351 1758 eoque
1371 1724 1432 1758 ipso
1451 1724 1578 1751 morbum
1605 1732 1687 1752 suum

897 1767 1125 1795 immedicabilem
1155 1767 1314 1795 reddebant.
1345 1767 1408 1796 ldeo
1425 1769 1553 1796 Salvator
1582 1775 1685 1802 noster,

895 1818 1040 1849 postquam
1063 1813 1180 1845 homini,
1195 1821 1209 1840 a
1224 1814 1361 1841 natalibus
1376 1822 1458 1846 czeco,
1483 1815 1573 1842 visutn
1605 1815 1688 1842 resti-

896 1864 995 1890 tuerat,
1013 1859 1052 1886 illi
1067 1866 1133 1886 vero
1148 1859 1280 1893 linguam,
1299 1859 1354 1886 Deo
1375 1859 1526 1892 inimicam,
1551 1860 1614 1887 loco
1628 1861 1687 1888 cul-

896 1911 940 1933 tus
957 1905 1114 1940 praestandi,
1133 1906 1166 1932 ad
1179 1906 1296 1940 injurias
1308 1906 1478 1933 evomendas
1508 1906 1686 1940 adhibebant,

895 1952 1022 1980 dicebat:
1053 1962 1062 1977 ‹
1077 1952 1263 1987 Adjudicium
1279 1959 1330 1985 ego
1349 1952 1409 1979 veni
1434 1952 1461 1979 in
1483 1952 1627 1985 mundum,
1656 1957 1686 1979 ut.

895 2006 949 2025 non
976 1998 1100 2025 videntes
1119 1997 1243 2030 videant,
1274 1997 1399 2024 videntes
1428 2005 1493 2024 vero
1524 1999 1588 2025 caeci
1621 2006 1687 2025 eva-

894 2045 960 2072 dant
972 2045 1007 2072 ".
1027 2053 1036 2070 ι
1051 2044 1177 2079 Cumque
1206 2044 1336 2072 Pharisaei
1364 2045 1531 2079 exciperent,
1549 2055 1558 2070 ι
1577 2044 1646 2071 Num
1660 2049 1687 2072 et

894 2099 946 2118 nos
961 2091 1024 2118 eieci
1040 2091 1158 2118 sumus?
1171 2099 1180 2115 ι
1195 2090 1378 2124 respondebat
1393 2099 1401 2117 :
1420 2100 1428 2115 ι
1450 2089 1478 2116 Si
1496 2090 1560 2117 caeci
1576 2090 1685 2122 essetis,

894 2145 946 2164 non
972 2137 1109 2164 haberetis
1123 2140 1288 2170 peccatum:
1315 2135 1372 2171 jam
1395 2143 1458 2163 vero
1478 2135 1579 2167 dicitis.
1605 2135 1686 2163 Vide-

894 2186 978 2210 mus:
1010 2182 1071 2209 ideo
1099 2187 1241 2215 peccatum
1275 2181 1346 2215 apud
1373 2189 1419 2209 vos
1450 2185 1540 2208 manet
1558 2182 1616 2208 ⁷⁵.»
1633 2181 1686 2214 Qui

893 2229 965 2257 enim
983 2229 1071 2262 novit,
1088 2237 1118 2256 se
1142 2237 1191 2264 per
1214 2229 1399 2263 ignorantiam
1427 2237 1528 2257 ezecum
1559 2237 1631 2262 esse,
1657 2234 1685 2256 ct.

49 2283 57 2298 ι
74 2274 107 2301 Εἰ
124 2273 225 2308 τυφλοὶ
243 2271 304 2308 ἦτε,
328 2274 423 2309 φησὶν,
441 2275 491 2301 οὐκ
506 2275 595 2309 εἴχετε
619 2274 757 2309 ἁμαρτίαν
768 2282 774 2288 ·
791 2274 839 2300 νῦν
853 2274 879 2303 D
894 2276 1020 2303 morbum
1034 2284 1051 2303 Si

940 2276 1020 2303 rbum
1034 2284 1114 2303 suum
1140 2275 1275 2309 intelligit,
1294 2279 1321 2302 et
1333 2275 1415 2303 citius
1429 2275 1463 2302 ad
1487 2275 1623 2302 medicum
1654 2282 1683 2302 se

45 2319 72 2346 δὲ
83 2320 194 2354 λέγετε,
210 2319 251 2346 ὅτι
263 2319 414 2354 Βλέπομεν,
432 2319 477 2347 διὰ
492 2320 571 2346 τοῦτο
588 2321 604 2355 ἠ
618 2320 741 2355 ἁμαρτία
762 2320 839 2355 ὑμῶν

46 2366 132 2400 μένει.
150 2374 160 2391 ι
179 2365 210 2392 '0
224 2365 275 2400 μὲν
291 2365 345 2400 γὰρ
361 2365 438 2397 εἰδὼς
452 2366 549 2393 ἑαυτὸν
560 2366 590 2399 ἐξ
601 2366 713 2400 ἀγνοίας
727 2365 838 2400 τυφλὸν,

46 2411 164 2447 συνῆκεν
179 2419 211 2438 τι
223 2411 256 2438 se
271 2411 368 2444 πάθος,
384 2413 433 2439 καὶ
448 2412 545 2438 θᾶττον
560 2412 646 2448 χωρεῖ
658 2412 697 2446 (1)
708 2411 777 2447 πρὸς
792 2412 839 2438 τδν

47 2458 153 2494 ἰατρὸν,
167 2458 217 2484 καὶ
234 2457 283 2484 τοῦ
305 2458 393 2492 φωτὸς
409 2458 536 2491 ἐπιζητεῖ
548 2457 598 2492 τὴν
613 2457 777 2489 ἀπόλαυσιν,
791 2457 839 2483 καὶ

47 2503 114 2538 πρὸς
125 2504 217 2530 ἐκεῖνο
233 2502 355 2536 σπεύδει,
371 2503 418 2529 κει)¹
431 2503 482 2537 τῆς
495 2502 688 2538 φιλανθρώπου
701 2504 746 2530 διὰ
757 2502 838 2530 τοῦτο

47 2550 177 2585 προνοίας
184 2548 375 2582 καταξιοῦται,
384 2550 443 2581 ταῖς
455 2549 637 2585 σελασφόροις
650 2550 735 2586 αὐτῆς
744 2550 837 2577 ἀκτῖσι

893 2318 1039 2355 convertit,
1059 2322 1186 2357 lucisque
1201 2329 1282 2349 usum
1300 2322 1454 2356 requirens,
1474 2321 1506 2348 ad
1529 2328 1590 2347 eam
1606 2320 1684 2348 festi-

893 2373 951 2401 nat,
966 2368 1083 2403 ideoque
1112 2374 1177 2395 cura
1199 2367 1412 2394 clementissima
1433 2367 1531 2401 dignus
1556 2365 1683 2399 habetur,

893 2413 1042 2448 radiisejus
1049 2411 1278 2447 splendidissimis
1289 2411 1528 2439 illuminatusetad
1537 2411 1683 2438 salutarem

893 2459 1098 2486 meditationem
1122 2458 1266 2485 adductus.
1287 2456 1339 2490 Qui
1354 2464 1419 2484 vero
1438 2464 1493 2491 pra:
1514 2455 1605 2483 cordis
1629 2456 1684 2482 du-

893 2505 954 2532 ritie
975 2505 1003 2531 in
1027 2504 1148 2532 tenebris
1169 2508 1306 2535 versatur.
1335 2507 1363 2530 et
1385 2503 1426 2530 vel
1462 2503 1503 2530 sic
1530 2501 1624 2529 videre
1652 2508 1683 2529 se

891 2550 1039 2581 existimat.
1056 2549 1195 2585 duplicem
1211 2549 1264 2576 sibi
1293 2548 1443 2577 caecitatem
1471 2547 1596 2580 arcessit,
1611 2553 1682 2582 quo-

79 2617 194 2645 "Joan.
215 2626 255 2651 Ix,
267 2618 311 2645 39.
349 2617 373 2633 ⁷⁸
391 2617 455 2644 ibid.
469 2617 516 2650 41,
533 2617 577 2645 ubi
595 2618 696 2653 νγυδιὰ
707 2619 796 2651 τοῦτο,
817 2618 883 2651 legis
898 2619 914 2651 ἡ
936 2617 993 2645 οὖν.

939 2617 993 2645 οὖν.

798 2665 914 2694 NOTAE.

79 2713 137 2748 (9|)
161 2713 310 2748 Ῥῃμάτων
329 2718 372 2741 est
385 2721 418 2741 ex
437 2712 515 2740 Colb.

78 2749 137 2781 (92)
154 2747 339 2783 Θελήσαντας,
353 2748 436 2776 idem.

80 2784 139 2818 (93)
158 2783 327 2817 Θαυμάτων.
341 2792 374 2810 ex
386 2783 466 2811 Coll).

90 2819 137 2852 94)
154 2818 234 2846 Coll).
251 2825 300 2851 pro
315 2818 444 2853 ἐπῆλθον.

90 2821 137 2852 94)
154 2821 234 2846 Coll).
251 2825 300 2851 pro
315 2821 444 2853 ἐπῆλθον.

78 2821 136 2889 (95)
150 2853 237 2887 Idem,
252 2860 302 2889 pro
315 2854 438 2882 κάκεῖνο.
452 2853 512 2881 Vid.
532 2858 588 2883 not.
601 2853 645 2881 90.

924 2711 981 2746 (96)
999 2710 1091 2738 Malim
1107 2710 1197 2746 legere
1211 2710 1242 2737 ἐκ
1255 2718 1297 2742 τε,

924 2744 981 2782 (97)
1002 2747 1039 2782 Ita
1052 2753 1120 2782 cum
1137 2744 1214 2782 ἰξοὶι).
1231 2753 1283 2780 pro
1298 2744 1433 2781 συνήθων.

936 2780 982 2816 98)
999 2781 1078 2809 Coll).
1095 2780 1262 2816 suam”,
1360 2780 1383 2802 '-

938 2817 984 2852 99)
1001 2816 1073 2843 Idem
1090 2823 1140 2851 pro
1156 2815 1312 2852 metm.

942 2851 967 2888 1)
975 2850 978 2852 ’
986 2851 1065 2880 Culb.
1083 2850 1132 2887 pro
1147 2850 1243 2887 χωρίς.
