1880 3057
178 148 229 180 47]

758 151 890 182 ΡΠΟΤΙῙ
910 152 1161 188 PATRIARCIUE
1182 158 1235 189 ΟΡ.

1761 159 1823 190 472

1786 177 1824 190 lu-

180 206 255 232 niam
270 203 338 231 nihil
358 203 442 235 videt,
458 208 496 237 et,
514 203 579 232 dum
598 204 665 232 nihil
680 205 763 238 videt,
792 207 900 234 acutius
911 208 973 235 aliis

1082 213 1144 239 νοῦν
1163 214 1357 248 φωτιζόμενος.
1382 214 1430 241 καὶ
1451 214 1518 248 πρὸς
1531 215 1580 250 τὴν
1598 215 1733 251 σωτήριον
1748 217 1826 244 θεω-

179 257 295 278 ccrnere
321 258 350 278 se
366 251 507 285 opinatur.
526 251 658 278 Praeclara
674 252 747 278 enim
771 252 806 279 de
829 260 858 280 se
875 253 969 288 opinio

179 295 331 331 profundas
352 296 480 323 tenebras
502 295 619 322 offundit
646 296 734 323 oculis
758 296 867 330 animaz,
895 305 970 325 mor-

180 342 300 376 bumque‘
313 341 454 375 caecitatis,
480 349 535 377 qua
548 347 691 376 correptus
708 342 792 370 homo
813 348 868 375 est,
887 344 970 372 vehe-

180 393 286 416 menter
297 393 388 423 auget.

1027 258 1088 293 ρίαν
1105 259 1284 295 ἀναγόμενος.
1304 260 1334 287 ’0
1348 259 1377 287 δὲ
1390 261 1424 296 τῇ
1441 260 1570 295 πωρώσει
1586 260 1637 296 μὲν
1651 261 1825 297 ὲσκοτισμὲς

1025 311 1081 336 νος,
1097 304 1208 339 βλέπειν
1221 306 1250 332 δὲ
1272 305 1396 340 οἰόμενος
1412 305 1462 340 (ίὶ),
1488 306 1586 340 διπλῆν
1601 305 1691 342 ἐαυτῷ
1704 306 1754 342 τὴν
1769 307 1826 334 τύ-

1026 348 1129 382 φλωσιν
1144 350 1184 386 (5)
1198 350 1413 384 κατεσκεύασεν,
1428 352 1470 378 ὅτι
1482 359 1513 377 τε
1532 351 1570 387 μὴ
1583 351 1689 386 βλέπει,
1705 352 1760 387 καὶ,
1773 352 1824 379 ὅτι

1028 393 1065 429 μὴ
1082 393 1189 428 βλέπων
1202 395 1331 432 ὀξύτερον
1356 395 1430 422 δοκεῖ
1444 395 1499 422 τῶν
1517 396 1604 423 ἄλλων
1617 397 1694 432 ὁρᾷν.
1716 396 1748 423 'H
1761 397 1825 431 γὰρ

180 437 270 472 οἴησις
293 437 332 472 (4)
356 436 451 468 σκότος
473 432 540 463 οὖσα
569 436 694 472 ψυχικῶν
723 437 856 473 ὀμμάτων
884 438 963 473 βαθὺ,
983 439 1033 476 τῆς
1051 443 1299 478 προκατασχούσης
1332 442 1530 479 ἀμαυρώσεως
1551 443 1682 471 ἐπιτείνει
1715 443 1825 479 μᾶλλον

181 483 211 510 τὺ
224 483 262 518 (5)
277 483 393 517 νόσημα.

218 529 295 563 Quod
318 529 341 557 si
361 529 452 564 itaque
468 529 549 556 verba
568 529 709 564 prophetae
733 528 769 555 ila
790 529 973 564 accipiantur,

183 579 209 603 et
223 575 377 603 veneranda
391 574 498 601 Domini
511 575 620 609 eloquia
635 574 687 601 hoc
710 574 792 601 modo
815 574 974 609 judicentur

183 621 218 656 (si
234 621 276 648 vel
293 621 411 648 maxime
429 628 483 648 non
496 622 587 648 omnia
601 628 696 648 eorum
710 628 788 654 teque
808 621 896 648 forent
912 629 974 656 per-

183 667 301 703 spicua),
320 675 374 695 non
390 673 482 702 putem
499 668 545 694 illa
558 668 733 696 audientibus
749 675 858 703 gravem
878 668 974 694 admo-

184 715 248 742 dum
262 714 419 749 disputandi
444 714 616 742 occasionem
633 714 754 748 praebere
775 721 868 748 posse.
886 713 973 740 Mani-

185 759 286 786 festum
306 760 379 786 enim
393 764 446 792 est,
460 759 604 794 discipulis
630 760 724 787 datum
744 760 796 787 hoc
822 759 918 792 fuisse,
945 763 976 786 ut

185 805 315 840 mysteria
333 805 408 840 regni
425 805 472 832 Dei
497 810 707 840 cognoscerent,
733 805 865 840 quoniam
890 812 978 840 neque

185 858 308 878 crassum
324 850 426 879 factum
437 855 498 879 erat
512 859 560 879 cor
577 859 685 884 eorum,
699 859 787 886 neque
796 851 892 879 oculos
901 851 977 878 clau-

186 896 309 930 debant;
338 896 451 932 reliquis
480 904 544 924 vero
560 917 568 930 ,
596 905 666 932 quos
697 901 725 924 et
744 901 872 925 externos
897 901 978 924 vocat

187 942 261 976 (nam
274 950 304 970 se
319 942 393 976 ipsos
410 950 426 969 a
445 943 535 970 salute
553 943 753 978 excluserant),
769 942 839 970 idem
855 949 908 969 non
927 941 979 969 da—

187 989 278 1015 batur.
293 988 361 1016 Cum
377 989 449 1016 enim
471 989 543 1016 vitiis
562 989 644 1016 modo
662 989 883 1016 commemoratis
904 988 979 1015 salu—

136 1031 144 1038 “
187 1039 241 1062 tem
257 1042 366 1061 omnem
382 1043 397 1062 a
411 1043 440 1063 se
451 1036 610 1066 averterint,
626 1036 684 1070 iure
698 1036 816 1070 quodam
843 1035 868 1061 id
885 1035 979 1062 datum

187 1088 242 1107 non
268 1085 318 1112 est,
335 1081 406 1113 ideo,
423 1080 495 1115 quod
511 1088 541 1108 se
556 1081 631 1116 ipsos
648 1082 681 1108 ad
697 1081 763 1108 illud
791 1080 980 1115 recipiendum

187 1126 303 1154 idoneos
329 1135 383 1153 non
400 1128 597 1161 praestiterunt.
620 1127 769 1162 Propterea
793 1134 903 1162 quoque
914 1134 980 1154 con-

187 1171 286 1198 sultius
306 1175 374 1202 erat.
391 1179 440 1206 per
463 1172 608 1207 parabolas
624 1180 687 1200 cum
714 1172 781 1207 ipsis
797 1172 882 1206 loqui,
898 1178 981 1206 quam

188 1216 283 1251 gratiae
306 1217 437 1252 mysteria
456 1218 530 1244 nuda
552 1226 716 1252 proponere.
733 1218 826 1253 Neque
846 1218 919 1245 enim
939 1217 982 1245 vel

187 1263 362 1289 commodum
372 1268 424 1294 est.
437 1264 477 1290 vel
488 1263 573 1298 judici
587 1265 700 1292 eordato
718 1264 856 1297 convenit,
868 1265 981 1298 dignum

188 1312 216 1335 et
228 1307 380 1343 indignum,
392 1310 464 1343 quod
478 1310 511 1336 ad
523 1310 675 1337 doctrinam
691 1314 718 1337 et
731 1310 846 1337 salutem
867 1313 981 1344 spectat,

189 1355 284 1382 eodem
313 1355 373 1383 loco
405 1355 523 1388 habere;
552 1355 782 1390 quemadmodum
811 1363 862 1382 nec
889 1355 982 1390 porcis

190 1400 356 1433 margaritas
370 1400 518 1435 projicere.
539 1408 628 1436 ncque
641 1401 757 1429 canibus
771 1405 867 1428 sancta
882 1400 982 1428 oﬂerre

191 1445 233 1474 fas
244 1446 326 1474 est".
638 1452 642 1456 ‘

227 1491 266 1518 Ex
279 1491 360 1521 dictis
377 1500 461 1528 porro
493 1497 613 1527 constat,
636 1493 777 1527 quomodo
805 1493 981 1528 intelligenda

193 1540 249 1567 sint
263 1541 320 1572 illa,
337 1549 346 1565 ι
366 1539 402 1566 Ut
423 1539 545 1567 videntes
558 1546 612 1566 non
642 1539 761 1572 videant,
786 1545 813 1567 et
838 1539 984 1567 audientes
998 1559 1019 1589 α

194 1594 248 1614 non
265 1586 429 1620 intelligant.
445 1595 454 1611 ι
473 1584 510 1613 Ut
522 1585 595 1612 enim
610 1585 676 1613 illud
694 1586 774 1613 aliine
786 1586 842 1621 jam
861 1590 902 1613 est
922 1585 983 1613 voci

194 1633 265 1664 ideo,
284 1637 311 1660 et
322 1624 438 1659 alterum
460 1640 510 1667 pro
529 1632 617 1660 altero
632 1633 704 1667 sumi
732 1626 830 1667 potest.
852 1631 985 1659 Similiter

195 1678 278 1705 etiam
293 1686 346 1704 mm
369 1678 436 1705 illud
456 1678 508 1705 hoc
519 1679 579 1705 loco
599 1686 653 1706 non
690 1678 915 1713 prohibitionem,
937 1678 985 1705 sed

196 1724 368 1759 negationem
384 1723 529 1759 signiﬁcat.
545 1723 602 1751 Hoc
621 1730 687 1750 vero
706 1723 765 1750 loco
777 1723 911 1750 dictiones
926 1723 986 1750 illas

197 1770 234 1797 ita
254 1770 428 1805 accipiendas
442 1778 513 1803 esse,
531 1778 585 1797 non
602 1770 686 1797 meris
695 1769 862 1803 coniecturis
878 1769 986 1801 nititur,

197 1814 245 1842 sed
263 1819 320 1841 tum
347 1822 446 1842 sensus
471 1815 615 1841 verborum
641 1814 879 1849 propheticorum,
911 1813 984 1840 unde

199 1859 308 1887 Domini
325 1860 464 1895 eloquium
482 1859 569 1891 ﬂuxit,
583 1859 683 1887 invicte
698 1863 833 1891 testatur;
849 1863 906 1886 tum
921 1865 988 1885 vero

199 1909 311 1933 sanctus
324 1904 468 1933 Matthzeus
484 1905 510 1932 in
525 1905 619 1933 eadem
631 1905 768 1932 sententia
790 1911 839 1939 pro
855 1903 989 1938 particula

201 1951 243 1978 ἵνα
254 1951 370 1978 alterum
379 1950 721 1985 Bttadhibensdocumque
732 1950 821 1984 ipsum
832 1957 885 1976 non
898 1949 989 1984 prohi-

201 1997 293 2028 bendi,
306 1997 353 2024 sed
370 1996 497 2031 negandi,
511 2004 593 2024 sensu
607 1996 736 2023 recitans.
751 1995 901 2023 Dominum
916 1995 989 2023 enim

201 2043 239 2070 ita
254 2043 404 2070 introducit
429 2043 604 2078 loquentem:
638 2052 648 2069 ι
663 2042 813 2078 Propterea
836 2050 885 2077 per
909 2050 990 2078 para-

202 2086 279 2114 bolas
297 2087 406 2121 loquor,
423 2088 487 2122 quia
501 2087 626 2115 videntes
646 2095 698 2114 non
721 2087 826 2119 vident,
842 2092 870 2115 et
881 2087 991 2114 audien-

202 2137 243 2160 tes
273 2140 327 2159 non
355 2132 512 2166 intelligunt
527 2134 560 2160 ".
575 2143 584 2157 ι
613 2133 789 2160 Manifestum
814 2133 906 2168 itaque
929 2133 992 2160 hinc

202 2178 304 2210 evadit,
322 2178 388 2205 illud
413 2178 458 2206 ἵνα
475 2187 490 2206 a
508 2179 621 2214 reliquis
641 2179 723 2206 etiam
744 2178 926 2214 evangelislis
942 2184 992 2212 pro

1067 530 1149 557 Ἀλλὰ
1170 530 1225 566 γὰρ
1250 531 1322 558 οὕτω
1337 531 1386 567 μὲν
1402 531 1457 558 τῶν
1482 531 1659 567 προφητικῶν
1685 533 1825 568 ῥημάτων

1027 576 1149 612 τεθεωρη
1154 577 1255 612 μένων,
1268 576 1339 603 οὕτω
1354 577 1382 604 δὲ
1395 578 1449 604 τῶν
1466 577 1573 613 σεπτῶν
1588 577 1686 611 λογίων
1699 578 1827 614 διευκρι-

1028 622 1154 656 νημένων
1170 622 1230 658 (καὶ
1245 623 1273 649 εῐ
1285 631 1311 650 τι
1328 623 1410 658 μέρος
1425 623 1516 650 αὐτῶν
1530 623 1652 659 ὑπάρχον
1674 626 1707 660 τῇ
1723 625 1827 660 εὐκρι-

1027 668 1087 702 νείᾳ
1106 668 1143 703 μὴ
1159 668 1409 704 συμπεριείληπται
1422 670 1432 703 )
1447 690 1454 701 ,
1473 669 1565 696 οὐκέτι
1591 670 1648 701 τοῖς
1669 669 1826 705 ἀκροαταῖς

1027 713 1140 748 ὁμοίως,
1151 710 1238 748 οἶμαι,
1251 713 1314 740 οὐδὲ
1338 713 1473 749 τοσαύτην
1500 713 1637 749 πρόφασιν
1662 714 1827 750 ζητήματος

1028 758 1152 794 παρέξει.
1171 758 1257 792 Δῆλον
1282 758 1331 793 μὲν
1352 758 1406 794 γὰρ
1428 759 1467 790 ὡς
1483 760 1540 790 τοῖς
1558 759 1692 795 μαθηταῖς
1714 760 1828 787 δέδοται

1029 804 1133 839 γνῶναι
1149 804 1183 831 τὰ
1200 806 1337 840 μυστήρια
1356 806 1406 840 τῆς
1425 805 1564 840 βασιλείας
1586 806 1634 832 τοῦ
1662 806 1742 838 Θεοῦ,
1761 807 1828 833 ἐπεὶ

1032 849 1101 886 μήτε
1118 850 1167 885 τὴν
1184 850 1298 886 καρδίαν
1322 850 1516 885 ὲπαχύνῦησαν
1541 851 1591 885 (6),
1617 852 1686 887 μήτε
1713 851 1829 886 βαρέως

1030 896 1139 931 ἤκουον,
1156 897 1225 931 μήτε
1239 897 1274 923 τὰ
1286 896 1399 932 ὖμματα
1421 897 1505 932 ἓμυον
1515 904 1522 911 ⁸
1536 898 1592 929 τοῖς
1605 897 1634 924 δὲ
1646 898 1762 930 λοιποῖς,
1777 898 1829 929 οὓς

1031 943 1078 968 καὶ
1094 942 1147 974 ἔξω
1169 942 1246 968 καλεί
1258 942 1322 978 (ἔξω
1334 942 1389 978 γὰρ
1405 942 1454 976 τῆς
1476 943 1614 977 σωτηρίας
1636 944 1707 978 σφᾶς
1723 943 1829 974 αὐτοὺς

1031 988 1239 1023 περιέστησαν),
1254 988 1346 1014 οὐκέτι
1370 987 1484 1014 δέδοται.
1511 988 1573 1020 Τοῖς
1593 988 1648 1024 γὰρ
1664 989 1830 1023 εἰρημένοις

1032 1035 1132 1061 πάθεσι
1151 1035 1243 1061 πᾶσαν
1261 1035 1368 1066 ἑαυτοῖς
1385 1034 1609 1069 ἀποτειχίσαντες
1622 1034 1763 1069 σωτηρίαν
1779 1035 1830 1060 καὶ

1031 1080 1176 1114 ὠφέλειαν,
1192 1080 1303 1111 εἰκότως
1321 1080 1351 1106 οὺ
1367 1080 1491 1112 δέδοται,
1510 1081 1551 1106 ὅτι
1567 1080 1635 1115 μηδὲ
1657 1080 1751 1106 λαϐεῖν
1773 1080 1830 1106 αὑ-

1031 1126 1095 1158 τοὺς
1110 1126 1282 1162 ἐπιτηδείους
1297 1127 1519 1160 παρεσκεύασαν.
1534 1125 1579 1151 Διὸ
1592 1125 1640 1151 καὶ
1655 1125 1831 1160 παραϐολαῖς

1032 1173 1156 1208 προσῆκε
1181 1172 1280 1208 μᾶλλον
1303 1173 1404 1205 λαλεῖν,
1428 1172 1445 1206 ἢ
1470 1171 1574 1206 γυμνὰ
1589 1171 1748 1207 προτιθέναι
1774 1171 1830 1205 τῆς

1033 1218 1146 1253 χάριτος
1173 1218 1207 1244 τὰ
1237 1218 1387 1253 μυστήρια.
1412 1217 1482 1244 υύτε
1508 1216 1563 1252 γὰρ
1586 1217 1735 1252 συμφέρον,
1762 1215 1830 1242 οὒτε

1034 1263 1150 1298 κρίσεως
1174 1263 1336 1293 ἀδεκάστου,
1361 1263 1401 1294 είς
1419 1263 1468 1297 τὴν
1484 1263 1570 1297 αὐτὴν
1583 1263 1661 1294 τάξιν
1684 1261 1734 1296 τῆς
1750 1261 1832 1288 διδα-

1035 1310 1149 1340 σκαλίας
1164 1310 1211 1335 καὶ
1225 1309 1362 1344 σωτηρίας
1385 1308 1489 1335 τιθέναι
1514 1308 1560 1334 τὸν
1576 1307 1652 1340 ἄξιόν
1672 1316 1702 1333 τε
1715 1307 1764 1334 καὶ
1779 1308 1832 1334 τὸν

1034 1354 1160 1387 ἀνάξιον*
1175 1354 1269 1389 ὥσπερ
1291 1354 1352 1380 οὐδὲ
1375 1355 1431 1386 τοῖς
1449 1354 1553 1389 χαίροις
1567 1355 1631 1385 τοὺς
1653 1353 1833 1388 μαργαρίτας

1034 1400 1209 1436 προϐάλλειν,
1223 1400 1285 1426 οὐδὲ
1294 1401 1350 1431 τοῖς
1365 1400 1428 1426 κυσὶ
1444 1399 1550 1435 ῥίπτειν
1561 1399 1596 1426 τὰ
1610 1399 1686 1433 ἅγια.

1077 1488 1122 1520 Ἐξ
1135 1487 1180 1514 οὖν
1197 1488 1235 1522 (7)
1250 1487 1306 1514 τῶν
1321 1487 1474 1522 εἰρημένων
1491 1487 1538 1513 κα).
1557 1486 1598 1520 τὸ,
1614 1496 1624 1512 ‹
1641 1487 1699 1514 Ἵνα
1714 1487 1754 1523 (8)
1769 1487 1835 1522 βλέ-

1036 1542 1134 1565 ποντες
1151 1534 1188 1569 μὴ
1204 1534 1334 1569 βλέπωσι,
1358 1533 1406 1560 καὶ
1421 1534 1565 1565 ἀκούοντες
1595 1534 1632 1569 μὴ
1659 1533 1800 1567 ωνιῶσιν,
1822 1543 1832 1559 ν

1035 1580 1094 1607 ὁδὸν
1109 1580 1230 1616 εὑρίσκει
1250 1581 1299 1615 τῆς
1316 1579 1499 1614 διαγνώσεως.
1513 1580 1550 1607 Τδ
1567 1581 1621 1615 γὰρ
1635 1580 1687 1607 ἵνα
1698 1581 1746 1608 νῦν
1764 1589 1836 1614 συγ-

1035 1626 1113 1659 γενές
1128 1625 1157 1652 τέ
1173 1627 1231 1652 ἐστι
1247 1625 1293 1652 τοῦ
1314 1625 1400 1658 διότι,
1424 1626 1472 1651 καὶ
1491 1625 1752 1660 μεταλαμϐάνεσθαι
1778 1627 1835 1652 πέ-

1036 1680 1121 1706 φυκεν
1139 1671 1263 1706 θάτερον,
1277 1671 1346 1706 πρὸς
1361 1671 1392 1698 τὺ
1405 1671 1509 1706 ἕτερον.
1531 1671 1669 1704 Ὡσαύτως
1685 1673 1713 1699 δὲ
1728 1673 1778 1699 καὶ
1788 1673 1836 1703 τὸ,

1034 1717 1090 1751 μὴ,
1107 1717 1156 1743 οὐκ
1174 1716 1396 1751 ἀπαγορεύσεως,
1414 1717 1554 1753 ἀρνήσεως
1566 1718 1595 1744 δὲ
1609 1718 1702 1753 χώραν
1719 1718 1769 1744 νῦν
1781 1719 1838 1744 ἐπ-

1037 1764 1106 1798 έχει.
1123 1763 1177 1790 Καὶ
1189 1764 1229 1789 ὅτι
1244 1763 1273 1789 τὸ
1286 1762 1436 1798 λαμϐάνειν
1450 1763 1500 1795 τὰς
1515 1763 1602 1795 λέξεις
1613 1763 1700 1795 οὕτως
1711 1764 1836 1790 ἐνταῦθα

1040 1808 1133 1843 μεῖζον
1146 1807 1193 1834 τοῦ
1209 1807 1330 1838 εἰκάζειν
1350 1807 1522 1840 καθίσταται,
1539 1808 1592 1834 τῶν
1604 1817 1634 1835 τε
1649 1810 1836 1844 προφητικῶν

1040 1855 1171 1890 ῥημάτων
1187 1855 1203 1889 ή
1220 1854 1334 1886 διάνοια,
1349 1854 1383 1880 δι’
1399 1850 1437 1880 ὧν
1462 1853 1582 1889 προῆλθε
1595 1854 1643 1881 καὶ
1654 1855 1689 1881 τὰ
1703 1855 1838 1890 Κυριακὰ

1039 1898 1128 1932 λόγια,
1148 1899 1253 1933 μάρτυς
1272 1898 1345 1924 ἐστὶν
1373 1898 1602 1934 ἀπαράγραπτος,
1618 1899 1686 1926 ἀλλὰ
1700 1900 1750 1926 καὶ
1764 1901 1780 1926 ὁ
1797 1901 1836 1927 ἱε-

1042 1945 1086 1980 ρὸς
1103 1945 1242 1975 Ματθαῖος
1267 1945 1313 1971 ἐπὶ
1333 1944 1384 1979 τῆς
1407 1944 1492 1979 αὐτῆς
1515 1945 1619 1976 ἑννοίας
1641 1946 1701 1972 ἀντὶ
1715 1946 1765 1972 τοῦ
1784 1947 1839 1972 ἵνα

1043 1991 1219 2026 χρησάμενος
1231 1990 1346 2025 τῷ,ὅτι,
1355 1990 1401 2017 καὶ
1416 1991 1477 2017 ἀντὶ
1491 1991 1537 2017 τοῦ
1552 1991 1737 2026 ἀπαγορεύειν
1748 1992 1839 2027 ἀρνη-

1042 2037 1125 2068 τικῶς
1141 2036 1312 2071 ἀπαγγείλας
1334 2036 1364 2063 τὸ
1380 2037 1490 2072 χωρίον.
1515 2037 1570 2064 Καὶ
1585 2037 1638 2073 γὰρ
1664 2038 1772 2072 εἰσάγει
1789 2039 1839 2065 τὸν

1042 2083 1146 2119 Κύριον
1174 2082 1288 2117 λέγοντα
1299 2091 1306 2098 ·
1324 2092 1333 2109 ι
1351 2083 1400 2109 Διὰ
1415 2083 1494 2110 τοῦτο
1512 2084 1541 2110 ὲν
1561 2083 1731 2118 παραϐολαῖς
1748 2084 1837 2118 λαλῶ,

1042 2129 1082 2156 ὅτι
1100 2128 1245 2164 βλέποντες
1260 2129 1290 2155 οὺ
1307 2128 1436 2163 βλέπουσι
1448 2149 1455 2160 ,
1475 2138 1484 2154 ι
1513 2129 1560 2156 καὶ
1574 2130 1664 2165 δῆλον,
1687 2131 1728 2157 ὅτι
1748 2131 1840 2165 σαςὲς

1043 2175 1162 2210 κατέστη
1178 2175 1225 2201 καὶ
1241 2175 1272 2201 τὸ
1295 2175 1346 2201 ἳνα
1368 2176 1425 2206 τοῖς
1441 2175 1531 2206 ἄλλοις
1547 2175 1757 2210 εὖαγγελισταῖς
1774 2179 1840 2204 ἀντὶ

202 2223 246 2251 ὅτι
261 2231 323 2252 esse
345 2229 519 2259 usurpatum,
543 2229 571 2252 et
584 2224 747 2259 particulam
774 2223 849 2251 illam
869 2223 984 2258 prohibi-

1073 2221 1094 2247 ιῦ
1117 2221 1161 2248 ὅτι
1178 2221 1412 2266 παρειλημμένον,
1429 2222 1477 2248 καὶ
1494 2221 1526 2248 τδ
1544 2221 1583 2257 (9)
1615 2223 1840 2258 ἀπαγορευτικὺν

205 2270 287 2297 tivam
303 2271 428 2305 negantis
440 2271 492 2298 vim
504 2270 640 2298 obtinere.

240 2314 350 2343 Scilicet
360 2323 426 2350 gens
438 2315 562 2347 Judaica,
575 2315 708 2350 majorum
725 2322 838 2342 suorum
855 2313 991 2341 insaniam

204 2365 231 2388 et
244 2360 446 2396 improbitatem
462 2361 499 2388 ita
518 2368 596 2388 suam
615 2360 688 2393 fecit,
706 2365 736 2388 ut
748 2360 899 2388 Dominicte
921 2360 993 2387 salu-

205 2408 324 2442 tarisque
348 2407 479 2434 doctrina:
499 2406 637 2441 jacturam
657 2411 834 2441 spontaneam
860 2406 887 2432 in
918 2405 995 2433 lucro

205 2457 354 2487 reputaret.
371 2452 464 2488 Neque
477 2453 552 2480 enim
566 2453 606 2480 illi
622 2453 753 2480 natalium
774 2459 887 2480 suorum
910 2451 996 2485 origi-

206 2505 268 2525 nem
285 2497 318 2525 ad
334 2497 453 2533 majores
468 2498 568 2533 magis,
588 2505 671 2532 quam
687 2497 780 2526 cordis
804 2497 847 2524 sui
869 2497 996 2524 duritiem

242 2556 265 2572 ⁷⁸
279 2555 374 2584 Matth.
387 2563 437 2591 vu,
455 2556 480 2583 6.
519 2556 542 2572 ²⁰
562 2554 657 2582 Matth.
670 2562 731 2585 χιιι,
748 2554 790 2581 13.

1052 2266 1146 2303 μόριον
1160 2266 1210 2302 τὴν
1221 2266 1268 2293 τοῦ
1282 2267 1430 2302 ἀρνητικοῦ
1447 2266 1562 2302 δύναμιν
1577 2268 1800 2304 ἀναδεδεγμένον.

1087 2313 1157 2340 Ἀλλ’
1181 2313 1254 2339 οὕτω
1283 2313 1333 2348 μὲν
1364 2314 1412 2348 τὴν
1442 2314 1610 2350 προγονικὴν
1639 2316 1669 2342 τὸ
1701 2317 1840 2343 Ἰουδαίων

1046 2359 1122 2390 ἔθνος
1144 2359 1275 2386 ἀπόνοιαν
1297 2359 1344 2386 καὶ
1367 2360 1565 2395 ἀγνωμοσύνην
1589 2361 1772 2397 οἰκειούμενοι
1789 2364 1841 2399 τῆς

1047 2405 1218 2439 Δεσποτικῆς
1241 2403 1417 2435 διδασκαλίας
1443 2404 1490 2430 καὶ
1513 2404 1650 2439 ὡφελείας
1674 2407 1842 2442 ἀποστερεῖν

1048 2451 1163 2482 ἑαυτοὺς
1179 2450 1274 2486 κέρδος
1288 2450 1420 2478 ἐτίθεντο.
1440 2451 1495 2477 Καὶ
1515 2451 1570 2486 γὰρ
1595 2452 1626 2478 ού
1642 2452 1770 2480 τοσοῦτον
1791 2455 1840 2486 τὰς

1049 2497 1142 2533 πηγὰς
1156 2496 1204 2532 τῆς
1219 2496 1378 2532 σωματικῆς
1393 2496 1528 2530 γενέσεως
1547 2498 1587 2529 εἰς
1599 2498 1720 2531 ἐκείνους
1740 2500 1842 2535 ἀνέφε-

967 2612 1084 2641 NOTAE.

244 2687 282 2721 (2)
301 2686 334 2722 ν¹0
348 2687 377 2714 δὲ
387 2687 520 2722 οἰόμενος,
537 2686 628 2714 addidi
641 2695 673 2715 ex
690 2687 766 2718 Colb.

256 2723 284 2757 5)
299 2721 337 2748 lxi.
354 2729 403 2756 pro
417 2722 552 2756 τύφωσιν.

256 2757 284 2791 4)
301 2757 338 2784 Id.
350 2765 399 2792 pro
412 2757 529 2792 οἴκησις.

258 2793 284 2825 5)
299 2792 337 2819 Id.
353 2799 403 2827 pro
422 2792 521 2827 νόημα.

247 2829 284 2864 (ti)
301 2828 341 2864 l_d.
357 2835 409 2864 pro
423 2828 656 2864 ἐπαισχύνοησαν.

248 2862 286 2898 (7)
301 2861 366 2892 Post
379 2861 425 2890 οὖν
440 2861 591 2898 legebatur"
612 2863 668 2896 καί,
684 2864 757 2899 quod
784 2864 860 2891 (Zolb.
894 2862 994 2890 rectius

1049 2685 1162 2713 omittit.

1084 2720 1122 2753 (8)
1137 2720 1196 2746 ’Ἱνα
1215 2727 1246 2746 ex
1267 2719 1343 2746 Colb.

1084 2755 1122 2790 (9)
1141 2755 1203 2781 Post
1221 2756 1267 2781 καὶ
1278 2755 1317 2786 τό,
1334 2754 1460 2781 exstabat
1482 2754 1543 2781 ἀντὶ
1555 2753 1612 2784 τοῦ,
1637 2762 1668 2781 ex
1688 2756 1840 2788 superiori-

1049 2791 1100 2818 bus
1118 2790 1308 2824 intempestive
1322 2790 1366 2817 hic
1383 2790 1541 2824 repetitum,
1559 2790 1674 2824 ideoque
1706 2792 1734 2819 in
1760 2792 1838 2819 Cultu.

1049 2833 1192 2853 υηιιδευιιι.
