1880 3057
57 120 93 151 illi

34 169 36 175 ’
57 185 96 208 ρον,
107 175 155 201 ὅσον
168 172 210 208 τὴν
220 172 342 207 πώρωσιν
354 172 404 207 τῆς
416 173 531 208 καρδίας
545 174 594 200 καὶ
611 174 641 200 τὸ
653 175 703 209 τῆς
717 174 785 208 γνὼι
803 177 826 205 Α

57 229 93 255 μης
110 220 241 255 ἀχάριστον.
261 218 403 253 Θαλάσσης
420 219 435 245 ὁ
452 219 568 251 παλαιὸς
592 220 701 256 Ἰσραὴλ
717 220 789 256 ὑγρὰ

55 267 134 302 κύματα
147 265 344 301 πεξοποροῦντες
356 265 501 298 διέϐαινον,
520 266 616 298 στύλος
643 267 729 301 πυρὸς
742 267 790 294 καὶ

55 311 138 344 νεφέλης
150 309 192 345 τὴν
204 309 258 336 ὁδὸν
268 310 360 341 αὐτοῖς
372 311 579 345 παρεσκεύαζεν
592 312 727 343 ἄλυπον,ὁ
740 312 790 346 μὲν

54 359 73 383 ἐν
82 356 142 383 νυκτὶ
156 356 246 391 πυρσὸν
258 356 395 386 ἀνάπτων.
412 358 473 393 ἅμα
490 357 538 384 καὶ
552 359 732 393 χειραγωγῶν
744 359 790 386 τὸν

53 403 164 437 ἀχάριστον
173 403 204 437 ’ἡ
219 401 245 428 δὲ
258 402 306 437 τὴν
318 402 460 430 λυποῦσαν
473 403 519 430 τοῦ
537 404 613 439 ἡλίου
628 404 716 439 φλόγα
728 404 790 432 ἀντὶ

53 448 85 483 τῆς
96 449 143 474 κατ’
154 446 217 474 οἶκον
233 448 331 483 ὀροφῆς
344 449 545 483 ἀποστέγουσα,
561 450 608 476 καὶ
620 450 669 486 τὴν
683 450 790 486 ἡμέραν

53 494 87 527 τῆς
105 492 233 527 ὁδοιπορίας
258 493 429 529 εὐφροσύνης
455 495 563 530 ἡμέραν
589 496 789 530 ἀποφαίνουσα.

53 540 97 570 Καὶ,
107 540 130 565 ἐν
140 539 262 574 κεφαλαίῳ
271 539 366 573 φάναι,
379 540 434 567 τῶν
448 541 518 576 ὑπὲρ
533 541 613 576 λόγον
623 543 791 578 εὐεργεσιῶν

52 585 200 617 ἀπολαύοντες,
217 586 260 611 καὶ¹
276 586 344 613 πᾶσι
367 588 426 616 τοῖς
447 588 518 614 κατὰ
532 588 579 614 τὸν
596 588 654 623 βίον
678 588 791 623 ἀγαθοῖς

53 631 217 666 περιρρεόμενοί
229 640 256 658 τε
271 632 317 659 καὶ
333 632 515 668 πιαινόμενοι,
525 633 707 665 ἀπελάκτιζον
721 634 791 669 μᾶλ-

51 677 82 703 λον
91 678 126 704 καὶ
137 677 196 712 πρὸς
209 677 254 713 τὴν
275 677 322 705 τοῦ
345 678 425 705 Θείου
451 679 531 714 ὕϐριν
548 680 722 715 ἐξεμαίνοντο
737 680 792 707 τῶν

52 722 161 749 εἱδωλικῶν
183 724 340 758 μιασμάτων
356 724 413 759 (l0)
440 724 471 751 τδ
496 725 578 757 σέϐας
600 726 652 761 τῆς
676 726 718 758 εἰς
745 726 791 753 τὸν

51 768 179 803 Δημιουργὸν
201 769 442 805 ἀνταλλαττόμενοι
467 771 596 803 πίστεως.
623 772 678 799 Καὶ
697 773 720 798 οἱ
742 773 792 807 τῆς

52 814 130 849 ἐκείνης
141 814 164 840 δὲ
176 815 282 850 γνώμης
295 816 346 843 οὐκ
359 816 471 844 ἐλαττον
487 817 503 852 ἢ
522 816 573 851 τῆς
586 817 669 853 γονῆς
681 817 792 851 φύντες,

51 858 80 885 διὰ
89 859 126 893 τῆς
141 860 181 886 τοῦ
197 861 318 896 Σωτῆρος
334 862 414 897 ἡμῶν
428 862 577 898 ἐπιδημίας
593 863 800 898 παραπλησίων·

52 905 82 930 ui
91 905 213 940 ὑπερφυῶν
227 906 373 940 θαυμάτων
388 907 559 942 τελουμένων
572 907 668 935 θεαταὶ
681 908 794 944 γινόμε-

51 959 84 982 νοι,
95 950 132 977 νῦν
151 951 194 986 μὲν
217 952 309 979 παθῶν
332 953 499 987 σωματικῶν
514 953 633 980 ἀνιάτων
646 954 794 988 ἐλαυνομέ-

51 1005 86 1021 νων
96 996 161 1032 λόγῳ,
177 997 220 1023 νῦν
241 997 267 1033 δὲ
289 997 393 1033 βλάϐης
414 999 557 1034 δαιμονίας
577 1000 624 1026 καὶ
646 1000 794 1035 ἐπιϐουλῆς

51 1041 80 1066 τοῦ
97 1042 232 1076 πλάσματος
251 1043 508 1079 ἀπαλλαττομένου·
531 1045 578 1071 καὶ
612 1045 737 1080 ψυχικῶν
765 1045 794 1072 δὲ

50 1087 174 1122 τρωμάτων
194 1089 225 1124 τῇ
247 1088 408 1125 διδασκαλίᾳ
426 1089 667 1126 θεραπευομένων,
682 1099 795 1126 νεκρουο

52 1133 110 1167 μένην
119 1133 138 1158 δ’
158 1134 204 1169 ἡδη
225 1134 340 1162 Θανάτου
356 1136 406 1170 τὴν
430 1136 510 1172 ἰσχὺν
522 1137 793 1171 εὐαγγελιζομένων·

50 1180 82 1205 καὶ
91 1179 176 1207 πολλῶν
194 1180 278 1208 ἄλλων
290 1181 401 1216 δωρεῶν
415 1190 445 1208 τε
460 1182 508 1208 καὶ
520 1182 687 1218 εὐεργεσιῶν
696 1174 796 1214 ’ἀξιού-

51 1234 111 1259 μενοι,
121 1227 187 1254 οὐδὲν
201 1229 247 1263 μὲν
259 1228 364 1256 τούτων
376 1228 497 1264 καθορᾷν
513 1228 626 1264 γνώμην
640 1226 725 1264 εἶχον,
739 1229 795 1256 οὐδ’

50 1273 178 1307 ἀμείψασθαι
194 1275 246 1310 (ll)
260 1276 308 1302 τὸν
327 1275 487 1310 εὐεργέτην,
503 1276 572 1311 πρὸς
590 1276 677 1311 μόνην
697 1276 725 1302 δὲ
746 1276 796 1311 τὴν

50 1316 148 1354 θεομάχον
159 1319 336 1356 ἑξωτρύνοντο
350 1321 490 1355 γλῶσσαν,
507 1321 556 1348 καὶ
570 1321 625 1348 τῶν
639 1321 794 1356 βλεπόντων

49 1364 80 1389 καὶ
96 1364 229 1392 ἀκουόντων
251 1367 423 1402 ἁρπάζοντες
438 1367 470 1393 τὸ
493 1366 620 1401 ἀξίωμα,
638 1367 686 1394 καὶ
703 1367 796 1401 σφίσιν

48 1409 113 1441 αὐτοῖς
132 1412 319 1447 περιτιθέντες,
341 1411 404 1439 οὔτε
419 1412 531 1439 ἀκούειν
553 1412 650 1448 ἡθελον
671 1413 727 1440 τῶν
750 1414 798 1439 Δε-

49 1455 151 1504 anc-.mth
164 1458 300 1492 ῥημάτων,
325 1458 475 1492 σάλπιγγος
500 1459 685 1494 γεγωνότερον
698 1459 798 1490 αὐτοὺς
811 1475 832 1504 c

47 1500 96 1533 πρὸς
105 1501 146 1534 τὴν
159 1503 292 1538 σωτηρίαν
307 1503 547 1538 ἀνακαλουμένων,
558 1504 606 1530 καὶ
618 1503 732 1536 πολλοὺς
743 1504 798 1532 τῶν

48 1545 108 1572 ἐθνῶν
118 1546 177 1582 πρὸς
187 1548 269 1583 αὐτὴν
284 1548 468 1582 συναγόντων,
482 1549 529 1576 καὶ
543 1549 593 1584 τὴν
606 1550 656 1585 τῆς
669 1550 799 1586 ἀληθείας

48 1590 160 1624 ἐπίγνωσιν
173 1592 414 1621 ἀναδιδασκόντων.
432 1593 502 1622 Οὔτε
517 1595 552 1623 τὰ
566 1595 612 1622 ὑπ’
626 1596 688 1631 δψιν
705 1597 800 1624 τελού-

49 1643 97 1668 μενα
109 1637 155 1664 τῶν
168 1637 313 1674 θαυμάτων
328 1640 440 1675 βλέπειν
455 1640 597 1667 ἐϐούλοντο
607 1662 615 1674 ,
635 1642 702 1676 πρὸς
717 1642 800 1678 μόνας

47 1681 118 1714 uti;
137 1684 296 1720 δυσφημίας,
328 1686 378 1712 καὶ
400 1687 447 1713 τὸν
471 1687 535 1713 νοῦν
560 1687 651 1714 αὐτῶν
677 1689 724 1715 καὶ
751 1689 800 1724 τὴν

47 1726 139 1760 γλῶτταν
158 1730 314 1763 ὲξὼπλιζον.
330 1732 430 1767 Διόπερ
445 1732 560 1765 εἰκότως
582 1733 674 1766 αὐτοῖς
693 1733 727 1761 τὰ
750 1743 800 1769 μυ·

48 1773 121 1808 στήρια
134 1776 177 1810 τῆς
197 1776 337 1811 βασιλείας
359 1777 410 1804 οὐκ
433 1777 605 1806 ἐπιστεύετο.
630 1779 723 1814 Χωρὶς
747 1780 800 1815 γὰρ

47 1817 84 1842 τῶν
104 1819 178 1846 ἄλλων
201 1822 245 1848 καὶ
272 1821 343 1848 διότι
373 1822 466 1857 μεῖζον
495 1823 587 1854 αὐτοῖς
610 1825 698 1859 κρῖμα
724 1833 801 1859 περι-

46 1861 96 1894 ἧπιε
108 1865 155 1900 (12)
172 1867 376 1902 πιστευόμενον.
394 1867 470 1903 Ὀσῳ
483 1868 538 1904 γὰρ
560 1869 593 1895 ἄν
608 1877 650 1901 τις
668 1870 801 1904 μειζόνων

46 1907 149 1944 ἀξιοῦται,
163 1912 176 1938 ὸ
191 1912 219 1939 δὲ
233 1914 304 1949 πρὸς
320 1913 351 1939 τὸ
363 1915 456 1949 χεῖρον
470 1915 531 1941 ἀντὶ
544 1915 593 1949 τῆς
607 1916 653 1942 ἐπὶ
668 1916 698 1942 τὸ
711 1918 802 1951 κρεῖτ-

46 1960 78 1979 τον
90 1957 223 1994 μεταϐολῆς
240 1960 369 1986 ἀπονεύει
381 1979 390 1992 ,
412 1956 492 1992 οὗτος
515 1960 571 1996 (15)
598 1960 694 1997 διπλῆς
711 1961 802 1997 ἔνοχος

46 2003 215 2038 κατακρίσεως,
230 2006 281 2041 τῆς
302 2014 333 2032 τε
348 2006 539 2042 προλαὸούσης
556 2007 667 2040 κακίας,
689 2008 736 2034 καὶ
753 2008 803 2042 τῆς

46 2045 76 2071 ἐπ’
87 2047 185 2084 αὔξησιν
199 2051 353 2088 μοχθηρίας
369 2053 419 2088 τὴν
438 2052 599 2088 εὐεργεσίαν
614 2054 802 2089 ποιησαμένης

46 2093 210 2128 πρκιιρέσεως.

473 118 522 148 AD
541 118 841 159 AMPHILOCHIUM
861 119 1037 154 QUJESTIO
1054 120 1183 151 LXXVl.

1579 122 1631 154 474

841 175 1034 209 ingratumque
1045 175 1167 202 animum
1183 175 1347 203 referebant.
1363 175 1473 204 Veteres
1488 177 1526 204 illi
1543 178 1632 207 Israe-

841 220 896 248 lita!
911 221 996 247 maris
1010 220 1108 248 ﬂuctus
1124 221 1289 254 transibant,
1312 222 1440 249 columna
1463 230 1547 257 porro
1561 224 1633 259 ignis

840 269 868 292 et
882 265 964 292 nubis
991 266 1043 293 iter
1068 266 1135 300 ipsis
1159 266 1312 300 jucundum
1339 268 1498 301 praestabat,
1523 271 1634 303 quando

842 311 917 346 prior
931 312 1042 346 quidem
1062 317 1144 340 noctu
1162 311 1248 340 facem
1268 313 1446 347 accendebat,
1463 320 1490 343 et
1504 315 1575 343 viam
1591 317 1635 344 in-

841 357 926 392 gratis
945 357 1192 392 prarmonstrabat;
1212 357 1349 392 posterior
1362 366 1428 387 vero
1445 360 1572 388 infestam
1588 369 1634 389 so-

842 404 876 432 lis
890 404 1028 431 llammam
1045 404 1133 431 instar
1151 404 1215 431 tecti
1233 404 1361 439 alicujus,
1379 413 1433 440 quo
1452 406 1549 434 domus
1571 415 1633 434 mu-

842 450 927 482 nitur,
942 450 1061 483 arcebat,
1077 454 1159 484 atque
1171 449 1240 477 adeo
1252 450 1357 478 itineris
1367 450 1439 478 diem
1450 451 1551 478 laetitiae
1561 451 1632 479 diem

841 495 986 524 alliciebat.
1012 496 1046 522 At
1069 495 1150 522 iidem
1173 495 1222 528 illi,
1248 500 1278 523 ut
1303 496 1462 524 summatim
1478 497 1578 529 dicam,
1595 502 1634 524 tot

843 542 1005 574 beneficiis,
1035 549 1096 577 quae
1125 549 1234 569 omnem
1261 542 1446 577 eloquentiam
1480 548 1634 578 superant,

843 587 981 620 fruentes,
998 587 1183 621 omnibusque
1197 588 1260 615 vita:
1277 588 1357 615 bonis
1372 588 1498 616 inundati
1519 593 1547 616 ct
1562 589 1636 623 sagi-

843 633 912 666 nati,
931 633 1154 666 recalcitrabant,
1169 639 1206 665 et,
1223 633 1318 660 furore
1331 634 1409 667 quasi
1429 634 1550 668 quodam
1571 641 1634 661 cor-

843 679 923 714 repti,
937 680 964 706 in
980 679 1104 707 divinum
1121 679 1228 707 Numen
1243 684 1321 706 erant
1343 679 1449 713 injurii,
1464 680 1554 712 tidem,
1567 687 1633 708 con-

842 724 924 752 ditori
940 732 992 752 suo
1018 725 1214 760 praestandam,
1232 733 1299 752 curn-
1322 725 1484 753 idololatriae
1508 726 1636 753 sordibus

843 776 1042 809 permutantes.
1058 772 1095 799 lta
1105 776 1131 799 et
1138 772 1241 807 posteri
1254 779 1362 803 eorum,
1375 779 1430 798 non
1439 771 1530 799 minus
1543 771 1637 799 animo

844 826 928 854 quam
943 818 1083 846 natalibus
1097 818 1151 845 illis
1173 818 1289 850 similes,
1317 823 1462 852 postquam
1486 817 1585 845 similia
1609 821 1638 844 et

845 864 938 892 divina
965 864 1105 891 miracula.
1120 871 1134 891 a
1151 868 1216 890 nato
1243 863 1385 890 Salvatore
1410 869 1505 890 nostro
1531 867 1637 898 patrata

843 911 988 943 vidissent,
1016 911 1127 944 quando
1154 917 1227 937 nunc
1253 909 1364 944 quidem
1382 909 1469 936 morbi
1499 909 1636 940 corporis,

844 956 914 982 alias
940 955 1167 985 immedicabiles,
1191 955 1275 981 verbo
1299 954 1541 988 propnlsabantnr,
1566 961 1638 981 nunc

844 1007 910 1027 vero
927 1000 1063 1030 homines,
1081 1007 1096 1026 a
1113 999 1193 1027 noxis
1210 1004 1236 1026 et
1250 999 1357 1026 insidiis
1372 998 1514 1026 diabolicis
1539 998 1638 1026 libera-

845 1046 954 1078 bantur,
968 1052 1042 1073 nunc
1053 1045 1153 1072 animae
1164 1045 1278 1072 vulnera
1293 1045 1419 1072 doctrina
1435 1044 1548 1071 salutari
1557 1051 1638 1071 sana-

845 1090 956 1124 bantur,
976 1098 1052 1118 nunc
1075 1090 1177 1117 mortui
1205 1091 1276 1117 inter
1309 1090 1386 1117 vivos
1412 1090 1637 1122 numerabantur,

846 1144 921 1165 nunc
950 1137 1005 1164 vim
1035 1136 1134 1164 mortis
1158 1136 1214 1171 jam
1243 1135 1358 1163 fractam
1380 1143 1441 1163 esse
1456 1136 1636 1167 docebantur,

847 1182 999 1217 multisque
1017 1182 1078 1210 aliis
1090 1182 1171 1209 donis
1181 1186 1208 1210 et
1221 1181 1362 1209 beneficiis
1382 1181 1581 1213 mactabantur,
1595 1181 1637 1207 vel

847 1229 888 1257 sic
903 1229 1026 1256 animum
1041 1228 1073 1255 ad
1088 1228 1133 1255 illa
1163 1228 1256 1255 omnia
1271 1228 1424 1261 advertere,
1456 1232 1505 1254 aut
1527 1227 1640 1254 benefa-

847 1275 914 1302 ctori
927 1282 978 1303 suo
992 1274 1109 1309 gratiam
1126 1274 1275 1313 rependere
1289 1274 1430 1305 nolebant,
1445 1273 1491 1301 sed
1516 1274 1638 1308 linguam

847 1321 952 1355 potius,
967 1321 1023 1348 Deo
1039 1320 1192 1353 inimicam,
1207 1321 1353 1348 acuebant.
1373 1321 1431 1347 lmo
1446 1320 1595 1348 videntium
1611 1323 1640 1347 et

847 1365 1018 1393 audientium
1034 1365 1152 1400 elogium
1169 1373 1217 1400 per
1240 1366 1363 1400 rapinam
1388 1365 1440 1393 sibi
1459 1365 1526 1400 ipsis
1550 1365 1640 1392 vindi-

849 1415 952 1444 cantes,
964 1418 1052 1445 neque
1067 1410 1174 1437 Domini
1190 1411 1284 1443 verba,
1301 1418 1362 1445 qua:
1375 1417 1434 1442 eos,
1452 1409 1569 1437 buccina
1584 1410 1641 1437 cla-

850 1459 918 1491 rius,
933 1457 967 1485 ad
986 1457 1100 1484 salutem
1116 1456 1264 1488 vocabant,
1280 1456 1381 1483 multos
1397 1463 1463 1483 vero
1481 1463 1513 1483 ex
1530 1455 1640 1489 gentili-

850 1503 903 1531 bus
917 1503 951 1530 ad
967 1510 1028 1530 eam
1046 1503 1244 1537 perducebant,
1257 1501 1436 1536 veritatisque
1456 1501 1640 1535 cognitionem

850 1549 1031 1580 instillabant,
1049 1549 1156 1581 audire,
1175 1555 1266 1583 neque
1289 1547 1432 1580 miracula,
1448 1554 1510 1582 qua:
1530 1547 1557 1574 in
1575 1554 1642 1574 ocu-

850 1596 892 1623 los
920 1595 1112 1626 incurrebant,
1130 1594 1222 1621 videre
1239 1593 1395 1628 cupiebant,
1425 1593 1471 1620 sed
1493 1593 1584 1628 potius
1607 1592 1641 1619 ad

851 1640 975 1669 convicia
989 1645 1095 1668 tantum
1113 1644 1140 1668 et
1151 1643 1270 1667 mentem
1284 1646 1362 1667 suam
1374 1643 1402 1666 et
1417 1638 1538 1673 linguam
1552 1645 1643 1665 arma-

851 1687 927 1715 bant.
944 1686 1009 1714 Haec
1034 1694 1117 1714 causa
1132 1692 1202 1718 erat,
1229 1693 1279 1713 cur
1299 1685 1429 1720 mysteria
1457 1685 1533 1720 regni
1557 1685 1643 1712 divini

851 1731 906 1761 illis
929 1741 984 1760 non
1000 1733 1189 1760 crederentur.
1204 1731 1284 1763 Nam.
1304 1736 1333 1758 ut
1346 1731 1398 1758 alia
1422 1732 1560 1762 omittam,
1584 1738 1643 1757 ma-

848 1778 902 1814 jori
917 1779 1026 1806 crimini
1056 1778 1138 1805 futuri
1166 1782 1246 1805 erant
1273 1777 1395 1809 obnoxii,
1411 1777 1434 1804 si
1449 1784 1480 1804 ea
1497 1776 1550 1804 illis
1565 1783 1642 1804 com-

851 1825 936 1852 missa
953 1822 1079 1851 fuissent.
1096 1823 1156 1856 Quo
1170 1823 1232 1858 quis
1243 1823 1316 1850 enim
1335 1822 1487 1856 majoribus
1504 1822 1644 1849 beneficiis

851 1869 1019 1902 cumulatur,
1044 1869 1091 1904 qni
1114 1873 1204 1896 tamen
1220 1869 1296 1903 pejor
1319 1869 1421 1904 potius,
1445 1876 1526 1903 quam
1545 1867 1643 1894 melior

852 1915 967 1942 evadere
977 1914 1070 1950 gestit,
1086 1914 1138 1942 hoc
1152 1915 1238 1948 magis
1251 1914 1354 1947 duplici
1368 1913 1588 1941 condemnationi
1601 1919 1644 1941 est

853 1961 1000 1994 obnoxius,
1017 1961 1080 1988 hinc
1094 1962 1130 1988 ob
1156 1961 1288 1988 malitiam
1315 1965 1512 1995 antegressam,
1528 1960 1592 1988 hinc
1608 1961 1644 1987 ob

853 2009 976 2036 animum
992 2008 1154 2044 pessimum,
1169 2007 1392 2042 quandoquidem
1419 2007 1477 2042 ipsa
1493 2006 1645 2035 beneficen-

853 2054 890 2082 tia
908 2055 942 2082 ad
962 2055 1161 2082 incrementum
1175 2053 1321 2088 pravitatis
1333 2053 1466 2081 abutitur.

70 2135 152 2166 Ὀτιδὲ
167 2141 203 2177 μὴ
225 2142 455 2180 ἀποκληρωτικὺν
479 2141 551 2171 εἶναι
565 2144 596 2171 τὺ
610 2143 734 2171 δεδόσθαι
753 2143 803 2180 μὲν

903 2142 950 2170 ίοιι
967 2150 1032 2170 vero
1046 2143 1104 2170 fato
1115 2143 1194 2178 quasi
1217 2142 1336 2177 quodam
1352 2143 1497 2176 accidisse,
1515 2147 1546 2170 ut
1562 2143 1645 2171 disci-

45 2183 84 2214 τάς
97 2185 219 2222 μαθηταῖς
233 2189 383 2224 ἐπιγνῶναι
404 2190 439 2216 τὰ
454 2191 601 2226 μυστήρια,
623 2191 679 2223 τοῖς
701 2191 730 2217 δὲ
754 2191 802 2226 μὴ,

45 2228 77 2255 καὶ
88 2232 205 2268 πρότερον
222 2235 273 2269 μὲν
288 2235 491 2262 ἀποδέδεικται.
504 2236 588 2262 Οὐδὲν
601 2236 629 2262 δὲ
641 2234 722 2272 ἧττον
733 2245 804 2272 παρ-

47 2274 112 2311 ίστησι
125 2280 168 2305 καὶ
181 2281 194 2306 ὁ
209 2281 308 2316 Σωτὴρ
321 2301 329 2314 ,
350 2281 513 2317 μακαρίζων
530 2282 594 2314 τοὺς
612 2282 746 2317 μαθητὰς,
763 2283 805 2310 ὅτι

45 2316 156 2355 βλέπουσι,
172 2324 220 2350 καὶ
231 2325 382 2357 ἀκούοντες
406 2316 563 2355 ἀκούουσιν.
585 2316 618 2353 '07
631 2328 805 2363 μακαρισμὸς

48 2363 83 2398 ἷᾶρ
94 2369 159 2403 παρὰ
171 2378 202 2405 γε
221 2373 279 2403 τοῖς
295 2372 405 2406 Δογίοις
421 2372 467 2398 καὶ
485 2372 604 2407 μάλιστα
624 2374 681 2405 τοῖς
697 2374 802 2410 Κυρια-

45 2411 146 2442 Woch
157 2416 281 2452 ἀνάγκης
294 2418 368 2443 ἐστὶν
385 2417 551 2452 είσαγούσης
563 2418 593 2444 τὸ
607 2419 806 2454 ἀπαραίτητον,

45 2460 200 2493 προαιρέσεως
215 2462 244 2489 δὲ
257 2463 404 2498 γινομένης
420 2463 467 2489 τοῦ
486 2463 630 2498 βελτίονος·
653 2466 810 2501 (Μακάριος

46 2500 84 2535 γᾶρ
94 2503 163 2539 ἀνὴρ,
177 2506 205 2538 ὃς
220 2508 272 2534 οὐκ
288 2508 424 2543 ἐπορεύου
437 2509 466 2534 ὲν
480 2508 562 2544 βουλῇ
577 2509 684 2536 ἀσεϐῶν
699 2519 705 2525 -
724 2520 733 2536 ι
752 2500 808 2544 καὶ,

71 2605 89 2621 ’⁷
103 2604 191 2636 Matth.
205 2617 233 2641 ν,
251 2609 270 2637 5
289 2618 366 2648 seqq.

852 2187 925 2223 pulis
941 2187 1058 2215 facultas
1083 2187 1196 2215 daretur
1214 2188 1395 2223 cognoscendi
1419 2188 1561 2222 mysteria,
1583 2188 1645 2215 aliis

853 2242 918 2262 vero
937 2242 994 2261 non
1018 2235 1102 2268 item,
1128 2234 1185 2269 jam
1210 2240 1273 2262 ante
1297 2242 1313 2262 a
1337 2234 1416 2262 nobis
1432 2238 1474 2262 est
1493 2239 1645 2262 ostensum.

854 2280 927 2308 Idem
942 2288 1008 2308 vero
1025 2288 1079 2308 non
1093 2282 1184 2308 minus
1202 2281 1328 2310 Salvator
1342 2281 1455 2313 indicat,
1471 2281 1566 2309 beatos
1579 2288 1647 2315 prat-

854 2326 951 2355 dicans
976 2327 1140 2362 discipulos,
1162 2319 1233 2362 quod
1252 2327 1373 2355 videntes
1401 2327 1520 2359 videant,
1547 2332 1574 2354 et
1599 2334 1648 2353 au-

856 2372 964 2400 dientes
978 2372 1100 2400 audiant.
1123 2373 1238 2406 Quando
1253 2374 1326 2400 enim
1346 2373 1373 2400 in
1389 2373 1537 2408 Scriptura:
1552 2380 1648 2402 sacrm,

857 2419 1055 2454 spcciatimque
1070 2418 1178 2446 Domini
1207 2419 1305 2453 nostri,
1330 2411 1411 2447 dictis
1436 2419 1533 2446 beatus
1550 2418 1650 2453 aliquis

859 2466 1024 2500 prmdicatur
1045 2465 1078 2497 τ’,
1105 2465 1130 2492 id
1157 2466 1267 2501 quidem
1294 2473 1348 2493 non
1379 2466 1471 2498 infert,
1490 2473 1546 2492 rem
1571 2466 1651 2492 aliter

861 2511 919 2539 ﬁeri
933 2518 988 2539 non
1006 2511 1139 2548 potuisse,
1157 2512 1203 2539 sed
1231 2511 1414 2539 voluntariam
1444 2511 1570 2539 meliores
1595 2510 1651 2537 ele-

741 2673 857 2701 NOTAE.

131 2747 204 2787 golb.
226 2758 277 2784 pro
297 2751 466 2787 βιασμάτων.

47 2779 170 2844 Εεξέᾎδὶθ
184 2779 278 2813 scribo
292 2779 340 2821 pro
351 2779 529 2823 ἆμείνασοαι,
547 2788 600 2817 nisi
616 2788 695 2816 malis
722 2788 803 2823 ἀμεί-

892 2752 949 2786 (l‘l)
969 2753 1040 2780 ldum
1055 2761 1105 2788 pro
1122 2753 1243 2779 πίπτειν.

895 2789 951 2824 (l5)
970 2789 1039 2816 Idem
1059 2796 1106 2823 p10
1117 2788 1213 2820 οὕτως.
