1880 3057
225 142 279 175 4⁵15

800 141 932 172 PHOTlI
951 139 1202 171 PATRIARCII/E
1219 139 1272 170 (ΖΡ.

1796 136 1843 169 476

227 200 346 228 etionem
361 198 472 227 iudicat.
503 197 543 226 lta
561 207 571 225 ι
591 198 688 226 beatus
700 198 801 226 dicitur
817 199 870 230 vir,
890 198 938 232 qui
960 206 1014 225 non

1069 206 1078 223 ι
1094 196 1236 231 Μακάριος
1251 195 1322 231 ἀνὴρ
1338 193 1410 230 (Η),
1431 194 1462 226 ὃς
1483 193 1611 230 οἰκτείρει
1630 193 1720 230 ψυχάς
1743 195 1844 231 κτηνῶν

227 246 348 275 ambulat
368 245 396 273 in
415 245 532 273 consilio
556 245 702 280 impiorum
719 245 757 277 ";
789 253 798 270 ι
828 248 856 271 et
877 252 887 269 ι
916 243 1013 270 Beatus

226 293 278 326 vir,
294 293 341 328 qui
359 293 507 320 miseratur
530 293 613 319 vitam
642 291 758 326 iumenti
782 291 836 318 sui.
864 300 874 318 ι
898 290 1013 323 Quando

227 346 308 374 porro
324 339 450 366 Salvator
471 343 562 366 noster
579 339 680 365 multas
696 346 749 365 una
764 337 834 365 serie
848 336 1014 364 benedictio-

227 392 276 412 nes
293 384 384 416 affert,
400 384 504 411 nullam
517 390 613 410 earum
638 383 682 413 iis,
702 382 728 409 in
754 382 854 417 quibus
873 381 1013 409 distinctio

226 430 350 465 quaedam
363 429 423 456 loco
440 429 540 456 habere
553 432 669 463 poterat,
680 428 845 463 impertitur,
861 427 907 455 sed
925 428 952 454 in
965 434 1013 454 eos

226 483 323 504 omnes
338 475 454 506 confert,
468 481 587 509 quorum
603 474 689 501 virtus
702 474 778 500 bonae
794 472 893 499 mentis
908 472 1014 499 fructus

225 526 254 550 et
282 528 361 556 seges
384 525 455 548 erat.
487 520 578 555 Itaque
600 527 650 547 nec
670 516 813 554 discipulis
832 526 880 553 per
910 522 1014 545 sortem

227 567 374 602 quamdam
389 566 499 594 fatalem
517 565 634 594 facultas
651 565 720 593 facta
737 569 778 593 est
795 565 923 600 mysteria
939 564 1014 600 regni

227 612 274 639 Dei
291 611 485 646 cognoscendi,
501 619 588 645 neque
614 611 746 646 improbis
767 610 922 638 Judzeorum
939 611 1015 644 igno-

227 656 298 684 ratio
312 656 420 683 illorum
434 656 563 690 irrogata.
587 655 643 682 lmo
658 662 725 682 vero
740 655 813 686 ideo.
828 655 900 689 quod
918 659 1015 689 sponte

227 709 277 729 sua
290 709 319 728 se
344 709 432 728 caecos
454 706 482 729 et
496 705 587 728 mutos
600 701 754 732 cll‘eeeraut,
779 701 899 728 divinum
913 706 940 728 et
957 701 1014 728 falli

228 746 351 774 nescium
363 747 498 780 judicium
517 747 569 773 illis
584 747 710 782 indignos
724 754 771 774 eos
783 754 843 774 esse
855 746 1016 781 pronuntia-

228 793 275 819 vit.
293 792 352 825 Quo
368 800 432 820 vero
448 799 530 820 sensu
555 793 589 825 is,
603 800 684 827 quem
702 792 834 819 Dominus
848 800 881 819 ex
894 791 1015 826 discipu-

228 837 262 864 lis
278 837 413 872 imprimis
439 838 560 869 amabat,
586 845 715 873 magnum
735 838 801 865 illud
817 837 959 873 theologia;
974 838 1015 865 in-

228 889 422 914 strumentum,
438 884 523 911 dicit:
545 893 553 909 ι
574 884 726 911 Excamavit
748 884 842 912 oculos
859 892 966 917 eorum,
990 888 1016 911 et
1032 873 1052 901 Β

228 929 373 956 obduravit
384 937 431 956 eor
442 937 537 956 eorum
554 931 596 963 7’;
617 939 625 955 ι
642 930 721 957 facile
742 938 774 957 ex
791 930 871 957 dictis
887 930 1015 957 aestimari

227 980 326 1010 potest.
345 975 373 1002 Si
384 976 459 1003 enim
479 976 578 1003 Isaiam
599 976 742 1003 verborum
758 981 852 1003 testem
865 985 918 1003 non
934 977 1018 1003 advo-

228 1027 328 1054 casset,
347 1027 394 1048 aut
411 1022 514 1049 dictqu
528 1023 588 1056 ejus
607 1023 640 1050 ad
657 1023 730 1049 aliud
745 1027 936 1057 argumentum
954 1031 1017 1057 pro-

229 1068 349 1095 bandum
360 1068 506 1100 attulisset,
520 1068 661 1095 dubitandi
673 1068 789 1096 fortasse
800 1073 957 1096 nasceretur
971 1076 1019 1096 0c-

228 1115 316 1146 casio,
331 1115 502 1149 qumstioque
518 1115 575 1142 haec
589 1115 653 1145 alia,
668 1119 766 1149 praeter
779 1115 868 1143 dictas
885 1116 956 1148 illas,
975 1123 1019 1143 ra-

228 1160 303 1187 tione
321 1165 393 1188 esset
405 1160 570 1187 dirimenda.
584 1156 720 1193 Quoniam
739 1169 803 1188 vero
827 1162 910 1189 etiam
926 1163 972 1190 illa
986 1170 1018 1189 ex

229 1205 369 1240 propheta
382 1205 472 1232 verbis
488 1205 651 1238 aﬂeruutur,
664 1213 782 1240 quorum
799 1215 898 1234 sensus
913 1208 1018 1242 perspi-

228 1258 298 1278 cuus
314 1255 366 1282 est,
382 1251 506 1285 nihilque
517 1250 685 1279 dillicultatis
696 1252 829 1285 continet,
847 1253 892 1280 illa
908 1261 1018 1288 quoque

229 1300 390 1323 czeterorum
406 1296 635 1330 evangelistarum
653 1304 669 1324 a
684 1297 776 1325 dubiis
800 1299 929 1326 omnibus
956 1299 1020 1326 libe-

230 1345 289 1369 rata
305 1342 386 1369 modo
397 1346 476 1372 sunt;
492 1347 566 1376 patet
582 1343 686 1377 utique,
701 1344 782 1370 etiam
801 1344 865 1371 illud
875 1345 931 1378 jam
947 1345 1021 1372 solu-

231 1391 288 1413 tum
303 1393 374 1417 esse.
389 1387 505 1421 quodex
517 1387 656 1415 bisverbis
669 1389 828 1423 scrupulum
840 1388 951 1424 injicere
973 1397 1022 1424 po-

230 1435 321 1458 terat:
336 1431 436 1458 similia
450 1431 523 1458 enim
538 1436 603 1459 sunt
623 1432 676 1460 sibi
691 1433 817 1460 invicem.
841 1433 897 1466 Ille,
907 1434 953 1468 qui
968 1434 1023 1469 pri-

233 1485 294 1505 mus
305 1473 413 1505 Domini
425 1478 510 1505 nostri
522 1473 601 1512 ‘gesta
611 1478 766 1513 descripsit,
775 1486 806 1505 ex
811 1479 911 1512 plicare
919 1480 1023 1514 optime

1062 241 1157 269 αὐτοῦ.
1175 250 1185 267 ι
1206 240 1238 267 '0
1254 240 1284 267 δὲ
1298 240 1394 275 Σωτὴρ
1416 240 1463 266 καὶ
1483 239 1555 266 κατὰ
1571 239 1713 274 συνέχειαν
1735 239 1844 271 πολλοὺς

1066 287 1261 323 μακαρισμοὺς
1279 286 1423 312 συνάπτων
1435 284 1532 312 οὐδένα
1545 284 1659 318 τούτων,
1675 284 1719 319 ἐφ’
1729 283 1768 311 ὦν
1783 285 1846 311 ἀπ’,-

1064 334 1202 369 κλήρωσις
1219 333 1275 368 ἔχει
1294 332 1344 367 τὴν
1359 331 1447 366 ισχὺν,
1463 331 1607 365 ἀπονέμει,
1623 331 1664 362 εἰς
1682 330 1805 362 ἐκείνους
1820 331 1844 356 δὲ

1065 380 1178 414 συνάγει
1203 379 1317 410 πάντας,
1345 374 1383 404 ὧν
1420 376 1505 413 ἀρετὴ
1529 377 1635 412 καρπὸς
1658 377 1777 412 ὑπάρχει
1804 378 1846 404 καὶ

1063 427 1198 462 γεώργιον
1213 425 1262 460 τῆς
1283 424 1482 460 προαιρέσεως.
1495 423 1599 450 Οὐκοῦν
1615 423 1678 450 οὔτε
1692 424 1749 455 τοῖς
1763 423 1846 458 μαθη-

1066 474 1128 504 ταῖς
1142 473 1201 499 κατ’
1218 472 1413 507 ἁποκλήρωσιν
1428 470 1532 497 ἐδέδοτο
1548 469 1584 496 τὰ
1597 471 1736 506 μυστήρια
1750 470 1845 504 γνῶναι

1063 518 1114 553 τῆς
1139 517 1279 553 βασιλείας
1299 516 1344 544 τοῦ
1367 516 1448 550 Θεοῦ,
1470 515 1532 542 οὔτε
1555 517 1612 547 τοῖς
1635 515 1778 550 ἀγνώμοσι
1797 516 1846 542 τῶν

1070 564 1203 592 Ἰουδαίων
1213 564 1316 591 τούτων
1338 563 1354 598 ὴ
1377 562 1484 596 ἄγνοια,
1497 561 1556 588 ἀλλ’
1570 562 1612 588 ὅτι
1628 560 1791 596 τυφλούς-τε
1805 562 1847 588 καὶ

1064 612 1174 646 κωφοὺς
1187 611 1297 641 ἑκόντες
1308 610 1452 644 ἀπέφηναν
1469 608 1593 640 ἑαυτοὺς,
1607 608 1710 634 τούτων
1723 607 1846 639 ἀναξίους

1065 660 1082 694 ὴ
1098 657 1159 693 θεία
1174 657 1221 684 καὶ
1234 657 1384 688 ἀδέκαστος
1397 656 1489 691 κρίσις
1502 655 1652 690 διήλεγξεν,
1669 654 1731 685 Πῶς
1742 654 1789 681 οὖν
1799 654 1847 681 τῶν

1069 704 1200 739 μαθητῶν
1208 704 1222 730 δ
1229 703 1407 739 ὴγαπημένος
1421 702 1450 728 τδ
1458 702 1506 737 τῆς
1520 701 1659 735 θεολογίας
1671 700 1847 736 ὅργανονῌΞ)

1066 749 1157 783 λέγειν
1176 759 1185 775 ι
1201 749 1381 783 Τετύφλωκεν
1395 748 1485 774 αὐτῶν
1496 748 1560 778 τοὺς
1575 745 1731 781 ὀφθαλμοὺς
1744 747 1792 772 καὶ
1805 754 1848 771 πε-

1066 795 1201 831 πώρωκεν
1228 795 1317 822 αὐτῶν
1331 795 1381 830 τὴν
1395 794 1521 829 καρδίαν.
1538 803 1547 820 ι
1571 793 1647 819 οὐδὲν
1661 792 1743 827 ἔργον
1755 793 1788 818 ἐκ
1800 791 1849 818 τῶν

1067 841 1223 875 εἰρημένων
1237 840 1287 875 ήδη
1308 839 1439 866 συνιέναι.
1461 839 1492 866 Ei
1508 838 1558 874 μὲν
1572 837 1626 873 γὰρ
1642 837 1680 872 μὴ
1698 837 1791 864 ἐκάλει
1807 835 1848 862 τοῦ

1069 888 1149 921 λόγου
1161 887 1208 913 τὸν
1229 887 1344 913 Ἡσαΐαν
1363 887 1499 920 μάρτυρα,
1514 884 1530 919 ἢ
1544 885 1600 919 (16)
1623 884 1664 918 ἐφ’
1678 883 1775 918 ἑτέρου
1790 883 1850 909 Θεω-

1069 933 1192 968 ρήματος
1211 932 1318 967 προῆγε
1334 930 1385 962 τὰς
1396 931 1480 961 αὐτὰς
1491 930 1595 964 φωνάς,
1604 929 1721 964 ἀπορίας
1740 928 1773 954 ἄν
1784 937 1850 959 τινος

1069 978 1191 1013 ὑπῆρχεν
1206 976 1329 1011 ἀφορμὴ,
1349 975 1396 1001 καὶ
1412 975 1525 1010 ζήτησις
1545 973 1621 1009 παρὰ
1636 973 1686 1004 τὰς
1707 973 1851 1008 εἰρημένας

1068 1023 1153 1058 ἄλλης
1167 1022 1330 1054 ἐπιλύσεως.
1355 1021 1432 1048 Ἐπεὶ
1448 1021 1476 1047 δὲ
1493 1020 1536 1048 διὰ
1550 1020 1605 1047 τῶν
1620 1019 1797 1055 προφητικῶν
1810 1019 1851 1046 καὶ

1041 1091 1045 1094 γ
1068 1069 1154 1096 ταῦτα
1174 1068 1327 1104 προάγεται
1337 1068 1436 1102 λόγων,
1452 1067 1482 1100 ἐξ
1494 1063 1531 1094 ὧν
1546 1066 1704 1101 σαφεστάτη
1719 1066 1767 1092 καὶ
1781 1066 1851 1092 οὐδὲν

1069 1115 1172 1150 ἄπορον
1191 1114 1360 1150 ἐπιφέρουσα
1384 1112 1537 1147 ἐξέλαμψεν
1561 1113 1578 1148 ἡ
1599 1112 1713 1144 διάνοια,
1737 1111 1786 1138 καὶ
1803 1111 1851 1146 μὴν

1069 1162 1117 1189 καὶ
1136 1161 1192 1188 τῶν
1206 1161 1294 1188 ἄλλων
1309 1159 1522 1194 εὐαγγελιστῶν,
1545 1159 1606 1186 ὅσον
1620 1156 1654 1194 ἦν
1666 1157 1851 1193 ἁμφισδητού-

1072 1216 1163 1243 μενον,
1177 1206 1319 1242 διεκρίθη·
1333 1206 1425 1240 δῆλον,
1438 1205 1480 1231 ὅτι
1495 1203 1707 1239 πρώιαλέλυται
1724 1202 1773 1228 καὶ
1789 1203 1852 1236 ὅπερ

1066 1253 1180 1289 ἔμελλεν
1192 1253 1238 1279 ἐπὶ
1252 1252 1307 1279 τῶν
1320 1251 1450 1286 ῥημάτων
1463 1251 1566 1277 τούτων
1579 1247 1786 1283 διαπορεῖσθαι·
1801 1248 1853 1274 ἴσον

1066 1299 1121 1334 γάρ
1136 1297 1252 1334 (l7).i’U
1265 1297 1373 1333 πρῶτος
1386 1295 1614 1330 ἀναγραψάμενος
1627 1295 1678 1325 τὰς
1689 1292 1854 1331 Δεσποτικάς

1068 1345 1184 1381 πράξεις
1209 1344 1380 1371 ἐκδιδάσκειν
1401 1342 1513 1369 δύναται
1534 1341 1575 1373 τδ,
1597 1341 1790 1375 τετύφλωκεν
1813 1340 1855 1365 καὶ

1070 1391 1268 1426 πεπώρωκενι
1283 1390 1331 1417 καὶ
1341 1390 1382 1416 τό·
1401 1399 1411 1415 ι
1428 1389 1476 1415 Διὰ
1489 1388 1567 1414 τοῦτο
1582 1389 1611 1414 ἐν
1631 1386 1800 1422 παραὸολαῖς
1812 1385 1856 1412 αὑ-

1070 1439 1128 1469 τοῖς
1138 1437 1221 1470 λαλῶ,
1236 1437 1276 1463 ὅτι
1289 1436 1434 1472 βλέποντες
1456 1436 1487 1462 οὗ
1500 1435 1639 1470 βλέπουσι,
1652 1433 1700 1461 καὶ
1713 1433 1856 1463 ἀκούοντες

1072 1484 1121 1509 οὐκ
1136 1482 1291 1510 ἀκούουσιν.
1313 1491 1323 1509 ι
1463 1482 1465 1485 ’

232 1528 332 1559 potest,
352 1523 491 1558 quomodo
510 1523 622 1558 intelligi
648 1523 745 1551 debeat
763 1524 846 1556 illud,
864 1527 1001 1554 occaecavit
1032 1532 1060 1554 et
1089 1528 1243 1561 obduravit;
1269 1527 1389 1563 itemque
1422 1526 1500 1560 illud,
1520 1538 1529 1552 τ
1548 1525 1695 1561 Propterea
1712 1533 1760 1560 pcr
1783 1532 1855 1559 para-

232 1572 310 1599 bolas
324 1571 378 1599 illis
390 1571 498 1606 loquor,
513 1571 577 1605 quia
592 1571 712 1599 videntes
726 1579 779 1598 non
795 1572 896 1604 vident.
913 1577 940 1600 et
963 1574 1106 1603 audientes
1121 1583 1174 1603 non
1189 1575 1314 1603 audiunt.
1338 1584 1348 1602 ι

268 1620 369 1655 Siquis
386 1627 449 1646 vero
482 1619 528 1646 illa
549 1620 641 1651 verba,
667 1620 805 1647 occwcavit
823 1625 850 1647 et
868 1621 1018 1656 obduravit,

1107 1624 1139 1650 El
1163 1624 1191 1650 δέ
1215 1632 1256 1655 τις
1280 1623 1320 1655 τὸ,
1342 1623 1531 1656 τετύφλωκεν
1550 1620 1597 1647 καὶ
1613 1618 1808 1653 πεπώρωκσν,
1830 1618 1858 1644 οὗ

233 1673 289 1694 nou
305 1671 360 1693 tarn
377 1673 426 1700 pro
439 1665 559 1700 peccatis
573 1673 633 1700 qua:
647 1667 856 1699 antecesserint,
871 1674 954 1702 quam
970 1675 1020 1703 pro

233 1712 334 1739 talibus
349 1719 409 1747 quae
424 1719 455 1739 ea
472 1712 560 1738 instar
574 1712 708 1739 ruereedis
726 1712 892 1747 promeritae,
906 1713 960 1741 sint
975 1721 1020 1741 se-

233 1763 309 1791 cuta,
329 1758 429 1785 habere
445 1757 587 1791 maluerit;
605 1765 655 1785 nec
676 1758 721 1785 ille
739 1765 753 1785 a
770 1766 854 1793 scopo
877 1759 1021 1787 aberrare-

234 1804 280 1836 rit,
293 1811 341 1839 per
354 1811 436 1839 quem
454 1811 507 1831 non
523 1803 604 1838 longe
617 1812 633 1831 a
646 1805 760 1832 veritate
785 1805 866 1832 absit.
884 1805 1020 1838 Quoniam

233 1849 306 1876 enim
320 1848 357 1875 illi
371 1853 467 1883 sponte
483 1857 533 1877 sua
550 1850 645 1877 oculos
660 1849 824 1882 clauserant,
838 1855 865 1878 et
880 1859 961 1878 aures
973 1859 1021 1879 εο-

234 1893 389 1926 hibuerant,
407 1895 516 1922 caecitas
537 1899 565 1922 et
578 1894 701 1922 surditas
723 1896 820 1922 merito
838 1896 924 1923 instar
936 1904 1021 1930 [unum

233 1939 452 1967 antecedentium
468 1940 597 1967 vitiorum
614 1945 792 1975 spontaneam
808 1941 891 1968 animi
919 1942 1020 1976 impro-

235 1985 345 2012 bitatem
372 1985 535 2020 exripiebat.
567 1985 625 2012 Huc
650 1986 721 2012 inter
747 1991 844 2014 ett-tera
868 1987 1021 2021 pertinebat

235 2029 312 2060 illud.
340 2029 411 2064 quod
441 2037 492 2056 nec
518 2029 646 2057 facultate
667 2031 793 2065 mysteria
809 2031 884 2066 regni
901 2032 1021 2060 caelestis

233 2072 418 2106 Cognoseeudi
436 2073 651 2102 instruebantur.
665 2073 752 2102 Porro
766 2076 847 2110 paulo
855 2080 918 2103 ante
927 2075 1021 2104 Iesum

235 2117 376 2150 audimus,
395 2124 476 2153 prout
504 2119 575 2147 idem
592 2121 664 2148 ﬁlius
691 2121 842 2149 tonitruum
859 2123 964 2154 scribit,
980 2123 1022 2150 di-

234 2169 362 2192 centem:
382 2175 391 2191 ι
412 2165 548 2201 Exiguum
572 2167 662 2195 adhuc
685 2172 791 2203 tempus
816 2169 862 2195 lux
879 2169 1021 2197 vobiscum

234 2214 294 2244 cst;
306 2211 445 2240 ambulate
453 2213 543 2248 quoad
559 2213 647 2241 lucem
663 2214 780 2247 habetis,
795 2222 828 2242 ne
843 2215 961 2242 tenebrae
973 2223 1022 2244 vos

235 2257 456 2293 apprehendant;
476 2269 486 2286 ι
501 2264 538 2292 et,
555 2269 565 2286 ι
580 2260 632 2293 Qui
644 2261 672 2288 in
684 2260 803 2288 tenebris
813 2262 944 2294 ambulat,
967 2270 1021 2289 nou

1073 1670 1264 1705 προηγούμενα
1283 1668 1368 1703 πάθη,
1391 1667 1449 1694 ἀλλ’
1473 1666 1588 1698 ἐκείνοις
1613 1665 1735 1700 ἑπόμενα
1759 1664 1859 1699 μᾶλλον

1073 1716 1132 1751 Θείη
1158 1713 1214 1742 οἷόν
1240 1723 1302 1742 τινα
1327 1713 1502 1749 ἀντιμισθίαν
1519 1712 1573 1739 τῶν
1600 1711 1764 1746 φθασάντων
1779 1710 1858 1737 ὄντα·

1072 1761 1128 1788 οὐδ’
1140 1757 1218 1791 οὗτος
1231 1760 1264 1787 ἂν
1278 1759 1320 1795 εἴη
1333 1759 1434 1787 σκοποῦ
1448 1758 1651 1793 διαμαρτάνων,
1666 1757 1699 1784 δι’
1710 1754 1740 1784 οὗ
1759 1757 1859 1792 φέροιτ’

1073 1806 1106 1832 ἂν
1120 1805 1150 1831 οὐ
1162 1805 1256 1840 πόρρω
1270 1804 1319 1839 τῆς
1340 1803 1482 1839 ἀληθείας.
1505 1802 1582 1828 Ἐπεὶ
1596 1801 1651 1837 γὰρ
1666 1801 1780 1832 ἑκόντες
1797 1801 1859 1836 ἔμυ-

1074 1860 1124 1879 σαν
1146 1851 1210 1883 τοὺς
1232 1850 1388 1886 ὀφθαλμοὺς
1412 1850 1460 1876 καὶ⁸
1472 1849 1507 1876 τά
1523 1846 1580 1876 ὦτα
1603 1847 1744 1883 συνέσχον,
1760 1847 1859 1874 τούτων

1075 1895 1312 1931 προηγησαμένων
1335 1894 1390 1921 τῶν
1412 1893 1507 1920 παθῶν
1533 1893 1614 1928 ποινὴ
1637 1892 1750 1926 γέγονεν
1773 1891 1860 1920 αὐτοῖς

1074 1941 1318 1977 ὲπακολουϐήσασα
1331 1942 1366 1976 τῇ
1383 1940 1552 1975 ὲκουσιότητι
1575 1939 1624 1974 τῆς
1642 1938 1787 1974 μοχθηρᾶς
1798 1936 1862 1971 γνὼ-

1076 1997 1129 2024 μης
1142 1989 1159 2024 ἡ
1178 1988 1314 2023 τύφλωσις
1334 1987 1381 2014 καὶ
1402 1987 1419 2023 ὴ
1442 1987 1580 2022 κώφωσις,
1594 1980 1640 2013 ᾃῶν
1657 1985 1686 2011 ἒν
1704 1985 1748 2020 εἴη
1773 1983 1821 2011 καὶ
1835 1984 1861 2009 τὸ

1076 2033 1114 2069 μὴ
1125 2033 1248 2060 δεδόσῡαι
1262 2033 1354 2064 αὐτοῖς
1369 2033 1402 2059 τὰ
1418 2032 1555 2067 μυστήρια
1574 2033 1624 2066 τῆς
1641 2030 1784 2065 βασιλείας
1796 2029 1861 2064 γνὼ-

1074 2088 1129 2106 ναι.
1145 2080 1223 2106 Ἔστι
1235 2079 1263 2106 δὲ
1277 2079 1325 2106 καὶ
1343 2079 1396 2114 πρὸ
1410 2079 1533 2114 βραχέως
1555 2077 1670 2104 ἀκοῦσαι
1689 2077 1807 2110 λέγοντα
1821 2075 1860 2101 τὸν

1080 2125 1194 2160 Ἰησοῦν,
1209 2125 1246 2156 ὡς
1263 2125 1345 2156 αὐτὸς
1359 2125 1373 2151 ὁ
1383 2124 1432 2160 τῆς
1447 2124 1563 2160 βροντῆς
1574 2122 1694 2158 ἔγραψεν
1705 2121 1764 2153 υἱός
1773 2130 1781 2138 ι
1789 2122 1861 2148 «Ἐτι

1077 2171 1175 2206 μικρὸν
1188 2170 1283 2206 χρόνον
1297 2170 1327 2196 τὸ
1341 2170 1399 2205 φῶς
1413 2169 1473 2205 μεθ’
1489 2169 1566 2204 ὑμῶν
1579 2169 1638 2195 ἐστι
1650 2177 1656 2184 ·
1676 2168 1860 2203 περιπατεῖτε,

1075 2216 1128 2248 ἕως
1142 2215 1173 2242 τὸ
1184 2216 1240 2250 φῶς
1251 2215 1338 2251 ἔχετε,
1353 2216 1396 2242 ἵνα
1411 2215 1448 2250 μὴ
1460 2215 1491 2241 τὺ
1503 2215 1598 2245 σκότος
1609 2213 1682 2248 ὑμᾶς
1693 2213 1858 2247 καταλάϐῃ-ι

1076 2263 1133 2294 καὶ,
1154 2271 1164 2288 ι
1188 2262 1218 2289 '0
1235 2262 1398 2298 περιπατῶν
1419 2262 1448 2288 ὲν
1475 2262 1508 2296 τῇ
1537 2261 1632 2295 σκοτίᾳ
1656 2260 1707 2286 οὐκ
1732 2257 1789 2285 οἶδε
1815 2257 1861 2283 m5

236 2305 323 2338 novit,
340 2313 397 2340 quo
411 2306 492 2334 vadat
507 2307 542 2333 ⁸⁸.
560 2316 569 2333 ι
588 2306 714 2334 Salvator
728 2308 801 2335 enim
823 2306 918 2335 mundi
941 2309 1018 2337 adve-

1076 2309 1187 2342 ὺπάγει.
1204 2317 1213 2333 ι
1230 2307 1370 2342 Ἔλαμψεν
1395 2307 1444 2342 μὲν
1470 2307 1524 2342 γὰρ
1550 2306 1582 2332 τὸ
1615 2305 1672 2340 φῶς
1689 2304 1721 2332 τὸ
1739 2304 1862 2340 ἀληθινὸν

235 2350 325 2383 uicus,
348 2355 379 2378 ut
393 2358 456 2378 vera
483 2352 527 2378 lux
547 2352 704 2386 splenduit;
728 2353 766 2379 illi
791 2361 857 2380 vero
874 2354 970 2382 oculos
996 2354 1023 2381 in

235 2403 295 2423 eam
308 2400 478 2429 conuertere,
496 2402 542 2424 aut
559 2398 585 2424 in
605 2398 664 2426 lucc
685 2399 842 2433 dogmatum
858 2399 917 2434 ejus
933 2400 1024 2435 splen-

269 2449 292 2465 "
311 2449 382 2477 Psal.
405 2458 424 2483 ι,
450 2451 475 2477 l.

1077 2353 1273 2390 παραγεγονὼς
1283 2354 1298 2380 ὁ
1314 2353 1361 2380 τοῦ
1381 2353 1484 2388 κόσμου
1496 2352 1601 2387 Σωτήρ.
1616 2352 1647 2378 0i
1660 2351 1688 2377 δὲ
1707 2350 1757 2377 οὐκ
1768 2350 1862 2384 ἠθέλη-

1079 2409 1128 2427 σαν
1143 2399 1294 2427 ὲνατενίσαι
1308 2399 1376 2435 πρὸς
1388 2399 1464 2431 αὐτὸ,
1478 2398 1532 2425 οὐδ’
1542 2399 1571 2425 ἐν
1583 2397 1639 2432 (18)
1651 2397 1683 2432 τῇ
1706 2395 1863 2430 σελασφόρῳ

522 2452 544 2467 ⁷⁸
575 2451 626 2479 lsa.
659 2461 695 2485 vi.
725 2453 775 2486 l9,
799 2452 880 2482 Joau.
906 2461 956 2485 xu,
986 2453 1030 2481 50.
1067 2454 1092 2471 ⁸ο
1109 2454 1245 2488 Joan.xu,
1263 2455 1308 2483 55.

971 2545 1090 2574 NOTAE.

273 2633 329 2669 (l4)
347 2633 490 2670 Respicere
509 2635 616 2663 videtur
630 2635 663 2662 ad
676 2635 759 2663 Prov.
776 2643 824 2666 xu,
846 2635 891 2666 to,
901 2635 947 2661 ubi
977 2640 1017 2662 ta-

237 2676 299 2709 men
316 2670 414 2704 legitur
429 2680 435 2697 :
460 2670 567 2702 Δίκαιος
583 2671 713 2706 οἱκτείρει
735 2670 825 2706 ψυχὰς
840 2670 948 2705 κτηνῶν
975 2671 1023 2696 αὺ-

237 2712 295 2731 του.

274 2738 330 2774 (15)
346 2739 447 2767 Alludit
460 2741 494 2768 ad
506 2739 637 2776 Tbeologi
649 2747 812 2776 cognomen,
825 2739 898 2775 quod
911 2739 1026 2768 Joannis

237 2780 299 2801 8586
311 2780 428 2802 constat.

273 2809 330 2846 (lii)
348 2811 385 2846 Ἦ
399 2810 476 2838 Colb.
495 2818 544 2846 pro
558 2811 608 2842 εις.

273 2845 331 2880 (l7)
347 2845 374 2873 lu
391 2853 443 2873 ms.
464 2845 502 2874 ita
516 2855 523 2874 :
543 2847 614 2873 Ἴσον
629 2845 683 2882 γὰρ
698 2846 713 2874 ὁ
728 2845 846 2882 πρῶτος,
858 2853 886 2873 κ.
905 2854 929 2873 τ.
947 2845 971 2873 λ.
986 2845 1024 2873 Ibi

1072 2641 1132 2671 post
1145 2637 1199 2670 γάρ
1214 2636 1292 2670 posui
1320 2636 1449 2671 στιγμήν,
1467 2640 1494 2663 et
1513 2643 1562 2670 pro
1588 2639 1722 2670 sequente
1738 2635 1866 2662 δύναποαι

1080 2672 1175 2706 scripsi
1192 2671 1314 2698 δύναται.
1333 2672 1460 2705 Alioquin:
1476 2671 1549 2698 cnim
1565 2671 1708 2706 dciscnsu
1732 2671 1865 2706 vixit-on-

1080 2705 1153 2733 stare
1167 2707 1275 2740 poterit.
1292 2707 1426 2741 Loquitur
1440 2712 1531 2734 autent
1555 2706 1590 2733 de
1605 2705 1746 2738 Matth-mo,
1780 2705 1865 2731 Evan-

1079 2741 1237 2775 gelistaruru
1256 2743 1355 2776 primo,
1371 2742 1404 2770 ad
1416 2750 1498 2777 quem
1517 2748 1600 2777 supra
1613 2742 1640 2768 in
1655 2741 1754 2777 primis
1770 2748 1864 2776 provo-

1079 2781 1130 2802 cat.

1078 2784 1169 2847 mila)
1182 2812 1243 2838 Οὐδ’
1259 2813 1288 2839 ὲν
1305 2812 1382 2841 Colb.
1401 2819 1450 2847 pro
1461 2812 1549 2840 οὐδέν.
