1880 3057
64 147 106 180 ίῖΊ

60 201 127 236 omn
139 199 190 226 τῶν
204 199 347 236 δογμάτων
357 198 440 226 αὑτοῦ
459 201 633 236 περιπατεῖν.
650 201 697 228 Διὸ
714 201 831 228 ἀκολού·
847 203 869 231 Α

61 247 105 278 θως
116 245 208 277 αὐτοὺς
218 244 369 274 κατέλαϐεν
379 246 396 280 ἡ
412 245 506 273 σκοτία
527 246 606 282 δίκην
619 247 774 274 ἀπαιτοῦσα
783 247 835 282 τῆς

59 292 287 329 προκατασχούσης
307 292 406 324 αὐτοὺς
436 292 599 328 μοχθηρίας.
625 294 681 319 Καὶ
697 292 778 320 τοῦτο
788 293 832 320 λέ-

60 338 116 372 γοιτ’
137 338 169 364 ἂν
193 337 402 372 τετυφλίῖκγθιιι
417 337 465 364 καὶ
485 338 684 372 πεπωρῶσθαι
706 339 832 370 εἰκότως.

59 384 104 411 Καὶ
116 382 259 419 ὢσπερ’τῷ
282 382 428 417 θελήσαντι
450 383 614 418 περιπατεῖν
630 383 659 409 ἐν
688 382 728 417 τῷ
762 382 833 417 φωτὶ

59 431 139 456 ῑπεται
149 428 203 464 (19)
219 430 268 456 καὶ
279 429 310 455 τὸ
323 428 436 460 ειδέναι,
452 428 504 455 ποῦ
518 428 629 463 ὑπάγει·
645 428 732 460 οὕτως
745 428 784 463 τῷ
795 427 833 464 μὴ

59 475 185 510 θελήσαντι
208 476 372 510 περιπατεῖν
394 475 425 501 ἑν
438 474 478 510 τῷ
491 475 562 510 φωτὶ
585 474 777 502 συνακολουθεῖ
789 474 831 508 τὸ,

59 521 181 557 βαδίζοντα
193 521 222 548 ὲν
236 523 271 557 τῇ
287 521 382 557 σκοτίᾳ
394 520 476 553 εῖναι,
490 521 539 548 καὶ
552 521 664 556 τυφλῶν
679 521 728 548 καὶ
741 529 834 547 πεπω-

60 567 171 602 ρωμένων
182 567 249 594 -όδὸν
271 566 371 599 ἀθλίως
393 567 530 601 ἑξανύειν.
545 567 713 604 Προείρηται
731 568 759 594 δὲ
773 568 831 601 καὶ,

57 614 87 645 ὡς
110 613 154 648 τῆς
178 612 348 648 Δεσποτικῆς
376 613 425 640 καὶ
457 613 592 649 σωτηρίου
611 613 796 645 ’διδασκαλίας
813 614 830 649 ή

57 659 168 694 ἀστραπὴ
180 659 300 694 τυφλοὺς
328 660 376 686 καὶ
400 659 623 695 πεπωρωμένους
640 658 832 694 ὲστηλίτευσεν

58 706 108 736 τοὺς
130 704 282 737 Ἰουδαίους,
295 705 343 732 καὶ
360 705 410 740 τὴν
424 705 490 741 πρὶν
506 705 619 732 ἐνοῦσαν
636 706 692 737 τοῖς
704 705 832 740 ψυχικοῖς

58 751 130 778 αὐτῶν
142 751 245 787 ὄμμασι
258 751 351 787 λήμην
368 750 424 788 (ΞΟ)
442 753 490 778 καὶ
507 751 640 786 ἀϐλεψίαν
659 751 830 786 ἐμφανεστέ-

58 808 97 834 ραν
108 799 134 825 δὲ
152 799 198 825 καὶ
225 797 380 833 κατάδηλον
396 797 510 834 εποίησε
526 798 637 832 μᾶλλον.
657 798 763 832 Ὠσπερ
778 798 831 832 γὰρ

57 845 192 880 Micon-rb;
203 842 282 877 οὗτος
307 845 356 871 καὶ
380 843 548 879 περικαλλὴς
554 843 630 880 ἥλιος
643 843 774 879 λαμπρὰς
783 843 830 870 τοῦ

56 891 131 917 δίσκου
141 890 188 922 τὰς
214 890 330 921 ἀκτῖνας
343 889 467 924 ὲναφιεὶς
483 889 590 923 ἐλέγχει
605 889 669 921 τοὺς
685 889 831 921 νοσοῦντας

56 936 82 962 τὰ
93 935 194 970 ὄμματα
206 943 214 949 ”
231 933 306 961 οὕτω
321 934 369 961 καὶ
380 935 394 960 ὁ
407 933 501 970 νοητὸς
513 934 598 969 ἥλιος,
613 934 644 959 τὸ
661 932 718 968 φῶς
728 933 758 959 τὸ
767 933 831 960 ἄδυ-

56 990 91 1007 ιον
101 981 143 1007 καὶ
157 981 318 1017 ἀνέσπερον,
333 980 462 1015 Χριστὸς.
473 981 487 1007 ὀ
502 980 568 1012 Θεὸς
587 980 677 1015 ἡμῶν,
691 980 828 1016 ἐπιδημή-

57 1035 96 1058 σας
108 1026 143 1061 τῷ
154 1026 260 1061 κόσμῳ,
280 1026 328 1053 καὶ
341 1026 385 1053 διὰ
399 1026 454 1053 τῶν
471 1026 631 1062 θεοπρεπῶν
649 1035 679 1052 τε
696 1026 743 1052 καὶ
758 1026 829 1062 ὑπὲρ

57 1072 120 1105 λόγον
133 1072 281 1107 θαυμάτων
293 1071 468 1107 ὲναστράψας
484 1071 566 1099 αὑτοῦ
582 1072 629 1107 τῆς
638 1071 766 1108 θεότητος
780 1071 829 1107 τὴν

57 1118 144 1153 αῐγλην,
167 1118 213 1144 ἐπὶ
239 1117 323 1145 πλέον
334 1118 476 1153 διήλεγξεν
502 1117 557 1144 τῶν
573 1118 740 1153 ἀγνωμόνων
761 1118 828 1144 Ἰου-

57 1164 122 1191 δαίων
131 1164 160 1191 τὸ
171 1164 364 1200 προκατασχὸν
389 1164 480 1191 αὐτῶν
502 1163 538 1190 τὰ
551 1163 602 1199 τῆς
615 1164 705 1200 ψυχῆς
718 1164 830 1199 ὄμματα

58 1210 134 1242 σκότος
155 1210 200 1237 καὶ
221 1210 275 1247 τὴν
297 1209 440 1245 ἀϐλεψίαν.
457 1209 529 1236 Ἀλλ’
544 1209 640 1246 ὤσπερ
651 1210 666 1236 ό
682 1209 830 1244 ὲγκὸσμιος

55 1256 115 1291 ἥλιος
127 1256 174 1283 οὐκ
190 1255 266 1283 ἐστιν
281 1257 369 1287 αἴτιος
384 1256 436 1290 τῆς
454 1255 631 1292 τυφλότητος,
649 1255 769 1290 ἐλέγχων
780 1255 830 1290 τὴν

55 1301 168 1336 ἀελεψίαν
193 1302 248 1329 τῶν
277 1302 446 1337 ἐνεχομένων
473 1303 507 1338 τῇ
529 1302 619 1338 νόσῳ·
646 1301 716 1329 οὓτω
745 1301 794 1329 καὶ
815 1301 830 1328 δ

56 1348 222 1384 ὑπερκόσμιος
238 1348 290 1376 καὶ
305 1349 401 1384 νοητὸς
411 1349 498 1383 ἥλιος,
514 1347 544 1376 τὸ
557 1347 770 1383 ἀπαράλλακτον
783 1347 831 1374 καὶ

55 1396 162 1430 ἀληθινὸν
175 1395 348 1430 ἀπαύγασμα
359 1395 407 1422 τοῦ
423 1395 542 1430 Πατρὸς,
556 1394 607 1430 τὴν
623 1393 831 1429 προκατασχοῦ-

56 1449 96 1467 σαν
105 1441 234 1475 τύφλωσιν
249 1441 306 1468 τῶν
319 1440 479 1468 ἑαλωκότων
493 1440 534 1476 τῷ
553 1440 636 1468 πάθει
653 1439 830 1475 στηλιτεύων,

55 1486 167 1521 οὐμενοῦν
180 1486 230 1513 οὐκ
242 1486 280 1514 ἂν
293 1486 379 1518 αῐτιος
393 1485 548 1521 νομισθείη,
562 1486 587 1512 εί
601 1485 649 1512 καὶ
659 1484 830 1520 τετυφλωκέ-

55 1541 90 1559 ναι
99 1532 188 1567 λέγοιτ’
205 1534 250 1566 ἂν,
262 1532 331 1559 διότι
347 1532 416 1567 μηδὲ
433 1532 499 1567 πρὶν
513 1531 699 1558 λανθάνουσαν
714 1531 764 1566 τὴν
775 1531 830 1566 πή-

57 1585 125 1615 ρωσιν
140 1577 227 1604 αὐτῶν
238 1577 272 1604 τὸ
293 1576 487 1611 ὲσκοτισμένον
507 1576 562 1604 τῶν
576 1576 714 1611 λογισμῶν
730 1576 831 1611 μᾶλλον

56 1622 246 1658 ὲῦριάμϐευσεν.
273 1623 306 1650 El
333 1622 387 1659 γὰρ
404 1622 442 1658 μὴ
460 1621 579 1658 τοσαύτη
594 1621 641 1649 τοῦ
658 1622 731 1649 θείου
742 1621 831 1656 φωτὸς
843 1636 866 1665 c

55 1669 221 1704 ἑνήστραπτεν
244 1669 264 1704 ἡ
282 1668 454 1703 λαμπρότης,
473 1667 543 1694 ὥστε
564 1666 612 1694 καὶ
627 1667 681 1694 τῶν
695 1668 724 1693 ἐν
741 1666 830 1693 σκότει

56 1715 92 1740 καὶ
102 1715 158 1750 σκιᾷ
174 1714 341 1749 καθημένων
357 1713 442 1740 ὲθνῶν
467 1713 690 1748 καταυγασθῆναι
704 1712 754 1744 τὰς
774 1712 831 1739 δια-

56 1760 125 1792 νοίας,
142 1761 186 1787 καὶ
200 1760 272 1796 πρὸς
294 1759 345 1795 τὴν
371 1758 539 1793 θεογνωσίαν
556 1758 718 1794 ἀναϐλέψαι,
733 1758 783 1785 οὐκ
798 1758 831 1785 ἂν

55 1806 214 1833 ὲπὶτοσοῦτον
229 1805 334 1840 τυφλὸν
363 1805 395 1832 τὸ
427 1805 564 1832 Ἰουδαίων
591 1804 729 1832 ἐδείκνυτο
747 1804 831 1838 γένοςί

60 1850 142 1887 Ἀλλή
159 1851 203 1879 διὰ
228 1851 287 1878 τῶν
314 1849 404 1886 ἔργων
417 1849 555 1886 προϊοῦσα
571 1850 621 1885 τῆς
631 1849 728 1886 αἴγλης
744 1849 830 1886 ὑπερ⁸

55 1896 116 1933 ϐολὴ,
130 1898 173 1924 καὶ
187 1898 234 1932 τῆς
248 1896 422 1932 φωτιστικῆς
450 1896 594 1931 δυνάμεως
613 1897 629 1931 ή
647 1895 773 1931 ἐνέργεια
784 1895 831 1922 καὶ

55 1943 98 1969 τῶν
109 1944 188 1971 ἐθνῶν
203 1945 220 1980 ή
231 1942 394 1978 ἀνάϐλεψις,
411 1942 522 1978 ἐλεγχος
546 1941 636 1977 σαφὴς
647 1941 765 1977 κατέστη
775 1940 832 1968 τῶν

56 1990 86 2024 μὴ
105 1991 330 2026 προσδραμόντων
356 1990 396 2025 τῷ
421 1989 493 2024 φωτὶ
520 1989 570 2025 τῆς
600 1988 730 2023 ἀληθείας
745 2009 753 2019 .
783 1987 831 2015 καὶ

56 2037 283 2071 ωτιυγασθέντων
296 2037 346 2073 τὴν
359 2035 511 2068 εὐσέϐειαν,
523 2035 618 2071 ὅτιπερ
629 2034 752 2062 ἑκούσιον
767 2035 831 2062 ἑαυ-

55 2082 100 2114 τοῖς
120 2083 326 2111 κατεσκεύασαν
356 2082 406 2118 τὴν
426 2081 573 2117 τύφλωσιν,
587 2082 636 2108 καὶ
653 2081 703 2113 τῆς
725 2088 831 2115 παγκο-

57 2128 121 2160 σμῐου
135 2130 272 2166 σωτηρίας
287 2129 400 2161 tau-reb;
414 2129 445 2162 ἐξ
460 2127 683 2166 ὑπερϐαλλούσης
699 2127 831 2158 ἀπονοίας

56 2173 228 2212 ἀπεστέρησαν

308 2361 479 2390 ΕΡΩΤΗΣΙΣ
493 2361 552 2388 ΟΖ¹.

59 2452 114 2485 Περὶ
126 2452 232 2486 γένους
247 2453 296 2480 καὶ
307 2453 409 2486 εἴδους
429 2453 550 2487 ἀπορίαι
569 2452 716 2487 διάφοροι,
729 2451 765 2478 ὲν
780 2448 829 2484 αἶς

174 2489 262 2515 ἐστιν
279 2488 380 2523 εὑρεῖν
396 2488 451 2522 τὰς
462 2489 568 2521 λύσεις
581 2487 691 2516 αὐτῶν.

518 146 568 177 AD
587 147 886 179 AMPHILOCHIUM
907 146 1081 183 QUESTIO
1101 147 1246 180 LXXVII.

842 2365 870 2396 D

1625 151 1680 185 ιτε

883 200 1026 228 didissima
1039 202 1144 229 versari
1161 203 1299 230 nolebant.
1319 201 1468 239 Propterea
1489 205 1609 234 tenebrae
1631 214 1680 236 eos

888 246 1084 274 convenienter
1096 247 1283 282 excipiebant,
1301 253 1433 285 tanquam
1450 258 1559 285 poenam
1575 253 1681 288 impro-

886 290 982 319 bitatis
996 296 1115 327 receptae
1136 297 1291 327 poscentes.
1310 294 1338 321 id
1359 294 1447 330 ipsum
1464 304 1530 324 vero
1552 302 1576 325 et
1595 306 1680 326 oct¢~

884 337 942 363 cari
957 341 985 364 et
999 337 1127 364 obdurari
1150 338 1279 373 appellari
1300 339 1419 368 videtur.
1444 339 1679 373 Quemadmodum

883 390 965 418 porro
977 390 1051 415 eum,
1064 384 1111 417 qui
1124 384 1150 410 in
1169 383 1229 411 lucc
1245 385 1386 411 ambulare
1401 386 1469 418 vult,
1488 387 1514 413 id
1531 395 1679 422 consequi-

884 433 939 461 tur,
957 433 988 455 ut
1011 429 1081 456 sciat
1103 429 1199 462 etiam,
1215 437 1270 464 quo
1288 430 1388 464 vadat;
1405 431 1442 458 ita
1457 431 1491 464 is,
1507 432 1554 467 qui
1573 433 1600 460 in
1618 434 1679 462 lure

883 473 1026 501 ambulare
1042 482 1094 501 non
1112 475 1179 507 vult,
1195 475 1303 503 fructus
1315 476 1376 503 loco
1390 477 1416 504 id
1434 477 1526 511 habet,
1542 483 1570 506 ut
1583 480 1680 507 ambu-

882 518 944 546 lans
958 520 985 546 in
1000 521 1118 548 tenebris
1131 527 1263 553 versetur,
1278 522 1405 558 viamque
1428 523 1514 551 instar
1537 532 1678 553 caecorum

883 570 910 592 et
932 565 1130 593 obduratorum
1147 568 1304 595 emetiatur.
1319 568 1379 596 Jam
1396 573 1460 596 ante
1475 577 1539 597 vero
1555 570 1680 598 admoni-

882 617 940 640 tum
966 617 1019 646 est,
1035 614 1208 648 splendorem
1232 615 1359 642 salutatis
1374 616 1517 649 doctrinae,
1531 624 1547 644 a
1563 616 1680 645 Domino

882 657 1000 691 traditae,
1010 658 1120 686 Judaaos
1134 664 1162 686 ut
1177 667 1266 688 caecos
1281 661 1466 688 etobduratos
1484 665 1604 694 notasse,
1614 661 1681 689 cali-

887 704 1035 740 ginemque
1061 709 1089 732 et
1119 706 1286 738 caecitatem,
1312 714 1374 741 qua:
1401 707 1497 735 oculos
1522 707 1679 735 animorum

882 755 1077 785 occupaverat,
1095 751 1311 779 manifestiorcm
1323 752 1431 780 fecisse.
1441 753 1678 786 Quemadmodum

881 796 954 823 enim
972 796 1023 828 sol,
1041 796 1088 831 qui
1112 797 1292 832 conspicitur,
1316 798 1516 831 lucidissimus,
1546 798 1678 826 immissis

881 839 956 867 orbis
967 840 1010 866 sui
1029 839 1125 872 radiis,
1139 848 1197 872 eos,
1211 841 1257 875 qui
1270 849 1303 868 ex
1317 842 1405 869 oculis
1416 842 1551 873 laborant.
1566 843 1679 878 {egritu-

882 886 956 914 dinis
973 894 1030 914 sua:
1042 887 1197 920 convincit;
1225 888 1262 915 ita
1286 893 1314 916 et
1335 889 1387 921 sol,
1412 889 1552 916 intellectu
1572 890 1679 924 perspi-

881 932 1007 966 ciendus,
1021 933 1065 960 lux
1078 933 1122 960 illa
1133 941 1274 969 nunquam
1286 935 1413 962 occidens
1422 943 1472 962 nec
1484 942 1678 969 vesperascens

881 978 1029 1012 Christus.
1059 978 1131 1006 Deus
1159 985 1273 1013 noster,
1303 989 1365 1008 eum
1395 981 1422 1008 in
1451 981 1555 1008 mundo
1584 989 1678 1009 versa-

879 1026 983 1058 batur,
1018 1026 1183 1061 deitatisque
1223 1035 1280 1055 suae
1314 1027 1434 1062 radios,
1468 1028 1549 1056 editis
1576 1028 1678 1054 divinis

879 1075 905 1098 et
933 1072 1068 1099 rationem
1108 1074 1304 1108 superantibus
1341 1073 1481 1102 miraculis
1517 1074 1674 1109 spargebat,

880 1117 1008 1145 tenebras
1040 1121 1068 1145 et
1097 1119 1246 1146 caecitatem
1278 1119 1467 1154 improborum
1495 1118 1674 1150 Iudaeorum,

880 1169 942 1197 quae
955 1163 1039 1190 animi
1055 1164 1151 1192 oculos
1163 1169 1226 1192 ante
1237 1169 1449 1199 occupaverant,
1465 1165 1553 1200 magis
1564 1165 1675 1200 conspi-

880 1207 992 1235 ciendas
1009 1208 1134 1243 praebuit.
1152 1208 1229 1236 Sicut
1247 1217 1311 1236 vero
1330 1208 1383 1242 s'ol,
1405 1209 1432 1237 in
1448 1209 1551 1237 mundo
1566 1210 1677 1245 conspi-

881 1259 959 1285 cuus,
976 1260 1030 1280 non
1048 1257 1089 1280 est
1113 1258 1209 1281 auctor
1234 1253 1375 1286 caecitatis,
1397 1254 1508 1289 quando
1524 1254 1674 1281 caecitatem

882 1297 1069 1330 hominum,ex
1083 1299 1170 1326 oculis
1187 1299 1616 1332 laborantium,demonstrat;ita
1628 1307 1678 1326 nec

881 1342 928 1370 Sol
950 1344 1203 1378 supramundanus.
1228 1349 1256 1372 et
1273 1345 1413 1372 intellectu
1437 1349 1544 1372 tantum
1570 1345 1677 1380 perspi-

880 1388 1006 1421 ciendus,
1020 1389 1150 1424 splendor
1163 1389 1253 1417 Patris
1275 1390 1455 1418 immutabilis
1474 1395 1502 1418 et
1517 1398 1610 1423 verus,
1625 1398 1679 1418 cae-

881 1433 1004 1465 citatem.
1016 1442 1077 1469 qua:
1094 1434 1221 1462 homines
1235 1435 1273 1462 illi
1290 1436 1427 1464 obnoxios
1442 1440 1635 1472 occupaverat.
1649 1436 1677 1464 in

881 1480 1004 1517 apricum
1032 1481 1185 1516 proferens,
1209 1481 1330 1516 ejusdem
1357 1487 1456 1509 auctor
1488 1490 1550 1510 cum
1566 1483 1677 1510 ratione

882 1534 1023 1562 nunquam
1036 1527 1188 1554 existimari
1200 1528 1310 1561 poterit.
1325 1527 1433 1555 etiamsi
1451 1535 1538 1555 caecos
1553 1535 1602 1555 eos
1617 1528 1678 1555 red-

856 1578 861 1583 “
881 1571 985 1599 didisse
997 1571 1122 1605 dicatur;
1139 1573 1268 1607 quoniam
1281 1577 1368 1600 aucta:
1387 1573 1542 1601 intellectus
1559 1572 1677 1600 tenebra:

883 1618 1033 1646 caecitatem
1047 1625 1154 1652 eorum,
1169 1627 1231 1654 qua:
1245 1627 1295 1647 nec
1305 1625 1385 1647 antea
1401 1620 1492 1655 ignota
1507 1624 1576 1652 erat,
1590 1620 1678 1655 magis

880 1665 1058 1699 spectandam
1084 1666 1272 1700 praebuerunt.
1298 1664 1357 1693 Nisi
1389 1666 1461 1693 enim
1485 1669 1541 1693 tam
1561 1665 1678 1693 illustris

881 1710 984 1738 divina:
1001 1711 1070 1738 lucis
1086 1711 1217 1746 splendor
1234 1711 1374 1744 eluxisset,
1393 1716 1423 1739 ut
1434 1712 1554 1745 gentium
1568 1719 1678 1747 quoque

881 1757 909 1785 in
929 1757 1050 1785 tenebris
1067 1763 1092 1784 et
1109 1757 1205 1784 umbra
1225 1757 1390 1789 sedentium,
1403 1762 1509 1784 mentes
1534 1758 1678 1784 illumina-

881 1807 989 1834 rentur,
1003 1807 1031 1830 et
1047 1803 1078 1829 ad
1095 1802 1182 1830 divini
1197 1801 1325 1831 Numinis
1347 1803 1533 1838 cognitionem
1570 1803 1676 1838 aspira-

880 1853 952 1880 rent.
971 1848 1061 1883 genlis
1083 1848 1203 1876 Iudaicae
1221 1849 1328 1877 caecitas
1349 1857 1490 1884 nunquam
1511 1849 1579 1877 adeo
1600 1849 1675 1887 facta

881 1891 980 1920 fuisset
1006 1891 1164 1920 manifesta.
1187 1892 1248 1920 Jam
1273 1901 1340 1920 vero
1354 1893 1509 1928 splendoris
1528 1893 1601 1921 illius
1617 1902 1675 1921 rna-

881 1938 1009 1974 gnitudo.
1026 1946 1059 1966 ex
1075 1938 1216 1967 miraculis
1233 1939 1392 1974 conspicua,
1414 1943 1441 1967 et
1455 1939 1594 1967 facultatis
1612 1939 1676 1966 illu-

881 1984 1035 2012 minatricis
1045 1984 1176 2016 efﬁcacia,
1193 1990 1219 2012 et
1230 1985 1352 2019 gentium
1368 1985 1401 2013 ad
1414 1986 1501 2013 lucem
1518 1986 1673 2018 conversio,

881 2034 1072 2066 argumentum
1091 2038 1146 2058 non
1167 2031 1342 2059 inﬁciandum
1355 2032 1523 2067 przebebant,
1540 2039 1598 2065 eos,
1626 2032 1673 2067 qui

881 2076 915 2103 ad
931 2075 1020 2103 lucem
1038 2076 1158 2104 veritatis
1174 2084 1204 2104 se
1219 2085 1273 2104 non
1289 2077 1456 2110 conferrent,
1473 2085 1522 2106 nec
1540 2077 1572 2105 ad
1584 2077 1673 2113 pietu-

881 2127 936 2149 tem
949 2122 1137 2154 erudirentur,
1156 2130 1212 2150 suze
1226 2123 1278 2151 sibi
1294 2124 1425 2151 caecitatis
1443 2129 1570 2151 auctores
1589 2123 1675 2151 exsti-

882 2168 962 2201 tisse,
981 2175 1068 2203 seque
1082 2168 1156 2204 ipsos
1177 2169 1276 2202 salute,
1295 2170 1423 2197 omnibus
1444 2170 1600 2197 bominibus
1624 2169 1674 2196 de-

881 2214 995 2248 stinata,
1008 2222 1058 2250 per
1076 2215 1264 2243 incredibilem
1284 2216 1422 2252 quandam
1440 2217 1594 2244 vecordiam
1616 2216 1673 2251 pri-

881 2267 972 2290 V3538.

978 2358 1142 2392 QUIESTIO
1162 2359 1280 2387 LXXVII
1296 2359 1391 2397 [CoisL
1409 2360 1490 2389 Taur.
1509 2361 1554 2397 οι.

883 2450 922 2478 De
932 2459 1024 2486 genere
1039 2456 1065 2480 et
1080 2452 1165 2490 specie
1179 2451 1268 2490 dubie
1279 2453 1394 2490 diversa,
1412 2453 1439 2479 in
1457 2453 1550 2488 quibus
1567 2461 1673 2490 eorum-

1077 2488 1135 2514 dem
1149 2488 1246 2514 solutio
1259 2488 1368 2515 inveniri
1383 2494 1477 2523 potest.

577 2557 649 2583 Nunc
659 2557 765 2588 primum
778 2556 845 2582 edita
857 2563 871 2582 I
884 2556 915 2582 D.
926 2556 1133 2589 Bergenroather.

89 2613 110 2640 ί.
126 2613 273 2650 Ἐζήτηται
287 2613 336 2649 μὲν
348 2613 416 2648 ἡμῖν
429 2613 559 2645 πολλάκις
571 2614 588 2648 ή
601 2612 665 2648 περὶ
680 2611 827 2647 τῶνγενῶν

57 2665 80 2684 τε
106 2660 150 2687 καὶ
177 2660 257 2688 εἰδῶν
282 2659 422 2692 ὑπόθεσις,
449 2659 497 2687 καὶ
523 2659 659 2695 διάκρισις
676 2659 730 2686 τῶν
747 2659 829 2686 τιάλαι

918 2613 945 2640 Ι.
966 2613 1045 2648 Saepe
1059 2621 1112 2641 nos
1126 2613 1291 2648 agitavimus
1304 2614 1470 2648 qumstioncs
1482 2613 1516 2640 de
1528 2613 1674 2648 generibus

882 2663 909 2686 et
925 2659 1083 2693 speciebus,
1106 2663 1133 2687 et
1147 2659 1275 2695 antiquas
1290 2659 1492 2688 controversias
1507 2659 1671 2693 clarissime,

799 2749 917 2779 NOTAE.

86 2841 137 2879 (19)
150 2845 265 2874 Ἕπεται
276 2859 310 2867 -ι
323 2845 353 2874 ἐν
369 2844 409 2881 τῷ
420 2842 500 2879 φωτί,
514 2848 620 2874 suntex
637 2844 716 2873 Colb.

920 2840 976 2877 (το)
992 2840 1070 2870 Colb.
1083 2846 1156 2870 recte
1172 2849 1221 2878 pro
1236 2841 1336 2877 λύμην.
