1880 3057
209 146 243 178 79
766 144 899 175 PHOTH
919 145 1174 175 PATRIARCH/E
1189 145 1244 175 [ΣΡ.

1769 144 1824 178 480

191 209 220 231 ιιι
238 203 282 235 iis,
296 203 342 237 qui
355 209 403 230 sua
414 202 495 230 dubia
510 207 720 238 proposuerant,
737 207 802 229 tunc
822 202 912 229 visum
927 206 981 235 est,

1064 202 1310 237 ιφισὸητημάτων,
1339 200 1376 232 ὡς
1400 202 1457 233 τοῖς
1483 199 1634 236 τηνικαῦτα
1661 200 1825 235 συζητοῦσιν

191 247 388 283 expedivimus.
406 246 512 274 Etenim
530 247 686 274 Platonicas
704 247 815 282 quidem
840 246 917 273 ideas
934 254 980 281 pe-

192 293 286 321 culiari
304 297 421 319 tractatu
434 292 680 325 consideravimus,
693 293 824 326 quoniam
844 299 894 319 nec
911 299 981 326 prte-

191 337 278 366 dicari
291 337 325 364 de
345 337 493 365 individuis
514 338 566 365 illa!
588 343 703 372 queunt.
721 337 815 373 Neque
836 338 911 364 enim
929 338 983 365 hoc

192 385 218 411 in
235 385 380 419 praesentia
394 384 497 417 dicam,
517 385 588 419 quod
602 385 772 412 constituere
796 385 872 420 prius
889 391 981 412 rerum

192 429 431 463 producendarum
448 428 550 457 formas
566 435 648 465 atque
659 430 854 458 similitudines
865 434 908 458 est
920 429 983 465 qui-

194 475 254 501 dem
269 475 393 506 artiﬁcis,
409 475 456 502 sed
475 475 587 502 minime
613 475 728 503 valentis
749 483 844 503 creare
867 475 985 510 simplici

194 520 371 554 aggressione
387 520 460 555 quod
476 520 557 553 velit;
573 528 625 548 nec
649 522 752 555 pariter
769 521 896 554 referam,
912 521 985 556 quod

194 572 316 599 quatrere
331 565 383 593 hoc
397 565 458 593 loco
478 573 570 593 rerum
587 566 794 594 subsistentium
817 568 985 602 exemplaria

195 610 222 636 in
238 610 376 638 inﬁnitum
392 612 545 638 necessario
559 612 686 646 provehit
702 620 793 641 rerum
810 621 870 648 quae
883 613 986 641 conlin—

200 660 303 689 guntur
329 663 498 690 processum.
517 655 582 683 Illud
607 657 679 684 enim
701 659 814 686 omnino
843 659 984 695 indignum

196 706 238 728 est
252 709 315 728 vera
334 702 367 729 de
380 701 436 729 Deo
454 702 581 736 notione;
597 702 651 730 hoc
666 711 730 730 vero
743 704 824 731 etiam
845 713 892 739 per
906 713 936 732 se
951 705 986 732 il-

197 746 249 774 lico
279 747 395 775 deslruit
416 755 476 782 quae
501 748 640 776 mentibus
665 748 775 777 fuerant
799 750 900 778 etlicta.
927 750 985 778 lmo

194 793 302 820 etiamsi
332 794 394 828 quis
418 794 560 827 concedat,
585 794 755 830 singularum
787 798 985 832 proprietatum

197 837 312 871 formas,
329 843 355 865 et
373 839 435 866 inde
454 841 604 875 singularia
622 841 670 869 sed
694 842 834 870 individua
858 844 985 879 exprimi,

197 884 270 911 nulla
287 888 378 912 tamen
397 893 473 921 atqua
491 888 625 921 permittit
642 888 722 920 ratio,
742 888 799 916 haec
812 889 863 917 sub
877 890 986 918 illorum

197 930 415 964 praedicationem
431 934 575 961 adducere.
600 933 693 969 Neque
716 935 789 962 enim
812 936 985 971 obsignatum

197 975 278 1003 fuerit
301 977 461 1012 obsignans,
490 987 579 1014 neque
606 981 677 1015 quod
702 981 910 1009 similitudinem
939 990 987 1018 per

196 1020 436 1055 participationem
451 1023 557 1059 recipit,
584 1024 654 1052 idem
672 1033 732 1053 esse
752 1030 842 1060 potest
863 1035 926 1054 cum
942 1035 985 1060 eo,

1035 248 1135 281 ἔδοξεν,
1154 248 1230 274 οὐδὲν
1254 248 1355 283 ἄπορον
1383 247 1553 274 ὑπολιποῦσα
1571 246 1740 282 προελήλυθε
1751 253 1760 262 ·
1777 248 1825 274 καὶ

1034 296 1089 332 γὰρ
1105 296 1133 322 αί
1151 295 1200 331 μὲν
1213 295 1283 322 κατὰ
1311 294 1443 322 Πλάτωνα
1460 294 1526 321 ίδέαι
1545 293 1701 329 ἰδιαζούσης
1712 293 1826 320 ἐπισκέ-

1034 341 1108 376 ψεως
1121 341 1227 376 ἔτυχον.
1239 341 1301 367 ἐπεὶ
1324 340 1394 376 μηδὲ
1407 340 1620 376 κατηγορεῖσθαι
1643 338 1699 375 τῶν
1716 338 1827 372 ἀτόμων

1035 385 1116 415 αὗται
1128 387 1274 414 δύνανται·
1288 386 1318 413 οὐ
1332 387 1385 422 γὰρ
1398 386 1477 413 τοῦτο
1494 386 1541 413 νῦν
1555 385 1622 420 ἐρῶ,
1635 384 1673 417 ὡς
1683 385 1715 411 τδ
1723 387 1828 419 προϋφ-

1039 433 1159 460 ιστάνειν
1170 432 1273 464 τύπους
1281 432 1335 459 τῶν
1344 431 1596 467 παραχθησομένων
1605 426 1652 457 καῖ
1667 429 1829 465 ὁμοιώματα

1035 478 1158 514 τεχνίτου
1175 478 1226 514 μέν
1236 478 1322 510 ἐστιν,
1340 476 1518 508 ἀσθενοῦντος
1529 477 1557 503 δὲ
1567 477 1744 512 δημιουργεῖν
1754 476 1828 511 ἁπλῇ

1036 525 1174 560 προσϐολῇ
1190 525 1220 551 τὸ
1236 524 1410 560 βουλόμενον,
1423 523 1480 550 οὗθ’
1504 524 1542 556 ὡς
1557 522 1674 550 ἐνταῦθα
1688 523 1719 549 τὺ
1736 523 1828 557 ζητεῖν

1036 571 1092 598 τῶν
1113 571 1306 607 ὑφισταμένων
1344 570 1554 606 παραδείγματα
1583 569 1628 596 ἐπ’
1655 569 1772 605 ἄπειρον
1799 569 1829 601 ἐξ

1037 617 1161 652 ἀνάγκης
1175 617 1328 649 διαϐιϐάζει
1343 617 1397 644 τῶν
1418 616 1612 652 πλαττομένων
1633 615 1682 652 τὴν
1695 616 1810 651 πρόοδον
1822 624 1828 630 ·

1036 664 1066 691 τὸ
1082 664 1131 699 μὲν
1146 663 1200 699 γὰρ
1215 663 1356 694 παντελῶς
1369 664 1427 690 ἐστι
1440 663 1490 698 τῆς
1505 663 1569 699 περὶ
1583 663 1613 689 τδ
1627 662 1705 688 Θεϊον
1719 662 1830 695 ἀνάξιον

1037 710 1210 746 ὑπολήψεως,
1221 709 1252 736 τὺ
1262 709 1290 736 δὲ
1314 710 1362 736 καὶ
1373 709 1435 735 καθ’
1456 709 1536 735 ἑαυτὸ
1547 708 1602 734 τῶν
1623 709 1681 739 ταῖς
1698 707 1831 738 διανοίαις

1036 756 1264 783 άναπλασθέντων
1295 756 1467 791 συμπροάγει
1490 756 1541 789 τὴν
1573 755 1725 789 ἀναίρεσιν.
1759 754 1831 780 ’Λλὶέ

1037 802 1083 830 οὖν
1094 804 1119 830 εί
1132 803 1179 830 καί
1196 811 1239 834 τις
1261 803 1318 838 δοίη
1344 801 1408 833 τοὺς
1433 801 1535 831 τύπους
1558 801 1677 835 ἑκάστης
1699 800 1832 832 ἰδιότητος

1037 849 1142 876 ἐκεῖθεν
1154 847 1361 884 ἀπομάττεσθαι
1372 847 1407 874 τὰ
1419 847 1587 879 καθέκαστα,
1599 845 1652 872 ὑπὸ
1663 846 1833 881 κατηγορίαν

1038 895 1150 922 ικείνων
1168 895 1246 929 ἄγειν
1256 893 1344 921 ταῦτα
1366 893 1416 929 οὐχ
1439 893 1551 928 εὑρήσει
1563 891 1643 925 λόγον
1671 891 1831 926 συνᾴδοντα.

1038 941 1105 968 Οὐδὲ
1129 941 1184 977 γὰρ
1210 941 1243 968 ἂν
1256 940 1300 976 είη
1318 940 1348 967 τὺ
1365 939 1583 974 ὲσφραγισμὲνον
1599 938 1762 973 σφραγίζον,
1774 937 1834 964 οὐδὲ

1037 987 1076 1023 τῷ
1090 988 1139 1023 τὴν
1152 987 1297 1022 ὁμοιότητα
1319 985 1500 1022 παρεχομένῳ
1527 984 1635 1015 ταυτὸν,
1651 983 1666 1010 ὃ
1680 983 1754 1010 κατὰ
1769 992 1835 1018 μετ-

1037 1033 1104 1069 οχὴν
1119 1033 1221 1067 ταύτην
1241 1031 1420 1066 παρεδέξατο·
1444 1030 1505 1057 οὐδὲ
1531 1031 1566 1057 τὰ
1583 1030 1613 1056 ὲν
1629 1030 1662 1065 τῇ
1675 1028 1724 1056 τοῦ
1753 1028 1835 1055 Θείου

195 1073 210 1092 a
222 1073 277 1100 quo
294 1066 339 1094 illa
356 1067 507 1096 similitudo
529 1069 675 1104 praebetur,
700 1078 751 1098 nec
774 1080 834 1107 qum
854 1072 881 1099 in
899 1077 989 1100 mente

1064 1066 1204 1106 Limus/ui
1232 1077 1337 1112 διανοίᾳ
1366 1076 1411 1102 καὶ
1442 1075 1536 1102 στάσιν
1564 1074 1693 1109 ἀκίνητόν
1725 1082 1758 1100 τε
1788 1074 1836 1100 καὶ

195 1111 286 1138 divina
299 1111 402 1140 fuerint
417 1114 549 1149 impressa
565 1119 592 1141 et
610 1115 778 1144 immobilem
798 1122 880 1152 atque
892 1118 989 1145 incon-

195 1165 317 1191 cussum,
337 1160 360 1186 si
383 1164 474 1187 tamen
495 1161 608 1188 omnino
631 1162 750 1195 exsistit,
766 1167 869 1190 statum
895 1164 990 1192 sortita

195 1205 260 1235 sint,
275 1209 402 1238 poterunt
421 1206 558 1233 ullatenus
569 1207 715 1241 praedicata
733 1208 785 1235 dici
820 1217 910 1236 rerum
926 1217 989 1245 per-

196 1255 278 1284 petuo
309 1250 395 1278 ﬂuxui
419 1259 451 1278 ac
467 1251 588 1279 delluxui
609 1253 802 1281 obnoxiarum.
839 1254 990 1291 Permagna

195 1296 268 1323 enim
280 1301 322 1324 est
342 1297 494 1325 dili'erentia
510 1303 537 1325 et
549 1306 582 1326 ex
600 1299 658 1334 ipsa
678 1300 837 1328 habitudine
853 1302 894 1328 vcl
922 1309 989 1328 con-

197 1342 312 1369 nexioue
323 1348 443 1378 apparet,
457 1352 576 1379 quanam
593 1346 698 1373 ratione
708 1346 873 1382 discrepent.
884 1347 988 1374 Etenim

197 1395 287 1415 causae
302 1390 461 1425 causatique
481 1391 561 1424 ratio,
578 1393 731 1426 pmsertim
750 1393 794 1420 ubi
813 1393 846 1420 de
859 1396 991 1422 creatrice

196 1435 224 1459 et
239 1433 387 1467 exemplari
415 1433 439 1460 vi
457 1434 557 1468 agitur,
577 1435 605 1462 in
624 1435 795 1464 habitudinis
819 1438 990 1466 connexione

196 1477 362 1506 exsistentite
376 1479 561 1507 diversitatem
577 1482 719 1516 perspicue
735 1483 869 1511 ostendit.
884 1482 913 1510 Si
927 1491 990 1511 vero

197 1532 258 1560 qua:
277 1525 418 1553 nominum
441 1527 621 1555 similitudine
637 1537 681 1556 res
695 1528 861 1564 signiticatas
887 1538 990 1559 conne-

197 1575 270 1599 ctere
283 1572 418 1606 videnlur,
439 1581 470 1600 ea
488 1574 545 1609 ipsa
564 1573 678 1608 faciunt,
703 1581 732 1602 nt
749 1576 867 1603 maxima
887 1577 992 1604 discre-

198 1616 289 1651 pantia
306 1621 482 1652 agnoscatur,
499 1626 560 1653 quae
576 1627 626 1647 nec
643 1620 823 1647 connexionis
843 1620 992 1655 pra-ferunt

198 1663 316 1698 speciem
344 1672 394 1692 nec
422 1665 533 1693 unionis
561 1666 646 1693 ullum
688 1667 816 1694 exhibent
848 1667 991 1701 imlicium,

199 1709 335 1742 quomodo
348 1709 405 1737 haec
420 1710 446 1737 in
471 1710 542 1737 idem
557 1711 726 1747 redigantur,
750 1720 812 1740 eum
830 1720 864 1740 ne
876 1713 912 1740 ibi
928 1713 991 1748 qui-

1039 1125 1198 1159 ἁκλόνητον,
1228 1123 1307 1159 εἴπερ
1331 1122 1400 1154 ὅλως
1422 1121 1537 1152 ἔνεστιν,
1566 1119 1754 1155 εὐμοιρηκότα
1781 1119 1835 1145 τῶν

1039 1171 1068 1198 ἐν
1082 1171 1131 1206 ῥοῇ
1144 1178 1174 1196 τε
1187 1169 1235 1196 καὶ
1259 1169 1384 1204 ἀποῤῥοῇ
1409 1167 1554 1198 διαπαντὸς
1572 1166 1731 1201 φερομένων
1753 1165 1836 1191 οὐδα-

1040 1216 1099 1252 μῶς
1115 1217 1148 1243 ἂν
1165 1215 1273 1242 δύναιτο
1290 1214 1404 1250 ῥηθῆναι
1419 1212 1646 1248 κατηγορούμενα
1658 1219 1664 1226 ·
1683 1210 1837 1246 παμπόλλη

1039 1262 1093 1296 γάρ
1109 1262 1126 1296 ὴ
1138 1259 1255 1295 διαφορά
1269 1259 1316 1286 καὶ
1337 1258 1367 1292 ἐξ
1392 1257 1477 1292 αὐτῆς
1500 1257 1527 1283 δὲ
1540 1256 1589 1291 τῆς
1609 1255 1753 1291 σχέσεωςῆ
1773 1263 1837 1281 συν-

1039 1307 1140 1342 αφείας
1150 1306 1212 1333 τινὰ
1225 1306 1326 1342 τρόπον
1343 1304 1460 1340 παρέχει
1483 1304 1513 1330 τὸ
1531 1302 1670 1337 διάφορον,
1686 1301 1838 1336 ἀναφαίνε-

1039 1362 1094 1380 ται.
1112 1352 1167 1379 Καὶ
1182 1352 1237 1387 γὰρ
1251 1352 1265 1377 ὁ
1280 1350 1326 1377 τοῦ
1343 1350 1432 1376 αίτίου
1450 1349 1498 1376 καὶ
1512 1347 1634 1375 αἰτιατοῦ
1647 1347 1735 1382 λόγος,
1753 1347 1838 1382 μάλι-

1041 1399 1092 1426 στά
1119 1407 1150 1433 γε
1181 1397 1252 1425 κατὰ
1270 1397 1300 1424 τὸ
1327 1395 1525 1432 δημιουργικόν
1540 1403 1570 1422 τε
1583 1394 1631 1422 καὶ
1644 1395 1839 1430 παραδειγμα-

1039 1445 1116 1472 τικδν
1146 1443 1250 1480 προῖὼν
1279 1444 1308 1470 ὲν
1322 1444 1356 1478 τῇ
1373 1444 1425 1477 τῆς
1445 1442 1562 1476 σχέσεως
1592 1439 1724 1475 συναφείᾳ
1744 1439 1778 1465 τὸ
1789 1439 1839 1474 τῆς

1041 1489 1184 1524 ὑπάρξεως
1207 1488 1396 1524 παραλλάττον
1410 1487 1544 1523 λαμπρῶς
1559 1486 1752 1513 ἐπιδείκνυσιν.
1772 1486 1805 1512 Εἰ
1817 1486 1839 1512 δ’

1041 1536 1084 1570 ἐφ’
1097 1533 1134 1562 ὧν
1148 1535 1166 1562 ἃ
1191 1535 1338 1561 συνάπτειν
1365 1535 1398 1569 τῇ
1414 1533 1468 1560 τῶν
1486 1532 1626 1567 ὀνομάτων
1647 1531 1794 1566 ὁμοιότητι
1805 1534 1841 1558 τὶ

1041 1581 1194 1617 δηλούμενα
1213 1581 1296 1613 δοκεῖ,
1306 1579 1394 1607 ταῦτα
1409 1579 1511 1614 πολλὴν
1526 1577 1752 1614 ἀνομιλογεῖσθαι
1765 1579 1842 1605 ποιεῖ

1041 1628 1092 1664 τὴν
1106 1628 1257 1659 διάστασιν,
1271 1625 1290 1653 ἃ
1304 1626 1370 1662 μηδὲ
1386 1624 1732 1659 συναφείαςιπροὸάλλεται
1750 1624 1842 1659 ῥῆμα,

1045 1673 1105 1709 μηδ’
1117 1672 1241 1703 ὲνώσεως
1255 1671 1441 1698 ἐνδείκνυσθαι
1456 1671 1606 1705 παρέχεται
1619 1669 1761 1705 ἀφορμὴν,
1779 1670 1843 1701 πῶς

1043 1719 1076 1746 ἂν
1096 1715 1135 1750 είς
1147 1719 1246 1745 ταυτὸν
1279 1717 1451 1752 συνενεχθείη
1484 1717 1521 1752 μὴ
1545 1717 1686 1751 πεφυκότα
1715 1716 1844 1743 συνιέναι

198 1755 260 1781 «lem
279 1755 307 1782 in
319 1763 403 1783 unum
415 1757 488 1784 coire
505 1762 620 1792 queant,
637 1758 681 1785 ubi
696 1760 831 1787 connexio
846 1761 985 1795 propriam

1064 1763 1108 1799 ,ηδ’
1122 1749 1165 1798 ἐφ’
1182 1759 1219 1789 ὧν
1238 1763 1254 1797 ἡ
1268 1749 1400 1797 συνάφεια
1413 1749 1557 1794 διασώζειν
1564 1749 1683 1788 δῦναται
1696 1760 1726 1787 τὺ
1737 1761 1844 1788 οἰκεῖον

199 1807 308 1827 servare
320 1805 409 1835 potest
420 1802 524 1836 absque
540 1802 593 1829 ulla
607 1803 808 1831 adulteratione
817 1805 990 1839 dignitatem?

199 1844 311 1873 Talibus
332 1847 590 1876 ratiocinationibus
607 1849 752 1877 Platonica
769 1850 836 1877 idea:
857 1851 990 1879 discutie—

200 1892 310 1926 hantur,
340 1894 432 1921 multis
460 1895 542 1922 etiam
569 1899 596 1922 ct
619 1895 815 1924 vetustioribus
839 1897 991 1926 rationibus

200 1939 299 1974 (libris)
312 1945 404 1967 nostro
416 1941 526 1968 conatui
540 1941 764 1976 suifragantibus.

234 1985 261 2011 2.
280 1984 346 2017 Qua:
359 1993 422 2012 vero
438 1991 535 2020 pnuter
549 1986 712 2021 lPlatonieas
735 1988 810 2016 ideas
833 1993 993 2018 astruuntur

201 2038 300 2072 genera
313 2036 340 2057 et
355 2031 472 2065 species,
489 2033 597 2060 tametsi
612 2038 701 2061 ortum
715 2041 748 2062 ex
760 2034 867 2062 diversa
882 2040 993 2063 set-ten~

203 2076 238 2101 tia
249 2079 276 2101 et
288 2083 319 2101 ex
330 2076 439 2104 diverso
452 2078 594 2112 proposito
612 2074 759 2106 habuerint
775 2081 990 2116 prodierintque,

201 2122 309 2149 variant
323 2127 413 2151 tamen
430 2124 509 2152 insui
526 2125 741 2160 constitutione;
765 2131 793 2154 et
813 2126 858 2153 illa
881 2127 991 2162 quidem

201 2177 279 2204 super
293 2169 393 2203 multis,
411 2170 469 2198 haec
483 2170 611 2207 (species)
630 2180 694 2200 vero
711 2173 739 2199 in
755 2173 845 2200 multis
862 2178 993 2208 priestan-

201 2215 286 2243 tiores
311 2216 465 2252 philosophi
503 2218 639 2252 appellare
668 2219 839 2252 gestierunt;
871 2223 992 2246 attamen

202 2262 292 2297 quoad
324 2263 524 2298 praedicationis
553 2271 632 2290 usum
661 2263 804 2298 paululum
838 2264 991 2291 diﬂerunt:

202 2308 338 2336 snﬂ‘ecerit
362 2317 426 2344 ergo
453 2309 593 2344 utriusque
617 2309 712 2336 iisdem
740 2309 891 2337 rationibus
921 2309 991 2336 facta

202 2354 360 2389 disquisitio
373 2360 400 2382 et
414 2355 585 2390 dijudicatio.
602 2355 634 2382 Et
649 2355 682 2382 ad
700 2355 875 2390 incorporeas
904 2356 992 2383 subsi-

203 2401 318 2428 stentias
329 2401 401 2435 quod
419 2405 534 2435 spectat,
550 2401 583 2428 de
605 2409 659 2437 quo
672 2407 833 2436 argumento
851 2409 901 2428 nec
917 2407 995 2430 vetus

203 2448 327 2475 exstabat
343 2447 493 2479 contentio,
522 2447 652 2476 facillime
680 2448 830 2475 admissum
849 2449 910 2480 fuit,
928 2456 996 2483 prae-

203 2493 294 2520 dicata
309 2493 345 2520 de
355 2493 409 2520 illis
423 2501 521 2528 genera
535 2498 562 2520 et
576 2495 680 2528 species
691 2494 856 2529 participare
869 2495 997 2529 incorpo-

204 2546 278 2566 ream
301 2544 445 2572 naturam;
462 2546 559 2574 magna
578 2547 644 2567 vero
659 2540 693 2567 lis
708 2540 813 2567 exstitit
835 2540 906 2568 circa
926 2540 996 2568 trine

204 2585 404 2612 mensurabiles
428 2586 632 2618 subsistentias,
655 2593 715 2620 quae
737 2593 852 2620 corpora
881 2590 946 2613 sunt
970 2591 997 2614 et

205 2630 391 2665 appellantur;
412 2637 504 2658 utrum
532 2631 658 2658 videlicet
683 2635 808 2666 oporteat
835 2631 994 2659 eorumdem

206 2685 305 2711 genera
320 2681 346 2704 et
360 2678 464 2712 species
477 2685 575 2705 vocare
596 2685 721 2713 corpora,
747 2686 779 2704 an
796 2685 860 2705 νει-ο
880 2678 935 2704 lucc
953 2684 997 2705 ιη-

205 2727 268 2758 pote
285 2723 412 2751 sensibus
427 2725 569 2759 superiora
591 2725 662 2752 inter
685 2725 844 2759 incorporea
862 2724 993 2759 recipere.

206 2767 306 2796 ‘v'erum
333 2774 398 2796 tunc
422 2770 456 2797 de
477 2770 519 2797 his
539 2774 667 2798 accurate
691 2778 706 2797 a
723 2770 801 2797 nobis
824 2770 995 2804 disputatum

205 2813 265 2846 fuit,
291 2822 340 2841 nec
367 2815 541 2843 auditoribus
569 2817 670 2848 visum,
694 2816 814 2844 secunda
842 2823 911 2851 opus
935 2824 995 2844 esse

205 2858 406 2895 disquisitione.
426 2859 560 2893 Quoniam
581 2869 645 2889 vero
665 2869 739 2889 nunc
757 2865 803 2888 tua
830 2860 877 2889 Dei
899 2869 995 2890 amans

1044 1809 1188 1837 ἀνόθευτον
1200 1808 1324 1844 δὶκαιονης
1344 1808 1492 1840 Τοιαύταις
1516 1809 1544 1834 at
1565 1808 1740 1834 Πλατωνικαὶ
1773 1808 1844 1834 ἰδέαι

1046 1854 1196 1890 περινοίαις
1209 1853 1382 1889 ὲξητάζοντο,
1398 1853 1505 1880 πολλῶν
1521 1853 1605 1880 όντων
1627 1854 1673 1880 καὶ
1687 1853 1843 1880 παλαιοτέ-

1048 1910 1102 1936 ρων
1113 1901 1200 1936 λόγων
1210 1901 1458 1936 συνεφαπτομένων
1467 1899 1546 1936 ημῶν
1560 1900 1598 1936 τῷ
1611 1900 1778 1936 βουλήματι.

1081 1990 1108 2017 2.
1126 1989 1167 2016 Τὰ
1178 1989 1206 2015 δὲ
1223 1989 1300 2024 παρὰ
1329 1989 1378 2020 τὰς
1411 1989 1589 2020 Πλατωνικὰς
1613 1988 1683 2020 ἰδέας
1708 1989 1779 2026 γένη
1797 1991 1845 2017 καὶ

1047 2036 1115 2070 εῑδη,
1132 2035 1217 2063 είκα).
1228 2035 1276 2071 τὴν
1307 2035 1414 2069 γένεσιν
1443 2037 1475 2062 ὲκ
1500 2036 1631 2072 διαφόρου
1655 2036 1781 2068 διανοίας
1797 2039 1845 2063 καὶ

1047 2081 1174 2117 ἐπιϐολῆς
1183 2082 1261 2117 ἔσχον
1268 2090 1297 2108 τε
1307 2081 1355 2108 καὶ
1369 2081 1601 2116 προεληλύθεσαν,
1617 2082 1845 2117 παραλλάττουσι

1047 2129 1120 2163 γετῇ
1139 2128 1269 2154 συστάσει
1280 2135 1288 2144 ο
1317 2127 1364 2154 καὶ
1387 2127 1422 2154 τά
1448 2128 1498 2163 μὲν
1513 2128 1563 2154 ἐπὶ
1577 2128 1638 2161 τοῖς
1650 2129 1793 2162 πολλοῖς,
1810 2131 1845 2154 τά

1046 2173 1075 2200 δὲ
1093 2173 1128 2199 ἐν
1148 2172 1210 2206 τοῖς
1239 2172 1367 2205 πολλοῖς
1386 2173 1412 2198 οί
1431 2173 1607 2208 χαριέστερον
1630 2173 1844 2207 φιὶ.οσοφοίντε;

1047 2218 1141 2245 καλεῖν
1159 2217 1387 2252 ὲφιλοτιμήσαντο
1397 2226 1405 2233 ο
1423 2217 1480 2244 ἀλλ’
1494 2215 1540 2243 οὖν
1550 2217 1619 2250 πρός
1633 2225 1663 2250 γε
1676 2217 1706 2243 τὸ
1722 2225 1846 2252 κατηγο-

1050 2263 1155 2299 ρεῖσθαι
1169 2263 1218 2299 τὴν
1233 2265 1329 2299 χρείαν
1342 2264 1386 2290 ἐπ’
1414 2263 1504 2297 ὀλίγον
1522 2263 1614 2297 έχουσι
1633 2263 1845 2297 παραλλάττουρ

1048 2319 1098 2337 σαν
1109 2319 1117 2326 ο
1133 2310 1233 2346 ἤρκεσε
1246 2310 1392 2345 τοιγαροῦν
1408 2311 1472 2345 περὶ
1488 2309 1618 2344 ἑκατέρου
1627 2309 1727 2336 τούτων
1741 2310 1759 2343 ή
1772 2310 1845 2343 αὑτὴ

1046 2357 1091 2384 διά
1110 2357 1166 2383 τῶν
1180 2356 1363 2388 ὲξεταστικῶν
1379 2356 1465 2390 λόγων
1489 2356 1605 2390 βάσανός
1622 2364 1651 2390 τε
1671 2355 1718 2382 καὶ
1732 2355 1845 2390 διάκρι-

1011 2393 1032 2420 D
1048 2411 1100 2433 σις.
1114 2403 1169 2430 Καί
1179 2411 1211 2436 γε
1227 2403 1291 2437 περὶ
1303 2402 1352 2437 μὲν
1367 2402 1421 2428 τῶν
1435 2401 1590 2436 ἀσωμάτων
1606 2401 1787 2428 ὑποστάσεων
1804 2402 1846 2427 δτι

1049 2448 1110 2484 μηδ’
1124 2448 1181 2483 ἔρις
1193 2446 1227 2483 ἦν
1239 2448 1353 2481 παλαιὰ,
1362 2448 1469 2481 θᾶττον,
1482 2448 1524 2474 ὅτι
1536 2448 1583 2474 καὶ
1597 2447 1631 2473 τά
1643 2447 1843 2484 κατηγ[ορ]ού-

1049 2504 1118 2530 μενα
1135 2495 1202 2529 γένη
1217 2494 1263 2521 καὶ
1290 2494 1348 2528 εἴδη
1374 2494 1424 2529 τῆς
1436 2494 1581 2529 ἀσωμάτου
1595 2493 1703 2527 φύσεως
1718 2495 1845 2528 μετέχει,

1049 2541 1272 2576 συνεκεχώρητο·
1287 2542 1303 2576 ἡ
1318 2540 1347 2567 δὲ
1361 2540 1445 2575 πολλὴ
1460 2539 1596 2575 προῆλθεν
1613 2539 1766 2574 φιλονεικία
1778 2541 1846 2575 περὶ

1047 2587 1102 2613 τῶν
1119 2586 1202 2622 τριχῆ
1216 2586 1367 2612 Suae-cat1th
1396 2586 1573 2613 ὑποστάσεων
1590 2586 1638 2612 καὶ
1647 2585 1787 2620 σωμάτων
1799 2586 1846 2612 ὁν-

1047 2640 1102 2659 των
1117 2641 1146 2659 τε
1162 2633 1210 2659 καὶ
1223 2632 1409 2667 καλουμένων,
1423 2630 1479 2668 ἆρά
1491 2640 1523 2666 γε
1535 2632 1588 2667 χρὴ
1610 2631 1644 2658 τὰ
1656 2632 1763 2658 τούτων
1775 2633 1846 2666 γένη

1048 2679 1096 2705 καὶ
1120 2678 1177 2713 εἴδη
1199 2677 1314 2713 σώματα
1342 2678 1445 2711 καλεῖν,
1467 2678 1483 2714 ῆ
1502 2678 1539 2709 ὡς
1555 2678 1671 2712 κρείττω
1684 2679 1736 2713 τῆς
1747 2679 1846 2712 αἰσθὴ-

1051 2733 1119 2755 σεως
1128 2724 1215 2751 ταῦτα
1231 2724 1419 2759 καθεστηκότα
1432 2725 1480 2759 τῆς
1500 2724 1557 2750 τῶν
1569 2724 1724 2758 ἀσωμάτων
1737 2723 1846 2759 λήξεως

1050 2769 1152 2796 θετέον.
1173 2768 1254 2796 ’Δλλά
1279 2769 1340 2795 τότε
1364 2769 1401 2804 μὴ
1426 2770 1466 2801 εἰς
1489 2769 1633 2805 άκρίῦειάν
1647 2778 1677 2795 τε
1701 2771 1766 2804 περὶ
1780 2769 1843 2795 τού-

1048 2824 1102 2843 των
1117 2815 1263 2842 διείλεκται
1275 2816 1322 2842 καὶ
1349 2816 1478 2852 δευτέρας
1501 2816 1551 2843 οὐκ
1566 2816 1652 2842 ἐδόκει
1667 2818 1724 2847 τοῖς
1738 2818 1844 2850 ἀκροκ-

1048 2863 1108 2894 ταίς
1120 2861 1224 2889 δεῖσθαι
1240 2862 1424 2898 συζητήσεως.
1444 2862 1520 2889 Ἐπεὶ
1533 2863 1562 2889 δὲ
1576 2862 1623 2889 νῦν
1638 2863 1653 2897 ἡ
1667 2862 1701 2897 σὴ
1715 2861 1845 2896 Osann):
