1880 3057
179 151 235 184 483

181 217 264 241 vom;
287 207 490 244 particulariter
509 206 582 234 enim
605 214 636 234 ea
659 206 809 241 propositio
839 206 969 241 procedit.
986 209 1009 236 Λ

181 255 259 288 Quod
274 254 296 281 si
313 254 338 280 in
352 253 534 281 universalem
547 251 717 287 t-il'ormetur,
734 252 807 280 illico
820 252 973 286 deprehen-

181 301 254 327 ditur
270 300 348 327 falsa.
362 299 506 332 Quomodo
520 299 593 326 enim
603 299 656 326 dici
667 303 768 334 queat:
791 298 882 326 Omnis
896 299 973 325 homo

180 347 219 374 vel
232 355 308 374 omne
324 346 425 373 animal
434 353 542 379 corpus,
570 345 761 380 si‘propositio
776 345 828 373 ista
845 355 851 372 :
872 344 973 371 Nullus

180 394 256 420 ltomo
285 397 310 419 et
335 392 439 419 nullum
458 392 561 419 animal
578 397 616 419 est
643 399 738 426 corpus
768 392 804 419 sit
828 390 975 418 manifeste

182 439 314 466 vera?Ad
332 439 389 465 haec
405 448 411 465 :
427 437 570 471 Quomme
583 445 637 464 non
657 442 736 465 erunt
752 442 896 472 corporea,
913 445 975 473 qua:

181 485 334 519 subjectum
359 491 441 511 suum
466 491 566 519 corpus
584 490 645 511 esse
664 483 805 511 indicant?
831 483 975 516 Quomodo

181 537 247 557 vero
260 537 276 557 a
292 530 416 564 corporis
436 530 619 564 appellatione
634 533 661 556 et
674 528 872 556 constitutione
885 536 976 556 remo-

183 576 336 611 vebuntur?
351 575 419 603 Nam
440 577 474 603 ab
486 575 647 611 incorporea
669 575 779 610 quidem
797 579 896 602 natura
911 579 977 603 sunt

182 623 290 654 dissita,
306 629 320 649 a
337 622 478 656 ecrporeis
491 629 555 649 vero
588 621 801 656 proprietatibus
826 621 974 654 recedunt;

183 667 248 694 etin
269 674 416 702 quatnnam
431 667 595 695 reducantur
609 675 700 694 rerum
717 667 843 699 classem,
859 666 882 694 si
893 667 976 694 etiam

183 722 198 741 a
213 714 375 749 corporibus
389 722 420 741 ea
437 714 500 749 quis
513 713 635 740 eliminet
648 713 659 739 ?
677 713 705 740 Si
719 713 782 748 quis
799 718 890 740 autem
911 712 978 740 velit

183 761 236 788 alia
251 768 360 795 quoque
377 760 420 787 via
445 760 489 787 hic
505 759 693 789 considerare,
710 766 763 786 non
786 759 880 786 minus
896 766 977 793 repe-

184 806 235 833 riet
247 805 352 834 facilem
366 805 557 834 diilicultatum
570 805 744 833 solutionem.
764 804 831 832 Nam
849 805 978 833 Socrates

184 853 293 887 quidem
316 852 398 879 homo
421 851 463 878 vel
487 851 589 878 animal
614 859 662 886 per
677 859 723 884 se,
746 851 828 879 homo
851 859 915 878 vero
935 851 977 878 vel

184 898 287 925 animal
297 903 339 925 est
354 905 516 933 corporeum
540 904 593 924 non
612 905 659 931 per
674 905 720 930 se;
738 905 788 925 nec
801 905 816 924 a
829 904 881 925 suo
901 897 977 932 prin-
994 903 1014 930 Β

185 945 266 979 cipio,
282 951 332 972 nec
349 948 458 976 natura,
483 943 530 970 sed
550 947 645 978 utpote
661 943 861 970 enuntiativum
879 947 907 970 et
928 942 976 970 de-

185 990 345 1017 elarativum
371 988 486 1023 subjecti
507 988 644 1023 corporei,
671 992 700 1016 et
726 988 916 1015 habitudinem
942 988 976 1015 ad

186 1035 252 1062 illud
265 1035 416 1070 explicans.
434 1033 494 1062 Non
513 1038 555 1062 est
580 1034 663 1069 igitur
684 1034 805 1061 validum
831 1042 978 1069 argumen-

186 1086 254 1113 tum,
279 1080 352 1115 quod
370 1079 510 1107 Socratem
528 1087 690 1115 corporeum
708 1080 798 1107 vocari
824 1080 918 1115 exigit.
939 1080 977 1107 Ex

187 1127 421 1162 propositionibus
435 1126 508 1154 enim
521 1126 622 1154 diversi
638 1127 746 1161 generis
758 1132 785 1154 et
797 1127 978 1155 dissimilibus

186 1172 351 1207 contexitur,
369 1177 462 1208 utpote
483 1173 556 1208 quod
580 1180 631 1200 nec
652 1173 705 1201 dua
731 1178 836 1208 queunt
855 1173 977 1208 ejusdem

187 1219 341 1254 argumenti
361 1218 414 1246 dici
430 1222 538 1254 partes;
551 1219 599 1246 sed
615 1226 669 1246 una
695 1218 809 1247 forsitan
833 1219 926 1252 ttnius,
940 1219 980 1246 al-

188 1270 246 1293 tera
260 1265 387 1298 alterius,
403 1273 465 1300 quae
482 1265 584 1301 pariter
595 1266 634 1293 nil
650 1265 750 1293 habent
772 1265 842 1293 inter
859 1273 888 1294 se
902 1273 980 1293 eom-

189 1319 282 1339 mune.
308 1311 374 1339 .Iure
400 1312 484 1347 igitur
510 1320 543 1339 ex
564 1312 699 1347 ejusmodi
729 1312 874 1347 peregrina
903 1319 980 1340 com-

189 1358 315 1393 plexione
331 1363 358 1385 et
373 1358 536 1386 confusione
550 1359 618 1386 nihil
633 1359 762 1386 concludi
778 1359 890 1394 poterit.

207 1416 252 1443 Ἃ.
268 1415 367 1443 Verum
380 1420 407 1443 et
420 1416 485 1442 illud
503 1423 610 1443 mecum
628 1415 785 1449 considera,
807 1415 880 1450 quod
893 1415 983 1443 adhuc

190 1462 319 1490 subtilius
332 1467 374 1490 est
397 1470 479 1497 quam
502 1463 684 1498 propositum.
717 1462 746 1490 Si
764 1462 837 1490 enim
859 1462 982 1490 Socrates

190 1516 222 1536 eo
238 1508 309 1543 quod
329 1508 453 1543 proxime
468 1508 632 1542 praedicatur
656 1512 684 1536 et
704 1508 814 1544 proprie
830 1508 983 1543 subjectum

191 1554 328 1586 enuntiat,
345 1561 399 1580 non
415 1553 574 1581 necessario
587 1561 648 1589 qum
661 1561 711 1582 sua
720 1551 784 1582 sunt
798 1554 985 1583 communicat

194 1601 231 1628 rei
249 1600 420 1636 signiﬁcata,
436 1607 498 1628 cum
527 1605 616 1627 tamen
637 1604 664 1628 ct
691 1600 779 1636 major
802 1600 854 1628 hoc
874 1601 944 1633 loco,
962 1600 985 1628 si
999 1597 1020 1626 C

192 1647 254 1683 quis
270 1647 334 1675 velit
349 1647 536 1683 syllogismum
549 1654 724 1682 componere,
751 1648 838 1682 possit
850 1647 986 1682 quodam-

193 1695 276 1722 modo
305 1695 339 1722 ad
359 1695 540 1723 universalem
569 1694 683 1730 figuram
711 1694 868 1729 procedere.
897 1693 989 1728 Neque

192 1742 265 1770 enim
282 1750 351 1774 rem,
367 1751 449 1777 quam
475 1750 527 1769 vox
553 1741 677 1769 Socrates
691 1740 818 1769 enuntiat
835 1759 844 1772 .
859 1740 987 1767 enuntia-

194 1791 276 1817 tivam
297 1790 338 1816 vel
362 1789 572 1824 signiticativam
587 1788 701 1823 subjecti
735 1786 874 1823 quispiam
909 1793 985 1813 same

194 1836 295 1864 mentis
311 1835 423 1868 dixerit;
443 1835 465 1862 si
495 1842 560 1862 vero
581 1834 643 1866 hoc,
677 1832 815 1868 quomodo
829 1839 883 1859 non
902 1831 988 1858 mttlto

194 1882 282 1918 magis
301 1890 332 1910 ea
350 1889 410 1916 qua!
425 1889 440 1908 c
460 1880 587 1908 mediatis
602 1879 724 1907 Socratis
743 1878 899 1914 praedicatis
924 1885 990 1905 con-

194 1932 347 1962 sequuntur
361 1926 452 1954 omnis
475 1925 546 1953 ratio
567 1925 669 1952 vetabit
687 1924 770 1952 etiam
788 1923 820 1950 ad
847 1922 989 1950 Socratem

195 1981 243 2009 per
262 1981 292 2001 se
303 1972 374 1999 trahi
391 1972 472 2006 eique
487 1969 623 1998 attribui?

232 2083 259 2110 5.
275 2083 376 2110 Divisio
407 2089 482 2115 vero,
509 2089 570 2117 qua:
587 2079 769 2109 substantiam
790 2079 817 2106 in
843 2085 944 2112 corpus
967 2081 995 2105 et

197 2129 392 2163 incorporeum
409 2128 535 2162 partitur,
550 2131 613 2162 apta
623 2124 822 2154 eritsolvendze
837 2122 994 2161 quaestioni,

199 2175 221 2203 si
237 2174 300 2210 quis
327 2174 503 2208 respondeat.
530 2172 692 2200 divisionem
709 2170 784 2197 illam
811 2173 936 2204 spectare
960 2169 995 2196 ad

196 2228 318 2250 extrema
353 2226 380 2249 et
420 2221 515 2248 ultima
551 2218 739 2253 subjectorum
768 2220 795 2243 et
832 2215 886 2242 hoc
916 2219 997 2250 pacto

195 2269 359 2297 divisionem
375 2276 408 2296 ac
419 2267 569 2296 sectionem
587 2263 709 2300 operari.
728 2262 804 2290 Licet
820 2262 895 2289 enim
908 2261 990 2288 etiam

196 2317 280 2345 altius
301 2315 428 2351 progredi
457 2314 583 2341 videatur
599 2311 711 2344 divisio,
728 2314 848 2337 attamen
875 2315 924 2343 per
939 2315 990 2335 cu-

200 2363 303 2390 riosatn
329 2368 421 2389 rerttm
440 2359 603 2387 inferiorum
625 2355 865 2389 investigationem
888 2353 960 2381 ratio
975 2360 990 2380 a

198 2410 326 2438 sensibus
341 2409 374 2435 ad
389 2405 569 2442 iudicandum
587 2403 679 2438 adjuta
695 2407 780 2436 atque
794 2401 858 2428 inde
870 2400 905 2427 ab
915 2399 992 2426 οιοηὶ

197 2464 293 2485 errore
305 2455 380 2482 circa
394 2451 544 2488 singularia
559 2458 590 2479 se
603 2450 738 2482 eximens,
754 2448 850 2482 sicque
875 2445 911 2473 ad
926 2452 994 2473 con-

199 2501 402 2537 templationem
433 2497 632 2535 generaliorem
662 2493 825 2526 ascendens,
859 2497 991 2526 tanquam

199 2557 215 2576 ιι
231 2548 341 2584 specula
357 2545 475 2582 quadam
503 2543 657 2572 consultius
682 2541 837 2574 meliusque
860 2537 993 2566 inferiora

200 2593 341 2630 perspicit,
357 2597 385 2620 et
407 2590 551 2619 divisivam
570 2587 677 2624 profert
705 2585 875 2617 methodum,
901 2589 996 2610 recen-

202 2629 300 2668 tiorem
325 2643 414 2666 tatnen
439 2642 468 2665 et
488 2635 669 2672 posteriorem
690 2632 818 2668 praedicta
847 2630 907 2663 illa,
925 2629 998 2656 sicut

200 2696 272 2720 eam,
289 2693 370 2721 quam
384 2685 479 2712 volunt
490 2682 653 2718 analyticam
671 2680 824 2707 nominare.
842 2677 943 2705 Verum
959 2673 995 2702 ad

202 2735 253 2762 hoc
280 2737 307 2761 et
323 2733 383 2760 alite
407 2731 529 2758 rationes
560 2727 683 2755 adhiberi
713 2727 840 2760 possunt,
863 2721 995 2758 quoniam

202 2782 346 2817 plerosque
361 2779 394 2806 ad
407 2777 535 2805 sublimia
552 2783 608 2803 rem
628 2774 709 2801 istam
730 2776 757 2798 et
773 2768 991 2805 philosophicam

202 2835 347 2856 causarum
371 2825 561 2852 tractationem
592 2821 782 2849 connictantes
805 2820 847 2844 est
872 2820 994 2842 cernere.

200 2875 284 2904 Ilulta
303 2874 388 2907 enim,
402 2879 463 2908 qua:
478 2869 611 2898 rationem
626 2866 726 2894 habent
747 2861 923 2902 profundant,
941 2867 994 2886 tton

1008 2294 1030 2321 D

764 147 892 179 ΡΗΟΤΪΙ
911 147 1163 177 PATRIARCHIE
1183 147 1238 177 (ΣΡ.

1024 214 1068 232 νον
1079 206 1110 232 τὸ
1122 205 1220 240 ψεῦδος
1241 202 1400 239 παρέχεται.
1423 201 1486 234 Πῶς
1498 201 1554 237 γὰρ
1564 201 1597 228 ἂν
1636 201 1728 234 λέγειν
1739 208 1745 215 ·
1755 200 1820 232 Πᾶς

1024 253 1180 286 ἄνθρωπος
1194 252 1213 285 ἢ
1237 250 1300 279 πᾶν
1323 249 1397 280 (dior
1420 249 1601 283 σωματικὸν,
1622 248 1685 282 τῆς,
1714 248 1822 280 οὐδεὶς

1024 299 1180 333 ἅνθρωπος
1195 297 1245 324 καί
1261 296 1354 324 οὐδὲν
1373 295 1447 326 ζῶον
1466 294 1649 329 σωματικὸν,
1665 293 1822 330 διαρρήδην

1025 344 1262 380 ὲπαληθευούσης;
1293 343 1356 369 Ἔτι
1377 342 1406 369 δὲ
1435 341 1495 373 πῶς
1512 341 1563 367 οὐκ
1580 339 1613 366 ἂν
1631 340 1789 374 σωματικὰ,
1802 338 1824 366 ἃ.

1026 392 1105 426 σῶμα
1116 391 1147 417 τδ
1159 389 1340 424 ὑποκείμενον
1354 388 1525 419 ὲκδιδάσκει;
1542 385 1600 417 πῶς
1616 385 1638 411 δ’
1653 385 1686 412 ἂν
1700 386 1751 420 τῆς
1766 393 1824 411 σω-
1847 387 1850 390 ’

1027 438 1145 474 ματικῆς
1175 434 1372 471 ἀλλοτριωθείη
1395 432 1520 468 κλήσεώς
1536 440 1566 458 τε
1580 430 1628 457 καὶ
1643 430 1823 462 συστάσεωςς

1026 485 1082 520 Τῆς
1111 483 1160 517 μὲν
1191 481 1246 517 γὰρ
1262 480 1410 516 ἀσωμάτου
1424 479 1549 514 διέστηκε
1572 477 1693 512 φύσεως,
1710 476 1767 503 τῶν
1793 476 1823 502 δὲ

1027 528 1193 563 σωματικῶν
1218 527 1373 562 ἰδιωμάτων
1400 523 1599 560 ἀνακεχώρηκε
1612 531 1620 539 ο
1640 524 1688 550 καὶ
1703 523 1767 549 τίνα
1789 522 1826 548 ἂν

1027 575 1139 602 ὑπέλθοι
1158 574 1212 600 τῶν
1234 574 1319 600 δντων
1347 572 1459 606 κλῆρον,
1471 571 1496 597 εί
1515 569 1634 603 καὶτῶν
1655 568 1826 603 σωματικῶν

1026 629 1068 653 τις
1084 620 1165 656 ὁρίων
1182 619 1248 646 αὐτὸ
1258 618 1448 653 ὑπερορίσειεν
1461 625 1469 649 ;
1486 616 1518 643 Εἰ
1531 616 1561 644 δέ
1577 615 1609 650 γέ
1620 624 1661 646 τις
1672 614 1763 641 ἐθέλοι
1775 613 1826 639 καὶ

1027 666 1114 698 ἄλλως
1131 666 1303 696 ἐπισκοπεῖν,
1319 664 1370 690 οὐκ
1386 663 1499 689 ἔλαττον
1509 662 1623 698 εὑρήσει
1633 660 1687 687 τῶν
1703 661 1828 693 ἀπορου-

1030 710 1119 749 μένων
1133 711 1165 738 τὸ
1179 710 1349 737 εὐδιάλυτον.
1364 709 1418 736 Καὶ
1436 709 1492 744 γὰρ
1507 709 1521 735 ὁ
1534 707 1585 742 μὲν
1613 706 1765 741 Σωκράτης
1782 705 1829 732 ἄν·

1029 759 1137 793 θρωπος
1152 756 1168 791 ἣ
1182 755 1252 788 ζῶον
1264 753 1326 780 καθ’
1352 753 1434 780 αὑτό·
1450 754 1464 779 ὁ
1478 752 1507 778 δὲ
1519 751 1663 786 ἄνθρωπος
1680 750 1697 785 ἢ
1709 750 1741 776 τὸ
1756 749 1829 781 ζῶον

1030 801 1187 838 σωματικὸν
1205 800 1234 826 οὐ
1257 799 1319 826 καθ’
1335 798 1400 825 αὐτὸ
1423 797 1480 825 οὐδ’
1502 796 1617 828 ἄνωθεν,
1644 795 1704 822 οὐδὲ
1722 794 1826 829 φύσει·

1028 849 1086 876 ἀλλ’
1111 847 1149 878 ὡς
1171 844 1364 879 ὲξαγγελτικδν
1386 844 1435 871 καὶ
1462 842 1612 878 δηλωτικὸν
1637 840 1828 875 ὑποκειμένου

1030 895 1156 930 σώματος
1171 894 1218 921 κα.)⁸
1231 894 1280 928 τὴν
1298 891 1368 927 πρὸς
1379 890 1445 918 αὐτὸ
1455 887 1709 923 περιπτυσσόμενον
1719 885 1829 921 σχέσιν.

1029 940 1134 969 Οὐκοῦν
1157 940 1208 967 οὐκ
1235 939 1293 966 ἐστι
1320 937 1411 971 λόγος,
1428 936 1458 967 ὃς
1475 935 1522 962 τὸν
1541 933 1692 970 Σωκράτην
1712 933 1831 960 ἀπαιτεί

1031 985 1186 1021 σωματικὸν
1197 983 1341 1011 καλεῖσθαι
1351 990 1357 996 ·
1374 982 1407 1008 ὲκ
1423 981 1582 1016 προτάσεων
1591 980 1646 1014 γὰρ
1659 977 1831 1014 ἑτερογενῶν

1031 1032 1080 1058 καὶ
1101 1029 1236 1065 ἀνομοίων
1250 1028 1438 1059 διαπλέκεται,
1455 1026 1494 1058 ὡς
1515 1025 1582 1061 μηδὲ
1597 1024 1645 1052 δύο
1660 1024 1825 1058 δυναμένων

1031 1078 1077 1104 τοῦ
1093 1076 1176 1103 αὑτοῦ
1185 1075 1265 1109 λόγου
1276 1074 1347 1110 μέρη
1354 1072 1492 1107 λέγεσθαι,
1504 1071 1573 1098 ἀλλά
1582 1070 1632 1106 τὴν
1641 1069 1706 1101 ίσως
1719 1069 1764 1095 ἑτέ
1769 1077 1831 1103 ρον,

1033 1124 1148 1159 θατέρου
1161 1122 1190 1149 δὲ
1201 1121 1251 1157 τὴν
1264 1121 1375 1155 ἑτέραν,
1391 1119 1439 1146 καὶ
1454 1118 1556 1145 τούτων
1567 1117 1637 1152 πρδς
1651 1115 1785 1150 ἀλλήλους
1799 1114 1833 1140 τὺ

1032 1169 1213 1204 ἀκοινώνητον
1238 1165 1494 1198 συνδιασωζόντων·
1526 1163 1640 1194 είκότως
1664 1159 1712 1188 οὗν
1726 1161 1760 1190 ὲκ
1777 1160 1834 1194 τῆς

1034 1217 1161 1252 τοιαύτης
1177 1214 1328 1250 ἀλλοφύλου
1344 1213 1448 1248 πλοκῆς
1464 1211 1513 1239 καὶ
1528 1209 1688 1246 συγχύσεως
1700 1208 1779 1235 οὐδὲν
1797 1207 1835 1235 ἂν

1035 1273 1067 1291 συ
1071 1272 1126 1299 μπε
1130 1262 1252 1299 ρανθείη.

1073 1407 1106 1434 δ’.
1126 1406 1209 1433 Ἀλλὰ
1229 1405 1285 1442 γὰρ
1301 1404 1414 1432 κάκεῖνό
1437 1412 1481 1439 μοι
1507 1401 1608 1437 συνόρα
1624 1399 1792 1436 δριμύτερον
1807 1398 1841 1425 ὃν

1037 1452 1084 1480 τοῦ
1096 1452 1278 1488 προκειμένου
1289 1460 1296 1467 ·
1311 1451 1336 1478 εί
1351 1450 1406 1485 γὰρ
1421 1450 1438 1477 ὁ
1451 1447 1613 1484 Σωκράτης
1633 1446 1681 1473 καὶ
1696 1445 1728 1472 τὸ
1749 1453 1841 1480 προσ-

1038 1499 1108 1534 εχῶς
1119 1497 1357 1534 κατηγορούμενον
1370 1496 1418 1523 καὶ
1431 1495 1535 1530 κυρίως
1544 1491 1716 1527 ἀπαγγέλλον
1726 1491 1757 1517 τὸ
1768 1494 1843 1517 ὑπο-

1037 1544 1166 1580 κείμενον
1182 1544 1232 1570 οὐκ
1247 1543 1280 1570 ἂν
1296 1541 1461 1577 ἀπαιτηθείη
1476 1541 1510 1567 τὰ
1523 1539 1606 1567 αὑτοῦ
1621 1536 1789 1574 μεταδοῦναι
1803 1536 1844 1572 τῷ

1038 1589 1210 1627 δηλουμένῳ·
1227 1589 1317 1616 καίτοι
1333 1588 1383 1615 καὶ¹
1397 1588 1449 1622 τῆς
1472 1585 1597 1622 μείζονος
1616 1584 1747 1615 ἐνταῦθα,
1771 1583 1845 1610 συλ-

1037 1637 1193 1672 λογιστικὸν
1205 1635 1232 1662 e!
1245 1643 1287 1667 τις
1302 1633 1390 1661 ὲθέλει
1406 1633 1556 1664 συνθεῖναι,
1571 1629 1726 1665 δυναμένης
1741 1629 1847 1664 ἀμωσ-

1038 1684 1130 1719 γέπως
1145 1684 1185 1714 είς
1201 1682 1232 1708 τὸ
1249 1680 1393 1708 καθολικὸν
1409 1679 1503 1714 σχῆμα
1516 1677 1668 1713 προελθεῖν.
1680 1676 1719 1703 οὐ
1738 1675 1800 1711 γὰρ
1814 1675 1847 1701 τὸ

1039 1731 1168 1766 πρᾶγμα,
1181 1729 1250 1763 ὅπερ
1272 1727 1289 1762 ἠ
1306 1725 1467 1760 Σωκράτου
1480 1723 1575 1759 ἐδήλου
1590 1722 1677 1757 φωνὴ.
1696 1721 1847 1756 ἀπαγγελ-

1040 1776 1115 1803 τικδν
1126 1775 1143 1810 ἢ
1158 1773 1307 1810 δηλωτικὸν
1329 1773 1387 1807 ὲρεῐ
1401 1780 1443 1802 τις
1458 1770 1505 1797 τοῦ
1519 1769 1714 1804 ὑποκειμένου,
1735 1768 1766 1794 οὺ
1771 1776 1847 1803 μεν-

1041 1822 1089 1850 οῦν
1103 1822 1154 1848 οὐκ
1165 1821 1234 1856 ἔχων
1249 1820 1289 1851 είς
1304 1818 1407 1854 βλάϐην
1420 1817 1593 1853 ἀπορρέοντα.
1603 1815 1649 1842 τὸν
1659 1815 1808 1850 λογισμόν·
1822 1816 1847 1841 εἰ

1041 1868 1069 1895 δὲ
1080 1867 1170 1899 τοῦτο,
1186 1865 1245 1897 πῶς
1257 1865 1318 1900 οὐχὶ
1331 1862 1422 1899 πολλῷ
1445 1862 1545 1898 μᾶλλον
1559 1861 1614 1888 τῶν
1626 1861 1670 1887 διὰ
1687 1861 1774 1896 μέσου
1796 1860 1846 1886 τοῦ

1042 1913 1204 1949 Σωκράτους
1226 1909 1473 1945 κατηγορουμένων
1485 1907 1558 1938 ἄπας
1579 1906 1745 1941 ὲκστήσεται
1762 1905 1849 1938 λόγος

1042 1959 1078 1986 τὰ
1088 1959 1209 1993 ἑπόμενα
1221 1956 1258 1993 μὴ
1272 1956 1333 1983 καθ’
1348 1955 1415 1983 αὐτὸ
1428 1954 1476 1981 καὶ
1489 1954 1536 1980 ἐπὶ
1553 1952 1600 1980 τοῦ
1614 1953 1783 1987 Σωκράτους
1800 1952 1848 1978 ἒλ-

1044 1998 1102 2032 κειν
1118 2013 1147 2031 τε
1163 1995 1211 2031 καὶ
1227 2001 1432 2038 μεθαρμόζειν;

1080 2073 1111 2101 ε’.
1130 2073 1163 2100 Ἦ
1177 2072 1205 2099 δὲ
1215 2071 1358 2107 διαίρεσις,
1369 2071 1386 2106 ἡ
1401 2070 1450 2106 τὴν
1460 2069 1554 2097 οὐσίαν
1568 2070 1607 2101 είς
1623 2068 1703 2103 σῶμα
1719 2067 1849 2095 διαστὲλρ

1045 2119 1130 2146 λουσα
1150 2118 1197 2145 καὶ
1216 2116 1374 2153 ἀσώματον,
1391 2116 1442 2142 οὐκ
1462 2115 1496 2143 ἂν
1517 2113 1631 2149 ἐκσταίη
1645 2112 1766 2147 θεωρίας
1783 2114 1850 2140 ἑπι-

1046 2165 1180 2200 λυομένης
1202 2163 1233 2190 τὺ
1256 2162 1377 2198 ζήτημα,
1393 2161 1419 2188 εἰ
1429 2169 1472 2193 τις
1488 2160 1602 2195 ἀποδοίη
1621 2158 1712 2192 λόγον,
1728 2158 1804 2194 πρὸς
1816 2158 1852 2185 τὰ

1047 2211 1149 2246 ἔσχατα
1170 2209 1218 2236 καὶ
1241 2209 1383 2236 τελευταῖα
1410 2207 1465 2233 τῶν
1486 2205 1674 2240 ὑποκειμένων
1697 2203 1852 2239 ἀφορῶσαν

1049 2257 1121 2284 οὕτω
1133 2257 1182 2291 τὴν
1195 2255 1282 2291 τομὴν
1297 2253 1477 2290 ἐργάσασθαι.
1490 2252 1523 2278 Εἰ
1543 2251 1598 2287 γὰρ
1613 2250 1662 2277 καὶ
1678 2249 1789 2277 ἄνωθεν
1806 2250 1853 2275 60-

1045 2305 1088 2330 κεί
1115 2303 1240 2338 προϊέναι
1265 2302 1295 2328 τδ
1318 2301 1369 2335 τῆς
1395 2298 1568 2334 διαιρέσεως,
1590 2296 1648 2323 ἀλλ’
1661 2293 1711 2323 οὖν
1731 2295 1777 2322 διὰ
1797 2296 1850 2330 τῆς

1044 2348 1166 2376 κάτωθεν
1181 2345 1451 2382 πολυπραγμοσύνης
1465 2344 1514 2374 τάς
1528 2350 1559 2369 τε
1577 2342 1720 2376 αἰσθήσεις
1733 2340 1850 2367 ἐπικού-

1045 2405 1108 2431 ρους
1125 2395 1216 2430 φέρων
1230 2394 1280 2428 τῆς
1299 2392 1417 2428 κρίσεως
1437 2392 1451 2418 ό
1466 2389 1596 2425 λογισμὸς
1610 2388 1660 2415 καὶ
1679 2387 1712 2414 τὸ
1725 2387 1795 2423 περὶ
1817 2386 1853 2413 τὰ

1046 2441 1205 2469 καθέκαστα
1226 2438 1347 2469 ἀπλανὲς
1364 2436 1471 2464 ἐκεῖθεν
1489 2434 1738 2471 συναθροισάμενος
1755 2432 1850 2467 ἑαυτῷ

1046 2488 1095 2516 καὶ
1109 2486 1196 2518 οὓτως
1218 2486 1266 2512 ἐπὶ
1289 2485 1338 2520 τὴν
1362 2482 1520 2518 κοινοτέραν
1544 2480 1662 2516 θεωρίαν
1679 2478 1852 2515 ἀναδραμὼν

1043 2535 1138 2570 ὥσπερ
1152 2531 1207 2560 ἀπὸ
1220 2540 1296 2564 τινος
1308 2530 1454 2566 περιωπῆς
1470 2526 1669 2564 ὲμπειρότερόν
1687 2534 1719 2552 τι
1735 2525 1788 2552 καὶ
1805 2534 1853 2551 σο-

1045 2579 1168 2616 φώτερον
1189 2579 1223 2605 τὰ
1239 2577 1389 2611 κατωτέρω
1403 2584 1433 2602 τε
1447 2575 1523 2610 διορᾷ
1547 2573 1595 2600 καὶ
1606 2572 1655 2608 τὴν
1676 2571 1854 2607 διαιρετικὴν

1047 2626 1238 2663 προηνέγκατο
1260 2623 1383 2660 μέθοδον,
1409 2619 1645 2658 μεταγενεστέραν
1661 2618 1712 2654 μὲν
1725 2617 1854 2653 δηλονότι

1047 2673 1098 2709 τῆς
1109 2671 1314 2708 προειρημένης
1337 2669 1431 2700 οὖσαν,
1448 2667 1543 2703 ὥσπερ
1560 2665 1675 2700 ταύτην,
1694 2665 1729 2700 ἦν
1741 2664 1854 2691 ἐθέλου-

1050 2727 1092 2745 σιν
1109 2716 1275 2751 ἀναλυτικὴν
1289 2714 1446 2750 ὀνομάζει-ι.
1464 2712 1546 2739 Ἀλλά
1562 2711 1632 2747 πρὸς
1643 2710 1724 2737 τοῦτο
1742 2710 1794 2745 μὲν
1806 2710 1854 2735 καὶ

1051 2765 1156 2800 ἑτέροις
1171 2763 1204 2791 ἄν
1218 2772 1260 2795 τις
1276 2762 1409 2798 χρήσαιτο
1424 2759 1514 2793 λόγοις
1526 2767 1532 2773 ·
1549 2758 1617 2785 διότι
1638 2756 1686 2784 καὶ
1701 2756 1767 2786 τοὺς
1785 2754 1853 2781 πολ-

1050 2811 1112 2842 λοὺς
1128 2810 1196 2841 ποὺς
1212 2809 1261 2844 τὴν
1283 2806 1454 2843 ὑψηλοτέραν
1475 2804 1579 2838 ταύτην
1596 2803 1645 2830 καὶ
1666 2801 1853 2837 ὲμφιλόσοφον

1048 2855 1213 2889 αἰτιολογίαν
1230 2852 1489 2889 σκαρδαμύττοντας
1503 2849 1578 2877 ἐστιν
1593 2849 1670 2884 ὁρᾷν.
1689 2846 1782 2874 Πολλά
1797 2847 1852 2882 γὰρ
