1880 3057
76 144 121 176 485
488 142 538 171 AD
557 140 853 171 AMPHILOCHIUM
871 139 1044 176 QU/ESTIO
1063 140 1207 170 LXXVII.

1637 138 1690 170 486

74 203 120 228 τῶν
132 200 243 236 ἐχόντων
259 200 337 234 λόγον
349 199 531 235 βαθυνόμενον
539 200 669 234 (25),ταϊς
678 200 734 227 τῶν
741 199 846 235 ἀνθρὼ-

926 198 987 225 dent
1014 198 1101 233 prima
1126 198 1218 226 statim
1253 197 1348 235 [τοοκ
1364 197 1506 224 hominum
1528 196 1644 225 auribus
1658 205 1691 225 ac

74 256 123 274 nm
133 246 285 282 προχείροις
296 246 392 277 ἀκοαῖς
401 247 448 272 καὶ
463 247 633 278 ἐπιπολαίως
648 247 778 278 ὁιανοίαις
792 247 843 274 οὐκ

75 293 147 320 εθέλει
171 291 397 327 συναρμόζεσθαι.
427 293 590 327 πεφυκότων
618 292 663 319 διὰ
690 293 788 328 πείρας
813 302 844 319 τε

74 338 202 372 μεθοδικῆς
228 337 278 364 καὶ
303 337 421 371 κρίσεως
446 337 629 373 σχολαζούσης
652 337 846 370 εἰσοικῐζεσθαι

74 381 222 420 μάλιστα,ἤς
235 383 358 417 ἀπούσης
371 383 422 418 τῆς
433 384 598 417 ἀποδείξεως
608 386 623 411 ὀ
636 384 716 418 λόγος
731 384 846 420 ἀσθενὴς

72 429 131 456 εἶναι
145 431 224 463 δοκεῖ,
243 430 288 457 τὸν
299 429 360 457 νοῦν
371 430 426 456 τῶν
438 430 581 465 ἀκροατῶν
600 431 669 466 πρὸς
681 431 778 458 ἑαυτὸν
797 431 843 466 ἐφι

73 477 232 503 ελχὺσασθαι.

102 523 142 555 ς’.
155 522 221 552 Τοὺς
237 521 267 548 δέ
283 529 315 556 γε
328 521 566 556 διαπορουμένους,
577 522 625 554 ώς,
638 521 665 548 εἲ
681 531 723 554 τις
737 522 794 558 δοίη
813 522 848 549 τὰ

73 568 117 594 τῶν
137 568 268 602 σωμάτων
289 568 356 603 γένη
379 570 427 596 καὶ
448 569 505 603 εἴδη
533 568 658 604 σώματα.
684 569 746 596 τότε
767 569 847 604 τριχῆ

73 615 197 641 summ
211 615 305 647 αὐτοῖς
320 615 491 650 ωμῦήσεται
515 616 562 642 καὶ
586 617 603 650 ἡ
627 617 656 642 ἐν
675 616 750 652 τόπῳ
769 624 849 650 περι-

73 661 152 696 γραφὴ
162 661 207 686 καὶ
222 660 253 687 τὸ
265 662 324 692 ταῖς
337 661 495 696 αἰσθήσεσιν
510 662 651 696 κρίνεσθαι
663 663 709 688 καὶ
722 662 752 688 τὺ
768 662 848 698 σῶμά

75 715 99 740 γε
112 707 150 733 διὰ
162 706 287 741 σώματος
301 707 462 742 Imp-simul
479 707 508 733 εῖ-
523 716 549 734 τι
570 707 634 734 ἀλλο
651 707 772 734 τοιοῦτον
793 709 849 739 τοῖς

75 754 194 789 περιττοῖς
210 754 432 789 πεφιλοτίμηται.
455 755 506 781 οὐκ
528 754 561 781 ἂν
576 755 728 787 ἀπεικότως
741 755 848 790 θαυμά-

75 808 149 834 σαιμι,
172 799 208 831 ὡς
232 801 257 826 οἱ
281 800 315 826 τὰ
334 800 447 827 τοιαῦτα
465 799 611 836 ζητοῦντες
626 801 674 827 καὶ
693 800 849 835 νομίζοντες

75 846 132 880 πρὸς
144 846 190 880 τὴν
198 846 291 872 αὐτῶν
304 847 372 882 ὸρᾷν
386 846 504 881 σπουδὴν
519 846 553 872 τὰ
564 846 777 882 ἐπιχειρήματα,
790 845 849 878 πῶς

903 244 1040 272 mentibus
1064 243 1212 279 quadrare.
1234 252 1296 271 eum
1314 245 1356 271 isti
1383 244 1490 271 soleant
1504 243 1550 271 illa
1576 244 1690 278 potissi-

900 297 975 317 mum
993 290 1102 324 assequi
1120 297 1168 324 per
1193 289 1378 317 methodieam
1397 289 1594 324 experientiam
1611 289 1691 324 quie-

898 341 1008 370 tamque
1023 335 1243 370 iudicationem;
1270 342 1331 370 qua:
1357 335 1402 362 ubi
1421 335 1502 367 desit,
1519 335 1690 363 demonstra-

898 382 981 410 tionis
999 382 1070 409 ratio
1086 382 1195 409 inl‘rrma
1209 382 1316 409 videtur
1341 388 1402 409 esse
1430 381 1464 409 ad
1480 380 1641 409 trahendam
1657 388 1690 408 ac

899 427 1087 462 pelliciendam
1096 426 1253 454 auditorum
1270 429 1400 454 mentem.

933 516 961 543 6.
976 515 1029 549 Qui
1043 523 1108 544 vero
1123 516 1262 548 dubitant.
1279 524 1314 543 ne
1325 515 1406 548 forte,
1420 515 1443 543 si
1457 515 1520 550 quis
1534 516 1580 543 det
1593 523 1691 551 corpo-

898 570 958 589 rum
972 569 1069 597 genera
1081 567 1108 590 et
1121 562 1226 597 species
1236 570 1299 589 esse
1309 570 1437 597 corpora,
1451 570 1494 595 ne,
1508 561 1631 596 inquam,
1647 570 1692 590 se-

898 612 1009 643 quatur,
1025 608 1125 636 trinam
1145 608 1199 636 illis
1211 609 1475 636 mensurabilitatem
1499 608 1648 635 convenire
1664 613 1692 635 et

900 654 927 680 in
947 654 1008 681 loco
1026 653 1218 682 circumscribi
1230 658 1258 681 et
1273 653 1400 682 sensibus
1416 654 1534 688 iudicari
1551 658 1579 681 et
1590 661 1691 688 corpus

900 708 948 734 per
970 707 1072 735 corpus
1100 704 1244 735 penetrare
1266 703 1293 727 et
1311 700 1334 727 si
1356 700 1422 734 quid
1447 699 1522 726 aliud
1553 699 1689 734 ejusmodi

899 747 980 774 otiosi
1011 746 1184 782 indagatores
1208 746 1412 780 excogitatum,
1442 746 1492 774 bos
1519 746 1617 773 merito
1640 754 1692 781 ego

900 793 1030 824 admiror,
1045 792 1197 827 quomodo,
1213 800 1274 820 cum
1289 792 1353 820 talia
1378 796 1541 826 argumenta
1563 796 1692 826 qumrttnt

900 846 988 874 eaque
1005 837 1039 865 ad
1067 846 1148 866 suum
1165 837 1287 872 ipsorum
1317 837 1438 865 studium
1466 841 1591 871 spectare
1617 837 1693 864 arbi-

73 893 114 918 οὐκ
134 891 234 926 ἔφασαν
256 892 311 927 πρὸ
334 891 388 918 τῶν
404 892 491 918 ἀλλων
508 892 648 924 ἀπάντων,
668 891 705 924 ὡς
717 900 724 908 ι
739 901 748 917 ‹
769 892 800 918 Εἰ
815 891 847 918 τὰ

926 888 1020 914 antur,
1039 884 1179 918 quomodo
1194 891 1247 910 non
1272 883 1393 910 dixerint
1414 890 1469 917 pra:
1485 882 1547 910 aliis
1562 883 1690 910 cunctis:

73 939 128 972 γένη
149 939 194 965 καὶ
216 938 252 964 τὰ
275 938 332 973 εἴδη
354 937 469 972 σώματα
483 938 531 965 καὶ
547 938 647 973 ἀτομα,
670 938 778 970 πάντως
802 938 850 964 καὶ

74 984 213 1011 καθέκαστα
229 984 306 1011 ἔσται
318 993 326 1014 ;
344 994 353 1010 ι
370 986 400 1011 0i
412 985 467 1020 γὰρ
478 984 532 1011 τῶν
544 985 654 1019 ἀτόμων
666 984 801 1019 σωμάτων
815 983 850 1010 τὰ

75 1031 190 1065 ἰδιώματα
202 1031 260 1067 (τι)
281 1032 320 1067 μὴ
333 1031 544 1067 ἑρυθριάσαντες
560 1032 606 1058 ἐπὶ
619 1031 655 1057 τὰ
673 1031 740 1067 γένη
755 1031 802 1058 καὶ
815 1031 850 1058 τὰ

75 1076 120 1111 εἴδη
137 1077 236 1103 τούτων
251 1076 440 1109 ἀναϐιϐάζειν,
460 1077 518 1108 πῶς
533 1076 730 1112 ηὐλαϐήθησαν
747 1077 784 1112 μὴ
801 1077 850 1104 καὶ

74 1123 110 1148 τὸν
134 1123 300 1150 καθέκαστον
323 1123 370 1150 καὶ
394 1123 495 1158 ἄτομον
515 1123 575 1158 ἤτοι
599 1123 645 1150 τὸν
658 1123 807 1159 Σωκράτην
831 1123 847 1159 ἢ

75 1169 187 1195 Πλάτωνα
207 1171 269 1196 κατ’
290 1169 381 1196 αὐτῶν
406 1171 586 1203 συναγαγεῑνς
607 1169 699 1201 Ἀπαξ
715 1168 770 1204 γὰρ
783 1170 848 1195 ἀνα-

75 1215 221 1249 στρέψαντες
246 1216 298 1251 τὴν
316 1215 393 1248 τάξιν
410 1216 463 1243 τῶν
477 1215 733 1251 κατηγορουμένων,
751 1215 798 1241 καὶ
815 1214 849 1241 τὰ

75 1259 118 1286 ἴδια
130 1260 179 1287 τῶν
190 1261 314 1295 ἐσχάτων
329 1260 519 1295 ὑποκειμένων
534 1260 606 1286 κατὰ
617 1259 672 1286 τῶν
684 1267 849 1294 κατηγορου-

75 1305 148 1338 μένων
161 1307 245 1340 γενῶν
269 1306 319 1333 καὶ
336 1306 415 1333 εἰδῶν
438 1306 605 1338 ἀξιώσαντες
623 1305 847 1341 κατηγορεῖσθαι,

74 1352 157 1378 δίκαιοι
170 1353 336 1387 τυγχάνουσι
350 1353 429 1386 λόγον
441 1353 563 1388 ὑπέχειν,
577 1353 619 1379 ὅτι
630 1353 667 1387 μὴ
682 1353 729 1379 καὶ
744 1351 810 1379 αὐτὸ
818 1351 850 1378 τδ

74 1396 224 1424 καθέλιαστον
244 1398 294 1424 καὶ
309 1397 411 1432 ἀτομον
430 1397 612 1432 ἐπεχείρησαν
626 1397 681 1423 τῶν
695 1396 782 1430 γενῶν
802 1396 850 1423 καὶ

74 1442 119 1468 τῶν
131 1443 203 1469 εἰδῶν
216 1444 384 1478 κατηγορεῖν
401 1443 449 1470 καὶ
463 1444 504 1469 ἔτι
523 1443 560 1478 μὴ
574 1443 618 1470 διὰ
629 1442 731 1477 ταύτης
749 1442 849 1478 μᾶλλον

75 1486 114 1520 τῆς
127 1487 234 1518 ἀτοπίας
244 1488 375 1522 ἐνόμισαν
387 1486 541 1522 ἐξελέγχειν
553 1487 616 1519 τοὺς
627 1488 660 1514 τὰ
673 1488 740 1522 γένη
753 1487 802 1514 καὶ
814 1487 850 1513 τὰ

75 1531 122 1567 εἴδη
135 1532 243 1567 σώματα
258 1532 429 1567 τιθεμένους.
445 1533 530 1560 Τοῦτο
545 1534 599 1568 γὰρ
612 1533 702 1560 αὐτῶν
715 1535 849 1568 σύμπασα

75 1577 118 1604 τῶν
131 1578 215 1613 σοξῶν
236 1580 464 1615 ἐπιχειρημάτων
485 1582 501 1616 ἡ
524 1581 633 1607 ἐπίνοια
655 1580 851 1616 πραγματεύε-

75 1631 120 1649 ται.

100 1668 130 1701 ζ’.
147 1671 213 1698 Ἀλλ’
227 1671 321 1699 ἐάσθω
329 1671 416 1699 ταῦτα
427 1667 554 1708 νεανικῆς
568 1672 735 1708 ἐντρεχεῑας,
753 1671 829 1707 οἶμαι
842 1693 849 1706 ,

75 1714 127 1742 ἀπα
152 1718 342 1752 σκιρτήματα·
373 1719 495 1744 νεανικὸν
522 1718 576 1754 γὰρ
600 1719 719 1746 διάττειν
747 1727 776 1745 τε
803 1719 851 1746 καὶ

78 1762 216 1795 σπουδάζειν
227 1763 393 1799 ἀνατρέπειν
405 1763 436 1790 τὸ
447 1764 637 1799 προκείμενον,
651 1762 692 1796 οἷς
704 1765 753 1797 τὰς
763 1765 850 1797 λασὰς

76 1807 149 1834 ἐκεῖνο
167 1809 313 1843 διαφεῦγον
331 1809 509 1845 βεϐαιοτέραν
524 1810 541 1845 ἢ
558 1811 690 1846 πρότερον
704 1811 754 1846 τὴν
770 1811 850 1843 δόξαν

76 1853 199 1886 ἐφέλκεται
219 1856 270 1890 τῆς
295 1855 449 1892 ὑπάρξεως.
464 1855 501 1882 Τὸ
515 1857 570 1891 γὰρ
589 1857 654 1892 πρὶν
677 1857 717 1889 εἱς
734 1856 849 1892 βάσανον

76 1899 208 1934 ἀντιλογίας
227 1901 368 1928 καταστὰν
394 1901 490 1936 ἄδηλον
516 1901 573 1936 ἔχει
592 1902 642 1937 τὴν
668 1902 756 1937 ἰσχὺν,
772 1901 849 1929 οὒπω

76 1945 196 1979 παρόντων
210 1947 342 1982 ἐλέγχων·
354 1946 407 1973 τῶν
417 1947 446 1973 δὲ
458 1946 644 1981 πειραθέντων
650 1947 772 1982 ἐλέγχειν
783 1947 849 1974 αὑτδ

77 1991 247 2027 κραταιὸτερον
263 1992 417 2027 ἐπιὼιχθέν
431 1993 599 2028 προσέλαϐεν
611 1989 702 2028 ἧσπερ
716 1991 772 2028 εἶχε
785 1993 849 2027 πρό-

76 2042 138 2068 τερον
151 2037 225 2072 δόξης
239 2046 269 2064 τε
286 2038 336 2064 καὶ
349 2038 398 2073 τῆς
411 2039 440 2064 ἐν
451 2037 490 2073 τῷ
503 2038 647 2074 ἀληθεύειν
662 2038 752 2074 πολλῷ
768 2039 848 2065 πλέον

77 2083 223 2118 παρρησίας.

102 2131 131 2163 η’.
145 2130 202 2162 Τοῖς
216 2131 244 2157 δέ
258 2130 395 2165 λέγουσιν,
404 2131 453 2157 'Er
467 2129 584 2164 διανοίᾳ
596 2131 654 2165 μὲν
672 2131 707 2158 τὰ
718 2130 784 2165 εἵὸη
799 2131 848 2158 καὶ

76 2174 104 2199 τὰ
124 2176 188 2210 γένη
210 2178 424 2212 λαμϐανόμενα
447 2176 518 2203 τῶν·
531 2177 679 2211 σωμήτων
705 2177 848 2212 ἀσώματα

904 940 913 956 ε
928 930 1006 964 Quod
1018 931 1040 957 si
1058 938 1157 965 genera
1173 934 1201 957 et
1210 930 1316 964 species
1333 934 1398 957 sunt
1411 937 1538 964 corpora,
1551 929 1691 956 individua

900 984 1008 1012 quoque
1020 981 1047 1004 et
1064 976 1212 1012 singularia
1228 976 1342 1004 omnino
1357 980 1448 1003 erunt.
1469 985 1478 1001 ο
1497 976 1549 1009 Qui
1563 976 1638 1003 enim
1649 976 1692 1003 in-

900 1024 1076 1052 dividuorum
1090 1031 1240 1059 corporum
1255 1024 1436 1058 proprietates
1450 1031 1504 1050 non
1521 1023 1691 1050 erubuerunt

900 1070 934 1097 ad
961 1077 1061 1105 genera
1081 1075 1110 1097 et
1135 1070 1243 1105 species
1272 1070 1371 1096 borum
1399 1069 1521 1101 elevare,
1549 1068 1692 1104 quomodo

900 1116 979 1144 veriti
1008 1120 1084 1149 sunt,
1115 1116 1199 1143 etiam
1222 1116 1362 1151 singulare
1393 1119 1475 1150 atque
1505 1114 1690 1147 individuum,

900 1161 1005 1188 srilicet
1023 1161 1163 1189 Socratem
1187 1166 1235 1189 aut
1249 1161 1402 1193 Platonem,
1418 1160 1453 1188 ad
1469 1161 1526 1188 haec
1547 1160 1692 1195 redigeret

899 1206 989 1235 Semel
1000 1208 1073 1235 enim
1089 1208 1284 1235 eum'ordinem
1298 1208 1510 1242 praedicatorum
1528 1206 1692 1234 invenerint

899 1257 927 1280 et
945 1261 1006 1288 qua:
1024 1257 1089 1281 sunt
1107 1258 1294 1281 extremorum
1309 1253 1496 1288 subiectorum
1523 1252 1639 1287 propriae
1655 1251 1689 1278 de

901 1298 1055 1332 praedicatis
1066 1298 1212 1332 generibus
1230 1298 1428 1333 speciebusque
1440 1297 1582 1332 praedicari
1598 1296 1691 1324 volue-

901 1344 968 1376 rint,
982 1349 1110 1371 tenentur
1128 1344 1251 1372 rationes
1267 1344 1391 1376 reddere.
1409 1351 1459 1371 cur
1480 1351 1535 1371 non
1558 1347 1586 1370 et
1600 1343 1690 1378 ipsum

900 1390 1040 1424 singulare
1055 1394 1083 1416 et
1100 1390 1272 1417 individuum
1288 1389 1322 1417 de
1335 1389 1481 1425 generibus
1502 1393 1530 1417 et
1547 1388 1692 1423 speciebus

901 1436 1118 1471 pradicaverint,
1129 1441 1157 1463 et
1171 1443 1221 1464 cur
1235 1443 1290 1463 non
1305 1444 1354 1471 per
1366 1436 1437 1463 hanc
1459 1436 1551 1471 potius
1565 1435 1693 1463 absurdi-

901 1487 983 1510 tatem
996 1482 1159 1510 refellendos
1166 1490 1215 1511 eos
1227 1483 1366 1514 duxerint.
1380 1482 1426 1518 qui
1436 1490 1536 1518 genera
1547 1486 1575 1510 et
1586 1481 1693 1516 species

901 1535 1016 1562 eorpora
1033 1535 1094 1556 esse
1109 1533 1245 1556 statuunt.
1267 1528 1325 1557 Hoc
1339 1529 1415 1556 enim
1431 1529 1561 1556 omnibus
1575 1529 1634 1556 suis
1648 1528 1690 1556 in-

901 1574 1022 1610 geniosis
1033 1574 1203 1609 argumentis
1217 1579 1303 1609 agunt
1314 1579 1342 1603 et
1355 1575 1463 1603 etlieere
1477 1575 1601 1603 student.

937 1672 964 1699 7.
982 1671 1081 1699 Verum
1099 1673 1261 1700 omittantur
1273 1674 1331 1701 haec
1348 1677 1443 1708 utpote
1455 1673 1586 1708 juvenilis
1612 1673 1694 1701 indu-

902 1716 975 1743 strize
998 1716 1135 1751 tripudia;
1153 1717 1278 1752 juvenile
1292 1718 1365 1745 enim
1380 1723 1433 1751 est,
1450 1718 1533 1746 nimis
1545 1718 1627 1745 anxie
1644 1725 1679 1746 co

902 1762 971 1795 nari,
988 1762 1058 1796 quod
1075 1763 1248 1798 proponitur,
1276 1764 1448 1799 argumentis
1472 1769 1606 1797 evertere,
1621 1772 1694 1799 quo-

901 1814 962 1834 rum
976 1814 1060 1835 ansas
1084 1808 1150 1835 illud
1166 1807 1300 1843 ell'ugiens
1324 1809 1469 1837 certiorem
1504 1817 1584 1844 quam
1618 1810 1694 1845 prius

900 1852 1069 1880 exsistentia:
1078 1860 1135 1880 suae
1151 1853 1230 1881 tidem
1243 1855 1371 1882 adstruit.
1387 1855 1464 1892 Quod
1477 1855 1549 1882 en’m
1558 1856 1694 1883 examinis

901 1898 1148 1934 contradictionem
1175 1899 1258 1931 subit,
1277 1900 1411 1928 incertam
1442 1901 1524 1928 habet
1542 1901 1608 1932 vim.
1629 1909 1693 1929 eum

902 1944 1021 1972 nondum
1045 1944 1136 1972 adsint
1157 1952 1338 1979 argumenta:
1363 1947 1409 1974 ubi
1432 1955 1499 1974 vero
1518 1947 1694 1976 adversarios

901 1990 965 2017 illud
984 1989 1109 2018 refellere
1130 1996 1242 2018 conatos
1270 1993 1419 2027 superavit,
1449 1993 1536 2020 multo
1558 1993 1691 2027 majorem

899 2043 982 2070 quam
998 2036 1073 2070 prius
1087 2036 1210 2070 haberet,
1235 2038 1384 2073 acquisivit
1411 2039 1525 2074 gloriam
1550 2040 1694 2075 magisque

899 2087 1022 2116 apertam
1040 2082 1161 2110 veritatis
1173 2083 1416 2112 existimationem.

934 2128 961 2155 8.
980 2128 1018 2155 Ex
1036 2128 1070 2155 iis
1079 2137 1144 2155 vero
1158 2129 1204 2164 qui
1221 2130 1326 2162 dicunt,
1338 2131 1364 2157 in
1374 2136 1458 2158 mente
1472 2132 1577 2167 quidem
1593 2133 1692 2166 species

898 2178 923 2200 et
936 2182 1032 2209 genera
1056 2183 1196 2208 corporum
1217 2181 1327 2210 accepta
1346 2177 1503 2211 incorporea
1520 2182 1638 2212 oportere
1666 2182 1691 2204 et

76 2219 111 2246 δεῖ
124 2222 175 2258 (Ξό)
196 2224 244 2250 καὶ
263 2224 393 2258 νομίζειν
412 2224 460 2250 καὶ
479 2223 644 2258 ὀνομάζειν,
666 2223 790 2251 ἐπειδὰν
812 2223 847 2251 δὲ

928 2220 998 2246 ηδενὶ
1012 2225 1035 2246 et
1054 2220 1189 2247 nominari
1202 2225 1359 2256 ;postquam
1375 2229 1434 2248 vero
1451 2222 1577 2256 subjecti:
1592 2223 1692 2256 [ueriut

77 2267 124 2299 τοῖς
136 2270 340 2304 ὑποκειμένοις
363 2269 549 2304 περιαρθείη,
565 2270 688 2304 σώματα
707 2269 846 2305 προσῆκε

77 2313 128 2339 τότε
141 2315 184 2341 καὶ
199 2316 305 2342 καλεῖν
316 2316 364 2342 καὶ
377 2316 556 2351 λογίζεσθαι,
569 2317 655 2352 ἡδέως
671 2317 704 2343 ἂν
719 2317 846 2353 ἐροίμην,

78 2359 170 2393 vitth
193 2361 222 2387 ἐν
237 2361 278 2397 τῷ
292 2361 455 2388 διανοεῖσθαι
477 2361 610 2396 ἀσώματα
632 2362 760 2394 λαθόντες
776 2363 846 2390 αὐτὰ

77 2401 235 2440 διενοήσαντο,
248 2406 265 2442 ἥ
278 2408 308 2434 ἐν
324 2407 397 2442 αὐτῷ
410 2407 450 2442 τῷ
461 2407 625 2446 διανοεῖσθαι
637 2407 738 2443 ταύτην
755 2409 846 2440 αὐτοῖς

78 2448 216 2486 ἐχαρίσαντο
230 2453 280 2487 τὴν
296 2452 387 2487 φύσιν.
405 2450 442 2479 Εἴ
453 2453 503 2488 μὲν
519 2453 573 2488 γὰρ
594 2452 727 2487 ἀσώματα
748 2453 845 2479 λαϐόν-

78 2501 112 2525 τες
131 2497 200 2523 οὐδὲν
223 2498 410 2533 διανοηθέντες
439 2499 571 2533 ἡμειψαν,
593 2498 623 2525 τὸ
653 2499 703 2534 τῆς
726 2499 844 2534 ἀπορίας

80 2540 142 2568 πάλιν
153 2543 269 2579 διαμένει
281 2544 357 2571 οὐδὲν
369 2542 460 2580 ἦττον,
477 2545 547 2571 ἀλλά
560 2553 590 2579 γε
603 2544 636 2580 δὴ
650 2545 697 2571 καὶ
713 2544 845 2581 θρασύτε-

79 2593 128 2619 ρον·
139 2590 161 2614 εἰ
173 2590 199 2616 δὲ
214 2590 327 2625 σώματα
338 2591 466 2623 λαϐόντες
479 2591 548 2626 πρὸς
563 2591 594 2617 τὺ
614 2591 760 2627 ἀσώματον
779 2600 845 2626 μετ-

77 2631 193 2665 ετάξαντο,
210 2635 290 2669 βαὸαὶ
309 2636 358 2671 μὲν
372 2636 462 2663 αὐτῶν
476 2637 525 2671 τῆς
537 2635 696 2671 θαυμαστῆς
710 2627 782 2672 οὕτω
799 2635 846 2662 καὶ

78 2678 167 2711 ταχείας
187 2680 384 2716 δημιουργίαςί
399 2681 440 2707 Τὰ
460 2681 510 2718 μὲν
528 2682 584 2718 γὰρ
600 2681 756 2717 ἐννοήματα
778 2680 847 2708 καθὸ

902 2270 1003 2300 aptata,
1020 2273 1132 2299 ΙὫΓΡΟΙἮ
1156 2270 1217 2293 “HIC
1233 2271 1258 2293 et
1273 2267 1392 2294 vocanda
1412 2271 1436 2294 et
1460 2267 1593 2294 censenda
1610 2276 1690 2300 θηες

899 2320 932 2339 ex
952 2312 1006 2344 bis,
1022 2312 1146 2347 inquam,
1160 2313 1278 2341 libenter
1299 2314 1467 2348 quaesierim,
1497 2318 1589 2341 utrum
1606 2313 1633 2340 in
1645 2321 1691 2341 eo-

899 2357 1010 2392 gitando
1035 2357 1195 2393 incorporea
1222 2358 1296 2385 nacti
1321 2359 1384 2385 talia
1406 2363 1564 2392 mentesna
1592 2365 1692 2386 conce-

899 2403 997 2438 perint,
1009 2410 1044 2430 an
1056 2403 1083 2430 in
1101 2403 1161 2438 ipso
1184 2403 1332 2438 cogitando
1353 2404 1423 2430 banc
1437 2403 1478 2430 eis
1498 2407 1624 2430 naturam
1637 2403 1690 2430 im-

900 2449 1052 2483 perticrint.
1070 2448 1138 2476 Nam
1154 2449 1178 2476 si
1195 2450 1357 2484 incorporea
1378 2450 1451 2477 nacti
1479 2449 1516 2476 nil
1541 2448 1692 2484 cogitando

899 2496 1091 2529 immutarunt,
1108 2495 1256 2523 dilllrullas
1265 2504 1363 2524 rursus
1378 2501 1522 2531 permanet
1536 2495 1621 2523 nihilo
1639 2495 1691 2522 mi-

900 2551 959 2576 nor,
976 2543 1031 2570 imo
1044 2543 1207 2570 etuvalidior
1221 2551 1227 2575 ;
1245 2542 1267 2569 si
1285 2549 1377 2570 autem
1391 2550 1506 2577 corpora
1520 2542 1594 2569 nacti
1609 2542 1636 2568 in
1650 2541 1692 2568 in-

900 2596 1030 2624 corporea
1046 2593 1277 2622 transverterunt,
1310 2590 1376 2624 proh
1405 2588 1502 2616 miram
1527 2588 1648 2623 ipsorum
1662 2593 1690 2615 et

900 2634 1016 2662 celerem
1032 2635 1144 2662 creandi
1160 2635 1306 2662 virtutem!
1331 2634 1518 2670 Cogitationes
1533 2633 1606 2662 enim
1624 2641 1692 2669 qua-

901 2684 981 2707 tenus
1005 2679 1185 2715 cogitationes
1199 2681 1314 2708 omnino
1336 2680 1505 2716 incorporate
1521 2682 1604 2712 sunt;
1630 2679 1691 2714 quis

820 2767 936 2798 NOT/E.

164 2824 204 2861 Sir.
217 2826 276 2853 Vat.
292 2826 371 2854 Catil‘.
389 2827 577 2861 βαθυνότερον.

105 2856 152 2894 (28)
167 2859 266 2889 I’ltilad.
282 2856 424 2889 ἰδιαίτατα.
437 2856 529 2897 (Catil:
543 2862 631 2894 nuta).

934 2828 990 2864 (25)
1007 2828 1088 2856 Catii.
1102 2828 1203 2864 Apogr.
1220 2827 1264 2863 δή.
