1880 3057
175 155 231 188 48Ἶ

755 147 886 178 ΡΗΟἸἽῙ
905 146 975 176 PAT
980 146 1157 176 RIARCH/E
1172 146 1228 176 ΟΡ.

1756 141 1808 175 εδδ

177 218 268 239 tamen
288 217 335 244 per
355 209 407 236 hoc
429 207 504 242 quod
516 206 632 241 ﬁgitet,
650 212 768 239 corpora
791 204 818 231 in
840 204 960 237 incorpo-

1048 203 1069 237 vi]
1074 210 1146 236 ματα
1161 209 1270 232 παντως
1284 200 1416 236 ἀσώματα
1429 208 1437 216 ’
1448 199 1490 232 τίς
1503 200 1526 227 δ’
1542 199 1576 227 ἂν
1588 199 1619 233 ἐξ
1633 195 1671 230 ὧν
1684 199 1809 234 ,ἐννοήσει

176 265 252 285 reum
268 254 426 283 convertet?
441 253 608 281 Verumvero
626 252 697 279 sicut
709 250 872 285 cogitarunt,
889 249 927 276 ita
937 253 964 275 et

177 302 304 336 subjectis
318 300 503 336 aptaverunt?
518 303 545 326 et
556 297 696 333 quomodo
718 303 772 323 non
786 295 820 322 de
841 294 964 328 corpori-

175 350 226 376 bus
240 350 400 383 incorporea
414 344 589 382 praedicant?
610 343 658 371 Sin
676 346 780 373 autem,
795 345 823 368 ut
834 340 869 368 ab
885 339 963 367 initio

174 397 349 429 acceperant,
365 393 401 420 ita
415 398 511 418 rursus
521 394 549 417 et
557 389 690 424 subjectis
705 390 844 422 aptarunt,
859 384 963 413 frustra

174 441 297 474 ipsorum
311 437 446 465 laboravit
467 443 548 463 mens
563 439 670 462 mutare
691 432 860 461 contendens
890 430 963 466 quod

174 485 273 513 mutari
297 483 402 518 nequit.
429 481 588 515 formasque
617 479 696 507 nobis
734 476 962 512 imaginationum

171 532 312 566 ellingcns.
340 529 393 556 Sed
405 529 487 556 etiam
502 531 530 555 et
549 526 618 562 ipsis
635 526 719 553 rebus
742 525 814 559 ipsa,
829 527 859 550 ut
872 523 962 554 aiunt,

173 580 334 611 coeptantes
351 580 378 601 et
394 577 536 609 propterea
555 570 719 605 corporibus
736 575 790 596 nou
812 567 962 602 privames,

173 628 264 650 utrum
278 621 484 649 considerantes
502 620 555 647 ista
574 617 741 648 attribuunt,
755 622 790 642 an
808 619 914 641 temere
930 620 963 639 ac

173 668 285 695 fortuito
293 666 514 702 conjunctionem
526 664 605 691 istam
615 660 748 689 for-ruant?
759 660 794 687 At
805 665 961 692 utrumque,

172 714 279 749 opinor,
289 712 376 740 errori
390 711 499 743 subest;
514 709 631 737 alterum
644 706 719 734 enim
732 705 849 737 destruit
874 710 962 738 oppo-

173 762 276 792 situm,
297 767 353 794 quo
367 757 551 788 asserebatur,
578 762 627 790 per
651 752 834 788 cogitationes
863 748 962 776 mentis

173 812 288 839 corpora
322 805 348 831 in
371 803 556 831 substantiam
597 800 791 833 incorpoream
827 794 962 826 converti,

173 852 289 879 alterum
299 857 366 878 vero
377 848 553 877 delirantium
566 849 611 873 est
626 849 655 873 et
663 843 820 872 ridiculum.
834 855 866 861 —-

208 940 236 967 9.
257 938 387 972 Quacum
402 937 437 965 sit
450 937 534 971 igitur
553 933 636 966 ratio,
653 940 707 968 qua
728 938 826 959 omnes
840 930 900 958 ista:
914 929 960 956 de-

174 987 309 1014 clinentur
333 992 416 1016 ansae,
431 983 552 1010 diximus
561 981 670 1015 quidem
685 977 841 1013 expressius
860 975 961 1006 acrius-

174 1040 227 1067 que
243 1031 361 1058 fortasse
375 1035 404 1057 et
426 1032 516 1058 antea.
537 1034 614 1054 nune
632 1030 722 1053 tamen
745 1022 848 1051 clarius
862 1021 961 1051 iterum

174 1079 309 1106 dicamus.
326 1076 464 1111 Corporea
486 1073 596 1109 quidem
615 1075 681 1099 sunt
695 1067 794 1105 genera
813 1073 840 1096 et
855 1067 962 1102 species

175 1130 332 1159 corporum,
352 1128 408 1149 non
425 1125 516 1149 tamen
532 1124 669 1153 corpora;
685 1119 714 1142 et
730 1113 876 1146 indicativa
894 1112 961 1140 sub-

172 1158 331 1205 jtctorum,
357 1174 412 1194 non
439 1164 579 1195 indicata,
605 1168 634 1191 et
666 1159 833 1196 explicantia
863 1158 960 1185 borum

173 1215 373 1246 exsistentiam,
395 1221 450 1241 non
464 1217 554 1240 autem
571 1208 785 1241 constituentia;
803 1211 830 1238 et
843 1206 960 1242 partium

174 1264 296 1298 ipsorum
318 1259 577 1289 substantiationcm
591 1255 776 1285 cnuutiantia.
798 1261 852 1281 non
870 1255 961 1282 autem

174 1297 342 1343 praestantia,
357 1309 385 1333 et
405 1303 516 1332 nomina
539 1299 767 1329 convenientibus
787 1297 962 1333 propriisque

173 1342 351 1387 conceptibus
359 1350 549 1385 subjectorum
562 1342 756 1375 subsistentias
767 1342 962 1379 signiﬁcantia,

174 1403 331 1426 nouantem
346 1396 428 1424 rebus
440 1395 498 1429 jam
511 1392 683 1422 exstantibus
699 1390 808 1425 sibique
823 1388 961 1417 subicien-

174 1443 292 1471 tissim'ts
300 1450 331 1470 ea
342 1441 442 1477 quibus
455 1447 510 1468 non
518 1443 602 1474 egent
613 1445 661 1473 per
670 1444 703 1465 se
717 1436 777 1472 ipsa
792 1433 940 1470 praebentia
951 1440 962 1466 ;

173 1490 246 1518 sicut
255 1494 282 1516 et
295 1488 400 1516 bonum
416 1492 443 1514 et
456 1486 568 1520 sapiens
591 1488 618 1512 et
634 1483 741 1519 justum
761 1486 845 1516 atque
865 1480 962 1508 huma<

174 1543 241 1563 num
254 1539 282 1562 et
296 1533 429 1569 ejusmodi
446 1531 669 1568 praedicamenta,
684 1528 795 1557 tametsi
808 1528 861 1555 alia
876 1526 961 1554 aetio-

1018 247 1199 283 μεταποιήσει
1216 246 1273 281 (26)
1293 246 1328 274 τὰ
1352 246 1468 281 σώματα
1494 245 1563 281 πρὸς
1591 245 1622 272 τὸ
1645 245 1807 280 ἀσώματονς

1015 292 1134 328 Πότερον
1150 292 1180 319 δὲ
1201 292 1239 324 ὡς
1257 292 1381 326 ἐνόησαν,
1398 292 1470 318 οὑτω
1484 291 1533 318 καὶ⁹
1547 293 1604 323 τοῖς
1617 291 1811 327 ὑποκειμένοις

1015 337 1187 372 {puduit-.0;
1211 337 1260 364 καὶ
1273 337 1334 370 πῶς
1351 338 1381 364 οὑ
1403 337 1588 373 κατηγοροῦσι
1603 336 1657 366 τῶν
1674 337 1810 371 σωμάτων

1014 383 1050 409 τὰ
1060 382 1213 418 (tempus;
1230 382 1261 409 Et
1273 382 1295 409 δ’
1307 382 1346 415 ὡς
1358 383 1407 411 ἀπ’
1422 383 1510 419 ἀρχῆς
1522 383 1629 416 ἔλαϐον,
1641 383 1716 410 οὕτω
1730 383 1810 410 πάλιν

1016 428 1064 455 καὶ
1080 429 1136 460 τοῖς
1152 428 1344 464 ὑποκειμένοις
1359 428 1526 464 ἡρμόσαντο,
1544 428 1634 464 μάτην
1646 429 1739 461 αὑτοῖς
1750 429 1811 455 ἐκο-

1015 473 1097 501 πίασε
1116 474 1323 509 μεταϐάλλουσα
1344 474 1375 501 τὸ
1397 474 1585 510 ἀμετάῶητον
1602 475 1620 510 ἡ
1632 475 1738 502 διάνοια
1763 474 1811 501 καὶ

1015 519 1172 554 φαντασιῶν
1193 520 1260 554 ἡμῖν
1278 519 1489 546 ἀναπλάττουσιν.
1505 520 1634 554 σχήματα
1645 527 1652 540 θ
1667 520 1736 547 ἀλλὰ
1755 520 1810 555 γὰρ

1015 566 1062 593 καὶ
1088 566 1182 598 αὐτοῖς
1209 567 1266 598 τοῖς
1292 566 1454 601 πράγμασιν
1477 565 1559 599 αὑτὰ,
1578 566 1616 599 ὥς
1641 574 1721 600 φασι,
1745 574 1811 592 συν-

1014 613 1198 649 αρμόττοντες
1213 613 1261 640 καὶ
1280 613 1325 639 διὰ
1338 612 1426 639 ταῦτα
1448 611 1503 638 τῶν
1520 611 1657 646 σωμάτων
1673 612 1724 638 οὐκ
1739 612 1812 638 ἁποα

1015 658 1185 694 στεροῢντες,
1201 660 1316 693 πότερον
1328 658 1484 690 ἐννοοῦντες
1500 657 1587 685 ταῦτα
1599 658 1810 693 περιάπτουσιν,

1013 705 1030 741 ἢ
1049 705 1139 740 μάτην
1161 704 1209 731 καὶ
1232 704 1270 735 ὡς
1285 703 1318 731 ἂν
1333 703 1442 736 ἐπέλθοι
1462 703 1513 737 τὴν
1537 703 1686 737 συνάφειαν
1708 702 1811 738 ταύτην

1015 750 1223 786 σχεδιάζουσινς
1251 749 1321 776 Ἀλλ’
1346 749 1488 785 ἑκάτερον,
1503 746 1592 784 οἶμαι,
1613 748 1764 783 σφαλερόν·
1781 749 1813 775 τδ

1016 795 1065 830 μὲν
1078 793 1132 830 γὰρ
1153 794 1262 829 ἀναιρεί
1279 793 1314 829 fab
1336 793 1535 828 ἀντικείμενον,
1551 793 1566 820 ὃ
1582 793 1627 820 διὰ
1639 793 1690 828 τῆς
1704 794 1812 825 ἐννοίας

1015 841 1108 874 ἔλεγεν
1122 840 1162 872 είς
1176 838 1323 874 ἀσώματον
1334 839 1428 866 οὐσίαν
1441 839 1625 875 μεταπίπτειν
1636 839 1674 866 τὰ
1684 839 1811 875 σώματα,

981 890 1003 917 Β
1016 886 1046 917 τδ
1060 886 1088 913 δὲ
1107 885 1264 921 ληρούντων
1278 885 1327 912 καὶ
1340 885 1471 920 γέλωτος.

1050 931 1089 958 θ’.
1109 931 1158 962 Τίς
1168 929 1237 958 οὓνὸ
1249 931 1326 965 λόγος
1342 931 1356 957 ὁ
1370 929 1473 962 ταύτας
1490 930 1579 962 πάσας
1592 930 1748 965 διαφεύγων
1761 930 1812 962 τὰς

1014 976 1108 1008 λαϐὰς,
1130 977 1239 1011 εἴρηται
1257 976 1306 1011 μὲν
1323 975 1563 1014 ἐμφαντικώτερον
1582 976 1648 1007 [τως
1669 976 1718 1003 καὶ
1740 977 1811 1011 πρό-

1016 1023 1089 1056 σθεν,
1116 1021 1163 1052 xui.
1189 1021 1236 1049 νῦν
1257 1021 1286 1048 δὲ
1318 1021 1481 1057 τρανότερον
1504 1021 1636 1056 λεγέσθω.
1659 1022 1813 1057 Σωματικὰ

1016 1067 1065 1103 μέν
1077 1068 1135 1094 ἐστι
1150 1067 1184 1094 τὰ
1196 1068 1263 1102 γένη
1281 1067 1328 1095 καλ¹
1344 1067 1403 1102 εἴδη
1417 1067 1473 1097 τῶν
1490 1067 1636 1103 σωμάτων,
1649 1068 1679 1094 οὐ
1693 1067 1813 1102 σώματα

1014 1113 1060 1140 δέ’
1080 1113 1128 1140 καὶ
1142 1112 1278 1148 δηλωτικὰ
1303 1112 1358 1139 τῶν
1380 1112 1581 1147 ὑποκειμένων,
1603 1113 1635 1139 οὑ
1656 1113 1816 1148 δηλούμενα

1014 1157 1057 1185 δέ·
1079 1158 1126 1186 καὶ
1143 1158 1353 1187 ἀναπτύσσοντα
1367 1158 1416 1192 τὴν
1430 1158 1547 1195 ὓπαρξιν
1562 1157 1677 1191 τούτων,
1695 1158 1744 1194 οὐχ
1760 1159 1813 1192 ὐφ-

1017 1204 1132 1235 ισ-ιῶντα
1148 1204 1177 1231 δέ
1187 1212 1194 1218 ·
1217 1204 1265 1234 καὶ
1279 1203 1334 1231 τῶν
1349 1204 1377 1230 ἐν
1394 1203 1486 1239 αὺτοῖς
1509 1204 1601 1239 μερῶν
1616 1204 1666 1238 τὴν
1681 1204 1813 1230 obstructas

1015 1249 1230 1284 ἀπαγγέλλοντα,
1248 1249 1280 1276 οὑ
1299 1249 1454 1285 παρέχοντα
1474 1249 1520 1275 δέ·
1537 1249 1586 1276 καὶ
1603 1249 1725 1285 ὀνόματα
1742 1258 1812 1276 κατ-

1015 1295 1140 1331 αλλήλοις
1157 1296 1275 1331 νοήμασι
1288 1295 1337 1322 καὶ
1351 1296 1462 1329 οἰκείοις
1476 1295 1531 1325 τῶν
1547 1295 1736 1332 ὑποκειμένων
1760 1297 1813 1329 τὰς

1015 1341 1177 1374 ὑποστάσεις
1191 1341 1357 1377 σημαίνοντα
1363 1342 1405 1374 ,οὐ
1418 1344 1473 1374 τοῖς
1485 1340 1546 1369 οὖσι
1561 1343 1608 1372 καὶ
1622 1343 1814 1378 αὐταρκεστά-

1014 1394 1071 1419 τοις
1086 1384 1125 1415 ὧν
1142 1387 1181 1423 μὴ
1197 1387 1302 1415 δέονται
1324 1387 1410 1415 ταῦτα
1433 1388 1468 1415 δι’
1484 1389 1588 1416 ἑαυτῶν
1613 1390 1811 1425 παρεχόμενα·

1014 1433 1110 1468 ὥσπερ
1125 1433 1157 1467 δὴ
1172 1433 1219 1459 καὶ
1234 1433 1264 1460 τὸ
1279 1433 1384 1468 ἀγαθὸν
1406 1434 1454 1462 καὶ
1474 1434 1505 1463 τὸ
1530 1435 1611 1469 σοφὸν
1636 1435 1684 1462 καὶ
1703 1435 1817 1465 δίκαιον

1015 1478 1062 1506 καὶ¹
1077 1478 1271 1514 φιλάνθρωπον
1293 1479 1342 1506 καὶ
1359 1479 1394 1506 τὰ
1407 1479 1520 1506 τοιαῦτα
1536 1482 1770 1517 κατηγορήματα,
1787 1482 1815 1509 εξ

1015 1525 1062 1552 καὶ
1084 1524 1119 1552 τὰ
1141 1525 1191 1559 μὲν
1208 1525 1349 1560 ἐνέργειαν
1365 1525 1381 1561 ῆ
1399 1525 1484 1557 πάθος
1498 1526 1546 1552 τοῦ
1563 1526 1747 1562 ὑποκειμένου
1762 1528 1814 1563 δη-

174 1589 236 1608 nem
251 1585 298 1608 aut
310 1567 464 1615 passionem
478 1576 594 1612 subjecti
607 1575 740 1608 indicant,
756 1573 810 1602 alia
823 1572 960 1601 exsisten-

1048 1572 1063 1604 ί,
1079 1570 1114 1597 τὰ
1128 1570 1157 1598 δὲ
1171 1569 1220 1605 τὴν
1236 1571 1353 1606 ὓπαρξιν
1370 1571 1418 1600 καὶ
1434 1571 1563 1599 οὑσίωσιν
1579 1572 1596 1607 ῆ
1613 1572 1647 1598 τὰ
1658 1572 1733 1609 πάθη
1764 1573 1815 1600 καὶ

174 1628 240 1654 tiam
255 1630 282 1653 et
296 1624 569 1656 substantiationem,
583 1622 625 1650 vel
636 1621 781 1657 passiones
791 1623 818 1648 et
829 1618 960 1647 actiones.

173 1672 242 1700 Nam
264 1672 287 1700 si
304 1672 404 1699 horum
417 1669 629 1706 praedicatorum
647 1667 790 1704 quodlibet
809 1664 960 1694 secundum

173 1724 317 1753 utramque
333 1717 468 1745 dictorum
491 1719 595 1751 partem
616 1713 747 1749 subjectis
763 1719 820 1740 suae
834 1709 963 1746 praedica-

175 1765 241 1793 tioni
260 1763 410 1797 individuis
433 1762 578 1790 cumulum
594 1760 629 1794 de
651 1767 703 1790 suo
721 1758 853 1794 adjiceret
879 1761 929 1783 aut
947 1763 962 1784 e

172 1810 335 1846 corporibus
355 1812 545 1840 coacervatum
566 1811 614 1836 aut
632 1813 648 1833 e
662 1804 829 1841 proprietate
845 1801 962 1837 qualita-

175 1863 232 1885 tum
256 1856 424 1888 deductum,
446 1853 491 1881 vel
511 1859 659 1888 corporum
687 1855 801 1878 naturas
813 1848 857 1876 vel
873 1848 897 1876 si
921 1847 962 1875 vis

173 1905 397 1938 'uicorporeorum
405 1899 746 1932 accessionescongercret
755 1904 763 1923 :
770 1894 848 1930 quid,
855 1900 961 1929 quaeso,

173 1958 188 1976 τι
205 1948 370 1984 portentosis
383 1946 522 1982 ﬁgmentis
535 1949 562 1972 et
574 1943 690 1978 specu-is
700 1940 837 1977 ejusmodi
851 1943 961 1968 senten-

174 1996 211 2023 tia
233 1993 419 2028 discreparet?
443 1991 473 2019 Si
498 1997 564 2018 vero
587 1989 650 2023 quis
665 1988 793 2022 corporis
815 1993 881 2013 voce
898 1992 961 2019 μιν

172 2041 242 2068 dens
262 2044 291 2067 et
309 2047 325 2068 ιι
342 2044 475 2072 corporea
492 2034 604 2063 notione
625 2040 680 2060 non
702 2031 833 2060 recedens
847 2036 961 2064 corpora

175 2090 272 2110 vocare
292 2082 351 2108 vult
367 2087 466 2116 genera
487 2084 515 2107 et
535 2078 652 2113 species,
670 2084 733 2112 quae
755 2076 789 2103 de
813 2073 962 2102 individuis

174 2128 336 2164 corporibus
351 2126 493 2162 praedicari
505 2125 648 2157 dicuntur,
658 2123 695 2150 nil
707 2123 731 2150 ei
744 2121 960 2153 reluctabimur;

174 2181 237 2202 nam
262 2180 363 2207 corpus
392 2172 445 2199 hoc
472 2175 552 2206 pacto
578 2169 680 2197 dictum
703 2174 799 2195 omnes
816 2166 960 2202 prmdictas

174 2227 256 2248 ansas
271 2219 351 2255 plene
366 2226 399 2246 ac
415 2225 482 2252 pure
503 2215 608 2251 ell'ugit,
627 2222 660 2242 ac
678 2221 725 2249 per
738 2211 862 2241 vocabuli
880 2211 960 2238 unius

174 2265 380 2297 conversionem
398 2264 428 2299 ,(I.
443 2262 661 2296 concessionem)
684 2263 803 2287 mentem
827 2257 887 2292 ejus
908 2256 956 2290 qui

174 2311 362 2347 philosophari
377 2310 463 2345 cupit,
482 2315 589 2340 curare,
603 2313 760 2341 nunquam,
772 2303 879 2339 opinor,
890 2302 962 2338 apud

172 2365 268 2393 aequos
277 2357 385 2393 judices
403 2355 553 2386 absurdum
568 2353 733 2383 censebitur.

210 2404 254 2430 10.
279 2402 381 2430 Verum
412 2401 471 2429 haec
496 2399 606 2434 quidem
637 2401 680 2425 est
712 2394 906 2430 compendiosa
930 2400 963 2420 ac

173 2447 325 2477 secundum
339 2451 413 2475 tuam
431 2445 590 2481 petitionem
604 2445 733 2479 suscepta
747 2441 782 2467 de
796 2438 961 2467 subalternis

173 2493 317 2529 generibus
332 2499 367 2519 ae
387 2490 540 2526 speciebus,
558 2497 619 2525 quae
633 2489 667 2516 de
700 2486 848 2515 individuis
862 2492 961 2520 corpo-

174 2541 252 2568 ribus
277 2537 421 2574 prmdicari
453 2537 592 2568 dicuntur,
623 2532 798 2568 disceptatio.
826 2537 898 2568 quae,
931 2534 962 2556 ut

173 2585 299 2621 equidem
334 2591 456 2616 censeo,
485 2582 558 2611 haud
587 2580 777 2617 iguobiliorem
808 2576 961 2605 doctrinam

173 2632 266 2664 tradit,
282 2638 364 2666 quam
386 2630 431 2658 ille
448 2629 495 2665 qui
518 2627 634 2664 Stagiris
649 2625 784 2656 oriundus
802 2623 960 2654 universam

173 2678 306 2705 Grteciam
331 2676 358 2704 in
381 2676 488 2704 dulcem
515 2682 572 2702 sua:
589 2672 731 2708 sapientiae
751 2669 960 2698 admirationem

174 2723 274 2758 rapuit,
299 2723 332 2750 de
353 2723 386 2749 iis
411 2722 478 2756 ipsis
502 2720 693 2756 philosophice
716 2724 793 2744 more
813 2713 959 2742 disseruit-

1013 1616 1062 1648 τὰς
1076 1616 1231 1652 ἐνεργείας,
1249 1616 1281 1643 Ei
1295 1617 1350 1652 γὰρ
1363 1616 1480 1644 ἕκαστον
1494 1617 1549 1644 τῶν
1563 1618 1815 1653 κατηγορουμένων

1013 1662 1074 1691 καθ’
1089 1662 1223 1697 ἑκατέραν
1240 1662 1296 1688 τῶν
1309 1662 1463 1698 εἰρημένων
1483 1662 1580 1698 μερίδα
1597 1662 1684 1698 σωρὸν
1697 1662 1812 1690 οἴκοθεν

1012 1708 1068 1738 τοῖς
1080 1705 1272 1741 ὑποκειμένοις
1282 1705 1299 1740 ἢ
1310 1705 1356 1732 τὸν
1367 1705 1558 1742 ἐπινοούμενον
1573 1705 1618 1732 διὰ
1630 1706 1783 1740 σωμάτων,
1796 1708 1814 1742 ἦ

1011 1751 1057 1784 τὸν
1072 1751 1126 1778 ἀπὺ
1141 1751 1191 1786 τῆς
1213 1751 1344 1786 ἰδιότητος
1358 1751 1413 1778 τῶν
1427 1751 1625 1787 πεποιωμὲνων
1636 1759 1644 1766 ·
1660 1751 1685 1778 εί
1700 1751 1814 1778 τούτων

1012 1796 1127 1823 ἕκαστον
1142 1797 1199 1828 τοῖς
1213 1796 1268 1823 ὑπὸ
1281 1796 1449 1832 κατηγορίαν
1464 1797 1576 1831 ἀτόμοις
1589 1796 1712 1823 τελοῦσιν
1723 1797 1744 1832 ἢ
1758 1806 1815 1824 σω-

1013 1843 1106 1878 μάτων
1133 1842 1239 1876 φύσεις,
1264 1842 1288 1868 εί
1309 1831 1399 1877 βούλει
1423 1842 1452 1869 δὲ
1475 1842 1664 1878 ἢάσωμάτων
1688 1831 1816 1870 ἐνετίθε-

1013 1897 1063 1914 σαν
1080 1887 1138 1923 (9’1)
1154 1888 1202 1915 καὶ
1224 1887 1451 1922 συνεφορτίξοντο
1469 1888 1629 1923 προσθήκας
1644 1888 1714 1923 (28),
1731 1888 1763 1915 τί
1781 1889 1816 1915 ἂν

1011 1933 1066 1960 τῶν
1091 1934 1250 1969 τερατωδῶν
1279 1934 1448 1968 πλασμάτων
1476 1942 1507 1960 τε
1533 1933 1580 1960 καὶ
1610 1934 1766 1968 φασμάτων
1797 1935 1815 1969 ἡ

1011 1979 1098 2006 ταῦτα
1115 1979 1325 2015 παραδεχομένη
1337 1979 1448 2015 διέφερε
1458 1979 1523 2014 δόξα
1536 1988 1545 2013 ;
1560 1979 1592 2006 Εἰ
1612 1979 1640 2006 δέ
1657 1988 1699 2011 τις
1713 1981 1749 2015 τῇ
1765 1981 1814 2006 τοῦ

1013 2024 1140 2060 σώματος
1167 2025 1258 2060 χαίρει
1280 2025 1356 2060 φωνῇ
1381 2024 1429 2051 καὶ
1450 2024 1500 2060 τῆς
1523 2024 1684 2060 σωματικῆς
1702 2026 1815 2057 ἑννοίας

1011 2071 1062 2098 οὑκ
1078 2071 1262 2106 ἀφιστάμενος
1275 2069 1389 2105 σώματα
1403 2070 1496 2109 καλεῖν
1513 2070 1602 2098 ἐθέλοι
1622 2071 1656 2097 τὰ
1675 2071 1745 2106 γένη
1764 2072 1815 2098 καὶ

1011 2117 1047 2145 τὰ
1063 2117 1133 2152 εἴδη.
1152 2116 1169 2144 ἃ.
1184 2117 1239 2143 τῶν
1253 2116 1364 2151 ἀτόμων
1380 2117 1514 2152 σωμάτων
1533 2116 1751 2151 κατηγορεῖσθαι
1766 2117 1813 2143 λέ-

1012 2171 1101 2198 γεται,
1114 2162 1190 2189 οὐδὲν
1204 2162 1272 2198 πρὸς
1287 2162 1367 2189 αὑτὸν
1381 2160 1537 2197 διοισόμεθα
1549 2170 1556 2177 ·
1570 2161 1602 2188 τὸ
1614 2162 1668 2196 γὰρ
1679 2161 1755 2188 οὕτω
1768 2161 1814 2188 λε-

1013 2208 1128 2243 γόμενον
1160 2207 1240 2243 σῶμα
1268 2207 1355 2239 λαϐὰς
1377 2207 1488 2238 ἁπάσας
1518 2206 1569 2238 τὰς
1602 2207 1813 2243 προειρημένας

1013 2253 1142 2290 καθαρῶς
1156 2253 1387 2288 διαπέφευγε,καὶ
1401 2252 1494 2287 φωνῆς
1508 2252 1610 2279 ἐνδόσει
1626 2251 1748 2279 διάνοιαν
1766 2261 1813 2286 ιρι-

1011 2301 1134 2335 λοσοφεῖν
1140 2299 1276 2331 ἐθέλοντος
1286 2299 1448 2335 θεραπεύειν
1458 2298 1509 2327 οὐκ
1519 2296 1813 2335 ἆνρῖμαιφιλανθρωο

1011 2346 1075 2378 πίας
1087 2346 1235 2382 κρινούσης
1253 2345 1395 2381 νομισθείη
1409 2344 1574 2381 παράλογον.

1047 2395 1073 2419 ι’.
1095 2391 1176 2418 Ἀλλὰ
1198 2390 1312 2419 τοιαῦτα
1336 2391 1386 2427 μὲν
1406 2391 1422 2425 ἡ
1442 2389 1634 2426 κεφαλαιώδης
1652 2390 1700 2416 καὶ
1732 2390 1811 2417 κατᾶ

1013 2439 1064 2474 τὴν
1088 2438 1136 2474 σὴν
1161 2438 1274 2471 ἀξίωσιν
1301 2436 1368 2472 περὶ
1388 2436 1443 2463 τῶν
1465 2436 1628 2471 ὑπαλλήλων
1649 2436 1738 2472 γενῶν
1762 2437 1814 2462 καὶ

1015 2482 1104 2513 εἰδῶν.
1119 2482 1138 2509 ἃ.
1155 2482 1209 2509 τῶν
1222 2481 1332 2517 ἀτόμων
1352 2480 1461 2516 λέγεται
1476 2480 1690 2517 κατηγορεῖσθαι
1710 2481 1811 2516 σωμά-

1015 2537 1079 2560 των,
1094 2526 1275 2558 διατύπωσις·
1291 2527 1341 2554 οὐκ
1358 2524 1811 2562 ἀκομψοτέραν,οἷμαι,πριι6αλλο-

1018 2575 1086 2610 μένη
1105 2573 1231 2610 θεωρίαν,
1247 2573 1267 2608 ἦ
1279 2574 1294 2600 ό
1308 2573 1343 2599 τὰ
1357 2573 1496 2609 Στάγειρα
1512 2572 1602 2607 λαχὼν
1620 2572 1738 2608 πατρίδα
1761 2574 1812 2599 καὶ

1016 2620 1065 2655 τὴν
1085 2619 1223 2655 Ἑλληνίδα
1234 2620 1323 2646 πᾶσαν
1337 2619 1377 2650 είς
1388 2619 1481 2654 θαῦμα
1495 2619 1583 2653 γλυκὺ
1600 2620 1649 2654 τῆς
1658 2618 1743 2646 αὑτοῦ
1763 2627 1812 2645 αο-

1016 2666 1080 2700 ιρίας
1094 2664 1261 2700 ἐπιστρέψας
1275 2665 1338 2700 περὶ
1350 2664 1439 2692 αὐτῶν
1448 2664 1765 2701 ἐφιλοσόφηιφειῖ-φησε
1774 2664 1810 2700 ἲ]-

1016 2712 1094 2739 τοῦτο
1112 2712 1161 2747 μὲν
1189 2711 1258 2747 μετὰ
1283 2710 1382 2746 πολλὴν
1401 2711 1465 2746 περὶ
1482 2711 1536 2737 τῶν
1554 2710 1640 2745 γενῶν
1662 2709 1711 2737 καὶ
1729 2710 1811 2736 εἰδῶν

907 2769 1022 2798 NOTAE.

208 2837 264 2872 (‘26)
280 2836 340 2863 Vat.
357 2834 567 2872 ἱ-μεταποιήςῃ.

211 2864 265 2904 Ilii)
284 2873 328 2899 Sic
360 2864 441 2903 NL;
468 2864 557 2896 Catil“:
576 2867 627 2901 Ap.
656 2864 813 2893 ἀνετίθεσαν
840 2866 958 2890 correct.

1013 2835 1036 2862 μ
1042 2831 1104 2852 vSIPﬂ
1110 2846 1116 2852 .

1049 2862 1105 2896 (’28)
1122 2861 1182 2888 Cat.
1198 2859 1266 2894 πρὸς
1322 2860 1421 2894 θήκας.
