1880 3057
161 145 213 178 491

739 137 851 169 PHOTI
858 137 872 166 Ι
891 131 1143 166 PATRIARCH/E
1159 131 1214 161 (ΞΡ.

1745 120 1795 154 492

163 201 274 238 quando
289 199 369 227 Pater
391 197 481 225 Verbo
495 195 653 231 adjnngitur
669 200 695 222 et
712 194 782 222 Deus
805 195 953 238 assumpta:

1055 199 1056 204 η
1079 187 1189 221 κυρίως
1219 183 1265 211 τοῦ
1291 182 1398 219 Πατρδς
1422 181 1461 216 τῷ
1479 180 1558 215 Λόγῳ
1578 178 1794 213 συνταττομένου

1102 233 1112 237 -
1148 233 1164 238 Α
1189 231 1194 238 ι
1265 229 1277 235 -
1339 237 1343 238 ν
1354 237 1358 238 ν
1370 227 1391 238 Α
1404 228 1411 238 ε
1421 231 1517 238 νην-Α..
1546 225 1573 238 -ὶ
1598 225 1625 238 ελ
1640 225 1673 238 ...⁸.
1687 225 1794 238 -.-.,.1ι.ι.

164 235 339 276 humanitati,
355 249 407 269 vox
424 249 490 268 vero
504 249 555 267 non
571 240 676 274 proprie
693 238 825 269 vicissim,
841 235 951 271 quando

162 291 234 317 Deus
246 289 369 316 redditur
380 278 509 315 Verbo‘et
524 286 604 313 Pater
615 289 763 319 assumpta:
775 282 950 311 humanitati.

161 335 235 362 Talis
260 337 304 361 est
332 333 414 368 igitur
442 331 588 363 sententia,
615 338 686 364 quae,
717 335 745 357 ut
771 329 859 361 vides,
882 327 951 355 nihil

161 379 244 407 habet
262 378 423 405 obscurum.
442 376 542 403 Plexus
557 380 648 403 autem
662 374 796 402 orationis
812 372 951 408 quomodo

161 425 325 458 resolvetur,
354 424 406 451 nisi
426 422 587 457 accipiendo
608 422 691 449 verba
710 421 754 448 illa
769 420 840 447 ὥστε
853 420 883 446 τὸ
902 419 951 454 μὲν

161 471 265 505 κυρίως
280 470 323 496 ἐπ’
339 470 452 504 ἀμφοῖν,
467 475 563 503 nempe
577 472 606 495 ut
623 467 739 495 alterum
753 466 864 502 quidem
887 473 951 500 pro-

161 517 221 552 prie
236 516 270 543 de
295 521 413 550 utroque
433 515 553 545 dicatur.
572 521 626 541 non
643 513 770 545 seorsim,
792 519 842 539 nec
856 519 950 538 vocem

161 562 243 592 Deus,
260 568 310 588 nec
327 568 421 588 vocem
438 559 522 587 Pater
530 559 564 586 de
578 566 633 586 uno
647 558 738 593 aliquo
752 557 950 592 subjectorum,

162 615 252 641 neque
267 607 301 634 de
315 606 466 639 ambobus;
492 605 538 633 sed
565 604 709 632 referendo
726 604 823 630 horum
843 607 950 629 utrum-

164 653 231 680 libet
253 653 288 680 ad
309 652 468 680 utrumlibet
493 651 691 684 subiectorum,
717 649 825 676 Patrem
840 647 950 683 quidem

162 699 307 726 reddentcs
322 697 421 729 Verbo.
436 697 520 724 Deum
534 704 599 723 vero
609 700 757 730 assumpta
768 694 949 724 humanitati;

163 744 200 771 ita
217 743 317 778 pariter
333 742 445 769 verbum
463 741 528 768 illud
554 748 606 767 non
626 741 730 775 proprie
752 747 806 766 non
823 738 952 766 determi-

163 794 228 816 nale
244 796 328 816 unum
345 787 455 822 aliquod
469 787 678 822 praedicatorum
700 785 834 813 sumendo
849 785 882 812 de
897 792 952 811 uno

164 835 257 870 aliquo
274 834 474 869 subiectorum,
490 840 539 860 nec
552 832 585 859 de
604 831 749 862 ambobus,
766 831 812 858 sed
837 835 953 865 utraque

165 881 198 908 ad
212 865 380 907 ptrumlibet
405 879 604 914 subiectorum,
631 886 678 913 per
699 876 891 904 alternationis
912 881 951 902 ta-
969 865 989 893 Β

164 934 227 953 men
260 927 415 958 rationem,
447 924 489 952 vel
521 924 593 951 sicut
615 924 649 951 de
678 930 744 950 voce
772 923 820 950 illa
846 922 952 957 proprie

167 970 317 998 dicebatur.
333 970 449 1002 Quando
465 970 537 997 enim
553 968 626 996 Deus
636 975 697 996 esse
707 967 788 996 Verbi
804 967 950 1002 reperitur,

165 1021 192 1043 et
216 1015 297 1042 Palcr
321 1019 470 1049 assumpta:
496 1013 686 1046 humanitatis,
710 1012 875 1048 signiﬁcatio
899 1019 951 1039 non

166 1061 274 1096 propria
290 1060 447 1095 subjicitur.
464 1059 584 1095 Apparet
605 1064 697 1086 autem
715 1066 795 1086 voces
814 1058 880 1085 istas
892 1065 950 1092 pro-

165 1106 221 1139 prie
242 1110 269 1132 et
289 1113 341 1132 non
362 1105 468 1139 proprie
480 1109 575 1131 contra
595 1112 677 1139 quam
699 1103 726 1130 in
752 1103 834 1130 rebus
850 1102 953 1130 nostris

166 1151 330 1179 adhibentur
357 1159 387 1178 se
421 1151 532 1178 habere.
563 1149 630 1177 Nam
659 1150 686 1176 in
713 1148 843 1176 ineﬂ'abili
869 1147 952 1175 Vcrhi

166 1197 311 1231 carnisque
331 1197 433 1223 unione
459 1195 541 1223 Pater
559 1195 669 1230 quidem
692 1194 725 1222 de
745 1193 836 1221 Verbo
850 1193 954 1228 proprie

166 1243 278 1276 dicitur,
304 1242 373 1269 Deus
390 1249 455 1268 vero
480 1249 532 1268 non
553 1240 678 1275 proprie;
700 1240 727 1267 in
753 1244 844 1266 nostra
862 1244 953 1265 autem

167 1294 264 1315 natura
277 1296 308 1315 ex
328 1288 443 1315 adverso
460 1287 531 1314 Deus
549 1286 658 1321 quidem
673 1286 777 1320 proprie
793 1285 953 1317 aiiinnatur,

168 1333 246 1361 l’ater
261 1338 352 1360 autem
373 1341 424 1359 non
440 1333 556 1367 proprie.
577 1332 668 1366 Atque
683 1331 709 1358 id
725 1335 777 1361 est.
793 1330 866 1365 quod
880 1338 954 1364 quae-

168 1380 266 1411 sieras.
281 1379 323 1406 vis
337 1385 435 1413 nempe
451 1378 524 1405 vocis
540 1377 613 1404 illius
629 1377 646 1412 ἢ
666 1384 720 1404 non
741 1376 953 1411 disiunctionem

168 1425 326 1460 signiﬁcans
352 1432 401 1452 nec
428 1424 502 1452 aliud
527 1423 676 1459 quidquam
706 1430 738 1450 ex
763 1422 810 1455 iis,
843 1422 870 1448 in
894 1429 955 1457 qua:

168 1464 254 1497 dividi
281 1469 443 1501 consuevit,
475 1468 521 1496 sed
552 1467 749 1495 declarativnm
787 1467 954 1501 amplectens

168 1515 353 1542 characterem
370 1520 526 1548 munusque
543 1512 656 1547 explens
672 1511 746 1538 vocis
761 1510 833 1545 παρά
846 1510 953 1545 (contra

169 1568 273 1595 quatit,
305 1564 400 1587 contra
432 1559 459 1586 id
488 1558 583 1593 quod).
611 1557 717 1585 Poterit
749 1561 840 1583 autem
869 1556 957 1583 oratio

170 1606 273 1634 clarius
282 1605 435 1637 cﬂ'ormari,
450 1604 474 1632 si
486 1604 548 1639 quis
562 1604 643 1631 verba
659 1608 848 1630 transsumens
862 1602 935 1629 dicat
948 1610 956 1628 ι

171 1652 263 1684 Quare
280 1655 334 1678 vox
347 1651 458 1686 qnidetn
473 1651 577 1684 proprie
596 1650 630 1676 ab
645 1649 776 1676 alterutra
789 1647 958 1683 coniugatio-

172 1705 237 1724 num
265 1701 384 1731 sumpta,
417 1704 470 1723 vox
496 1703 561 1723 vero
586 1703 638 1722 non
660 1695 765 1729 proprie
799 1694 834 1721 ab
861 1694 957 1726 altera,

172 1747 269 1770 contra
286 1750 368 1777 quatn
387 1741 460 1777 apud
477 1749 528 1768 nos
543 1748 572 1768 se
586 1740 698 1767 habent.
711 1739 870 1767 Resultabat
886 1739 958 1766 enim

172 1795 230 1816 tum
247 1795 298 1815 vox
318 1787 433 1822 proprie,
448 1791 504 1814 tum
520 1793 574 1813 vox
591 1794 643 1812 non
657 1786 762 1820 proprie
780 1793 813 1813 ex
828 1785 873 1813 tali
888 1792 958 1820 qua-

172 1835 236 1862 dam
259 1833 468 1868 praedicatorum
495 1831 738 1865 subjectorumque
759 1830 958 1865 complexione.

175 1880 294 1907 Sutnens
320 1883 411 1906 autem
428 1885 510 1905 voces
534 1877 595 1904 illas
607 1877 713 1911 proprie
732 1881 759 1903 et
775 1884 826 1903 non
843 1876 959 1910 proprie,

173 1934 232 1961 qua:
263 1926 318 1960 jam
347 1933 379 1952 ex
413 1931 442 1951 se
467 1923 534 1958 ipsis
559 1921 832 1957 subintelligebantur
859 1921 962 1955 (studet

173 1971 246 1998 enim
268 1971 292 1997 si
307 1970 369 2004 quis
386 1969 457 1996 alitis
481 1967 639 2002 Theologus
657 1967 707 1994 iste
727 1966 866 2001 brevitati)
883 1971 909 1993 et
926 1966 960 1993 ad

173 2017 341 2044 resultantes
364 2022 398 2042 ex
422 2014 465 2041 his
489 2013 695 2049 coniugationes
718 2017 836 2040 mentem
854 2012 962 2039 audito-

174 2068 236 2087 rum
253 2059 394 2086 remittens
411 2057 554 2092 subiunxit
567 2057 633 2084 illud
651 2067 656 2084 :
671 2056 773 2084 Contra
792 2064 871 2091 quam
891 2055 961 2090 apud

175 2114 233 2132 nos.
253 2104 358 2131 Etenim
383 2108 528 2137 utramque
544 2102 775 2138 complexionem,
791 2109 852 2136 quae
867 2109 900 2128 cx
915 2108 963 2128 vo-

175 2151 253 2178 cibus
266 2151 370 2185 proprie
385 2155 411 2176 ct
433 2157 484 2175 non
499 2148 603 2183 proprie
624 2147 767 2179 conﬂatur,
783 2154 883 2174 sensus
897 2155 959 2174 ver-

1002 233 1115 260 καὶτοῦ
1144 231 1216 264 Θεὸς
1243 229 1283 265 τῷ
1311 227 1517 264 προσλὴμματι·
1545 225 1575 252 τδ
1597 225 1626 252 δὲ
1637 225 1673 252 οὺ
1687 225 1795 257 κυρίως

1002 279 1131 315 ἔμπαλιν,
1148 277 1196 304 τοῦ
1222 275 1271 311 μὲν
1289 275 1361 307 Θεὸς
1382 271 1626 305 ἀνταποδιδομένου
1653 270 1692 304 τῷ
1705 270 1794 304 Λόγῳ,

1001 313 1048 353 τοῦ
1072 325 1102 352 δὲ
1128 323 1230 358 Πατὴρ
1251 321 1291 357 τῷ
1314 320 1522 356 προσλήμματι.
1546 316 1664 350 Τοιαύτη
1683 316 1733 351 μὲν
1750 313 1796 342 οὑν

1001 372 1098 404 animi);
1113 368 1270 405 ὁρᾷς,οὑδὲν
1284 366 1389 400 ἀσαφὲς
1404 364 1555 399 παρέχεται
1567 363 1584 398 ἠ
1595 362 1700 388 διάνοια
1712 369 1719 375 ·
1736 361 1753 394 ἡ
1768 359 1796 386 δὲ

1001 416 1090 452 πλοκὴ
1105 415 1152 442 τοῦ
1168 415 1248 448 λόγου
1266 412 1325 444 πῶς
1345 411 1379 438 ἂν
1394 409 1549 445 immeo],
1566 409 1583 443 ἢ
1600 407 1797 442 λαμϐανόντων

1002 451 1143 498 ήμῶννδιὰ
1160 459 1207 486 τοῦ
1223 458 1302 485 ὥστε
1318 456 1353 483 τὸ
1364 457 1423 491 μὲν
1437 455 1548 489 κυρίως
1558 453 1605 480 ἐπ’
1620 452 1734 487 ἀμφοῖν
1747 451 1797 477 οὑκ

1070 505 1162 541 μέρος,
1176 503 1238 530 οὕτε
1251 503 1281 530 τὸ
1294 501 1366 534 Θεὸς
1379 500 1441 528 οὕτε
1453 500 1484 526 τὸ
1494 499 1594 533 Πατὴρ
1609 498 1669 525 καθ’
1685 496 1745 528 ἑνὸς
1755 504 1796 522 τι-

1002 561 1047 584 νος
1061 551 1116 578 τῶν
1131 548 1333 584 ὑποκειμένων,
1348 546 1408 573 οὑδὲ
1428 546 1487 572 κατ’
1502 545 1602 580 ἄμφω·
1624 543 1681 570 ἀλλ’
1700 542 1796 568 ἑκατέ-

1004 608 1050 635 ρου
1075 598 1177 625 τούτων
1206 596 1275 632 πρὸς
1296 594 1428 629 ἑκάτερον
1449 593 1503 620 τῶν
1525 591 1727 625 ὑποκειμένων.
1748 588 1796 615 τοῦ

1004 634 1053 680 μὲν
1070 643 1178 679 Πατρδς
1191 642 1230 677 τῷ
1242 640 1333 675 Λόγῳ,
1343 639 1391 666 τοῦ
1411 639 1440 665 δὲ
1460 637 1526 668 Θεὸς
1539 635 1734 671 ἀποδιδομένου
1758 634 1798 669 τῷ

1002 690 1218 727 προσλήμματι”
1246 686 1377 713 ὡσαύτως
1398 684 1427 710 δὲ
1447 683 1495 710 καὶ
1515 683 1547 708 τὸ
1568 683 1604 709 οὐ
1622 682 1734 715 κυρίως
1747 681 1798 706 οὐκ

1003 735 1194 771 ἀφορισμένως
1218 734 1278 764 ἑνός
1292 739 1365 762 τινος
1380 730 1436 757 τῶν
1454 727 1701 764 κατηγορουμένων
1728 726 1799 761 λαμ-

1003 782 1153 816 ϐανομένου
1175 779 1236 806 καθ’
1258 778 1317 809 ἑνός
1340 785 1414 808 τινος
1437 774 1491 802 τῶν
1511 774 1714 809 ὑποκειμένων,
1738 773 1799 799 οὑδὶ

1004 828 1064 855 κατ’
1079 826 1173 861 ἄμφω,
1188 824 1246 851 ἀλλ’
1260 823 1345 858 ἄμφω
1360 821 1409 857 μὲν
1427 820 1495 855 πρὸς
1513 819 1645 854 ἑκάτερον
1660 818 1716 844 τῶν
1733 818 1800 843 ὑπομ

1004 874 1149 908 κειμένων,
1168 870 1238 897 κατὰ
1259 869 1288 896 δὲ
1309 869 1356 895 τὺν
1371 868 1449 902 λόγον
1475 866 1525 901 τῆς
1541 865 1703 899 ὲναλλαγῆς,
1727 864 1744 898 ἢ
1761 864 1800 892 ὡς

1003 919 1049 945 ἐπὶ
1063 918 1109 945 τοῦ
1123 916 1232 950 κυρίως
1248 914 1368 948 ἐλέγετο.
1389 913 1419 939 '0
1436 912 1492 947 γὰρ
1504 911 1570 942 Θεὸς
1595 909 1666 937 εἶναι
1680 909 1729 936 τοῦ
1746 909 1800 935 Λό-

1003 973 1053 998 γου
1067 961 1308 998 κατηγορούμενος
1326 959 1373 986 καὶ¹
1395 959 1409 985 ὁ
1428 958 1523 992 Πατὴρ
1543 956 1591 983 τοῦ
1615 956 1802 991 προσλήμμα-

1003 1019 1047 1041 τος
1060 1009 1109 1045 τὴν
1121 1008 1168 1035 τοῦ
1177 1007 1220 1042 μὴ
1233 1006 1341 1040 κυρίως
1351 1003 1488 1040 οημασίαν
1499 1002 1691 1029 ὑποϐάλλεται.
1705 1001 1800 1027 Ἐοικε

1003 1055 1032 1082 δὲ
1046 1055 1076 1081 τὺ
1095 1053 1204 1087 κυρίως
1218 1051 1267 1078 καὶ
1289 1050 1319 1077 τδ
1333 1049 1376 1084 μὴ
1391 1048 1500 1082 κυρίως
1514 1047 1654 1083 σημασέαν
1672 1045 1745 1080 παρὸ
1758 1053 1802 1071 κε-

1005 1099 1132 1136 χρήμεθα
1147 1098 1252 1128 τούτοις
1271 1096 1315 1130 ἐφ’
1332 1093 1410 1130 ἡμῶν
1426 1093 1557 1123 ἐναντίως
1578 1091 1662 1126 ἔχειν.
1686 1091 1732 1116 Ἐν
1749 1091 1801 1125 μὲν

1004 1149 1058 1183 γὰρ
1069 1148 1102 1182 τῇ
1119 1146 1232 1182 ἀρρήτῳ
1246 1144 1292 1171 τοῦ
1307 1143 1395 1177 Λὸγου
1410 1141 1513 1176 συνόδῳ
1525 1140 1572 1167 καὶ
1587 1140 1636 1174 τῆς
1652 1138 1755 1174 σαρκὸς
1770 1137 1803 1163 «ca

1006 1194 1056 1229 μὲν
1082 1191 1185 1225 Πατὴρ
1209 1189 1281 1217 κατὰ
1299 1188 1346 1215 τοῦ
1361 1188 1449 1221 Λόγου
1465 1186 1570 1221 κυρίως
1591 1185 1712 1218 λέγεται,
1728 1183 1759 1209 τὸ
1772 1183 1803 1209 δὲ

1006 1228 1078 1269 Θεὸς
1094 1237 1125 1263 οὺ
1147 1235 1249 1269 κυρίως
1261 1242 1268 1249 ·
1285 1234 1331 1260 ἐπὶ
1346 1232 1376 1259 δὲ
1386 1233 1435 1267 τῆς
1450 1230 1512 1258 καθ’
1526 1230 1601 1265 ἡμᾶς
1618 1228 1727 1263 φύσεως
1748 1229 1802 1262 ἑμ-

1005 1283 1087 1309 πα).ιν
1100 1282 1131 1308 τὸ
1143 1281 1193 1315 μὲν
1210 1280 1283 1313 Θεὸς
1296 1278 1411 1315 κυρίως,
1430 1277 1460 1304 οὐ
1476 1276 1577 1311 κυρίως
1595 1275 1623 1302 δὲ
1638 1275 1669 1300 τὸ
1684 1274 1802 1308 Πατήρ.

1004 1331 1060 1358 Καὶ
1075 1329 1153 1356 τοῦτό
1170 1330 1246 1355 ἐστιν
1267 1328 1335 1363 ὅπερ
1359 1325 1518 1361 ἠρώτησας,
1532 1325 1549 1359 ὴ
1568 1323 1616 1350 τοῦ
1632 1323 1652 1357 ἢ
1671 1322 1803 1358 δύναμις,

1004 1377 1033 1404 οὑ
1052 1374 1190 1408 διάζευξιν
1204 1372 1322 1408 δηλοῦσα
1333 1371 1393 1398 οὐδέ
1408 1379 1435 1397 τι
1446 1370 1511 1397 ἄλλο
1525 1369 1579 1396 τῶν
1593 1370 1633 1400 είς
1651 1369 1702 1395 ὅσα
1715 1376 1804 1394 κατα-

1006 1420 1167 1457 μερίζεσθαι
1183 1420 1317 1453 πέφυκεν,
1329 1417 1397 1444 ἀλλὰ
1410 1416 1455 1443 τὸν
1466 1414 1663 1450 διασαφητικδν
1674 1415 1802 1445 ἀσπαζο-

1005 1467 1073 1502 μένη
1083 1466 1245 1502 χαρακτῆρα
1256 1465 1302 1491 καὶ
1307 1464 1356 1499 τὴν
1363 1462 1410 1490 τοῦ
1421 1462 1498 1496 παρὸ
1512 1462 1566 1497 (5|)
1576 1461 1668 1496 χρείαν
1678 1460 1806 1495 ἀναπλη-

971 1532 992 1561 c
1010 1512 1106 1548 ροῦσα.
1125 1512 1175 1546 Είη
1189 1510 1210 1537 δ’
1226 1510 1260 1537 ἂν
1275 1512 1289 1537 ὁ
1303 1510 1381 1543 λόγος
1397 1507 1633 1544 ἐσχηματισμένος
1646 1507 1687 1538 εἰς
1706 1506 1738 1532 τὸ
1755 1515 1808 1533 σα-

1010 1559 1152 1593 φέστερον,
1168 1556 1195 1583 εί
1211 1565 1253 1587 τις
1268 1555 1355 1582 ἐθέλοι
1371 1553 1534 1589 μεταλαϐεῖν
1548 1552 1595 1579 καὶ
1609 1552 1715 1586 λέγειν·
1732 1552 1807 1578 ὥστε

1007 1604 1038 1631 τὺ
1053 1603 1102 1638 μὲν
1117 1603 1226 1638 κυρίως
1240 1601 1294 1628 ἀπὸ
1313 1601 1430 1636 θατέρας
1441 1600 1495 1627 τῶν
1512 1598 1647 1632 συζυγιῶν
1667 1597 1797 1632 λαμόανὸ

1009 1658 1101 1686 μενον,
1118 1648 1150 1675 τὸ
1161 1648 1190 1675 δὲ
1202 1649 1239 1676 οὺ
1259 1647 1370 1682 κυρίως
1384 1646 1438 1673 ἀπὸ
1451 1646 1499 1680 τῆς
1517 1645 1624 1680 ἑτέρας,
1640 1644 1775 1674 ἐναντίως
1789 1643 1808 1677 ἢ

1009 1697 1054 1731 ἐφ’
1069 1695 1149 1731 ἡμῶν
1163 1694 1220 1730 ἔχει
1232 1701 1239 1708 ·
1255 1693 1399 1720 συνίστατο
1414 1693 1462 1728 μὲν
1475 1691 1529 1726 γὰρ
1541 1691 1571 1718 τό
1585 1699 1616 1717 τε
1630 1690 1742 1724 κυρίως
1757 1690 1810 1715 καὶ

1010 1743 1041 1770 τὺ
1054 1743 1090 1769 οὐ
1109 1741 1219 1774 κυρίως
1233 1740 1266 1766 ὲκ
1278 1739 1328 1774 τῆς
1341 1739 1421 1770 ποιᾶς
1435 1737 1596 1772 συμπλοκῆς
1610 1735 1665 1762 τῶν
1684 1743 1810 1769 κατηγο-

1012 1787 1152 1824 ρουμένων
1168 1786 1214 1812 καὶ
1233 1785 1433 1820 ὑποκειμένων,
1454 1783 1567 1810 αὐτόθεν
1584 1782 1611 1809 δὲ
1627 1780 1810 1808 συνεπινοοὺ-

1012 1841 1102 1869 μενον.
1109 1831 1205 1859 Λαῦὼν
1213 1831 1243 1858 τό
1252 1839 1281 1858 τε
1293 1830 1400 1864 κυρίως
1410 1830 1539 1864 ἑκάτερον
1550 1828 1597 1855 καὶ
1608 1827 1638 1854 τὸ
1648 1828 1685 1854 οὺ
1696 1827 1814 1860 κυρίως

1012 1877 1219 1915 (φιλοσύντομος
1233 1877 1289 1912 γὰρ
1304 1877 1329 1902 εἰ
1344 1876 1390 1902 καί
1403 1884 1446 1907 τις
1459 1875 1538 1905 ἄλλος
1554 1876 1567 1900 ὁ
1581 1872 1750 1908 Θεωρητικὺς
1765 1870 1814 1899 οἶδ-

1011 1934 1057 1956 τος
1075 1924 1156 1959 ἀνὴρ)
1173 1922 1221 1950 καὶ
1237 1921 1305 1958 πρὸς
1318 1921 1368 1951 τὰς
1384 1922 1416 1947 ἐκ
1430 1920 1532 1947 τούτων
1553 1918 1743 1954 ὑφισταμένας
1759 1926 1814 1944 συ-

1013 1970 1110 2004 ζυγίας
1124 1970 1169 1996 τὸν
1182 1968 1245 1996 νοῦν
1261 1967 1316 1994 τῶν
1329 1966 1472 2001 ἀκροατῶν
1487 1966 1660 2000 ἀναπέμπων
1679 1965 1813 1999 ἐπήγαγε

1012 2016 1042 2042 τὺ
1066 2014 1210 2047 ἐναντίως
1228 2013 1248 2047 ἢ
1266 2012 1312 2047 ἐφ’
1328 2011 1413 2046 ἡμῶν
1428 2011 1508 2046 ἔχει·
1530 2011 1577 2037 καὶ
1593 2009 1648 2044 γὰρ
1669 2009 1814 2043 ἑκατέραν

1015 2059 1175 2095 συμπλοκὴν
1193 2058 1242 2093 τὴν
1261 2059 1294 2085 ὲκ
1316 2057 1363 2084 τοῦ
1379 2058 1488 2091 κυρίως
1507 2056 1554 2083 καὶ
1565 2055 1613 2083 τοῦ
1631 2054 1675 2089 μὴ
1696 2055 1814 2088 κυρίως

1015 2105 1236 2139 ἀποτελουμὲνην
1260 2104 1274 2129 ὁ
1298 2103 1361 2134 νοῦς
1384 2102 1431 2129 τοῦ
1450 2102 1592 2135 ἐναντίως
1615 2101 1632 2134 ἢ
1654 2100 1701 2135 ἐφ’
1721 2099 1816 2134 ἡμῶν

1015 2151 1079 2185 ἔχει
1093 2150 1190 2185 ὁρᾶται
1211 2147 1481 2183 περιπτυσσόμενος·
1501 2147 1624 2182 βούλεται
1640 2146 1669 2173 δὲ
1689 2146 1706 2180 ὴ
1729 2154 1815 2180 περι-

178 2197 274 2223 borum
291 2195 400 2222 illorum
424 2198 515 2220 contra
535 2201 615 2226 quam
635 2193 661 2218 in
683 2191 756 2218 nobis
777 2196 814 2218 est
839 2191 964 2226 amplecti

1055 2194 1088 2230 πὴ
1102 2193 1149 2220 τοῦ
1163 2193 1243 2227 λόγου
1255 2193 1389 2219 διδάσκειν
1404 2191 1486 2226 αὕτη.
1500 2192 1538 2223 ὡς
1554 2191 1630 2218 οὐδὲν
1647 2191 1749 2218 κωλύει
1763 2192 1816 2218 καὶ

176 2241 307 2268 cct'nilut'.
323 2239 388 2267 Vult
403 2243 494 2266 autem
505 2239 563 2265 haec
573 2237 705 2264 orationis
718 2236 844 2271 pericope
858 2237 965 2269 docere,

177 2287 247 2314 nihil
261 2286 381 2318 obstare,
396 2284 547 2320 quominus
560 2282 664 2317 proprie
686 2286 714 2309 et
736 2290 789 2320 uo_n
802 2283 908 2316 proprie
931 2281 966 2308 de

177 2332 268 2360 Verbo
284 2317 642 2366 dicatur,-quandoquidem
655 2329 737 2355 etiam
752 2317 786 2355 d’c
800 2327 892 2358 nobis.
905 2328 968 2354 licet

177 2386 261 2405 scnsu
278 2377 415 2412 opposito.
430 2381 579 2409 utrumque
594 2374 755 2402 allii-matur.
769 2373 809 2401 lbi
825 2374 898 2401 enim
915 2382 967 2401 vox

177 2424 248 2450 Dens
272 2431 326 2450 non
345 2421 578 2458 proprie,dicitur,
595 2421 642 2449 sed
657 2420 757 2452 Pater;
772 2420 816 2448 hic
831 2427 896 2447 vero
912 2427 967 2447 non

179 2469 263 2495 l'ater
275 2469 382 2503 proprie
396 2468 444 2495 sed
463 2467 543 2494 Deus.

214 2515 241 2540 5.
264 2514 292 2540 In
317 2510 516 2548 diagrammate
538 2518 629 2540 autent
658 2513 760 2540 clarius
792 2512 967 2538 innotescunt

180 2567 241 2594 quae
257 2559 376 2586 diximus
389 2568 397 2592 ς
409 2559 533 2594 ponendo
548 2559 659 2593 quidem
674 2557 801 2592 superius
819 2556 928 2583 Patrem
943 2560 970 2582 ct

181 2606 276 2638 Deum,
299 2604 470 2639 subjiciendo
495 2609 586 2632 autem
617 2603 691 2631 Patri
717 2603 838 2634 Verbum,
861 2607 888 2629 ct
915 2602 970 2628 Deo

181 2650 383 2683 humanitatem,
395 2656 422 2677 et
435 2650 520 2677 lineas
535 2657 567 2677 cx
581 2649 695 2677 adverso
710 2647 895 2683 producendo,
909 2654 971 2681 quae

182 2693 273 2722 Verbo
283 2694 450 2730 conjungant
463 2694 570 2722 Patrem
583 2699 611 2722 et
623 2693 707 2723 Deum
723 2694 885 2722 humanitati
898 2701 906 2727 ;
921 2701 970 2721 nec

1017 2241 1048 2267 τὺ
1062 2240 1170 2273 κυρίως
1191 2239 1238 2265 καὶ
1259 2238 1290 2264 τὸ
1304 2239 1340 2266 οὺ
1356 2238 1465 2272 κυρίως
1483 2238 1530 2263 ἐπὶ
1547 2237 1595 2264 τοῦ
1621 2237 1707 2270 Λόγου
1733 2236 1816 2271 λέγε-

1020 2285 1092 2318 σθαι,
1110 2283 1172 2310 ἐπεὶ
1186 2284 1232 2310 καὶ
1244 2282 1287 2317 ἐφ’
1302 2282 1390 2318 ἡμῶν,
1407 2282 1493 2318 εἶκαὶ
1508 2281 1578 2308 κατὰ
1599 2281 1720 2308 διάνοιαν
1738 2282 1817 2307 ἀντι-

1018 2330 1137 2365 τεταγμέ
1142 2338 1205 2365 μην,
1220 2329 1303 2364 ἄμφω
1314 2317 1467 2362 θεωρεῖται.
1481 2328 1555 2354 Ἐκεῖ
1567 2327 1619 2362 μὲν
1628 2327 1684 2362 γὰρ
1695 2327 1725 2353 τὸ
1737 2327 1817 2360 Θεὸς

1023 2376 1053 2402 οὐ
1069 2375 1182 2410 κυρίως,
1193 2373 1262 2401 ἀλλὰ
1276 2374 1306 2400 τὺ
1322 2374 1434 2407 Πατὴρ,
1445 2372 1561 2400 ἐνταῦθα
1573 2371 1602 2398 δὲ
1618 2373 1649 2399 οὺ
1661 2371 1692 2398 τὸ
1706 2372 1817 2406 Πατὴρ

1020 2422 1134 2457 κυρίως,
1149 2420 1217 2447 ἀλλὰ
1230 2420 1260 2446 τὸ
1278 2419 1361 2451 Θεὸς.

1055 2514 1090 2545 γ’.
1113 2509 1175 2536 Ἐπὶ
1187 2509 1216 2536 δὲ
1238 2509 1447 2544 διαγράμματος
1466 2508 1565 2542 γένοιτ’
1584 2506 1617 2534 ἂν
1641 2506 1817 2542 σαφέστερον

1018 2556 1115 2591 ἔχοντα
1156 2555 1189 2581 τὰ
1230 2556 1362 2589 εἰρημένα
1379 2562 1386 2569 ·
1418 2553 1645 2589 προταττομένων
1684 2551 1737 2587 μὲν
1763 2553 1818 2580 τοῦ

1019 2603 1121 2638 Πατὴρ
1135 2604 1183 2630 καὶ
1208 2602 1290 2635 Θεὸς,
1311 2602 1536 2636 ὑποταττομένων
1549 2601 1578 2628 δὲ
1597 2600 1635 2635 τῷ
1649 2600 1699 2635 μὲν
1721 2600 1817 2636 Ila-rp!

1019 2649 1067 2676 τοῦ
1083 2649 1180 2682 Λόγου,
1193 2648 1231 2684 τῷ
1241 2648 1301 2684 Θεῷ
1317 2648 1345 2675 δὲ
1356 2647 1404 2675 τοῦ
1416 2648 1642 2683 προσλήμματος,
1657 2646 1705 2673 καὶ
1719 2654 1818 2681 γραμ-

1023 2696 1081 2731 μῶν
1094 2696 1126 2723 ὲκ
1142 2695 1314 2732 παραλλήλου
1326 2694 1535 2732 προαγομένων,
1546 2693 1574 2721 αῖ
1591 2693 1762 2721 συνάπτουσι
1772 2692 1816 2728 τῷ

925 2762 1040 2792 ΝΟΤΔΕ.

219 2827 275 2860 (3|)
290 2827 348 2855 Vat.
371 2826 455 2862 παρὰ.
