1880 3057
70 136 113 170 δίθῒ
497 132 547 162 AD
564 130 866 176 AMPHIIDCHIUM

66 196 132 229 Λόγῳ
139 191 182 219 τὸν
196 189 304 225 Πατέρα
318 189 364 216 καὶ
375 188 421 215 τὸν
431 188 499 215 Θεδν
510 188 550 224 τῷ
566 188 773 223 προσλήμματι,
785 187 833 213 καὶ
847 188 870 216 Α

65 241 108 275 μὴν
125 239 168 265 καὶ
189 236 324 272 γραμμῶν
344 234 431 262 ἄλλων
457 233 570 260 εὐθειῶν
589 233 771 269 γραφομένων
786 233 832 267 ἀφ’

63 284 177 319 ἑκατέρας
190 283 275 317 ἀρχῆς
288 281 347 318 τῶι
357 279 537 315 παραλλήλων
554 279 622 314 πρὸς
633 279 765 314 ἑκάτερον
783 279 833 305 πέ-

65 339 107 366 ρας
127 329 331 363 συναπτομένων
346 328 393 354 καὶ
417 326 536 362 χιασμὸν
551 326 608 362 (32)
625 325 675 360 μέν
690 333 752 351 τινα
767 324 835 360 πρὸς

62 376 150 411 ἄλληλα
162 373 412 410 σχηματιζομένων,
425 371 568 407 διαγώνιον
580 371 608 398 δὲ
622 371 697 397 θέσιν
709 371 776 406 πρδς
787 371 837 402 τὰς

64 419 234 455 παραλλήλους
259 418 394 452 ἑκατέρας
423 415 636 451 ἀναδεχομένης.
662 414 749 450 Δῆλον
781 414 837 449 γὰρ

63 465 181 498 ἐντεῦθεν,
195 464 232 495 ὡς
250 464 320 491 κατὰ
335 463 385 499 μὲν
398 464 448 498 τὴν
471 462 642 497 παράλληλον
655 462 711 488 τῶν
725 461 838 488 εὐθειῶν

66 512 127 538 θέσιν
140 511 153 538 ὃ
165 519 194 537 τε
215 510 311 545 Πατὴρ
331 509 379 536 τοῦ
391 509 479 543 Λόγου
494 508 600 543 Πατὴρ,
621 508 669 534 καὶ
683 509 697 533 ό
710 507 776 538 Θεὸς
790 506 837 533 τοῦ

64 557 260 592 προσλήμματος
279 556 346 588 Θεὸς
369 555 402 582 ἂν
426 554 522 590 όιρθείη
545 554 649 590 κυρίως
675 553 838 587 λεγόμενος,

64 602 151 628 καταδὲ
158 601 205 636 τὴν
215 601 364 635 συνάφειαν
372 599 419 626 τοῦ
428 598 546 634 χιασμοῦ
555 599 603 625 καὶ
613 600 626 625 ό
635 598 701 630 Θεὸς
718 598 785 629 Θεὸς
793 597 839 624 τοῦ

65 649 138 682 Λόγου
153 647 198 675 καὶ
211 647 225 674 ό
238 647 332 682 Πατὴρ
347 646 378 672 οὐ
395 646 499 681 κυρίως
514 644 548 672 ἂν
564 644 661 680 ῥηθείη
683 643 777 680 Πατὴρ
793 643 839 670 τοῦ

66 693 274 728 προσλήμματος.
296 693 328 718 Εί
343 692 372 718 δὲ
387 691 418 718 τὸ
434 691 485 726 μὲν
499 692 532 717 ἐκ
545 690 720 726 παραλλήλου
737 690 840 728 λάϐοι-ς,

66 738 123 764 τὸδὲ
136 737 203 764 κατὰ
220 737 271 772 τήν
291 737 438 771 διαγώνιον
460 736 604 772 γραμμὴν,
622 735 671 762 καὶ
690 735 770 762 τοῦτο
780 736 841 762 καθ’

67 785 184 820 ἑκατέραν
196 783 374 818 συζυγίαν,δι“
391 783 559 819 ἁμςςοτέρων
570 783 623 818 όψῃ
637 783 668 809 τό
688 791 717 808 τε
732 782 842 817 κυρίως

68 831 116 864 ἃμα
131 830 174 856 καὶ
187 831 222 856 οὐ
237 829 349 862 κυρίως
373 828 579 863 ἀναφυόμενον·
606 828 653 854 καὶ
679 827 732 863 γὰρ
753 828 768 853 ὸ
792 827 844 862 μὲν

69 859 149 910 Πατήρ
162 874 209 901 τοῦ
222 859 312 908 Λόγου
328 859 442 910 κυρίως,
454 874 469 900 ὁ
527 873 595 905 Θεὸς
609 874 640 900 οὺ
657 859 761 907 κυρίως
771 881 778 888 ⁸
793 859 842 899 καὶ
859 859 880 886 Β

69 920 136 946 πάλιν
153 920 166 946 ό
179 919 229 955 μὲν
244 921 340 956 Πατὴρ
353 920 401 946 τοῦ
418 919 636 956 προσλήμματος
651 919 681 946 οὺ
698 919 814 954 κυρίως,
829 920 843 945 ὁ

69 964 163 996 δὲΘεδς
183 964 297 1001 κυρίως.
320 965 472 1000 Τεσσάρων
494 962 542 991 οὖν
561 963 698 999 συζυγιῶν
722 963 846 991 ὲνδιπλα-

72 1010 136 1044 σμῶν
146 1011 353 1046 θεωρουμένων,
373 1012 440 1046 μιᾶς
461 1011 511 1046 μὲν
527 1011 581 1037 τῶν
597 1012 631 1037 ὲκ
656 1010 844 1045 παραλλήλου,

73 1057 153 1092 ἑτέρας
168 1058 196 1083 δὲ
210 1057 264 1084 τῶν
278 1058 351 1084 κατὰ
364 1057 493 1092 χιασμὸν,
510 1056 582 1083 δυοῖν
594 1056 617 1083 δ’
629 1056 796 1088 ὑπολοίπων,
810 1053 848 1083 ὦν

73 1103 176 1138 ἑκατέρα
201 1103 248 1130 διὰ
265 1104 332 1138 μιᾶς
349 1103 399 1137 μὲν
420 1102 475 1129 τῶν
496 1102 660 1136 διαγωνίων,
679 1101 797 1137 ϐατέρας
819 1101 848 1128 δὲ

72 1149 117 1176 τῶν
130 1151 160 1176 ἑκ
183 1149 360 1185 παραλλήλου
376 1148 611 1184 συμπλεκομένων
626 1147 757 1183 ἀλλήλαις
777 1147 848 1174 ἁπο-

73 1195 186 1229 τελεῑται,
204 1195 333 1231 φανερὸν,
349 1195 387 1227 ὡς
398 1195 430 1222 τὸ
444 1194 587 1228 ἐναντίως
598 1194 617 1228 ἢ
631 1194 678 1228 ἐφ’
693 1193 778 1228 ἡμῶν
787 1193 850 1228 ἔχει

76 1241 134 1276 πρὸς
155 1241 292 1276 ἑκατέραν
308 1241 363 1268 τῶν
377 1241 542 1268 τελευταίων
565 1239 781 1275 ἀποδοθήσεται·
803 1240 851 1267 καὶ

75 1288 119 1322 γὰρ
137 1289 182 1315 ἐπὶ
205 1288 314 1314 τούτων
333 1288 347 1314 ό
364 1287 461 1323 Πατήρ
479 1287 519 1322 τῷ
536 1286 616 1321 Λόγῳ
631 1286 678 1313 καὶ
701 1281 742 1321 τῷ
765 1294 852 1321 προσ-

75 1334 184 1369 λήμματι
201 1335 408 1369 συναπτόμενος
420 1353 426 1365 ,
443 1333 483 1369 τῷ
513 1333 563 1368 μὲν
585 1333 666 1366 Λόγῳ
683 1332 798 1367 κυρίως,
822 1331 852 1358 οὐ

75 1379 163 1413 κυρίως
177 1379 262 1414 ὃὲτῷ
271 1379 468 1415 προσλήμματι
486 1377 702 1412 συναρμόζεται·
720 1377 853 1408 ὡσαύτως

75 1424 100 1451 δὲ
111 1426 153 1453 καὶ
168 1426 199 1452 τό
213 1426 289 1459 Θεὸς
307 1426 409 1461 κυρίως
421 1425 470 1453 τοῦ
485 1425 703 1460 προσλήμματος
715 1444 722 1456 ,
748 1424 777 1451 οὐ
803 1432 854 1450 κυ-

78 1469 133 1503 ρίως
147 1470 174 1496 δὲ
189 1470 236 1496 τοῦ
252 1470 343 1504 Λόγου
359 1470 427 1501 θεὸς
441 1468 513 1497 εἶναι
524 1468 765 1505 περιαγγέλλεται.
776 1467 855 1494 Οὕτω

76 1516 206 1551 τοιγαροῦν
225 1517 306 1552 ἡμῶν
331 1515 554 1543 ἐπισκοπούντων
572 1516 602 1542 τὸ
625 1515 675 1550 μὲν
696 1515 747 1550 τῆς
770 1513 852 1546 συζυ-
866 1527 888 1556 c

77 1562 128 1594 γίας
148 1562 260 1597 κυρίως,
285 1562 315 1588 τὺ
336 1562 363 1588 δὲ
384 1562 414 1588 οὐ
433 1561 535 1596 κυρίως
557 1561 619 1596 ἔχον
635 1561 852 1596 ἀναφανήσεται,

78 1607 199 1634 καὶτοῦτο
213 1608 244 1635 οὐ
263 1607 419 1644 μονοειδῶς.
437 1607 495 1634 ἀλλ’
508 1608 537 1634 ὲν
551 1607 643 1642 σχέσει
657 1608 706 1634 καὶ
720 1606 855 1642 συνοιφείᾳ⁵

79 1651 293 1688 παραλλαττούσῃ
309 1652 460 1679 διπλασίονι
470 1659 478 1667 ’
494 1653 542 1679 καὶ
556 1651 647 1687 δῆλον,
666 1651 704 1683 ὡς
719 1652 855 1686 ἑκατέρας

79 1697 124 1723 τῶν
136 1699 268 1734 συζυγιῶν
281 1698 414 1734 ἑκάτερον
428 1698 475 1725 τοῦ
493 1699 603 1732 κυρίως
622 1699 669 1725 καὶ
683 1698 730 1725 τοῦ
751 1699 786 1725 οὺ
802 1707 856 1724 κυ-

78 1744 138 1776 ρίως
147 1745 272 1777 ἐναντίως
291 1745 308 1780 ἢ
326 1745 370 1780 ἐφ’
381 1744 461 1780 ἡμῶν
475 1744 533 1780 ἔχει
543 1753 550 1759 ·
569 1745 617 1770 καὶ
632 1744 726 1779 ἐπειδὴ
741 1742 857 1776 ἐπεζεύ-

82 1790 124 1825 χῡη
138 1791 168 1817 τὰ
180 1791 313 1826 ὀνόματα,
332 1791 362 1817 τὸ
378 1791 450 1823 Θεὸς
467 1790 540 1825 λέγω
555 1791 602 1817 καὶ
620 1790 732 1824 Πατὴρ,
748 1789 793 1816 διὰ
807 1790 858 1824 τῆς

82 1834 120 1860 τοῦ
137 1836 242 1870 κιφίως
257 1835 435 1867 οἱκειώσεως,
445 1835 600 1871 ὲπεζεύχθη
614 1835 642 1862 δὲ
657 1835 735 1861 οὐδὲν
747 1834 858 1861 ἔλαττον

83 1882 121 1906 καὶ
133 1881 174 1908 διὰ
186 1883 237 1917 τῆς
253 1882 303 1909 τοῦ
316 1882 359 1916 μὴ
377 1882 486 1916 κυρίως
503 1882 707 1917 συναρτήσεως,
726 1881 751 1907 εί
769 1880 859 1916 βούλει

82 1925 161 1953 δὲκαὶ
178 1927 244 1954 διότι
261 1927 309 1954 ἐπὶ
320 1928 370 1962 τῆς
385 1927 472 1962 αὐτῆς
496 1927 684 1958 ὑποστάσεως,
706 1927 731 1953 εί
750 1926 799 1952 καὶ
823 1926 860 1961 μὴ

83 1972 169 2004 ὁμοίως
185 1973 311 2009 φέρεται,
327 1973 465 2008 πρόφασις
483 1973 579 2007 γέγονε
594 1973 651 2004 τοῖς
664 1973 813 2007 αίρετικοῖς
830 1972 861 1999 τὸ

84 2018 190 2045 τοιοῦτον
212 2021 253 2051 είς
277 2019 309 2045 τὺ
332 2018 478 2054 κρατύνειν
490 2018 582 2045 αὐτῶν
601 2018 671 2054 μετὰ
685 2017 861 2054 προσωπείου

84 2062 110 2088 τὸ
119 2063 272 2100 δυσσέϐημα
288 2065 460 2091 κλεπτόντων
477 2065 527 2099 μὲν
547 2064 578 2090 τδ
593 2065 703 2098 κυρίως
716 2064 806 2091 καὶτὸ
825 2065 861 2091 οὐ

86 2111 191 2144 κυρίως,
214 2111 389 2147 σεσυλημένα
415 2112 443 2138 δὲ
467 2110 660 2146 προφερόντων
686 2111 724 2142 ὡς
741 2111 775 2137 ἂν
802 2110 864 2145 βούο

88 2153 161 2182 λοιντο
177 2157 207 2183 τὸ
226 2156 329 2191 Πατὴρ
344 2157 391 2183 καί
407 2165 439 2190 γε
457 2157 486 2183 τὸ
502 2157 574 2189 Θεὸς
589 2156 632 2191 ἐφ’
652 2156 788 2191 ἑκατέρας
808 2155 863 2182 τῶν

883 130 1056 166 ΟΗᾹΞΞΤΙΟ
1078 131 1238 162 LXXVIII.
1628 132 1679 162 ωε

885 194 939 213 non
953 186 1021 214 alias
1045 192 1133 213 rectas
1148 187 1233 215 lineas
1248 187 1403 221 scribendo,
1426 195 1488 223 qua:
1505 195 1538 216 ex
1563 194 1679 224 utroque

887 233 1078 267 parallelornm
1100 233 1178 260 initio
1194 232 1227 260 ad
1247 234 1392 261 terminum
1429 239 1577 270 utrumque
1594 243 1680 270 copu-

888 278 989 312 lentur,
1009 284 1037 306 et
1057 279 1210 306 cbiasmum
1228 280 1375 314 quemdam
1398 280 1432 307 ad
1457 280 1572 308 invicem
1595 281 1679 310 edor-

888 329 974 357 ment,
991 329 1106 360 utraque
1125 330 1215 353 tamen
1231 325 1384 360 diagonalis
1407 326 1441 354 ad
1459 327 1604 363 parallelas
1624 332 1681 355 sta-

888 376 991 398 tuatur.
1010 370 1079 398 Ilinc
1096 372 1168 398 enim
1186 372 1359 406 perspicuum
1376 372 1415 404 ﬁt,
1426 373 1497 407 quod
1514 373 1541 400 in
1551 374 1682 408 parallelo

889 422 1027 445 rectarum
1044 417 1179 444 linearum
1195 423 1222 444 et
1242 417 1321 444 Pater
1344 417 1426 445 Verbi
1449 417 1539 451 Pater,
1559 423 1586 446 et
1609 418 1682 447 Deus

890 463 1070 491 humanitatis
1082 468 1229 498 assumpta}
1240 463 1312 492 Deus
1322 464 1427 498 proprie
1442 464 1540 492 dicitur
1552 474 1559 499 ;
1576 466 1603 492 in
1615 473 1683 493 con-

888 510 1031 544 iunctione
1045 515 1134 537 autem
1150 509 1266 537 chiasmi
1280 514 1307 537 et
1317 509 1389 537 Deus
1404 509 1484 537 Verbi
1503 509 1573 538 Deus
1586 515 1615 538 et
1634 511 1684 537 Pa-

891 560 932 581 ter
947 555 1126 582 humanitatis
1142 554 1222 582 Pater
1237 563 1289 581 non
1308 554 1415 589 proprie
1431 554 1543 582 dicitur.
1568 555 1645 588 Quod
1661 555 1685 583 si

891 600 1006 628 alterum
1023 599 1132 635 quidem
1150 601 1299 628 secundum
1316 600 1472 635 parallelam
1486 600 1596 633 lineam,
1613 601 1682 628 alte-

892 654 952 673 rum
969 654 1033 673 vero
1049 646 1202 673 secundum
1213 645 1386 681 diagonalem
1404 654 1498 673 sumas
1509 667 1517 679 ,
1541 647 1621 680 idque
1641 655 1687 674 se.

893 691 1013 719 cundum
1024 696 1171 726 utramque
1186 692 1418 727 coniugationem,
1433 693 1563 728 utrinque
1577 693 1688 728 prodire

894 739 998 766 videbis
1012 743 1040 765 et
1053 739 1193 774 propriam
1216 739 1300 766 simul
1315 744 1342 766 et
1364 739 1456 767 minus
1474 741 1610 775 propriam
1641 747 1688 768 ac-

894 785 1057 820 ceptionem.
1077 784 1184 812 Etenim
1210 785 1290 812 Pater
1313 785 1423 820 quidem
1453 785 1534 813 Verbi
1567 786 1689 821 proprie,

896 831 967 858 Dens
989 836 1078 858 autem
1105 831 1195 858 minus
1212 831 1331 866 proprie,
1350 837 1375 858 et
1400 839 1509 859 rursum
1532 831 1612 859 Pater
1626 831 1690 866 qui-

896 876 956 902 dem
977 881 1127 910 assumpta:
1155 875 1336 903 humanitatis
1363 876 1455 903 ritilius
1480 876 1600 911 proprie,
1619 876 1691 903 Deus

896 912 961 949 vero
983 921 1104 956 proprie.
1133 920 1202 948 Cum
1226 921 1310 956 igitur
1337 925 1456 956 quatuor
1484 921 1692 957 coniugationes

897 967 1045 1003 duplicata:
1056 967 1277 1000 considerentur,
1293 975 1349 994 una
1364 967 1476 1002 quidem
1498 967 1632 994 linearum
1647 975 1694 1002 pa-

899 1013 1066 1045 rallelarum,
1084 1013 1168 1040 altera
1183 1021 1247 1040 vero
1267 1013 1401 1040 linearum
1425 1013 1542 1040 chiasmi
1566 1013 1695 1048 (interse-

899 1059 1028 1094 ctarum),
1048 1063 1076 1086 et
1093 1059 1155 1086 alia:
1184 1059 1254 1091 duae,
1282 1067 1399 1094 quarum
1424 1059 1551 1094 qumlibet
1576 1067 1610 1087 ex
1638 1067 1694 1087 una

899 1104 1082 1139 diagonalium
1097 1109 1124 1132 et
1138 1105 1190 1132 alia
1202 1104 1395 1140 parallelarum
1407 1106 1477 1132 inter
1485 1113 1514 1133 se
1524 1105 1695 1140 complicatis

900 1151 1026 1183 resultat,
1044 1151 1189 1178 manifeste
1212 1155 1334 1186 apparet,
1351 1152 1424 1186 quod
1441 1151 1523 1179 verba
1543 1151 1589 1179 illa
1602 1156 1696 1178 contra

901 1207 981 1234 quam
1000 1199 1071 1233 apud
1087 1207 1134 1226 nos
1153 1207 1203 1226 usu
1217 1199 1296 1231 venit.
1311 1199 1344 1226 ad
1361 1198 1518 1226 utramlibet
1546 1203 1697 1233 postrema-

902 1253 962 1272 rum
983 1245 1120 1273 reddenda
1144 1250 1220 1274 sunt.
1240 1245 1268 1272 ln
1290 1245 1333 1273 his
1361 1245 1434 1272 enim
1457 1244 1538 1272 Pater
1560 1244 1648 1272 Verbo
1670 1249 1698 1272 et

903 1295 1051 1325 assumpta:
1067 1291 1228 1318 humanitati
1245 1291 1389 1326 copulatus
1404 1289 1491 1318 Verbo
1504 1289 1615 1325 quidem
1634 1298 1700 1325 pro-

903 1336 972 1371 prie,
987 1336 1151 1364 humanitati
1178 1341 1269 1363 autem
1293 1340 1441 1371 assumpta:
1467 1336 1558 1364 minus
1587 1336 1699 1371 proprie

904 1386 1067 1416 coaptatur;
1087 1381 1123 1408 ita
1138 1389 1205 1408 vero
1220 1386 1248 1408 et
1263 1388 1316 1408 vox
1333 1380 1402 1407 Dens
1416 1380 1526 1416 proprie
1543 1381 1698 1408 humanita-

906 1425 941 1453 tis
953 1430 1114 1461 assumptae,
1128 1425 1219 1453 minus
1233 1426 1343 1461 proprie
1363 1425 1440 1453 Verbi
1460 1433 1521 1453 esse
1539 1426 1701 1460 pronuntia-

907 1476 961 1499 tur.
989 1472 1035 1500 Sic
1058 1472 1142 1507 igitur
1164 1471 1207 1499 his
1231 1479 1246 1498 a
1271 1471 1350 1499 nobis
1369 1471 1561 1503 consideratis.
1582 1472 1698 1499 alteram

906 1515 1015 1550 quidem
1029 1515 1250 1550 coniugationem
1265 1515 1383 1550 proprie,
1400 1515 1512 1542 alteram
1530 1523 1594 1543 vero
1608 1515 1700 1542 minus

907 1560 1015 1595 proprie
1029 1560 1116 1595 accipi
1130 1560 1282 1596 apparebit,
1295 1561 1377 1595 idque
1391 1568 1443 1588 non
1459 1569 1512 1588 una
1527 1560 1701 1596 simplicique

908 1605 1006 1636 forma,
1025 1605 1072 1632 sed
1093 1605 1121 1632 in
1148 1605 1308 1633 habitudine
1328 1609 1356 1632 et
1376 1605 1551 1641 copulatione
1578 1605 1703 1633 variante

908 1651 1027 1686 gemina.
1045 1651 1077 1678 Et
1090 1655 1173 1686 patet,
1190 1651 1217 1678 in
1236 1651 1367 1678 utralibet
1389 1651 1585 1686 coniugatione
1597 1656 1702 1679 utram-

908 1697 974 1725 libet
1005 1696 1107 1732 proprii
1134 1701 1161 1724 ct
1186 1697 1279 1724 minus
1311 1697 1415 1732 proprii
1441 1698 1577 1724 rationem
1606 1702 1700 1724 contra

909 1750 993 1778 quam
1009 1742 1080 1777 apud
1096 1750 1146 1770 nos
1163 1742 1200 1770 sit
1212 1750 1242 1770 se
1258 1742 1369 1770 habere.
1383 1742 1416 1770 Et
1429 1742 1559 1776 quoniam
1574 1742 1700 1776 copulata

911 1786 1021 1813 fuerunt
1035 1786 1158 1817 nomina,
1174 1786 1246 1813 Deus
1265 1787 1376 1821 inquam
1399 1792 1427 1814 et
1448 1786 1538 1817 Pater.
1555 1794 1603 1821 per
1619 1786 1703 1821 huius

911 1832 1031 1859 adverbii
1050 1833 1156 1867 proprie
1170 1833 1363 1868 adiectionem,
1385 1833 1509 1868 copulata
1525 1836 1616 1860 tamen
1632 1832 1704 1859 nihi-

912 1878 1031 1906 lominus
1045 1877 1157 1905 fuerunt
1168 1886 1217 1913 per
1230 1879 1353 1906 adverbii
1368 1887 1418 1905 non
1431 1879 1537 1913 proprie
1554 1877 1706 1913 colligatio—

912 1932 986 1957 nem,
1003 1923 1044 1950 vel
1058 1924 1080 1951 si
1096 1924 1138 1951 vis
1152 1924 1247 1955 etiam,
1262 1925 1326 1960 quia
1338 1924 1383 1951 illa
1398 1924 1431 1951 de
1445 1924 1540 1951 eadem
1553 1923 1705 1959 hypostasi,

914 1971 976 1997 licet
995 1978 1048 1998 non
1068 1970 1203 2003 similiter.
1220 1970 1383 2002 eﬂ‘ernntur.
1400 1970 1425 1997 id
1442 1977 1509 1997 ansa
1525 1969 1631 1997 exstitit
1649 1969 1690 1996 ha:

914 2016 1006 2043 rcticis
1021 2015 1055 2043 ad
1079 2016 1295 2043 conﬁrmandam
1311 2024 1374 2043 cum
1397 2015 1493 2043 fraude
1517 2022 1595 2042 suam
1612 2014 1709 2048 impie-

915 2067 1008 2094 tatem,
1026 2061 1214 2089 auferentibus
1239 2061 1350 2096 quidem
1372 2069 1453 2089 voces
1479 2060 1539 2088 illas
1561 2059 1666 2094 proprie
1682 2063 1709 2085 ct

916 2108 1057 2143 improprie
1072 2108 1188 2142 doloque
1207 2107 1340 2142 sacrilego
1354 2107 1386 2134 ad
1406 2114 1486 2134 suum
1502 2104 1706 2141 proferentibns

918 2155 1023 2182 libitum
1034 2161 1129 2180 vocem
1146 2154 1219 2180 illam
1239 2152 1329 2180 Patris
1344 2157 1370 2180 et
1385 2152 1431 2180 Dei
1443 2160 1527 2187 supra
1550 2151 1709 2179 utramlibet

88 2200 138 2227 καθ’
158 2202 308 2229 ὑπόστασιν
333 2202 481 2238 ὴνωμένων
509 2202 620 2237 φύσεων
642 2202 712 2238 προς
742 2202 792 2237 τὴν
814 2202 848 2236 τῆ

918 2205 1080 2227 naturarum
1092 2199 1262 2235 ltypostatice
1280 2199 1431 2230 unitarum,
1446 2203 1475 2225 ut
1487 2206 1564 2226 suam
1579 2196 1709 2231 blasphe-

90 2241 146 2275 ἰδίας
159 2244 336 2281 βλασφημίας
353 2246 496 2274 σύστασιν.
516 2246 597 2273 Ἀλλὰ
615 2246 679 2282 περὶ
698 2247 747 2282 μὲν
761 2247 864 2273 τούτων

90 2289 193 2318 τοσαῦτα
207 2292 221 2318 ό
236 2292 287 2328 τῆς
301 2293 446 2327 φιλοσόφου
460 2292 578 2328 θεωρίας
592 2292 703 2326 διέξεισι
718 2292 809 2326 λόγος.

919 2246 1001 2274 miam
1017 2245 1166 2273 stabiliant.
1182 2245 1281 2273 Verum
1305 2245 1362 2272 haec
1381 2245 1488 2280 quidem
1504 2245 1541 2271 ita
1562 2251 1595 2270 ex
1615 2242 1710 2270 catho-

919 2293 978 2320 Πρω
992 2292 1054 2319 tldei
1068 2292 1193 2319 doctrina
1210 2292 1392 2327 explicantur.

828 2380 946 2409 NOTAE.

123 2450 173 2484 (52)
188 2440 336 2479 Chiasmns
351 2456 393 2479 est
413 2451 499 2486 ﬁgura
519 2450 636 2478 formam
657 2449 753 2476 litterae
785 2456 802 2475 ι
827 2449 973 2476 exhibens.
1007 2448 1038 2475 In
1068 2449 1118 2476 cod
1140 2448 1201 2476 Vat.
1233 2447 1344 2476 schema
1370 2453 1385 2472 a
1409 2443 1505 2471 Photio
1536 2444 1709 2479 designatum

123 2486 229 2509 erinlnm
244 2492 285 2509 est
298 2496 304 2509 ε
628 2483 720 2509 Πατὴρ
1079 2483 1145 2509 Θεὸς

1102 2491 1145 2516 se;

95 2486 229 2521 ascriptum
244 2492 285 2514 cst
297 2496 305 2514 :
433 2483 445 2486 ’
628 2483 720 2518 Πατὴρ

659 2681 677 2714 ’ἐ

651 2719 686 2746 '2.

655 2748 677 2784 Ξ

791 2595 823 2621 οε
941 2591 990 2628 \s'o.

907 2626 960 2672 ,ρῳ

884 2685 904 2706 +
1107 2673 1125 2705 ἔ

908 2706 952 2740 eo,

768 2785 796 2816 (ξ)

684 2902 685 2906 η
739 2900 769 2917 ου
1004 2892 1052 2918 τοῦ
1104 2889 1318 2925 προσλήμματος
