1880 3057
180 102 234 136 499

761 108 892 139 ΡΗΟΤΙΙ
909 109 1163 140 ΡΛΤΡιΙΛΙῖΟΗιΈ
1179 110 1233 140 CP.

1760 108 1814 140 500

180 163 239 190 lmo
255 167 282 190 et
294 171 389 191 eorum
415 172 477 199 quae
493 165 592 193 desunt
611 166 751 194 additione
765 171 792 194 et
805 175 899 195 eorum
914 175 974 202 qua:

1064 176 1154 201 55(4):;
1170 168 1256 204 πόσης
1280 168 1309 195 δὲ
1323 168 1409 196 δεῖται
1423 168 1473 203 τῆς
1496 167 1710 203 ὰνακαθάρσεως
1720 186 1728 199 ,
1744 167 1814 194 ἀλλὰ

180 208 333 235 redundant
356 208 536 242 detractione,
556 217 678 237 necnon
706 211 845 238 subtiliori
873 211 972 238 distin-

180 253 268 280 ctione
282 258 362 287 atque
376 254 606 288 agglutinationel
620 256 742 288 Quorum
767 257 834 284 nihil
865 257 970 284 beatam

180 298 253 324 illam
268 304 351 333 atque
364 299 547 327 inmortalem
571 305 696 328 naturam
713 307 801 336 potest
818 302 968 338 attingere,

180 350 233 370 non
246 345 334 371 solum
348 345 484 378 cominus.
497 346 545 374 sed
559 354 593 374 ne
602 347 710 375 eminus
723 348 845 383 quidem.
858 348 936 381 Quod
947 349 970 376 si

180 391 206 415 in
222 390 303 418 rebus
315 391 465 418 materiatis
477 400 529 419 non
542 398 584 420 est
596 393 733 421 lidcndum
746 395 971 423 contradictionis

180 435 275 462 forma;
300 443 350 469 pro
367 436 492 464 lihrandn
508 438 631 465 veritatis
650 446 682 466 ac
707 438 833 467 falsitatis
854 439 967 474 judicio,

179 479 231 505 nisi
247 479 328 506 simul
342 485 368 506 et
379 480 431 507 alia
446 481 531 508 multa
547 482 730 511 adsumuntur
741 491 802 519 quae
815 484 970 512 accuratius

179 524 351 560 distinguant
365 531 391 553 et
407 526 520 554 iniciant
542 533 570 555 et
588 529 732 563 perliciant
757 530 861 557 critcrii
890 530 971 558 istius

180 568 234 594 vim
247 587 254 600 ,
271 569 450 597 multominus
460 570 487 596 in
503 570 766 600 divinaetineﬂ‘abili
781 573 974 609 mentibusque

181 613 308 640 lunnanis
340 614 576 648 imperscrutabili
612 620 708 644 natura
738 618 838 651 poterit
869 618 973 646 criterii

180 659 265 685 rulun-
290 663 317 686 ιιι
345 660 515 699 dignitatem,
539 661 640 690 habere
656 663 811 698 operositas
836 664 974 692 eontradi»

182 704 296 731 ctionis.

181 758 230 785 νης
244 750 356 785 ἔρευναν
375 751 468 787 χώραν
481 752 594 788 εὑρήσει
609 754 754 789 κριτηρίου
787 755 986 791 περιὸαλέσθαι

182 804 195 821 ε
199 805 262 831 ργον
273 807 280 831 ς

1024 215 1070 240 καὶ
1086 215 1263 250 παρενθήκης
1274 215 1328 242 τῶν
1345 215 1525 249 λειπομένων,
1541 212 1599 240 ἀλλ’
1610 212 1748 247 ἀποὸολῆς
1759 212 1815 238 τῶν

1023 260 1238 293 περιττευόντων
1245 280 1251 292 ,
1264 260 1332 287 ἀλλὰ
1339 260 1520 296 λεπτουργίας
1530 260 1576 286 καὶ
1583 259 1811 294 ὲπιγομφὼσεωςῑ

1021 303 1058 332 ὢν
1072 306 1151 332 οὐδὲν
1168 306 1281 333 δυνατὺν
1295 307 1344 342 τῆς
1360 307 1501 342 μακαρίας
1517 306 1624 341 ἐκείνης
1647 305 1696 332 καὶ
1712 304 1816 339 ἀκράν-

1021 359 1069 377 του
1081 350 1182 385 ψαύειν
1197 353 1315 386 φύσεως,
1325 352 1380 378 οὐδ’
1391 352 1486 385 ἐγγὺς,
1498 351 1568 378 ἀλλὰ
1577 350 1626 377 καὶ
1636 349 1696 376 λίαν
1707 350 1814 388 MM”,

1022 396 1068 422 καὶ
1082 396 1163 423 πλέον
1185 396 1202 431 ἧ
1224 397 1286 423 ὅσον
1307 397 1493 433 δημιουργικὴ
1520 396 1600 431 φύσις
1616 396 1670 422 τῶν
1685 395 1816 430 γηγενῶν

1020 437 1271 474 δημιουργημάτων
1293 440 1520 476 ἀνακεχώρηκεν.
1541 440 1573 467 Ει
1589 441 1618 467 δὲ
1635 439 1751 466 ἐπὶτῶν
1771 439 1814 465 ὲν-

1022 483 1093 510 ύλων
1110 484 1140 511 οὺ
1154 486 1386 512 καταπιστεύεται
1412 485 1442 512 τὸ
1464 486 1558 522 σχῆμα
1572 486 1623 520 τῆς
1642 485 1817 519 ἀντιφάσεως

1023 530 1115 565 κρίσιν
1128 531 1305 566 ζυγοστατεῖν
1317 532 1446 567 ἀληθείας
1462 532 1509 558 καὶ
1521 531 1647 566 ψεύδους,
1659 530 1697 566 μὴ
1709 529 1818 556 πολλῶν

1023 577 1071 603 καὶ
1086 577 1175 604 ἄλλων
1188 577 1538 614 συμπαραλαμϐανομένων
1552 578 1599 604 καὶ
1621 575 1819 611 συνακριὼλο-

1022 623 1154 656 γούντων,
1169 624 1405 659 ύποστηριςόντων
1420 633 1450 651 τε
1465 623 1513 650 καὶ
1530 622 1757 649 συντελειούντων
1770 620 1819 647 τοῦ

1023 670 1171 704 κριτηρίου
1185 670 1234 705 τὴν
1253 670 1378 705 δύναμιν,
1394 670 1411 705 ἢ
1430 669 1481 696 ποῦ
1497 677 1529 704 γε
1545 669 1591 695 ὲπὶ
1605 668 1654 703 τῆς
1675 667 1752 698 θεία-ς
1770 666 1822 692 καὶ

1024 713 1094 749 ὑπὲρ
1108 713 1187 749 λόγον
1200 715 1247 741 καὶ
1268 715 1407 750 λογισμῶν
1421 714 1602 750 ἀνθρωπίνων
1617 713 1666 739 οὐκ
1681 711 1821 746 ἀνεχομέ-

1024 760 1124 795 κράτος
1145 770 1175 788 τε
1197 762 1245 788 καὶ
1277 762 1383 797 ἀξίωμα
1423 761 1472 796 τῆς
1492 761 1662 795 ἀντιφάσεως
1684 759 1715 786 τὺ
1737 759 1822 794 περί-

218 844 246 872 6.
267 846 356 880 Atque
381 845 504 886 inspice,
528 846 552 874 si
581 847 666 879 lubet,
693 848 817 883 exempla
844 850 971 884 propiora

1065 850 1104 883 ς’.
1126 851 1181 877 Καὶ
1195 851 1258 887 ὅρα,
1272 852 1298 878 εἰ
1310 860 1340 885 γε
1352 851 1460 886 βούλει,
1476 851 1523 878 καὶ
1536 851 1592 878 τῶν
1605 851 1762 886 εἰρημένων
1775 851 1825 884 ὲγ-

182 899 302 926 quoque.
318 899 399 926 quam
412 900 472 927 qua:
483 892 638 921 attulitnus.
652 894 794 925 Exstantia
808 896 975 930 produxitne

184 937 254 964 lieus
271 938 381 969 saecula,
395 945 428 964 an
445 946 499 966 non
516 940 663 972 exstantia,
682 945 709 967 et
722 941 911 969 subsistuntne
939 951 973 970 an

183 990 237 1009 non
262 983 435 1011 subsistunt?
452 984 479 1012 Si
505 985 578 1012 enim
599 987 746 1019 exstantia,
770 988 907 1021 quomodo
920 996 974 1016 non

183 1027 303 1056 inaniter
333 1029 505 1065 (produxit)?
528 1031 673 1063 Quomodo
698 1039 752 1060 non
774 1033 898 1062 fabulosa
924 1031 997 1062 erit'

183 1074 228 1101 illa
247 1075 413 1109 productio?
433 1075 480 1103 Sin
509 1081 600 1104 autem
624 1085 678 1105 non
699 1080 847 1113 exstantia,
869 1081 915 1108 ubi
934 1085 977 1109 est

181 1121 254 1154 quod
269 1121 379 1148 telernis
388 1126 429 1148 est
438 1124 634 1150 coextensum'!
648 1123 682 1151 Et
699 1124 722 1152 si
739 1132 793 1152 non
808 1126 974 1158 subsistunt.

181 1165 320 1198 quomodo
347 1165 374 1192 in
402 1167 484 1194 rebus
498 1167 695 1196 ersistentibus
711 1170 825 1197 omnino
839 1171 880 1198 vel
905 1171 976 1200 unde

183 1215 247 1238 sunt
270 1211 329 1239 sive
346 1218 429 1239 erunt
451 1211 572 1241 saecula?
587 1214 615 1242 Si
636 1223 702 1243 vero
719 1216 887 1251 subsistunt,
905 1218 976 1246 unde

183 1256 250 1290 ipsis
261 1257 364 1284 accedit
375 1258 541 1286 illimitatum
553 1264 581 1287 et
589 1260 755 1289 inunensttm
766 1261 870 1291 ?Visne
884 1264 976 1292 adhuc

183 1302 295 1337 propius
323 1304 519 1332 absurditatem
540 1306 716 1342 conspicere?
734 1307 815 1336 Pater
841 1309 975 1337 exsistens

184 1347 273 1376 factus
292 1344 334 1376 est
349 1349 429 1378 Pater
454 1351 497 1378 vel
522 1359 577 1379 non
603 1353 751 1382 exsistens.
780 1355 810 1382 Si
829 1354 976 1388 exsistens,

184 1394 288 1429 aliquid
312 1395 398 1430 ipsius
425 1397 532 1424 exstitit
546 1398 624 1433 prius
639 1403 666 1427 et
681 1400 753 1427 aliud
770 1402 908 1435 posterius
929 1410 978 1429 ac—

183 1441 279 1473 cessit,
292 1446 319 1469 et
333 1443 473 1477 quomodo
491 1449 628 1472 mutatum
650 1445 713 1480 fuit,
728 1447 801 1482 quod
817 1453 859 1475 est
873 1448 974 1475 immu-

183 1486 284 1515 tabile?
310 1488 340 1515 Si
367 1496 431 1516 vero
455 1497 508 1516 non
532 1490 686 1523 cxsistens.
715 1493 877 1521 mutationis
907 1494 978 1522 ratio

1024 896 1239 930 γύτερον.”οντα
1257 897 1438 932 προήγαγενό
1454 897 1520 928 θεὸς
1527 897 1573 923 τὸν
1585 896 1671 923 αἰῶνα
1684 896 1701 932 ἢ
1720 896 1760 931 μὴ
1775 897 1823 922 ὅν-

1024 949 1075 973 τα;
1085 941 1132 967 καὶ
1144 939 1200 977 ἆρα
1213 942 1367 976 ὑφέστηκεν
1385 942 1402 978 ἦ
1417 942 1466 977 οὐχ
1479 941 1646 976 ὑφέστηκενς
1657 941 1689 967 Εἰ
1702 940 1753 975 μὲν
1763 941 1823 975 γὰρ

1025 989 1101 1021 ὄντα,
1118 988 1179 1020 πῶς
1190 989 1221 1015 οὐ
1238 988 1338 1024 μάτην,
1353 989 1412 1020 πῶς
1425 988 1447 1015 δ’
1464 988 1494 1014 οὺ
1510 987 1595 1023 λῆρος
1611 987 1628 1022 ή
1645 987 1822 1022 παραγωγή;

1026 1037 1051 1063 εί
1065 1035 1094 1062 δὲ
1104 1034 1148 1071 μὴ
1162 1035 1238 1066 ὄντα,
1253 1035 1305 1061 ποῦ
1319 1035 1377 1066 τοῖς
1392 1034 1489 1066 ἀϊδίοις
1505 1034 1536 1060 τὸ
1551 1033 1824 1071 παρεκτεινόμενον;

1027 1083 1074 1110 καὶ
1086 1082 1114 1109 εἴ
1125 1090 1157 1116 γε
1173 1081 1211 1117 μὴ
1227 1081 1375 1116 ὑφέστηκε,
1385 1080 1444 1112 πῶς
1456 1080 1511 1106 τῶν
1522 1079 1608 1106 όντων
1621 1079 1689 1110 ὅλως
1705 1078 1722 1114 ἢ
1735 1078 1824 1105 πόθεν

1026 1127 1108 1161 αἰώνς
1134 1128 1159 1154 εί
1179 1127 1201 1154 δ’
1229 1127 1378 1162 ὑφέστηκε,
1405 1126 1487 1153 πόθεν
1512 1125 1588 1161 αὺτῷ
1611 1125 1643 1151 τὸ
1664 1124 1826 1159 ἀπέραντον

1026 1172 1245 1208 ἐπακολουθήσει
1262 1172 1311 1199 καὶ
1325 1172 1512 1207 ἁδιεξίτητον;
1530 1171 1592 1197 Ἔτι
1618 1170 1647 1197 δὲ
1670 1169 1827 1205 ἐγγύτερον

1026 1219 1056 1246 τὸ
1079 1220 1180 1247 ἄτοπον
1203 1218 1294 1254 βούλει
1320 1218 1457 1253 καθορᾷν;
1487 1217 1517 1244 Ὁ
1540 1217 1636 1252 Πατὴρ
1660 1216 1699 1243 ὢν
1722 1216 1827 1249 γέγονε

1027 1266 1122 1301 Πατὴρ
1136 1265 1153 1300 ἢ
1168 1265 1205 1301 μὴ
1224 1265 1276 1298 (iw;
1292 1265 1317 1291 εἰ
1332 1265 1382 1300 μὲν
1396 1265 1451 1299 γὰρ
1472 1263 1522 1296 ὢν,
1539 1265 1571 1291 τὸ
1587 1264 1637 1298 μὲν
1651 1261 1735 1289 αὐτοῦ
1753 1262 1827 1296 πρό-

1026 1319 1119 1346 τερον,
1140 1311 1171 1338 τὸ
1185 1311 1214 1338 δὲ
1236 1310 1394 1345 ἐπιγέγονε,
1416 1309 1464 1337 καὶ
1482 1309 1541 1341 πῶς
1566 1308 1772 1344 μεταϐἐὸληται
1794 1307 1828 1333 τὸ

1027 1357 1234 1394 ἀμετάϐλητονς
1260 1358 1284 1383 εί
1303 1357 1332 1384 δὲ
1350 1356 1388 1392 μὴ
1407 1356 1457 1388 ὢν,
1483 1355 1530 1382 καὶ
1551 1355 1566 1382 ὁ
1598 1355 1648 1389 τῆς
1669 1353 1829 1388 μεταϐολῆς

1029 1403 1080 1438 μὲν
1093 1403 1172 1437 λόγος
1185 1403 1262 1429 οὐδὲν
1278 1400 1360 1438 ἦττον
1378 1401 1599 1434 ἀποσκευάζεται
1615 1401 1646 1427 τδ
1661 1399 1829 1434 ἀμετάϐλη-

1026 1450 1137 1483 τονζκαὶ
1151 1449 1222 1476 κατὰ
1231 1449 1281 1484 τῆς
1292 1450 1443 1484 ἁῖδιότητος
1452 1448 1534 1475 πλέον
1551 1447 1669 1474 ἵσταται.
1677 1445 1761 1472 Ἀλλὰ
1773 1445 1831 1479 λη-

1031 1494 1150 1530 ρούντων
1166 1494 1257 1522 ταῦτα
1271 1496 1321 1531 τῆς
1336 1496 1481 1531 αἱρετικῆς
1494 1495 1553 1521 ἐστι
1566 1494 1615 1521 καὶ
1629 1492 1741 1528 πρώτης
1759 1499 1832 1517 σπο-

185 1532 252 1558 nihil
267 1532 357 1560 minus
369 1534 485 1561 destruit
496 1534 744 1563 immutabilitatem
754 1541 781 1564 et
794 1542 888 1565 contra
905 1546 976 1566 sem-

1066 1548 1080 1571 ς
1096 1539 1186 1566 πάντα
1201 1539 1336 1575 γεώργιαι

183 1577 364 1611 piterllilatem
391 1578 506 1607 validius
532 1585 645 1616 pugnat.
674 1579 776 1609 Verum
811 1583 868 1611 haec
894 1584 1053 1618 nugantium
1083 1588 1156 1617 sunt,
1183 1589 1211 1612 et
1245 1585 1379 1612 haeretica:
1410 1593 1443 1612 ac
1466 1584 1560 1620 prima:
1587 1584 1701 1611 sationis
1730 1583 1831 1609 omnia

182 1622 193 1648 ί
195 1627 297 1650 ructus.

219 1668 244 1695 7.
265 1669 330 1696 Esto
344 1678 351 1696 :
379 1670 426 1698 sed
436 1670 551 1698 forsitan
566 1670 639 1698 aliud
655 1671 813 1700 baareticum
829 1681 976 1708 argumen-

182 1719 238 1741 tum
256 1715 388 1742 audacius
415 1721 535 1751 emerget
560 1721 587 1744 et
606 1724 737 1745 amovens
751 1725 766 1744 a
783 1726 812 1746 se
828 1721 978 1755 transposi-

183 1761 267 1787 tionis
296 1761 415 1795 culpam,
446 1770 498 1796 qua
523 1762 660 1797 oppositio
686 1763 731 1790 illa
758 1764 915 1797 vitiabatur.
940 1767 978 1794 ita

181 1805 268 1833 ferme
289 1806 435 1834 instituere
459 1807 700 1842 interrogationem
715 1810 843 1837 moliatur
866 1820 873 1838 :
896 1811 978 1839 Exsi-

181 1856 296 1879 stcntcm
321 1853 457 1888 negenuil
482 1853 561 1880 l'ater
572 1853 669 1881 Filium
682 1863 716 1882 an
730 1856 904 1884 exsistentem
925 1866 979 1885 non

181 1896 295 1930 genuit?
316 1901 343 1924 et
358 1902 452 1932 poscet
467 1898 581 1925 alteram
606 1904 712 1933 partem
728 1901 909 1937 oppositionis
925 1902 978 1930 sibi

182 1941 305 1978 concedi.
320 1940 419 1968 Verum
434 1942 576 1970 enimvero
589 1947 617 1970 et
636 1944 689 1971 tale
699 1943 829 1979 eﬂ‘ugium
839 1950 979 1973 ostensum

183 1991 226 2015 est
242 1995 289 2022 per
301 1988 460 2022 supradicta
476 1989 601 2024 exempla
616 1989 739 2018 inlirmas
755 1998 924 2025 prorsusque
931 1991 979 2018 de-

182 2032 273 2067 iet-tas
289 2031 390 2060 habere
408 2033 490 2069 vires.
507 2033 580 2061 Nihil
595 2039 686 2061 autem
711 2040 784 2062 vetat
801 2040 828 2063 et
852 2044 923 2064 [tunc
938 2036 980 2063 di-

185 2082 257 2105 recte
268 2078 421 2106 etbreviter
435 2079 499 2107 illud
514 2079 626 2107 refutari
638 2080 704 2115 (5'1).
717 2080 763 2108 Vel
779 2081 851 2108 enim
872 2083 979 2117 simpli-

187 2124 256 2150 citer
281 2124 417 2158 signiﬁcat
441 2134 493 2152 non
518 2127 618 2160 genuit,
639 2127 677 2154 nil
695 2127 768 2154 aliud
795 2135 904 2160 eorum,
920 2136 981 2163 quae

184 2170 292 2205 adjungi
308 2170 418 2204 debent,
441 2177 617 2204 connectens.
642 2173 683 2200 vel
715 2181 768 2201 una
784 2182 877 2201 secum
892 2174 979 2208 ducit,

184 2217 257 2251 quod
269 2218 330 2245 addi
342 2218 433 2251 debet,
445 2219 551 2247 scilicet
565 2227 617 2246 non
629 2219 720 2255 genuit
729 2220 790 2254 jam
801 2221 978 2248 exsistentem.

185 2263 238 2296 Qui
250 2262 384 2291 fallaciam
396 2271 504 2292 onmem
516 2265 601 2292 evitat
629 2269 692 2301 apte
705 2266 858 2294 orationem
874 2274 978 2294 conne-

1064 1676 1097 1709 ζ’.
1123 1673 1199 1702 Εἶενυ
1215 1674 1274 1701 ἀλλ’
1288 1674 1353 1705 ἴσως
1367 1673 1400 1700 ἄν
1419 1679 1462 1702 τις
1487 1670 1580 1706 ἕτερος
1596 1669 1742 1705 αἱρετίζων
1763 1677 1835 1695 νεα-

1029 1722 1163 1749 νιεύσοιτο
1176 1720 1254 1754 λόγος
1273 1719 1318 1746 καὶ
1333 1717 1384 1753 τὴν
1398 1717 1431 1744 ὲκ
1451 1715 1623 1751 μεταθέσεως
1637 1713 1682 1749 ὑφ’
1699 1711 1734 1749 ἦς
1749 1714 1836 1740 ἀντέ-

1030 1767 1105 1798 θεσις
1122 1765 1274 1796 ὲνοθεύετο,
1291 1761 1549 1796 ἁποσκευαζόμενος
1564 1759 1666 1791 αἰτίαν,
1677 1759 1751 1786 οὕτω
1766 1766 1835 1791 πως

1031 1812 1198 1849 προαγαγεῖν
1212 1809 1418 1844 ὲπιτεχνάσαιτο
1436 1806 1485 1842 τὴν
1504 1806 1657 1842 ἐρώτησιν
1676 1805 1762 1831 Ὄντα
1779 1813 1835 1838 γε-

1030 1858 1162 1893 γέννηκεν
1179 1857 1193 1883 ὁ
1208 1855 1304 1890 Πατὴρ
1333 1855 1379 1881 τὸν
1402 1854 1465 1880 Υιδν
1486 1853 1503 1888 ἢ
1521 1852 1586 1879 ὄντα
1605 1852 1636 1879 οὺ
1653 1851 1811 1886 γεγέννηκε
1826 1860 1834 1883 ς

1032 1904 1079 1930 καὶ
1092 1903 1252 1938 ἐπιζητήσει
1272 1902 1385 1938 θάτερον
1407 1900 1488 1937 μέρος
1514 1900 1564 1935 τῆς
1581 1900 1745 1930 ἀντιθέσεως
1757 1900 1835 1926 ἁκο-

1031 1948 1186 1984 κρίνασϐαι.
1208 1947 1288 1974 Ἀλλὰ
1303 1947 1359 1983 γὰρ
1376 1946 1424 1973 καὶ
1440 1947 1457 1982 ἡ
1470 1945 1581 1980 τοιαύτη
1608 1945 1755 1980 καταφυγὴ
1787 1945 1837 1972 δὲ-

1032 1994 1135 2021 δεικται
1152 1994 1201 2029 μὲν
1215 1993 1259 2021 διὰ
1272 1993 1327 2020 τῶν
1347 1992 1503 2028 εἰρημένων
1525 1991 1758 2027 παραδειγμάτων
1777 1999 1834 2017 σας

1033 2039 1097 2076 θρὺν
1123 2038 1346 2075 προσεὸλημένον
1359 2038 1407 2065 καὶ
1419 2037 1652 2074 περιυϐρισμένον
1666 2036 1705 2072 τῷ
1728 2037 1836 2064 δικαίω

1031 2085 1061 2111 τὺ
1079 2084 1185 2111 ἄσυλον·
1198 2084 1274 2111 οὐδὲν
1286 2083 1315 2110 δὲ
1328 2083 1426 2110 κωλύει
1438 2084 1486 2110 καὶ
1499 2083 1546 2109 νῦν
1555 2083 1601 2110 τὸν
1612 2082 1723 2117 ἔλεγχον
1729 2083 1775 2109 ἐπ’
1784 2083 1837 2109 εὑ-

1032 2130 1106 2161 θείας
1114 2139 1144 2156 τε
1154 2129 1202 2156 καὶ
1213 2129 1452 2164 ἐπιτόμωςείπεῖψ
1460 2128 1492 2155 τὸ
1498 2129 1588 2155 τοίνυν
1597 2128 1671 2155 ὄντα
1679 2129 1718 2155 οὺ
1727 2128 1838 2163 γεγέν-

1033 2184 1128 2210 νηκεν
1141 2176 1181 2207 είς
1192 2175 1280 2202 διττὸν
1293 2175 1484 2210 ἑπιμερίζεται
1500 2173 1648 2208 ὃιανόημα’
1663 2173 1710 2200 καὶ
1729 2173 1761 2199 τὺ
1778 2174 1836 2208 μὲν

1035 2222 1127 2254 ἁπλῶς
1142 2222 1240 2255 ἑπάγει
1258 2221 1327 2256 πρὸς
1339 2221 1370 2247 τὺ
1380 2220 1424 2255 μὴ
1439 2219 1629 2254 γεγέννηκεν,
1641 2219 1737 2253 ἕτερον
1751 2219 1837 2246 οὐδὲν

1035 2269 1090 2296 τῶν
1111 2268 1275 2304 ὀφειλόντων
1305 2265 1539 2294 ἐπισυνάπτεσθαι
1568 2265 1738 2300 συμπλέκον,
1755 2264 1790 2291 τὺ
1803 2265 1835 2292 δὲ

190 2315 270 2336 ctcns
285 2308 441 2341 aﬂirmahit,
458 2309 522 2344 quia
539 2311 646 2345 genitus
670 2311 750 2338 simul
765 2320 826 2339 cum
841 2311 883 2339 sui
900 2319 976 2346 gene-

1064 2315 1220 2349 ινεπάγεται
1241 2314 1332 2340 καὶτὸ
1359 2312 1517 2344 ἀκόλουθον,
1532 2312 1569 2339 οὐ
1585 2310 1749 2346 γεγέννηκε
1773 2311 1836 2346 γὰρ

186 2355 292 2382 ratione
307 2355 389 2382 habet
397 2355 596 2383 exsistentiam.
606 2356 681 2384 Istud
695 2357 778 2392 igitur
788 2357 976 2384 haereticorum

1064 2369 1119 2390 ητα.
1156 2361 1185 2387 Ὀ
1207 2359 1383 2396 ῥᾳδιουργίαν
1410 2359 1501 2385 πᾶσαν
1516 2357 1660 2393 ὲκφεύγων
1686 2356 1836 2392 ἁρμοδίως

185 2407 377 2436 argumentum
392 2409 440 2436 per
460 2402 579 2437 priorem
599 2404 786 2438 acccptionem
799 2403 976 2438 simpliciores

1064 2416 1081 2434 ιν
1103 2406 1182 2441 λόγον
1204 2405 1333 2440 συνείρων
1357 2405 1415 2439 ὲρεῖ
1436 2412 1443 2419 ·
1463 2403 1531 2430 διότι
1554 2402 1710 2445 σύνδρομον¹
1736 2401 1752 2427 ὁ
1767 2409 1838 2435 γεν-

189 2447 330 2479 territans.
345 2448 378 2476 ad
394 2448 486 2484 fugam
505 2449 566 2477 illos
581 2450 696 2484 impellit
709 2458 760 2477 nee
774 2450 840 2477 sinit
856 2450 976 2477 anitnum

1064 2453 1128 2488 ιθεὶς
1143 2451 1199 2487 ἔχει
1212 2452 1245 2486 τῇ
1272 2450 1400 2486 γεννήσει
1411 2449 1462 2485 τὴν
1476 2449 1605 2484 ὕπαρξιν.
1620 2446 1836 2483 Μορμολύττων

186 2494 219 2521 ad
246 2495 394 2522 secundam
424 2495 588 2524 sententiam
615 2496 768 2529 advertere,
793 2504 855 2532 quae
879 2496 976 2524 rationi

1064 2500 1126 2526 κίνυν
1137 2499 1152 2525 ὁ
1164 2497 1307 2533 αἱρετίζων
1331 2497 1410 2531 λόγος
1423 2496 1469 2523 διὰ,
1491 2497 1541 2531 τῆς
1553 2495 1689 2530 προτέρας
1713 2493 1837 2528 ἑκδοχῆς

187 2541 325 2575 congruit.
344 2541 373 2568 Si
397 2542 471 2569 enim
485 2542 517 2570 ad
542 2543 616 2570 illam
631 2543 693 2578 quis
720 2544 841 2570 animum
856 2543 976 2578 adjiciat,

1064 2546 1099 2577 ,υς
1114 2543 1317 2578 ἁπλουστέρους
1328 2542 1439 2577 φεύγειν
1450 2540 1603 2574 ἀναπείθει,
1613 2540 1680 2576 μηδὲ
1696 2540 1767 2574 πρὸς
1780 2539 1837 2573 τὴν

186 2587 355 2621 facillimam,
365 2593 394 2616 ut
403 2590 487 2622 vides,
496 2590 701 2625 piissimamque
710 2590 976 2625 reddideritrespon-

1064 2591 1162 2626 υτέραν
1184 2590 1303 2616 διάνοιαν
1323 2589 1371 2616 καὶ
1395 2588 1435 2624 τῷ
1454 2588 1527 2623 λόγῳ
1547 2588 1742 2638 προσήκουσαν
1759 2586 1837 2638 ,ἑπι-

186 2634 309 2669 sioucm;
324 2644 387 2663 nam
404 2636 550 2672 allirmare,
565 2638 637 2673 quod
653 2638 831 2665 exsistentem
848 2636 904 2671 jam
924 2645 976 2665 nou

1064 2635 1214 2671 ’ρὲφεσθαι’
1234 2635 1258 2661 εί
1274 2634 1325 2669 μὲν
1339 2634 1394 2669 γὰρ
1411 2633 1589 2668 ἁπερείσαιτο
1604 2640 1646 2663 τις
1662 2631 1732 2666 πρὸς
1758 2631 1835 2656 ἐκεί-

188 2681 292 2714 κειιιιίι,
304 2681 368 2717 quia
379 2683 460 2711 simul
472 2691 534 2712 cum
547 2684 705 2712 exsistentia
714 2683 976 2719 exstititgeneratio,

1066 2691 1080 2709 ν
1110 2682 1156 2710 τὸν
1182 2682 1255 2713 νοῦν,
1273 2680 1485 2717 εὺχερεστάτην,
1501 2679 1539 2711 ὼς
1554 2679 1631 2714 ὁρᾷς,
1651 2678 1699 2704 καὶ
1714 2677 1832 2713 ὀρθοδα-

943 2749 1061 2778 NOTAE.

231 2817 287 2853 (37)
303 2816 366 2846 Haec
382 2818 463 2854 igitur
478 2819 640 2855 propositio,
655 2820 824 2847 exaisteutcm
844 2827 894 2847 mm
914 2818 1014 2854 gmnit,
1037 2817 1064 2845 iu
1081 2817 1215 2852 duplicem
1232 2816 1366 2844 scinditur
1378 2815 1550 2844 sententiam.
