1880 3057
71 139 122 171 509

546 138 597 168 AD
610 137 906 169 AMPHHDCHIUM
926 138 1102 174 QUIESTIO
1119 139 1235 168 LXXX.

1647 140 1699 172 510

70 199 159 233 μόνων
174 196 334 233 ἠρτημένην
349 196 403 223 τῶν
429 196 562 230 φυσικῶν.
591 197 701 233 Ὠστεή
718 197 766 232 μὲν
779 196 858 231 θέλη-

947 197 985 223 tle
999 196 1114 230 φυσικὸν
1127 196 1243 231 θέλημα,
1261 196 1286 224 id
1301 202 1342 225 est
1359 198 1470 225 natural.
1482 206 1507 226 tn
1521 200 1700 232 voluntatem,

69 245 113 275 σίς
133 245 210 270 ἐστιν
223 243 292 278 αὑτὴ
309 244 326 277 ὴ
343 243 445 278 ζωτική
457 251 488 268 τε
496 243 542 269 καὶ
551 242 653 277 γλογικὴ
665 242 756 277 ὄρεξις
765 242 860 270 πασῶν

67 290 122 316 τῶν
136 289 187 323 τῆς
204 288 310 322 φύσεως
326 288 496 314 συστατικῶν
515 288 589 322 ἁπλῆ
609 288 735 323 δύναμις.
761 287 793 314 'H
806 287 861 322 γὰρ

67 335 122 361 τῶν
133 335 240 368 ἀλόγων
247 333 337 368 ὄρεξις
349 334 386 368 μὴ
398 332 466 360 οὖσα
474 334 570 368 λογιχὴ
580 334 610 360 οὐ
622 333 730 368 λέγεται
741 333 859 368 θέλησις.

68 381 187 414 Θέλησις
199 377 247 406 οὖν
260 380 286 406 τί
303 380 367 406 ποτέ
389 380 464 405 ἐστιν
479 379 597 413 εἴρηται.

912 242 1047 269 deﬁniunt
1061 249 1122 269 esse
1134 243 1282 277 appetitum
1307 244 1456 271 naturalem
1485 249 1512 271 et
1528 246 1698 279 rationalem,

911 295 944 314 ex
961 287 1027 314 solis
1041 287 1210 314 naturalibus
1226 288 1397 322 pendentem.
1414 289 1505 322 Quare
1521 290 1646 325 Θέλησις,
1672 293 1698 319 id

910 338 952 361 est
981 333 1118 365 voluntas,
1134 337 1176 360 est
1192 333 1249 368 ipse
1269 334 1395 361 animalis
1411 340 1437 362 et
1461 337 1603 364 rationalis
1617 344 1700 372 appe-

910 379 975 406 titus
1006 381 1130 406 omnium
1151 380 1344 413 potentiarum,
1366 389 1426 415 qum
1450 387 1574 410 naturam
1598 385 1700 412 consti-

69 433 162 459 tuunt,
181 428 294 462 simplex
309 426 440 461 potentia.
459 425 601 460 Appetitus
619 424 691 451 enim
707 424 917 456 irrationalium,
949 432 1011 452 cum
1041 432 1097 452 non
1128 425 1165 452 sit
1197 426 1350 460 rationalis,
1367 434 1420 454 non
1443 427 1544 456 dicitur
1561 430 1697 459 voluntas.

69 478 176 505 Dictum
201 478 282 512 igitur
301 481 353 509 est,
378 475 444 510 quid
467 475 502 502 sit
528 475 648 510 Θέλησις,
675 473 701 500 id
729 478 771 501 est
799 474 935 501 voluntas.

105 525 240 559 Βούλησις
253 524 281 549 δέ
297 524 355 549 ἔστι
377 522 442 548 ποιὰ
457 521 559 556 φυσικὴ
574 521 694 555 θέλησις,
713 522 797 557 ἤγουν
810 530 860 556 φυ-

71 569 136 604 σικὴ
154 569 202 596 καὶ
213 568 309 603 λογικὴ
325 567 414 602 δρεξίς
424 575 496 598 ¹τινι-ις
523 566 696 602 πράγματος.
716 566 859 600 Ἔγκειται

71 617 121 650 μὲν
132 617 188 650 γὰρ
201 615 218 649 ἡ
232 614 346 649 δύναμις
356 614 385 640 ἐν
399 615 432 648 τῇ
440 612 487 639 τοῦ
503 612 647 647 ἀνθρώπου
663 612 737 647 ψυχῇ
755 612 802 638 τοῦ
813 612 859 638 λο-

70 660 156 694 γικῶς
170 659 332 695 ὀρέγεσθαν
346 659 391 685 ὅτε
408 659 436 685 δὲ
454 658 576 693 φυσικῶς
608 657 732 693 κινηθείη
754 658 824 692 αὕτη
842 658 858 693 ή

947 519 1078 554 Βούλησις
1096 527 1161 547 vero
1171 525 1212 547 est
1229 521 1360 549 naturalis
1373 522 1501 550 voluntas
1527 523 1643 556 ποιάήιί
1658 530 1700 552 est

912 565 1037 600 aliqualis
1051 566 1090 599 (ut
1103 565 1140 593 ita
1155 566 1273 602 dicam);
1287 569 1418 595 naturalis
1431 569 1503 596 enim
1518 574 1545 597 et
1560 570 1699 599 rationalis

913 612 1048 646 appetitus
1062 612 1096 639 de
1110 612 1201 647 aliqua
1215 621 1244 640 re
1259 618 1299 640 est
1314 615 1469 642 rationalis.
1488 615 1559 642 Inest
1581 617 1654 644 enim
1671 618 1699 644 in

913 657 1004 684 anima
1019 658 1139 685 hominis
1155 659 1206 690 vis,
1232 659 1289 687 sive
1311 661 1431 695 potentia
1453 662 1595 696 appetendi
1616 664 1699 690 ratio-

70 705 166 741 λογικὴ
175 705 266 740 ὄρεξις
279 705 346 739 πρός
357 713 384 731 τι
398 704 636 739 πρᾶγμα.λέγεται
649 703 785 739 βούλησις·
797 703 858 738 βού-

950 702 1029 735 liter;
1055 704 1166 737 quando
1188 710 1278 731 autem
1302 706 1464 733 naturaliter
1490 713 1616 736 monetur
1639 709 1699 743 ipse

70 749 149 784 λησις
157 749 213 785 γάρ
226 750 298 775 ἐστιν
316 748 405 783 ὄρεξις
423 749 469 774 καὶ
487 748 578 782 ἔφεσίς
597 757 669 779 τινος
695 748 858 783 πράγματος

947 749 1047 783 petitus
1065 750 1204 777 rationalis
1219 751 1251 777 ad
1274 751 1393 785 aliquam
1414 760 1483 785 rem,
1509 753 1609 781 dicitur
1635 754 1699 790 βού-

70 795 179 830 λογική.
212 795 327 828 Λέγεται
339 794 368 820 δὲ
381 794 507 829 βούλησις
522 794 570 820 xui.
590 795 636 820 ἐπὶ
652 793 707 819 τῶν
721 794 763 828 ἐφ’
780 794 856 828 ἡμῖν,

947 803 996 827 σις,
1018 795 1044 822 id
1065 802 1106 823 est
1119 797 1245 823 voluntas
1260 797 1375 831 alicujus
1392 799 1430 825 rei
1447 808 1453 826 :
1477 799 1605 836 βούλησις
1625 802 1697 829 enim

70 842 197 868 τουτέστι
216 841 263 867 καὶ
274 841 320 867 ἐπὶ
331 841 388 867 τῶν
401 841 550 867 ἀδυνάτων.
567 840 726 875 Βουλόμεθα
740 840 794 875 γὰρ
811 840 858 866 καὶ

947 847 952 868 ι
966 841 1102 876 appetitus
1121 846 1149 868 et
1165 842 1328 869 desiderium
1345 844 1461 878 alicujus
1478 846 1517 872 rei
1540 847 1672 874 rationale
1689 856 1695 873 :

71 887 109 923 μὴ
123 887 282 919 ἀποθανεῖν,
300 887 357 914 ἐστι
371 887 399 914 δὲ
414 888 430 922 ή
443 886 570 922 βούλησις
579 887 627 913 τοῦ
639 887 743 919 τέλους,
757 887 788 913 οὐ
804 887 858 914 τῶν

947 887 1011 914 :itur
1025 892 1116 914 autem
1130 887 1267 923 βούλησις.
1282 889 1307 915 id
1319 894 1361 916 est
1373 891 1498 918 voluntas
1512 891 1629 925 alicujus
1647 892 1698 924 rei,

71 934 140 968 πρὸς
147 933 180 960 τὸ
194 934 281 965 τέλος,
296 934 378 964 Τέλος
388 932 444 967 γὰρ
456 933 486 960 τὸ
502 933 632 968 βουλητὸν
641 932 680 964 ὡς
691 932 721 959 τὸ
736 933 858 967 ὑγιᾶναι·

961 933 995 959 iis
1006 940 1068 967 qua:
1079 938 1143 960 sttut
1159 935 1184 960 in
1192 940 1286 961 nostra
1297 940 1440 968 potestate,
1450 940 1478 963 et
1487 937 1521 964 de
1529 937 1562 964 iis
1571 945 1631 972 qua:
1642 946 1697 965 non

71 978 139 1015 πρὸς
153 978 187 1005 τὸ
200 979 277 1010 τέλος
289 978 318 1005 δὲ
332 980 346 1005 ὁ
363 979 463 1013 τρόπος
478 978 513 1005 δι’
529 975 560 1005 οὗ
578 978 724 1013 ὀφείλομεν
737 978 857 1012 ὑγιᾶναι.

947 982 991 1011 ηι;
1007 978 1032 1005 id
1046 983 1099 1009 est,
1113 979 1146 1006 de
1163 979 1196 1007 iis
1210 988 1270 1014 quae
1286 988 1301 1007 a
1318 981 1395 1008 nobis
1409 980 1465 1008 ﬁeri
1480 987 1603 1016 possunt,
1622 989 1649 1010 et
1664 983 1698 1011 de

70 1027 104 1053 iis
117 1034 182 1061 quae
199 1033 254 1064 no_n
269 1030 401 1060 possunt;
415 1026 544 1054 volumus
561 1026 634 1053 enim
649 1033 705 1053 non
719 1026 802 1058 mori,
819 1029 860 1053 est
875 1030 1004 1059 praeterea
1025 1025 1162 1061 βούλησις,
1188 1027 1214 1054 id
1238 1032 1279 1055 cst
1306 1027 1431 1055 voluntas
1448 1030 1520 1061 linis,
1539 1037 1593 1057 non
1608 1035 1697 1057 autem

70 1082 165 1101 eorum
189 1082 250 1109 qute
263 1078 387 1109 spectant
408 1074 442 1101 ad
471 1074 561 1101 tinem.
589 1073 665 1101 Finis
696 1073 768 1101 enim
782 1073 861 1100 estsi:
877 1072 1016 1108 βουλητὸν,
1031 1072 1057 1100 id
1070 1078 1113 1100 est
1126 1073 1151 1100 id
1171 1074 1243 1109 quod
1260 1075 1399 1108 volumus,
1414 1080 1443 1103 ut
1456 1076 1525 1105 bene
1539 1078 1646 1112 valere;
1663 1079 1698 1106 ad

71 1122 152 1149 ﬁnem
182 1125 273 1148 autem
300 1126 407 1156 spectat
421 1121 447 1148 id
465 1128 513 1155 per
537 1120 611 1156 quod
627 1121 759 1148 debemus
775 1120 844 1148 bene
859 1120 957 1147 valere.
988 1129 992 1132 ι

105 1181 185 1209 Μετὰ
199 1181 229 1208 δὲ
239 1181 290 1217 τὴν
306 1181 442 1216 βούλησιν,
460 1180 575 1216 ζήτησις
590 1181 637 1207 καὶ
649 1180 745 1215 σκέψις
767 1180 827 1215 μεθ’
840 1179 859 1207 ἃ.

69 1228 86 1261 ἡ
99 1227 192 1261 βουλή.
207 1226 296 1261 Βουλὴ
319 1226 373 1260 γάρ
387 1226 461 1257 ἐστιν
475 1225 565 1260 δρεξις
579 1224 678 1260 ζητικὴ
702 1230 713 1244 ε
731 1225 795 1260 περὶ
805 1225 858 1254 τῶν

69 1275 110 1307 ἐφ’
128 1274 195 1308 ἡμῖν
214 1273 386 1308 πραγμάτων
407 1272 536 1307 γινομένη
549 1280 557 1287 ο
583 1271 739 1306 βουλεύεται
763 1272 817 1306 γὰρ
835 1271 860 1297 εί

68 1319 172 1353 ὀφείλει
187 1328 231 1350 τις
248 1318 387 1353 μετελθεῖν
409 1318 439 1344 τὸ
451 1318 567 1353 πρᾶγμα
583 1318 599 1353 ἢ
618 1317 660 1344 οὔ.
675 1315 742 1343 Εἶτα
759 1317 857 1352 κρίνει,

68 1365 116 1390 καὶ
131 1364 240 1397 λέγεται
259 1363 359 1398 κρίσις.
380 1363 438 1397 Ἐφ’
465 1360 506 1396 οἷς
526 1363 675 1390 διατίθεται
693 1363 742 1390 καὶ
764 1363 860 1398 ἀγαπᾷ

70 1411 117 1437 καὶ
129 1410 240 1444 λέγεται
269 1410 366 1446 γνώμη
377 1419 385 1426 ·
406 1410 439 1437 ἂν
450 1410 531 1446 κριθῇ
552 1411 601 1445 μὲν
616 1410 680 1445 γὰρ,
695 1410 733 1445 μὴ
748 1409 858 1444 διατεθῇ

67 1455 95 1482 δὲ
113 1455 182 1490 πρὸς
196 1455 228 1482 τὸ
244 1456 338 1491 κριθέν
348 1463 356 1470 '
370 1456 455 1491 ἦγουν
468 1455 500 1482 ἂν
512 1455 549 1490 μὴ
560 1455 693 1492 ἀγαπήσῃ
701 1455 731 1480 οὐ
751 1454 860 1488 λέγεται

67 1502 166 1536 γνώμη
178 1509 186 1516 ·
203 1501 251 1527 ἐπὶ
271 1501 363 1536 μέντοι
375 1503 408 1537 τῇ
427 1499 524 1536 γνώμῃ
549 1501 567 1535 ἡ
588 1500 747 1536 προαίρεσις
768 1500 862 1526 ἕπεται

67 1547 151 1574 οἱονεὶ
169 1546 281 1581 ἐκλογή.
308 1546 386 1573 Μετά
417 1546 447 1572 δὲ
474 1548 524 1581 τὴν
555 1546 716 1582 προαιρεσιν
749 1547 767 1581 ἡ
791 1538 895 1581 πρὸςσ

67 1593 118 1629 τὴν
130 1592 229 1628 πρᾶξιν
249 1592 391 1619 ἀκολουθεί
411 1593 501 1627 ὁρμή·
528 1590 589 1619 εἶτα
614 1593 723 1628 χρῆσις,
750 1592 811 1627 μεθ’
825 1593 859 1627 ἢν

66 1639 101 1665 τὰ
114 1638 164 1673 τῆς
178 1638 296 1672 ὀρέξεως
310 1637 435 1664 παύεται.
455 1637 517 1664 Ἐπὶ
547 1637 597 1672 μὲν
611 1635 657 1664 οὖν
668 1638 723 1664 τῶν
742 1638 858 1671 ἀλόγων,

68 1684 139 1720 μετά
150 1684 201 1719 τὴν
216 1683 307 1719 ὄρεξιν
318 1683 398 1715 εὐθὺς
417 1685 433 1718 ὴ
453 1683 526 1720 ὁρμὴ
550 1683 657 1716 ἕπεται,
684 1684 731 1710 ἐπὶ
752 1684 780 1710 δὲ
805 1683 859 1711 τῶν

67 1729 186 1763 λογικῶν
198 1729 229 1755 οὐ
242 1729 361 1760 πάντως.
376 1728 417 1755 Τὰ
431 1729 482 1764 μὲν
502 1728 556 1764 γὰρ
569 1728 655 1763 ἄλογα
675 1729 727 1755 ὑπὸ
740 1729 790 1760 τῆς
806 1737 858 1763 φυ-

69 1776 149 1810 σικῆς
170 1775 289 1810 ὀρέξεως
318 1775 426 1808 ἄγεται,
447 1774 486 1801 διὸ
508 1774 570 1801 οὐδὲ
580 1774 717 1810 Θέλησιςή
734 1774 788 1800 τῶν
801 1774 860 1801 ἁλό-

68 1829 125 1854 γων
136 1820 227 1854 ὄρεξις
237 1820 358 1854 λέγεται,
374 1819 433 1846 οὐδὲ
457 1819 594 1854 βούλησις.
615 1819 677 1846 Ἐπὶ
695 1819 724 1846 δὲ
740 1819 794 1846 τῶν
811 1820 859 1846 ἀν-

68 1865 188 1900 θρώπων
201 1865 303 1899 μᾶλλον
325 1865 342 1900 ή
369 1864 472 1900 φυσικὴ
489 1864 578 1900 ὕρεξις
590 1865 694 1900 ⁴ε”ήπερ
708 1864 787 1898 ἄγει·
799 1865 858 1892 αὐτ-

69 1912 129 1944 εξου
134 1911 198 1943 aito;
206 1911 261 1946 γὰρ
270 1911 317 1937 καὶ
328 1911 397 1944 μετὰ
407 1910 487 1944 λόγου
499 1911 625 1942 κινεῖται,
638 1909 731 1945 ἐπειδὴ
741 1910 788 1936 καὶ
797 1919 858 1936 συν-

69 1958 235 1993 εζευγμέναι
247 1957 316 1983 εἰσὶν
330 1957 357 1983 αἱ
374 1956 524 1990 γνωστικαὶ
537 1956 584 1983 καὶ
604 1955 717 1988 ζωτικαὶ
731 1956 860 1991 δυνάμεις

70 2005 99 2029 ἐν
114 2004 156 2038 τῷ
175 2002 322 2037 ἀνθρώπῳ,
344 2001 525 2034 αὐτεξουσίως
551 2001 696 2037 τοιγαροῦν
721 2002 858 2037 ὀρέγεται,

70 2049 118 2076 καὶ
138 2048 319 2081 αὐτεξουσίως
345 2049 429 2084 ὁρμᾷ,
455 2048 502 2075 καὶ
525 2048 560 2075 τὰ
587 2048 656 2075 ἄλλα
679 2047 859 2081 αὐτεξουσίως

71 2103 152 2122 ποιει.

106 2185 171 2212 Ἐπὶ
184 2185 214 2211 δέ
225 2193 257 2219 γε
272 2185 320 2220 τῆς
335 2183 410 2215 θείας
425 2184 472 2210 καὶ
489 2183 627 2218 μακαρίας
636 2183 682 2210 καὶ
694 2183 857 2218 ὐπερουσὶου

72 2231 191 2265 φύσεως,
211 2216 358 2265 βούλησινά
383 2229 433 2264 μὲν
447 2216 572 2263 λέγομεν,
597 2216 756 2264 προαίρεσιν
768 2228 795 2254 δὲ
810 2220 863 2254 xu:
871 2216 898 2245 D

73 2278 138 2311 ρέως
151 2277 182 2302 οὐ
200 2276 329 2310 λέγομεν,
345 2275 440 2310 ὥσπερ
462 2275 524 2302 οὐδὲ
547 2274 653 2309 σκέψιν,
681 2274 741 2301 οὐδὲ
759 2274 858 2309 βούλη-

72 2331 113 2348 σιν
124 2327 149 2354 ε,
171 2321 230 2348 ἀλλ’
246 2321 301 2348 οὐδ’
322 2321 368 2348 ἐπὶ
388 2321 437 2356 τῆς
451 2320 498 2347 τοῦ
522 2321 626 2356 Κυρίου
646 2320 745 2356 ψυχῆς,
762 2320 859 2356 βουλὴν

72 2368 189 2402 λέγομεν
204 2367 222 2402 ἢ
238 2366 407 2402 προαιρεσιν.
426 2366 463 2393 Οὐ
475 2365 530 2401 γὰρ
545 2363 618 2400 εἶχεν
635 2366 757 2399 ἄγνοιαν,
772 2366 796 2391 el
813 2366 860 2392 καὶ

72 2414 121 2448 τῆς
148 2414 184 2440 τὰ
209 2413 342 2448 μέλλοντα
367 2413 518 2447 ἀγνοούσης
547 2411 714 2448 ἐχρημάτιζε
739 2412 858 2447 φύσεως.

78 2460 226 2486 Ἐνωθείσα
243 2459 298 2495 γὰρ
318 2457 356 2494 τῷ
369 2459 428 2495 Θεῷ
442 2459 522 2494 Λόγῳ
541 2458 602 2485 καθ’
615 2458 773 2492 ὑπόστασιν,
790 2459 860 2486 πάν·

949 1179 1015 1208 Post
1030 1180 1168 1215 βούλησιν,
1187 1181 1213 1208 id
1242 1185 1284 1209 est
1314 1182 1481 1210 voluntatem
1511 1184 1627 1219 alicujus
1653 1186 1692 1213 rei

911 1230 953 1253 est
969 1227 1110 1261 inquisitio
1135 1232 1162 1255 et
1190 1228 1389 1261 consideratio,
1415 1234 1511 1264 postea
1539 1232 1696 1259 consilium.

912 1271 1064 1300 Consilium
1079 1272 1152 1300 enim
1165 1277 1208 1300 est
1224 1274 1373 1308 appetitus,
1385 1275 1527 1310 inquirens
1543 1278 1576 1304 de
1590 1278 1622 1305 iis
1637 1285 1698 1313 qua:

911 1323 974 1345 sunt
987 1326 1069 1353 penes
1085 1327 1156 1347 nos:
1182 1321 1317 1348 consultat
1331 1321 1405 1348 enim
1425 1329 1459 1349 an
1480 1323 1577 1350 debeat
1598 1324 1698 1359 aliquis

910 1364 1019 1398 aggredi
1037 1365 1156 1400 aliquam
1171 1373 1238 1398 rem,
1251 1374 1284 1393 an
1301 1375 1366 1394 non.
1383 1366 1481 1396 Postea
1493 1368 1598 1403 iudicat
1614 1375 1641 1397 et
1656 1371 1698 1396 di-

912 1411 983 1438 citur
994 1411 1139 1445 judicium.
1154 1411 1183 1438 In
1198 1412 1298 1447 quibus
1319 1413 1444 1446 adicitur,
1460 1419 1488 1442 et
1507 1423 1539 1443 ea
1554 1421 1638 1449 amat,
1655 1417 1698 1444 di-

913 1456 985 1483 citur
998 1456 1108 1492 γνώμη,
1123 1457 1149 1484 id
1167 1462 1209 1484 est
1224 1457 1346 1491 aﬂ‘ectio;
1365 1460 1388 1486 si
1406 1460 1478 1486 enim
1489 1459 1593 1494 judicet
1605 1465 1632 1488 et
1645 1469 1697 1488 non

912 1502 1055 1534 adiciatur,
1082 1502 1108 1529 id
1131 1507 1184 1536 est,
1205 1511 1258 1530 non
1281 1509 1353 1531 amet
1376 1504 1449 1539 quod
1473 1505 1623 1540 judicatum
1645 1510 1698 1539 est,

911 1554 966 1574 non
980 1547 1080 1574 dicitur
1094 1548 1217 1583 γνώμην.
1230 1547 1296 1576 Post
1308 1548 1404 1585 γνώμη
1437 1551 1560 1585 sequitur
1569 1551 1698 1587 προαίρε-

913 1601 955 1625 σις
971 1593 1013 1620 vel
1029 1593 1140 1630 ἐκλογή,
1160 1595 1186 1622 id
1202 1600 1244 1623 est
1262 1595 1375 1628 electio;
1399 1601 1461 1631 post
1480 1597 1640 1625 electionem
1655 1606 1699 1626 se-

912 1640 1005 1674 quitur
1023 1640 1095 1675 ὀρμὴ
1112 1640 1181 1676 arpi);
1201 1640 1250 1676 τὴν
1270 1642 1379 1677 πρᾶξιν,
1405 1643 1432 1669 id
1453 1647 1495 1670 est
1511 1644 1649 1678 aggressio
1664 1645 1698 1672 ad

912 1692 988 1718 rem;
1003 1685 1101 1713 deinde
1112 1685 1221 1721 χρῆσις,
1238 1687 1263 1713 id
1279 1691 1322 1714 est
1346 1695 1423 1715 usus.
1446 1687 1511 1715 Post
1525 1689 1597 1716 hunc
1610 1695 1701 1718 cessat

912 1731 1058 1765 appetitus.
1077 1732 1107 1758 in
1122 1731 1326 1760 irrationalibus
1337 1733 1445 1768 quidem
1463 1734 1555 1760 statim
1573 1740 1635 1769 post
1648 1743 1697 1770 ap-

912 1777 1069 1811 petitionem
1102 1778 1226 1812 sequitur
1256 1779 1373 1814 impetus
1399 1780 1456 1806 sive
1483 1781 1644 1814 aggressio;
1670 1782 1697 1808 in

912 1822 1092 1850 rationalibus
1120 1831 1184 1850 vero
1207 1833 1260 1851 non
1285 1825 1407 1853 omnino.
1434 1825 1602 1854 lrrationalia
1624 1828 1697 1855 enim

911 1867 1048 1895 ducuntur
1071 1868 1105 1896 ab
1121 1869 1241 1904 appetitu
1266 1870 1396 1903 naturali,
1423 1871 1599 1905 quamobrem
1616 1880 1699 1907 appe-

913 1915 978 1941 titus
1003 1921 1098 1941 eorum
1124 1923 1177 1941 non
1202 1915 1301 1942 dicitur
1325 1915 1451 1951 Θέλησις,
1481 1917 1507 1944 td
1528 1921 1569 1944 est
1602 1919 1700 1945 volun-

913 1965 969 1993 tas;
995 1960 1021 1987 in
1033 1960 1190 1988 hominibus
1211 1969 1276 1988 vero
1300 1962 1388 1996 magis
1403 1962 1541 1997 appetitus
1565 1964 1699 1991 naturalis

912 2003 1020 2031 ducitur
1031 2023 1039 2035 .
1058 2011 1139 2038 quam
1155 2004 1249 2037 ducit;
1280 2005 1364 2033 libere
1380 2007 1453 2034 enim
1468 2011 1495 2034 et
1511 2015 1573 2034 cum
1592 2009 1700 2036 ratione

912 2055 1048 2082 movetur,
1062 2051 1126 2085 quia
1145 2051 1171 2078 in
1190 2050 1301 2079 homine
1320 2053 1452 2086 copulatae
1475 2058 1539 2086 sunt
1562 2055 1697 2088 potentia

911 2096 1104 2130 eognoscitiva:
1118 2101 1146 2123 et
1160 2097 1294 2125 animales
1304 2120 1310 2130 ,
1323 2106 1409 2132 quare
1426 2099 1510 2127 libere
1531 2101 1644 2135 appetit,
1668 2106 1696 2128 et

913 2140 995 2168 libere
1006 2142 1173 2176 aggreditur,
1186 2142 1213 2170 et
1223 2143 1275 2170 alia
1294 2143 1377 2170 libere
1388 2143 1464 2172 facit.

947 2186 976 2213 In
987 2187 1078 2215 divina
1095 2192 1186 2215 autem
1206 2193 1302 2216 natura
1317 2189 1445 2225 βούλησιν
1468 2192 1587 2226 quidem,
1603 2193 1629 2220 id
1656 2197 1698 2220 est

912 2233 1093 2266 voluntatem,
1105 2234 1224 2262 dicimus
1240 2243 1247 2262 :
1259 2235 1419 2262 electionem
1436 2244 1501 2264 vero
1515 2245 1568 2264 non
1581 2238 1697 2266 dicimus

912 2278 1031 2312 proprie,
1053 2279 1123 2306 sicut
1145 2287 1231 2314 neque
1247 2281 1501 2314 considerationem,
1523 2290 1610 2316 neque
1630 2291 1697 2310 cou-

912 2324 1096 2357 sultationem,
1115 2325 1171 2353 imo
1193 2333 1244 2353 nec
1259 2326 1286 2353 in
1313 2326 1403 2354 anima
1425 2327 1525 2355 Cbristi
1549 2328 1694 2356 consilium

911 2370 1040 2402 dicimus,
1055 2378 1104 2397 nec
1118 2371 1297 2406 electionem;
1323 2380 1376 2399 non
1397 2373 1469 2400 enim
1488 2373 1604 2400 habebat
1619 2374 1697 2408 ign»-

911 2415 1041 2447 rantiam,
1061 2416 1168 2444 tametsi
1193 2421 1298 2444 natura:
1324 2418 1472 2453 ignorantis
1497 2426 1556 2446 esse
1585 2419 1696 2446 diceba-

912 2467 956 2489 tur
965 2461 1021 2497 (52)
1036 2471 1042 2488 :
1061 2462 1136 2490 unita
1151 2463 1223 2491 enim
1237 2462 1292 2491 Deo
1305 2463 1394 2492 Verbo
1405 2464 1554 2492 secundum
1569 2465 1697 2500 byposta-

710 2559 829 2587 VAP-IE
866 2559 1065 2588 LECTIONES.

117 2606 409 2646 elegenn._c:r_ltqttxﬁ.
443 2608 468 2625 ε’
483 2605 611 2646 Turrian.
641 2607 746 2646 legebat
775 2607 865 2646 ὄρεξις
887 2607 1021 2646 ’ἄγει-αι..
1046 2608 1060 2628 ιι
1076 2608 1202 2646 Turrian.
1221 2610 1343 2646 θέλησιν,
1364 2611 1430 2646 γεού
1461 2611 1568 2646 legebat
1600 2611 1697 2646 βούλη-

76 2642 223 2687 ςινἈυεᾸΠ
238 2641 403 2687 Colbe‘rtitlpj
412 2648 523 2687 quo‘que
539 2642 648 2676 legitur.
670 2641 692 2662 λ
705 2642 775 2670 Olim
791 2641 949 2670 dubitabam
964 2651 999 2670 an
1015 2643 1162 2687 legendum
1172 2641 1288 2685 βουλήν,
1297 2645 1342 2672 sed
1357 2641 1530 2675 Colbertiiius
1546 2641 1630 2674 codex
1648 2641 1698 2675 ha-

77 2676 117 2704 bet
131 2676 283 2711 βούλευσιν.
298 2680 325 2704 et
339 2676 448 2710 quidem
463 2676 543 2704 bene.

814 2721 931 2750 ΝΟΤίΕ,

113 2772 169 2807 (52)
186 2772 307 2800 Tametsi
326 2776 431 2799 natura
447 2771 600 2807 ignorantis
615 2778 675 2798 esse
698 2771 858 2799 dicebatur:

77 2808 109 2836 Et
121 2809 169 2835 καὶ
188 2808 239 2843 τῆς
258 2809 291 2834 τὰ
309 2808 439 2842 μέλλοντα
458 2806 608 2842 ἀγνοούσης
632 2806 798 2842 ἐχρημάτιζε
811 2807 862 2840 φύ-

915 2780 996 2834 Ξξωῗ.
1010 2772 1039 2834 ἓ
1051 2777 1093 2801 est
1109 2780 1116 2800 :
1133 2773 1238 2800 tametsi
1257 2777 1360 2801 naturae
1375 2772 1465 2801 futura
1476 2774 1628 2810 ignorantis
1638 2782 1699 2804 esse

935 2814 1009 2834 tecta
1042 2815 1065 2834 l‘.

935 2814 1065 2835 Icenatur.
