1880 3057
93 146 132 178 5Ξ3

522 144 572 174 AD
587 141 882 173 AMPIIlLOCHIUM
902 140 1074 178 QUAESTIO
1088 140 1202 171 LXXX.

1630 139 1681 172 5M

91 202 169 236 ἔχουσα
190 199 239 226 τῶν
260 198 328 226 κατὰ
349 197 430 233 φύσιν
456 198 627 226 συσιατικῶν
650 198 721 234 ὁρμή
741 207 771 225 τε
792 198 839 224 καὶ

931 204 941 222 a
953 201 980 223 et
992 196 1154 231 personalis.
1168 195 1258 223 Diu‘crt
1271 195 1370 227 adhuc.
1384 195 1456 231 quod
1469 195 1597 230 appetitio
1609 195 1678 223 sim-

91 248 173 280 ἔφεσις,
186 245 283 280 θέλημά
302 245 360 271 ἑστι
373 244 498 279 φυσικόν.
514 245 546 271 Ἦ
562 244 590 271 δὲ
603 244 656 270 τῶν
669 243 729 271 καθ’
744 243 842 279 ἡδονὴν

91 290 265 327 συνεργητικῶν
288 290 352 317 ποιὰ
378 291 426 317 καὶ
450 290 578 325 διάφορος
602 290 709 325 κίνησίς
732 298 762 316 τε
793 290 841 317 καὶ

89 336 169 373 ὄρεξις,
179 336 275 371 θέλημα
286 336 434 371 γνωμικὸν,
445 336 506 371 ἥτις
520 337 568 362 καὶ
579 337 608 362 ὲν
621 335 744 362 ἐπιτάσει
756 334 840 362 καλοῦ

90 391 113 409 τε
127 383 166 408 καὶ
178 380 221 408 τοῦ
238 380 274 416 μὴ
286 381 407 408 τοιούτου
421 381 595 416 γινώσκεται,
612 381 659 408 καὶ
673 381 722 407 οὐκ
737 380 794 407 ἐστι
809 380 840 407 τὸ

90 428 197 463 πρότερον
209 427 403 462 σημαινόμενον
414 427 461 454 τοῦ
476 427 604 463 δευτέρου
613 427 751 458 παντελῶς
764 426 842 453 ἀλλό-

88 482 156 508 τριον,
175 473 227 500 ἀλλ’
243 473 315 500 ἐστιν
337 473 429 504 αὐτοῖς
453 474 470 508 ὴ
495 473 621 499 κοινωνία
643 473 671 499 ὲν
695 472 843 506 ποσότητος

87 520 180 555 ἰδιότητι
196 520 217 546 κ.
234 519 287 546 Καὶ
301 519 331 546 ὸν
346 519 446 554 τρόπον
470 519 517 545 καὶ
531 518 562 545 τὸ
577 518 774 554 σημαινόμενον
793 518 843 553 τῆς

895 243 1002 278 pliciter
1013 247 1039 269 et
1056 246 1192 277 utcunque
1215 250 1322 273 eorum,
1339 249 1400 277 qua:
1423 247 1488 269 sunt
1509 242 1581 268 κατὰ
1597 242 1678 277 φύσιν

895 287 1054 319 συστατικὰ,
1069 287 1094 313 id
1116 291 1168 319 est,
1188 294 1248 321 qua:
1270 287 1305 314 ad
1329 287 1548 314 constitutionem
1576 292 1679 314 natura:

894 334 1040 369 pertinent,
1056 338 1083 360 et
1105 333 1164 360 sine
1178 333 1277 368 quibus
1297 337 1393 360 natura
1418 341 1471 360 non
1493 332 1629 365 consistit,
1654 338 1680 359 et

892 380 1068 412 desiderium,
1088 379 1215 406 voluntas
1243 379 1375 406 naturalis
1403 383 1455 406 est.
1476 378 1509 405 Ἦ
1533 379 1588 406 τῶν
1613 380 1680 405 καθ’

893 425 988 461 ἡδονὴν
1004 425 1069 451 ποιὰ
1083 425 1131 452 καὶ
1143 425 1268 460 διάφορος
1288 425 1404 459 κίνησις,
1425 424 1451 451 id
1469 428 1520 456 est,
1543 428 1632 451 motus
1653 429 1681 450 et

894 472 1028 506 appetitus
1044 472 1193 499 secundum
1221 471 1385 506 voluptatem
1411 477 1473 498 cum
1500 470 1631 505 qualitate
1653 475 1681 497 et

895 517 1054 545 diversitate
1071 522 1111 544 est
1123 516 1229 551 θέλημα
1243 516 1390 551 γνωμικὸν,
1411 523 1471 549 quae
1482 516 1605 543 voluntas
1615 522 1682 550 gno-

86 565 121 591 ἐτι⁹
133 565 262 601 ἀνθρώπου
274 564 487 600 λαμϐανομένης
504 564 622 598 φύσεως,

933 571 965 590 ca
980 563 1007 589 in
1026 563 1112 597 magis
1130 563 1241 597 pulchra
1266 569 1306 593 re,
1325 566 1352 589 et
1378 562 1464 597 magis
1487 569 1541 588 non
1567 561 1681 596 pulchra

86 612 238 647 dignoscitur,
259 617 286 641 et
301 620 355 640 non
379 616 423 640 est
448 612 523 646 prius
541 611 724 646 significatum
740 611 774 638 ab
792 610 845 638 hoc
863 610 983 637 secundo
1004 611 1111 644 penitus
1136 610 1265 641 alienum,
1288 617 1354 644 quin
1388 609 1479 644 potius
1509 609 1681 636 communio-

86 665 134 685 nem
151 658 241 686 habent
265 659 292 686 in
315 658 481 693 proprietate
509 657 681 692 quantitatis,
708 661 736 684 et
757 656 907 692 qualitatis,
940 657 1012 684 sicut
1043 656 1226 692 signiﬁcatum
1248 656 1358 683 nomine
1393 660 1496 683 natura!
1516 657 1542 683 in
1569 656 1680 683 homine

84 710 190 739 accepta.

111 749 157 775 Kal.
177 749 227 784 γὰρ
240 749 327 776 διττὸν
345 748 464 777 ἐνταῦθα
478 749 510 776 τὸ
525 751 575 785 τῆς
598 749 706 785 φύσεως
716 770 724 782 ,
737 749 768 776 τὸ
793 749 842 784 μὲν

932 747 1035 783 Duplex
1063 748 1135 775 cnim
1158 752 1200 775 est
1224 748 1406 783 signiﬁcatum
1430 748 1541 775 nomine
1564 754 1680 781 natum,

85 793 158 826 ἁπλῶς
176 795 220 821 καὶ
233 794 351 821 καθόλου
371 796 503 830 σημαῖνον
519 794 632 821 ἕκαστον
647 794 702 821 τῶν
722 794 775 821 ὑπὸ
796 794 843 821 τὸν

931 802 1010 821 erum
1029 794 1139 830 quidem
1163 794 1323 829 simpliciter
1345 798 1372 822 et
1396 795 1522 822 universe
1542 795 1680 829 signiﬁca-

83 839 202 876 ἀνορωπον
216 840 364 868 τελούντων
376 841 497 875 ἀτόμων,
519 840 551 868 τὸ
565 840 594 867 δὶ
608 841 657 876 οὐχ
675 835 769 872 ἀτέλῶς
781 839 841 866 οὐδὲ

931 847 963 872 m,
987 840 1204 875 unumquodque
1223 840 1393 868 individuum
1416 847 1449 868 ex
1474 840 1519 872 iis,
1537 848 1598 875 qua:
1618 846 1680 868 sunt

82 886 117 912 τὸν
129 886 182 913 ὅλον
200 886 249 921 τῆς
270 887 393 922 ἐμφύτου
409 886 550 922 δυνάμεως
573 887 642 922 πρὸς
660 886 711 918 τὰς
727 886 842 922 πράξεις

931 886 946 912 b
959 885 1081 918 homine,
1096 885 1211 913 alterum
1228 893 1281 913 non
1295 886 1347 914 hoc
1363 886 1474 914 nomine
1497 886 1618 914 hominis
1640 886 1680 913 si—

81 930 252 966 ὲνισχυούσης,
276 931 338 958 καθ’
354 931 384 957 ὃν
401 931 449 958 καὶ
474 931 506 958 τὸ
531 930 657 967 σύστημα
680 931 764 958 τῶνδε
787 931 842 959 τῶν

82 975 220 1010 ἀνθρώπιον,
231 977 261 1004 τὸ
276 977 326 1012 μὲν
340 978 510 1013 γεωμετρεῖν
525 977 631 1012 πέφυκε
646 977 756 1013 μᾶλλον,
773 977 803 1004 τὸ
813 977 842 1004 δὲ

82 1023 178 1057 μουσικῇ
187 1022 321 1050 τελεῖσθαι
334 1023 561 1058 ἐπιτηδειότερον,
576 1023 592 1058 ἢ
614 1024 640 1051 ot
659 1024 708 1059 μὲν
722 1024 843 1059 πραότη-

83 1074 126 1100 τος,
136 1067 158 1094 oi
170 1067 196 1095 δὲ
209 1067 385 1104 σωςροσύνης
401 1068 503 1105 μᾶλλον
517 1069 633 1104 ἐργάται
652 1069 841 1105 γνωρίζονται.

106 1198 218 1233 Διαιειρει
239 1198 290 1234 μὲν
311 1197 358 1225 οῦν
379 1197 427 1225 τοῦ
454 1199 569 1234 φυσικοῦ
592 1199 743 1235 θελήματος
767 1199 841 1233 λογι-

80 1243 143 1276 σμοῖς
163 1245 294 1280 γενναίοις
314 1246 332 1281 ἠ
354 1245 535 1281 προαίρεσις,
554 1245 624 1273 καθὸ
644 1246 661 1281 ἡ
681 1245 730 1280 μὲν
753 1245 841 1280 δρεξίς

79 1288 125 1314 ἐστι
136 1288 285 1326 βουλευτικὴ
300 1290 355 1317 τῶν
365 1292 399 1326 trp
407 1291 492 1326 ’ήμῖν,
504 1292 552 1318 καὶ
559 1290 600 1318 ἔτι
610 1291 676 1319 καθὸ
688 1291 718 1317 τὸ
731 1291 779 1327 μὲν
792 1300 842 1327 φυ-

80 1334 142 1362 σικὸν
158 1334 258 1370 θέλημα
272 1335 354 1371 μόνον
370 1337 487 1373 ἤρτηται
498 1336 553 1364 τῶν
567 1335 700 1371 φυσικῶν,
714 1337 730 1372 ή
747 1336 775 1363 δὲ
792 1337 841 1372 μό-

78 1387 114 1407 νον
127 1380 175 1407 τῶν
189 1381 230 1416 ἐφ’
244 1381 336 1418 ἡμῶν.
353 1382 401 1409 Ἐν
413 1381 442 1409 δὲ
455 1382 563 1417 θέλημά
575 1391 643 1418 φησι
655 1381 702 1409 τοῦ
721 1381 841 1418 Χριστοῦ

79 1426 202 1462 φυσικὸνῆ
217 1428 412 1463 προαιρετικὸν
433 1429 542 1462 φρονεῖν
558 1427 575 1464 ἢ
593 1427 683 1462 λέγειν
700 1427 787 1460 οὐδεὶς
802 1428 842 1454 εί-

79 1472 129 1498 τκῖν
147 1472 196 1503 τῶν
215 1473 347 1509 Πατέρων
367 1474 530 1510 ἐτόλμησεν,
551 1473 661 1510 άληθῶς
684 1474 784 1506 εἰδότες
800 1474 842 1500 ὅτι

77 1516 121 1543 τῶν
131 1517 170 1544 ἐπ’
183 1518 264 1554 Imm
280 1519 448 1555 κινουμένων
464 1520 538 1547 ἐστὶν
552 1520 569 1556 ἠ
586 1520 757 1555 προαίρεσις,
771 1520 842 1554 λέγω

892 932 1050 967 gniﬁcatum
1065 933 1235 967 simpliciter,
1254 940 1343 967 neque
1364 936 1462 964 totum,
1477 932 1550 967 quod
1566 936 1608 960 est
1624 932 1680 959 vir-

893 978 958 1005 tutis
975 982 1073 1006 natura
1092 978 1248 1006 hominibus
1264 979 1353 1006 insita:
1366 979 1400 1006 ad
1413 979 1553 1011 actiones;
1571 985 1626 1013 quo
1639 977 1679 1005 si-

892 1023 1020 1059 gniﬁcato
1043 1023 1159 1052 dicimus
1178 1025 1228 1052 hos
1259 1024 1385 1052 homines
1409 1031 1470 1051 esse
1495 1024 1582 1059 magis
1601 1028 1680 1058 aptos

893 1073 990 1096 natura
1011 1068 1044 1096 ad
1068 1069 1223 1104 geometriae
1247 1069 1378 1101 studium,
1404 1070 1473 1097 alios
1499 1069 1532 1096 ad
1558 1069 1678 1097 studium

893 1115 1015 1147 musicae,
1031 1115 1097 1143 alios
1112 1115 1146 1143 ad
1171 1116 1420 1150 mansuetudinem,
1439 1116 1499 1144 illos
1513 1116 1547 1144 ad
1569 1116 1679 1144 castita-

893 1165 957 1187 tem.

931 1205 1025 1234 Diﬂ‘ert
1043 1207 1125 1242 igitur
1139 1214 1155 1234 a
1175 1207 1314 1235 voluntate
1329 1207 1446 1235 naturali
1469 1207 1680 1243 cogitationibus

892 1253 1032 1287 generosis
1039 1253 1166 1282 voluntas
1183 1253 1279 1284 libera.
1292 1258 1428 1288 quatenus
1441 1254 1498 1281 haec
1513 1258 1556 1282 est
1572 1254 1678 1289 appeti-

893 1302 937 1326 tus
950 1298 1110 1326 consultans
1121 1298 1155 1326 de
1165 1299 1209 1333 iis,
1227 1307 1287 1334 quae
1303 1304 1367 1327 sunt
1378 1300 1406 1327 in
1425 1304 1518 1328 nostra
1534 1304 1679 1335 potestate,

892 1348 919 1371 et
927 1349 1061 1379 quatenus
1076 1344 1208 1373 naturalis
1220 1345 1348 1373 voluntas
1359 1346 1456 1380 pendet
1467 1353 1500 1373 ex
1510 1345 1681 1373 naturalibus

892 1394 996 1419 tantum
1005 1398 1012 1422 ;
1020 1390 1077 1417 hac
1086 1394 1176 1418 autem
1188 1390 1270 1418 libera
1278 1391 1353 1419 exiis
1366 1395 1480 1424 tantum,
1489 1399 1549 1426 quae
1559 1395 1623 1419 sunt
1635 1398 1683 1426 pe-

892 1442 942 1462 nes
949 1442 1008 1462 nos.
1020 1433 1108 1462 Unam
1119 1439 1210 1462 autem
1220 1440 1347 1463 naturam
1359 1435 1386 1463 in
1395 1435 1504 1464 Christo
1517 1436 1681 1469 naturalem,

893 1484 939 1508 tua
947 1481 1152 1517 προαιρετικὴν,
1165 1482 1191 1509 id
1203 1486 1255 1514 est.
1264 1482 1405 1510 electivam
1415 1482 1516 1510 sentire
1525 1487 1573 1510 aut
1580 1483 1681 1516 dicere,

893 1527 996 1560 nullus,
1012 1527 1100 1563 inquit
1111 1527 1179 1563 (55),
1201 1536 1234 1556 ex
1260 1529 1362 1557 sanctis
1383 1528 1510 1557 Patribus
1531 1537 1615 1557 ausus
1629 1534 1682 1557 est.

77 1562 101 1588 δὲ
117 1563 157 1590 tari
171 1572 199 1591 τι
219 1566 254 1593 τὰ
274 1565 347 1592 καλὰ
365 1566 413 1593 καὶ
434 1567 481 1593 ἐπὶ
502 1566 537 1593 τὰ
557 1565 657 1602 φαῦλα,
679 1567 748 1603 ὅπερ
760 1559 844 1593 ’ἐστὶν

931 1573 1024 1601 ηἱεϋιιιιῑ
1033 1574 1106 1602 enim
1118 1574 1278 1603 electionem
1289 1583 1350 1603 esse
1360 1583 1466 1608 eorum,
1479 1576 1525 1611 qui
1538 1576 1565 1603 in
1581 1580 1685 1602 utram-

79 1608 116 1634 ἐπὶ
139 1610 251 1645 Χριστοῦ
276 1611 326 1638 καὶ
354 1612 425 1639 νοεῖν
447 1611 496 1639 καὶ
523 1612 614 1646 λέγειν
631 1611 681 1647 τῆς
702 1611 784 1648 ὀρθῆς
804 1613 847 1638 ὲν-

78 1652 199 1691 δειστερον
214 1656 346 1692 κρίσεως.

109 1743 161 1770 Ἔτι
172 1745 198 1772 δὲ
212 1746 236 1773 tl
249 1745 326 1772 ἔστιν
338 1746 518 1774 ὕποστατικὸν
538 1745 644 1783 θέλημα
656 1747 701 1773 ἐπὶ
714 1746 845 1782 Χριστοῦ,

78 1786 157 1816 διοίσει
169 1791 276 1824 πάντως
292 1791 348 1819 τῶν
363 1792 405 1828 ἐφ’
419 1793 534 1819 ἑκάστου
547 1793 601 1820 τῶν
614 1792 766 1828 ἀνθρώπων
777 1792 846 1819 θεω-

79 1833 202 1868 ρουμένων
219 1836 369 1872 γωμικῶν
380 1836 542 1872 θελημάτων
560 1838 654 1865 διοίσει
672 1838 700 1865 δὲ
714 1838 846 1870 ὡσαύτως

78 1878 166 1907 καὶτοῦ
181 1882 207 1908 ἐν
215 1882 306 1918 Harp!
315 1883 360 1910 καὶ
373 1883 512 1919 Πνεύματι
523 1884 710 1919 θεωρουμένου
725 1884 788 1920 θελή
794 1893 847 1919 μα-

76 1931 122 1956 τος.
135 1925 164 1952 Τί
177 1925 223 1954 οὖν
237 1929 314 1955 ιστιν
327 1928 342 1955 ὃ
352 1928 389 1964 μή
398 1937 428 1955 τε
445 1929 615 1965 ἀνθρώπινόν
627 1931 686 1957 ὲστι
697 1931 846 1965 γνωμικὸν,

77 1970 135 2005 μήτε
146 1972 209 2005 ὅλως
220 1973 314 2000 θεῖκδν
325 1974 440 2009 θέλημα.
451 1975 488 2002 οὐ
503 1975 557 2010 γὰρ
571 1975 602 2011 δή
615 1984 656 2007 τις
674 1976 800 2004 σύνθετόν
820 1986 847 2004 τι

77 2016 132 2050 ἐρεῖ,
149 2018 187 2044 ὅτι
206 2019 269 2054 μηδ’
285 2018 359 2045 εστιν
380 2019 522 2055 ἐπινοῆσαι
538 2020 690 2056 θελήματος
708 2022 846 2056 σύνθεσιν,

75 2059 155 2097 ὧσπερ
169 2063 321 2090 ὑπόστασιν
336 2065 402 2100 όρᾷν
413 2065 472 2092 ἐστι
484 2065 622 2095 σύνθετον.

103 2151 163 2179 οὐδέ
176 2162 216 2185 τις
230 2153 308 2188 λέγοι
321 2153 359 2186 ὡς
376 2154 390 2180 ό
414 2154 492 2189 λόγος
509 2151 588 2187 οὗτος
609 2155 664 2182 οὐδ’
677 2156 764 2184 ἄλλων
785 2157 847 2185 τινὰ

75 2196 119 2223 τῶν
140 2199 293 2235 ἀνθρώπων
309 2200 342 2236 ὲᾷ
363 2201 500 2236 γνωμικὸν
527 2201 600 2238 ἔχειν
622 2202 738 2238 θέλημα.
754 2203 845 2231 Ἀπαν

75 2243 121 2278 γάρ
134 2247 272 2281 γνωμικόν
286 2255 358 2279 τινος
371 2246 489 2282 θέλημα,
505 2247 593 2275 οὐδενὶ
606 2248 661 2275 τῶν
675 2249 704 2275 ἐν
716 2250 773 2280 τοῖς
783 2250 844 2276 καθ’

75 2287 163 2317 ἕκαστα
172 2292 309 2328 γνωμικῷ
316 2292 449 2328 θελήματι
457 2293 663 2329 θεωρουμένων,
671 2295 768 2323 ταύτόν
779 2296 847 2330 ἐστι,

75 2334 131 2362 ἀλλὰ
155 2337 266 2369 πάντως
292 2338 405 2373 ἕτερον·
422 2338 459 2370 ὥς
480 2347 510 2365 τε
533 2339 585 2366 κᾶν
600 2341 643 2376 εἴη
667 2341 847 2377 ἀνθρώπινον,

76 2380 174 2414 μηδενὸς
188 2382 203 2402 δ
215 2383 272 2409 τῶν
287 2383 341 2410 ὑπὸ
351 2384 397 2410 τὸν
408 2385 550 2420 ἄνθρωπον
569 2385 678 2420 ἀτόμων
688 2386 727 2418 ὡς
745 2387 849 2422 ἀνθρὼο

75 2433 110 2460 τδῳ
121 2427 318 2464 ἁρμοζόμενον.
341 2429 372 2456 El
388 2431 443 2465 γὰρ
455 2428 489 2466 ἧν
514 2431 617 2465 κυρίως
634 2432 688 2458 τινὶ
710 2432 764 2459 τῶν
787 2433 848 2460 καθ’

75 2468 163 2498 ἕκαστα
181 2472 212 2499 τὸ
236 2473 378 2508 γνωμικὸν
401 2474 508 2510 θέλημα
529 2475 700 2511 ἀνθρώπινον
713 2477 747 2504 ἂν
760 2478 848 2515 ὑπῆρ-

75 2522 121 2548 χῖν.
131 2518 185 2544 οὐκ
202 2518 244 2546 ἔτι
260 2519 291 2545 δὲ
304 2519 485 2555 ἀνθρώπινον,
501 2521 569 2548 διότι
579 2521 640 2549 οὔτε
656 2523 670 2550 ὸ
688 2524 846 2560 Σωκράτης,

73 2560 126 2588 οὔτε
139 2564 152 2590 ό
168 2564 284 2601 Πέτρος,
299 2565 361 2593 οὔτε
373 2575 414 2598 τις
426 2566 506 2599 ἄλλος
523 2567 592 2595 καθὸ
608 2568 730 2603 πέφυκεν
743 2570 848 2606 ἄνθρω-

896 1626 951 1655 que
977 1624 1082 1654 partem
1106 1625 1260 1654 moventur,
1290 1621 1323 1649 ad
1352 1622 1435 1653 bona,
1452 1622 1574 1657 inquam,
1598 1626 1625 1648 et
1650 1621 1683 1648 ad

896 1672 990 1700 prava,
1004 1665 1076 1700 quod
1092 1667 1202 1702 quidem
1218 1668 1370 1703 intelligere
1385 1674 1412 1696 et
1429 1669 1518 1696 dicere
1533 1669 1560 1695 in
1574 1668 1684 1696 Christo

896 1718 911 1737 a
927 1715 1001 1738 recto
1013 1711 1118 1746 judicio
1132 1712 1281 1740 declinant.

930 1755 1064 1784 Praeterea
1080 1757 1103 1785 si
1118 1763 1160 1785 est
1185 1758 1213 1785 in
1228 1758 1339 1786 Christo
1360 1759 1528 1795 hypostatica
1546 1759 1683 1792 voluntas,

897 1801 1002 1829 diii'eret
1015 1802 1128 1830 omnino
1148 1810 1164 1830 a
1186 1804 1374 1832 voluntatibus
1399 1805 1544 1839 gnomicis.
1572 1813 1633 1838 quae
1656 1806 1684 1833 in

897 1855 1064 1883 unoquoque
1082 1849 1194 1876 homine
1213 1855 1382 1884 spectantur.
1405 1850 1513 1878 Ditl‘eret
1528 1851 1653 1879 similiter
1667 1860 1684 1879 a

896 1893 1039 1922 voluntate
1060 1893 1150 1922 Patris
1173 1900 1199 1922 et
1214 1895 1333 1930 Spiritus
1349 1896 1445 1924 sancti.
1461 1896 1527 1930 Quae
1541 1898 1623 1932 igitur
1642 1901 1685 1925 est

897 1938 1034 1972 voluntas,
1057 1947 1119 1974 qua:
1134 1947 1184 1967 nec
1201 1941 1319 1968 humana
1344 1941 1480 1977 γνωμικὴ,
1505 1949 1555 1969 nec
1571 1942 1684 1969 omnino

897 1984 987 2012 divina
1001 1984 1151 2013 voluntas?
1167 1985 1227 2014 Non
1247 1987 1318 2014 dicet
1334 1987 1405 2015 ullus
1419 1988 1598 2023 compositam
1611 1993 1683 2022 esse,

897 2029 962 2063 quia
986 2036 1036 2058 nec
1058 2030 1207 2066 excogitari
1233 2036 1322 2066 potest
1338 2033 1500 2068 compositio
1523 2034 1682 2066 voluntatis.

897 2074 970 2101 sicut
999 2082 1144 2110 possumus
1172 2078 1352 2112 compositam
1384 2079 1553 2114 hypostasim
1582 2081 1683 2108 intelli-

897 2126 972 2153 gere.

934 2165 963 2193 Si
987 2167 1050 2201 quis
1066 2175 1131 2195 vero
1150 2168 1232 2202 dicat,
1251 2170 1273 2197 si
1298 2170 1333 2198 ita
1357 2175 1409 2203 est,
1427 2176 1457 2199 ut
1480 2172 1608 2205 dicimus,
1633 2179 1683 2201 nec

899 2211 972 2238 ullus
1001 2212 1083 2240 homo
1112 2214 1182 2242 alius
1207 2216 1373 2244 voluntatem
1413 2217 1495 2244 habet
1527 2217 1680 2253 γνωμικὴν,

897 2257 987 2284 onmis
1001 2258 1072 2285 enim
1089 2259 1214 2288 voluntas
1232 2261 1347 2296 alicujus
1369 2263 1501 2298 gnomicae
1527 2271 1590 2291 cum
1609 2264 1682 2291 nulla

896 2310 990 2330 earum
1016 2304 1203 2338 gnomicarum
1227 2308 1406 2341 voluntatum,
1433 2316 1494 2344 quae
1515 2309 1542 2336 in
1565 2310 1682 2344 singulis

896 2347 1045 2377 individuis
1056 2351 1240 2386 reperiuntur,
1252 2353 1346 2381 eadem
1361 2359 1412 2387 est,
1428 2355 1474 2382 sed
1489 2355 1601 2383 omnino
1611 2355 1682 2388 alia;

897 2401 983 2428 quare
1006 2403 1057 2423 nec
1079 2396 1132 2424 erit
1147 2397 1277 2432 humana,
1293 2399 1358 2434 quia
1383 2400 1449 2427 nulli
1474 2400 1616 2428 individuo
1633 2408 1683 2427 na-

899 2444 969 2468 tura:
984 2440 1121 2475 humana},
1141 2447 1270 2479 tanquam
1290 2445 1404 2476 homini.
1421 2447 1556 2478 convertit,
1573 2445 1596 2474 si
1609 2445 1682 2473 enim

900 2485 982 2514 alicui
1009 2487 1142 2523 singulari
1166 2491 1275 2525 proprie
1298 2496 1371 2519 esset
1396 2493 1522 2521 voluntas
1545 2493 1682 2527 gnomica,

900 2528 1020 2557 humana
1043 2533 1138 2566 utique
1162 2539 1249 2567 esset;
1276 2539 1304 2562 at
1328 2543 1382 2563 non
1409 2542 1450 2563 est
1472 2537 1601 2568 humana,
1618 2537 1683 2570 quia

901 2583 990 2611 neque
1008 2577 1145 2612 Socrates,
1158 2587 1244 2614 neque
1256 2579 1364 2614 Petrus,
1381 2589 1431 2609 nec
1446 2582 1515 2610 alius
1526 2582 1597 2617 quis,
1612 2589 1682 2616 qua-

708 2647 826 2676 νΑιιΙιΕ
847 2649 1049 2682 LECTIONES.

103 2702 115 2722 ⁸
132 2707 164 2727 an
181 2701 243 2729 καθ’
251 2698 289 2729 ’ἣν
311 2703 410 2739 τρόπον
424 2704 435 2730 ?
467 2704 480 2724 h
495 2705 515 2732 l.
532 2705 627 2740 μηδενὶ
646 2706 712 2734 τῶν.

812 2773 929 2802 NOTAE.

102 2825 201 2860 (τε)οο
221 2827 254 2855 8.
273 2826 388 2861 Maximo
405 2829 537 2863 loquitur.

220 2873 356 2906 PATROL.
378 2876 435 2906 Gn.
459 2876 504 2907 CI.

1434 2885 1469 2915 17
