  <div class='ocr_page' id='page_1' title='image "/cluster/home/n/w/nwhite01/storage/ocr_20150623/101/njp.32101077772877/331.png"; bbox 0 0 1880 3057; ppageno 0'>
   <div class='ocr_carea' id='block_1_1' title="bbox 177 180 230 214">
    <p class='ocr_par' dir='ltr' id='par_1_1' title="bbox 177 180 230 214">
     <span class='ocr_line' id='line_1_1' title="bbox 177 180 230 214; baseline 0 0"><span class='ocrx_word' id='word_1_1' title='bbox 177 180 230 214; x_wconf 77' lang='grc'><strong>515</strong></span> 
     </span>
    </p>
   </div>
   <div class='ocr_carea' id='block_1_2' title="bbox 756 178 1229 212">
    <p class='ocr_par' dir='ltr' id='par_1_2' title="bbox 756 178 1229 212">
     <span class='ocr_line' id='line_1_2' title="bbox 756 178 1229 212; baseline -0.002 -1"><span class='ocrx_word' id='word_1_2' title='bbox 756 178 889 211; x_wconf 87' lang='grc' dir='ltr'><strong>ΡΗΟΤΙῙ</strong></span> <span class='ocrx_word' id='word_1_3' title='bbox 903 178 1158 212; x_wconf 69' lang='grc' dir='ltr'><strong>ΡΛΤΗῙΑΒΟΗΕ</strong></span> <span class='ocrx_word' id='word_1_4' title='bbox 1173 180 1229 211; x_wconf 89' lang='lat' dir='ltr'><strong>CP.</strong></span> 
     </span>
    </p>
   </div>
   <div class='ocr_carea' id='block_1_3' title="bbox 1759 175 1811 211">
    <p class='ocr_par' dir='ltr' id='par_1_3' title="bbox 1759 175 1811 211">
     <span class='ocr_line' id='line_1_3' title="bbox 1759 175 1811 211; baseline 0 0"><span class='ocrx_word' id='word_1_5' title='bbox 1759 175 1811 211; x_wconf 79' lang='grc'><strong>516</strong></span> 
     </span>
    </p>
   </div>
   <div class='ocr_carea' id='block_1_4' title="bbox 177 223 967 262">
    <p class='ocr_par' dir='ltr' id='par_1_4' title="bbox 177 225 966 262">
     <span class='ocr_line' id='line_1_4' title="bbox 177 225 966 262; baseline -0.004 -6"><span class='ocrx_word' id='word_1_6' title='bbox 177 235 256 256; x_wconf 82' lang='lat' dir='ltr'><strong>tenus</strong></span> <span class='ocrx_word' id='word_1_7' title='bbox 274 229 355 256; x_wconf 90' lang='lat' dir='ltr'><strong>homo</strong></span> <span class='ocrx_word' id='word_1_8' title='bbox 369 231 421 261; x_wconf 83' lang='lat' dir='ltr'><strong>est,</strong></span> <span class='ocrx_word' id='word_1_9' title='bbox 447 225 529 254; x_wconf 80' lang='lat' dir='ltr'><strong>habet</strong></span> <span class='ocrx_word' id='word_1_10' title='bbox 544 226 713 254; x_wconf 75' lang='lat' dir='ltr'><strong>voluntatem</strong></span> <span class='ocrx_word' id='word_1_11' title='bbox 729 227 898 262; x_wconf 78' lang='lat' dir='ltr'><strong>gnomicam,</strong></span> <span class='ocrx_word' id='word_1_12' title='bbox 918 230 966 254; x_wconf 89' lang='lat' dir='ltr'><strong>aut</strong></span> 
     </span>
    </p>
   </div>
   <div class='ocr_carea' id='block_1_5' title="bbox 1056 223 1815 262">
    <p class='ocr_par' dir='ltr' id='par_1_5' title="bbox 1056 223 1815 262">
     <span class='ocr_line' id='line_1_5' title="bbox 1056 223 1815 262; baseline -0.003 -9"><span class='ocrx_word' id='word_1_13' title='bbox 1056 235 1069 259; x_wconf 82' lang='lat'><strong>;</strong></span> <span class='ocrx_word' id='word_1_14' title='bbox 1088 226 1227 262; x_wconf 78' lang='grc' dir='ltr'><strong>γνωμικὸν</strong></span> <span class='ocrx_word' id='word_1_15' title='bbox 1243 225 1349 261; x_wconf 76' lang='grc' dir='ltr'>θέλημα</span> <span class='ocrx_word' id='word_1_16' title='bbox 1362 225 1430 261; x_wconf 78' lang='grc' dir='ltr'>ἔχει,</span> <span class='ocrx_word' id='word_1_17' title='bbox 1447 225 1464 261; x_wconf 83' lang='grc' dir='ltr'>ἢ</span> <span class='ocrx_word' id='word_1_18' title='bbox 1482 223 1694 261; x_wconf 76' lang='grc' dir='ltr'>σοφισματὼδης</span> <span class='ocrx_word' id='word_1_19' title='bbox 1705 225 1720 251; x_wconf 83' lang='grc' dir='ltr'>ὁ</span> <span class='ocrx_word' id='word_1_20' title='bbox 1733 225 1815 259; x_wconf 78' lang='grc' dir='ltr'>λόγος</span> 
     </span>
    </p>
   </div>
   <div class='ocr_carea' id='block_1_6' title="bbox 176 272 968 308">
    <p class='ocr_par' dir='ltr' id='par_1_6' title="bbox 176 272 968 308">
     <span class='ocr_line' id='line_1_6' title="bbox 176 272 968 308; baseline -0.001 -7"><span class='ocrx_word' id='word_1_21' title='bbox 176 275 258 301; x_wconf 80' lang='lat' dir='ltr'><strong>fallax</strong></span> <span class='ocrx_word' id='word_1_22' title='bbox 269 278 311 301; x_wconf 89' lang='lat' dir='ltr'><strong>est</strong></span> <span class='ocrx_word' id='word_1_23' title='bbox 326 274 406 305; x_wconf 86' lang='lat' dir='ltr'><strong>ratio,</strong></span> <span class='ocrx_word' id='word_1_24' title='bbox 420 281 481 308; x_wconf 63' lang='lat' dir='ltr'><strong>quae</strong></span> <span class='ocrx_word' id='word_1_25' title='bbox 497 272 641 307; x_wconf 84' lang='lat' dir='ltr'><strong>distinguit</strong></span> <span class='ocrx_word' id='word_1_26' title='bbox 657 272 827 299; x_wconf 90' lang='lat' dir='ltr'><strong>individuum</strong></span> <span class='ocrx_word' id='word_1_27' title='bbox 844 272 968 308; x_wconf 83' lang='lat' dir='ltr'><strong>ejusdem</strong></span> 
     </span>
    </p>
   </div>
   <div class='ocr_carea' id='block_1_7' title="bbox 176 318 967 354">
    <p class='ocr_par' dir='ltr' id='par_1_7' title="bbox 176 318 967 354">
     <span class='ocr_line' id='line_1_7' title="bbox 176 318 967 354; baseline -0.001 -7"><span class='ocrx_word' id='word_1_28' title='bbox 176 326 280 347; x_wconf 55' lang='lat' dir='ltr'><strong>natura</strong></span> <span class='ocrx_word' id='word_1_29' title='bbox 294 320 328 346; x_wconf 88' lang='lat' dir='ltr'><strong>ab</strong></span> <span class='ocrx_word' id='word_1_30' title='bbox 345 320 407 346; x_wconf 87' lang='lat' dir='ltr'><strong>aliis</strong></span> <span class='ocrx_word' id='word_1_31' title='bbox 424 318 594 351; x_wconf 87' lang='lat' dir='ltr'><strong>individuis,</strong></span> <span class='ocrx_word' id='word_1_32' title='bbox 611 323 637 345; x_wconf 89' lang='lat' dir='ltr'><strong>ct</strong></span> <span class='ocrx_word' id='word_1_33' title='bbox 657 318 720 354; x_wconf 91' lang='lat' dir='ltr'><strong>quia</strong></span> <span class='ocrx_word' id='word_1_34' title='bbox 738 318 900 346; x_wconf 80' lang='lat' dir='ltr'><strong>conﬁtentur</strong></span> <span class='ocrx_word' id='word_1_35' title='bbox 914 326 967 346; x_wconf 91' lang='lat' dir='ltr'><strong>non</strong></span> 
     </span>
    </p>
   </div>
   <div class='ocr_carea' id='block_1_8' title="bbox 175 364 968 401">
    <p class='ocr_par' dir='ltr' id='par_1_8' title="bbox 175 364 968 401">
     <span class='ocr_line' id='line_1_8' title="bbox 175 364 968 401; baseline -0.001 -8"><span class='ocrx_word' id='word_1_36' title='bbox 175 374 235 394; x_wconf 70' lang='lat' dir='ltr'><strong>esse</strong></span> <span class='ocrx_word' id='word_1_37' title='bbox 250 366 323 392; x_wconf 87' lang='lat' dir='ltr'><strong>lumc</strong></span> <span class='ocrx_word' id='word_1_38' title='bbox 339 373 402 392; x_wconf 90' lang='lat' dir='ltr'><strong>cum</strong></span> <span class='ocrx_word' id='word_1_39' title='bbox 422 365 478 392; x_wconf 92' lang='lat' dir='ltr'><strong>ullo</strong></span> <span class='ocrx_word' id='word_1_40' title='bbox 495 364 638 392; x_wconf 89' lang='lat' dir='ltr'><strong>individuo</strong></span> <span class='ocrx_word' id='word_1_41' title='bbox 651 372 683 392; x_wconf 79' lang='lat' dir='ltr'><strong>ex</strong></span> <span class='ocrx_word' id='word_1_42' title='bbox 700 364 762 392; x_wconf 82' lang='lat' dir='ltr'><strong>aliis</strong></span> <span class='ocrx_word' id='word_1_43' title='bbox 774 365 901 392; x_wconf 90' lang='lat' dir='ltr'><strong>eumdem</strong></span> <span class='ocrx_word' id='word_1_44' title='bbox 919 365 968 401; x_wconf 81' lang='lat' dir='ltr'><strong>hy-</strong></span> 
     </span>
    </p>
   </div>
   <div class='ocr_carea' id='block_1_9' title="bbox 176 410 969 446">
    <p class='ocr_par' dir='ltr' id='par_1_9' title="bbox 176 410 969 446">
     <span class='ocr_line' id='line_1_9' title="bbox 176 410 969 446; baseline 0.001 -9"><span class='ocrx_word' id='word_1_45' title='bbox 176 413 290 446; x_wconf 82' lang='lat' dir='ltr'><strong>postasi,</strong></span> <span class='ocrx_word' id='word_1_46' title='bbox 306 419 356 438; x_wconf 70' lang='lat' dir='ltr'><strong>nec</strong></span> <span class='ocrx_word' id='word_1_47' title='bbox 370 411 433 438; x_wconf 87' lang='lat' dir='ltr'><strong>aliis</strong></span> <span class='ocrx_word' id='word_1_48' title='bbox 448 410 679 445; x_wconf 83' lang='lat' dir='ltr'><strong>proprietatibus:</strong></span> <span class='ocrx_word' id='word_1_49' title='bbox 692 410 795 437; x_wconf 79' lang='lat' dir='ltr'><strong>idcirco</strong></span> <span class='ocrx_word' id='word_1_50' title='bbox 810 418 860 437; x_wconf 89' lang='lat' dir='ltr'><strong>nos</strong></span> <span class='ocrx_word' id='word_1_51' title='bbox 870 418 884 437; x_wconf 91' lang='lat' dir='ltr'><strong>a</strong></span> <span class='ocrx_word' id='word_1_52' title='bbox 894 418 969 438; x_wconf 90' lang='lat' dir='ltr'><strong>com-</strong></span> 
     </span>
    </p>
   </div>
   <div class='ocr_carea' id='block_1_10' title="bbox 176 456 968 490">
    <p class='ocr_par' dir='ltr' id='par_1_10' title="bbox 176 456 968 490">
     <span class='ocr_line' id='line_1_10' title="bbox 176 456 968 490; baseline -0.001 -6"><span class='ocrx_word' id='word_1_53' title='bbox 176 458 251 484; x_wconf 86' lang='lat' dir='ltr'>muni</span> <span class='ocrx_word' id='word_1_54' title='bbox 276 461 372 484; x_wconf 84' lang='lat' dir='ltr'><strong>natura</strong></span> <span class='ocrx_word' id='word_1_55' title='bbox 391 463 533 484; x_wconf 86' lang='lat' dir='ltr'><strong>removere</strong></span> <span class='ocrx_word' id='word_1_56' title='bbox 559 464 633 489; x_wconf 90' lang='lat' dir='ltr'><strong>eum,</strong></span> <span class='ocrx_word' id='word_1_57' title='bbox 661 460 687 483; x_wconf 86' lang='lat' dir='ltr'><strong>et</strong></span> <span class='ocrx_word' id='word_1_58' title='bbox 714 456 881 483; x_wconf 65' lang='lat' dir='ltr'><strong>voluntatem</strong></span> <span class='ocrx_word' id='word_1_59' title='bbox 908 457 968 490; x_wconf 89' lang='lat' dir='ltr'><strong>ejus</strong></span> 
     </span>
    </p>
   </div>
   <div class='ocr_carea' id='block_1_11' title="bbox 171 501 967 538">
    <p class='ocr_par' dir='ltr' id='par_1_11' title="bbox 171 501 967 538">
     <span class='ocr_line' id='line_1_11' title="bbox 171 501 967 538; baseline -0.001 -8"><span class='ocrx_word' id='word_1_60' title='bbox 171 503 330 538; x_wconf 66' lang='lat' dir='ltr'><strong>guomieam</strong></span> <span class='ocrx_word' id='word_1_61' title='bbox 354 510 407 529; x_wconf 88' lang='lat' dir='ltr'><strong>non</strong></span> <span class='ocrx_word' id='word_1_62' title='bbox 423 503 512 529; x_wconf 87' lang='lat' dir='ltr'><strong>dicere</strong></span> <span class='ocrx_word' id='word_1_63' title='bbox 537 502 686 529; x_wconf 84' lang='lat' dir='ltr'><strong>humanam</strong></span> <span class='ocrx_word' id='word_1_64' title='bbox 712 509 773 529; x_wconf 88' lang='lat' dir='ltr'><strong>esse</strong></span> <span class='ocrx_word' id='word_1_65' title='bbox 791 510 797 528; x_wconf 90' lang='lat'><strong>:</strong></span> <span class='ocrx_word' id='word_1_66' title='bbox 815 501 872 528; x_wconf 71' lang='lat' dir='ltr'><strong>haec</strong></span> <span class='ocrx_word' id='word_1_67' title='bbox 894 502 967 529; x_wconf 91' lang='lat' dir='ltr'><strong>enim</strong></span> 
     </span>
    </p>
   </div>
   <div class='ocr_carea' id='block_1_12' title="bbox 175 548 969 584">
    <p class='ocr_par' dir='ltr' id='par_1_12' title="bbox 175 548 969 584">
     <span class='ocr_line' id='line_1_12' title="bbox 175 548 969 584; baseline -0.003 -8"><span class='ocrx_word' id='word_1_68' title='bbox 175 549 298 584; x_wconf 86' lang='lat' dir='ltr'><strong>captiosa</strong></span> <span class='ocrx_word' id='word_1_69' title='bbox 322 548 393 575; x_wconf 90' lang='lat' dir='ltr'><strong>ratio</strong></span> <span class='ocrx_word' id='word_1_70' title='bbox 409 548 502 575; x_wconf 86' lang='lat' dir='ltr'><strong>multis</strong></span> <span class='ocrx_word' id='word_1_71' title='bbox 517 548 687 582; x_wconf 81' lang='lat' dir='ltr'><strong>argumentis</strong></span> <span class='ocrx_word' id='word_1_72' title='bbox 702 553 827 574; x_wconf 84' lang='lat' dir='ltr'><strong>naturam</strong></span> <span class='ocrx_word' id='word_1_73' title='bbox 846 555 969 575; x_wconf 82' lang='lat' dir='ltr'><strong>conmut-</strong></span> 
     </span>
    </p>
   </div>
   <div class='ocr_carea' id='block_1_13' title="bbox 177 592 969 627">
    <p class='ocr_par' dir='ltr' id='par_1_13' title="bbox 177 592 969 627">
     <span class='ocr_line' id='line_1_13' title="bbox 177 592 969 627; baseline 0.001 -7"><span class='ocrx_word' id='word_1_74' title='bbox 177 601 237 620; x_wconf 88' lang='lat' dir='ltr'><strong>nem</strong></span> <span class='ocrx_word' id='word_1_75' title='bbox 255 592 395 627; x_wconf 78' lang='lat' dir='ltr'><strong>separabit</strong></span> <span class='ocrx_word' id='word_1_76' title='bbox 407 600 422 619; x_wconf 88' lang='lat' dir='ltr'><strong>a</strong></span> <span class='ocrx_word' id='word_1_77' title='bbox 438 592 630 627; x_wconf 70' lang='lat' dir='ltr'><strong>singularibus,</strong></span> <span class='ocrx_word' id='word_1_78' title='bbox 646 600 707 627; x_wconf 57' lang='lat' dir='ltr'><strong>qua;</strong></span> <span class='ocrx_word' id='word_1_79' title='bbox 724 593 776 620; x_wconf 89' lang='lat' dir='ltr'><strong>sub</strong></span> <span class='ocrx_word' id='word_1_80' title='bbox 791 600 823 620; x_wconf 85' lang='lat' dir='ltr'><strong>ea</strong></span> <span class='ocrx_word' id='word_1_81' title='bbox 837 598 903 620; x_wconf 88' lang='lat' dir='ltr'><strong>sunt</strong></span> <span class='ocrx_word' id='word_1_82' title='bbox 917 594 969 621; x_wconf 87' lang='lat' dir='ltr'><strong>hac</strong></span> 
     </span>
    </p>
   </div>
   <div class='ocr_carea' id='block_1_14' title="bbox 176 638 967 674">
    <p class='ocr_par' dir='ltr' id='par_1_14' title="bbox 176 638 967 674">
     <span class='ocr_line' id='line_1_14' title="bbox 176 638 967 674; baseline 0.003 -9"><span class='ocrx_word' id='word_1_83' title='bbox 176 639 353 674; x_wconf 82' lang='lat' dir='ltr'><strong>adjuuetioue</strong></span> <span class='ocrx_word' id='word_1_84' title='bbox 364 639 438 665; x_wconf 83' lang='lat' dir='ltr'><strong>verbi</strong></span> <span class='ocrx_word' id='word_1_85' title='bbox 450 643 579 672; x_wconf 76' lang='lat' dir='ltr'><strong>quatenus</strong></span> <span class='ocrx_word' id='word_1_86' title='bbox 591 638 701 665; x_wconf 79' lang='lat' dir='ltr'><strong>homini.</strong></span> <span class='ocrx_word' id='word_1_87' title='bbox 717 638 900 672; x_wconf 81' lang='lat' dir='ltr'><strong>Quamobrem</strong></span> <span class='ocrx_word' id='word_1_88' title='bbox 913 647 967 667; x_wconf 89' lang='lat' dir='ltr'><strong>non</strong></span> 
     </span>
    </p>
   </div>
   <div class='ocr_carea' id='block_1_15' title="bbox 175 684 968 719">
    <p class='ocr_par' dir='ltr' id='par_1_15' title="bbox 175 684 968 719">
     <span class='ocr_line' id='line_1_15' title="bbox 175 684 968 719; baseline 0.001 -7"><span class='ocrx_word' id='word_1_89' title='bbox 175 689 218 712; x_wconf 88' lang='lat' dir='ltr'><strong>est</strong></span> <span class='ocrx_word' id='word_1_90' title='bbox 243 685 333 711; x_wconf 86' lang='lat' dir='ltr'><strong>simile</strong></span> <span class='ocrx_word' id='word_1_91' title='bbox 359 684 430 718; x_wconf 88' lang='lat' dir='ltr'><strong>quod</strong></span> <span class='ocrx_word' id='word_1_92' title='bbox 452 684 581 716; x_wconf 85' lang='lat' dir='ltr'><strong>dicimus,</strong></span> <span class='ocrx_word' id='word_1_93' title='bbox 608 691 663 711; x_wconf 91' lang='lat' dir='ltr'><strong>non</strong></span> <span class='ocrx_word' id='word_1_94' title='bbox 680 691 742 712; x_wconf 86' lang='lat' dir='ltr'><strong>esse</strong></span> <span class='ocrx_word' id='word_1_95' title='bbox 764 685 917 719; x_wconf 79' lang='lat' dir='ltr'><strong>ponendam</strong></span> <span class='ocrx_word' id='word_1_96' title='bbox 940 687 968 713; x_wconf 91' lang='lat' dir='ltr'><strong>in</strong></span> 
     </span>
    </p>
   </div>
   <div class='ocr_carea' id='block_1_16' title="bbox 176 729 969 765">
    <p class='ocr_par' dir='ltr' id='par_1_16' title="bbox 176 729 969 765">
     <span class='ocr_line' id='line_1_16' title="bbox 176 729 969 765; baseline 0.001 -7"><span class='ocrx_word' id='word_1_97' title='bbox 176 731 288 758; x_wconf 84' lang='lat' dir='ltr'><strong>Christo</strong></span> <span class='ocrx_word' id='word_1_98' title='bbox 304 731 472 757; x_wconf 80' lang='lat' dir='ltr'><strong>voluntatem</strong></span> <span class='ocrx_word' id='word_1_99' title='bbox 489 729 643 764; x_wconf 83' lang='lat' dir='ltr'><strong>guomicam</strong></span> <span class='ocrx_word' id='word_1_100' title='bbox 667 729 734 765; x_wconf 82' lang='lat'><strong>(56).</strong></span> <span class='ocrx_word' id='word_1_101' title='bbox 765 730 793 757; x_wconf 90' lang='lat' dir='ltr'><strong>In</strong></span> <span class='ocrx_word' id='word_1_102' title='bbox 812 730 969 759; x_wconf 88' lang='lat' dir='ltr'><strong>hominibus</strong></span> 
     </span>
    </p>
   </div>
   <div class='ocr_carea' id='block_1_17' title="bbox 175 776 969 812">
    <p class='ocr_par' dir='ltr' id='par_1_17' title="bbox 175 776 969 812">
     <span class='ocr_line' id='line_1_17' title="bbox 175 776 969 812; baseline -0.001 -6"><span class='ocrx_word' id='word_1_103' title='bbox 175 779 261 810; x_wconf 81' lang='lat' dir='ltr'><strong>enim,</strong></span> <span class='ocrx_word' id='word_1_104' title='bbox 278 778 325 812; x_wconf 82' lang='lat' dir='ltr'><strong>qui</strong></span> <span class='ocrx_word' id='word_1_105' title='bbox 340 785 425 804; x_wconf 91' lang='lat' dir='ltr'><strong>unum</strong></span> <span class='ocrx_word' id='word_1_106' title='bbox 441 784 473 804; x_wconf 84' lang='lat' dir='ltr'><strong>ex</strong></span> <span class='ocrx_word' id='word_1_107' title='bbox 491 776 677 810; x_wconf 68' lang='lat' dir='ltr'><strong>singularibus</strong></span> <span class='ocrx_word' id='word_1_108' title='bbox 699 777 816 812; x_wconf 80' lang='lat' dir='ltr'><strong>sumpsit</strong></span> <span class='ocrx_word' id='word_1_109' title='bbox 832 785 881 812; x_wconf 80' lang='lat' dir='ltr'><strong>pro</strong></span> <span class='ocrx_word' id='word_1_110' title='bbox 895 783 969 805; x_wconf 85' lang='lat' dir='ltr'><strong>certo</strong></span> 
     </span>
    </p>
   </div>
   <div class='ocr_carea' id='block_1_18' title="bbox 179 822 971 858">
    <p class='ocr_par' dir='ltr' id='par_1_18' title="bbox 179 822 971 858">
     <span class='ocr_line' id='line_1_18' title="bbox 179 822 971 858; baseline -0.001 -7"><span class='ocrx_word' id='word_1_111' title='bbox 179 824 282 852; x_wconf 86' lang='lat' dir='ltr'><strong>habere</strong></span> <span class='ocrx_word' id='word_1_112' title='bbox 300 824 467 850; x_wconf 74' lang='lat' dir='ltr'><strong>voluntatem</strong></span> <span class='ocrx_word' id='word_1_113' title='bbox 494 822 661 857; x_wconf 72' lang='lat' dir='ltr'><strong>gnomicam,</strong></span> <span class='ocrx_word' id='word_1_114' title='bbox 677 824 741 858; x_wconf 78' lang='lat' dir='ltr'><strong>quia</strong></span> <span class='ocrx_word' id='word_1_115' title='bbox 763 822 853 850; x_wconf 77' lang='lat' dir='ltr'><strong>dill‘ert</strong></span> <span class='ocrx_word' id='word_1_116' title='bbox 869 831 884 850; x_wconf 92' lang='lat' dir='ltr'><strong>a</strong></span> <span class='ocrx_word' id='word_1_117' title='bbox 909 823 971 851; x_wconf 89' lang='lat' dir='ltr'><strong>reli-</strong></span> 
     </span>
    </p>
   </div>
   <div class='ocr_carea' id='block_1_19' title="bbox 176 868 968 905">
    <p class='ocr_par' dir='ltr' id='par_1_19' title="bbox 176 868 968 905">
     <span class='ocr_line' id='line_1_19' title="bbox 176 868 968 905; baseline -0.001 -9"><span class='ocrx_word' id='word_1_118' title='bbox 176 871 238 905; x_wconf 87' lang='lat' dir='ltr'><strong>quis</strong></span> <span class='ocrx_word' id='word_1_119' title='bbox 253 869 442 897; x_wconf 89' lang='lat' dir='ltr'><strong>voluutatibus</strong></span> <span class='ocrx_word' id='word_1_120' title='bbox 452 868 588 903; x_wconf 75' lang='lat' dir='ltr'><strong>gnomicis</strong></span> <span class='ocrx_word' id='word_1_121' title='bbox 598 876 706 902; x_wconf 88' lang='lat' dir='ltr'><strong>eorum,</strong></span> <span class='ocrx_word' id='word_1_122' title='bbox 719 869 764 903; x_wconf 87' lang='lat' dir='ltr'><strong>qui</strong></span> <span class='ocrx_word' id='word_1_123' title='bbox 776 874 839 896; x_wconf 89' lang='lat' dir='ltr'><strong>sunt</strong></span> <span class='ocrx_word' id='word_1_124' title='bbox 848 869 968 904; x_wconf 77' lang='lat' dir='ltr'><strong>ejusdem</strong></span> 
     </span>
    </p>
   </div>
   <div class='ocr_carea' id='block_1_20' title="bbox 176 914 968 950">
    <p class='ocr_par' dir='ltr' id='par_1_20' title="bbox 176 914 968 950">
     <span class='ocr_line' id='line_1_20' title="bbox 176 914 968 950; baseline 0 -6"><span class='ocrx_word' id='word_1_125' title='bbox 176 921 292 948; x_wconf 54' lang='lat' dir='ltr'><strong>natura),</strong></span> <span class='ocrx_word' id='word_1_126' title='bbox 309 920 434 942; x_wconf 86' lang='lat' dir='ltr'><strong>naturam</strong></span> <span class='ocrx_word' id='word_1_127' title='bbox 454 922 626 941; x_wconf 81' lang='lat' dir='ltr'><strong>communem</strong></span> <span class='ocrx_word' id='word_1_128' title='bbox 646 914 800 948; x_wconf 79' lang='lat' dir='ltr'><strong>del‘raudat,</strong></span> <span class='ocrx_word' id='word_1_129' title='bbox 826 916 897 950; x_wconf 87' lang='lat' dir='ltr'><strong>quod</strong></span> <span class='ocrx_word' id='word_1_130' title='bbox 927 921 968 944; x_wconf 80' lang='lat' dir='ltr'><strong>est</strong></span> 
     </span>
    </p>
   </div>
   <div class='ocr_carea' id='block_1_21' title="bbox 176 960 968 997">
    <p class='ocr_par' dir='ltr' id='par_1_21' title="bbox 176 960 968 997">
     <span class='ocr_line' id='line_1_21' title="bbox 176 960 968 997; baseline 0 -8"><span class='ocrx_word' id='word_1_131' title='bbox 176 963 339 997; x_wconf 83' lang='lat' dir='ltr'><strong>captiosum.</strong></span> <span class='ocrx_word' id='word_1_132' title='bbox 360 966 388 988; x_wconf 86' lang='lat' dir='ltr'><strong>et</strong></span> <span class='ocrx_word' id='word_1_133' title='bbox 416 960 556 988; x_wconf 83' lang='lat' dir='ltr'><strong>concludit</strong></span> <span class='ocrx_word' id='word_1_134' title='bbox 580 960 654 995; x_wconf 86' lang='lat' dir='ltr'><strong>quod</strong></span> <span class='ocrx_word' id='word_1_135' title='bbox 679 969 734 988; x_wconf 86' lang='lat' dir='ltr'><strong>non</strong></span> <span class='ocrx_word' id='word_1_136' title='bbox 759 965 802 988; x_wconf 87' lang='lat' dir='ltr'><strong>est</strong></span> <span class='ocrx_word' id='word_1_137' title='bbox 824 967 968 989; x_wconf 83' lang='lat' dir='ltr'><strong>consecta-</strong></span> 
     </span>
    </p>
   </div>
   <div class='ocr_carea' id='block_1_22' title="bbox 176 1005 966 1043">
    <p class='ocr_par' dir='ltr' id='par_1_22' title="bbox 176 1005 966 1043">
     <span class='ocr_line' id='line_1_22' title="bbox 176 1005 966 1043; baseline -0.001 -7"><span class='ocrx_word' id='word_1_138' title='bbox 176 1009 258 1036; x_wconf 89' lang='lat' dir='ltr'><strong>rium.</strong></span> <span class='ocrx_word' id='word_1_139' title='bbox 285 1008 314 1034; x_wconf 85' lang='lat' dir='ltr'><strong>lu</strong></span> <span class='ocrx_word' id='word_1_140' title='bbox 344 1007 455 1034; x_wconf 87' lang='lat' dir='ltr'><strong>Christo</strong></span> <span class='ocrx_word' id='word_1_141' title='bbox 481 1012 572 1034; x_wconf 88' lang='lat' dir='ltr'><strong>autem</strong></span> <span class='ocrx_word' id='word_1_142' title='bbox 592 1005 708 1034; x_wconf 78' lang='lat' dir='ltr'><strong>Domino</strong></span> <span class='ocrx_word' id='word_1_143' title='bbox 729 1011 823 1034; x_wconf 80' lang='lat' dir='ltr'><strong>nostro</strong></span> <span class='ocrx_word' id='word_1_144' title='bbox 848 1007 966 1043; x_wconf 83' lang='lat' dir='ltr'><strong>primum</strong></span> 
     </span>
    </p>
   </div>
   <div class='ocr_carea' id='block_1_23' title="bbox 176 1051 968 1089">
    <p class='ocr_par' dir='ltr' id='par_1_23' title="bbox 176 1051 968 1089">
     <span class='ocr_line' id='line_1_23' title="bbox 176 1051 968 1089; baseline -0.001 -8"><span class='ocrx_word' id='word_1_145' title='bbox 176 1053 288 1089; x_wconf 85' lang='lat' dir='ltr'><strong>quidem</strong></span> <span class='ocrx_word' id='word_1_146' title='bbox 301 1053 461 1088; x_wconf 66' lang='lat' dir='ltr'><strong>quaerimus,</strong></span> <span class='ocrx_word' id='word_1_147' title='bbox 489 1059 523 1078; x_wconf 91' lang='lat' dir='ltr'><strong>an</strong></span> <span class='ocrx_word' id='word_1_148' title='bbox 551 1051 664 1079; x_wconf 86' lang='lat' dir='ltr'><strong>omnino</strong></span> <span class='ocrx_word' id='word_1_149' title='bbox 681 1051 830 1080; x_wconf 89' lang='lat' dir='ltr'><strong>dicendum</strong></span> <span class='ocrx_word' id='word_1_150' title='bbox 846 1053 881 1080; x_wconf 86' lang='lat' dir='ltr'><strong>sit</strong></span> <span class='ocrx_word' id='word_1_151' title='bbox 907 1059 968 1081; x_wconf 83' lang='lat' dir='ltr'><strong>esse</strong></span> 
     </span>
    </p>
   </div>
   <div class='ocr_carea' id='block_1_24' title="bbox 177 1096 968 1131">
    <p class='ocr_par' dir='ltr' id='par_1_24' title="bbox 177 1096 968 1131">
     <span class='ocr_line' id='line_1_24' title="bbox 177 1096 968 1131; baseline -0.003 -4"><span class='ocrx_word' id='word_1_152' title='bbox 177 1100 205 1127; x_wconf 92' lang='lat' dir='ltr'><strong>in</strong></span> <span class='ocrx_word' id='word_1_153' title='bbox 220 1106 253 1127; x_wconf 86' lang='lat' dir='ltr'><strong>eo</strong></span> <span class='ocrx_word' id='word_1_154' title='bbox 267 1099 436 1126; x_wconf 84' lang='lat' dir='ltr'><strong>voluntatem</strong></span> <span class='ocrx_word' id='word_1_155' title='bbox 461 1096 628 1131; x_wconf 76' lang='lat' dir='ltr'><strong>gnomicam.</strong></span> <span class='ocrx_word' id='word_1_156' title='bbox 649 1101 675 1123; x_wconf 84' lang='lat' dir='ltr'><strong>et</strong></span> <span class='ocrx_word' id='word_1_157' title='bbox 699 1104 752 1124; x_wconf 93' lang='lat' dir='ltr'><strong>non</strong></span> <span class='ocrx_word' id='word_1_158' title='bbox 780 1096 843 1124; x_wconf 84' lang='lat' dir='ltr'><strong>licet</strong></span> <span class='ocrx_word' id='word_1_159' title='bbox 866 1097 968 1125; x_wconf 87' lang='lat' dir='ltr'><strong>intelli-</strong></span> 
     </span>
    </p>
   </div>
   <div class='ocr_carea' id='block_1_25' title="bbox 178 1143 968 1182">
    <p class='ocr_par' dir='ltr' id='par_1_25' title="bbox 178 1143 968 1182">
     <span class='ocr_line' id='line_1_25' title="bbox 178 1143 968 1182; baseline -0.004 -8"><span class='ocrx_word' id='word_1_160' title='bbox 178 1154 242 1182; x_wconf 71' lang='lat' dir='ltr'><strong>gere</strong></span> <span class='ocrx_word' id='word_1_161' title='bbox 257 1146 422 1181; x_wconf 84' lang='lat' dir='ltr'><strong>hypostases</strong></span> <span class='ocrx_word' id='word_1_162' title='bbox 438 1148 570 1179; x_wconf 77' lang='lat' dir='ltr'><strong>cognatas</strong></span> <span class='ocrx_word' id='word_1_163' title='bbox 589 1143 641 1171; x_wconf 86' lang='lat' dir='ltr'><strong>sub</strong></span> <span class='ocrx_word' id='word_1_164' title='bbox 657 1143 768 1171; x_wconf 82' lang='lat' dir='ltr'><strong>nomine</strong></span> <span class='ocrx_word' id='word_1_165' title='bbox 782 1143 884 1171; x_wconf 88' lang='lat' dir='ltr'><strong>Christi</strong></span> <span class='ocrx_word' id='word_1_166' title='bbox 899 1151 968 1171; x_wconf 91' lang='lat' dir='ltr'><strong>con-</strong></span> 
     </span>
    </p>
   </div>
   <div class='ocr_carea' id='block_1_26' title="bbox 177 1198 276 1226">
    <p class='ocr_par' dir='ltr' id='par_1_26' title="bbox 177 1198 276 1226">
     <span class='ocr_line' id='line_1_26' title="bbox 177 1198 276 1226; baseline 0 -6"><span class='ocrx_word' id='word_1_167' title='bbox 177 1198 276 1226; x_wconf 64' lang='lat' dir='ltr'><strong>gemas.</strong></span> 
     </span>
    </p>
   </div>
   <div class='ocr_carea' id='block_1_27' title="bbox 208 1235 968 1271">
    <p class='ocr_par' dir='ltr' id='par_1_27' title="bbox 208 1235 968 1271">
     <span class='ocr_line' id='line_1_27' title="bbox 208 1235 968 1271; baseline -0.005 -4"><span class='ocrx_word' id='word_1_168' title='bbox 208 1240 343 1267; x_wconf 74' lang='lat' dir='ltr'><strong>Praeterea</strong></span> <span class='ocrx_word' id='word_1_169' title='bbox 357 1238 383 1265; x_wconf 89' lang='lat' dir='ltr'><strong>in</strong></span> <span class='ocrx_word' id='word_1_170' title='bbox 399 1237 558 1265; x_wconf 90' lang='lat' dir='ltr'><strong>hominibus</strong></span> <span class='ocrx_word' id='word_1_171' title='bbox 571 1235 636 1264; x_wconf 89' lang='lat' dir='ltr'><strong>licet</strong></span> <span class='ocrx_word' id='word_1_172' title='bbox 649 1235 760 1271; x_wconf 85' lang='lat' dir='ltr'><strong>quidem</strong></span> <span class='ocrx_word' id='word_1_173' title='bbox 775 1236 875 1269; x_wconf 83' lang='lat' dir='ltr'><strong>dicere.</strong></span> <span class='ocrx_word' id='word_1_174' title='bbox 894 1235 968 1271; x_wconf 90' lang='lat' dir='ltr'><strong>quod</strong></span> 
     </span>
    </p>
   </div>
   <div class='ocr_carea' id='block_1_28' title="bbox 175 1283 968 1321">
    <p class='ocr_par' dir='ltr' id='par_1_28' title="bbox 175 1283 968 1321">
     <span class='ocr_line' id='line_1_28' title="bbox 175 1283 968 1321; baseline -0.003 -9"><span class='ocrx_word' id='word_1_175' title='bbox 175 1286 302 1313; x_wconf 76' lang='lat' dir='ltr'><strong>voluntas</strong></span> <span class='ocrx_word' id='word_1_176' title='bbox 316 1284 453 1321; x_wconf 78' lang='lat' dir='ltr'><strong>gnomica.</strong></span> <span class='ocrx_word' id='word_1_177' title='bbox 469 1291 531 1319; x_wconf 65' lang='lat' dir='ltr'><strong>qua:</strong></span> <span class='ocrx_word' id='word_1_178' title='bbox 555 1288 596 1311; x_wconf 87' lang='lat' dir='ltr'><strong>est</strong></span> <span class='ocrx_word' id='word_1_179' title='bbox 611 1283 637 1310; x_wconf 94' lang='lat' dir='ltr'><strong>iu</strong></span> <span class='ocrx_word' id='word_1_180' title='bbox 652 1283 704 1316; x_wconf 86' lang='lat' dir='ltr'><strong>eis,</strong></span> <span class='ocrx_word' id='word_1_181' title='bbox 719 1288 856 1318; x_wconf 87' lang='lat' dir='ltr'><strong>quatenus</strong></span> <span class='ocrx_word' id='word_1_182' title='bbox 871 1290 968 1318; x_wconf 88' lang='lat' dir='ltr'><strong>perso-</strong></span> 
     </span>
    </p>
   </div>
   <div class='ocr_carea' id='block_1_29' title="bbox 178 1329 967 1367">
    <p class='ocr_par' dir='ltr' id='par_1_29' title="bbox 178 1329 967 1367">
     <span class='ocr_line' id='line_1_29' title="bbox 178 1329 967 1367; baseline -0.004 -8"><span class='ocrx_word' id='word_1_183' title='bbox 178 1332 221 1360; x_wconf 84' lang='lat' dir='ltr'><strong>nis</strong></span> <span class='ocrx_word' id='word_1_184' title='bbox 245 1331 420 1367; x_wconf 78' lang='lat' dir='ltr'><strong>distinguitur</strong></span> <span class='ocrx_word' id='word_1_185' title='bbox 435 1338 468 1358; x_wconf 89' lang='lat' dir='ltr'><strong>ac</strong></span> <span class='ocrx_word' id='word_1_186' title='bbox 493 1333 650 1364; x_wconf 84' lang='lat' dir='ltr'><strong>separatur,</strong></span> <span class='ocrx_word' id='word_1_187' title='bbox 670 1337 725 1356; x_wconf 89' lang='lat' dir='ltr'><strong>non</strong></span> <span class='ocrx_word' id='word_1_188' title='bbox 742 1332 785 1356; x_wconf 83' lang='lat' dir='ltr'><strong>est</strong></span> <span class='ocrx_word' id='word_1_189' title='bbox 804 1329 857 1356; x_wconf 86' lang='lat' dir='ltr'><strong>alia</strong></span> <span class='ocrx_word' id='word_1_190' title='bbox 872 1329 967 1356; x_wconf 89' lang='lat' dir='ltr'><strong>eadem</strong></span> 
     </span>
    </p>
   </div>
   <div class='ocr_carea' id='block_1_30' title="bbox 177 1372 970 1410">
    <p class='ocr_par' dir='ltr' id='par_1_30' title="bbox 177 1372 970 1410">
     <span class='ocr_line' id='line_1_30' title="bbox 177 1372 970 1410; baseline -0.005 -7"><span class='ocrx_word' id='word_1_191' title='bbox 177 1384 239 1404; x_wconf 89' lang='lat' dir='ltr'><strong>cum</strong></span> <span class='ocrx_word' id='word_1_192' title='bbox 259 1376 323 1408; x_wconf 86' lang='lat' dir='ltr'><strong>alia,</strong></span> <span class='ocrx_word' id='word_1_193' title='bbox 338 1379 473 1410; x_wconf 79' lang='lat' dir='ltr'><strong>quatenus</strong></span> <span class='ocrx_word' id='word_1_194' title='bbox 487 1381 552 1401; x_wconf 90' lang='lat' dir='ltr'><strong>vero</strong></span> <span class='ocrx_word' id='word_1_195' title='bbox 572 1373 599 1400; x_wconf 94' lang='lat' dir='ltr'><strong>in</strong></span> <span class='ocrx_word' id='word_1_196' title='bbox 617 1380 700 1400; x_wconf 83' lang='lat' dir='ltr'><strong>unam</strong></span> <span class='ocrx_word' id='word_1_197' title='bbox 713 1377 838 1400; x_wconf 88' lang='lat' dir='ltr'><strong>naturam</strong></span> <span class='ocrx_word' id='word_1_198' title='bbox 851 1372 970 1400; x_wconf 89' lang='lat' dir='ltr'><strong>includi-</strong></span> 
     </span>
    </p>
   </div>
   <div class='ocr_carea' id='block_1_31' title="bbox 177 1418 967 1455">
    <p class='ocr_par' dir='ltr' id='par_1_31' title="bbox 177 1418 967 1455">
     <span class='ocr_line' id='line_1_31' title="bbox 177 1418 967 1455; baseline -0.004 -6"><span class='ocrx_word' id='word_1_199' title='bbox 177 1427 231 1454; x_wconf 89' lang='lat' dir='ltr'><strong>tur,</strong></span> <span class='ocrx_word' id='word_1_200' title='bbox 247 1421 315 1448; x_wconf 88' lang='lat' dir='ltr'><strong>nihil</strong></span> <span class='ocrx_word' id='word_1_201' title='bbox 337 1419 463 1455; x_wconf 87' lang='lat' dir='ltr'><strong>prohibet</strong></span> <span class='ocrx_word' id='word_1_202' title='bbox 485 1418 577 1446; x_wconf 85' lang='lat' dir='ltr'><strong>dicere</strong></span> <span class='ocrx_word' id='word_1_203' title='bbox 591 1422 619 1445; x_wconf 85' lang='lat' dir='ltr'><strong>et</strong></span> <span class='ocrx_word' id='word_1_204' title='bbox 633 1418 783 1445; x_wconf 86' lang='lat' dir='ltr'><strong>humanam</strong></span> <span class='ocrx_word' id='word_1_205' title='bbox 801 1418 967 1446; x_wconf 76' lang='lat' dir='ltr'><strong>voluntatem</strong></span> 
     </span>
    </p>
   </div>
   <div class='ocr_carea' id='block_1_32' title="bbox 176 1462 968 1499">
    <p class='ocr_par' dir='ltr' id='par_1_32' title="bbox 176 1462 968 1499">
     <span class='ocr_line' id='line_1_32' title="bbox 176 1462 968 1499; baseline -0.004 -4"><span class='ocrx_word' id='word_1_206' title='bbox 176 1473 204 1496; x_wconf 89' lang='lat' dir='ltr'><strong>et</strong></span> <span class='ocrx_word' id='word_1_207' title='bbox 229 1468 353 1495; x_wconf 86' lang='lat' dir='ltr'><strong>eamdem</strong></span> <span class='ocrx_word' id='word_1_208' title='bbox 372 1473 434 1494; x_wconf 84' lang='lat' dir='ltr'><strong>esse</strong></span> <span class='ocrx_word' id='word_1_209' title='bbox 453 1474 460 1492; x_wconf 90' lang='lat'>:</span> <span class='ocrx_word' id='word_1_210' title='bbox 479 1465 505 1492; x_wconf 93' lang='lat' dir='ltr'><strong>in</strong></span> <span class='ocrx_word' id='word_1_211' title='bbox 523 1464 633 1492; x_wconf 83' lang='lat' dir='ltr'><strong>Christo</strong></span> <span class='ocrx_word' id='word_1_212' title='bbox 650 1469 741 1491; x_wconf 73' lang='lat' dir='ltr'><strong>autem</strong></span> <span class='ocrx_word' id='word_1_213' title='bbox 771 1462 851 1491; x_wconf 81' lang='lat' dir='ltr'><strong>nemo</strong></span> <span class='ocrx_word' id='word_1_214' title='bbox 879 1468 968 1499; x_wconf 84' lang='lat' dir='ltr'><strong>potest</strong></span> 
     </span>
    </p>
   </div>
   <div class='ocr_carea' id='block_1_33' title="bbox 177 1503 969 1546">
    <p class='ocr_par' dir='ltr' id='par_1_33' title="bbox 177 1503 969 1546">
     <span class='ocr_line' id='line_1_33' title="bbox 177 1503 969 1546; baseline -0.004 -5"><span class='ocrx_word' id='word_1_215' title='bbox 177 1514 303 1542; x_wconf 87' lang='lat' dir='ltr'><strong>similiter</strong></span> <span class='ocrx_word' id='word_1_216' title='bbox 312 1513 416 1546; x_wconf 84' lang='lat' dir='ltr'><strong>dicere,</strong></span> <span class='ocrx_word' id='word_1_217' title='bbox 432 1519 486 1538; x_wconf 90' lang='lat' dir='ltr'><strong>non</strong></span> <span class='ocrx_word' id='word_1_218' title='bbox 501 1511 574 1538; x_wconf 84' lang='lat' dir='ltr'><strong>enim</strong></span> <span class='ocrx_word' id='word_1_219' title='bbox 592 1503 739 1545; x_wconf 79' lang='lat' dir='ltr'><strong>possumus</strong></span> <span class='ocrx_word' id='word_1_220' title='bbox 750 1519 834 1538; x_wconf 90' lang='lat' dir='ltr'><strong>unum</strong></span> <span class='ocrx_word' id='word_1_221' title='bbox 847 1511 911 1546; x_wconf 90' lang='lat' dir='ltr'><strong>quid</strong></span> <span class='ocrx_word' id='word_1_222' title='bbox 927 1511 969 1538; x_wconf 88' lang='lat' dir='ltr'><strong>in-</strong></span> 
     </span>
    </p>
   </div>
   <div class='ocr_carea' id='block_1_34' title="bbox 178 1557 968 1595">
    <p class='ocr_par' dir='ltr' id='par_1_34' title="bbox 178 1557 968 1595">
     <span class='ocr_line' id='line_1_34' title="bbox 178 1557 968 1595; baseline -0.004 -8"><span class='ocrx_word' id='word_1_223' title='bbox 178 1561 309 1595; x_wconf 78' lang='lat' dir='ltr'><strong>telligere,</strong></span> <span class='ocrx_word' id='word_1_224' title='bbox 327 1559 354 1585; x_wconf 90' lang='lat' dir='ltr'><strong>in</strong></span> <span class='ocrx_word' id='word_1_225' title='bbox 371 1558 481 1585; x_wconf 79' lang='lat' dir='ltr'><strong>Christo</strong></span> <span class='ocrx_word' id='word_1_226' title='bbox 500 1557 561 1584; x_wconf 64' lang='lat' dir='ltr'><strong>dua:</strong></span> <span class='ocrx_word' id='word_1_227' title='bbox 583 1557 719 1592; x_wconf 81' lang='lat' dir='ltr'><strong>siquidem</strong></span> <span class='ocrx_word' id='word_1_228' title='bbox 746 1561 851 1584; x_wconf 80' lang='lat' dir='ltr'><strong>natura:</strong></span> <span class='ocrx_word' id='word_1_229' title='bbox 864 1557 968 1585; x_wconf 83' lang='lat' dir='ltr'><strong>consti-</strong></span> 
     </span>
    </p>
   </div>
   <div class='ocr_carea' id='block_1_35' title="bbox 177 1601 965 1640">
    <p class='ocr_par' dir='ltr' id='par_1_35' title="bbox 177 1601 965 1640">
     <span class='ocr_line' id='line_1_35' title="bbox 177 1601 965 1640; baseline -0.001 -8"><span class='ocrx_word' id='word_1_230' title='bbox 177 1610 258 1632; x_wconf 84' lang='lat' dir='ltr'><strong>tuunt</strong></span> <span class='ocrx_word' id='word_1_231' title='bbox 273 1603 445 1640; x_wconf 85' lang='lat' dir='ltr'><strong>hypostasim</strong></span> <span class='ocrx_word' id='word_1_232' title='bbox 452 1604 523 1637; x_wconf 84' lang='lat' dir='ltr'><strong>ejus,</strong></span> <span class='ocrx_word' id='word_1_233' title='bbox 537 1607 564 1630; x_wconf 91' lang='lat' dir='ltr'><strong>ct</strong></span> <span class='ocrx_word' id='word_1_234' title='bbox 576 1610 629 1630; x_wconf 90' lang='lat' dir='ltr'><strong>non</strong></span> <span class='ocrx_word' id='word_1_235' title='bbox 643 1610 706 1631; x_wconf 85' lang='lat' dir='ltr'><strong>una.</strong></span> <span class='ocrx_word' id='word_1_236' title='bbox 719 1601 812 1638; x_wconf 84' lang='lat' dir='ltr'><strong>Neque</strong></span> <span class='ocrx_word' id='word_1_237' title='bbox 820 1611 965 1638; x_wconf 79' lang='lat' dir='ltr'><strong>possumus</strong></span> 
     </span>
    </p>
   </div>
   <div class='ocr_carea' id='block_1_36' title="bbox 176 1651 965 1685">
    <p class='ocr_par' dir='ltr' id='par_1_36' title="bbox 176 1651 965 1685">
     <span class='ocr_line' id='line_1_36' title="bbox 176 1651 965 1685; baseline -0.001 -5"><span class='ocrx_word' id='word_1_238' title='bbox 176 1653 269 1680; x_wconf 87' lang='lat' dir='ltr'><strong>dicere</strong></span> <span class='ocrx_word' id='word_1_239' title='bbox 283 1652 309 1679; x_wconf 94' lang='lat' dir='ltr'><strong>in</strong></span> <span class='ocrx_word' id='word_1_240' title='bbox 325 1660 376 1685; x_wconf 87' lang='lat' dir='ltr'><strong>eo;</strong></span> <span class='ocrx_word' id='word_1_241' title='bbox 393 1651 520 1678; x_wconf 79' lang='lat' dir='ltr'><strong>voluntas</strong></span> <span class='ocrx_word' id='word_1_242' title='bbox 545 1651 670 1685; x_wconf 76' lang='lat' dir='ltr'><strong>gnomica</strong></span> <span class='ocrx_word' id='word_1_243' title='bbox 693 1654 829 1685; x_wconf 87' lang='lat' dir='ltr'><strong>quatenus</strong></span> <span class='ocrx_word' id='word_1_244' title='bbox 842 1651 898 1678; x_wconf 60' lang='lat' dir='ltr'><strong>hac</strong></span> <span class='ocrx_word' id='word_1_245' title='bbox 912 1655 965 1684; x_wconf 86' lang='lat' dir='ltr'><strong>est,</strong></span> 
     </span>
    </p>
   </div>
   <div class='ocr_carea' id='block_1_37' title="bbox 178 1697 966 1733">
    <p class='ocr_par' dir='ltr' id='par_1_37' title="bbox 178 1697 966 1733">
     <span class='ocr_line' id='line_1_37' title="bbox 178 1697 966 1733; baseline -0.001 -7"><span class='ocrx_word' id='word_1_246' title='bbox 178 1707 231 1726; x_wconf 89' lang='lat' dir='ltr'><strong>non</strong></span> <span class='ocrx_word' id='word_1_247' title='bbox 248 1703 289 1726; x_wconf 89' lang='lat' dir='ltr'><strong>est</strong></span> <span class='ocrx_word' id='word_1_248' title='bbox 300 1698 416 1732; x_wconf 83' lang='lat' dir='ltr'><strong>eadem;</strong></span> <span class='ocrx_word' id='word_1_249' title='bbox 431 1702 566 1733; x_wconf 81' lang='lat' dir='ltr'><strong>quatenus</strong></span> <span class='ocrx_word' id='word_1_250' title='bbox 582 1705 646 1725; x_wconf 86' lang='lat' dir='ltr'><strong>vero</strong></span> <span class='ocrx_word' id='word_1_251' title='bbox 661 1697 718 1724; x_wconf 75' lang='lat' dir='ltr'><strong>lucc</strong></span> <span class='ocrx_word' id='word_1_252' title='bbox 735 1701 788 1729; x_wconf 89' lang='lat' dir='ltr'><strong>est,</strong></span> <span class='ocrx_word' id='word_1_253' title='bbox 805 1698 899 1725; x_wconf 84' lang='lat' dir='ltr'><strong>eadem</strong></span> <span class='ocrx_word' id='word_1_254' title='bbox 912 1702 966 1731; x_wconf 84' lang='lat' dir='ltr'><strong>est,</strong></span> 
     </span>
    </p>
   </div>
   <div class='ocr_carea' id='block_1_38' title="bbox 176 1742 967 1779">
    <p class='ocr_par' dir='ltr' id='par_1_38' title="bbox 176 1742 967 1779">
     <span class='ocr_line' id='line_1_38' title="bbox 176 1742 967 1779; baseline -0.001 -7"><span class='ocrx_word' id='word_1_255' title='bbox 176 1744 307 1779; x_wconf 86' lang='lat' dir='ltr'><strong>quoniam</strong></span> <span class='ocrx_word' id='word_1_256' title='bbox 332 1751 403 1771; x_wconf 89' lang='lat' dir='ltr'><strong>unus</strong></span> <span class='ocrx_word' id='word_1_257' title='bbox 418 1748 460 1770; x_wconf 90' lang='lat' dir='ltr'><strong>est</strong></span> <span class='ocrx_word' id='word_1_258' title='bbox 473 1742 600 1771; x_wconf 87' lang='lat' dir='ltr'><strong>Christus</strong></span> <span class='ocrx_word' id='word_1_259' title='bbox 615 1748 642 1770; x_wconf 87' lang='lat' dir='ltr'><strong>et</strong></span> <span class='ocrx_word' id='word_1_260' title='bbox 656 1751 710 1770; x_wconf 85' lang='lat' dir='ltr'><strong>una</strong></span> <span class='ocrx_word' id='word_1_261' title='bbox 723 1743 783 1778; x_wconf 80' lang='lat' dir='ltr'><strong>ejus</strong></span> <span class='ocrx_word' id='word_1_262' title='bbox 794 1750 922 1778; x_wconf 84' lang='lat' dir='ltr'><strong>persona,</strong></span> <span class='ocrx_word' id='word_1_263' title='bbox 939 1748 967 1771; x_wconf 89' lang='lat' dir='ltr'><strong>et</strong></span> 
     </span>
    </p>
   </div>
   <div class='ocr_carea' id='block_1_39' title="bbox 177 1789 968 1826">
    <p class='ocr_par' dir='ltr' id='par_1_39' title="bbox 177 1789 968 1826">
     <span class='ocr_line' id='line_1_39' title="bbox 177 1789 968 1826; baseline -0.001 -8"><span class='ocrx_word' id='word_1_264' title='bbox 177 1799 230 1818; x_wconf 86' lang='lat' dir='ltr'><strong>uua</strong></span> <span class='ocrx_word' id='word_1_265' title='bbox 245 1790 410 1826; x_wconf 83' lang='lat' dir='ltr'><strong>hypostasis,</strong></span> <span class='ocrx_word' id='word_1_266' title='bbox 438 1797 528 1824; x_wconf 81' lang='lat' dir='ltr'><strong>neque</strong></span> <span class='ocrx_word' id='word_1_267' title='bbox 552 1789 635 1816; x_wconf 86' lang='lat' dir='ltr'><strong>habet</strong></span> <span class='ocrx_word' id='word_1_268' title='bbox 659 1789 782 1824; x_wconf 81' lang='lat' dir='ltr'><strong>ejusdem</strong></span> <span class='ocrx_word' id='word_1_269' title='bbox 797 1789 913 1822; x_wconf 87' lang='lat' dir='ltr'><strong>ordinis,</strong></span> <span class='ocrx_word' id='word_1_270' title='bbox 939 1794 968 1817; x_wconf 88' lang='lat' dir='ltr'><strong>et</strong></span> 
     </span>
    </p>
   </div>
   <div class='ocr_carea' id='block_1_40' title="bbox 176 1835 967 1872">
    <p class='ocr_par' dir='ltr' id='par_1_40' title="bbox 176 1835 967 1872">
     <span class='ocr_line' id='line_1_40' title="bbox 176 1835 967 1872; baseline -0.003 -7"><span class='ocrx_word' id='word_1_271' title='bbox 176 1837 298 1872; x_wconf 85' lang='lat' dir='ltr'><strong>ejusdem</strong></span> <span class='ocrx_word' id='word_1_272' title='bbox 318 1835 445 1864; x_wconf 68' lang='lat' dir='ltr'><strong>&#39;nominis</strong></span> <span class='ocrx_word' id='word_1_273' title='bbox 469 1840 496 1863; x_wconf 86' lang='lat' dir='ltr'><strong>et</strong></span> <span class='ocrx_word' id='word_1_274' title='bbox 518 1835 634 1863; x_wconf 78' lang='lat' dir='ltr'><strong>rationis</strong></span> <span class='ocrx_word' id='word_1_275' title='bbox 659 1835 789 1863; x_wconf 87' lang='lat' dir='ltr'><strong>Christus</strong></span> <span class='ocrx_word' id='word_1_276' title='bbox 805 1835 967 1871; x_wconf 85' lang='lat' dir='ltr'><strong>hypostases</strong></span> 
     </span>
    </p>
   </div>
   <div class='ocr_carea' id='block_1_41' title="bbox 178 1881 967 1917">
    <p class='ocr_par' dir='ltr' id='par_1_41' title="bbox 178 1881 967 1917">
     <span class='ocr_line' id='line_1_41' title="bbox 178 1881 967 1917; baseline -0.001 -8"><span class='ocrx_word' id='word_1_277' title='bbox 178 1882 398 1917; x_wconf 83' lang='grc' dir='ltr'><strong>συντεταγμένας</strong></span> <span class='ocrx_word' id='word_1_278' title='bbox 420 1901 428 1914; x_wconf 89' lang='grc'><em>,</em></span> <span class='ocrx_word' id='word_1_279' title='bbox 457 1881 483 1909; x_wconf 91' lang='lat' dir='ltr'><strong>id</strong></span> <span class='ocrx_word' id='word_1_280' title='bbox 511 1885 553 1908; x_wconf 86' lang='lat' dir='ltr'><strong>est</strong></span> <span class='ocrx_word' id='word_1_281' title='bbox 573 1881 767 1914; x_wconf 78' lang='lat' dir='ltr'><strong>coordinatas;</strong></span> <span class='ocrx_word' id='word_1_282' title='bbox 791 1888 842 1908; x_wconf 88' lang='lat' dir='ltr'><strong>nec</strong></span> <span class='ocrx_word' id='word_1_283' title='bbox 864 1881 967 1916; x_wconf 85' lang='lat' dir='ltr'><strong>aliquid</strong></span> 
     </span>
    </p>
   </div>
   <div class='ocr_carea' id='block_1_42' title="bbox 177 1926 966 1962">
    <p class='ocr_par' dir='ltr' id='par_1_42' title="bbox 177 1926 966 1962">
     <span class='ocr_line' id='line_1_42' title="bbox 177 1926 966 1962; baseline -0.004 -6"><span class='ocrx_word' id='word_1_284' title='bbox 177 1935 333 1961; x_wconf 85' lang='lat' dir='ltr'><strong>commune,</strong></span> <span class='ocrx_word' id='word_1_285' title='bbox 358 1927 430 1962; x_wconf 86' lang='lat' dir='ltr'><strong>quod</strong></span> <span class='ocrx_word' id='word_1_286' title='bbox 455 1927 482 1954; x_wconf 92' lang='lat' dir='ltr'><strong>in</strong></span> <span class='ocrx_word' id='word_1_287' title='bbox 501 1934 534 1954; x_wconf 85' lang='lat' dir='ltr'><strong>eo</strong></span> <span class='ocrx_word' id='word_1_288' title='bbox 555 1926 674 1958; x_wconf 81' lang='lat' dir='ltr'><strong>dicatur,</strong></span> <span class='ocrx_word' id='word_1_289' title='bbox 689 1926 762 1961; x_wconf 87' lang='lat' dir='ltr'><strong>quod</strong></span> <span class='ocrx_word' id='word_1_290' title='bbox 779 1926 866 1961; x_wconf 82' lang='lat' dir='ltr'><strong>possit</strong></span> <span class='ocrx_word' id='word_1_291' title='bbox 884 1927 966 1954; x_wconf 82' lang='lat' dir='ltr'><strong>etiam</strong></span> 
     </span>
    </p>
   </div>
   <div class='ocr_carea' id='block_1_43' title="bbox 176 1973 967 2010">
    <p class='ocr_par' dir='ltr' id='par_1_43' title="bbox 176 1973 967 2010">
     <span class='ocr_line' id='line_1_43' title="bbox 176 1973 967 2010; baseline -0.003 -8"><span class='ocrx_word' id='word_1_292' title='bbox 176 1975 238 2002; x_wconf 85' lang='lat' dir='ltr'><strong>aliis</strong></span> <span class='ocrx_word' id='word_1_293' title='bbox 253 1974 450 2010; x_wconf 84' lang='lat' dir='ltr'><strong>hypostasibus</strong></span> <span class='ocrx_word' id='word_1_294' title='bbox 467 1973 564 2008; x_wconf 85' lang='lat' dir='ltr'><strong>aptari.</strong></span> <span class='ocrx_word' id='word_1_295' title='bbox 588 1973 680 2006; x_wconf 83' lang='lat' dir='ltr'><strong>Quare</strong></span> <span class='ocrx_word' id='word_1_296' title='bbox 695 1977 788 2001; x_wconf 89' lang='lat' dir='ltr'><strong>manet</strong></span> <span class='ocrx_word' id='word_1_297' title='bbox 805 1981 859 2000; x_wconf 91' lang='lat' dir='ltr'><strong>non</strong></span> <span class='ocrx_word' id='word_1_298' title='bbox 877 1973 967 2000; x_wconf 84' lang='lat' dir='ltr'><strong>soluta</strong></span> 
     </span>
    </p>
   </div>
   <div class='ocr_carea' id='block_1_44' title="bbox 176 2018 967 2054">
    <p class='ocr_par' dir='ltr' id='par_1_44' title="bbox 176 2018 967 2054">
     <span class='ocr_line' id='line_1_44' title="bbox 176 2018 967 2054; baseline -0.003 -6"><span class='ocrx_word' id='word_1_299' title='bbox 176 2021 321 2052; x_wconf 86' lang='lat' dir='ltr'><strong>dubitatio,</strong></span> <span class='ocrx_word' id='word_1_300' title='bbox 347 2027 402 2054; x_wconf 88' lang='lat' dir='ltr'><strong>qua</strong></span> <span class='ocrx_word' id='word_1_301' title='bbox 431 2018 608 2046; x_wconf 75' lang='lat' dir='ltr'><strong>dubitabatur</strong></span> <span class='ocrx_word' id='word_1_302' title='bbox 633 2018 764 2053; x_wconf 83' lang='lat' dir='ltr'><strong>quidnam</strong></span> <span class='ocrx_word' id='word_1_303' title='bbox 781 2019 817 2046; x_wconf 87' lang='lat' dir='ltr'><strong>sit</strong></span> <span class='ocrx_word' id='word_1_304' title='bbox 839 2019 967 2046; x_wconf 85' lang='lat' dir='ltr'><strong>voluntas</strong></span> 
     </span>
    </p>
   </div>
   <div class='ocr_carea' id='block_1_45' title="bbox 177 2063 968 2101">
    <p class='ocr_par' dir='ltr' id='par_1_45' title="bbox 177 2063 968 2101">
     <span class='ocr_line' id='line_1_45' title="bbox 177 2063 968 2101; baseline -0.001 -9"><span class='ocrx_word' id='word_1_305' title='bbox 177 2065 311 2101; x_wconf 77' lang='lat' dir='ltr'><strong>gnomiea.</strong></span> <span class='ocrx_word' id='word_1_306' title='bbox 323 2071 386 2091; x_wconf 89' lang='lat' dir='ltr'><strong>cum</strong></span> <span class='ocrx_word' id='word_1_307' title='bbox 400 2064 426 2090; x_wconf 92' lang='lat' dir='ltr'><strong>in</strong></span> <span class='ocrx_word' id='word_1_308' title='bbox 442 2063 551 2091; x_wconf 81' lang='lat' dir='ltr'><strong>Christo</strong></span> <span class='ocrx_word' id='word_1_309' title='bbox 567 2070 655 2098; x_wconf 88' lang='lat' dir='ltr'><strong>neque</strong></span> <span class='ocrx_word' id='word_1_310' title='bbox 676 2064 713 2091; x_wconf 90' lang='lat' dir='ltr'><strong>sit</strong></span> <span class='ocrx_word' id='word_1_311' title='bbox 729 2063 862 2096; x_wconf 88' lang='lat' dir='ltr'><strong>humana,</strong></span> <span class='ocrx_word' id='word_1_312' title='bbox 878 2070 968 2099; x_wconf 83' lang='lat' dir='ltr'><strong>neque</strong></span> 
     </span>
    </p>
   </div>
   <div class='ocr_carea' id='block_1_46' title="bbox 177 2109 825 2146">
    <p class='ocr_par' dir='ltr' id='par_1_46' title="bbox 177 2109 825 2146">
     <span class='ocr_line' id='line_1_46' title="bbox 177 2109 825 2146; baseline -0.005 -7"><span class='ocrx_word' id='word_1_313' title='bbox 177 2113 280 2143; x_wconf 90' lang='lat' dir='ltr'><strong>divina,</strong></span> <span class='ocrx_word' id='word_1_314' title='bbox 300 2118 388 2146; x_wconf 81' lang='lat' dir='ltr'><strong>neque</strong></span> <span class='ocrx_word' id='word_1_315' title='bbox 404 2110 486 2137; x_wconf 85' lang='lat' dir='ltr'><strong>etiam</strong></span> <span class='ocrx_word' id='word_1_316' title='bbox 502 2109 565 2136; x_wconf 86' lang='lat' dir='ltr'><strong>talis</strong></span> <span class='ocrx_word' id='word_1_317' title='bbox 576 2109 711 2136; x_wconf 89' lang='lat' dir='ltr'><strong>nominari</strong></span> <span class='ocrx_word' id='word_1_318' title='bbox 727 2109 825 2144; x_wconf 79' lang='lat' dir='ltr'><strong>possit.</strong></span> 
     </span>
    </p>
   </div>
   <div class='ocr_carea' id='block_1_47' title="bbox 214 2155 967 2191">
    <p class='ocr_par' dir='ltr' id='par_1_47' title="bbox 214 2155 967 2191">
     <span class='ocr_line' id='line_1_47' title="bbox 214 2155 967 2191; baseline -0.003 -6"><span class='ocrx_word' id='word_1_319' title='bbox 214 2157 370 2186; x_wconf 81' lang='lat' dir='ltr'><strong>Secundum</strong></span> <span class='ocrx_word' id='word_1_320' title='bbox 395 2163 459 2191; x_wconf 73' lang='lat' dir='ltr'><strong>ergo</strong></span> <span class='ocrx_word' id='word_1_321' title='bbox 488 2155 677 2190; x_wconf 87' lang='lat' dir='ltr'><strong>responsionis</strong></span> <span class='ocrx_word' id='word_1_322' title='bbox 702 2163 788 2191; x_wconf 78' lang='lat' dir='ltr'><strong>genus</strong></span> <span class='ocrx_word' id='word_1_323' title='bbox 816 2160 868 2188; x_wconf 86' lang='lat' dir='ltr'><strong>est,</strong></span> <span class='ocrx_word' id='word_1_324' title='bbox 894 2155 967 2191; x_wconf 91' lang='lat' dir='ltr'><strong>quod</strong></span> 
     </span>
    </p>
   </div>
   <div class='ocr_carea' id='block_1_48' title="bbox 177 2201 968 2239">
    <p class='ocr_par' dir='ltr' id='par_1_48' title="bbox 177 2201 968 2239">
     <span class='ocr_line' id='line_1_48' title="bbox 177 2201 968 2239; baseline -0.005 -7"><span class='ocrx_word' id='word_1_325' title='bbox 177 2204 298 2233; x_wconf 77' lang='lat' dir='ltr'><strong>diximus</strong></span> <span class='ocrx_word' id='word_1_326' title='bbox 313 2203 380 2239; x_wconf 79' lang='lat'><strong>(57),</strong></span> <span class='ocrx_word' id='word_1_327' title='bbox 398 2210 450 2230; x_wconf 93' lang='lat' dir='ltr'><strong>non</strong></span> <span class='ocrx_word' id='word_1_328' title='bbox 468 2206 595 2236; x_wconf 88' lang='lat' dir='ltr'><strong>oportere</strong></span> <span class='ocrx_word' id='word_1_329' title='bbox 616 2201 707 2229; x_wconf 86' lang='lat' dir='ltr'><strong>dicere</strong></span> <span class='ocrx_word' id='word_1_330' title='bbox 735 2209 796 2229; x_wconf 84' lang='lat' dir='ltr'><strong>esse</strong></span> <span class='ocrx_word' id='word_1_331' title='bbox 817 2202 843 2228; x_wconf 91' lang='lat' dir='ltr'><strong>in</strong></span> <span class='ocrx_word' id='word_1_332' title='bbox 857 2201 968 2231; x_wconf 89' lang='lat' dir='ltr'><strong>Christo</strong></span> 
     </span>
    </p>
   </div>
   <div class='ocr_carea' id='block_1_49' title="bbox 1018 273 1815 310">
    <p class='ocr_par' dir='ltr' id='par_1_49' title="bbox 1018 273 1815 310">
     <span class='ocr_line' id='line_1_49' title="bbox 1018 273 1815 310; baseline -0.003 -8"><span class='ocrx_word' id='word_1_333' title='bbox 1018 276 1032 302; x_wconf 87' lang='lat'><strong>6</strong></span> <span class='ocrx_word' id='word_1_334' title='bbox 1046 275 1077 302; x_wconf 86' lang='grc' dir='ltr'><strong>τὸ</strong></span> <span class='ocrx_word' id='word_1_335' title='bbox 1095 275 1214 310; x_wconf 79' lang='grc' dir='ltr'>ὀμοφυὲς</span> <span class='ocrx_word' id='word_1_336' title='bbox 1225 275 1326 309; x_wconf 74' lang='grc' dir='ltr'>ἄτομον</span> <span class='ocrx_word' id='word_1_337' title='bbox 1338 273 1392 300; x_wconf 85' lang='grc' dir='ltr'><strong>τῶν</strong></span> <span class='ocrx_word' id='word_1_338' title='bbox 1401 273 1490 301; x_wconf 84' lang='grc' dir='ltr'>ἀλλων</span> <span class='ocrx_word' id='word_1_339' title='bbox 1502 274 1563 301; x_wconf 79' lang='grc' dir='ltr'>καθ’</span> <span class='ocrx_word' id='word_1_340' title='bbox 1574 274 1678 300; x_wconf 72' lang='grc' dir='ltr'>ἕκαστα</span> <span class='ocrx_word' id='word_1_341' title='bbox 1687 273 1815 300; x_wconf 69' lang='grc' dir='ltr'>διαστέλι</span> 
     </span>
    </p>
   </div>
   <div class='ocr_carea' id='block_1_50' title="bbox 1018 320 1814 356">
    <p class='ocr_par' dir='ltr' id='par_1_50' title="bbox 1018 320 1814 356">
     <span class='ocr_line' id='line_1_50' title="bbox 1018 320 1814 356; baseline -0.001 -9"><span class='ocrx_word' id='word_1_342' title='bbox 1018 321 1083 349; x_wconf 78' lang='grc' dir='ltr'>λων.</span> <span class='ocrx_word' id='word_1_343' title='bbox 1098 321 1153 348; x_wconf 73' lang='grc' dir='ltr'><strong>Καὶ</strong></span> <span class='ocrx_word' id='word_1_344' title='bbox 1168 321 1201 347; x_wconf 75' lang='grc' dir='ltr'>ἐκ</span> <span class='ocrx_word' id='word_1_345' title='bbox 1225 321 1272 347; x_wconf 77' lang='grc' dir='ltr'><strong>τσῦ</strong></span> <span class='ocrx_word' id='word_1_346' title='bbox 1293 321 1486 356; x_wconf 75' lang='grc' dir='ltr'><strong>συνομολογεῖν</strong></span> <span class='ocrx_word' id='word_1_347' title='bbox 1516 320 1611 355; x_wconf 77' lang='grc' dir='ltr'>μηδενὶ</span> <span class='ocrx_word' id='word_1_348' title='bbox 1641 320 1696 346; x_wconf 85' lang='grc' dir='ltr'>τῶν</span> <span class='ocrx_word' id='word_1_349' title='bbox 1723 320 1814 347; x_wconf 73' lang='grc' dir='ltr'>ἄλλων</span> 
     </span>
    </p>
   </div>
   <div class='ocr_carea' id='block_1_51' title="bbox 1018 364 1815 400">
    <p class='ocr_par' dir='ltr' id='par_1_51' title="bbox 1018 364 1815 400">
     <span class='ocr_line' id='line_1_51' title="bbox 1018 364 1815 400; baseline -0.003 -8"><span class='ocrx_word' id='word_1_350' title='bbox 1018 365 1128 400; x_wconf 80' lang='grc' dir='ltr'><strong>ἀτόμων</strong></span> <span class='ocrx_word' id='word_1_351' title='bbox 1144 366 1242 392; x_wconf 77' lang='grc' dir='ltr'><strong>¹ιταὺτὸν</strong></span> <span class='ocrx_word' id='word_1_352' title='bbox 1258 364 1328 392; x_wconf 68' lang='grc' dir='ltr'>εἶναι</span> <span class='ocrx_word' id='word_1_353' title='bbox 1342 367 1375 400; x_wconf 83' lang='grc' dir='ltr'>τῇ</span> <span class='ocrx_word' id='word_1_354' title='bbox 1396 364 1545 392; x_wconf 73' lang='grc' dir='ltr'>ὑποστάσει</span> <span class='ocrx_word' id='word_1_355' title='bbox 1565 365 1632 400; x_wconf 77' lang='grc' dir='ltr'>μηδὲ</span> <span class='ocrx_word' id='word_1_356' title='bbox 1647 366 1702 396; x_wconf 84' lang='grc' dir='ltr'>τοῖς</span> <span class='ocrx_word' id='word_1_357' title='bbox 1721 365 1815 396; x_wconf 75' lang='grc' dir='ltr'>ἄλλοις</span> 
     </span>
    </p>
   </div>
   <div class='ocr_carea' id='block_1_52' title="bbox 1020 410 1811 445">
    <p class='ocr_par' dir='ltr' id='par_1_52' title="bbox 1020 410 1811 445">
     <span class='ocr_line' id='line_1_52' title="bbox 1020 410 1811 445; baseline 0 -9"><span class='ocrx_word' id='word_1_358' title='bbox 1020 410 1148 445; x_wconf 81' lang='grc' dir='ltr'>ἰδιώμασι</span> <span class='ocrx_word' id='word_1_359' title='bbox 1163 410 1209 436; x_wconf 90' lang='grc' dir='ltr'><strong>τὸν</strong></span> <span class='ocrx_word' id='word_1_360' title='bbox 1224 410 1417 445; x_wconf 82' lang='grc' dir='ltr'>προκείμενον.</span> <span class='ocrx_word' id='word_1_361' title='bbox 1439 411 1487 437; x_wconf 82' lang='grc' dir='ltr'>Ἐκ</span> <span class='ocrx_word' id='word_1_362' title='bbox 1507 410 1603 436; x_wconf 86' lang='grc' dir='ltr'>τούτου</span> <span class='ocrx_word' id='word_1_363' title='bbox 1625 411 1674 437; x_wconf 71' lang='grc' dir='ltr'>καὶ</span> <span class='ocrx_word' id='word_1_364' title='bbox 1684 411 1735 445; x_wconf 77' lang='grc' dir='ltr'>τῆς</span> <span class='ocrx_word' id='word_1_365' title='bbox 1753 419 1811 436; x_wconf 84' lang='grc' dir='ltr'>κοι-</span> 
     </span>
    </p>
   </div>
   <div class='ocr_carea' id='block_1_53' title="bbox 1018 455 1814 491">
    <p class='ocr_par' dir='ltr' id='par_1_53' title="bbox 1018 455 1814 491">
     <span class='ocr_line' id='line_1_53' title="bbox 1018 455 1814 491; baseline -0.003 -7"><span class='ocrx_word' id='word_1_366' title='bbox 1018 455 1067 491; x_wconf 80' lang='grc' dir='ltr'>νῆς</span> <span class='ocrx_word' id='word_1_367' title='bbox 1084 457 1092 476; x_wconf 70' lang='grc' dir='ltr'><strong>ί</strong></span> <span class='ocrx_word' id='word_1_368' title='bbox 1108 456 1198 482; x_wconf 77' lang='grc' dir='ltr'>αὐτῶν</span> <span class='ocrx_word' id='word_1_369' title='bbox 1213 456 1374 491; x_wconf 78' lang='grc' dir='ltr'><strong>ἀποστερεῖν</strong></span> <span class='ocrx_word' id='word_1_370' title='bbox 1383 455 1501 491; x_wconf 77' lang='grc' dir='ltr'>φύσεως,</span> <span class='ocrx_word' id='word_1_371' title='bbox 1514 456 1562 482; x_wconf 71' lang='grc' dir='ltr'>καὶ</span> <span class='ocrx_word' id='word_1_372' title='bbox 1573 455 1753 491; x_wconf 74' lang='grc' dir='ltr'>τὸγνωμικὸν</span> <span class='ocrx_word' id='word_1_373' title='bbox 1765 457 1814 482; x_wconf 70' lang='lat' dir='ltr'><strong>air-</strong></span> 
     </span>
    </p>
   </div>
   <div class='ocr_carea' id='block_1_54' title="bbox 1018 499 1814 537">
    <p class='ocr_par' dir='ltr' id='par_1_54' title="bbox 1018 499 1814 537">
     <span class='ocr_line' id='line_1_54' title="bbox 1018 499 1814 537; baseline 0 -9"><span class='ocrx_word' id='word_1_374' title='bbox 1018 502 1065 528; x_wconf 85' lang='grc' dir='ltr'><strong>τοῦ</strong></span> <span class='ocrx_word' id='word_1_375' title='bbox 1079 501 1184 537; x_wconf 87' lang='grc' dir='ltr'>θέλημα</span> <span class='ocrx_word' id='word_1_376' title='bbox 1200 501 1237 536; x_wconf 84' lang='grc' dir='ltr'>μὴ</span> <span class='ocrx_word' id='word_1_377' title='bbox 1251 501 1341 536; x_wconf 83' lang='grc' dir='ltr'>λέγειν</span> <span class='ocrx_word' id='word_1_378' title='bbox 1356 501 1527 537; x_wconf 79' lang='grc' dir='ltr'>ἀνθρώπινον</span> <span class='ocrx_word' id='word_1_379' title='bbox 1541 499 1622 528; x_wconf 81' lang='grc' dir='ltr'>εἶναι.</span> <span class='ocrx_word' id='word_1_380' title='bbox 1644 502 1691 528; x_wconf 81' lang='grc' dir='ltr'>Ἐκ</span> <span class='ocrx_word' id='word_1_381' title='bbox 1705 502 1814 528; x_wconf 70' lang='grc' dir='ltr'>πολλῶν</span> 
     </span>
    </p>
   </div>
   <div class='ocr_carea' id='block_1_55' title="bbox 1018 543 1813 583">
    <p class='ocr_par' dir='ltr' id='par_1_55' title="bbox 1018 543 1813 583">
     <span class='ocr_line' id='line_1_55' title="bbox 1018 543 1813 583; baseline 0 -9"><span class='ocrx_word' id='word_1_382' title='bbox 1018 547 1073 583; x_wconf 77' lang='grc' dir='ltr'><strong>γὰρ</strong></span> <span class='ocrx_word' id='word_1_383' title='bbox 1083 547 1216 582; x_wconf 81' lang='grc' dir='ltr'>ἀφορμῶν</span> <span class='ocrx_word' id='word_1_384' title='bbox 1234 548 1249 573; x_wconf 97' lang='lat'><strong>6</strong></span> <span class='ocrx_word' id='word_1_385' title='bbox 1265 547 1472 582; x_wconf 73' lang='grc' dir='ltr'>παραλογισμὸς</span> <span class='ocrx_word' id='word_1_386' title='bbox 1486 543 1563 579; x_wconf 77' lang='grc' dir='ltr'>οὗτος</span> <span class='ocrx_word' id='word_1_387' title='bbox 1583 548 1633 582; x_wconf 81' lang='grc' dir='ltr'>τὴν</span> <span class='ocrx_word' id='word_1_388' title='bbox 1648 549 1743 583; x_wconf 75' lang='grc' dir='ltr'>κοινὴν</span> <span class='ocrx_word' id='word_1_389' title='bbox 1760 548 1813 582; x_wconf 79' lang='grc' dir='ltr'><strong>φύ-</strong></span> 
     </span>
    </p>
   </div>
   <div class='ocr_carea' id='block_1_56' title="bbox 1019 593 1813 629">
    <p class='ocr_par' dir='ltr' id='par_1_56' title="bbox 1019 593 1813 629">
     <span class='ocr_line' id='line_1_56' title="bbox 1019 593 1813 629; baseline -0.001 -9"><span class='ocrx_word' id='word_1_390' title='bbox 1019 602 1062 620; x_wconf 91' lang='grc' dir='ltr'><strong>σιν</strong></span> <span class='ocrx_word' id='word_1_391' title='bbox 1077 594 1227 629; x_wconf 82' lang='grc' dir='ltr'><strong>ἀποστήσει</strong></span> <span class='ocrx_word' id='word_1_392' title='bbox 1244 594 1291 620; x_wconf 79' lang='grc' dir='ltr'><strong>καὶ</strong></span> <span class='ocrx_word' id='word_1_393' title='bbox 1304 593 1478 628; x_wconf 82' lang='grc' dir='ltr'>διαχωρισει,</span> <span class='ocrx_word' id='word_1_394' title='bbox 1491 593 1546 620; x_wconf 86' lang='grc' dir='ltr'>τῶν</span> <span class='ocrx_word' id='word_1_395' title='bbox 1562 594 1608 620; x_wconf 82' lang='grc' dir='ltr'>ὑπ’</span> <span class='ocrx_word' id='word_1_396' title='bbox 1617 594 1686 629; x_wconf 79' lang='grc' dir='ltr'>αὐτῇ</span> <span class='ocrx_word' id='word_1_397' title='bbox 1699 593 1813 620; x_wconf 80' lang='grc' dir='ltr'>τελούν-</span> 
     </span>
    </p>
   </div>
   <div class='ocr_carea' id='block_1_57' title="bbox 1017 639 1814 675">
    <p class='ocr_par' dir='ltr' id='par_1_57' title="bbox 1017 639 1814 675">
     <span class='ocr_line' id='line_1_57' title="bbox 1017 639 1814 675; baseline 0 -9"><span class='ocrx_word' id='word_1_398' title='bbox 1017 647 1072 666; x_wconf 82' lang='grc' dir='ltr'><strong>των</strong></span> <span class='ocrx_word' id='word_1_399' title='bbox 1088 640 1134 666; x_wconf 73' lang='grc' dir='ltr'>καὶ</span> <span class='ocrx_word' id='word_1_400' title='bbox 1148 639 1388 675; x_wconf 72' lang='grc' dir='ltr'>ἐμπεριεχομένων</span> <span class='ocrx_word' id='word_1_401' title='bbox 1401 640 1510 675; x_wconf 78' lang='grc' dir='ltr'>ἀτόμων</span> <span class='ocrx_word' id='word_1_402' title='bbox 1525 639 1612 674; x_wconf 79' lang='grc' dir='ltr'>αὐτῆς</span> <span class='ocrx_word' id='word_1_403' title='bbox 1630 639 1670 675; x_wconf 82' lang='grc' dir='ltr'>τῷ</span> <span class='ocrx_word' id='word_1_404' title='bbox 1690 641 1814 674; x_wconf 73' lang='grc' dir='ltr'>προσρή-</span> 
     </span>
    </p>
   </div>
   <div class='ocr_carea' id='block_1_58' title="bbox 1020 683 1814 721">
    <p class='ocr_par' dir='ltr' id='par_1_58' title="bbox 1020 683 1814 721">
     <span class='ocr_line' id='line_1_58' title="bbox 1020 683 1814 721; baseline 0 -9"><span class='ocrx_word' id='word_1_405' title='bbox 1020 694 1097 721; x_wconf 81' lang='grc' dir='ltr'>ματι.</span> <span class='ocrx_word' id='word_1_406' title='bbox 1110 686 1149 711; x_wconf 85' lang='grc' dir='ltr'><strong>Δι’</strong></span> <span class='ocrx_word' id='word_1_407' title='bbox 1163 686 1234 720; x_wconf 78' lang='grc' dir='ltr'>ὅπερ</span> <span class='ocrx_word' id='word_1_408' title='bbox 1257 686 1306 720; x_wconf 84' lang='grc' dir='ltr'>οὺχ</span> <span class='ocrx_word' id='word_1_409' title='bbox 1327 685 1429 721; x_wconf 75' lang='grc' dir='ltr'>ὁμοίως</span> <span class='ocrx_word' id='word_1_410' title='bbox 1445 687 1459 712; x_wconf 84' lang='lat'><strong>6</strong></span> <span class='ocrx_word' id='word_1_411' title='bbox 1478 686 1558 720; x_wconf 80' lang='grc' dir='ltr'>λόγος</span> <span class='ocrx_word' id='word_1_412' title='bbox 1573 683 1650 718; x_wconf 77' lang='grc' dir='ltr'>οὗτος</span> <span class='ocrx_word' id='word_1_413' title='bbox 1663 686 1720 721; x_wconf 81' lang='grc' dir='ltr'>ἔχει</span> <span class='ocrx_word' id='word_1_414' title='bbox 1735 688 1783 712; x_wconf 68' lang='grc' dir='ltr'>καὶ</span> <span class='ocrx_word' id='word_1_415' title='bbox 1799 688 1814 712; x_wconf 92' lang='lat'><strong>6</strong></span> 
     </span>
    </p>
   </div>
   <div class='ocr_carea' id='block_1_59' title="bbox 1018 731 1814 767">
    <p class='ocr_par' dir='ltr' id='par_1_59' title="bbox 1018 731 1814 767">
     <span class='ocr_line' id='line_1_59' title="bbox 1018 731 1814 767; baseline -0.001 -10"><span class='ocrx_word' id='word_1_416' title='bbox 1018 731 1049 757; x_wconf 82' lang='grc' dir='ltr'><strong>τὸ</strong></span> <span class='ocrx_word' id='word_1_417' title='bbox 1062 732 1070 756; x_wconf 86' lang='grc' dir='ltr'><strong>ι</strong></span> <span class='ocrx_word' id='word_1_418' title='bbox 1085 731 1236 765; x_wconf 80' lang='grc' dir='ltr'>γνωστικὸν</span> <span class='ocrx_word' id='word_1_419' title='bbox 1254 731 1301 757; x_wconf 76' lang='grc' dir='ltr'><strong>ἐπὶ</strong></span> <span class='ocrx_word' id='word_1_420' title='bbox 1314 732 1434 767; x_wconf 78' lang='grc' dir='ltr'><strong>Χριστοῦ</strong></span> <span class='ocrx_word' id='word_1_421' title='bbox 1451 731 1488 767; x_wconf 84' lang='grc' dir='ltr'>μὴ</span> <span class='ocrx_word' id='word_1_422' title='bbox 1501 731 1721 767; x_wconf 79' lang='grc' dir='ltr'>παραδεχόμενος</span> <span class='ocrx_word' id='word_1_423' title='bbox 1732 731 1814 766; x_wconf 82' lang='grc' dir='ltr'>θέλη-</span> 
     </span>
    </p>
   </div>
   <div class='ocr_carea' id='block_1_60' title="bbox 1021 777 1815 813">
    <p class='ocr_par' dir='ltr' id='par_1_60' title="bbox 1021 777 1815 813">
     <span class='ocr_line' id='line_1_60' title="bbox 1021 777 1815 813; baseline 0 -9"><span class='ocrx_word' id='word_1_424' title='bbox 1021 786 1069 813; x_wconf 84' lang='grc' dir='ltr'>μα.</span> <span class='ocrx_word' id='word_1_425' title='bbox 1088 778 1151 804; x_wconf 66' lang='grc' dir='ltr'>Ἐπὶ.</span> <span class='ocrx_word' id='word_1_426' title='bbox 1164 777 1215 813; x_wconf 85' lang='grc' dir='ltr'>μὲν</span> <span class='ocrx_word' id='word_1_427' title='bbox 1231 778 1286 813; x_wconf 83' lang='grc' dir='ltr'><strong>γὰρ</strong></span> <span class='ocrx_word' id='word_1_428' title='bbox 1305 777 1359 804; x_wconf 85' lang='grc' dir='ltr'><strong>τῶν</strong></span> <span class='ocrx_word' id='word_1_429' title='bbox 1375 777 1527 813; x_wconf 84' lang='grc' dir='ltr'>ἀνθρώπων</span> <span class='ocrx_word' id='word_1_430' title='bbox 1542 778 1590 804; x_wconf 71' lang='grc' dir='ltr'>ἕνα</span> <span class='ocrx_word' id='word_1_431' title='bbox 1607 777 1699 804; x_wconf 77' lang='grc' dir='ltr'>λαϐὼν</span> <span class='ocrx_word' id='word_1_432' title='bbox 1715 777 1815 812; x_wconf 76' lang='grc' dir='ltr'>ὁμολο-</span> 
     </span>
    </p>
   </div>
   <div class='ocr_carea' id='block_1_61' title="bbox 1019 824 1812 860">
    <p class='ocr_par' dir='ltr' id='par_1_61' title="bbox 1019 824 1812 860">
     <span class='ocr_line' id='line_1_61' title="bbox 1019 824 1812 860; baseline -0.001 -9"><span class='ocrx_word' id='word_1_433' title='bbox 1019 825 1160 860; x_wconf 74' lang='grc' dir='ltr'>γουμένως</span> <span class='ocrx_word' id='word_1_434' title='bbox 1170 825 1225 851; x_wconf 80' lang='grc' dir='ltr'>τῶν</span> <span class='ocrx_word' id='word_1_435' title='bbox 1241 824 1302 852; x_wconf 81' lang='grc' dir='ltr'>καθ’</span> <span class='ocrx_word' id='word_1_436' title='bbox 1318 824 1434 851; x_wconf 73' lang='grc' dir='ltr'>ἕκαστον</span> <span class='ocrx_word' id='word_1_437' title='bbox 1448 824 1588 860; x_wconf 78' lang='grc' dir='ltr'>γνωμικὸν</span> <span class='ocrx_word' id='word_1_438' title='bbox 1606 824 1680 859; x_wconf 75' lang='grc' dir='ltr'>ἔχειν</span> <span class='ocrx_word' id='word_1_439' title='bbox 1701 824 1812 859; x_wconf 79' lang='grc' dir='ltr'>θέλημα</span> 
     </span>
    </p>
   </div>
   <div class='ocr_carea' id='block_1_62' title="bbox 1020 872 1813 908">
    <p class='ocr_par' dir='ltr' id='par_1_62' title="bbox 1020 872 1813 908">
     <span class='ocr_line' id='line_1_62' title="bbox 1020 872 1813 908; baseline -0.004 -8"><span class='ocrx_word' id='word_1_440' title='bbox 1020 874 1052 900; x_wconf 84' lang='grc' dir='ltr'>ὲκ</span> <span class='ocrx_word' id='word_1_441' title='bbox 1063 873 1114 908; x_wconf 79' lang='grc' dir='ltr'><strong>τῆς</strong></span> <span class='ocrx_word' id='word_1_442' title='bbox 1133 873 1201 908; x_wconf 73' lang='grc' dir='ltr'>πρὸς</span> <span class='ocrx_word' id='word_1_443' title='bbox 1218 873 1251 900; x_wconf 78' lang='grc' dir='ltr'>τὰ</span> <span class='ocrx_word' id='word_1_444' title='bbox 1270 872 1352 899; x_wconf 80' lang='grc' dir='ltr'>λοιπὰ</span> <span class='ocrx_word' id='word_1_445' title='bbox 1363 872 1417 899; x_wconf 76' lang='grc' dir='ltr'>τῶν</span> <span class='ocrx_word' id='word_1_446' title='bbox 1432 872 1563 907; x_wconf 80' lang='grc' dir='ltr'>ὁμοειδῶν</span> <span class='ocrx_word' id='word_1_447' title='bbox 1576 872 1746 907; x_wconf 82' lang='grc' dir='ltr'>ἑτερότητος,</span> <span class='ocrx_word' id='word_1_448' title='bbox 1759 872 1813 906; x_wconf 68' lang='grc' dir='ltr'>τὴν</span> 
     </span>
    </p>
   </div>
   <div class='ocr_carea' id='block_1_63' title="bbox 1019 918 1813 954">
    <p class='ocr_par' dir='ltr' id='par_1_63' title="bbox 1019 918 1813 954">
     <span class='ocr_line' id='line_1_63' title="bbox 1019 918 1813 954; baseline -0.004 -7"><span class='ocrx_word' id='word_1_449' title='bbox 1019 919 1113 954; x_wconf 81' lang='grc' dir='ltr'>κοινὴν</span> <span class='ocrx_word' id='word_1_450' title='bbox 1134 919 1215 953; x_wconf 77' lang='grc' dir='ltr'>φύσιν</span> <span class='ocrx_word' id='word_1_451' title='bbox 1232 919 1466 954; x_wconf 75' lang='grc' dir='ltr'>παραγράφεται·</span> <span class='ocrx_word' id='word_1_452' title='bbox 1484 918 1553 953; x_wconf 76' lang='grc' dir='ltr'>ὅπερ</span> <span class='ocrx_word' id='word_1_453' title='bbox 1569 919 1628 945; x_wconf 77' lang='grc' dir='ltr'>ὲστὶ</span> <span class='ocrx_word' id='word_1_454' title='bbox 1645 920 1813 953; x_wconf 73' lang='grc' dir='ltr'>σεσοφισμέ-</span> 
     </span>
    </p>
   </div>
   <div class='ocr_carea' id='block_1_64' title="bbox 1018 964 1815 999">
    <p class='ocr_par' dir='ltr' id='par_1_64' title="bbox 1018 964 1815 999">
     <span class='ocr_line' id='line_1_64' title="bbox 1018 964 1815 999; baseline 0 -7"><span class='ocrx_word' id='word_1_455' title='bbox 1018 975 1073 998; x_wconf 84' lang='lat' dir='ltr'><strong>vov,</strong></span> <span class='ocrx_word' id='word_1_456' title='bbox 1085 965 1133 992; x_wconf 78' lang='grc' dir='ltr'><strong>καὶ</strong></span> <span class='ocrx_word' id='word_1_457' title='bbox 1144 965 1326 992; x_wconf 77' lang='grc' dir='ltr'>ἀνακόλουθον</span> <span class='ocrx_word' id='word_1_458' title='bbox 1337 965 1558 999; x_wconf 75' lang='grc' dir='ltr'>συλλογίσασθαι.</span> <span class='ocrx_word' id='word_1_459' title='bbox 1575 965 1636 991; x_wconf 72' lang='grc' dir='ltr'>Ἐπὶ</span> <span class='ocrx_word' id='word_1_460' title='bbox 1649 965 1677 991; x_wconf 83' lang='grc' dir='ltr'><strong>δὲ</strong></span> <span class='ocrx_word' id='word_1_461' title='bbox 1689 964 1738 991; x_wconf 87' lang='grc' dir='ltr'><strong>τοῦ</strong></span> <span class='ocrx_word' id='word_1_462' title='bbox 1755 966 1815 992; x_wconf 74' lang='grc' dir='ltr'><strong>Κυ-</strong></span> 
     </span>
    </p>
   </div>
   <div class='ocr_carea' id='block_1_65' title="bbox 1021 1008 1818 1047">
    <p class='ocr_par' dir='ltr' id='par_1_65' title="bbox 1021 1008 1818 1047">
     <span class='ocr_line' id='line_1_65' title="bbox 1021 1008 1818 1047; baseline -0.003 -10"><span class='ocrx_word' id='word_1_463' title='bbox 1021 1011 1080 1047; x_wconf 76' lang='grc' dir='ltr'>ρίου</span> <span class='ocrx_word' id='word_1_464' title='bbox 1099 1010 1178 1046; x_wconf 80' lang='grc' dir='ltr'>ἡμῶν</span> <span class='ocrx_word' id='word_1_465' title='bbox 1199 1009 1288 1044; x_wconf 79' lang='grc' dir='ltr'>Ἰησοῦ</span> <span class='ocrx_word' id='word_1_466' title='bbox 1312 1009 1432 1045; x_wconf 80' lang='grc' dir='ltr'>Χριστοῦ</span> <span class='ocrx_word' id='word_1_467' title='bbox 1461 1009 1572 1045; x_wconf 76' lang='grc' dir='ltr'>πρῶτον</span> <span class='ocrx_word' id='word_1_468' title='bbox 1597 1009 1647 1044; x_wconf 70' lang='grc' dir='ltr'>μὲν</span> <span class='ocrx_word' id='word_1_469' title='bbox 1674 1008 1818 1044; x_wconf 63' lang='grc' dir='ltr'>ζητοῦμεν</span> 
     </span>
    </p>
   </div>
   <div class='ocr_carea' id='block_1_66' title="bbox 1018 1055 1816 1091">
    <p class='ocr_par' dir='ltr' id='par_1_66' title="bbox 1018 1055 1816 1091">
     <span class='ocr_line' id='line_1_66' title="bbox 1018 1055 1816 1091; baseline -0.003 -8"><span class='ocrx_word' id='word_1_470' title='bbox 1018 1056 1087 1088; x_wconf 81' lang='grc' dir='ltr'>τέως</span> <span class='ocrx_word' id='word_1_471' title='bbox 1100 1058 1124 1083; x_wconf 91' lang='grc' dir='ltr'>εἰ</span> <span class='ocrx_word' id='word_1_472' title='bbox 1137 1055 1206 1086; x_wconf 80' lang='grc' dir='ltr'>ὅλως</span> <span class='ocrx_word' id='word_1_473' title='bbox 1230 1055 1270 1082; x_wconf 83' lang='grc' dir='ltr'><strong>δεῖ</strong></span> <span class='ocrx_word' id='word_1_474' title='bbox 1295 1056 1384 1090; x_wconf 83' lang='grc' dir='ltr'>λέγειν</span> <span class='ocrx_word' id='word_1_475' title='bbox 1404 1055 1547 1091; x_wconf 73' lang='grc' dir='ltr'>γνωμικὸν</span> <span class='ocrx_word' id='word_1_476' title='bbox 1569 1055 1644 1091; x_wconf 81' lang='grc' dir='ltr'>αὐτῷ</span> <span class='ocrx_word' id='word_1_477' title='bbox 1668 1057 1816 1091; x_wconf 76' lang='grc' dir='ltr'>προσεῖναι</span> 
     </span>
    </p>
   </div>
   <div class='ocr_carea' id='block_1_67' title="bbox 1018 1101 1816 1138">
    <p class='ocr_par' dir='ltr' id='par_1_67' title="bbox 1018 1101 1816 1138">
     <span class='ocr_line' id='line_1_67' title="bbox 1018 1101 1816 1138; baseline -0.004 -8"><span class='ocrx_word' id='word_1_478' title='bbox 1018 1103 1136 1138; x_wconf 81' lang='grc' dir='ltr'>θέλημα,</span> <span class='ocrx_word' id='word_1_479' title='bbox 1151 1103 1199 1129; x_wconf 70' lang='grc' dir='ltr'>καὶ</span> <span class='ocrx_word' id='word_1_480' title='bbox 1214 1102 1264 1129; x_wconf 63' lang='grc' dir='ltr'>οὐκ</span> <span class='ocrx_word' id='word_1_481' title='bbox 1281 1102 1340 1128; x_wconf 75' lang='grc' dir='ltr'>ἐστι</span> <span class='ocrx_word' id='word_1_482' title='bbox 1352 1102 1444 1129; x_wconf 65' lang='grc' dir='ltr'>λαθεῖν</span> <span class='ocrx_word' id='word_1_483' title='bbox 1459 1102 1623 1134; x_wconf 79' lang='grc' dir='ltr'>ὑποστάσεις</span> <span class='ocrx_word' id='word_1_484' title='bbox 1632 1101 1670 1137; x_wconf 83' lang='grc' dir='ltr'>τῷ</span> <span class='ocrx_word' id='word_1_485' title='bbox 1681 1101 1730 1127; x_wconf 83' lang='grc' dir='ltr'><strong>τοῦ</strong></span> <span class='ocrx_word' id='word_1_486' title='bbox 1742 1102 1816 1137; x_wconf 78' lang='grc' dir='ltr'>Χρι-</span> 
     </span>
    </p>
   </div>
   <div class='ocr_carea' id='block_1_68' title="bbox 1019 1149 1433 1185">
    <p class='ocr_par' dir='ltr' id='par_1_68' title="bbox 1019 1149 1433 1185">
     <span class='ocr_line' id='line_1_68' title="bbox 1019 1149 1433 1185; baseline -0.002 -8"><span class='ocrx_word' id='word_1_487' title='bbox 1019 1150 1082 1177; x_wconf 81' lang='grc' dir='ltr'>στοῦ</span> <span class='ocrx_word' id='word_1_488' title='bbox 1097 1149 1295 1185; x_wconf 78' lang='grc' dir='ltr'>περιεχομένας</span> <span class='ocrx_word' id='word_1_489' title='bbox 1309 1149 1433 1185; x_wconf 83' lang='grc' dir='ltr'>ὀνόματι.</span> 
     </span>
    </p>
   </div>
   <div class='ocr_carea' id='block_1_69' title="bbox 1055 1237 1818 1274">
    <p class='ocr_par' dir='ltr' id='par_1_69' title="bbox 1055 1237 1818 1274">
     <span class='ocr_line' id='line_1_69' title="bbox 1055 1237 1818 1274; baseline -0.003 -8"><span class='ocrx_word' id='word_1_490' title='bbox 1055 1240 1117 1266; x_wconf 85' lang='grc' dir='ltr'><strong>Ἔτι</strong></span> <span class='ocrx_word' id='word_1_491' title='bbox 1130 1239 1158 1266; x_wconf 72' lang='grc' dir='ltr'><strong>δὲ</strong></span> <span class='ocrx_word' id='word_1_492' title='bbox 1172 1239 1219 1266; x_wconf 73' lang='grc' dir='ltr'>ἐπὶ</span> <span class='ocrx_word' id='word_1_493' title='bbox 1239 1239 1289 1274; x_wconf 79' lang='grc' dir='ltr'>μὲν</span> <span class='ocrx_word' id='word_1_494' title='bbox 1309 1238 1366 1265; x_wconf 87' lang='grc' dir='ltr'><strong>τῶν</strong></span> <span class='ocrx_word' id='word_1_495' title='bbox 1385 1237 1538 1274; x_wconf 84' lang='grc' dir='ltr'>ἀνθρώπων</span> <span class='ocrx_word' id='word_1_496' title='bbox 1562 1237 1636 1264; x_wconf 77' lang='grc' dir='ltr'>ἔστιν</span> <span class='ocrx_word' id='word_1_497' title='bbox 1658 1237 1747 1264; x_wconf 69' lang='grc' dir='ltr'>εἰπεῖν</span> <span class='ocrx_word' id='word_1_498' title='bbox 1770 1237 1818 1264; x_wconf 77' lang='grc' dir='ltr'><strong>ὅτι</strong></span> 
     </span>
    </p>
   </div>
   <div class='ocr_carea' id='block_1_70' title="bbox 1017 1283 1816 1320">
    <p class='ocr_par' dir='ltr' id='par_1_70' title="bbox 1017 1283 1816 1320">
     <span class='ocr_line' id='line_1_70' title="bbox 1017 1283 1816 1320; baseline 0 -9"><span class='ocrx_word' id='word_1_499' title='bbox 1017 1285 1049 1312; x_wconf 83' lang='grc' dir='ltr'><strong>τὸ</strong></span> <span class='ocrx_word' id='word_1_500' title='bbox 1061 1285 1216 1320; x_wconf 75' lang='grc' dir='ltr'>ἐνυπάρχον</span> <span class='ocrx_word' id='word_1_501' title='bbox 1229 1285 1322 1316; x_wconf 78' lang='grc' dir='ltr'>αὐτοῖς</span> <span class='ocrx_word' id='word_1_502' title='bbox 1335 1284 1475 1319; x_wconf 83' lang='grc' dir='ltr'>γνωμικὸν</span> <span class='ocrx_word' id='word_1_503' title='bbox 1486 1283 1592 1319; x_wconf 84' lang='grc' dir='ltr'>θέλημα</span> <span class='ocrx_word' id='word_1_504' title='bbox 1605 1284 1673 1310; x_wconf 84' lang='grc' dir='ltr'>καθὸ</span> <span class='ocrx_word' id='word_1_505' title='bbox 1686 1284 1737 1318; x_wconf 83' lang='grc' dir='ltr'>μὲν</span> <span class='ocrx_word' id='word_1_506' title='bbox 1751 1286 1816 1315; x_wconf 74' lang='grc' dir='ltr'>ταῖς</span> 
     </span>
    </p>
   </div>
   <div class='ocr_carea' id='block_1_71' title="bbox 1018 1329 1816 1365">
    <p class='ocr_par' dir='ltr' id='par_1_71' title="bbox 1018 1329 1816 1365">
     <span class='ocr_line' id='line_1_71' title="bbox 1018 1329 1816 1365; baseline -0.003 -8"><span class='ocrx_word' id='word_1_507' title='bbox 1018 1331 1201 1358; x_wconf 75' lang='grc' dir='ltr'>ὑποστάσεσιν</span> <span class='ocrx_word' id='word_1_508' title='bbox 1229 1330 1418 1365; x_wconf 72' lang='grc' dir='ltr'>διακέκριται,</span> <span class='ocrx_word' id='word_1_509' title='bbox 1437 1330 1488 1356; x_wconf 83' lang='grc' dir='ltr'>οὐκ</span> <span class='ocrx_word' id='word_1_510' title='bbox 1517 1329 1591 1356; x_wconf 75' lang='grc' dir='ltr'>ἔστιν</span> <span class='ocrx_word' id='word_1_511' title='bbox 1607 1329 1700 1364; x_wconf 70' lang='grc' dir='ltr'>ἕτερον</span> <span class='ocrx_word' id='word_1_512' title='bbox 1723 1329 1816 1364; x_wconf 76' lang='grc' dir='ltr'>ἑτέρῳ</span> 
     </span>
    </p>
   </div>
   <div class='ocr_carea' id='block_1_72' title="bbox 1017 1375 1816 1410">
    <p class='ocr_par' dir='ltr' id='par_1_72' title="bbox 1017 1375 1816 1410">
     <span class='ocr_line' id='line_1_72' title="bbox 1017 1375 1816 1410; baseline -0.004 -6"><span class='ocrx_word' id='word_1_513' title='bbox 1017 1377 1126 1410; x_wconf 83' lang='grc' dir='ltr'>ταυτὸν,</span> <span class='ocrx_word' id='word_1_514' title='bbox 1145 1376 1213 1404; x_wconf 89' lang='grc' dir='ltr'>καθὸ</span> <span class='ocrx_word' id='word_1_515' title='bbox 1226 1376 1253 1403; x_wconf 81' lang='grc' dir='ltr'><strong>δὲ</strong></span> <span class='ocrx_word' id='word_1_516' title='bbox 1268 1377 1308 1408; x_wconf 79' lang='grc' dir='ltr'><strong>εἰς</strong></span> <span class='ocrx_word' id='word_1_517' title='bbox 1328 1376 1395 1410; x_wconf 84' lang='grc' dir='ltr'>μιαν</span> <span class='ocrx_word' id='word_1_518' title='bbox 1412 1375 1494 1410; x_wconf 83' lang='grc' dir='ltr'>φύσιν</span> <span class='ocrx_word' id='word_1_519' title='bbox 1517 1375 1720 1409; x_wconf 81' lang='grc' dir='ltr'>συνεισάγεται,</span> <span class='ocrx_word' id='word_1_520' title='bbox 1734 1375 1816 1402; x_wconf 77' lang='grc' dir='ltr'>οὐδὲν</span> 
     </span>
    </p>
   </div>
   <div class='ocr_carea' id='block_1_73' title="bbox 1018 1421 1815 1458">
    <p class='ocr_par' dir='ltr' id='par_1_73' title="bbox 1018 1421 1815 1458">
     <span class='ocr_line' id='line_1_73' title="bbox 1018 1421 1815 1458; baseline -0.001 -9"><span class='ocrx_word' id='word_1_521' title='bbox 1018 1422 1144 1457; x_wconf 80' lang='grc' dir='ltr'>λέγεσθαι</span> <span class='ocrx_word' id='word_1_522' title='bbox 1171 1422 1219 1449; x_wconf 79' lang='grc' dir='ltr'><strong>καὶ</strong></span> <span class='ocrx_word' id='word_1_523' title='bbox 1248 1421 1418 1458; x_wconf 83' lang='grc' dir='ltr'>ἀνθρώπινον</span> <span class='ocrx_word' id='word_1_524' title='bbox 1438 1423 1485 1448; x_wconf 76' lang='grc' dir='ltr'>καὶ</span> <span class='ocrx_word' id='word_1_525' title='bbox 1510 1422 1619 1449; x_wconf 84' lang='grc' dir='ltr'>ταύτόν.</span> <span class='ocrx_word' id='word_1_526' title='bbox 1644 1422 1707 1448; x_wconf 74' lang='grc' dir='ltr'><strong>Ἐπὶ</strong></span> <span class='ocrx_word' id='word_1_527' title='bbox 1721 1421 1749 1448; x_wconf 75' lang='grc' dir='ltr'><em>δὲ</em></span> <span class='ocrx_word' id='word_1_528' title='bbox 1764 1422 1815 1448; x_wconf 68' lang='grc' dir='ltr'><strong>τοῦ</strong></span> 
     </span>
    </p>
   </div>
   <div class='ocr_carea' id='block_1_74' title="bbox 1018 1468 1817 1505">
    <p class='ocr_par' dir='ltr' id='par_1_74' title="bbox 1018 1468 1817 1505">
     <span class='ocr_line' id='line_1_74' title="bbox 1018 1468 1817 1505; baseline -0.001 -9"><span class='ocrx_word' id='word_1_529' title='bbox 1018 1468 1137 1505; x_wconf 84' lang='grc' dir='ltr'>Χριστοῦ</span> <span class='ocrx_word' id='word_1_530' title='bbox 1152 1468 1202 1504; x_wconf 73' lang='grc' dir='ltr'><strong>οὐχ</strong></span> <span class='ocrx_word' id='word_1_531' title='bbox 1217 1468 1273 1501; x_wconf 73' lang='grc' dir='ltr'>ἕξει</span> <span class='ocrx_word' id='word_1_532' title='bbox 1287 1476 1330 1500; x_wconf 84' lang='grc' dir='ltr'><strong>τις</strong></span> <span class='ocrx_word' id='word_1_533' title='bbox 1351 1468 1381 1495; x_wconf 82' lang='grc' dir='ltr'><strong>τὸ</strong></span> <span class='ocrx_word' id='word_1_534' title='bbox 1396 1469 1489 1504; x_wconf 78' lang='grc' dir='ltr'>ὅμοιον</span> <span class='ocrx_word' id='word_1_535' title='bbox 1507 1469 1605 1501; x_wconf 73' lang='grc' dir='ltr'>εἰπεῖν,</span> <span class='ocrx_word' id='word_1_536' title='bbox 1622 1469 1652 1495; x_wconf 85' lang='grc' dir='ltr'>οὐ</span> <span class='ocrx_word' id='word_1_537' title='bbox 1670 1469 1726 1504; x_wconf 82' lang='grc' dir='ltr'>γάρ</span> <span class='ocrx_word' id='word_1_538' title='bbox 1736 1469 1817 1495; x_wconf 78' lang='grc' dir='ltr'>ἐστιν</span> 
     </span>
    </p>
   </div>
   <div class='ocr_carea' id='block_1_75' title="bbox 1018 1514 1818 1550">
    <p class='ocr_par' dir='ltr' id='par_1_75' title="bbox 1018 1514 1818 1550">
     <span class='ocr_line' id='line_1_75' title="bbox 1018 1514 1818 1550; baseline -0.001 -8"><span class='ocrx_word' id='word_1_539' title='bbox 1018 1515 1048 1542; x_wconf 74' lang='grc' dir='ltr'>ἓν</span> <span class='ocrx_word' id='word_1_540' title='bbox 1063 1524 1090 1542; x_wconf 89' lang='grc' dir='ltr'><strong>τι</strong></span> <span class='ocrx_word' id='word_1_541' title='bbox 1105 1515 1195 1543; x_wconf 87' lang='grc' dir='ltr'>κοινὸν</span> <span class='ocrx_word' id='word_1_542' title='bbox 1208 1515 1303 1542; x_wconf 79' lang='grc' dir='ltr'>λαϐεῖν</span> <span class='ocrx_word' id='word_1_543' title='bbox 1316 1515 1363 1542; x_wconf 74' lang='grc' dir='ltr'><strong>ἐπὶ</strong></span> <span class='ocrx_word' id='word_1_544' title='bbox 1378 1514 1510 1550; x_wconf 85' lang='grc' dir='ltr'>Χριστοῦ.</span> <span class='ocrx_word' id='word_1_545' title='bbox 1524 1514 1572 1542; x_wconf 86' lang='grc' dir='ltr'><strong>δύο</strong></span> <span class='ocrx_word' id='word_1_546' title='bbox 1593 1514 1648 1550; x_wconf 85' lang='grc' dir='ltr'><strong>γὰρ</strong></span> <span class='ocrx_word' id='word_1_547' title='bbox 1663 1515 1818 1541; x_wconf 74' lang='grc' dir='ltr'>συνιστῶσι</span> 
     </span>
    </p>
   </div>
   <div class='ocr_carea' id='block_1_76' title="bbox 1019 1558 1817 1597">
    <p class='ocr_par' dir='ltr' id='par_1_76' title="bbox 1019 1558 1817 1597">
     <span class='ocr_line' id='line_1_76' title="bbox 1019 1558 1817 1597; baseline -0.004 -9"><span class='ocrx_word' id='word_1_548' title='bbox 1019 1561 1068 1597; x_wconf 79' lang='grc' dir='ltr'>τὴν</span> <span class='ocrx_word' id='word_1_549' title='bbox 1084 1561 1233 1588; x_wconf 70' lang='grc' dir='ltr'>ὑπόστασιν</span> <span class='ocrx_word' id='word_1_550' title='bbox 1253 1560 1359 1595; x_wconf 73' lang='grc' dir='ltr'>φύσεις,</span> <span class='ocrx_word' id='word_1_551' title='bbox 1382 1559 1440 1586; x_wconf 80' lang='grc' dir='ltr'>ἀλλ’</span> <span class='ocrx_word' id='word_1_552' title='bbox 1464 1559 1494 1586; x_wconf 79' lang='grc' dir='ltr'>οὐ</span> <span class='ocrx_word' id='word_1_553' title='bbox 1521 1558 1656 1594; x_wconf 75' lang='grc' dir='ltr'>μία.’Καὶ</span> <span class='ocrx_word' id='word_1_554' title='bbox 1674 1560 1726 1586; x_wconf 82' lang='grc' dir='ltr'><strong>οὐκ</strong></span> <span class='ocrx_word' id='word_1_555' title='bbox 1739 1559 1817 1585; x_wconf 75' lang='grc' dir='ltr'>ἐστιν</span> 
     </span>
    </p>
   </div>
   <div class='ocr_carea' id='block_1_77' title="bbox 1021 1604 1818 1642">
    <p class='ocr_par' dir='ltr' id='par_1_77' title="bbox 1021 1604 1818 1642">
     <span class='ocr_line' id='line_1_77' title="bbox 1021 1604 1818 1642; baseline -0.004 -9"><span class='ocrx_word' id='word_1_556' title='bbox 1021 1608 1107 1633; x_wconf 70' lang='grc' dir='ltr'>εἰπεῖν</span> <span class='ocrx_word' id='word_1_557' title='bbox 1123 1606 1154 1633; x_wconf 81' lang='grc' dir='ltr'><strong>τὸ</strong></span> <span class='ocrx_word' id='word_1_558' title='bbox 1168 1605 1307 1642; x_wconf 82' lang='grc' dir='ltr'>γνωμικὸν</span> <span class='ocrx_word' id='word_1_559' title='bbox 1321 1605 1427 1640; x_wconf 86' lang='grc' dir='ltr'>θέλημα</span> <span class='ocrx_word' id='word_1_560' title='bbox 1437 1613 1443 1620; x_wconf 93' lang='grc'><strong>·</strong></span> <span class='ocrx_word' id='word_1_561' title='bbox 1461 1604 1530 1632; x_wconf 82' lang='grc' dir='ltr'>καθὸ</span> <span class='ocrx_word' id='word_1_562' title='bbox 1549 1605 1599 1640; x_wconf 88' lang='grc' dir='ltr'>μὲν</span> <span class='ocrx_word' id='word_1_563' title='bbox 1615 1605 1674 1632; x_wconf 81' lang='grc' dir='ltr'>τόδε</span> <span class='ocrx_word' id='word_1_564' title='bbox 1691 1605 1741 1631; x_wconf 75' lang='grc' dir='ltr'>οὐκ</span> <span class='ocrx_word' id='word_1_565' title='bbox 1754 1605 1818 1631; x_wconf 75' lang='grc' dir='ltr'>ἔστι</span> 
     </span>
    </p>
   </div>
   <div class='ocr_carea' id='block_1_78' title="bbox 1019 1649 1817 1687">
    <p class='ocr_par' dir='ltr' id='par_1_78' title="bbox 1019 1649 1817 1687">
     <span class='ocr_line' id='line_1_78' title="bbox 1019 1649 1817 1687; baseline -0.001 -9"><span class='ocrx_word' id='word_1_566' title='bbox 1019 1652 1127 1680; x_wconf 84' lang='grc' dir='ltr'>ταύτόν.</span> <span class='ocrx_word' id='word_1_567' title='bbox 1143 1649 1191 1684; x_wconf 73' lang='grc' dir='ltr'><strong>Εἷς</strong></span> <span class='ocrx_word' id='word_1_568' title='bbox 1203 1652 1258 1687; x_wconf 81' lang='grc' dir='ltr'><strong>γὰρ</strong></span> <span class='ocrx_word' id='word_1_569' title='bbox 1275 1653 1289 1678; x_wconf 88' lang='lat'><strong>6</strong></span> <span class='ocrx_word' id='word_1_570' title='bbox 1309 1651 1437 1686; x_wconf 78' lang='grc' dir='ltr'>Χριστὸς,</span> <span class='ocrx_word' id='word_1_571' title='bbox 1468 1651 1515 1678; x_wconf 75' lang='grc' dir='ltr'>καὶ</span> <span class='ocrx_word' id='word_1_572' title='bbox 1529 1651 1559 1677; x_wconf 84' lang='grc' dir='ltr'>ἓν</span> <span class='ocrx_word' id='word_1_573' title='bbox 1584 1650 1667 1678; x_wconf 83' lang='grc' dir='ltr'>αὐτοῦ</span> <span class='ocrx_word' id='word_1_574' title='bbox 1683 1651 1714 1677; x_wconf 85' lang='grc' dir='ltr'><strong>τὸ</strong></span> <span class='ocrx_word' id='word_1_575' title='bbox 1726 1652 1817 1686; x_wconf 82' lang='grc' dir='ltr'>πρόσ-</span> 
     </span>
    </p>
   </div>
   <div class='ocr_carea' id='block_1_79' title="bbox 1020 1697 1820 1733">
    <p class='ocr_par' dir='ltr' id='par_1_79' title="bbox 1020 1697 1820 1733">
     <span class='ocr_line' id='line_1_79' title="bbox 1020 1697 1820 1733; baseline -0.001 -8"><span class='ocrx_word' id='word_1_576' title='bbox 1020 1707 1109 1731; x_wconf 52' lang='grc' dir='ltr'>ωπονι</span> <span class='ocrx_word' id='word_1_577' title='bbox 1123 1699 1170 1725; x_wconf 72' lang='grc' dir='ltr'>καὶ</span> <span class='ocrx_word' id='word_1_578' title='bbox 1194 1697 1244 1733; x_wconf 87' lang='grc' dir='ltr'><strong>μια</strong></span> <span class='ocrx_word' id='word_1_579' title='bbox 1264 1699 1280 1732; x_wconf 86' lang='grc' dir='ltr'><strong>ἡ</strong></span> <span class='ocrx_word' id='word_1_580' title='bbox 1301 1697 1467 1731; x_wconf 82' lang='grc' dir='ltr'>ὑπόστασις,</span> <span class='ocrx_word' id='word_1_581' title='bbox 1493 1698 1562 1732; x_wconf 83' lang='grc' dir='ltr'>μήτε</span> <span class='ocrx_word' id='word_1_582' title='bbox 1583 1697 1731 1732; x_wconf 81' lang='grc' dir='ltr'>όμοταγεῖς</span> <span class='ocrx_word' id='word_1_583' title='bbox 1764 1699 1820 1724; x_wconf 67' lang='grc' dir='ltr'>καὶ</span> 
     </span>
    </p>
   </div>
   <div class='ocr_carea' id='block_1_80' title="bbox 1022 1743 1819 1780">
    <p class='ocr_par' dir='ltr' id='par_1_80' title="bbox 1022 1743 1819 1780">
     <span class='ocr_line' id='line_1_80' title="bbox 1022 1743 1819 1780; baseline -0.001 -9"><span class='ocrx_word' id='word_1_584' title='bbox 1022 1744 1197 1780; x_wconf 82' lang='grc' dir='ltr'>συνωνύμους</span> <span class='ocrx_word' id='word_1_585' title='bbox 1221 1744 1291 1779; x_wconf 76' lang='grc' dir='ltr'>ἔχων</span> <span class='ocrx_word' id='word_1_586' title='bbox 1317 1744 1354 1776; x_wconf 80' lang='grc' dir='ltr'><strong>ὡς</strong></span> <span class='ocrx_word' id='word_1_587' title='bbox 1371 1743 1483 1779; x_wconf 80' lang='grc' dir='ltr'>Χριστῷ</span> <span class='ocrx_word' id='word_1_588' title='bbox 1505 1743 1728 1778; x_wconf 77' lang='grc' dir='ltr'>συντεταγμένας</span> <span class='ocrx_word' id='word_1_589' title='bbox 1744 1744 1819 1770; x_wconf 69' lang='lat' dir='ltr'><strong>6m-</strong></span> 
     </span>
    </p>
   </div>
   <div class='ocr_carea' id='block_1_81' title="bbox 1022 1788 1821 1826">
    <p class='ocr_par' dir='ltr' id='par_1_81' title="bbox 1022 1788 1821 1826">
     <span class='ocr_line' id='line_1_81' title="bbox 1022 1788 1821 1826; baseline -0.001 -10"><span class='ocrx_word' id='word_1_590' title='bbox 1022 1790 1132 1822; x_wconf 83' lang='grc' dir='ltr'>στάσεις</span> <span class='ocrx_word' id='word_1_591' title='bbox 1145 1798 1152 1805; x_wconf 92' lang='grc'>·</span> <span class='ocrx_word' id='word_1_592' title='bbox 1170 1791 1239 1826; x_wconf 81' lang='grc' dir='ltr'>μήτε</span> <span class='ocrx_word' id='word_1_593' title='bbox 1263 1799 1290 1816; x_wconf 89' lang='grc' dir='ltr'><strong>τι</strong></span> <span class='ocrx_word' id='word_1_594' title='bbox 1323 1789 1419 1821; x_wconf 79' lang='grc' dir='ltr'>κοινῶς</span> <span class='ocrx_word' id='word_1_595' title='bbox 1446 1788 1492 1816; x_wconf 76' lang='grc' dir='ltr'><strong>ἐπ’</strong></span> <span class='ocrx_word' id='word_1_596' title='bbox 1513 1788 1597 1816; x_wconf 81' lang='grc' dir='ltr'>αὐτοῦ</span> <span class='ocrx_word' id='word_1_597' title='bbox 1622 1789 1784 1824; x_wconf 85' lang='grc' dir='ltr'>λεγόμενον,</span> <span class='ocrx_word' id='word_1_598' title='bbox 1804 1790 1821 1816; x_wconf 80' lang='grc' dir='ltr'><strong>ὃ</strong></span> 
     </span>
    </p>
   </div>
   <div class='ocr_carea' id='block_1_82' title="bbox 1020 1833 1818 1872">
    <p class='ocr_par' dir='ltr' id='par_1_82' title="bbox 1020 1833 1818 1872">
     <span class='ocr_line' id='line_1_82' title="bbox 1020 1833 1818 1872; baseline -0.001 -9"><span class='ocrx_word' id='word_1_599' title='bbox 1020 1836 1121 1863; x_wconf 81' lang='grc' dir='ltr'>δύναιτ’</span> <span class='ocrx_word' id='word_1_600' title='bbox 1133 1836 1166 1863; x_wconf 81' lang='grc' dir='ltr'>ἂν</span> <span class='ocrx_word' id='word_1_601' title='bbox 1187 1837 1235 1863; x_wconf 80' lang='grc' dir='ltr'>καὶ</span> <span class='ocrx_word' id='word_1_602' title='bbox 1260 1835 1364 1872; x_wconf 75' lang='grc' dir='ltr'>ἑτέροις</span> <span class='ocrx_word' id='word_1_603' title='bbox 1383 1833 1593 1871; x_wconf 64' lang='grc' dir='ltr'>ἐναρμόζεσθαι.</span> <span class='ocrx_word' id='word_1_604' title='bbox 1608 1834 1657 1866; x_wconf 77' lang='grc' dir='ltr'><strong>Ὠς</strong></span> <span class='ocrx_word' id='word_1_605' title='bbox 1669 1843 1699 1862; x_wconf 88' lang='grc' dir='ltr'><strong>τε</strong></span> <span class='ocrx_word' id='word_1_606' title='bbox 1713 1835 1818 1871; x_wconf 79' lang='grc' dir='ltr'>διαμέ-</span> 
     </span>
    </p>
   </div>
   <div class='ocr_carea' id='block_1_83' title="bbox 1020 1882 1820 1918">
    <p class='ocr_par' dir='ltr' id='par_1_83' title="bbox 1020 1882 1820 1918">
     <span class='ocr_line' id='line_1_83' title="bbox 1020 1882 1820 1918; baseline -0.001 -9"><span class='ocrx_word' id='word_1_607' title='bbox 1020 1892 1061 1910; x_wconf 81' lang='grc' dir='ltr'><strong>νει</strong></span> <span class='ocrx_word' id='word_1_608' title='bbox 1086 1883 1117 1909; x_wconf 90' lang='grc' dir='ltr'><strong>τὸ</strong></span> <span class='ocrx_word' id='word_1_609' title='bbox 1143 1882 1276 1917; x_wconf 77' lang='grc' dir='ltr'>ἑπόμενον</span> <span class='ocrx_word' id='word_1_610' title='bbox 1305 1882 1408 1918; x_wconf 78' lang='grc' dir='ltr'>ἄπορον</span> <span class='ocrx_word' id='word_1_611' title='bbox 1428 1882 1525 1909; x_wconf 75' lang='grc' dir='ltr'>ἄλυτον</span> <span class='ocrx_word' id='word_1_612' title='bbox 1538 1902 1547 1914; x_wconf 85' lang='grc'>,</span> <span class='ocrx_word' id='word_1_613' title='bbox 1566 1883 1634 1918; x_wconf 77' lang='grc' dir='ltr'>ὅπερ</span> <span class='ocrx_word' id='word_1_614' title='bbox 1655 1882 1685 1908; x_wconf 78' lang='grc' dir='ltr'>τί</span> <span class='ocrx_word' id='word_1_615' title='bbox 1700 1883 1762 1908; x_wconf 78' lang='grc' dir='ltr'>ποτ’</span> <span class='ocrx_word' id='word_1_616' title='bbox 1784 1883 1820 1909; x_wconf 81' lang='grc' dir='ltr'>ἄν</span> 
     </span>
    </p>
   </div>
   <div class='ocr_carea' id='block_1_84' title="bbox 1021 1927 1819 1964">
    <p class='ocr_par' dir='ltr' id='par_1_84' title="bbox 1021 1927 1819 1964">
     <span class='ocr_line' id='line_1_84' title="bbox 1021 1927 1819 1964; baseline -0.003 -8"><span class='ocrx_word' id='word_1_617' title='bbox 1021 1930 1063 1964; x_wconf 77' lang='grc' dir='ltr'>εἴη</span> <span class='ocrx_word' id='word_1_618' title='bbox 1077 1929 1201 1964; x_wconf 82' lang='grc' dir='ltr'>διηπόρει</span> <span class='ocrx_word' id='word_1_619' title='bbox 1231 1928 1261 1955; x_wconf 84' lang='grc' dir='ltr'><strong>τὸ</strong></span> <span class='ocrx_word' id='word_1_620' title='bbox 1280 1929 1420 1964; x_wconf 82' lang='grc' dir='ltr'>γνωμικὸν</span> <span class='ocrx_word' id='word_1_621' title='bbox 1444 1928 1563 1964; x_wconf 79' lang='grc' dir='ltr'>οέλημα,.</span> <span class='ocrx_word' id='word_1_622' title='bbox 1577 1928 1646 1964; x_wconf 77' lang='grc' dir='ltr'>μήτε</span> <span class='ocrx_word' id='word_1_623' title='bbox 1671 1927 1819 1962; x_wconf 81' lang='grc' dir='ltr'>ἀνθρώπι-</span> 
     </span>
    </p>
   </div>
   <div class='ocr_carea' id='block_1_85' title="bbox 1021 1971 1820 2009">
    <p class='ocr_par' dir='ltr' id='par_1_85' title="bbox 1021 1971 1820 2009">
     <span class='ocr_line' id='line_1_85' title="bbox 1021 1971 1820 2009; baseline -0.001 -9"><span class='ocrx_word' id='word_1_624' title='bbox 1021 1982 1066 2000; x_wconf 85' lang='grc' dir='ltr'><strong>νον</strong></span> <span class='ocrx_word' id='word_1_625' title='bbox 1100 1975 1168 2009; x_wconf 87' lang='grc' dir='ltr'>μήτε</span> <span class='ocrx_word' id='word_1_626' title='bbox 1199 1973 1270 2000; x_wconf 88' lang='grc' dir='ltr'>θεῖον</span> <span class='ocrx_word' id='word_1_627' title='bbox 1286 1973 1436 2008; x_wconf 72' lang='grc' dir='ltr'>δυνάμενον</span> <span class='ocrx_word' id='word_1_628' title='bbox 1463 1971 1543 2006; x_wconf 83' lang='grc' dir='ltr'>εἶναι,</span> <span class='ocrx_word' id='word_1_629' title='bbox 1580 1975 1650 2009; x_wconf 66' lang='grc' dir='ltr'>μήτε</span> <span class='ocrx_word' id='word_1_630' title='bbox 1677 1973 1820 2008; x_wconf 71' lang='grc' dir='ltr'>ὀνομάζε-</span> 
     </span>
    </p>
   </div>
   <div class='ocr_carea' id='block_1_86' title="bbox 1022 2021 1093 2048">
    <p class='ocr_par' dir='ltr' id='par_1_86' title="bbox 1022 2021 1093 2048">
     <span class='ocr_line' id='line_1_86' title="bbox 1022 2021 1093 2048; baseline 0 0"><span class='ocrx_word' id='word_1_631' title='bbox 1022 2021 1093 2048; x_wconf 81' lang='grc' dir='ltr'>σθαι.</span> 
     </span>
    </p>
   </div>
   <div class='ocr_carea' id='block_1_87' title="bbox 1057 2155 1817 2193">
    <p class='ocr_par' dir='ltr' id='par_1_87' title="bbox 1057 2155 1817 2193">
     <span class='ocr_line' id='line_1_87' title="bbox 1057 2155 1817 2193; baseline -0.001 -9"><span class='ocrx_word' id='word_1_632' title='bbox 1057 2157 1189 2193; x_wconf 76' lang='grc' dir='ltr'>Δεύτερον</span> <span class='ocrx_word' id='word_1_633' title='bbox 1209 2158 1259 2193; x_wconf 73' lang='grc' dir='ltr'>μὲν</span> <span class='ocrx_word' id='word_1_634' title='bbox 1272 2155 1319 2184; x_wconf 78' lang='grc' dir='ltr'>οὖν</span> <span class='ocrx_word' id='word_1_635' title='bbox 1338 2157 1397 2184; x_wconf 80' lang='grc' dir='ltr'>ἐστι</span> <span class='ocrx_word' id='word_1_636' title='bbox 1413 2157 1444 2184; x_wconf 87' lang='grc' dir='ltr'><strong>τὸ</strong></span> <span class='ocrx_word' id='word_1_637' title='bbox 1462 2157 1607 2193; x_wconf 76' lang='grc' dir='ltr'>εἰρημένον</span> <span class='ocrx_word' id='word_1_638' title='bbox 1629 2157 1817 2193; x_wconf 75' lang='grc' dir='ltr'>ἐπιχείρημα,</span> 
     </span>
    </p>
   </div>
   <div class='ocr_carea' id='block_1_88' title="bbox 1024 2203 1816 2240">
    <p class='ocr_par' dir='ltr' id='par_1_88' title="bbox 1024 2203 1816 2240">
     <span class='ocr_line' id='line_1_88' title="bbox 1024 2203 1816 2240; baseline 0 -10"><span class='ocrx_word' id='word_1_639' title='bbox 1024 2204 1060 2238; x_wconf 82' lang='grc' dir='ltr'>μὴ</span> <span class='ocrx_word' id='word_1_640' title='bbox 1079 2204 1134 2230; x_wconf 83' lang='grc' dir='ltr'>δεῖν</span> <span class='ocrx_word' id='word_1_641' title='bbox 1158 2204 1205 2231; x_wconf 70' lang='grc' dir='ltr'><strong>ἐπὶ</strong></span> <span class='ocrx_word' id='word_1_642' title='bbox 1231 2203 1350 2240; x_wconf 82' lang='grc' dir='ltr'>Χριστοῦ</span> <span class='ocrx_word' id='word_1_643' title='bbox 1370 2204 1460 2238; x_wconf 82' lang='grc' dir='ltr'>λέγειν</span> <span class='ocrx_word' id='word_1_644' title='bbox 1474 2203 1612 2238; x_wconf 82' lang='grc' dir='ltr'>γνωμικὸν</span> <span class='ocrx_word' id='word_1_645' title='bbox 1632 2204 1782 2240; x_wconf 80' lang='grc' dir='ltr'>ὑπάρχειν,</span> <span class='ocrx_word' id='word_1_646' title='bbox 1799 2205 1816 2239; x_wconf 74' lang='grc' dir='ltr'><strong>ἦ</strong></span> 
     </span>
    </p>
   </div>
   <div class='ocr_carea' id='block_1_89' title="bbox 178 2247 967 2291">
    <p class='ocr_par' dir='ltr' id='par_1_89' title="bbox 178 2247 967 2285">
     <span class='ocr_line' id='line_1_89' title="bbox 178 2247 967 2285; baseline -0.004 -7"><span class='ocrx_word' id='word_1_647' title='bbox 178 2252 346 2285; x_wconf 74' lang='lat' dir='ltr'><strong>gnomiram,</strong></span> <span class='ocrx_word' id='word_1_648' title='bbox 368 2249 394 2277; x_wconf 92' lang='lat' dir='ltr'><strong>id</strong></span> <span class='ocrx_word' id='word_1_649' title='bbox 415 2253 468 2281; x_wconf 81' lang='lat' dir='ltr'><strong>est,</strong></span> <span class='ocrx_word' id='word_1_650' title='bbox 491 2247 641 2275; x_wconf 85' lang='lat' dir='ltr'><strong>humanam</strong></span> <span class='ocrx_word' id='word_1_651' title='bbox 657 2248 854 2283; x_wconf 82' lang='lat' dir='ltr'><strong>hypostaticaiu</strong></span> <span class='ocrx_word' id='word_1_652' title='bbox 870 2248 967 2275; x_wconf 88' lang='lat' dir='ltr'><strong>volun-</strong></span> 
     </span>
    </p>
   </div>
   <div class='ocr_carea' id='block_1_90' title="bbox 1056 2247 1522 2291">
    <p class='ocr_par' dir='ltr' id='par_1_90' title="bbox 1056 2248 1522 2285">
     <span class='ocr_line' id='line_1_90' title="bbox 1056 2248 1522 2285; baseline 0 -9"><span class='ocrx_word' id='word_1_653' title='bbox 1056 2250 1073 2276; x_wconf 53' lang='grc' dir='ltr'>κθ</span> <span class='ocrx_word' id='word_1_654' title='bbox 1078 2249 1195 2285; x_wconf 78' lang='grc' dir='ltr'>ρώπινου</span> <span class='ocrx_word' id='word_1_655' title='bbox 1210 2248 1393 2277; x_wconf 80' lang='grc' dir='ltr'>ὑποστατικὸν</span> <span class='ocrx_word' id='word_1_656' title='bbox 1405 2249 1522 2285; x_wconf 76' lang='grc' dir='ltr'>θέλημα..</span> 
     </span>
    </p>
   </div>
   <div class='ocr_carea' id='block_1_91' title="bbox 208 2302 273 2324">
    <p class='ocr_par' dir='ltr' id='par_1_91' title="bbox 208 2302 273 2324">
     <span class='ocr_line' id='line_1_91' title="bbox 208 2302 273 2324; baseline 0 0"><span class='ocrx_word' id='word_1_657' title='bbox 208 2302 260 2324; x_wconf 88' lang='lat' dir='ltr'><strong>tem</strong></span> <span class='ocrx_word' id='word_1_658' title='bbox 265 2317 273 2324; x_wconf 91' lang='lat'>.</span> 
     </span>
    </p>
   </div>
   <div class='ocr_carea' id='block_1_92' title="bbox 179 2305 968 2379">
    <p class='ocr_par' dir='ltr' id='par_1_92' title="bbox 179 2305 968 2379">
     <span class='ocr_line' id='line_1_92' title="bbox 208 2305 273 2324; baseline 0 0"><span class='ocrx_word' id='word_1_659' title='bbox 208 2305 216 2324; x_wconf 91' lang='grc' dir='ltr'><strong>ι</strong></span> <span class='ocrx_word' id='word_1_660' title='bbox 235 2305 273 2324; x_wconf 94' lang='lat' dir='ltr'><strong>m.</strong></span> 
     </span>
     <span class='ocr_line' id='line_1_93' title="bbox 179 2305 968 2379; baseline -0.005 -8"><span class='ocrx_word' id='word_1_661' title='bbox 179 2305 301 2371; x_wconf 54' lang='lat' dir='ltr'><strong>ta’ifertio</strong></span> <span class='ocrx_word' id='word_1_662' title='bbox 308 2342 366 2379; x_wconf 79' lang='lat'><strong>(58)</strong></span> <span class='ocrx_word' id='word_1_663' title='bbox 375 2342 440 2370; x_wconf 87' lang='lat' dir='ltr'><strong>licet</strong></span> <span class='ocrx_word' id='word_1_664' title='bbox 449 2341 541 2370; x_wconf 88' lang='lat' dir='ltr'><strong>dicere</strong></span> <span class='ocrx_word' id='word_1_665' title='bbox 549 2341 576 2369; x_wconf 92' lang='lat' dir='ltr'><strong>in</strong></span> <span class='ocrx_word' id='word_1_666' title='bbox 583 2341 692 2370; x_wconf 85' lang='lat' dir='ltr'><strong>Christo</strong></span> <span class='ocrx_word' id='word_1_667' title='bbox 701 2341 850 2369; x_wconf 88' lang='lat' dir='ltr'><strong>humanam</strong></span> <span class='ocrx_word' id='word_1_668' title='bbox 861 2339 891 2376; x_wconf 85' lang='lat' dir='ltr'><strong>[f.</strong></span> <span class='ocrx_word' id='word_1_669' title='bbox 901 2347 968 2376; x_wconf 77' lang='lat' dir='ltr'><strong>gno-</strong></span> 
     </span>
    </p>
   </div>
   <div class='ocr_carea' id='block_1_93' title="bbox 1022 2335 1817 2374">
    <p class='ocr_par' dir='ltr' id='par_1_93' title="bbox 1022 2335 1817 2374">
     <span class='ocr_line' id='line_1_94' title="bbox 1022 2335 1817 2374; baseline -0.004 -9"><span class='ocrx_word' id='word_1_670' title='bbox 1022 2338 1120 2374; x_wconf 73' lang='grc' dir='ltr'>Τρέτον</span> <span class='ocrx_word' id='word_1_671' title='bbox 1135 2338 1163 2366; x_wconf 76' lang='grc' dir='ltr'><strong>δὲ</strong></span> <span class='ocrx_word' id='word_1_672' title='bbox 1178 2339 1202 2365; x_wconf 80' lang='grc' dir='ltr'><strong>ει</strong></span> <span class='ocrx_word' id='word_1_673' title='bbox 1214 2338 1242 2366; x_wconf 82' lang='grc' dir='ltr'><strong>λέ</strong></span> <span class='ocrx_word' id='word_1_674' title='bbox 1249 2347 1324 2373; x_wconf 72' lang='grc' dir='ltr'>γεται</span> <span class='ocrx_word' id='word_1_675' title='bbox 1335 2337 1382 2364; x_wconf 78' lang='grc' dir='ltr'><strong>ἐπὶ</strong></span> <span class='ocrx_word' id='word_1_676' title='bbox 1391 2337 1510 2374; x_wconf 78' lang='grc' dir='ltr'>Χριστοῦ</span> <span class='ocrx_word' id='word_1_677' title='bbox 1523 2335 1694 2373; x_wconf 78' lang='grc' dir='ltr'>ἀνθρώπινον</span> <span class='ocrx_word' id='word_1_678' title='bbox 1705 2336 1817 2371; x_wconf 72' lang='grc' dir='ltr'>θέλημα</span> 
     </span>
    </p>
   </div>
   <div class='ocr_carea' id='block_1_94' title="bbox 835 2429 1174 2460">
    <p class='ocr_par' dir='ltr' id='par_1_94' title="bbox 835 2429 1174 2460">
     <span class='ocr_line' id='line_1_95' title="bbox 835 2429 1174 2460; baseline -0.003 -2"><span class='ocrx_word' id='word_1_679' title='bbox 835 2432 878 2459; x_wconf 80' lang='lat' dir='ltr'><strong>VA</strong></span> <span class='ocrx_word' id='word_1_680' title='bbox 884 2431 953 2460; x_wconf 75' lang='lat' dir='ltr'><strong>RUE</strong></span> <span class='ocrx_word' id='word_1_681' title='bbox 971 2429 1174 2459; x_wconf 77' lang='lat' dir='ltr'><strong>LECTIONES.</strong></span> 
     </span>
    </p>
   </div>
   <div class='ocr_carea' id='block_1_95' title="bbox 218 2491 612 2540">
    <p class='ocr_par' dir='ltr' id='par_1_95' title="bbox 218 2491 612 2540">
     <span class='ocr_line' id='line_1_96' title="bbox 218 2491 612 2540; baseline -0.01 -18"><span class='ocrx_word' id='word_1_682' title='bbox 218 2494 262 2522; x_wconf 69' lang='grc' dir='ltr'><strong>Ι1.</strong></span> <span class='ocrx_word' id='word_1_683' title='bbox 292 2493 383 2520; x_wconf 70' lang='grc' dir='ltr'>αὐτόν.</span> <span class='ocrx_word' id='word_1_684' title='bbox 424 2491 612 2540; x_wconf 63' lang='grc' dir='ltr'>ἱγνωμικόν..</span> 
     </span>
    </p>
   </div>
   <div class='ocr_carea' id='block_1_96' title="bbox 941 2543 1058 2572">
    <p class='ocr_par' dir='ltr' id='par_1_96' title="bbox 941 2543 1058 2572">
     <span class='ocr_line' id='line_1_97' title="bbox 941 2543 1058 2572; baseline -0.009 0"><span class='ocrx_word' id='word_1_685' title='bbox 941 2543 1058 2572; x_wconf 72' lang='grc' dir='ltr'><strong>ΝΟΤΙΕ.</strong></span> 
     </span>
    </p>
   </div>
   <div class='ocr_carea' id='block_1_97' title="bbox 215 2602 967 2640">
    <p class='ocr_par' dir='ltr' id='par_1_97' title="bbox 215 2602 967 2640">
     <span class='ocr_line' id='line_1_98' title="bbox 215 2602 967 2640; baseline -0.008 -6"><span class='ocrx_word' id='word_1_686' title='bbox 215 2606 272 2640; x_wconf 78' lang='lat'><strong>(56)</strong></span> <span class='ocrx_word' id='word_1_687' title='bbox 288 2604 471 2640; x_wconf 71' lang='lat' dir='ltr'><strong>Quamobrem</strong></span> <span class='ocrx_word' id='word_1_688' title='bbox 479 2611 532 2640; x_wconf 72' lang='lat' dir='ltr'><strong>non</strong></span> <span class='ocrx_word' id='word_1_689' title='bbox 542 2609 581 2631; x_wconf 80' lang='lat' dir='ltr'><strong>est</strong></span> <span class='ocrx_word' id='word_1_690' title='bbox 594 2603 681 2630; x_wconf 73' lang='lat' dir='ltr'><strong>simile</strong></span> <span class='ocrx_word' id='word_1_691' title='bbox 691 2602 762 2638; x_wconf 77' lang='lat' dir='ltr'><strong>quod</strong></span> <span class='ocrx_word' id='word_1_692' title='bbox 777 2602 892 2640; x_wconf 66' lang='lat' dir='ltr'><strong>dicimus</strong></span> <span class='ocrx_word' id='word_1_693' title='bbox 913 2610 967 2640; x_wconf 67' lang='lat' dir='ltr'><strong>non</strong></span> 
     </span>
    </p>
   </div>
   <div class='ocr_carea' id='block_1_98' title="bbox 179 2637 970 2683">
    <p class='ocr_par' dir='ltr' id='par_1_98' title="bbox 179 2637 970 2683">
     <span class='ocr_line' id='line_1_99' title="bbox 179 2637 970 2683; baseline -0.009 -13"><span class='ocrx_word' id='word_1_694' title='bbox 179 2650 234 2671; x_wconf 72' lang='lat' dir='ltr'><strong>esse</strong></span> <span class='ocrx_word' id='word_1_695' title='bbox 249 2637 395 2683; x_wconf 56' lang='lat' dir='ltr'><strong>potiendqm</strong></span> <span class='ocrx_word' id='word_1_696' title='bbox 409 2640 438 2681; x_wconf 63' lang='lat' dir='ltr'><strong>in</strong></span> <span class='ocrx_word' id='word_1_697' title='bbox 445 2637 726 2683; x_wconf 43' lang='grc' dir='ltr'><strong>κ(ξΙιήειονυιήιιίιιοιέιιι</strong></span> <span class='ocrx_word' id='word_1_698' title='bbox 736 2638 896 2683; x_wconf 55' lang='lat' dir='ltr'><strong>qnpm‘icuiu.</strong></span> 
     </span>
    </p>
   </div>
   <div class='ocr_carea' id='block_1_99' title="bbox 180 2673 972 2748">
    <p class='ocr_par' dir='ltr' id='par_1_99' title="bbox 180 2673 972 2748">
     <span class='ocr_line' id='line_1_100' title="bbox 180 2673 972 2713; baseline -0.008 -9"><span class='ocrx_word' id='word_1_699' title='bbox 180 2686 234 2713; x_wconf 86' lang='grc' dir='ltr'><strong>περ</strong></span> <span class='ocrx_word' id='word_1_700' title='bbox 245 2677 295 2711; x_wconf 84' lang='grc' dir='ltr'>οὺχ</span> <span class='ocrx_word' id='word_1_701' title='bbox 305 2675 406 2710; x_wconf 77' lang='grc' dir='ltr'>ὁμοίως</span> <span class='ocrx_word' id='word_1_702' title='bbox 417 2675 431 2701; x_wconf 87' lang='grc' dir='ltr'><strong>ὀ</strong></span> <span class='ocrx_word' id='word_1_703' title='bbox 445 2674 522 2708; x_wconf 79' lang='grc' dir='ltr'>λόγος</span> <span class='ocrx_word' id='word_1_704' title='bbox 536 2673 612 2706; x_wconf 76' lang='grc' dir='ltr'>οὗτος</span> <span class='ocrx_word' id='word_1_705' title='bbox 628 2674 684 2713; x_wconf 65' lang='grc' dir='ltr'>ἔχει</span> <span class='ocrx_word' id='word_1_706' title='bbox 710 2674 757 2700; x_wconf 82' lang='grc' dir='ltr'>καὶ</span> <span class='ocrx_word' id='word_1_707' title='bbox 769 2674 783 2699; x_wconf 90' lang='lat'><strong>6</strong></span> <span class='ocrx_word' id='word_1_708' title='bbox 797 2673 827 2699; x_wconf 90' lang='grc' dir='ltr'><strong>τὸ</strong></span> <span class='ocrx_word' id='word_1_709' title='bbox 854 2681 972 2706; x_wconf 80' lang='grc' dir='ltr'>γνωστι-</span> 
     </span>
     <span class='ocr_line' id='line_1_101' title="bbox 180 2708 969 2748; baseline -0.008 -8"><span class='ocrx_word' id='word_1_710' title='bbox 180 2713 228 2740; x_wconf 84' lang='grc' dir='ltr'><strong>κὸν</strong></span> <span class='ocrx_word' id='word_1_711' title='bbox 243 2709 478 2748; x_wconf 14' lang='grc' dir='ltr'>[ισίςθέγνωμικὸν]</span> <span class='ocrx_word' id='word_1_712' title='bbox 496 2710 543 2748; x_wconf 66' lang='lat' dir='ltr'><strong>snt</strong></span> <span class='ocrx_word' id='word_1_713' title='bbox 556 2710 675 2748; x_wconf 70' lang='grc' dir='ltr'>Χριστοῦ</span> <span class='ocrx_word' id='word_1_714' title='bbox 692 2709 729 2744; x_wconf 81' lang='grc' dir='ltr'>μὴ</span> <span class='ocrx_word' id='word_1_715' title='bbox 749 2708 969 2748; x_wconf 75' lang='grc' dir='ltr'>παραδεχόμενος</span> 
     </span>
    </p>
   </div>
   <div class='ocr_carea' id='block_1_100' title="bbox 180 2744 967 2782">
    <p class='ocr_par' dir='ltr' id='par_1_100' title="bbox 180 2744 967 2782">
     <span class='ocr_line' id='line_1_102' title="bbox 180 2744 967 2782; baseline -0.009 -7"><span class='ocrx_word' id='word_1_716' title='bbox 180 2744 299 2782; x_wconf 65' lang='grc' dir='ltr'>θέλημσῇ</span> <span class='ocrx_word' id='word_1_717' title='bbox 316 2746 343 2772; x_wconf 91' lang='lat' dir='ltr'><strong>ld</strong></span> <span class='ocrx_word' id='word_1_718' title='bbox 356 2744 413 2782; x_wconf 75' lang='lat' dir='ltr'><strong>est:</strong></span> <span class='ocrx_word' id='word_1_719' title='bbox 427 2744 610 2778; x_wconf 70' lang='lat' dir='ltr'><strong>Quamobrem</strong></span> <span class='ocrx_word' id='word_1_720' title='bbox 630 2745 687 2771; x_wconf 67' lang='lat' dir='ltr'><strong>haec</strong></span> <span class='ocrx_word' id='word_1_721' title='bbox 713 2744 888 2782; x_wconf 69' lang='lat' dir='ltr'><strong>ratiocinatio</strong></span> <span class='ocrx_word' id='word_1_722' title='bbox 912 2750 967 2782; x_wconf 82' lang='lat' dir='ltr'><strong>non</strong></span> 
     </span>
    </p>
   </div>
   <div class='ocr_carea' id='block_1_101' title="bbox 181 2778 968 2818">
    <p class='ocr_par' dir='ltr' id='par_1_101' title="bbox 181 2778 968 2818">
     <span class='ocr_line' id='line_1_103' title="bbox 181 2778 968 2818; baseline -0.005 -9"><span class='ocrx_word' id='word_1_723' title='bbox 181 2778 296 2818; x_wconf 49' lang='lat' dir='ltr'><strong>perii-ide</strong></span> <span class='ocrx_word' id='word_1_724' title='bbox 313 2789 342 2809; x_wconf 90' lang='lat' dir='ltr'><strong>se</strong></span> <span class='ocrx_word' id='word_1_725' title='bbox 358 2781 438 2808; x_wconf 86' lang='lat' dir='ltr'><strong>habet</strong></span> <span class='ocrx_word' id='word_1_726' title='bbox 455 2788 487 2818; x_wconf 84' lang='lat' dir='ltr'><strong>ac</strong></span> <span class='ocrx_word' id='word_1_727' title='bbox 497 2787 538 2818; x_wconf 63' lang='grc' dir='ltr'><strong>Δρει</strong></span> <span class='ocrx_word' id='word_1_728' title='bbox 554 2788 614 2813; x_wconf 54' lang='lat' dir='ltr'><strong>(tua:</strong></span> <span class='ocrx_word' id='word_1_729' title='bbox 629 2779 782 2814; x_wconf 74' lang='lat' dir='ltr'><strong>guomicam</strong></span> <span class='ocrx_word' id='word_1_730' title='bbox 799 2779 827 2805; x_wconf 91' lang='lat' dir='ltr'><strong>in</strong></span> <span class='ocrx_word' id='word_1_731' title='bbox 856 2778 968 2805; x_wconf 83' lang='lat' dir='ltr'><strong>Christo</strong></span> 
     </span>
    </p>
   </div>
   <div class='ocr_carea' id='block_1_102' title="bbox 180 2815 866 2845">
    <p class='ocr_par' dir='ltr' id='par_1_102' title="bbox 180 2815 866 2845">
     <span class='ocr_line' id='line_1_104' title="bbox 180 2815 866 2845; baseline -0.009 0"><span class='ocrx_word' id='word_1_732' title='bbox 180 2815 350 2845; x_wconf 58' lang='lat' dir='ltr'><strong>voluntatem</strong></span> <span class='ocrx_word' id='word_1_733' title='bbox 367 2824 420 2843; x_wconf 89' lang='lat' dir='ltr'><strong>non</strong></span> <span class='ocrx_word' id='word_1_734' title='bbox 432 2815 560 2843; x_wconf 84' lang='lat' dir='ltr'><strong>admittit.</strong></span> <span class='ocrx_word' id='word_1_735' title='bbox 865 2816 866 2819; x_wconf 79' lang='lat'>‘</span> 
     </span>
    </p>
   </div>
   <div class='ocr_carea' id='block_1_103' title="bbox 217 2848 968 2887">
    <p class='ocr_par' dir='ltr' id='par_1_103' title="bbox 217 2848 968 2887">
     <span class='ocr_line' id='line_1_105' title="bbox 217 2848 968 2887; baseline -0.007 -8"><span class='ocrx_word' id='word_1_736' title='bbox 217 2853 273 2887; x_wconf 70' lang='lat'><strong>(:37)</strong></span> <span class='ocrx_word' id='word_1_737' title='bbox 286 2852 435 2880; x_wconf 74' lang='lat' dir='ltr'><strong>Secundum</strong></span> <span class='ocrx_word' id='word_1_738' title='bbox 448 2859 509 2887; x_wconf 78' lang='lat' dir='ltr'><strong>ergo</strong></span> <span class='ocrx_word' id='word_1_739' title='bbox 534 2850 711 2887; x_wconf 55' lang='lat' dir='ltr'><strong>responsionis</strong></span> <span class='ocrx_word' id='word_1_740' title='bbox 740 2853 877 2887; x_wconf 58' lang='lat' dir='ltr'><strong>genitae“</strong></span> <span class='ocrx_word' id='word_1_741' title='bbox 899 2848 968 2884; x_wconf 80' lang='lat' dir='ltr'><strong>quod</strong></span> 
     </span>
    </p>
   </div>
   <div class='ocr_carea' id='block_1_104' title="bbox 180 2884 968 2922">
    <p class='ocr_par' dir='ltr' id='par_1_104' title="bbox 180 2884 968 2922">
     <span class='ocr_line' id='line_1_106' title="bbox 180 2884 968 2922; baseline -0.008 -6"><span class='ocrx_word' id='word_1_742' title='bbox 180 2884 296 2916; x_wconf 59' lang='lat' dir='ltr'><strong>uisimus</strong></span> <span class='ocrx_word' id='word_1_743' title='bbox 310 2895 319 2915; x_wconf 88' lang='lat'><strong><em>:</em></strong></span> <span class='ocrx_word' id='word_1_744' title='bbox 333 2887 465 2922; x_wconf 79' lang='grc' dir='ltr'>Δεύτερον</span> <span class='ocrx_word' id='word_1_745' title='bbox 477 2884 530 2922; x_wconf 77' lang='grc' dir='ltr'>μὲν</span> <span class='ocrx_word' id='word_1_746' title='bbox 542 2884 589 2913; x_wconf 74' lang='grc' dir='ltr'>οὖν</span> <span class='ocrx_word' id='word_1_747' title='bbox 606 2887 665 2913; x_wconf 76' lang='grc' dir='ltr'>ἐστι</span> <span class='ocrx_word' id='word_1_748' title='bbox 676 2886 707 2912; x_wconf 81' lang='grc' dir='ltr'><strong>τὸ</strong></span> <span class='ocrx_word' id='word_1_749' title='bbox 736 2884 882 2920; x_wconf 78' lang='grc' dir='ltr'>εἰρημένον</span> <span class='ocrx_word' id='word_1_750' title='bbox 907 2892 968 2910; x_wconf 87' lang='grc' dir='ltr'>επι-</span> 
     </span>
    </p>
   </div>
   <div class='ocr_carea' id='block_1_105' title="bbox 1022 2598 1816 2637">
    <p class='ocr_par' dir='ltr' id='par_1_105' title="bbox 1022 2598 1816 2637">
     <span class='ocr_line' id='line_1_107' title="bbox 1022 2598 1816 2637; baseline -0.005 -9"><span class='ocrx_word' id='word_1_751' title='bbox 1022 2601 1156 2637; x_wconf 80' lang='grc' dir='ltr'>χείρημα.</span> <span class='ocrx_word' id='word_1_752' title='bbox 1172 2600 1200 2628; x_wconf 85' lang='lat' dir='ltr'><strong>Id</strong></span> <span class='ocrx_word' id='word_1_753' title='bbox 1214 2605 1280 2629; x_wconf 82' lang='lat' dir='ltr'><strong>est:</strong></span> <span class='ocrx_word' id='word_1_754' title='bbox 1308 2600 1465 2628; x_wconf 85' lang='lat' dir='ltr'><strong>Secundum</strong></span> <span class='ocrx_word' id='word_1_755' title='bbox 1494 2606 1559 2634; x_wconf 77' lang='lat' dir='ltr'><strong>ergo</strong></span> <span class='ocrx_word' id='word_1_756' title='bbox 1586 2598 1652 2637; x_wconf 78' lang='lat' dir='ltr'><strong>illud</strong></span> <span class='ocrx_word' id='word_1_757' title='bbox 1672 2603 1716 2625; x_wconf 86' lang='lat' dir='ltr'><strong>est</strong></span> <span class='ocrx_word' id='word_1_758' title='bbox 1741 2599 1816 2633; x_wconf 77' lang='lat' dir='ltr'><strong>quod</strong></span> 
     </span>
    </p>
   </div>
   <div class='ocr_carea' id='block_1_106' title="bbox 1022 2634 1742 2672">
    <p class='ocr_par' dir='ltr' id='par_1_106' title="bbox 1022 2634 1742 2672">
     <span class='ocr_line' id='line_1_108' title="bbox 1022 2634 1742 2672; baseline -0.003 -9"><span class='ocrx_word' id='word_1_759' title='bbox 1022 2634 1186 2672; x_wconf 68' lang='lat' dir='ltr'><strong>protulimus</strong></span> <span class='ocrx_word' id='word_1_760' title='bbox 1199 2641 1402 2671; x_wconf 76' lang='lat' dir='ltr'><strong>argumentum,</strong></span> <span class='ocrx_word' id='word_1_761' title='bbox 1419 2643 1467 2663; x_wconf 85' lang='lat' dir='ltr'><strong>seu</strong></span> <span class='ocrx_word' id='word_1_762' title='bbox 1481 2634 1631 2669; x_wconf 79' lang='lat' dir='ltr'><strong>argumenti</strong></span> <span class='ocrx_word' id='word_1_763' title='bbox 1644 2642 1742 2668; x_wconf 79' lang='lat' dir='ltr'><strong>genus.</strong></span> 
     </span>
    </p>
   </div>
   <div class='ocr_carea' id='block_1_107' title="bbox 1066 2671 1817 2706">
    <p class='ocr_par' dir='ltr' id='par_1_107' title="bbox 1066 2671 1817 2706">
     <span class='ocr_line' id='line_1_109' title="bbox 1066 2671 1817 2706; baseline -0.004 -8"><span class='ocrx_word' id='word_1_764' title='bbox 1066 2671 1250 2706; x_wconf 82' lang='grc' dir='ltr'>Ἐπιχείρημα</span> <span class='ocrx_word' id='word_1_765' title='bbox 1265 2679 1317 2698; x_wconf 92' lang='lat' dir='ltr'><strong>nou</strong></span> <span class='ocrx_word' id='word_1_766' title='bbox 1338 2672 1474 2706; x_wconf 81' lang='lat' dir='ltr'><strong>siguilieat</strong></span> <span class='ocrx_word' id='word_1_767' title='bbox 1488 2677 1652 2704; x_wconf 71' lang='lat' dir='ltr'><strong>responsum,</strong></span> <span class='ocrx_word' id='word_1_768' title='bbox 1670 2671 1719 2697; x_wconf 77' lang='lat' dir='ltr'><strong>sed</strong></span> <span class='ocrx_word' id='word_1_769' title='bbox 1735 2678 1817 2704; x_wconf 80' lang='lat' dir='ltr'><strong>argu-</strong></span> 
     </span>
    </p>
   </div>
   <div class='ocr_carea' id='block_1_108' title="bbox 1022 2706 1510 2741">
    <p class='ocr_par' dir='ltr' id='par_1_108' title="bbox 1022 2706 1510 2741">
     <span class='ocr_line' id='line_1_110' title="bbox 1022 2706 1510 2741; baseline -0.004 -8"><span class='ocrx_word' id='word_1_770' title='bbox 1022 2712 1149 2738; x_wconf 83' lang='lat' dir='ltr'><strong>mentum,</strong></span> <span class='ocrx_word' id='word_1_771' title='bbox 1169 2708 1209 2733; x_wconf 83' lang='lat' dir='ltr'><strong>vel</strong></span> <span class='ocrx_word' id='word_1_772' title='bbox 1223 2709 1334 2741; x_wconf 73' lang='lat' dir='ltr'><strong>speciem</strong></span> <span class='ocrx_word' id='word_1_773' title='bbox 1350 2706 1510 2741; x_wconf 68' lang='lat' dir='ltr'><strong>argumenti.</strong></span> 
     </span>
    </p>
   </div>
   <div class='ocr_carea' id='block_1_109' title="bbox 1058 2739 1815 2777">
    <p class='ocr_par' dir='ltr' id='par_1_109' title="bbox 1058 2739 1815 2777">
     <span class='ocr_line' id='line_1_111' title="bbox 1058 2739 1815 2777; baseline -0.008 -9"><span class='ocrx_word' id='word_1_774' title='bbox 1058 2742 1114 2777; x_wconf 75' lang='grc'><strong>(58)</strong></span> <span class='ocrx_word' id='word_1_775' title='bbox 1132 2741 1219 2768; x_wconf 83' lang='lat' dir='ltr'><strong>Tertio</strong></span> <span class='ocrx_word' id='word_1_776' title='bbox 1233 2739 1294 2768; x_wconf 69' lang='lat' dir='ltr'><strong>licet</strong></span> <span class='ocrx_word' id='word_1_777' title='bbox 1307 2739 1393 2768; x_wconf 71' lang='lat' dir='ltr'><strong>dicere</strong></span> <span class='ocrx_word' id='word_1_778' title='bbox 1425 2740 1572 2777; x_wconf 19' lang='lat' dir='ltr'><strong>iu‘CIn-isto</strong></span> <span class='ocrx_word' id='word_1_779' title='bbox 1589 2759 1597 2766; x_wconf 87' lang='lat'><strong>.</strong></span> <span class='ocrx_word' id='word_1_780' title='bbox 1613 2758 1620 2766; x_wconf 93' lang='lat'><strong>.</strong></span> <span class='ocrx_word' id='word_1_781' title='bbox 1639 2746 1719 2777; x_wconf 49' lang='lat' dir='ltr'><strong>Ledae</strong></span> <span class='ocrx_word' id='word_1_782' title='bbox 1731 2758 1738 2765; x_wconf 90' lang='lat'><strong>.</strong></span> <span class='ocrx_word' id='word_1_783' title='bbox 1752 2739 1815 2777; x_wconf 57' lang='grc' dir='ltr'><strong>ἰ’ρῖἼ</strong></span> 
     </span>
    </p>
   </div>
   <div class='ocr_carea' id='block_1_110' title="bbox 1022 2774 1815 2812">
    <p class='ocr_par' dir='ltr' id='par_1_110' title="bbox 1022 2774 1815 2812">
     <span class='ocr_line' id='line_1_112' title="bbox 1022 2774 1815 2812; baseline -0.006 -8"><span class='ocrx_word' id='word_1_784' title='bbox 1022 2774 1068 2804; x_wconf 81' lang='grc' dir='ltr'><strong>τον</strong></span> <span class='ocrx_word' id='word_1_785' title='bbox 1085 2774 1124 2808; x_wconf 64' lang='grc' dir='ltr'><strong>δὲ,</strong></span> <span class='ocrx_word' id='word_1_786' title='bbox 1134 2778 1158 2803; x_wconf 80' lang='grc' dir='ltr'><strong>εἰ</strong></span> <span class='ocrx_word' id='word_1_787' title='bbox 1172 2777 1280 2809; x_wconf 76' lang='grc' dir='ltr'>λέγεται</span> <span class='ocrx_word' id='word_1_788' title='bbox 1295 2778 1341 2802; x_wconf 78' lang='grc' dir='ltr'><strong>ἐπὶ</strong></span> <span class='ocrx_word' id='word_1_789' title='bbox 1353 2775 1484 2812; x_wconf 83' lang='grc' dir='ltr'>Χριστοῦ.</span> <span class='ocrx_word' id='word_1_790' title='bbox 1504 2775 1532 2803; x_wconf 78' lang='lat' dir='ltr'><strong>Id</strong></span> <span class='ocrx_word' id='word_1_791' title='bbox 1547 2779 1610 2802; x_wconf 75' lang='lat' dir='ltr'><strong>est:</strong></span> <span class='ocrx_word' id='word_1_792' title='bbox 1645 2774 1741 2801; x_wconf 82' lang='lat' dir='ltr'><strong>Tertio</strong></span> <span class='ocrx_word' id='word_1_793' title='bbox 1753 2794 1761 2805; x_wconf 87' lang='lat'><strong>,</strong></span> <span class='ocrx_word' id='word_1_794' title='bbox 1795 2775 1815 2799; x_wconf 77' lang='lat' dir='ltr'><strong>si</strong></span> 
     </span>
    </p>
   </div>
   <div class='ocr_carea' id='block_1_111' title="bbox 1025 2812 1457 2840">
    <p class='ocr_par' dir='ltr' id='par_1_111' title="bbox 1025 2812 1457 2840">
     <span class='ocr_line' id='line_1_113' title="bbox 1025 2812 1457 2840; baseline -0.002 -1"><span class='ocrx_word' id='word_1_795' title='bbox 1025 2813 1132 2840; x_wconf 86' lang='lat' dir='ltr'><strong>dicatur</strong></span> <span class='ocrx_word' id='word_1_796' title='bbox 1148 2813 1173 2838; x_wconf 92' lang='lat' dir='ltr'><strong>in</strong></span> <span class='ocrx_word' id='word_1_797' title='bbox 1189 2812 1301 2839; x_wconf 84' lang='lat' dir='ltr'><strong>Christo</strong></span> <span class='ocrx_word' id='word_1_798' title='bbox 1315 2831 1322 2838; x_wconf 95' lang='lat'><strong><em>.</em></strong></span> <span class='ocrx_word' id='word_1_799' title='bbox 1337 2831 1344 2839; x_wconf 86' lang='lat'><strong>.</strong></span> <span class='ocrx_word' id='word_1_800' title='bbox 1363 2831 1370 2838; x_wconf 86' lang='lat'><strong>.</strong></span> <span class='ocrx_word' id='word_1_801' title='bbox 1386 2819 1457 2839; x_wconf 82' lang='lat' dir='ltr'><strong>esse.</strong></span> 
     </span>
    </p>
   </div>
   <div class='ocr_carea' id='block_1_112' title="bbox 1059 2844 1814 2880">
    <p class='ocr_par' dir='ltr' id='par_1_112' title="bbox 1059 2844 1814 2880">
     <span class='ocr_line' id='line_1_114' title="bbox 1059 2844 1814 2880; baseline -0.005 -6"><span class='ocrx_word' id='word_1_802' title='bbox 1059 2847 1211 2874; x_wconf 67' lang='lat' dir='ltr'><strong>Tun-ianus</strong></span> <span class='ocrx_word' id='word_1_803' title='bbox 1232 2854 1285 2873; x_wconf 90' lang='lat' dir='ltr'><strong>non</strong></span> <span class='ocrx_word' id='word_1_804' title='bbox 1303 2846 1420 2874; x_wconf 76' lang='lat' dir='ltr'><strong>reddidit</strong></span> <span class='ocrx_word' id='word_1_805' title='bbox 1431 2845 1594 2880; x_wconf 83' lang='lat' dir='ltr'><strong>particulam</strong></span> <span class='ocrx_word' id='word_1_806' title='bbox 1612 2844 1702 2880; x_wconf 42' lang='lat' dir='ltr'><strong>sinsi,</strong></span> <span class='ocrx_word' id='word_1_807' title='bbox 1719 2851 1814 2871; x_wconf 70' lang='lat' dir='ltr'><strong>neces-</strong></span> 
     </span>
    </p>
   </div>
   <div class='ocr_carea' id='block_1_113' title="bbox 1023 2879 1730 2918">
    <p class='ocr_par' dir='ltr' id='par_1_113' title="bbox 1023 2879 1730 2918">
     <span class='ocr_line' id='line_1_115' title="bbox 1023 2879 1730 2918; baseline -0.006 -7"><span class='ocrx_word' id='word_1_808' title='bbox 1023 2884 1124 2911; x_wconf 85' lang='lat' dir='ltr'><strong>sariam</strong></span> <span class='ocrx_word' id='word_1_809' title='bbox 1137 2887 1166 2910; x_wconf 88' lang='lat' dir='ltr'><strong>ut</strong></span> <span class='ocrx_word' id='word_1_810' title='bbox 1188 2882 1278 2910; x_wconf 85' lang='lat' dir='ltr'><strong>Photii</strong></span> <span class='ocrx_word' id='word_1_811' title='bbox 1294 2879 1485 2918; x_wconf 72' lang='lat' dir='ltr'><strong>argumentum</strong></span> <span class='ocrx_word' id='word_1_812' title='bbox 1504 2880 1590 2916; x_wconf 82' lang='lat' dir='ltr'><strong>possit</strong></span> <span class='ocrx_word' id='word_1_813' title='bbox 1603 2879 1730 2915; x_wconf 80' lang='lat' dir='ltr'><strong>intelligi.</strong></span> 
     </span>
    </p>
   </div>
  </div>
