  <div class='ocr_page' id='page_1' title='image "/cluster/home/n/w/nwhite01/storage/ocr_20150623/101/njp.32101077772877/346.png"; bbox 0 0 1880 3057; ppageno 0'>
   <div class='ocr_carea' id='block_1_1' title="bbox 42 193 1677 232">
    <p class='ocr_par' dir='ltr' id='par_1_1' title="bbox 42 193 1677 232">
     <span class='ocr_line' id='line_1_1' title="bbox 42 193 1677 232; baseline -0.001 -6"><span class='ocrx_word' id='word_1_1' title='bbox 42 195 100 227; x_wconf 74' lang='grc' dir='ltr'><strong>5ί5</strong></span> <span class='ocrx_word' id='word_1_2' title='bbox 513 195 563 227; x_wconf 75' lang='lat' dir='ltr'><strong>AD</strong></span> <span class='ocrx_word' id='word_1_3' title='bbox 582 195 881 227; x_wconf 81' lang='lat' dir='ltr'><strong>AMPHILOCIIIUM</strong></span> <span class='ocrx_word' id='word_1_4' title='bbox 900 195 1076 232; x_wconf 63' lang='lat' dir='ltr'><strong>QUESTIO</strong></span> <span class='ocrx_word' id='word_1_5' title='bbox 1090 196 1204 227; x_wconf 83' lang='lat' dir='ltr'><strong>LXXX.</strong></span> <span class='ocrx_word' id='word_1_6' title='bbox 1625 193 1677 226; x_wconf 70' lang='grc' dir='ltr'><strong>διο</strong></span> 
     </span>
    </p>
   </div>
   <div class='ocr_carea' id='block_1_2' title="bbox 41 249 1677 288">
    <p class='ocr_par' dir='ltr' id='par_1_2' title="bbox 41 249 1677 288">
     <span class='ocr_line' id='line_1_2' title="bbox 41 249 1677 288; baseline -0.001 -8"><span class='ocrx_word' id='word_1_7' title='bbox 41 251 164 280; x_wconf 80' lang='lat' dir='ltr'><strong>rationis</strong></span> <span class='ocrx_word' id='word_1_8' title='bbox 177 251 211 279; x_wconf 90' lang='lat' dir='ltr'><strong>ad</strong></span> <span class='ocrx_word' id='word_1_9' title='bbox 234 259 330 286; x_wconf 87' lang='lat' dir='ltr'><strong>unum,</strong></span> <span class='ocrx_word' id='word_1_10' title='bbox 345 251 388 280; x_wconf 99' lang='lat' dir='ltr'><strong>vel</strong></span> <span class='ocrx_word' id='word_1_11' title='bbox 417 251 496 288; x_wconf 84' lang='lat' dir='ltr'><strong>plura</strong></span> <span class='ocrx_word' id='word_1_12' title='bbox 511 252 601 280; x_wconf 87' lang='lat' dir='ltr'><strong>media</strong></span> <span class='ocrx_word' id='word_1_13' title='bbox 616 260 649 280; x_wconf 73' lang='lat' dir='ltr'><strong>ex</strong></span> <span class='ocrx_word' id='word_1_14' title='bbox 667 252 730 280; x_wconf 86' lang='lat' dir='ltr'><strong>aliis</strong></span> <span class='ocrx_word' id='word_1_15' title='bbox 755 252 890 287; x_wconf 79' lang='lat' dir='ltr'><strong>eligenda,</strong></span> <span class='ocrx_word' id='word_1_16' title='bbox 920 252 1045 287; x_wconf 77' lang='lat' dir='ltr'><strong>sequitur</strong></span> <span class='ocrx_word' id='word_1_17' title='bbox 1072 259 1134 279; x_wconf 81' lang='lat' dir='ltr'><strong>eam</strong></span> <span class='ocrx_word' id='word_1_18' title='bbox 1154 252 1181 278; x_wconf 90' lang='lat' dir='ltr'><strong>in</strong></span> <span class='ocrx_word' id='word_1_19' title='bbox 1199 250 1308 278; x_wconf 82' lang='lat' dir='ltr'><strong>Christo</strong></span> <span class='ocrx_word' id='word_1_20' title='bbox 1320 258 1375 278; x_wconf 91' lang='lat' dir='ltr'><strong>non</strong></span> <span class='ocrx_word' id='word_1_21' title='bbox 1391 249 1492 278; x_wconf 86' lang='lat' dir='ltr'><strong>habere</strong></span> <span class='ocrx_word' id='word_1_22' title='bbox 1507 250 1614 285; x_wconf 86' lang='lat' dir='ltr'><strong>locum;</strong></span> <span class='ocrx_word' id='word_1_23' title='bbox 1629 251 1677 279; x_wconf 88' lang='lat' dir='ltr'><strong>sed</strong></span> 
     </span>
    </p>
   </div>
   <div class='ocr_carea' id='block_1_3' title="bbox 41 295 1676 332">
    <p class='ocr_par' dir='ltr' id='par_1_3' title="bbox 41 295 1676 332">
     <span class='ocr_line' id='line_1_3' title="bbox 41 295 1676 332; baseline 0 -10"><span class='ocrx_word' id='word_1_24' title='bbox 41 297 173 324; x_wconf 84' lang='lat' dir='ltr'><strong>nascitur</strong></span> <span class='ocrx_word' id='word_1_25' title='bbox 187 296 271 324; x_wconf 89' lang='lat' dir='ltr'><strong>inde:</strong></span> <span class='ocrx_word' id='word_1_26' title='bbox 291 295 374 332; x_wconf 71' lang='lat' dir='ltr'><strong>Ergo.</strong></span> <span class='ocrx_word' id='word_1_27' title='bbox 392 295 530 323; x_wconf 81' lang='lat' dir='ltr'><strong>Probatur</strong></span> <span class='ocrx_word' id='word_1_28' title='bbox 547 296 658 331; x_wconf 85' lang='lat' dir='ltr'><strong>sequeia</strong></span> <span class='ocrx_word' id='word_1_29' title='bbox 673 305 680 323; x_wconf 88' lang='lat'>:</span> <span class='ocrx_word' id='word_1_30' title='bbox 695 296 760 331; x_wconf 87' lang='lat' dir='ltr'><strong>quia</strong></span> <span class='ocrx_word' id='word_1_31' title='bbox 776 295 931 331; x_wconf 72' lang='lat' dir='ltr'><strong>ignorantia</strong></span> <span class='ocrx_word' id='word_1_32' title='bbox 949 304 1003 322; x_wconf 89' lang='lat' dir='ltr'><strong>non</strong></span> <span class='ocrx_word' id='word_1_33' title='bbox 1031 296 1114 323; x_wconf 84' lang='lat' dir='ltr'><strong>habet</strong></span> <span class='ocrx_word' id='word_1_34' title='bbox 1141 295 1232 322; x_wconf 84' lang='lat' dir='ltr'><strong>locum</strong></span> <span class='ocrx_word' id='word_1_35' title='bbox 1257 295 1284 322; x_wconf 92' lang='lat' dir='ltr'><strong>in</strong></span> <span class='ocrx_word' id='word_1_36' title='bbox 1308 295 1429 327; x_wconf 87' lang='lat' dir='ltr'><strong>Christo,</strong></span> <span class='ocrx_word' id='word_1_37' title='bbox 1454 302 1504 322; x_wconf 84' lang='lat' dir='ltr'><strong>nec</strong></span> <span class='ocrx_word' id='word_1_38' title='bbox 1528 295 1676 323; x_wconf 91' lang='lat' dir='ltr'><strong>dubitatio.</strong></span> 
     </span>
    </p>
   </div>
   <div class='ocr_carea' id='block_1_4' title="bbox 38 338 1676 374">
    <p class='ocr_par' dir='ltr' id='par_1_4' title="bbox 38 338 1676 374">
     <span class='ocr_line' id='line_1_4' title="bbox 38 338 1676 374; baseline -0.001 -7"><span class='ocrx_word' id='word_1_39' title='bbox 38 339 166 368; x_wconf 75' lang='lat' dir='ltr'><strong>Haberet</strong></span> <span class='ocrx_word' id='word_1_40' title='bbox 184 345 287 371; x_wconf 87' lang='lat' dir='ltr'><strong>autem.</strong></span> <span class='ocrx_word' id='word_1_41' title='bbox 300 340 324 368; x_wconf 84' lang='lat' dir='ltr'><strong>si</strong></span> <span class='ocrx_word' id='word_1_42' title='bbox 343 344 417 367; x_wconf 80' lang='lat' dir='ltr'><strong>esset</strong></span> <span class='ocrx_word' id='word_1_43' title='bbox 436 339 464 366; x_wconf 93' lang='lat' dir='ltr'><strong>in</strong></span> <span class='ocrx_word' id='word_1_44' title='bbox 485 340 532 367; x_wconf 91' lang='lat' dir='ltr'><strong>illo</strong></span> <span class='ocrx_word' id='word_1_45' title='bbox 547 340 676 367; x_wconf 74' lang='lat' dir='ltr'><strong>voluntas</strong></span> <span class='ocrx_word' id='word_1_46' title='bbox 689 340 827 374; x_wconf 78' lang='lat' dir='ltr'><strong>gnomica.</strong></span> <span class='ocrx_word' id='word_1_47' title='bbox 851 339 878 366; x_wconf 94' lang='lat' dir='ltr'><strong>in</strong></span> <span class='ocrx_word' id='word_1_48' title='bbox 891 347 957 374; x_wconf 86' lang='lat' dir='ltr'><strong>qua,</strong></span> <span class='ocrx_word' id='word_1_49' title='bbox 972 347 1020 374; x_wconf 88' lang='lat' dir='ltr'><strong>per</strong></span> <span class='ocrx_word' id='word_1_50' title='bbox 1047 339 1195 367; x_wconf 85' lang='lat' dir='ltr'><strong>consilium</strong></span> <span class='ocrx_word' id='word_1_51' title='bbox 1219 343 1248 366; x_wconf 85' lang='lat' dir='ltr'><strong>et</strong></span> <span class='ocrx_word' id='word_1_52' title='bbox 1272 338 1530 365; x_wconf 84' lang='lat' dir='ltr'><strong>deterntiuatiouem</strong></span> <span class='ocrx_word' id='word_1_53' title='bbox 1548 338 1676 370; x_wconf 87' lang='lat' dir='ltr'><strong>rationis,</strong></span> 
     </span>
    </p>
   </div>
   <div class='ocr_carea' id='block_1_5' title="bbox 39 381 1677 419">
    <p class='ocr_par' dir='ltr' id='par_1_5' title="bbox 39 381 1677 419">
     <span class='ocr_line' id='line_1_5' title="bbox 39 381 1677 419; baseline -0.002 -7"><span class='ocrx_word' id='word_1_54' title='bbox 39 389 86 412; x_wconf 75' lang='lat' dir='ltr'><strong>est</strong></span> <span class='ocrx_word' id='word_1_55' title='bbox 117 384 252 412; x_wconf 79' lang='lat' dir='ltr'><strong>transitus</strong></span> <span class='ocrx_word' id='word_1_56' title='bbox 283 384 318 412; x_wconf 86' lang='lat' dir='ltr'><strong>ab</strong></span> <span class='ocrx_word' id='word_1_57' title='bbox 343 383 498 419; x_wconf 65' lang='lat' dir='ltr'><strong>ignorantia</strong></span> <span class='ocrx_word' id='word_1_58' title='bbox 527 384 561 411; x_wconf 90' lang='lat' dir='ltr'><strong>ad</strong></span> <span class='ocrx_word' id='word_1_59' title='bbox 589 384 786 419; x_wconf 76' lang='lat' dir='ltr'><strong>cognitionem.</strong></span> <span class='ocrx_word' id='word_1_60' title='bbox 813 389 841 412; x_wconf 89' lang='lat' dir='ltr'><strong>ct</strong></span> <span class='ocrx_word' id='word_1_61' title='bbox 866 385 901 412; x_wconf 89' lang='lat' dir='ltr'><strong>ab</strong></span> <span class='ocrx_word' id='word_1_62' title='bbox 924 385 1031 412; x_wconf 88' lang='lat' dir='ltr'><strong>incerto</strong></span> <span class='ocrx_word' id='word_1_63' title='bbox 1061 383 1094 411; x_wconf 86' lang='lat' dir='ltr'><strong>ad</strong></span> <span class='ocrx_word' id='word_1_64' title='bbox 1113 389 1232 416; x_wconf 80' lang='lat' dir='ltr'><strong>eet-tum,</strong></span> <span class='ocrx_word' id='word_1_65' title='bbox 1249 387 1278 410; x_wconf 86' lang='lat' dir='ltr'><strong>et</strong></span> <span class='ocrx_word' id='word_1_66' title='bbox 1303 381 1419 410; x_wconf 84' lang='lat' dir='ltr'><strong>mutatio</strong></span> <span class='ocrx_word' id='word_1_67' title='bbox 1437 389 1490 409; x_wconf 92' lang='lat' dir='ltr'><strong>non</strong></span> <span class='ocrx_word' id='word_1_68' title='bbox 1508 382 1626 409; x_wconf 78' lang='lat' dir='ltr'><strong>amantis</strong></span> <span class='ocrx_word' id='word_1_69' title='bbox 1644 383 1677 409; x_wconf 88' lang='lat' dir='ltr'><strong>ad</strong></span> 
     </span>
    </p>
   </div>
   <div class='ocr_carea' id='block_1_6' title="bbox 38 436 182 456">
    <p class='ocr_par' dir='ltr' id='par_1_6' title="bbox 38 436 182 456">
     <span class='ocr_line' id='line_1_6' title="bbox 38 436 182 456; baseline 0.007 -1"><span class='ocrx_word' id='word_1_70' title='bbox 38 436 182 456; x_wconf 83' lang='lat' dir='ltr'><strong>amorem.</strong></span> 
     </span>
    </p>
   </div>
   <div class='ocr_carea' id='block_1_7' title="bbox 79 469 1677 507">
    <p class='ocr_par' dir='ltr' id='par_1_7' title="bbox 79 469 1677 507">
     <span class='ocr_line' id='line_1_7' title="bbox 79 469 1677 507; baseline -0.001 -9"><span class='ocrx_word' id='word_1_71' title='bbox 79 471 198 498; x_wconf 73' lang='lat' dir='ltr'><strong>Sextum</strong></span> <span class='ocrx_word' id='word_1_72' title='bbox 231 475 436 506; x_wconf 72' lang='lat' dir='ltr'><strong>argumentum.</strong></span> <span class='ocrx_word' id='word_1_73' title='bbox 469 470 600 499; x_wconf 83' lang='lat' dir='ltr'><strong>Homines</strong></span> <span class='ocrx_word' id='word_1_74' title='bbox 627 475 735 500; x_wconf 79' lang='lat' dir='ltr'><strong>utentes</strong></span> <span class='ocrx_word' id='word_1_75' title='bbox 762 472 904 500; x_wconf 79' lang='lat' dir='ltr'><strong>voluntate</strong></span> <span class='ocrx_word' id='word_1_76' title='bbox 931 471 1072 507; x_wconf 74' lang='lat' dir='ltr'><strong>gnomica.</strong></span> <span class='ocrx_word' id='word_1_77' title='bbox 1106 475 1261 507; x_wconf 76' lang='lat' dir='ltr'><strong>repugnant</strong></span> <span class='ocrx_word' id='word_1_78' title='bbox 1284 470 1339 497; x_wconf 87' lang='lat' dir='ltr'><strong>Deo</strong></span> <span class='ocrx_word' id='word_1_79' title='bbox 1364 478 1372 497; x_wconf 92' lang='lat'><strong>:</strong></span> <span class='ocrx_word' id='word_1_80' title='bbox 1400 476 1468 503; x_wconf 72' lang='lat' dir='ltr'><strong>ergo</strong></span> <span class='ocrx_word' id='word_1_81' title='bbox 1494 477 1549 496; x_wconf 91' lang='lat' dir='ltr'><strong>non</strong></span> <span class='ocrx_word' id='word_1_82' title='bbox 1578 473 1620 497; x_wconf 89' lang='lat' dir='ltr'><strong>est</strong></span> <span class='ocrx_word' id='word_1_83' title='bbox 1649 469 1677 496; x_wconf 93' lang='lat' dir='ltr'><strong>iu</strong></span> 
     </span>
    </p>
   </div>
   <div class='ocr_carea' id='block_1_8' title="bbox 36 514 169 542">
    <p class='ocr_par' dir='ltr' id='par_1_8' title="bbox 36 514 169 542">
     <span class='ocr_line' id='line_1_8' title="bbox 36 514 169 542; baseline 0 0"><span class='ocrx_word' id='word_1_84' title='bbox 36 514 169 542; x_wconf 84' lang='lat' dir='ltr'><strong>Christo.</strong></span> 
     </span>
    </p>
   </div>
   <div class='ocr_carea' id='block_1_9' title="bbox 79 556 1679 595">
    <p class='ocr_par' dir='ltr' id='par_1_9' title="bbox 79 556 1679 595">
     <span class='ocr_line' id='line_1_9' title="bbox 79 556 1679 595; baseline -0.002 -10"><span class='ocrx_word' id='word_1_85' title='bbox 79 558 239 593; x_wconf 85' lang='lat' dir='ltr'><strong>Septimum</strong></span> <span class='ocrx_word' id='word_1_86' title='bbox 252 563 457 594; x_wconf 74' lang='lat' dir='ltr'><strong>argumentum.</strong></span> <span class='ocrx_word' id='word_1_87' title='bbox 474 557 609 586; x_wconf 81' lang='lat' dir='ltr'><strong>Voluntas</strong></span> <span class='ocrx_word' id='word_1_88' title='bbox 625 559 753 594; x_wconf 81' lang='lat' dir='ltr'><strong>gnomica</strong></span> <span class='ocrx_word' id='word_1_89' title='bbox 770 565 812 587; x_wconf 85' lang='lat' dir='ltr'><strong>cst</strong></span> <span class='ocrx_word' id='word_1_90' title='bbox 827 567 961 595; x_wconf 85' lang='lat' dir='ltr'><strong>propensa</strong></span> <span class='ocrx_word' id='word_1_91' title='bbox 975 560 1010 587; x_wconf 83' lang='lat' dir='ltr'><strong>ad</strong></span> <span class='ocrx_word' id='word_1_92' title='bbox 1023 564 1170 594; x_wconf 85' lang='lat' dir='ltr'><strong>utramque</strong></span> <span class='ocrx_word' id='word_1_93' title='bbox 1182 558 1318 586; x_wconf 84' lang='lat' dir='ltr'><strong>actionem</strong></span> <span class='ocrx_word' id='word_1_94' title='bbox 1331 578 1338 590; x_wconf 90' lang='lat'><strong>,</strong></span> <span class='ocrx_word' id='word_1_95' title='bbox 1357 557 1500 584; x_wconf 85' lang='lat' dir='ltr'><strong>honestam</strong></span> <span class='ocrx_word' id='word_1_96' title='bbox 1520 556 1634 588; x_wconf 88' lang='lat' dir='ltr'><strong>scilicet,</strong></span> <span class='ocrx_word' id='word_1_97' title='bbox 1646 562 1679 583; x_wconf 89' lang='lat' dir='ltr'><strong>ac</strong></span> 
     </span>
    </p>
   </div>
   <div class='ocr_carea' id='block_1_10' title="bbox 37 601 1350 638">
    <p class='ocr_par' dir='ltr' id='par_1_10' title="bbox 37 601 1350 638">
     <span class='ocr_line' id='line_1_10' title="bbox 37 601 1350 638; baseline 0.002 -9"><span class='ocrx_word' id='word_1_98' title='bbox 37 610 162 638; x_wconf 76' lang='lat' dir='ltr'><strong>pravam</strong></span> <span class='ocrx_word' id='word_1_99' title='bbox 173 610 181 635; x_wconf 88' lang='lat'><strong>;</strong></span> <span class='ocrx_word' id='word_1_100' title='bbox 207 610 284 637; x_wconf 74' lang='lat' dir='ltr'><strong>ergo.</strong></span> <span class='ocrx_word' id='word_1_101' title='bbox 574 604 577 607; x_wconf 83' lang='grc'><em>’</em></span> <span class='ocrx_word' id='word_1_102' title='bbox 1335 601 1350 613; x_wconf 84' lang='lat'><strong>&#39;</strong></span> 
     </span>
    </p>
   </div>
   <div class='ocr_carea' id='block_1_11' title="bbox 74 644 1680 683">
    <p class='ocr_par' dir='ltr' id='par_1_11' title="bbox 74 644 1680 683">
     <span class='ocr_line' id='line_1_11' title="bbox 74 644 1680 683; baseline 0 -11"><span class='ocrx_word' id='word_1_103' title='bbox 74 645 198 681; x_wconf 84' lang='lat' dir='ltr'><strong>Propter</strong></span> <span class='ocrx_word' id='word_1_104' title='bbox 211 647 269 673; x_wconf 70' lang='lat' dir='ltr'><strong>haec</strong></span> <span class='ocrx_word' id='word_1_105' title='bbox 286 651 460 681; x_wconf 79' lang='lat' dir='ltr'><strong>argumenta,</strong></span> <span class='ocrx_word' id='word_1_106' title='bbox 477 645 592 673; x_wconf 85' lang='lat' dir='ltr'><strong>Photius</strong></span> <span class='ocrx_word' id='word_1_107' title='bbox 621 651 648 673; x_wconf 89' lang='lat' dir='ltr'><strong>et</strong></span> <span class='ocrx_word' id='word_1_108' title='bbox 661 646 707 674; x_wconf 85' lang='lat' dir='ltr'><strong>alii</strong></span> <span class='ocrx_word' id='word_1_109' title='bbox 738 655 771 674; x_wconf 92' lang='lat' dir='ltr'><strong>ne</strong></span> <span class='ocrx_word' id='word_1_110' title='bbox 785 648 943 682; x_wconf 75' lang='lat' dir='ltr'><strong>gnomicam</strong></span> <span class='ocrx_word' id='word_1_111' title='bbox 961 649 1072 683; x_wconf 86' lang='lat' dir='ltr'><strong>quidem</strong></span> <span class='ocrx_word' id='word_1_112' title='bbox 1088 649 1208 676; x_wconf 85' lang='lat' dir='ltr'><strong>divinam</strong></span> <span class='ocrx_word' id='word_1_113' title='bbox 1229 648 1398 675; x_wconf 77' lang='lat' dir='ltr'><strong>voluntatem</strong></span> <span class='ocrx_word' id='word_1_114' title='bbox 1420 651 1545 674; x_wconf 87' lang='lat' dir='ltr'><strong>statuunt</strong></span> <span class='ocrx_word' id='word_1_115' title='bbox 1559 646 1585 673; x_wconf 89' lang='lat' dir='ltr'><strong>itt</strong></span> <span class='ocrx_word' id='word_1_116' title='bbox 1598 644 1680 673; x_wconf 84' lang='lat' dir='ltr'><strong>Chri-</strong></span> 
     </span>
    </p>
   </div>
   <div class='ocr_carea' id='block_1_12' title="bbox 35 690 1678 723">
    <p class='ocr_par' dir='ltr' id='par_1_12' title="bbox 35 690 1678 723">
     <span class='ocr_line' id='line_1_12' title="bbox 35 690 1678 723; baseline -0.001 -5"><span class='ocrx_word' id='word_1_117' title='bbox 35 695 96 718; x_wconf 85' lang='lat' dir='ltr'><strong>sto.</strong></span> <span class='ocrx_word' id='word_1_118' title='bbox 114 690 198 722; x_wconf 83' lang='lat' dir='ltr'><strong>Nam,</strong></span> <span class='ocrx_word' id='word_1_119' title='bbox 213 690 237 718; x_wconf 84' lang='lat' dir='ltr'><strong>si</strong></span> <span class='ocrx_word' id='word_1_120' title='bbox 251 690 312 718; x_wconf 88' lang='lat' dir='ltr'><strong>talis</strong></span> <span class='ocrx_word' id='word_1_121' title='bbox 328 696 369 718; x_wconf 91' lang='lat' dir='ltr'><strong>est</strong></span> <span class='ocrx_word' id='word_1_122' title='bbox 385 691 411 718; x_wconf 91' lang='lat' dir='ltr'><strong>in</strong></span> <span class='ocrx_word' id='word_1_123' title='bbox 425 690 549 722; x_wconf 84' lang='lat' dir='ltr'><strong>Christo,</strong></span> <span class='ocrx_word' id='word_1_124' title='bbox 563 690 607 717; x_wconf 90' lang='lat' dir='ltr'><strong>illa</strong></span> <span class='ocrx_word' id='word_1_125' title='bbox 619 695 666 717; x_wconf 86' lang='lat' dir='ltr'><strong>aut</strong></span> <span class='ocrx_word' id='word_1_126' title='bbox 676 691 769 718; x_wconf 77' lang='lat' dir='ltr'><strong>cadent</strong></span> <span class='ocrx_word' id='word_1_127' title='bbox 784 695 826 719; x_wconf 88' lang='lat' dir='ltr'><strong>est</strong></span> <span class='ocrx_word' id='word_1_128' title='bbox 844 700 906 719; x_wconf 92' lang='lat' dir='ltr'><strong>cum</strong></span> <span class='ocrx_word' id='word_1_129' title='bbox 924 694 1063 720; x_wconf 82' lang='lat' dir='ltr'><strong>voluntate</strong></span> <span class='ocrx_word' id='word_1_130' title='bbox 1079 693 1169 721; x_wconf 85' lang='lat' dir='ltr'><strong>divina</strong></span> <span class='ocrx_word' id='word_1_131' title='bbox 1185 691 1314 723; x_wconf 86' lang='lat' dir='ltr'><strong>naturali,</strong></span> <span class='ocrx_word' id='word_1_132' title='bbox 1331 695 1378 718; x_wconf 87' lang='lat' dir='ltr'><strong>aut</strong></span> <span class='ocrx_word' id='word_1_133' title='bbox 1391 691 1510 718; x_wconf 87' lang='lat' dir='ltr'><strong>diversa.</strong></span> <span class='ocrx_word' id='word_1_134' title='bbox 1527 690 1554 717; x_wconf 93' lang='lat' dir='ltr'><strong>Si</strong></span> <span class='ocrx_word' id='word_1_135' title='bbox 1571 690 1678 720; x_wconf 80' lang='lat' dir='ltr'><strong>eadcm.</strong></span> 
     </span>
    </p>
   </div>
   <div class='ocr_carea' id='block_1_13' title="bbox 37 734 1677 770">
    <p class='ocr_par' dir='ltr' id='par_1_13' title="bbox 37 734 1677 770">
     <span class='ocr_line' id='line_1_13' title="bbox 37 734 1677 770; baseline -0.001 -9"><span class='ocrx_word' id='word_1_136' title='bbox 37 734 182 762; x_wconf 75' lang='lat' dir='ltr'><strong>habemus</strong></span> <span class='ocrx_word' id='word_1_137' title='bbox 198 741 263 769; x_wconf 78' lang='lat' dir='ltr'><strong>ergo</strong></span> <span class='ocrx_word' id='word_1_138' title='bbox 283 734 430 765; x_wconf 88' lang='lat' dir='ltr'><strong>intentum,</strong></span> <span class='ocrx_word' id='word_1_139' title='bbox 444 742 500 761; x_wconf 86' lang='lat' dir='ltr'><strong>non</strong></span> <span class='ocrx_word' id='word_1_140' title='bbox 514 742 574 761; x_wconf 87' lang='lat' dir='ltr'><strong>esse</strong></span> <span class='ocrx_word' id='word_1_141' title='bbox 588 734 694 761; x_wconf 75' lang='lat' dir='ltr'><strong>scilicet</strong></span> <span class='ocrx_word' id='word_1_142' title='bbox 727 734 808 761; x_wconf 89' lang='lat' dir='ltr'><strong>aliam</strong></span> <span class='ocrx_word' id='word_1_143' title='bbox 824 735 944 763; x_wconf 81' lang='lat' dir='ltr'><strong>divinam</strong></span> <span class='ocrx_word' id='word_1_144' title='bbox 959 737 1140 768; x_wconf 71' lang='lat' dir='ltr'><strong>voluntatem,</strong></span> <span class='ocrx_word' id='word_1_145' title='bbox 1152 741 1251 770; x_wconf 69' lang='lat' dir='ltr'><strong>praeter</strong></span> <span class='ocrx_word' id='word_1_146' title='bbox 1262 735 1336 762; x_wconf 90' lang='lat' dir='ltr'><strong>illam</strong></span> <span class='ocrx_word' id='word_1_147' title='bbox 1354 736 1518 767; x_wconf 77' lang='lat' dir='ltr'><strong>naturalem,</strong></span> <span class='ocrx_word' id='word_1_148' title='bbox 1532 734 1677 769; x_wconf 86' lang='lat' dir='ltr'><strong>tribusque</strong></span> 
     </span>
    </p>
   </div>
   <div class='ocr_carea' id='block_1_14' title="bbox 37 777 1698 814">
    <p class='ocr_par' dir='ltr' id='par_1_14' title="bbox 37 777 1698 814">
     <span class='ocr_line' id='line_1_14' title="bbox 37 777 1698 814; baseline 0 -10"><span class='ocrx_word' id='word_1_149' title='bbox 37 778 175 813; x_wconf 87' lang='lat' dir='ltr'><strong>personis</strong></span> <span class='ocrx_word' id='word_1_150' title='bbox 191 784 378 805; x_wconf 82' lang='lat' dir='ltr'><strong>communem.</strong></span> <span class='ocrx_word' id='word_1_151' title='bbox 399 777 429 805; x_wconf 90' lang='lat' dir='ltr'><strong>Si</strong></span> <span class='ocrx_word' id='word_1_152' title='bbox 445 785 511 805; x_wconf 89' lang='lat' dir='ltr'><strong>vero</strong></span> <span class='ocrx_word' id='word_1_153' title='bbox 539 778 630 804; x_wconf 88' lang='lat' dir='ltr'><strong>divina</strong></span> <span class='ocrx_word' id='word_1_154' title='bbox 644 778 770 805; x_wconf 76' lang='lat' dir='ltr'><strong>voluntas</strong></span> <span class='ocrx_word' id='word_1_155' title='bbox 791 780 918 814; x_wconf 77' lang='lat' dir='ltr'><strong>gnomica</strong></span> <span class='ocrx_word' id='word_1_156' title='bbox 935 781 961 807; x_wconf 92' lang='lat' dir='ltr'><strong>in</strong></span> <span class='ocrx_word' id='word_1_157' title='bbox 980 780 1089 808; x_wconf 84' lang='lat' dir='ltr'><strong>Christo</strong></span> <span class='ocrx_word' id='word_1_158' title='bbox 1113 785 1155 808; x_wconf 88' lang='lat' dir='ltr'><strong>est</strong></span> <span class='ocrx_word' id='word_1_159' title='bbox 1171 779 1222 806; x_wconf 87' lang='lat' dir='ltr'><strong>alia</strong></span> <span class='ocrx_word' id='word_1_160' title='bbox 1243 786 1258 805; x_wconf 93' lang='lat' dir='ltr'><strong>a</strong></span> <span class='ocrx_word' id='word_1_161' title='bbox 1272 778 1392 805; x_wconf 80' lang='lat' dir='ltr'><strong>naturali</strong></span> <span class='ocrx_word' id='word_1_162' title='bbox 1406 778 1498 805; x_wconf 90' lang='lat' dir='ltr'><strong>divina</strong></span> <span class='ocrx_word' id='word_1_163' title='bbox 1516 778 1678 812; x_wconf 84' lang='lat' dir='ltr'><strong>voluntate;</strong></span> <span class='ocrx_word' id='word_1_164' title='bbox 1695 804 1698 807; x_wconf 83' lang='grc'>,</span> 
     </span>
    </p>
   </div>
   <div class='ocr_carea' id='block_1_15' title="bbox 36 822 1680 857">
    <p class='ocr_par' dir='ltr' id='par_1_15' title="bbox 36 822 1680 857">
     <span class='ocr_line' id='line_1_15' title="bbox 36 822 1680 857; baseline 0.001 -8"><span class='ocrx_word' id='word_1_165' title='bbox 36 828 109 850; x_wconf 87' lang='lat' dir='ltr'><strong>tunc</strong></span> <span class='ocrx_word' id='word_1_166' title='bbox 123 823 178 850; x_wconf 82' lang='lat' dir='ltr'><strong>erit</strong></span> <span class='ocrx_word' id='word_1_167' title='bbox 192 822 312 855; x_wconf 77' lang='lat' dir='ltr'><strong>diversa,</strong></span> <span class='ocrx_word' id='word_1_168' title='bbox 331 831 392 857; x_wconf 81' lang='lat' dir='ltr'><strong>qua:</strong></span> <span class='ocrx_word' id='word_1_169' title='bbox 406 826 449 850; x_wconf 90' lang='lat' dir='ltr'><strong>est</strong></span> <span class='ocrx_word' id='word_1_170' title='bbox 464 822 492 849; x_wconf 90' lang='lat' dir='ltr'><strong>in</strong></span> <span class='ocrx_word' id='word_1_171' title='bbox 507 822 596 853; x_wconf 87' lang='lat' dir='ltr'><strong>Patre,</strong></span> <span class='ocrx_word' id='word_1_172' title='bbox 615 827 642 849; x_wconf 89' lang='lat' dir='ltr'><strong>et</strong></span> <span class='ocrx_word' id='word_1_173' title='bbox 654 822 758 857; x_wconf 87' lang='lat' dir='ltr'><strong>Spiritu</strong></span> <span class='ocrx_word' id='word_1_174' title='bbox 775 828 884 851; x_wconf 86' lang='lat' dir='ltr'><strong>sancto.</strong></span> <span class='ocrx_word' id='word_1_175' title='bbox 901 823 955 852; x_wconf 89' lang='lat' dir='ltr'><strong>Sed</strong></span> <span class='ocrx_word' id='word_1_176' title='bbox 973 824 1026 851; x_wconf 90' lang='lat' dir='ltr'><strong>hoc</strong></span> <span class='ocrx_word' id='word_1_177' title='bbox 1040 828 1082 852; x_wconf 88' lang='lat' dir='ltr'><strong>est</strong></span> <span class='ocrx_word' id='word_1_178' title='bbox 1096 824 1256 852; x_wconf 86' lang='lat' dir='ltr'><strong>absurdum.</strong></span> <span class='ocrx_word' id='word_1_179' title='bbox 1277 822 1341 857; x_wconf 86' lang='lat' dir='ltr'><strong>quia</strong></span> <span class='ocrx_word' id='word_1_180' title='bbox 1360 822 1483 849; x_wconf 87' lang='lat' dir='ltr'><strong>omnium</strong></span> <span class='ocrx_word' id='word_1_181' title='bbox 1501 830 1680 857; x_wconf 85' lang='lat' dir='ltr'><strong>personarum</strong></span> 
     </span>
    </p>
   </div>
   <div class='ocr_carea' id='block_1_16' title="bbox 36 865 1679 902">
    <p class='ocr_par' dir='ltr' id='par_1_16' title="bbox 36 865 1679 902">
     <span class='ocr_line' id='line_1_16' title="bbox 36 865 1679 902; baseline 0.001 -9"><span class='ocrx_word' id='word_1_182' title='bbox 36 867 201 893; x_wconf 84' lang='lat' dir='ltr'><strong>divinarum</strong></span> <span class='ocrx_word' id='word_1_183' title='bbox 216 870 258 893; x_wconf 87' lang='lat' dir='ltr'><strong>est</strong></span> <span class='ocrx_word' id='word_1_184' title='bbox 268 867 366 894; x_wconf 79' lang='lat' dir='ltr'><strong>eadem</strong></span> <span class='ocrx_word' id='word_1_185' title='bbox 385 867 522 894; x_wconf 84' lang='lat' dir='ltr'><strong>voluntas.</strong></span> <span class='ocrx_word' id='word_1_186' title='bbox 536 865 670 894; x_wconf 87' lang='lat' dir='ltr'><strong>Gnomica</strong></span> <span class='ocrx_word' id='word_1_187' title='bbox 695 871 787 894; x_wconf 88' lang='lat' dir='ltr'><strong>autem</strong></span> <span class='ocrx_word' id='word_1_188' title='bbox 829 875 883 894; x_wconf 93' lang='lat' dir='ltr'><strong>non</strong></span> <span class='ocrx_word' id='word_1_189' title='bbox 914 872 958 895; x_wconf 90' lang='lat' dir='ltr'><strong>est</strong></span> <span class='ocrx_word' id='word_1_190' title='bbox 974 868 1081 900; x_wconf 90' lang='lat' dir='ltr'><strong>eadem,</strong></span> <span class='ocrx_word' id='word_1_191' title='bbox 1103 867 1152 894; x_wconf 88' lang='lat' dir='ltr'><strong>sed</strong></span> <span class='ocrx_word' id='word_1_192' title='bbox 1168 867 1275 894; x_wconf 86' lang='lat' dir='ltr'><strong>diversa</strong></span> <span class='ocrx_word' id='word_1_193' title='bbox 1291 866 1318 892; x_wconf 92' lang='lat' dir='ltr'><strong>in</strong></span> <span class='ocrx_word' id='word_1_194' title='bbox 1342 865 1460 894; x_wconf 88' lang='lat' dir='ltr'><strong>diversis</strong></span> <span class='ocrx_word' id='word_1_195' title='bbox 1473 866 1679 902; x_wconf 85' lang='lat' dir='ltr'><strong>hypostasibus.</strong></span> 
     </span>
    </p>
   </div>
   <div class='ocr_carea' id='block_1_17' title="bbox 35 906 1676 946">
    <p class='ocr_par' dir='ltr' id='par_1_17' title="bbox 35 906 1676 946">
     <span class='ocr_line' id='line_1_17' title="bbox 35 906 1676 946; baseline 0.002 -10"><span class='ocrx_word' id='word_1_196' title='bbox 35 911 134 944; x_wconf 77' lang='lat' dir='ltr'><strong>Quare</strong></span> <span class='ocrx_word' id='word_1_197' title='bbox 149 911 195 938; x_wconf 84' lang='lat' dir='ltr'><strong>isti</strong></span> <span class='ocrx_word' id='word_1_198' title='bbox 214 915 341 938; x_wconf 80' lang='lat' dir='ltr'><strong>auctores</strong></span> <span class='ocrx_word' id='word_1_199' title='bbox 363 906 415 938; x_wconf 81' lang='lat' dir='ltr'><strong>nec</strong></span> <span class='ocrx_word' id='word_1_200' title='bbox 426 911 454 938; x_wconf 88' lang='lat' dir='ltr'><strong>in</strong></span> <span class='ocrx_word' id='word_1_201' title='bbox 469 910 605 938; x_wconf 84' lang='lat' dir='ltr'><strong>Trinitate</strong></span> <span class='ocrx_word' id='word_1_202' title='bbox 620 910 777 945; x_wconf 79' lang='lat' dir='ltr'><strong>gnomicam</strong></span> <span class='ocrx_word' id='word_1_203' title='bbox 797 911 965 938; x_wconf 86' lang='lat' dir='ltr'><strong>voluntatem</strong></span> <span class='ocrx_word' id='word_1_204' title='bbox 980 915 1099 946; x_wconf 90' lang='lat' dir='ltr'><strong>ponunt,</strong></span> <span class='ocrx_word' id='word_1_205' title='bbox 1119 911 1240 937; x_wconf 74' lang='lat' dir='ltr'><strong>maxime</strong></span> <span class='ocrx_word' id='word_1_206' title='bbox 1262 915 1375 945; x_wconf 89' lang='lat' dir='ltr'><strong>propter</strong></span> <span class='ocrx_word' id='word_1_207' title='bbox 1401 915 1596 945; x_wconf 79' lang='lat' dir='ltr'><strong>argumentum</strong></span> <span class='ocrx_word' id='word_1_208' title='bbox 1614 911 1642 943; x_wconf 86' lang='lat'><strong>5,</strong></span> <span class='ocrx_word' id='word_1_209' title='bbox 1658 911 1676 939; x_wconf 83' lang='grc'><strong>6</strong></span> 
     </span>
    </p>
   </div>
   <div class='ocr_carea' id='block_1_18' title="bbox 32 954 1680 991">
    <p class='ocr_par' dir='ltr' id='par_1_18' title="bbox 32 954 1680 991">
     <span class='ocr_line' id='line_1_18' title="bbox 32 954 1680 991; baseline 0 -8"><span class='ocrx_word' id='word_1_210' title='bbox 32 961 63 983; x_wconf 85' lang='lat' dir='ltr'><strong>et</strong></span> <span class='ocrx_word' id='word_1_211' title='bbox 97 955 125 982; x_wconf 82' lang='lat'><strong>7.</strong></span> <span class='ocrx_word' id='word_1_212' title='bbox 159 955 189 983; x_wconf 89' lang='lat' dir='ltr'><strong>In</strong></span> <span class='ocrx_word' id='word_1_213' title='bbox 213 955 349 982; x_wconf 86' lang='lat' dir='ltr'><strong>Trinitate</strong></span> <span class='ocrx_word' id='word_1_214' title='bbox 380 956 454 982; x_wconf 90' lang='lat' dir='ltr'><strong>enim</strong></span> <span class='ocrx_word' id='word_1_215' title='bbox 489 955 553 982; x_wconf 91' lang='lat' dir='ltr'><strong>licet</strong></span> <span class='ocrx_word' id='word_1_216' title='bbox 581 954 637 983; x_wconf 79' lang='lat' dir='ltr'><strong>sint</strong></span> <span class='ocrx_word' id='word_1_217' title='bbox 666 960 720 982; x_wconf 87' lang='lat' dir='ltr'><strong>tres</strong></span> <span class='ocrx_word' id='word_1_218' title='bbox 743 963 880 991; x_wconf 84' lang='lat' dir='ltr'><strong>personae,</strong></span> <span class='ocrx_word' id='word_1_219' title='bbox 907 960 949 982; x_wconf 89' lang='lat' dir='ltr'><strong>est</strong></span> <span class='ocrx_word' id='word_1_220' title='bbox 979 959 1070 982; x_wconf 89' lang='lat' dir='ltr'><strong>tamen</strong></span> <span class='ocrx_word' id='word_1_221' title='bbox 1095 954 1259 989; x_wconf 88' lang='lat' dir='ltr'><strong>simpliciter</strong></span> <span class='ocrx_word' id='word_1_222' title='bbox 1283 961 1368 981; x_wconf 91' lang='lat' dir='ltr'><strong>unum</strong></span> <span class='ocrx_word' id='word_1_223' title='bbox 1394 957 1421 981; x_wconf 90' lang='lat' dir='ltr'><strong>et</strong></span> <span class='ocrx_word' id='word_1_224' title='bbox 1449 954 1521 982; x_wconf 86' lang='lat' dir='ltr'><strong>idem</strong></span> <span class='ocrx_word' id='word_1_225' title='bbox 1554 955 1623 983; x_wconf 85' lang='lat' dir='ltr'><strong>velle</strong></span> <span class='ocrx_word' id='word_1_226' title='bbox 1646 963 1680 984; x_wconf 88' lang='lat' dir='ltr'><strong>ac</strong></span> 
     </span>
    </p>
   </div>
   <div class='ocr_carea' id='block_1_19' title="bbox 35 999 125 1027">
    <p class='ocr_par' dir='ltr' id='par_1_19' title="bbox 35 999 125 1027">
     <span class='ocr_line' id='line_1_19' title="bbox 35 999 125 1027; baseline -0.022 -1"><span class='ocrx_word' id='word_1_227' title='bbox 35 999 125 1027; x_wconf 86' lang='lat' dir='ltr'><strong>nolle.</strong></span> 
     </span>
    </p>
   </div>
   <div class='ocr_carea' id='block_1_20' title="bbox 73 1041 1680 1080">
    <p class='ocr_par' dir='ltr' id='par_1_20' title="bbox 73 1041 1680 1080">
     <span class='ocr_line' id='line_1_20' title="bbox 73 1041 1680 1080; baseline 0.001 -11"><span class='ocrx_word' id='word_1_228' title='bbox 73 1042 288 1070; x_wconf 70' lang='lat' dir='ltr'><strong>Observationes</strong></span> <span class='ocrx_word' id='word_1_229' title='bbox 309 1042 507 1070; x_wconf 74' lang='lat' dir='ltr'><strong>Stewortii.——</strong></span> <span class='ocrx_word' id='word_1_230' title='bbox 535 1042 599 1070; x_wconf 59' lang='lat' dir='ltr'><strong>liter:</strong></span> <span class='ocrx_word' id='word_1_231' title='bbox 614 1048 705 1070; x_wconf 85' lang='lat' dir='ltr'><strong>tamen</strong></span> <span class='ocrx_word' id='word_1_232' title='bbox 736 1047 764 1070; x_wconf 90' lang='lat' dir='ltr'><strong>et</strong></span> <span class='ocrx_word' id='word_1_233' title='bbox 781 1043 845 1080; x_wconf 68' lang='lat' dir='ltr'><strong>alia,</strong></span> <span class='ocrx_word' id='word_1_234' title='bbox 870 1050 932 1078; x_wconf 65' lang='lat' dir='ltr'><strong>quae</strong></span> <span class='ocrx_word' id='word_1_235' title='bbox 960 1042 1076 1071; x_wconf 81' lang='lat' dir='ltr'><strong>Photius</strong></span> <span class='ocrx_word' id='word_1_236' title='bbox 1103 1042 1236 1077; x_wconf 85' lang='lat' dir='ltr'><strong>disputat,</strong></span> <span class='ocrx_word' id='word_1_237' title='bbox 1264 1049 1319 1069; x_wconf 95' lang='lat' dir='ltr'><strong>non</strong></span> <span class='ocrx_word' id='word_1_238' title='bbox 1345 1041 1473 1069; x_wconf 89' lang='lat' dir='ltr'><strong>videntur</strong></span> <span class='ocrx_word' id='word_1_239' title='bbox 1505 1042 1680 1070; x_wconf 79' lang='lat' dir='ltr'><strong>concludere.</strong></span> 
     </span>
    </p>
   </div>
   <div class='ocr_carea' id='block_1_21' title="bbox 33 1086 1681 1121">
    <p class='ocr_par' dir='ltr' id='par_1_21' title="bbox 33 1086 1681 1121">
     <span class='ocr_line' id='line_1_21' title="bbox 33 1086 1681 1121; baseline 0.001 -8"><span class='ocrx_word' id='word_1_240' title='bbox 33 1086 128 1120; x_wconf 85' lang='lat' dir='ltr'><strong>Cuius</strong></span> <span class='ocrx_word' id='word_1_241' title='bbox 161 1091 322 1121; x_wconf 80' lang='lat' dir='ltr'><strong>argumenta</strong></span> <span class='ocrx_word' id='word_1_242' title='bbox 356 1091 388 1114; x_wconf 89' lang='lat' dir='ltr'><strong>ut</strong></span> <span class='ocrx_word' id='word_1_243' title='bbox 429 1087 585 1120; x_wconf 81' lang='lat' dir='ltr'><strong>solvantur,</strong></span> <span class='ocrx_word' id='word_1_244' title='bbox 624 1087 765 1114; x_wconf 78' lang='lat' dir='ltr'><strong>fatendum</strong></span> <span class='ocrx_word' id='word_1_245' title='bbox 794 1091 847 1119; x_wconf 77' lang='lat' dir='ltr'><strong>est,</strong></span> <span class='ocrx_word' id='word_1_246' title='bbox 882 1087 909 1114; x_wconf 91' lang='lat' dir='ltr'><strong>in</strong></span> <span class='ocrx_word' id='word_1_247' title='bbox 939 1087 1050 1114; x_wconf 87' lang='lat' dir='ltr'><strong>Christo</strong></span> <span class='ocrx_word' id='word_1_248' title='bbox 1078 1091 1132 1114; x_wconf 78' lang='lat' dir='ltr'><strong>nun</strong></span> <span class='ocrx_word' id='word_1_249' title='bbox 1167 1086 1252 1114; x_wconf 83' lang='lat' dir='ltr'><strong>fuisse</strong></span> <span class='ocrx_word' id='word_1_250' title='bbox 1289 1086 1468 1119; x_wconf 88' lang='lat' dir='ltr'><strong>voluntatem,</strong></span> <span class='ocrx_word' id='word_1_251' title='bbox 1512 1087 1554 1114; x_wconf 88' lang='lat' dir='ltr'><strong>vel</strong></span> <span class='ocrx_word' id='word_1_252' title='bbox 1589 1092 1681 1115; x_wconf 90' lang='lat' dir='ltr'><strong>actum</strong></span> 
     </span>
    </p>
   </div>
   <div class='ocr_carea' id='block_1_22' title="bbox 35 1130 1683 1166">
    <p class='ocr_par' dir='ltr' id='par_1_22' title="bbox 35 1130 1683 1166">
     <span class='ocr_line' id='line_1_22' title="bbox 35 1130 1683 1166; baseline 0.001 -10"><span class='ocrx_word' id='word_1_253' title='bbox 35 1132 210 1161; x_wconf 76' lang='lat' dir='ltr'><strong>voluntatis,</strong></span> <span class='ocrx_word' id='word_1_254' title='bbox 227 1138 289 1165; x_wconf 61' lang='lat' dir='ltr'><strong>quae</strong></span> <span class='ocrx_word' id='word_1_255' title='bbox 306 1131 387 1158; x_wconf 82' lang='lat' dir='ltr'><strong>fuerit</strong></span> <span class='ocrx_word' id='word_1_256' title='bbox 402 1137 491 1162; x_wconf 86' lang='lat' dir='ltr'><strong>actus,</strong></span> <span class='ocrx_word' id='word_1_257' title='bbox 509 1131 550 1158; x_wconf 85' lang='lat' dir='ltr'><strong>vel</strong></span> <span class='ocrx_word' id='word_1_258' title='bbox 565 1132 685 1166; x_wconf 88' lang='lat' dir='ltr'><strong>potentia</strong></span> <span class='ocrx_word' id='word_1_259' title='bbox 702 1139 828 1166; x_wconf 66' lang='lat' dir='ltr'><strong>persona:</strong></span> <span class='ocrx_word' id='word_1_260' title='bbox 848 1136 956 1158; x_wconf 72' lang='lat' dir='ltr'><strong>creatzc.</strong></span> <span class='ocrx_word' id='word_1_261' title='bbox 982 1130 1092 1158; x_wconf 73' lang='lat' dir='ltr'><strong>Ciarum</strong></span> <span class='ocrx_word' id='word_1_262' title='bbox 1110 1130 1183 1157; x_wconf 83' lang='lat' dir='ltr'><strong>enim</strong></span> <span class='ocrx_word' id='word_1_263' title='bbox 1207 1135 1249 1158; x_wconf 89' lang='lat' dir='ltr'><strong>est</strong></span> <span class='ocrx_word' id='word_1_264' title='bbox 1273 1130 1299 1157; x_wconf 91' lang='lat' dir='ltr'><strong>in</strong></span> <span class='ocrx_word' id='word_1_265' title='bbox 1316 1130 1426 1157; x_wconf 87' lang='lat' dir='ltr'><strong>Christo</strong></span> <span class='ocrx_word' id='word_1_266' title='bbox 1444 1137 1589 1165; x_wconf 81' lang='lat' dir='ltr'><strong>personant</strong></span> <span class='ocrx_word' id='word_1_267' title='bbox 1603 1138 1683 1158; x_wconf 86' lang='lat' dir='ltr'><strong>crea-</strong></span> 
     </span>
    </p>
   </div>
   <div class='ocr_carea' id='block_1_23' title="bbox 36 1173 1681 1210">
    <p class='ocr_par' dir='ltr' id='par_1_23' title="bbox 36 1173 1681 1210">
     <span class='ocr_line' id='line_1_23' title="bbox 36 1173 1681 1210; baseline 0.002 -11"><span class='ocrx_word' id='word_1_268' title='bbox 36 1179 94 1200; x_wconf 85' lang='lat' dir='ltr'><strong>tam</strong></span> <span class='ocrx_word' id='word_1_269' title='bbox 115 1182 172 1200; x_wconf 83' lang='lat' dir='ltr'><strong>non</strong></span> <span class='ocrx_word' id='word_1_270' title='bbox 189 1173 289 1201; x_wconf 70' lang='lat' dir='ltr'><strong>tuisse.</strong></span> <span class='ocrx_word' id='word_1_271' title='bbox 309 1173 419 1201; x_wconf 74' lang='lat' dir='ltr'><strong>Interim</strong></span> <span class='ocrx_word' id='word_1_272' title='bbox 434 1178 525 1202; x_wconf 88' lang='lat' dir='ltr'><strong>tamen</strong></span> <span class='ocrx_word' id='word_1_273' title='bbox 543 1175 636 1210; x_wconf 72' lang='lat' dir='ltr'><strong>negari</strong></span> <span class='ocrx_word' id='word_1_274' title='bbox 662 1183 714 1202; x_wconf 90' lang='lat' dir='ltr'><strong>non</strong></span> <span class='ocrx_word' id='word_1_275' title='bbox 736 1180 824 1210; x_wconf 85' lang='lat' dir='ltr'><strong>potest</strong></span> <span class='ocrx_word' id='word_1_276' title='bbox 839 1175 866 1201; x_wconf 89' lang='lat' dir='ltr'><strong>in</strong></span> <span class='ocrx_word' id='word_1_277' title='bbox 880 1174 992 1202; x_wconf 88' lang='lat' dir='ltr'><strong>Christo</strong></span> <span class='ocrx_word' id='word_1_278' title='bbox 1007 1175 1090 1202; x_wconf 82' lang='lat' dir='ltr'><strong>fuisse</strong></span> <span class='ocrx_word' id='word_1_279' title='bbox 1101 1175 1269 1202; x_wconf 85' lang='lat' dir='ltr'><strong>voluntatem</strong></span> <span class='ocrx_word' id='word_1_280' title='bbox 1296 1173 1502 1202; x_wconf 82' lang='lat' dir='ltr'><strong>iudividualiter</strong></span> <span class='ocrx_word' id='word_1_281' title='bbox 1524 1175 1681 1202; x_wconf 87' lang='lat' dir='ltr'><strong>distinctam</strong></span> 
     </span>
    </p>
   </div>
   <div class='ocr_carea' id='block_1_24' title="bbox 35 1217 1683 1254">
    <p class='ocr_par' dir='ltr' id='par_1_24' title="bbox 35 1217 1683 1254">
     <span class='ocr_line' id='line_1_24' title="bbox 35 1217 1683 1254; baseline 0.002 -10"><span class='ocrx_word' id='word_1_282' title='bbox 35 1226 48 1244; x_wconf 88' lang='lat' dir='ltr'><strong>a</strong></span> <span class='ocrx_word' id='word_1_283' title='bbox 62 1218 216 1244; x_wconf 78' lang='lat' dir='ltr'><strong>voluntate</strong></span> <span class='ocrx_word' id='word_1_284' title='bbox 240 1217 403 1245; x_wconf 83' lang='lat' dir='ltr'><strong>individuali</strong></span> <span class='ocrx_word' id='word_1_285' title='bbox 423 1218 616 1253; x_wconf 80' lang='lat' dir='ltr'><strong>cujuscunque</strong></span> <span class='ocrx_word' id='word_1_286' title='bbox 632 1218 746 1246; x_wconf 82' lang='lat' dir='ltr'><strong>alterius</strong></span> <span class='ocrx_word' id='word_1_287' title='bbox 763 1218 892 1252; x_wconf 87' lang='lat' dir='ltr'><strong>hominis,</strong></span> <span class='ocrx_word' id='word_1_288' title='bbox 913 1219 1096 1246; x_wconf 85' lang='lat' dir='ltr'><strong>abstrahendo</strong></span> <span class='ocrx_word' id='word_1_289' title='bbox 1114 1219 1148 1246; x_wconf 85' lang='lat' dir='ltr'><strong>ah</strong></span> <span class='ocrx_word' id='word_1_290' title='bbox 1170 1218 1340 1254; x_wconf 84' lang='lat' dir='ltr'><strong>Itypostatica</strong></span> <span class='ocrx_word' id='word_1_291' title='bbox 1367 1219 1572 1253; x_wconf 80' lang='lat' dir='ltr'><strong>personalitate.</strong></span> <span class='ocrx_word' id='word_1_292' title='bbox 1601 1219 1683 1247; x_wconf 82' lang='lat' dir='ltr'><strong>Sicut</strong></span> 
     </span>
    </p>
   </div>
   <div class='ocr_carea' id='block_1_25' title="bbox 32 1259 1682 1295">
    <p class='ocr_par' dir='ltr' id='par_1_25' title="bbox 32 1259 1682 1295">
     <span class='ocr_line' id='line_1_25' title="bbox 32 1259 1682 1295; baseline -0.001 -6"><span class='ocrx_word' id='word_1_293' title='bbox 32 1263 126 1289; x_wconf 82' lang='lat' dir='ltr'><strong>etiam</strong></span> <span class='ocrx_word' id='word_1_294' title='bbox 143 1261 334 1289; x_wconf 79' lang='lat' dir='ltr'><strong>abstrahendo</strong></span> <span class='ocrx_word' id='word_1_295' title='bbox 349 1262 384 1289; x_wconf 87' lang='lat' dir='ltr'><strong>ab</strong></span> <span class='ocrx_word' id='word_1_296' title='bbox 397 1262 505 1295; x_wconf 82' lang='lat' dir='ltr'><strong>eadem,</strong></span> <span class='ocrx_word' id='word_1_297' title='bbox 517 1263 545 1290; x_wconf 94' lang='lat' dir='ltr'><strong>in</strong></span> <span class='ocrx_word' id='word_1_298' title='bbox 559 1262 669 1290; x_wconf 81' lang='lat' dir='ltr'><strong>Christo</strong></span> <span class='ocrx_word' id='word_1_299' title='bbox 684 1267 726 1291; x_wconf 89' lang='lat' dir='ltr'><strong>est</strong></span> <span class='ocrx_word' id='word_1_300' title='bbox 743 1261 918 1290; x_wconf 86' lang='lat' dir='ltr'><strong>individualis</strong></span> <span class='ocrx_word' id='word_1_301' title='bbox 934 1266 1029 1288; x_wconf 89' lang='lat' dir='ltr'><strong>natura</strong></span> <span class='ocrx_word' id='word_1_302' title='bbox 1056 1261 1188 1292; x_wconf 84' lang='lat' dir='ltr'><strong>humana,</strong></span> <span class='ocrx_word' id='word_1_303' title='bbox 1211 1259 1341 1287; x_wconf 88' lang='lat' dir='ltr'><strong>distincta</strong></span> <span class='ocrx_word' id='word_1_304' title='bbox 1359 1261 1394 1287; x_wconf 85' lang='lat' dir='ltr'><strong>ab</strong></span> <span class='ocrx_word' id='word_1_305' title='bbox 1409 1260 1484 1287; x_wconf 92' lang='lat' dir='ltr'><strong>omni</strong></span> <span class='ocrx_word' id='word_1_306' title='bbox 1507 1260 1571 1292; x_wconf 88' lang='lat' dir='ltr'><strong>alia,</strong></span> <span class='ocrx_word' id='word_1_307' title='bbox 1586 1264 1613 1287; x_wconf 84' lang='lat' dir='ltr'><strong>et</strong></span> <span class='ocrx_word' id='word_1_308' title='bbox 1628 1260 1682 1288; x_wconf 92' lang='lat' dir='ltr'><strong>sub</strong></span> 
     </span>
    </p>
   </div>
   <div class='ocr_carea' id='block_1_26' title="bbox 34 1303 1682 1342">
    <p class='ocr_par' dir='ltr' id='par_1_26' title="bbox 34 1303 1682 1342">
     <span class='ocr_line' id='line_1_26' title="bbox 34 1303 1682 1342; baseline -0.001 -9"><span class='ocrx_word' id='word_1_309' title='bbox 34 1306 84 1333; x_wconf 87' lang='lat' dir='ltr'><strong>illa</strong></span> <span class='ocrx_word' id='word_1_310' title='bbox 117 1306 147 1333; x_wconf 78' lang='lat' dir='ltr'><strong>in</strong></span> <span class='ocrx_word' id='word_1_311' title='bbox 174 1307 315 1333; x_wconf 90' lang='lat' dir='ltr'><strong>communi</strong></span> <span class='ocrx_word' id='word_1_312' title='bbox 331 1306 542 1341; x_wconf 88' lang='lat' dir='ltr'><strong>comprehensa,</strong></span> <span class='ocrx_word' id='word_1_313' title='bbox 562 1311 692 1342; x_wconf 87' lang='lat' dir='ltr'><strong>tanquam</strong></span> <span class='ocrx_word' id='word_1_314' title='bbox 710 1307 847 1341; x_wconf 86' lang='lat' dir='ltr'><strong>quoddam</strong></span> <span class='ocrx_word' id='word_1_315' title='bbox 873 1305 948 1332; x_wconf 91' lang='lat' dir='ltr'><strong>illius</strong></span> <span class='ocrx_word' id='word_1_316' title='bbox 970 1304 1143 1331; x_wconf 87' lang='lat' dir='ltr'><strong>individuum</strong></span> <span class='ocrx_word' id='word_1_317' title='bbox 1168 1312 1174 1331; x_wconf 95' lang='lat'>:</span> <span class='ocrx_word' id='word_1_318' title='bbox 1198 1303 1281 1338; x_wconf 87' lang='lat' dir='ltr'><strong>cujus</strong></span> <span class='ocrx_word' id='word_1_319' title='bbox 1301 1303 1476 1331; x_wconf 84' lang='lat' dir='ltr'><strong>individualis</strong></span> <span class='ocrx_word' id='word_1_320' title='bbox 1507 1309 1613 1331; x_wconf 70' lang='lat' dir='ltr'><strong>natura:</strong></span> <span class='ocrx_word' id='word_1_321' title='bbox 1629 1308 1682 1338; x_wconf 82' lang='lat' dir='ltr'><strong>est,</strong></span> 
     </span>
    </p>
   </div>
   <div class='ocr_carea' id='block_1_27' title="bbox 35 1347 1683 1385">
    <p class='ocr_par' dir='ltr' id='par_1_27' title="bbox 35 1347 1683 1385">
     <span class='ocr_line' id='line_1_27' title="bbox 35 1347 1683 1385; baseline -0.001 -8"><span class='ocrx_word' id='word_1_322' title='bbox 35 1350 231 1377; x_wconf 85' lang='lat' dir='ltr'><strong>individualcs</strong></span> <span class='ocrx_word' id='word_1_323' title='bbox 246 1354 274 1376; x_wconf 85' lang='lat' dir='ltr'><strong>et</strong></span> <span class='ocrx_word' id='word_1_324' title='bbox 298 1349 453 1384; x_wconf 78' lang='lat' dir='ltr'><strong>singulares</strong></span> <span class='ocrx_word' id='word_1_325' title='bbox 466 1350 590 1378; x_wconf 84' lang='lat' dir='ltr'><strong>actiones</strong></span> <span class='ocrx_word' id='word_1_326' title='bbox 602 1351 765 1385; x_wconf 86' lang='lat' dir='ltr'><strong>producere,</strong></span> <span class='ocrx_word' id='word_1_327' title='bbox 784 1356 839 1378; x_wconf 87' lang='lat' dir='ltr'><strong>tam</strong></span> <span class='ocrx_word' id='word_1_328' title='bbox 854 1348 1020 1379; x_wconf 86' lang='lat' dir='ltr'><strong>intellectus,</strong></span> <span class='ocrx_word' id='word_1_329' title='bbox 1041 1355 1124 1383; x_wconf 88' lang='lat' dir='ltr'><strong>quam</strong></span> <span class='ocrx_word' id='word_1_330' title='bbox 1149 1347 1309 1380; x_wconf 86' lang='lat' dir='ltr'><strong>voluntatis,</strong></span> <span class='ocrx_word' id='word_1_331' title='bbox 1333 1355 1395 1383; x_wconf 74' lang='lat' dir='ltr'><strong>quze</strong></span> <span class='ocrx_word' id='word_1_332' title='bbox 1411 1348 1438 1374; x_wconf 93' lang='lat' dir='ltr'><strong>in</strong></span> <span class='ocrx_word' id='word_1_333' title='bbox 1457 1347 1601 1374; x_wconf 87' lang='lat' dir='ltr'><strong>individuo</strong></span> <span class='ocrx_word' id='word_1_334' title='bbox 1625 1348 1683 1375; x_wconf 81' lang='lat' dir='ltr'><strong>dis-</strong></span> 
     </span>
    </p>
   </div>
   <div class='ocr_carea' id='block_1_28' title="bbox 34 1391 1684 1428">
    <p class='ocr_par' dir='ltr' id='par_1_28' title="bbox 34 1391 1684 1428">
     <span class='ocr_line' id='line_1_28' title="bbox 34 1391 1684 1428; baseline -0.001 -8"><span class='ocrx_word' id='word_1_335' title='bbox 34 1394 210 1428; x_wconf 75' lang='lat' dir='ltr'><strong>tinguuntur</strong></span> <span class='ocrx_word' id='word_1_336' title='bbox 226 1393 260 1420; x_wconf 86' lang='lat' dir='ltr'><strong>ab</strong></span> <span class='ocrx_word' id='word_1_337' title='bbox 275 1393 430 1421; x_wconf 80' lang='lat' dir='ltr'><strong>actionibus</strong></span> <span class='ocrx_word' id='word_1_338' title='bbox 454 1393 572 1421; x_wconf 86' lang='lat' dir='ltr'><strong>aliarum</strong></span> <span class='ocrx_word' id='word_1_339' title='bbox 585 1399 748 1421; x_wconf 86' lang='lat' dir='ltr'><strong>naturarum</strong></span> <span class='ocrx_word' id='word_1_340' title='bbox 776 1392 995 1421; x_wconf 83' lang='lat' dir='ltr'><strong>individualium.</strong></span> <span class='ocrx_word' id='word_1_341' title='bbox 1019 1391 1152 1425; x_wconf 87' lang='lat' dir='ltr'><strong>Quamvis</strong></span> <span class='ocrx_word' id='word_1_342' title='bbox 1164 1395 1262 1418; x_wconf 88' lang='lat' dir='ltr'><strong>natura</strong></span> <span class='ocrx_word' id='word_1_343' title='bbox 1276 1391 1451 1418; x_wconf 87' lang='lat' dir='ltr'><strong>individualis</strong></span> <span class='ocrx_word' id='word_1_344' title='bbox 1468 1392 1600 1426; x_wconf 81' lang='lat' dir='ltr'><strong>producat</strong></span> <span class='ocrx_word' id='word_1_345' title='bbox 1616 1391 1684 1420; x_wconf 86' lang='lat' dir='ltr'><strong>istas</strong></span> 
     </span>
    </p>
   </div>
   <div class='ocr_carea' id='block_1_29' title="bbox 34 1435 1684 1471">
    <p class='ocr_par' dir='ltr' id='par_1_29' title="bbox 34 1435 1684 1471">
     <span class='ocr_line' id='line_1_29' title="bbox 34 1435 1684 1471; baseline 0.001 -8"><span class='ocrx_word' id='word_1_346' title='bbox 34 1437 168 1463; x_wconf 86' lang='lat' dir='ltr'><strong>actiones</strong></span> <span class='ocrx_word' id='word_1_347' title='bbox 185 1436 213 1463; x_wconf 91' lang='lat' dir='ltr'><strong>in</strong></span> <span class='ocrx_word' id='word_1_348' title='bbox 229 1436 290 1464; x_wconf 81' lang='lat' dir='ltr'><strong>aliis</strong></span> <span class='ocrx_word' id='word_1_349' title='bbox 303 1436 414 1471; x_wconf 84' lang='lat' dir='ltr'><strong>quidem</strong></span> <span class='ocrx_word' id='word_1_350' title='bbox 433 1437 602 1470; x_wconf 87' lang='lat' dir='ltr'><strong>hominibus,</strong></span> <span class='ocrx_word' id='word_1_351' title='bbox 620 1442 650 1465; x_wconf 92' lang='lat' dir='ltr'><strong>ut</strong></span> <span class='ocrx_word' id='word_1_352' title='bbox 668 1443 774 1465; x_wconf 61' lang='lat' dir='ltr'><strong>natura</strong></span> <span class='ocrx_word' id='word_1_353' title='bbox 789 1437 971 1464; x_wconf 88' lang='lat' dir='ltr'><strong>individuales</strong></span> <span class='ocrx_word' id='word_1_354' title='bbox 987 1436 1142 1463; x_wconf 90' lang='lat' dir='ltr'><strong>subsistunt</strong></span> <span class='ocrx_word' id='word_1_355' title='bbox 1156 1436 1183 1462; x_wconf 93' lang='lat' dir='ltr'><strong>in</strong></span> <span class='ocrx_word' id='word_1_356' title='bbox 1202 1435 1398 1471; x_wconf 85' lang='lat' dir='ltr'><strong>personalilate</strong></span> <span class='ocrx_word' id='word_1_357' title='bbox 1409 1441 1514 1463; x_wconf 81' lang='lat' dir='ltr'><strong>creata.</strong></span> <span class='ocrx_word' id='word_1_358' title='bbox 1528 1436 1556 1463; x_wconf 89' lang='lat' dir='ltr'><strong>In</strong></span> <span class='ocrx_word' id='word_1_359' title='bbox 1571 1435 1684 1464; x_wconf 76' lang='lat' dir='ltr'><strong>Christo</strong></span> 
     </span>
    </p>
   </div>
   <div class='ocr_carea' id='block_1_30' title="bbox 33 1479 1684 1516">
    <p class='ocr_par' dir='ltr' id='par_1_30' title="bbox 33 1479 1684 1516">
     <span class='ocr_line' id='line_1_30' title="bbox 33 1479 1684 1516; baseline 0.001 -10"><span class='ocrx_word' id='word_1_360' title='bbox 33 1487 104 1507; x_wconf 85' lang='lat' dir='ltr'><strong>vero</strong></span> <span class='ocrx_word' id='word_1_361' title='bbox 118 1484 149 1506; x_wconf 92' lang='lat' dir='ltr'><strong>ut</strong></span> <span class='ocrx_word' id='word_1_362' title='bbox 166 1485 266 1507; x_wconf 82' lang='lat' dir='ltr'><strong>natura</strong></span> <span class='ocrx_word' id='word_1_363' title='bbox 281 1480 342 1514; x_wconf 85' lang='lat' dir='ltr'><strong>ejus</strong></span> <span class='ocrx_word' id='word_1_364' title='bbox 358 1480 477 1508; x_wconf 84' lang='lat' dir='ltr'><strong>humana</strong></span> <span class='ocrx_word' id='word_1_365' title='bbox 494 1481 620 1509; x_wconf 78' lang='lat' dir='ltr'><strong>subsistit</strong></span> <span class='ocrx_word' id='word_1_366' title='bbox 638 1482 665 1508; x_wconf 94' lang='lat' dir='ltr'><strong>in</strong></span> <span class='ocrx_word' id='word_1_367' title='bbox 681 1482 774 1510; x_wconf 89' lang='lat' dir='ltr'><strong>divino</strong></span> <span class='ocrx_word' id='word_1_368' title='bbox 796 1480 960 1516; x_wconf 84' lang='lat' dir='ltr'><strong>supposito;</strong></span> <span class='ocrx_word' id='word_1_369' title='bbox 977 1480 1050 1515; x_wconf 90' lang='lat' dir='ltr'><strong>quod</strong></span> <span class='ocrx_word' id='word_1_370' title='bbox 1067 1483 1159 1507; x_wconf 88' lang='lat' dir='ltr'><strong>tamen</strong></span> <span class='ocrx_word' id='word_1_371' title='bbox 1175 1479 1350 1514; x_wconf 86' lang='lat' dir='ltr'><strong>suppositum</strong></span> <span class='ocrx_word' id='word_1_372' title='bbox 1366 1486 1414 1514; x_wconf 85' lang='lat' dir='ltr'><strong>per</strong></span> <span class='ocrx_word' id='word_1_373' title='bbox 1428 1486 1458 1507; x_wconf 93' lang='lat' dir='ltr'><strong>se</strong></span> <span class='ocrx_word' id='word_1_374' title='bbox 1481 1487 1534 1506; x_wconf 89' lang='lat' dir='ltr'><strong>non</strong></span> <span class='ocrx_word' id='word_1_375' title='bbox 1550 1479 1638 1506; x_wconf 86' lang='lat' dir='ltr'><strong>inﬂuit</strong></span> <span class='ocrx_word' id='word_1_376' title='bbox 1655 1480 1684 1508; x_wconf 90' lang='lat' dir='ltr'><strong>in</strong></span> 
     </span>
    </p>
   </div>
   <div class='ocr_carea' id='block_1_31' title="bbox 35 1523 1685 1561">
    <p class='ocr_par' dir='ltr' id='par_1_31' title="bbox 35 1523 1685 1561">
     <span class='ocr_line' id='line_1_31' title="bbox 35 1523 1685 1561; baseline 0.002 -12"><span class='ocrx_word' id='word_1_377' title='bbox 35 1524 184 1550; x_wconf 81' lang='lat' dir='ltr'><strong>actionem</strong></span> <span class='ocrx_word' id='word_1_378' title='bbox 199 1523 273 1550; x_wconf 89' lang='lat' dir='ltr'><strong>lllatn</strong></span> <span class='ocrx_word' id='word_1_379' title='bbox 304 1523 480 1552; x_wconf 82' lang='lat' dir='ltr'><strong>indlvidualis</strong></span> <span class='ocrx_word' id='word_1_380' title='bbox 494 1525 645 1552; x_wconf 83' lang='lat' dir='ltr'><strong>voluntatis</strong></span> <span class='ocrx_word' id='word_1_381' title='bbox 662 1534 669 1552; x_wconf 72' lang='grc' dir='ltr'><em>τ</em></span> <span class='ocrx_word' id='word_1_382' title='bbox 684 1525 810 1561; x_wconf 86' lang='lat' dir='ltr'><strong>quamvis</strong></span> <span class='ocrx_word' id='word_1_383' title='bbox 825 1533 877 1552; x_wconf 91' lang='lat' dir='ltr'><strong>nec</strong></span> <span class='ocrx_word' id='word_1_384' title='bbox 902 1531 978 1551; x_wconf 80' lang='lat' dir='ltr'><strong>ntere</strong></span> <span class='ocrx_word' id='word_1_385' title='bbox 995 1531 1043 1558; x_wconf 88' lang='lat' dir='ltr'><strong>per</strong></span> <span class='ocrx_word' id='word_1_386' title='bbox 1065 1523 1206 1557; x_wconf 84' lang='lat' dir='ltr'><strong>accidens,</strong></span> <span class='ocrx_word' id='word_1_387' title='bbox 1229 1527 1257 1550; x_wconf 89' lang='lat' dir='ltr'><strong>et</strong></span> <span class='ocrx_word' id='word_1_388' title='bbox 1278 1523 1499 1550; x_wconf 86' lang='lat' dir='ltr'><strong>concomitanter</strong></span> <span class='ocrx_word' id='word_1_389' title='bbox 1522 1531 1583 1551; x_wconf 88' lang='lat' dir='ltr'><strong>sese</strong></span> <span class='ocrx_word' id='word_1_390' title='bbox 1601 1523 1685 1552; x_wconf 80' lang='lat' dir='ltr'><strong>habet</strong></span> 
     </span>
    </p>
   </div>
   <div class='ocr_carea' id='block_1_32' title="bbox 36 1567 1684 1602">
    <p class='ocr_par' dir='ltr' id='par_1_32' title="bbox 36 1567 1684 1602">
     <span class='ocr_line' id='line_1_32' title="bbox 36 1567 1684 1602; baseline 0.001 -8"><span class='ocrx_word' id='word_1_391' title='bbox 36 1567 219 1602; x_wconf 75' lang='lat' dir='ltr'><strong>suppOsitutn</strong></span> <span class='ocrx_word' id='word_1_392' title='bbox 238 1567 271 1594; x_wconf 86' lang='lat' dir='ltr'><strong>ad</strong></span> <span class='ocrx_word' id='word_1_393' title='bbox 289 1567 423 1594; x_wconf 78' lang='lat' dir='ltr'><strong>actionem</strong></span> <span class='ocrx_word' id='word_1_394' title='bbox 438 1568 512 1595; x_wconf 74' lang='lat' dir='ltr'><strong>illam</strong></span> <span class='ocrx_word' id='word_1_395' title='bbox 532 1569 681 1596; x_wconf 82' lang='lat' dir='ltr'><strong>voluntatis</strong></span> <span class='ocrx_word' id='word_1_396' title='bbox 712 1569 899 1600; x_wconf 85' lang='lat' dir='ltr'><strong>individualis,</strong></span> <span class='ocrx_word' id='word_1_397' title='bbox 929 1567 976 1595; x_wconf 80' lang='lat' dir='ltr'><strong>sed</strong></span> <span class='ocrx_word' id='word_1_398' title='bbox 1001 1571 1044 1595; x_wconf 79' lang='lat' dir='ltr'><strong>est</strong></span> <span class='ocrx_word' id='word_1_399' title='bbox 1068 1567 1191 1595; x_wconf 86' lang='lat' dir='ltr'><strong>conditio</strong></span> <span class='ocrx_word' id='word_1_400' title='bbox 1215 1567 1406 1602; x_wconf 63' lang='lat' dir='ltr'><strong>praerequisita</strong></span> <span class='ocrx_word' id='word_1_401' title='bbox 1431 1567 1465 1594; x_wconf 88' lang='lat' dir='ltr'><strong>ad</strong></span> <span class='ocrx_word' id='word_1_402' title='bbox 1485 1567 1622 1602; x_wconf 78' lang='lat' dir='ltr'><strong>agendum</strong></span> <span class='ocrx_word' id='word_1_403' title='bbox 1649 1575 1684 1596; x_wconf 79' lang='lat' dir='ltr'><strong>ex</strong></span> 
     </span>
    </p>
   </div>
   <div class='ocr_carea' id='block_1_33' title="bbox 35 1609 1685 1647">
    <p class='ocr_par' dir='ltr' id='par_1_33' title="bbox 35 1609 1685 1647">
     <span class='ocr_line' id='line_1_33' title="bbox 35 1609 1685 1647; baseline 0.001 -11"><span class='ocrx_word' id='word_1_404' title='bbox 35 1614 121 1644; x_wconf 82' lang='lat' dir='ltr'><strong>parte</strong></span> <span class='ocrx_word' id='word_1_405' title='bbox 135 1609 246 1643; x_wconf 71' lang='lat' dir='ltr'><strong>agentis</strong></span> <span class='ocrx_word' id='word_1_406' title='bbox 263 1614 419 1644; x_wconf 85' lang='lat' dir='ltr'><strong>:quatenus</strong></span> <span class='ocrx_word' id='word_1_407' title='bbox 436 1610 542 1637; x_wconf 86' lang='lat' dir='ltr'><strong>nullum</strong></span> <span class='ocrx_word' id='word_1_408' title='bbox 559 1618 643 1645; x_wconf 79' lang='lat' dir='ltr'><strong>agens</strong></span> <span class='ocrx_word' id='word_1_409' title='bbox 655 1611 782 1638; x_wconf 78' lang='lat' dir='ltr'><strong>naturale</strong></span> <span class='ocrx_word' id='word_1_410' title='bbox 793 1618 874 1646; x_wconf 80' lang='lat' dir='ltr'><strong>agere</strong></span> <span class='ocrx_word' id='word_1_411' title='bbox 890 1615 981 1646; x_wconf 83' lang='lat' dir='ltr'><strong>potest</strong></span> <span class='ocrx_word' id='word_1_412' title='bbox 997 1611 1158 1639; x_wconf 83' lang='lat' dir='ltr'><strong>naturaliter</strong></span> <span class='ocrx_word' id='word_1_413' title='bbox 1174 1611 1323 1647; x_wconf 88' lang='lat' dir='ltr'><strong>loquendo,</strong></span> <span class='ocrx_word' id='word_1_414' title='bbox 1340 1611 1394 1638; x_wconf 89' lang='lat' dir='ltr'><strong>nisi</strong></span> <span class='ocrx_word' id='word_1_415' title='bbox 1412 1611 1527 1639; x_wconf 76' lang='lat' dir='ltr'><strong>exsistat</strong></span> <span class='ocrx_word' id='word_1_416' title='bbox 1541 1611 1568 1638; x_wconf 90' lang='lat' dir='ltr'><strong>in</strong></span> <span class='ocrx_word' id='word_1_417' title='bbox 1580 1619 1685 1647; x_wconf 62' lang='lat' dir='ltr'><strong>suppog</strong></span> 
     </span>
    </p>
   </div>
   <div class='ocr_carea' id='block_1_34' title="bbox 36 1653 907 1690">
    <p class='ocr_par' dir='ltr' id='par_1_34' title="bbox 36 1653 907 1690">
     <span class='ocr_line' id='line_1_34' title="bbox 36 1653 907 1690; baseline 0 -8"><span class='ocrx_word' id='word_1_418' title='bbox 36 1656 104 1682; x_wconf 71' lang='lat' dir='ltr'><strong>site.</strong></span> <span class='ocrx_word' id='word_1_419' title='bbox 124 1653 165 1681; x_wconf 85' lang='lat' dir='ltr'><strong>De</strong></span> <span class='ocrx_word' id='word_1_420' title='bbox 180 1661 236 1688; x_wconf 82' lang='lat' dir='ltr'><strong>quo</strong></span> <span class='ocrx_word' id='word_1_421' title='bbox 254 1654 337 1682; x_wconf 82' lang='lat' dir='ltr'><strong>latius</strong></span> <span class='ocrx_word' id='word_1_422' title='bbox 349 1653 464 1687; x_wconf 85' lang='lat' dir='ltr'><strong>Suarez,</strong></span> <span class='ocrx_word' id='word_1_423' title='bbox 477 1655 550 1690; x_wconf 83' lang='lat' dir='ltr'><strong>disp.</strong></span> <span class='ocrx_word' id='word_1_424' title='bbox 565 1655 600 1682; x_wconf 66' lang='lat'><strong>30</strong></span> <span class='ocrx_word' id='word_1_425' title='bbox 615 1655 643 1682; x_wconf 88' lang='lat' dir='ltr'><strong>in</strong></span> <span class='ocrx_word' id='word_1_426' title='bbox 660 1655 778 1690; x_wconf 80' lang='lat' dir='ltr'><strong>Metaph.</strong></span> <span class='ocrx_word' id='word_1_427' title='bbox 793 1660 862 1682; x_wconf 90' lang='lat' dir='ltr'><strong>sect.</strong></span> <span class='ocrx_word' id='word_1_428' title='bbox 880 1654 907 1682; x_wconf 90' lang='lat'><strong>7.</strong></span> 
     </span>
    </p>
   </div>
   <div class='ocr_carea' id='block_1_35' title="bbox 70 1698 1683 1735">
    <p class='ocr_par' dir='ltr' id='par_1_35' title="bbox 70 1698 1683 1735">
     <span class='ocr_line' id='line_1_35' title="bbox 70 1698 1683 1735; baseline 0 -7"><span class='ocrx_word' id='word_1_429' title='bbox 70 1699 138 1728; x_wconf 73' lang='lat' dir='ltr'><strong>1am</strong></span> <span class='ocrx_word' id='word_1_430' title='bbox 165 1706 242 1731; x_wconf 80' lang='lat' dir='ltr'><strong>vero,</strong></span> <span class='ocrx_word' id='word_1_431' title='bbox 261 1699 331 1726; x_wconf 81' lang='lat' dir='ltr'><strong>sicut</strong></span> <span class='ocrx_word' id='word_1_432' title='bbox 355 1699 463 1732; x_wconf 84' lang='lat' dir='ltr'><strong>Petrus,</strong></span> <span class='ocrx_word' id='word_1_433' title='bbox 487 1700 565 1727; x_wconf 85' lang='lat' dir='ltr'><strong>verbi</strong></span> <span class='ocrx_word' id='word_1_434' title='bbox 590 1700 691 1735; x_wconf 75' lang='lat' dir='ltr'><strong>gratia,</strong></span> <span class='ocrx_word' id='word_1_435' title='bbox 709 1707 758 1735; x_wconf 84' lang='lat' dir='ltr'><strong>per</strong></span> <span class='ocrx_word' id='word_1_436' title='bbox 776 1699 946 1727; x_wconf 74' lang='lat' dir='ltr'><strong>voluntatem</strong></span> <span class='ocrx_word' id='word_1_437' title='bbox 973 1707 1054 1727; x_wconf 87' lang='lat' dir='ltr'><strong>suam</strong></span> <span class='ocrx_word' id='word_1_438' title='bbox 1071 1698 1266 1727; x_wconf 86' lang='lat' dir='ltr'><strong>individualem</strong></span> <span class='ocrx_word' id='word_1_439' title='bbox 1283 1698 1459 1726; x_wconf 78' lang='lat' dir='ltr'><strong>exsistentem</strong></span> <span class='ocrx_word' id='word_1_440' title='bbox 1482 1699 1510 1726; x_wconf 91' lang='lat' dir='ltr'><strong>in</strong></span> <span class='ocrx_word' id='word_1_441' title='bbox 1536 1700 1683 1735; x_wconf 86' lang='lat' dir='ltr'><strong>supposito</strong></span> 
     </span>
    </p>
   </div>
   <div class='ocr_carea' id='block_1_36' title="bbox 35 1743 1683 1779">
    <p class='ocr_par' dir='ltr' id='par_1_36' title="bbox 35 1743 1683 1779">
     <span class='ocr_line' id='line_1_36' title="bbox 35 1743 1683 1779; baseline 0.001 -8"><span class='ocrx_word' id='word_1_442' title='bbox 35 1748 148 1775; x_wconf 84' lang='lat' dir='ltr'><strong>creato,</strong></span> <span class='ocrx_word' id='word_1_443' title='bbox 168 1743 282 1770; x_wconf 78' lang='lat' dir='ltr'><strong>tendere</strong></span> <span class='ocrx_word' id='word_1_444' title='bbox 296 1747 388 1778; x_wconf 80' lang='lat' dir='ltr'><strong>potest</strong></span> <span class='ocrx_word' id='word_1_445' title='bbox 403 1748 460 1770; x_wconf 85' lang='lat' dir='ltr'><strong>tam</strong></span> <span class='ocrx_word' id='word_1_446' title='bbox 480 1743 507 1771; x_wconf 87' lang='lat' dir='ltr'><strong>in</strong></span> <span class='ocrx_word' id='word_1_447' title='bbox 522 1743 611 1776; x_wconf 84' lang='lat' dir='ltr'><strong>dulce,</strong></span> <span class='ocrx_word' id='word_1_448' title='bbox 629 1751 712 1778; x_wconf 82' lang='lat' dir='ltr'><strong>quam</strong></span> <span class='ocrx_word' id='word_1_449' title='bbox 730 1744 756 1770; x_wconf 94' lang='lat' dir='ltr'><strong>in</strong></span> <span class='ocrx_word' id='word_1_450' title='bbox 774 1751 910 1775; x_wconf 89' lang='lat' dir='ltr'><strong>amarum,</strong></span> <span class='ocrx_word' id='word_1_451' title='bbox 932 1747 988 1770; x_wconf 88' lang='lat' dir='ltr'><strong>tam</strong></span> <span class='ocrx_word' id='word_1_452' title='bbox 1008 1744 1035 1770; x_wconf 94' lang='lat' dir='ltr'><strong>in</strong></span> <span class='ocrx_word' id='word_1_453' title='bbox 1052 1751 1194 1779; x_wconf 77' lang='lat' dir='ltr'><strong>magnum,</strong></span> <span class='ocrx_word' id='word_1_454' title='bbox 1213 1751 1296 1779; x_wconf 82' lang='lat' dir='ltr'><strong>quant</strong></span> <span class='ocrx_word' id='word_1_455' title='bbox 1311 1743 1337 1770; x_wconf 92' lang='lat' dir='ltr'><strong>in</strong></span> <span class='ocrx_word' id='word_1_456' title='bbox 1354 1751 1480 1778; x_wconf 86' lang='lat' dir='ltr'><strong>parvum,</strong></span> <span class='ocrx_word' id='word_1_457' title='bbox 1500 1749 1527 1771; x_wconf 90' lang='lat' dir='ltr'><strong>et</strong></span> <span class='ocrx_word' id='word_1_458' title='bbox 1540 1744 1567 1771; x_wconf 91' lang='lat' dir='ltr'><strong>in</strong></span> <span class='ocrx_word' id='word_1_459' title='bbox 1585 1750 1683 1773; x_wconf 66' lang='lat' dir='ltr'><strong>caetera</strong></span> 
     </span>
    </p>
   </div>
   <div class='ocr_carea' id='block_1_37' title="bbox 35 1784 1684 1822">
    <p class='ocr_par' dir='ltr' id='par_1_37' title="bbox 35 1784 1684 1822">
     <span class='ocr_line' id='line_1_37' title="bbox 35 1784 1684 1822; baseline 0.002 -10"><span class='ocrx_word' id='word_1_460' title='bbox 35 1786 153 1820; x_wconf 77' lang='lat' dir='ltr'><strong>objecta</strong></span> <span class='ocrx_word' id='word_1_461' title='bbox 171 1784 381 1812; x_wconf 84' lang='lat' dir='ltr'><strong>conditionibus</strong></span> <span class='ocrx_word' id='word_1_462' title='bbox 395 1785 534 1820; x_wconf 81' lang='lat' dir='ltr'><strong>aliquibus</strong></span> <span class='ocrx_word' id='word_1_463' title='bbox 548 1785 662 1818; x_wconf 69' lang='lat' dir='ltr'><strong>aﬂ‘ecta;</strong></span> <span class='ocrx_word' id='word_1_464' title='bbox 680 1785 717 1813; x_wconf 86' lang='lat' dir='ltr'><strong>ita</strong></span> <span class='ocrx_word' id='word_1_465' title='bbox 730 1790 817 1820; x_wconf 82' lang='lat' dir='ltr'><strong>potest</strong></span> <span class='ocrx_word' id='word_1_466' title='bbox 831 1786 913 1813; x_wconf 88' lang='lat' dir='ltr'><strong>etiam</strong></span> <span class='ocrx_word' id='word_1_467' title='bbox 926 1787 1016 1819; x_wconf 88' lang='lat' dir='ltr'><strong>dulce,</strong></span> <span class='ocrx_word' id='word_1_468' title='bbox 1032 1791 1059 1814; x_wconf 85' lang='lat' dir='ltr'><strong>et</strong></span> <span class='ocrx_word' id='word_1_469' title='bbox 1071 1795 1208 1818; x_wconf 86' lang='lat' dir='ltr'><strong>amarum,</strong></span> <span class='ocrx_word' id='word_1_470' title='bbox 1225 1791 1279 1815; x_wconf 91' lang='lat' dir='ltr'><strong>etc.</strong></span> <span class='ocrx_word' id='word_1_471' title='bbox 1289 1807 1297 1820; x_wconf 96' lang='lat'><strong>,</strong></span> <span class='ocrx_word' id='word_1_472' title='bbox 1311 1791 1438 1822; x_wconf 85' lang='lat' dir='ltr'><strong>appetere</strong></span> <span class='ocrx_word' id='word_1_473' title='bbox 1450 1795 1498 1822; x_wconf 90' lang='lat' dir='ltr'><strong>per</strong></span> <span class='ocrx_word' id='word_1_474' title='bbox 1516 1796 1593 1816; x_wconf 85' lang='lat' dir='ltr'><strong>suam</strong></span> <span class='ocrx_word' id='word_1_475' title='bbox 1611 1788 1684 1816; x_wconf 79' lang='lat' dir='ltr'><strong>indi-</strong></span> 
     </span>
    </p>
   </div>
   <div class='ocr_carea' id='block_1_38' title="bbox 37 1827 1681 1865">
    <p class='ocr_par' dir='ltr' id='par_1_38' title="bbox 37 1827 1681 1865">
     <span class='ocr_line' id='line_1_38' title="bbox 37 1827 1681 1865; baseline 0.002 -9"><span class='ocrx_word' id='word_1_476' title='bbox 37 1828 184 1856; x_wconf 79' lang='lat' dir='ltr'><strong>vidualem</strong></span> <span class='ocrx_word' id='word_1_477' title='bbox 201 1827 371 1855; x_wconf 81' lang='lat' dir='ltr'><strong>voluntatem</strong></span> <span class='ocrx_word' id='word_1_478' title='bbox 388 1829 500 1863; x_wconf 71' lang='lat' dir='ltr'><strong>Paulus,</strong></span> <span class='ocrx_word' id='word_1_479' title='bbox 517 1833 570 1857; x_wconf 88' lang='lat' dir='ltr'><strong>etc.</strong></span> <span class='ocrx_word' id='word_1_480' title='bbox 586 1829 614 1856; x_wconf 89' lang='lat' dir='ltr'><strong>Si</strong></span> <span class='ocrx_word' id='word_1_481' title='bbox 630 1837 697 1865; x_wconf 77' lang='lat' dir='ltr'><strong>ergo</strong></span> <span class='ocrx_word' id='word_1_482' title='bbox 708 1829 799 1865; x_wconf 88' lang='lat' dir='ltr'><strong>quivis</strong></span> <span class='ocrx_word' id='word_1_483' title='bbox 824 1830 907 1857; x_wconf 89' lang='lat' dir='ltr'><strong>homo</strong></span> <span class='ocrx_word' id='word_1_484' title='bbox 931 1831 1080 1865; x_wconf 75' lang='lat' dir='ltr'><strong>singularis</strong></span> <span class='ocrx_word' id='word_1_485' title='bbox 1100 1835 1238 1865; x_wconf 87' lang='lat' dir='ltr'><strong>quatenus</strong></span> <span class='ocrx_word' id='word_1_486' title='bbox 1254 1831 1336 1858; x_wconf 87' lang='lat' dir='ltr'><strong>habet</strong></span> <span class='ocrx_word' id='word_1_487' title='bbox 1353 1830 1520 1865; x_wconf 78' lang='lat' dir='ltr'><strong>singularem</strong></span> <span class='ocrx_word' id='word_1_488' title='bbox 1542 1836 1681 1865; x_wconf 88' lang='lat' dir='ltr'><strong>naturam,</strong></span> 
     </span>
    </p>
   </div>
   <div class='ocr_carea' id='block_1_39' title="bbox 38 1871 1681 1910">
    <p class='ocr_par' dir='ltr' id='par_1_39' title="bbox 38 1871 1681 1910">
     <span class='ocr_line' id='line_1_39' title="bbox 38 1871 1681 1910; baseline 0.002 -10"><span class='ocrx_word' id='word_1_489' title='bbox 38 1873 92 1900; x_wconf 86' lang='lat' dir='ltr'><strong>hoc</strong></span> <span class='ocrx_word' id='word_1_490' title='bbox 114 1876 220 1907; x_wconf 88' lang='lat' dir='ltr'><strong>potest,</strong></span> <span class='ocrx_word' id='word_1_491' title='bbox 236 1871 421 1900; x_wconf 86' lang='lat' dir='ltr'><strong>abstrahendo</strong></span> <span class='ocrx_word' id='word_1_492' title='bbox 440 1880 455 1899; x_wconf 89' lang='lat' dir='ltr'><strong>a</strong></span> <span class='ocrx_word' id='word_1_493' title='bbox 480 1874 685 1908; x_wconf 84' lang='lat' dir='ltr'><strong>personalilate,</strong></span> <span class='ocrx_word' id='word_1_494' title='bbox 704 1879 834 1908; x_wconf 87' lang='lat' dir='ltr'><strong>tanquam</strong></span> <span class='ocrx_word' id='word_1_495' title='bbox 854 1881 870 1900; x_wconf 93' lang='lat' dir='ltr'><strong>a</strong></span> <span class='ocrx_word' id='word_1_496' title='bbox 891 1873 1027 1908; x_wconf 87' lang='lat' dir='ltr'><strong>principio</strong></span> <span class='ocrx_word' id='word_1_497' title='bbox 1047 1872 1177 1901; x_wconf 86' lang='lat' dir='ltr'><strong>inﬂuente</strong></span> <span class='ocrx_word' id='word_1_498' title='bbox 1201 1873 1228 1900; x_wconf 91' lang='lat' dir='ltr'><strong>in</strong></span> <span class='ocrx_word' id='word_1_499' title='bbox 1254 1873 1390 1902; x_wconf 81' lang='lat' dir='ltr'><strong>actionem</strong></span> <span class='ocrx_word' id='word_1_500' title='bbox 1415 1873 1488 1900; x_wconf 87' lang='lat' dir='ltr'><strong>illam</strong></span> <span class='ocrx_word' id='word_1_501' title='bbox 1511 1874 1681 1910; x_wconf 85' lang='lat' dir='ltr'><strong>voluntatis;</strong></span> 
     </span>
    </p>
   </div>
   <div class='ocr_carea' id='block_1_40' title="bbox 37 1916 1681 1952">
    <p class='ocr_par' dir='ltr' id='par_1_40' title="bbox 37 1916 1681 1952">
     <span class='ocr_line' id='line_1_40' title="bbox 37 1916 1681 1952; baseline 0.002 -8"><span class='ocrx_word' id='word_1_502' title='bbox 37 1916 173 1952; x_wconf 71' lang='lat' dir='ltr'><strong>quantivis</strong></span> <span class='ocrx_word' id='word_1_503' title='bbox 200 1923 256 1942; x_wconf 83' lang='lat' dir='ltr'><strong>non</strong></span> <span class='ocrx_word' id='word_1_504' title='bbox 286 1916 472 1944; x_wconf 81' lang='lat' dir='ltr'><strong>abstrahendo</strong></span> <span class='ocrx_word' id='word_1_505' title='bbox 493 1924 509 1944; x_wconf 89' lang='lat' dir='ltr'><strong>a</strong></span> <span class='ocrx_word' id='word_1_506' title='bbox 535 1917 740 1952; x_wconf 84' lang='lat' dir='ltr'><strong>personalitatc,</strong></span> <span class='ocrx_word' id='word_1_507' title='bbox 764 1921 794 1945; x_wconf 92' lang='lat' dir='ltr'><strong>ut</strong></span> <span class='ocrx_word' id='word_1_508' title='bbox 819 1920 861 1945; x_wconf 88' lang='lat' dir='ltr'><strong>est</strong></span> <span class='ocrx_word' id='word_1_509' title='bbox 888 1916 1010 1944; x_wconf 87' lang='lat' dir='ltr'><strong>cunditio</strong></span> <span class='ocrx_word' id='word_1_510' title='bbox 1031 1917 1128 1952; x_wconf 78' lang='lat' dir='ltr'><strong>agendi</strong></span> <span class='ocrx_word' id='word_1_511' title='bbox 1154 1916 1316 1944; x_wconf 82' lang='lat' dir='ltr'><strong>naturaliter</strong></span> <span class='ocrx_word' id='word_1_512' title='bbox 1346 1917 1479 1952; x_wconf 87' lang='lat' dir='ltr'><strong>requisita</strong></span> <span class='ocrx_word' id='word_1_513' title='bbox 1496 1927 1506 1945; x_wconf 72' lang='grc' dir='ltr'><strong>τ</strong></span> <span class='ocrx_word' id='word_1_514' title='bbox 1531 1918 1681 1947; x_wconf 86' lang='lat' dir='ltr'><strong>absurdum</strong></span> 
     </span>
    </p>
   </div>
   <div class='ocr_carea' id='block_1_41' title="bbox 38 1959 1683 1997">
    <p class='ocr_par' dir='ltr' id='par_1_41' title="bbox 38 1959 1683 1997">
     <span class='ocr_line' id='line_1_41' title="bbox 38 1959 1683 1997; baseline 0.002 -11"><span class='ocrx_word' id='word_1_515' title='bbox 38 1961 152 1988; x_wconf 65' lang='lat' dir='ltr'><strong>videtur</strong></span> <span class='ocrx_word' id='word_1_516' title='bbox 169 1960 263 1987; x_wconf 82' lang='lat' dir='ltr'><strong>dicere</strong></span> <span class='ocrx_word' id='word_1_517' title='bbox 302 1959 328 1986; x_wconf 90' lang='lat' dir='ltr'><strong>id</strong></span> <span class='ocrx_word' id='word_1_518' title='bbox 348 1959 489 1988; x_wconf 87' lang='lat' dir='ltr'><strong>Christum</strong></span> <span class='ocrx_word' id='word_1_519' title='bbox 510 1968 564 1988; x_wconf 90' lang='lat' dir='ltr'><strong>non</strong></span> <span class='ocrx_word' id='word_1_520' title='bbox 582 1962 716 1996; x_wconf 89' lang='lat' dir='ltr'><strong>potuisse,</strong></span> <span class='ocrx_word' id='word_1_521' title='bbox 735 1966 763 1988; x_wconf 90' lang='lat' dir='ltr'><strong>et</strong></span> <span class='ocrx_word' id='word_1_522' title='bbox 783 1961 890 1997; x_wconf 89' lang='lat' dir='ltr'><strong>quoties</strong></span> <span class='ocrx_word' id='word_1_523' title='bbox 914 1960 1018 1995; x_wconf 88' lang='lat' dir='ltr'><strong>aliquid</strong></span> <span class='ocrx_word' id='word_1_524' title='bbox 1047 1960 1144 1992; x_wconf 85' lang='lat' dir='ltr'><strong>voluit,</strong></span> <span class='ocrx_word' id='word_1_525' title='bbox 1164 1965 1212 1987; x_wconf 88' lang='lat' dir='ltr'><strong>aut</strong></span> <span class='ocrx_word' id='word_1_526' title='bbox 1234 1961 1374 1996; x_wconf 77' lang='lat' dir='ltr'><strong>appetit-it,</strong></span> <span class='ocrx_word' id='word_1_527' title='bbox 1390 1961 1416 1988; x_wconf 88' lang='lat' dir='ltr'><strong>id</strong></span> <span class='ocrx_word' id='word_1_528' title='bbox 1433 1966 1540 1989; x_wconf 89' lang='lat' dir='ltr'><strong>tantum</strong></span> <span class='ocrx_word' id='word_1_529' title='bbox 1561 1963 1683 1991; x_wconf 81' lang='lat' dir='ltr'><strong>voluisse</strong></span> 
     </span>
    </p>
   </div>
   <div class='ocr_carea' id='block_1_42' title="bbox 37 2003 1682 2043">
    <p class='ocr_par' dir='ltr' id='par_1_42' title="bbox 37 2003 1682 2043">
     <span class='ocr_line' id='line_1_42' title="bbox 37 2003 1682 2043; baseline 0.002 -11"><span class='ocrx_word' id='word_1_530' title='bbox 37 2003 186 2032; x_wconf 77' lang='lat' dir='ltr'><strong>couimuni</strong></span> <span class='ocrx_word' id='word_1_531' title='bbox 204 2003 311 2031; x_wconf 81' lang='lat' dir='ltr'><strong>ratione</strong></span> <span class='ocrx_word' id='word_1_532' title='bbox 323 2003 398 2036; x_wconf 88' lang='lat' dir='ltr'><strong>boui,</strong></span> <span class='ocrx_word' id='word_1_533' title='bbox 415 2007 442 2031; x_wconf 86' lang='lat' dir='ltr'><strong>et</strong></span> <span class='ocrx_word' id='word_1_534' title='bbox 459 2004 486 2030; x_wconf 92' lang='lat' dir='ltr'><strong>in</strong></span> <span class='ocrx_word' id='word_1_535' title='bbox 500 2004 640 2039; x_wconf 89' lang='lat' dir='ltr'><strong>objectum</strong></span> <span class='ocrx_word' id='word_1_536' title='bbox 657 2006 803 2034; x_wconf 85' lang='lat' dir='ltr'><strong>tetendisse</strong></span> <span class='ocrx_word' id='word_1_537' title='bbox 817 2006 940 2041; x_wconf 73' lang='lat' dir='ltr'><strong>praecisis</strong></span> <span class='ocrx_word' id='word_1_538' title='bbox 955 2005 1086 2033; x_wconf 84' lang='lat' dir='ltr'><strong>omnibus</strong></span> <span class='ocrx_word' id='word_1_539' title='bbox 1101 2005 1292 2042; x_wconf 85' lang='lat' dir='ltr'><strong>qualitatibus,</strong></span> <span class='ocrx_word' id='word_1_540' title='bbox 1304 2010 1332 2033; x_wconf 87' lang='lat' dir='ltr'><strong>et</strong></span> <span class='ocrx_word' id='word_1_541' title='bbox 1341 2005 1547 2034; x_wconf 83' lang='lat' dir='ltr'><strong>conditionibus</strong></span> <span class='ocrx_word' id='word_1_542' title='bbox 1558 2008 1682 2043; x_wconf 85' lang='lat' dir='ltr'><strong>particu-</strong></span> 
     </span>
    </p>
   </div>
   <div class='ocr_carea' id='block_1_43' title="bbox 38 2048 159 2076">
    <p class='ocr_par' dir='ltr' id='par_1_43' title="bbox 38 2048 159 2076">
     <span class='ocr_line' id='line_1_43' title="bbox 38 2048 159 2076; baseline 0 -2"><span class='ocrx_word' id='word_1_543' title='bbox 38 2048 159 2076; x_wconf 75' lang='lat' dir='ltr'><strong>laribus.</strong></span> 
     </span>
    </p>
   </div>
   <div class='ocr_carea' id='block_1_44' title="bbox 72 2090 1679 2131">
    <p class='ocr_par' dir='ltr' id='par_1_44' title="bbox 72 2090 1679 2131">
     <span class='ocr_line' id='line_1_44' title="bbox 72 2090 1679 2131; baseline 0.004 -13"><span class='ocrx_word' id='word_1_544' title='bbox 72 2091 158 2125; x_wconf 85' lang='lat' dir='ltr'><strong>Quod</strong></span> <span class='ocrx_word' id='word_1_545' title='bbox 181 2091 206 2119; x_wconf 84' lang='lat' dir='ltr'><strong>si</strong></span> <span class='ocrx_word' id='word_1_546' title='bbox 225 2090 289 2126; x_wconf 85' lang='lat' dir='ltr'><strong>quis</strong></span> <span class='ocrx_word' id='word_1_547' title='bbox 306 2091 471 2119; x_wconf 88' lang='lat' dir='ltr'><strong>sententiam</strong></span> <span class='ocrx_word' id='word_1_548' title='bbox 484 2091 641 2120; x_wconf 82' lang='lat' dir='ltr'><strong>Graecorum</strong></span> <span class='ocrx_word' id='word_1_549' title='bbox 656 2093 815 2121; x_wconf 85' lang='lat' dir='ltr'><strong>accuratius</strong></span> <span class='ocrx_word' id='word_1_550' title='bbox 831 2094 998 2127; x_wconf 79' lang='lat' dir='ltr'><strong>consideret,</strong></span> <span class='ocrx_word' id='word_1_551' title='bbox 1016 2094 1096 2130; x_wconf 82' lang='lat' dir='ltr'><strong>plane</strong></span> <span class='ocrx_word' id='word_1_552' title='bbox 1112 2093 1241 2122; x_wconf 88' lang='lat' dir='ltr'><strong>videntur</strong></span> <span class='ocrx_word' id='word_1_553' title='bbox 1255 2094 1327 2122; x_wconf 84' lang='lat' dir='ltr'><strong>hanc</strong></span> <span class='ocrx_word' id='word_1_554' title='bbox 1341 2095 1510 2123; x_wconf 87' lang='lat' dir='ltr'><strong>voluntatem</strong></span> <span class='ocrx_word' id='word_1_555' title='bbox 1524 2096 1679 2131; x_wconf 84' lang='lat' dir='ltr'><strong>gnomicam</strong></span> 
     </span>
    </p>
   </div>
   <div class='ocr_carea' id='block_1_45' title="bbox 38 2134 1676 2176">
    <p class='ocr_par' dir='ltr' id='par_1_45' title="bbox 38 2134 1676 2176">
     <span class='ocr_line' id='line_1_45' title="bbox 38 2134 1676 2176; baseline 0.005 -15"><span class='ocrx_word' id='word_1_556' title='bbox 38 2135 206 2163; x_wconf 74' lang='lat' dir='ltr'><strong>distinxisse</strong></span> <span class='ocrx_word' id='word_1_557' title='bbox 223 2134 334 2162; x_wconf 87' lang='lat' dir='ltr'><strong>realiter</strong></span> <span class='ocrx_word' id='word_1_558' title='bbox 353 2142 368 2161; x_wconf 88' lang='lat' dir='ltr'><strong>a</strong></span> <span class='ocrx_word' id='word_1_559' title='bbox 382 2135 502 2169; x_wconf 71' lang='lat' dir='ltr'><strong>potentia</strong></span> <span class='ocrx_word' id='word_1_560' title='bbox 519 2135 575 2167; x_wconf 87' lang='lat' dir='ltr'><strong>illa,</strong></span> <span class='ocrx_word' id='word_1_561' title='bbox 592 2143 675 2170; x_wconf 83' lang='lat' dir='ltr'><strong>quain</strong></span> <span class='ocrx_word' id='word_1_562' title='bbox 692 2142 790 2165; x_wconf 85' lang='lat' dir='ltr'><strong>vocant</strong></span> <span class='ocrx_word' id='word_1_563' title='bbox 807 2137 858 2173; x_wconf 85' lang='lat' dir='ltr'><strong>ipsi</strong></span> <span class='ocrx_word' id='word_1_564' title='bbox 872 2139 1037 2171; x_wconf 84' lang='lat' dir='ltr'><strong>naturalem,</strong></span> <span class='ocrx_word' id='word_1_565' title='bbox 1055 2146 1172 2174; x_wconf 83' lang='lat' dir='ltr'><strong>qua-que</strong></span> <span class='ocrx_word' id='word_1_566' title='bbox 1183 2139 1272 2166; x_wconf 90' lang='lat' dir='ltr'><strong>oritur</strong></span> <span class='ocrx_word' id='word_1_567' title='bbox 1284 2147 1317 2166; x_wconf 87' lang='lat' dir='ltr'><strong>ex</strong></span> <span class='ocrx_word' id='word_1_568' title='bbox 1335 2139 1394 2174; x_wconf 89' lang='lat' dir='ltr'><strong>ipsa</strong></span> <span class='ocrx_word' id='word_1_569' title='bbox 1417 2145 1515 2168; x_wconf 88' lang='lat' dir='ltr'><strong>natura</strong></span> <span class='ocrx_word' id='word_1_570' title='bbox 1535 2141 1676 2176; x_wconf 73' lang='lat' dir='ltr'><strong>speciiica.</strong></span> 
     </span>
    </p>
   </div>
   <div class='ocr_carea' id='block_1_46' title="bbox 40 2178 1671 2220">
    <p class='ocr_par' dir='ltr' id='par_1_46' title="bbox 40 2178 1671 2220">
     <span class='ocr_line' id='line_1_46' title="bbox 40 2178 1671 2220; baseline 0.004 -13"><span class='ocrx_word' id='word_1_571' title='bbox 40 2178 180 2207; x_wconf 82' lang='lat' dir='ltr'><strong>Videntur</strong></span> <span class='ocrx_word' id='word_1_572' title='bbox 192 2178 277 2206; x_wconf 88' lang='lat' dir='ltr'><strong>etiatn</strong></span> <span class='ocrx_word' id='word_1_573' title='bbox 295 2178 472 2206; x_wconf 73' lang='lat' dir='ltr'><strong>existimasse</strong></span> <span class='ocrx_word' id='word_1_574' title='bbox 487 2179 560 2208; x_wconf 85' lang='lat' dir='ltr'><strong>hanc</strong></span> <span class='ocrx_word' id='word_1_575' title='bbox 574 2181 742 2209; x_wconf 85' lang='lat' dir='ltr'><strong>voluntatem</strong></span> <span class='ocrx_word' id='word_1_576' title='bbox 759 2182 924 2216; x_wconf 78' lang='lat' dir='ltr'><strong>gnomicam,</strong></span> <span class='ocrx_word' id='word_1_577' title='bbox 940 2187 968 2209; x_wconf 88' lang='lat' dir='ltr'><strong>et</strong></span> <span class='ocrx_word' id='word_1_578' title='bbox 992 2187 1070 2210; x_wconf 88' lang='lat' dir='ltr'><strong>actus</strong></span> <span class='ocrx_word' id='word_1_579' title='bbox 1088 2183 1149 2218; x_wconf 89' lang='lat' dir='ltr'><strong>ejus</strong></span> <span class='ocrx_word' id='word_1_580' title='bbox 1174 2182 1298 2211; x_wconf 74' lang='lat' dir='ltr'><strong>eﬂ&#39;ective</strong></span> <span class='ocrx_word' id='word_1_581' title='bbox 1317 2190 1379 2211; x_wconf 87' lang='lat' dir='ltr'><strong>esse</strong></span> <span class='ocrx_word' id='word_1_582' title='bbox 1399 2184 1434 2211; x_wconf 84' lang='lat' dir='ltr'><strong>ab</strong></span> <span class='ocrx_word' id='word_1_583' title='bbox 1458 2185 1516 2219; x_wconf 89' lang='lat' dir='ltr'><strong>ipsa</strong></span> <span class='ocrx_word' id='word_1_584' title='bbox 1541 2193 1671 2220; x_wconf 87' lang='lat' dir='ltr'><strong>persona.</strong></span> 
     </span>
    </p>
   </div>
   <div class='ocr_carea' id='block_1_47' title="bbox 39 2222 1674 2263">
    <p class='ocr_par' dir='ltr' id='par_1_47' title="bbox 39 2222 1674 2263">
     <span class='ocr_line' id='line_1_47' title="bbox 39 2222 1674 2263; baseline 0.004 -12"><span class='ocrx_word' id='word_1_585' title='bbox 39 2223 117 2256; x_wconf 85' lang='lat' dir='ltr'><strong>Quod</strong></span> <span class='ocrx_word' id='word_1_586' title='bbox 137 2223 163 2251; x_wconf 80' lang='lat' dir='ltr'><strong>si</strong></span> <span class='ocrx_word' id='word_1_587' title='bbox 182 2222 220 2249; x_wconf 87' lang='lat' dir='ltr'><strong>ita</strong></span> <span class='ocrx_word' id='word_1_588' title='bbox 236 2227 321 2255; x_wconf 79' lang='lat' dir='ltr'><strong>esset,</strong></span> <span class='ocrx_word' id='word_1_589' title='bbox 336 2227 403 2250; x_wconf 84' lang='lat' dir='ltr'><strong>tunc</strong></span> <span class='ocrx_word' id='word_1_590' title='bbox 415 2223 523 2250; x_wconf 77' lang='lat' dir='ltr'><strong>clarum</strong></span> <span class='ocrx_word' id='word_1_591' title='bbox 538 2228 614 2251; x_wconf 83' lang='lat' dir='ltr'><strong>esset</strong></span> <span class='ocrx_word' id='word_1_592' title='bbox 629 2225 656 2252; x_wconf 90' lang='lat' dir='ltr'><strong>in</strong></span> <span class='ocrx_word' id='word_1_593' title='bbox 672 2225 784 2253; x_wconf 86' lang='lat' dir='ltr'><strong>Christo</strong></span> <span class='ocrx_word' id='word_1_594' title='bbox 797 2234 851 2255; x_wconf 88' lang='lat' dir='ltr'><strong>non</strong></span> <span class='ocrx_word' id='word_1_595' title='bbox 867 2234 948 2261; x_wconf 89' lang='lat' dir='ltr'><strong>posse</strong></span> <span class='ocrx_word' id='word_1_596' title='bbox 963 2227 1027 2261; x_wconf 90' lang='lat' dir='ltr'><strong>poni</strong></span> <span class='ocrx_word' id='word_1_597' title='bbox 1043 2227 1211 2255; x_wconf 83' lang='lat' dir='ltr'><strong>voluntatem</strong></span> <span class='ocrx_word' id='word_1_598' title='bbox 1228 2227 1382 2263; x_wconf 73' lang='lat' dir='ltr'><strong>gnomicam</strong></span> <span class='ocrx_word' id='word_1_599' title='bbox 1403 2232 1537 2261; x_wconf 85' lang='lat' dir='ltr'><strong>creatam,</strong></span> <span class='ocrx_word' id='word_1_600' title='bbox 1556 2237 1620 2257; x_wconf 92' lang='lat' dir='ltr'><strong>cum</strong></span> <span class='ocrx_word' id='word_1_601' title='bbox 1644 2230 1674 2258; x_wconf 85' lang='lat' dir='ltr'><strong>in</strong></span> 
     </span>
    </p>
   </div>
   <div class='ocr_carea' id='block_1_48' title="bbox 41 2263 1337 2305">
    <p class='ocr_par' dir='ltr' id='par_1_48' title="bbox 41 2263 1337 2305">
     <span class='ocr_line' id='line_1_48' title="bbox 41 2263 1337 2305; baseline 0.005 -13"><span class='ocrx_word' id='word_1_602' title='bbox 41 2265 99 2300; x_wconf 82' lang='lat' dir='ltr'><strong>ipso</strong></span> <span class='ocrx_word' id='word_1_603' title='bbox 113 2272 171 2292; x_wconf 75' lang='lat' dir='ltr'><strong>non</strong></span> <span class='ocrx_word' id='word_1_604' title='bbox 190 2263 274 2290; x_wconf 77' lang='lat' dir='ltr'><strong>fuerit</strong></span> <span class='ocrx_word' id='word_1_605' title='bbox 285 2269 515 2298; x_wconf 71' lang='lat' dir='ltr'><strong>permacreata,</strong></span> <span class='ocrx_word' id='word_1_606' title='bbox 526 2272 560 2293; x_wconf 61' lang='lat' dir='ltr'><strong>es</strong></span> <span class='ocrx_word' id='word_1_607' title='bbox 572 2273 625 2300; x_wconf 88' lang='lat' dir='ltr'><strong>qua</strong></span> <span class='ocrx_word' id='word_1_608' title='bbox 641 2267 797 2301; x_wconf 90' lang='lat' dir='ltr'><strong>hujusmodi</strong></span> <span class='ocrx_word' id='word_1_609' title='bbox 812 2271 938 2297; x_wconf 79' lang='lat' dir='ltr'><strong>voluntas</strong></span> <span class='ocrx_word' id='word_1_610' title='bbox 951 2271 1071 2298; x_wconf 87' lang='lat' dir='ltr'><strong>huntana</strong></span> <span class='ocrx_word' id='word_1_611' title='bbox 1089 2271 1215 2305; x_wconf 78' lang='lat' dir='ltr'><strong>gnomica</strong></span> <span class='ocrx_word' id='word_1_612' title='bbox 1232 2271 1337 2298; x_wconf 84' lang='lat' dir='ltr'><strong>ﬂueret.</strong></span> 
     </span>
    </p>
   </div>
   <div class='ocr_carea' id='block_1_49' title="bbox 72 2306 1673 2350">
    <p class='ocr_par' dir='ltr' id='par_1_49' title="bbox 72 2306 1673 2350">
     <span class='ocr_line' id='line_1_49' title="bbox 72 2306 1673 2350; baseline 0.005 -14"><span class='ocrx_word' id='word_1_613' title='bbox 72 2308 128 2336; x_wconf 83' lang='lat' dir='ltr'><strong>Sed</strong></span> <span class='ocrx_word' id='word_1_614' title='bbox 147 2310 208 2335; x_wconf 66' lang='lat' dir='ltr'><strong>haec</strong></span> <span class='ocrx_word' id='word_1_615' title='bbox 222 2306 403 2334; x_wconf 73' lang='lat' dir='ltr'><strong>fundamenta</strong></span> <span class='ocrx_word' id='word_1_616' title='bbox 416 2312 481 2335; x_wconf 89' lang='lat' dir='ltr'><strong>sunt</strong></span> <span class='ocrx_word' id='word_1_617' title='bbox 503 2307 582 2336; x_wconf 81' lang='lat' dir='ltr'><strong>falsa.</strong></span> <span class='ocrx_word' id='word_1_618' title='bbox 606 2309 675 2343; x_wconf 84' lang='lat' dir='ltr'><strong>Quia</strong></span> <span class='ocrx_word' id='word_1_619' title='bbox 696 2311 786 2339; x_wconf 89' lang='lat' dir='ltr'><strong>omnis</strong></span> <span class='ocrx_word' id='word_1_620' title='bbox 802 2318 879 2341; x_wconf 87' lang='lat' dir='ltr'><strong>actus</strong></span> <span class='ocrx_word' id='word_1_621' title='bbox 901 2314 1061 2347; x_wconf 84' lang='lat' dir='ltr'><strong>voluntatis,</strong></span> <span class='ocrx_word' id='word_1_622' title='bbox 1084 2315 1284 2350; x_wconf 87' lang='lat' dir='ltr'><strong>qualiscunque</strong></span> <span class='ocrx_word' id='word_1_623' title='bbox 1305 2315 1350 2348; x_wconf 86' lang='lat' dir='ltr'><strong>sit,</strong></span> <span class='ocrx_word' id='word_1_624' title='bbox 1371 2314 1496 2343; x_wconf 83' lang='lat' dir='ltr'><strong>etl&#39;eetive</strong></span> <span class='ocrx_word' id='word_1_625' title='bbox 1511 2320 1554 2344; x_wconf 86' lang='lat' dir='ltr'><strong>est</strong></span> <span class='ocrx_word' id='word_1_626' title='bbox 1576 2316 1612 2344; x_wconf 90' lang='lat' dir='ltr'><strong>ab</strong></span> <span class='ocrx_word' id='word_1_627' title='bbox 1629 2316 1673 2345; x_wconf 89' lang='lat' dir='ltr'><strong>illa</strong></span> 
     </span>
    </p>
   </div>
   <div class='ocr_carea' id='block_1_50' title="bbox 40 2351 1676 2394">
    <p class='ocr_par' dir='ltr' id='par_1_50' title="bbox 40 2351 1676 2394">
     <span class='ocr_line' id='line_1_50' title="bbox 40 2351 1676 2394; baseline 0.006 -15"><span class='ocrx_word' id='word_1_628' title='bbox 40 2353 161 2387; x_wconf 86' lang='lat' dir='ltr'><strong>potentia</strong></span> <span class='ocrx_word' id='word_1_629' title='bbox 178 2352 290 2379; x_wconf 67' lang='lat' dir='ltr'><strong>valendi</strong></span> <span class='ocrx_word' id='word_1_630' title='bbox 305 2359 366 2387; x_wconf 58' lang='lat' dir='ltr'><strong>qua</strong></span> <span class='ocrx_word' id='word_1_631' title='bbox 379 2351 440 2380; x_wconf 80' lang='lat' dir='ltr'><strong>ﬂuit</strong></span> <span class='ocrx_word' id='word_1_632' title='bbox 453 2360 486 2380; x_wconf 74' lang='lat' dir='ltr'><strong>ex</strong></span> <span class='ocrx_word' id='word_1_633' title='bbox 509 2353 667 2382; x_wconf 84' lang='lat' dir='ltr'><strong>intrinsecis</strong></span> <span class='ocrx_word' id='word_1_634' title='bbox 687 2356 829 2391; x_wconf 81' lang='lat' dir='ltr'><strong>principiis</strong></span> <span class='ocrx_word' id='word_1_635' title='bbox 847 2357 976 2386; x_wconf 70' lang='lat' dir='ltr'><strong>humana:</strong></span> <span class='ocrx_word' id='word_1_636' title='bbox 994 2363 1110 2386; x_wconf 73' lang='lat' dir='ltr'><strong>naturm.</strong></span> <span class='ocrx_word' id='word_1_637' title='bbox 1137 2359 1171 2386; x_wconf 85' lang='lat' dir='ltr'><strong>Et</strong></span> <span class='ocrx_word' id='word_1_638' title='bbox 1188 2359 1359 2394; x_wconf 89' lang='lat' dir='ltr'><strong>suppositum</strong></span> <span class='ocrx_word' id='word_1_639' title='bbox 1385 2360 1429 2387; x_wconf 92' lang='lat' dir='ltr'><strong>hic</strong></span> <span class='ocrx_word' id='word_1_640' title='bbox 1447 2360 1486 2387; x_wconf 93' lang='lat' dir='ltr'><strong>nil</strong></span> <span class='ocrx_word' id='word_1_641' title='bbox 1507 2360 1581 2388; x_wconf 84' lang='lat' dir='ltr'><strong>aliud</strong></span> <span class='ocrx_word' id='word_1_642' title='bbox 1599 2361 1676 2394; x_wconf 80' lang='lat' dir='ltr'><strong>facit,</strong></span> 
     </span>
    </p>
   </div>
   <div class='ocr_carea' id='block_1_51' title="bbox 40 2395 1677 2439">
    <p class='ocr_par' dir='ltr' id='par_1_51' title="bbox 40 2395 1677 2439">
     <span class='ocr_line' id='line_1_51' title="bbox 40 2395 1677 2439; baseline 0.008 -19"><span class='ocrx_word' id='word_1_643' title='bbox 40 2405 120 2431; x_wconf 75' lang='lat' dir='ltr'><strong>quam</strong></span> <span class='ocrx_word' id='word_1_644' title='bbox 143 2395 221 2430; x_wconf 74' lang='lat' dir='ltr'><strong>quod</strong></span> <span class='ocrx_word' id='word_1_645' title='bbox 244 2399 286 2422; x_wconf 89' lang='lat' dir='ltr'><strong>est</strong></span> <span class='ocrx_word' id='word_1_646' title='bbox 303 2395 434 2427; x_wconf 75' lang='lat' dir='ltr'><strong>conditio,</strong></span> <span class='ocrx_word' id='word_1_647' title='bbox 455 2396 517 2424; x_wconf 77' lang='lat' dir='ltr'><strong>sine</strong></span> <span class='ocrx_word' id='word_1_648' title='bbox 540 2405 596 2431; x_wconf 78' lang='lat' dir='ltr'><strong>qua</strong></span> <span class='ocrx_word' id='word_1_649' title='bbox 621 2399 786 2427; x_wconf 87' lang='lat' dir='ltr'><strong>naturaliter</strong></span> <span class='ocrx_word' id='word_1_650' title='bbox 810 2400 958 2436; x_wconf 86' lang='lat' dir='ltr'><strong>loquendo,</strong></span> <span class='ocrx_word' id='word_1_651' title='bbox 975 2403 1104 2430; x_wconf 87' lang='lat' dir='ltr'><strong>voluntas</strong></span> <span class='ocrx_word' id='word_1_652' title='bbox 1118 2402 1224 2430; x_wconf 90' lang='lat' dir='ltr'><strong>nullum</strong></span> <span class='ocrx_word' id='word_1_653' title='bbox 1249 2408 1341 2430; x_wconf 89' lang='lat' dir='ltr'><strong>actum</strong></span> <span class='ocrx_word' id='word_1_654' title='bbox 1365 2405 1451 2439; x_wconf 87' lang='lat' dir='ltr'><strong>possit</strong></span> <span class='ocrx_word' id='word_1_655' title='bbox 1468 2404 1584 2438; x_wconf 79' lang='lat' dir='ltr'><strong>elicere,</strong></span> <span class='ocrx_word' id='word_1_656' title='bbox 1603 2406 1677 2434; x_wconf 84' lang='lat' dir='ltr'><strong>sicut</strong></span> 
     </span>
    </p>
   </div>
   <div class='ocr_carea' id='block_1_52' title="bbox 43 2440 1676 2484">
    <p class='ocr_par' dir='ltr' id='par_1_52' title="bbox 43 2440 1676 2484">
     <span class='ocr_line' id='line_1_52' title="bbox 43 2440 1676 2484; baseline 0.008 -20"><span class='ocrx_word' id='word_1_657' title='bbox 43 2440 208 2467; x_wconf 61' lang='lat' dir='ltr'><strong>naturaliter</strong></span> <span class='ocrx_word' id='word_1_658' title='bbox 223 2446 279 2466; x_wconf 89' lang='lat' dir='ltr'><strong>non</strong></span> <span class='ocrx_word' id='word_1_659' title='bbox 298 2443 387 2474; x_wconf 80' lang='lat' dir='ltr'><strong>potest</strong></span> <span class='ocrx_word' id='word_1_660' title='bbox 400 2440 533 2468; x_wconf 72' lang='lat' dir='ltr'><strong>exsistere</strong></span> <span class='ocrx_word' id='word_1_661' title='bbox 545 2446 623 2469; x_wconf 74' lang='lat' dir='ltr'><strong>extra</strong></span> <span class='ocrx_word' id='word_1_662' title='bbox 639 2444 823 2478; x_wconf 88' lang='lat' dir='ltr'><strong>suppositum.</strong></span> <span class='ocrx_word' id='word_1_663' title='bbox 855 2444 884 2471; x_wconf 89' lang='lat' dir='ltr'><strong>Si</strong></span> <span class='ocrx_word' id='word_1_664' title='bbox 901 2449 989 2472; x_wconf 86' lang='lat' dir='ltr'><strong>tamen</strong></span> <span class='ocrx_word' id='word_1_665' title='bbox 1012 2451 1089 2473; x_wconf 80' lang='lat' dir='ltr'><strong>extra</strong></span> <span class='ocrx_word' id='word_1_666' title='bbox 1113 2453 1185 2473; x_wconf 87' lang='lat' dir='ltr'><strong>esset</strong></span> <span class='ocrx_word' id='word_1_667' title='bbox 1198 2454 1246 2481; x_wconf 90' lang='lat' dir='ltr'><strong>per</strong></span> <span class='ocrx_word' id='word_1_668' title='bbox 1264 2447 1385 2474; x_wconf 86' lang='lat' dir='ltr'><strong>divinam</strong></span> <span class='ocrx_word' id='word_1_669' title='bbox 1404 2449 1566 2482; x_wconf 85' lang='lat' dir='ltr'><strong>potentiam,</strong></span> <span class='ocrx_word' id='word_1_670' title='bbox 1593 2456 1676 2484; x_wconf 90' lang='lat' dir='ltr'><strong>posse</strong></span> 
     </span>
    </p>
   </div>
   <div class='ocr_carea' id='block_1_53' title="bbox 42 2483 1681 2525">
    <p class='ocr_par' dir='ltr' id='par_1_53' title="bbox 42 2483 1681 2525">
     <span class='ocr_line' id='line_1_53' title="bbox 42 2483 1681 2525; baseline 0.007 -16"><span class='ocrx_word' id='word_1_671' title='bbox 42 2485 119 2511; x_wconf 82' lang='lat' dir='ltr'><strong>etiam</strong></span> <span class='ocrx_word' id='word_1_672' title='bbox 151 2487 236 2510; x_wconf 71' lang='lat' dir='ltr'><strong>eatea</strong></span> <span class='ocrx_word' id='word_1_673' title='bbox 268 2483 396 2518; x_wconf 76' lang='lat' dir='ltr'><strong>operari,</strong></span> <span class='ocrx_word' id='word_1_674' title='bbox 427 2491 478 2511; x_wconf 77' lang='lat' dir='ltr'><strong>nec</strong></span> <span class='ocrx_word' id='word_1_675' title='bbox 508 2485 662 2520; x_wconf 81' lang='lat' dir='ltr'><strong>requireret</strong></span> <span class='ocrx_word' id='word_1_676' title='bbox 696 2486 767 2515; x_wconf 79' lang='lat' dir='ltr'><strong>hanc</strong></span> <span class='ocrx_word' id='word_1_677' title='bbox 794 2488 981 2516; x_wconf 88' lang='lat' dir='ltr'><strong>conditionem</strong></span> <span class='ocrx_word' id='word_1_678' title='bbox 1013 2490 1166 2525; x_wconf 86' lang='lat' dir='ltr'><strong>suppositi,</strong></span> <span class='ocrx_word' id='word_1_679' title='bbox 1193 2494 1224 2517; x_wconf 93' lang='lat' dir='ltr'><strong>ut</strong></span> <span class='ocrx_word' id='word_1_680' title='bbox 1260 2490 1339 2518; x_wconf 81' lang='lat' dir='ltr'><strong>ducet</strong></span> <span class='ocrx_word' id='word_1_681' title='bbox 1369 2492 1451 2519; x_wconf 75' lang='lat' dir='ltr'><strong>etiam</strong></span> <span class='ocrx_word' id='word_1_682' title='bbox 1488 2483 1601 2520; x_wconf 20' lang='lat' dir='ltr'><strong>Suare&#39;i</strong></span> <span class='ocrx_word' id='word_1_683' title='bbox 1620 2493 1681 2522; x_wconf 87' lang='lat' dir='ltr'><strong>loco</strong></span> 
     </span>
    </p>
   </div>
   <div class='ocr_carea' id='block_1_54' title="bbox 41 2531 132 2555">
    <p class='ocr_par' dir='ltr' id='par_1_54' title="bbox 41 2531 132 2555">
     <span class='ocr_line' id='line_1_54' title="bbox 41 2531 132 2555; baseline 0 -2"><span class='ocrx_word' id='word_1_684' title='bbox 41 2531 132 2555; x_wconf 72' lang='lat' dir='ltr'><strong>etiam.</strong></span> 
     </span>
    </p>
   </div>
   <div class='ocr_carea' id='block_1_55' title="bbox 75 2570 1680 2614">
    <p class='ocr_par' dir='ltr' id='par_1_55' title="bbox 75 2570 1680 2614">
     <span class='ocr_line' id='line_1_55' title="bbox 75 2570 1680 2614; baseline 0.007 -16"><span class='ocrx_word' id='word_1_685' title='bbox 75 2572 112 2598; x_wconf 76' lang='lat' dir='ltr'><strong>Ad</strong></span> <span class='ocrx_word' id='word_1_686' title='bbox 125 2570 253 2606; x_wconf 83' lang='lat' dir='ltr'><strong>primum</strong></span> <span class='ocrx_word' id='word_1_687' title='bbox 275 2577 467 2604; x_wconf 75' lang='lat' dir='ltr'><strong>argumentum</strong></span> <span class='ocrx_word' id='word_1_688' title='bbox 478 2571 579 2605; x_wconf 83' lang='lat' dir='ltr'><strong>Photii,</strong></span> <span class='ocrx_word' id='word_1_689' title='bbox 594 2579 708 2610; x_wconf 76' lang='lat' dir='ltr'><strong>negatur</strong></span> <span class='ocrx_word' id='word_1_690' title='bbox 719 2576 817 2611; x_wconf 78' lang='lat' dir='ltr'><strong>major.</strong></span> <span class='ocrx_word' id='word_1_691' title='bbox 842 2576 912 2609; x_wconf 84' lang='lat' dir='ltr'><strong>Quia</strong></span> <span class='ocrx_word' id='word_1_692' title='bbox 927 2577 1056 2605; x_wconf 83' lang='lat' dir='ltr'><strong>voluntas</strong></span> <span class='ocrx_word' id='word_1_693' title='bbox 1069 2577 1194 2612; x_wconf 83' lang='lat' dir='ltr'><strong>gnomica</strong></span> <span class='ocrx_word' id='word_1_694' title='bbox 1208 2582 1250 2605; x_wconf 87' lang='lat' dir='ltr'><strong>est</strong></span> <span class='ocrx_word' id='word_1_695' title='bbox 1271 2583 1385 2611; x_wconf 69' lang='lat' dir='ltr'><strong>naturae,</strong></span> <span class='ocrx_word' id='word_1_696' title='bbox 1403 2587 1456 2606; x_wconf 91' lang='lat' dir='ltr'><strong>non</strong></span> <span class='ocrx_word' id='word_1_697' title='bbox 1474 2587 1609 2614; x_wconf 69' lang='lat' dir='ltr'><strong>personae,</strong></span> <span class='ocrx_word' id='word_1_698' title='bbox 1626 2580 1680 2609; x_wconf 86' lang='lat' dir='ltr'><strong>nisi</strong></span> 
     </span>
    </p>
   </div>
   <div class='ocr_carea' id='block_1_56' title="bbox 41 2616 1679 2658">
    <p class='ocr_par' dir='ltr' id='par_1_56' title="bbox 41 2616 1679 2658">
     <span class='ocr_line' id='line_1_56' title="bbox 41 2616 1679 2658; baseline 0.007 -17"><span class='ocrx_word' id='word_1_699' title='bbox 41 2619 179 2658; x_wconf 73' lang='lat' dir='ltr'><strong>quatenus</strong></span> <span class='ocrx_word' id='word_1_700' title='bbox 198 2621 317 2658; x_wconf 75' lang='lat' dir='ltr'><strong>persona</strong></span> <span class='ocrx_word' id='word_1_701' title='bbox 334 2620 376 2641; x_wconf 87' lang='lat' dir='ltr'><strong>est</strong></span> <span class='ocrx_word' id='word_1_702' title='bbox 386 2616 518 2650; x_wconf 86' lang='lat' dir='ltr'><strong>conditio,</strong></span> <span class='ocrx_word' id='word_1_703' title='bbox 538 2617 598 2645; x_wconf 84' lang='lat' dir='ltr'><strong>sine</strong></span> <span class='ocrx_word' id='word_1_704' title='bbox 617 2626 671 2654; x_wconf 87' lang='lat' dir='ltr'><strong>qua</strong></span> <span class='ocrx_word' id='word_1_705' title='bbox 693 2620 820 2647; x_wconf 84' lang='lat' dir='ltr'><strong>voluntas</strong></span> <span class='ocrx_word' id='word_1_706' title='bbox 836 2621 1000 2649; x_wconf 85' lang='lat' dir='ltr'><strong>naturaliter</strong></span> <span class='ocrx_word' id='word_1_707' title='bbox 1011 2628 1101 2649; x_wconf 87' lang='lat' dir='ltr'><strong>actum</strong></span> <span class='ocrx_word' id='word_1_708' title='bbox 1118 2629 1171 2649; x_wconf 88' lang='lat' dir='ltr'><strong>non</strong></span> <span class='ocrx_word' id='word_1_709' title='bbox 1188 2621 1309 2650; x_wconf 83' lang='lat' dir='ltr'><strong>eliceret.</strong></span> <span class='ocrx_word' id='word_1_710' title='bbox 1326 2623 1366 2650; x_wconf 87' lang='lat' dir='ltr'><strong>Ad</strong></span> <span class='ocrx_word' id='word_1_711' title='bbox 1383 2623 1574 2658; x_wconf 88' lang='lat' dir='ltr'><strong>probationem</strong></span> <span class='ocrx_word' id='word_1_712' title='bbox 1595 2625 1679 2654; x_wconf 86' lang='lat' dir='ltr'><strong>dico:</strong></span> 
     </span>
    </p>
   </div>
   <div class='ocr_carea' id='block_1_57' title="bbox 23 2644 1677 2711">
    <p class='ocr_par' dir='ltr' id='par_1_57' title="bbox 23 2644 1677 2711">
     <span class='ocr_line' id='line_1_57' title="bbox 23 2644 1677 2711; baseline 0.006 -26"><span class='ocrx_word' id='word_1_713' title='bbox 23 2644 154 2711; x_wconf 47' lang='grc' dir='ltr'><strong>μαῖα-ξι</strong></span> <span class='ocrx_word' id='word_1_714' title='bbox 172 2657 294 2711; x_wconf 63' lang='lat' dir='ltr'><strong>sittgqlis</strong></span> <span class='ocrx_word' id='word_1_715' title='bbox 307 2658 466 2711; x_wconf 72' lang='lat' dir='ltr'><strong>hominibus</strong></span> <span class='ocrx_word' id='word_1_716' title='bbox 480 2660 517 2687; x_wconf 77' lang='lat' dir='ltr'><strong>sit</strong></span> <span class='ocrx_word' id='word_1_717' title='bbox 533 2661 627 2689; x_wconf 84' lang='lat' dir='ltr'><strong>eadem</strong></span> <span class='ocrx_word' id='word_1_718' title='bbox 640 2663 766 2691; x_wconf 80' lang='lat' dir='ltr'><strong>voluntas</strong></span> <span class='ocrx_word' id='word_1_719' title='bbox 780 2665 932 2692; x_wconf 86' lang='lat' dir='ltr'><strong>secundum</strong></span> <span class='ocrx_word' id='word_1_720' title='bbox 955 2665 1085 2700; x_wconf 87' lang='lat' dir='ltr'><strong>speciem,</strong></span> <span class='ocrx_word' id='word_1_721' title='bbox 1101 2665 1298 2700; x_wconf 86' lang='lat' dir='ltr'><strong>multiplicatur</strong></span> <span class='ocrx_word' id='word_1_722' title='bbox 1311 2644 1402 2694; x_wconf 54' lang='lat' dir='ltr'><strong>tamen</strong></span> <span class='ocrx_word' id='word_1_723' title='bbox 1423 2667 1629 2696; x_wconf 83' lang='lat' dir='ltr'><strong>individualiter</strong></span> <span class='ocrx_word' id='word_1_724' title='bbox 1650 2669 1677 2697; x_wconf 90' lang='lat' dir='ltr'><strong>in</strong></span> 
     </span>
    </p>
   </div>
   <div class='ocr_carea' id='block_1_58' title="bbox 25 2700 1680 2748">
    <p class='ocr_par' dir='ltr' id='par_1_58' title="bbox 25 2700 1680 2748">
     <span class='ocr_line' id='line_1_58' title="bbox 25 2700 1680 2748; baseline 0.011 -25"><span class='ocrx_word' id='word_1_725' title='bbox 25 2700 28 2723; x_wconf 73' lang='grc' dir='ltr'><strong>ι</strong></span> <span class='ocrx_word' id='word_1_726' title='bbox 43 2702 166 2748; x_wconf 64' lang='lat' dir='ltr'><strong>singulis.</strong></span> <span class='ocrx_word' id='word_1_727' title='bbox 190 2700 313 2748; x_wconf 33' lang='lat' dir='ltr'><strong>lie-licet</strong></span> <span class='ocrx_word' id='word_1_728' title='bbox 324 2701 448 2730; x_wconf 82' lang='lat' dir='ltr'><strong>voluntas</strong></span> <span class='ocrx_word' id='word_1_729' title='bbox 459 2703 486 2730; x_wconf 90' lang='lat' dir='ltr'><strong>in</strong></span> <span class='ocrx_word' id='word_1_730' title='bbox 505 2706 645 2733; x_wconf 79' lang='lat' dir='ltr'><strong>communi</strong></span> <span class='ocrx_word' id='word_1_731' title='bbox 655 2707 798 2735; x_wconf 84' lang='lat' dir='ltr'><strong>abstrahat</strong></span> <span class='ocrx_word' id='word_1_732' title='bbox 817 2709 831 2735; x_wconf 67' lang='grc' dir='ltr'><strong>Ξ)</strong></span> <span class='ocrx_word' id='word_1_733' title='bbox 851 2713 938 2741; x_wconf 89' lang='lat' dir='ltr'><strong>tanto,</strong></span> <span class='ocrx_word' id='word_1_734' title='bbox 955 2709 998 2736; x_wconf 90' lang='lat' dir='ltr'><strong>vel</strong></span> <span class='ocrx_word' id='word_1_735' title='bbox 1018 2714 1104 2742; x_wconf 88' lang='lat' dir='ltr'><strong>tanto,</strong></span> <span class='ocrx_word' id='word_1_736' title='bbox 1125 2713 1191 2741; x_wconf 71' lang='grc' dir='ltr'><strong>εις..</strong></span> <span class='ocrx_word' id='word_1_737' title='bbox 1203 2713 1230 2736; x_wconf 82' lang='lat' dir='ltr'><strong>et</strong></span> <span class='ocrx_word' id='word_1_738' title='bbox 1243 2710 1278 2737; x_wconf 87' lang='lat' dir='ltr'><strong>ab</strong></span> <span class='ocrx_word' id='word_1_739' title='bbox 1293 2710 1356 2738; x_wconf 89' lang='lat' dir='ltr'><strong>aliis</strong></span> <span class='ocrx_word' id='word_1_740' title='bbox 1373 2712 1580 2741; x_wconf 86' lang='lat' dir='ltr'><strong>conditionibus</strong></span> <span class='ocrx_word' id='word_1_741' title='bbox 1595 2713 1680 2748; x_wconf 88' lang='lat' dir='ltr'><strong>parti-</strong></span> 
     </span>
    </p>
   </div>
   <div class='ocr_carea' id='block_1_59' title="bbox 42 2744 1678 2789">
    <p class='ocr_par' dir='ltr' id='par_1_59' title="bbox 42 2744 1678 2789">
     <span class='ocr_line' id='line_1_59' title="bbox 42 2744 1678 2789; baseline 0.008 -17"><span class='ocrx_word' id='word_1_742' title='bbox 42 2747 179 2773; x_wconf 74' lang='lat' dir='ltr'><strong>talaribus</strong></span> <span class='ocrx_word' id='word_1_743' title='bbox 196 2744 392 2778; x_wconf 73' lang='lat' dir='ltr'><strong>obiectorum;</strong></span> <span class='ocrx_word' id='word_1_744' title='bbox 409 2754 463 2773; x_wconf 90' lang='lat' dir='ltr'><strong>non</strong></span> <span class='ocrx_word' id='word_1_745' title='bbox 483 2754 618 2784; x_wconf 78' lang='lat' dir='ltr'><strong>repugnat</strong></span> <span class='ocrx_word' id='word_1_746' title='bbox 633 2755 723 2778; x_wconf 83' lang='lat' dir='ltr'><strong>tamen</strong></span> <span class='ocrx_word' id='word_1_747' title='bbox 744 2751 781 2778; x_wconf 90' lang='lat' dir='ltr'><strong>illi</strong></span> <span class='ocrx_word' id='word_1_748' title='bbox 800 2752 869 2779; x_wconf 82' lang='lat' dir='ltr'><strong>velle</strong></span> <span class='ocrx_word' id='word_1_749' title='bbox 882 2756 1001 2786; x_wconf 87' lang='lat' dir='ltr'><strong>tantum,</strong></span> <span class='ocrx_word' id='word_1_750' title='bbox 1015 2753 1056 2780; x_wconf 85' lang='lat' dir='ltr'><strong>vel</strong></span> <span class='ocrx_word' id='word_1_751' title='bbox 1071 2758 1189 2785; x_wconf 84' lang='lat' dir='ltr'><strong>tantum,</strong></span> <span class='ocrx_word' id='word_1_752' title='bbox 1210 2759 1279 2787; x_wconf 86' lang='lat' dir='ltr'><strong>etc.;</strong></span> <span class='ocrx_word' id='word_1_753' title='bbox 1308 2754 1363 2782; x_wconf 90' lang='lat' dir='ltr'><strong>imo</strong></span> <span class='ocrx_word' id='word_1_754' title='bbox 1376 2755 1428 2782; x_wconf 89' lang='lat' dir='ltr'><strong>hoc</strong></span> <span class='ocrx_word' id='word_1_755' title='bbox 1446 2755 1470 2783; x_wconf 89' lang='lat' dir='ltr'><strong>ei</strong></span> <span class='ocrx_word' id='word_1_756' title='bbox 1484 2761 1526 2784; x_wconf 89' lang='lat' dir='ltr'><strong>est</strong></span> <span class='ocrx_word' id='word_1_757' title='bbox 1541 2744 1678 2789; x_wconf 81' lang='lat' dir='ltr'><strong>naturale.</strong></span> 
     </span>
    </p>
   </div>
   <div class='ocr_carea' id='block_1_60' title="bbox 26 2789 1677 2836">
    <p class='ocr_par' dir='ltr' id='par_1_60' title="bbox 26 2789 1677 2836">
     <span class='ocr_line' id='line_1_60' title="bbox 26 2789 1677 2836; baseline 0.007 -18"><span class='ocrx_word' id='word_1_758' title='bbox 26 2790 73 2836; x_wconf 55' lang='grc' dir='ltr'><strong>με)</strong></span> <span class='ocrx_word' id='word_1_759' title='bbox 86 2792 157 2836; x_wconf 45' lang='lat' dir='ltr'><strong>ipso,</strong></span> <span class='ocrx_word' id='word_1_760' title='bbox 175 2789 253 2836; x_wconf 79' lang='lat' dir='ltr'><strong>quod</strong></span> <span class='ocrx_word' id='word_1_761' title='bbox 265 2790 358 2818; x_wconf 83' lang='lat' dir='ltr'><strong>omnia</strong></span> <span class='ocrx_word' id='word_1_762' title='bbox 371 2790 424 2818; x_wconf 83' lang='lat' dir='ltr'><strong>ista</strong></span> <span class='ocrx_word' id='word_1_763' title='bbox 437 2793 615 2822; x_wconf 77' lang='lat' dir='ltr'><strong>malinentur</strong></span> <span class='ocrx_word' id='word_1_764' title='bbox 632 2796 701 2823; x_wconf 87' lang='lat' dir='ltr'><strong>intra</strong></span> <span class='ocrx_word' id='word_1_765' title='bbox 720 2796 892 2824; x_wconf 79' lang='lat' dir='ltr'><strong>latitudinem</strong></span> <span class='ocrx_word' id='word_1_766' title='bbox 907 2797 948 2824; x_wconf 87' lang='lat' dir='ltr'><strong>sui</strong></span> <span class='ocrx_word' id='word_1_767' title='bbox 963 2797 1074 2832; x_wconf 88' lang='lat' dir='ltr'><strong>objecti,</strong></span> <span class='ocrx_word' id='word_1_768' title='bbox 1090 2798 1162 2832; x_wconf 90' lang='lat' dir='ltr'><strong>quod</strong></span> <span class='ocrx_word' id='word_1_769' title='bbox 1179 2802 1221 2825; x_wconf 89' lang='lat' dir='ltr'><strong>est</strong></span> <span class='ocrx_word' id='word_1_770' title='bbox 1235 2798 1358 2826; x_wconf 88' lang='lat' dir='ltr'><strong>bonum:</strong></span> <span class='ocrx_word' id='word_1_771' title='bbox 1376 2800 1448 2827; x_wconf 90' lang='lat' dir='ltr'><strong>sicut</strong></span> <span class='ocrx_word' id='word_1_772' title='bbox 1460 2801 1541 2828; x_wconf 72' lang='lat' dir='ltr'><strong>etiarn</strong></span> <span class='ocrx_word' id='word_1_773' title='bbox 1557 2801 1677 2836; x_wconf 87' lang='lat' dir='ltr'><strong>potentia</strong></span> 
     </span>
    </p>
   </div>
   <div class='ocr_carea' id='block_1_61' title="bbox 27 2804 1676 2880">
    <p class='ocr_par' dir='ltr' id='par_1_61' title="bbox 27 2804 1676 2880">
     <span class='ocr_line' id='line_1_61' title="bbox 43 2804 1676 2836; baseline 0.009 -21"><span class='ocrx_word' id='word_1_774' title='bbox 43 2804 73 2818; x_wconf 72' lang='grc' dir='ltr'><strong>ιν</strong></span> <span class='ocrx_word' id='word_1_775' title='bbox 86 2804 157 2825; x_wconf 58' lang='lat' dir='ltr'><strong>ip...</strong></span> <span class='ocrx_word' id='word_1_776' title='bbox 175 2804 253 2825; x_wconf 72' lang='lat' dir='ltr'><strong>quvu</strong></span> <span class='ocrx_word' id='word_1_777' title='bbox 265 2804 358 2818; x_wconf 66' lang='lat' dir='ltr'><strong>omnia</strong></span> <span class='ocrx_word' id='word_1_778' title='bbox 372 2804 424 2818; x_wconf 73' lang='grc' dir='ltr'><strong><em>ιοιει</em></strong></span> <span class='ocrx_word' id='word_1_779' title='bbox 437 2804 615 2822; x_wconf 74' lang='lat' dir='ltr'><strong>wuunmtur</strong></span> <span class='ocrx_word' id='word_1_780' title='bbox 632 2804 701 2823; x_wconf 84' lang='lat' dir='ltr'><strong>tulra</strong></span> <span class='ocrx_word' id='word_1_781' title='bbox 721 2804 892 2824; x_wconf 82' lang='lat' dir='ltr'><strong>tanuunncm</strong></span> <span class='ocrx_word' id='word_1_782' title='bbox 907 2805 948 2824; x_wconf 81' lang='lat' dir='ltr'><strong>sui</strong></span> <span class='ocrx_word' id='word_1_783' title='bbox 963 2804 1074 2832; x_wconf 77' lang='lat' dir='ltr'><strong>oujecu,</strong></span> <span class='ocrx_word' id='word_1_784' title='bbox 1090 2804 1162 2832; x_wconf 74' lang='lat' dir='ltr'><strong>quon</strong></span> <span class='ocrx_word' id='word_1_785' title='bbox 1179 2804 1221 2825; x_wconf 88' lang='lat' dir='ltr'><strong>est</strong></span> <span class='ocrx_word' id='word_1_786' title='bbox 1236 2804 1337 2826; x_wconf 87' lang='lat' dir='ltr'><strong>nonum</strong></span> <span class='ocrx_word' id='word_1_787' title='bbox 1350 2807 1358 2826; x_wconf 89' lang='lat'><strong>:</strong></span> <span class='ocrx_word' id='word_1_788' title='bbox 1376 2804 1448 2827; x_wconf 82' lang='lat' dir='ltr'><strong>sicut</strong></span> <span class='ocrx_word' id='word_1_789' title='bbox 1460 2804 1541 2828; x_wconf 83' lang='lat' dir='ltr'><strong>etiam</strong></span> <span class='ocrx_word' id='word_1_790' title='bbox 1557 2804 1676 2836; x_wconf 88' lang='lat' dir='ltr'><strong>potentia</strong></span> 
     </span>
     <span class='ocr_line' id='line_1_62' title="bbox 27 2804 1676 2880; baseline 0.008 -21"><span class='ocrx_word' id='word_1_791' title='bbox 27 2804 31 2880; x_wconf 55' lang='grc' dir='ltr'><strong>ξ</strong></span> <span class='ocrx_word' id='word_1_792' title='bbox 44 2834 212 2880; x_wconf 48' lang='lat' dir='ltr'><strong>intelligendi</strong></span> <span class='ocrx_word' id='word_1_793' title='bbox 229 2841 286 2880; x_wconf 79' lang='lat' dir='ltr'><strong>non</strong></span> <span class='ocrx_word' id='word_1_794' title='bbox 300 2838 406 2880; x_wconf 72' lang='lat' dir='ltr'><strong>tantum</strong></span> <span class='ocrx_word' id='word_1_795' title='bbox 418 2840 513 2880; x_wconf 76' lang='lat' dir='ltr'><strong>potest</strong></span> <span class='ocrx_word' id='word_1_796' title='bbox 524 2839 637 2866; x_wconf 81' lang='lat' dir='ltr'><strong>tendere</strong></span> <span class='ocrx_word' id='word_1_797' title='bbox 647 2840 674 2867; x_wconf 92' lang='lat' dir='ltr'><strong>in</strong></span> <span class='ocrx_word' id='word_1_798' title='bbox 685 2848 781 2868; x_wconf 91' lang='lat' dir='ltr'><strong>verttm</strong></span> <span class='ocrx_word' id='word_1_799' title='bbox 798 2841 825 2868; x_wconf 90' lang='lat' dir='ltr'><strong>in</strong></span> <span class='ocrx_word' id='word_1_800' title='bbox 838 2841 991 2872; x_wconf 91' lang='lat' dir='ltr'><strong>communi,</strong></span> <span class='ocrx_word' id='word_1_801' title='bbox 1007 2841 1055 2869; x_wconf 86' lang='lat' dir='ltr'><strong>sed</strong></span> <span class='ocrx_word' id='word_1_802' title='bbox 1068 2842 1150 2869; x_wconf 86' lang='lat' dir='ltr'><strong>etiam</strong></span> <span class='ocrx_word' id='word_1_803' title='bbox 1165 2841 1191 2869; x_wconf 92' lang='lat' dir='ltr'><strong>in</strong></span> <span class='ocrx_word' id='word_1_804' title='bbox 1205 2843 1256 2870; x_wconf 88' lang='lat' dir='ltr'><strong>hoc</strong></span> <span class='ocrx_word' id='word_1_805' title='bbox 1269 2843 1311 2870; x_wconf 82' lang='lat' dir='ltr'><strong>vel</strong></span> <span class='ocrx_word' id='word_1_806' title='bbox 1320 2843 1385 2871; x_wconf 91' lang='lat' dir='ltr'><strong>illud</strong></span> <span class='ocrx_word' id='word_1_807' title='bbox 1398 2852 1492 2872; x_wconf 87' lang='lat' dir='ltr'><strong>verum</strong></span> <span class='ocrx_word' id='word_1_808' title='bbox 1502 2845 1676 2880; x_wconf 86' lang='lat' dir='ltr'><strong>particularc,</strong></span> 
     </span>
    </p>
   </div>
   <div class='ocr_carea' id='block_1_62' title="bbox 28 2869 1678 2924">
    <p class='ocr_par' dir='ltr' id='par_1_62' title="bbox 28 2869 1678 2924">
     <span class='ocr_line' id='line_1_63' title="bbox 28 2869 1678 2924; baseline 0.008 -21"><span class='ocrx_word' id='word_1_809' title='bbox 28 2869 92 2924; x_wconf 57' lang='grc' dir='ltr'><strong>μσς</strong></span> <span class='ocrx_word' id='word_1_810' title='bbox 106 2879 149 2906; x_wconf 88' lang='lat' dir='ltr'><strong>vel</strong></span> <span class='ocrx_word' id='word_1_811' title='bbox 164 2878 213 2906; x_wconf 82' lang='lat' dir='ltr'><strong>illo</strong></span> <span class='ocrx_word' id='word_1_812' title='bbox 224 2877 281 2905; x_wconf 78' lang='lat' dir='ltr'><strong>veri</strong></span> <span class='ocrx_word' id='word_1_813' title='bbox 297 2877 385 2924; x_wconf 60' lang='lat' dir='ltr'><strong>modo</strong></span> <span class='ocrx_word' id='word_1_814' title='bbox 394 2878 533 2908; x_wconf 67' lang='lat' dir='ltr'><strong>allectum.</strong></span> <span class='ocrx_word' id='word_1_815' title='bbox 551 2881 642 2914; x_wconf 81' lang='lat' dir='ltr'><strong>Quare</strong></span> <span class='ocrx_word' id='word_1_816' title='bbox 657 2884 739 2912; x_wconf 86' lang='lat' dir='ltr'><strong>etiam</strong></span> <span class='ocrx_word' id='word_1_817' title='bbox 754 2885 887 2913; x_wconf 88' lang='lat' dir='ltr'><strong>voluntati</strong></span> <span class='ocrx_word' id='word_1_818' title='bbox 902 2887 1039 2919; x_wconf 64' lang='lat' dir='ltr'><strong>humana,</strong></span> <span class='ocrx_word' id='word_1_819' title='bbox 1056 2891 1086 2914; x_wconf 92' lang='lat' dir='ltr'><strong>ut</strong></span> <span class='ocrx_word' id='word_1_820' title='bbox 1098 2886 1224 2914; x_wconf 85' lang='lat' dir='ltr'><strong>voluntas</strong></span> <span class='ocrx_word' id='word_1_821' title='bbox 1243 2892 1296 2920; x_wconf 90' lang='lat' dir='ltr'><strong>est,</strong></span> <span class='ocrx_word' id='word_1_822' title='bbox 1314 2888 1450 2921; x_wconf 89' lang='lat' dir='ltr'><strong>convenit,</strong></span> <span class='ocrx_word' id='word_1_823' title='bbox 1467 2869 1595 2924; x_wconf 61' lang='lat' dir='ltr'><strong>utrpossit</strong></span> <span class='ocrx_word' id='word_1_824' title='bbox 1609 2869 1678 2917; x_wconf 70' lang='lat' dir='ltr'><strong>velle</strong></span> 
     </span>
    </p>
   </div>
   <div class='ocr_carea' id='block_1_63' title="bbox 49 2921 1677 3000">
    <p class='ocr_par' dir='ltr' id='par_1_63' title="bbox 49 2921 1677 3000">
     <span class='ocr_line' id='line_1_64' title="bbox 49 2921 1677 3000; baseline 0.006 -48"><span class='ocrx_word' id='word_1_825' title='bbox 49 2923 158 2957; x_wconf 64' lang='lat' dir='ltr'><strong>tonum,</strong></span> <span class='ocrx_word' id='word_1_826' title='bbox 176 2925 320 2998; x_wconf 75' lang='lat' dir='ltr'><strong>elPOmneS</strong></span> <span class='ocrx_word' id='word_1_827' title='bbox 334 2921 504 3000; x_wconf 61' lang='lat' dir='ltr'><strong>digerengits</strong></span> <span class='ocrx_word' id='word_1_828' title='bbox 522 2925 585 2954; x_wconf 91' lang='lat' dir='ltr'><strong>boni</strong></span> <span class='ocrx_word' id='word_1_829' title='bbox 600 2935 607 2954; x_wconf 89' lang='lat'><strong>:</strong></span> <span class='ocrx_word' id='word_1_830' title='bbox 623 2927 700 2962; x_wconf 86' lang='lat' dir='ltr'><strong>item,</strong></span> <span class='ocrx_word' id='word_1_831' title='bbox 720 2934 751 2957; x_wconf 94' lang='lat' dir='ltr'><strong>ut</strong></span> <span class='ocrx_word' id='word_1_832' title='bbox 765 2929 851 2966; x_wconf 83' lang='lat' dir='ltr'><strong>possit</strong></span> <span class='ocrx_word' id='word_1_833' title='bbox 865 2929 1086 2972; x_wconf 46' lang='lat' dir='ltr'><strong>fugere‘malum,</strong></span> <span class='ocrx_word' id='word_1_834' title='bbox 1103 2935 1131 2960; x_wconf 90' lang='lat' dir='ltr'><strong>et</strong></span> <span class='ocrx_word' id='word_1_835' title='bbox 1144 2938 1239 2960; x_wconf 86' lang='lat' dir='ltr'><strong>omnes</strong></span> <span class='ocrx_word' id='word_1_836' title='bbox 1250 2931 1415 2960; x_wconf 80' lang='lat' dir='ltr'><strong>ditl‘ercntias</strong></span> <span class='ocrx_word' id='word_1_837' title='bbox 1427 2921 1589 2961; x_wconf 33' lang='lat' dir='ltr'><strong>maliaNam</strong></span> <span class='ocrx_word' id='word_1_838' title='bbox 1604 2933 1677 2969; x_wconf 82' lang='lat' dir='ltr'><strong>quod</strong></span> 
     </span>
     <span class='ocr_line' id='line_1_65' title="bbox 226 2975 1480 3000; baseline 0.002 -3"><span class='ocrx_word' id='word_1_839' title='bbox 226 2975 340 2998; x_wconf 72' lang='lat' dir='ltr'><strong>ATROL.</strong></span> <span class='ocrx_word' id='word_1_840' title='bbox 390 2977 422 2999; x_wconf 70' lang='grc' dir='ltr'><strong>Β.</strong></span> <span class='ocrx_word' id='word_1_841' title='bbox 487 2993 495 3000; x_wconf 91' lang='grc'>.</span> <span class='ocrx_word' id='word_1_842' title='bbox 1440 2979 1480 3000; x_wconf 71' lang='lat' dir='ltr'><strong>an</strong></span> 
     </span>
    </p>
   </div>
   <div class='ocr_carea' id='block_1_64' title="bbox 226 2975 1480 3010">
    <p class='ocr_par' dir='ltr' id='par_1_64' title="bbox 226 2975 1480 3010">
     <span class='ocr_line' id='line_1_66' title="bbox 226 2975 1480 3010; baseline 0.01 -13"><span class='ocrx_word' id='word_1_843' title='bbox 226 2975 340 2998; x_wconf 70' lang='grc' dir='ltr'><strong>Ατιιοι..</strong></span> <span class='ocrx_word' id='word_1_844' title='bbox 364 2975 422 2999; x_wconf 76' lang='lat' dir='ltr'><strong>UB.</strong></span> <span class='ocrx_word' id='word_1_845' title='bbox 446 2975 495 3001; x_wconf 75' lang='lat' dir='ltr'><strong>ut.</strong></span> <span class='ocrx_word' id='word_1_846' title='bbox 1440 2979 1480 3010; x_wconf 87' lang='grc'><strong>18</strong></span> 
     </span>
    </p>
   </div>
  </div>
