1880 3057
205 141 255 173 547
788 138 919 170 ῙῚΙΟΤΙΙ
935 139 947 169 l

1080 138 1188 168 RCILE
1206 138 1261 170 CP.
1557 155 1561 162 ι
1782 139 1822 173 sit

203 203 297 234 postea
312 196 454 225 actualiter
468 197 519 225 iste
532 197 574 224 vel
586 197 636 225 istc
647 204 702 224 non
718 202 855 228 \ersatur,
877 196 950 223 circa
967 195 1162 230 appetitionem
1182 197 1264 232 hujus
1281 197 1321 224 vel
1337 196 1411 224 illius
1432 196 1459 224 in
1484 196 1636 229 individuo,
1653 203 1715 223 cum
1736 197 1777 224 tali
1793 200 1822 226 rrl

203 243 249 270 tali
268 242 359 273 modo,
377 248 424 276 per
438 241 565 269 accidens
580 244 621 268 est
635 250 642 268 τ
661 244 766 275 posset,
783 240 806 268 si
821 240 910 272 vellet,
923 243 1057 274 quantum
1073 244 1115 266 est
1131 240 1244 274 prarcise
1258 247 1290 267 ex
1313 240 1371 275 ipsa
1392 240 1543 272 voluntate,
1561 248 1622 274 qua:
1643 241 1679 267 ita
1704 245 1746 268 est
1762 249 1822 268 cutu-

203 290 308 321 parata,
323 289 352 312 ut
364 285 447 312 homo
462 293 509 319 per
528 285 602 312 illatn
618 285 705 319 possit
720 284 831 312 tendere
845 285 871 311 in
888 284 1074 318 quodcunque
1088 283 1254 318 particulare
1278 283 1392 317 lienum,
1417 285 1468 311 sttb
1485 292 1651 318 quocunque
1679 285 1768 316 modo,
1788 286 1822 320 qui

202 331 237 358 sit
252 331 323 356 intra
339 329 511 356 latitudinem
528 329 625 362 objecti
639 328 788 356 voluntatis
804 329 829 355 in
846 327 998 355 communi.

237 375 277 401 Ex
297 374 396 408 quilms
410 378 521 408 apparet
532 373 612 400 etiam
627 373 653 399 in
668 372 778 400 Christo
796 373 866 399 banc
880 373 1048 399 voluntatem
1066 379 1146 405 posse
1163 371 1236 406 poni,
1253 379 1306 397 non
1324 375 1429 399 tantttm
1446 371 1472 397 in
1488 375 1562 403 actu,
1576 364 1653 406 quasi
1667 372 1767 406 primo,
1782 373 1819 399 sed

201 418 281 444 etiam
300 418 326 444 in
340 422 472 444 secundo.
488 416 582 451 Neque
592 416 665 443 enim
678 416 760 443 ullam
783 415 1016 450 intperl’ectionem
1041 415 1155 442 includit
1179 415 1246 442 velle
1259 419 1366 441 tantum
1389 415 1432 441 vel
1451 420 1568 446 tantum,
1591 416 1671 443 dulce
1698 417 1739 442 vel
1760 425 1822 442 auta-

201 470 274 492 runt,
289 465 342 488 etc.
357 460 389 486 Et
404 468 466 487 cum
480 460 607 487 voluntas
623 460 679 486 lucc
694 460 820 494 gnomica
857 467 911 486 non
930 459 966 486 sit
991 466 1004 485 a
1021 465 1148 492 persona,
1162 463 1290 492 tanquam
1305 466 1319 484 a
1339 459 1476 492 principio
1491 459 1682 491 entanationis,
1707 464 1752 485 aut
1769 459 1811 485 «ne

202 505 284 536 clivo,
302 505 338 531 nil
355 504 446 535 refert.
461 512 526 531 nttm
542 504 658 531 exsistat
675 503 701 530 in
717 503 855 538 hypostasi
873 504 992 530 humana
1007 507 1034 528 et
1045 506 1146 532 creata,
1166 506 1196 528 ut
1215 502 1243 528 lit
1258 501 1284 528 in
1298 502 1360 529 aliis
1376 502 1535 528 hominibus
1552 510 1559 528 :
1583 511 1617 529 an
1629 511 1696 529 vero
1710 503 1735 529 in
1751 504 1822 537 hypo-

201 549 267 576 stasi
283 548 413 580 increata,
431 553 457 576 et
471 548 573 580 divina,
589 552 619 574 ut
631 547 765 582 contingit
780 547 806 574 in
818 547 947 579 Christo;
967 553 1028 573 eum
1046 546 1199 581 hypostasis
1219 546 1254 572 sit
1279 545 1409 572 voluntati
1433 551 1538 573 tantum
1567 547 1689 573 conditio
1709 547 1765 574 sine
1780 556 1823 581 qua

202 598 256 618 non
271 590 379 624 agendi.

237 634 277 660 Ad
294 633 443 660 secundum
462 637 657 667 argumentum
669 631 758 659 Phntii
780 636 895 667 negatur
911 632 1082 660 antecedens.
1096 630 1164 658 Nam
1180 631 1342 659 electionem
1367 640 1428 660 esse
1451 632 1478 660 in
1503 633 1616 660 Christo
1639 638 1714 668 patet
1738 643 1767 661 ex
1788 635 1824 661 illo

203 676 279 703 [sane
296 677 353 710 (vit,
376 675 417 710 15)
437 683 443 700 :
461 675 591 709 Butyrum
607 679 631 700 et
649 673 698 700 mel
721 675 847 706 comedet,
863 674 970 700 utseiat
992 676 1131 709 reprobare
1154 676 1265 708 malum,
1283 681 1306 703 et
1321 676 1415 711 eligere
1434 677 1540 704 bonum.
1560 677 1615 704 Nec
1629 683 1667 704 est
1686 678 1718 704 de
1733 679 1825 705 ratione

202 719 354 750 electionis,
372 723 401 744 nt
413 718 496 752 possit
512 719 592 744 etiam
612 718 712 743 tnalutn
729 718 839 752 eligere.
856 715 929 744 Satis
948 722 999 750 est,
1016 722 1045 744 ut
1062 718 1159 744 habeat
1183 717 1396 745 iudill‘erentiam
1422 724 1547 753 respectu
1569 720 1719 747 bonorum.
1751 720 1779 747 lit
1803 721 1824 748 lu

202 763 310 790 Christo
324 767 363 789 est
380 762 494 789 liberum
512 761 667 792 arbitrium,
682 765 712 787 ut
733 766 825 795 postea
846 762 998 789 ridebimus
1014 771 1019 786 :
1040 770 1105 796 ergo
1123 763 1204 789 etiam
1220 762 1326 789 electio.

236 807 275 833 Ad
294 806 404 832 tertium
422 810 614 841 argumentum
630 805 822 838 respondetur,
848 805 1014 833 voluntatem
1026 806 1173 832 humanam
1188 807 1343 840 gnomicatn
1359 806 1461 834 Christi
1478 807 1672 834 individttalem
1698 807 1801 835 diﬂ‘t-rre
1813 818 1825 834 ει

200 848 387 875 voluntatibus
404 847 539 882 gnonticis
564 846 733 881 singulorum
763 846 914 879 hominum,
933 851 960 874 et
985 847 1093 876 dill'erre
1119 851 1201 877 etiam
1233 850 1342 877 realiter
1361 859 1376 878 a
1398 851 1537 878 voluntate
1561 851 1651 878 Patris
1668 857 1695 878 et
1719 853 1826 887 Spit-ius

202 893 300 925 sancti,
314 893 370 920 sive
382 896 519 926 spectetur
534 895 564 917 tit
582 897 625 918 est
640 891 771 925 potentia,
791 892 848 918 sive
864 896 893 918 ut
910 897 944 918 est

314 893 370 920 sive
382 896 519 926 spectetur
534 895 564 917 tit
582 897 625 918 εει
640 891 771 925 potentia,
791 892 848 918 sive
864 896 893 918 ut
910 895 950 918 est
966 897 1051 920 actus.

237 937 368 970 Quartum
383 940 575 970 argumentum
593 935 628 961 ttil
642 934 722 961 valet.
738 933 805 961 Nam
823 934 949 962 voluntas
963 936 1086 970 gnomica
1101 942 1142 964 est
1154 941 1242 969 actus,
1268 945 1322 965 non
1345 938 1476 972 potentia.
1494 938 1526 966 Et
1548 939 1570 965 si
1586 943 1628 966 est
1649 940 1776 974 potentia,
1792 944 1827 967 est

201 981 295 1007 eadem
312 979 431 1015 potentia
445 979 595 1007 secundum
609 979 750 1005 cntitatem
764 987 827 1006 cum
840 980 981 1007 voluntate
995 981 1124 1012 naturali,
1140 986 1166 1009 et
1184 982 1331 1016 specilica;
1344 987 1371 1009 et
1385 982 1425 1010 sic
1440 982 1513 1010 nulla
1540 989 1582 1010 εει
1600 985 1763 1018 compositio
1787 993 1827 1010 vn-

202 1023 339 1050 luntatum
353 1033 360 1051 :
377 1023 423 1050 sed
440 1027 504 1050 suttt
521 1027 625 1049 tantum
640 1022 755 1050 diversa)
771 1023 902 1056 rationes,
915 1023 1035 1051 fundatae
1047 1024 1074 1051 in
1089 1025 1183 1052 eadem
1200 1027 1313 1054 entitate
1330 1027 1489 1054 voluntatis.
1509 1026 1542 1054 Et
1558 1035 1768 1062 consequenter.
1784 1036 1827 1055 nec

202 1068 252 1095 erit
270 1068 434 1103 compositio
451 1071 625 1094 naturarum.
643 1067 686 1097 Et,
708 1067 730 1094 si
753 1072 946 1102 argumentum
967 1067 1078 1099 valeret,
1094 1068 1223 1103 probaret
1237 1070 1319 1096 etiam
1335 1070 1361 1096 in
1377 1070 1495 1105 singulis
1513 1071 1669 1098 ltominibus
1686 1079 1748 1098 esse
1760 1080 1825 1098 eern-

202 1113 318 1148 positam
333 1113 512 1144 voluntatem,
530 1116 557 1138 et
576 1117 775 1145 consequenter
799 1112 977 1147 compositam
994 1117 1118 1139 naturam
1131 1120 1162 1140 ex
1178 1113 1285 1141 duabus
1299 1114 1406 1142 natttris
1426 1114 1566 1150 perfectis,
1589 1120 1616 1142 et
1634 1115 1747 1150 integris
1765 1124 1828 1143 :na«

203 1163 291 1184 tttram
304 1156 377 1182 enim
390 1164 423 1182 ex
437 1155 602 1189 imperfectis
618 1155 723 1182 naturis
733 1156 859 1189 componi
878 1156 915 1182 nil
930 1160 973 1183 est
987 1155 1110 1182 absut'di.

237 1200 278 1225 Ad
292 1199 417 1234 quintutn
435 1204 559 1234 negatur,
578 1200 611 1227 de
630 1199 736 1226 ratione
746 1198 855 1226 consilii
869 1206 930 1226 esse
946 1199 1140 1235 ignorantiam,
1165 1199 1207 1227 vel
1223 1200 1432 1228 dubitationem.
1457 1201 1535 1229 Licet
1558 1202 1631 1229 enim
1658 1202 1686 1230 in
1712 1203 1785 1230 nobis
1806 1203 1830 1230 id

203 1245 240 1271 ita
263 1245 380 1275 accidat,
403 1250 436 1270 eo
454 1243 526 1278 quod
551 1251 605 1270 non
631 1242 782 1269 habeamus
807 1243 992 1277 cognitionem
1017 1244 1140 1271 omnium
1160 1253 1262 1278 rerum,
1287 1247 1358 1273 sicut
1382 1246 1509 1274 Christus
1528 1247 1666 1280 habebat;
1693 1248 1830 1283 con_silium

203 1293 292 1315 tamen
310 1295 357 1322 prr
370 1295 410 1320 se,
427 1295 480 1314 non
493 1287 608 1314 includit
619 1287 804 1323 ignorantiam
826 1290 853 1313 et
874 1286 1085 1315 dubitationem.
1108 1289 1186 1321 Quod
1201 1295 1306 1317 certum
1332 1297 1386 1325 est,
1411 1292 1433 1318 si
1454 1292 1601 1319 consilium
1618 1292 1768 1327 accipiatur
1787 1300 1833 1327 pro

203 1332 263 1366 ipso
276 1331 392 1365 judicio,
406 1338 453 1358 seu
465 1331 612 1363 sententia,
627 1338 681 1366 qua
700 1337 746 1365 per
761 1330 896 1357 rationem
916 1332 1099 1365 concluditur,
1117 1333 1181 1368 quid
1196 1334 1232 1360 sit
1251 1335 1396 1369 agendum.
1409 1334 1468 1367 Quo
1490 1340 1568 1370 pacto
1592 1336 1736 1363 consilium
1756 1336 1831 1362 etiam

203 1376 230 1402 in
245 1375 298 1402 Deo
314 1374 377 1409 poni
393 1379 493 1408 potest.
510 1374 537 1401 Si
557 1382 622 1401 vero
637 1373 783 1401 consilium
798 1373 949 1407 accipiatur
966 1382 1015 1409 pro
1035 1377 1219 1412 inquisitione
1242 1379 1276 1405 de
1288 1387 1330 1412 eo,
1350 1379 1422 1413 qttod
1443 1385 1484 1406 est
1498 1380 1632 1414 agendum
1650 1388 1658 1406 :
1674 1380 1715 1407 sic
1728 1380 1831 1414 quidem

203 1420 230 1446 in
247 1420 325 1446 nobis
343 1418 464 1453 procedit
478 1418 624 1446 consilium
641 1425 674 1445 ex
686 1416 841 1452 ignora-tia
854 1422 880 1444 ει
894 1417 1081 1454 dubitatione;
1099 1422 1125 1448 in
1144 1422 1256 1450 Christo
1273 1423 1365 1450 tamen
1393 1427 1497 1450 tantum
1519 1424 1685 1451 connotabat
1710 1432 1833 1459 progres-

204 1471 264 1491 sum
280 1463 313 1490 ab
327 1470 382 1490 uno
393 1462 426 1489 ad
440 1462 567 1493 alterum,
585 1462 688 1496 absque
703 1460 858 1494 ignorantia
871 1461 912 1488 vel
928 1461 1024 1491 dubio.
1039 1465 1094 1493 Nec
1110 1467 1162 1494 hoc
1172 1469 1260 1502 magis
1271 1473 1312 1494 est
1330 1468 1487 1500 absurdum,
1513 1476 1595 1502 quant
1621 1469 1693 1503 quod
1711 1469 1834 1496 Christus

203 1508 382 1535 discurrendo
411 1513 459 1540 per
485 1505 663 1538 intellectum,
690 1504 854 1539 procedebat
875 1512 890 1532 a
914 1507 1064 1540 praemissis
1082 1510 1163 1543 notis,
1185 1511 1218 1537 ad
1245 1511 1450 1538 conclusionem
1474 1516 1588 1544 notam;
1611 1511 1676 1539 licet
1697 1513 1836 1540 discursus

203 1552 308 1579 dicatur
320 1558 381 1578 esse
396 1558 410 1577 a
428 1554 493 1576 noto
508 1551 542 1576 ad
557 1549 702 1584 ignotum:
730 1549 778 1577 sed
798 1549 850 1577 hoc
873 1557 921 1583 per
944 1551 1081 1585 accidens,
1096 1560 1124 1581 ut
1138 1559 1213 1590 patet
1233 1555 1315 1582 etiam
1336 1556 1363 1582 in
1384 1556 1443 1583 viro
1465 1556 1557 1588 docto,
1582 1564 1643 1583 cum
1666 1557 1835 1592 syllogismos

203 1596 269 1623 facit
288 1595 322 1622 de
345 1594 522 1622 conclusione
547 1594 601 1621 sibi
632 1601 686 1620 nctt
707 1594 811 1629 ignota.
836 1593 916 1628 Ergo,
942 1595 1016 1632 sicut
1032 1596 1158 1626 Christus
1179 1599 1230 1626 fuit
1254 1600 1414 1626 discut-sinus
1441 1600 1500 1627 sine
1519 1600 1706 1634 dubitatione;
1732 1602 1767 1628 ita
1788 1602 1836 1628 fuit

203 1640 284 1667 etiam
300 1639 482 1665 consiliutivus
497 1637 558 1664 sine
572 1637 737 1672 ignorantia,
763 1643 816 1666 etc.
845 1637 902 1665 Nisi
927 1639 989 1673 quis
1005 1642 1155 1668 secundum
1181 1644 1358 1673 sententiam,
1383 1651 1444 1678 qum
1474 1648 1553 1678 negat
1575 1645 1714 1672 Christum
1741 1646 1835 1672 habere

204 1686 348 1713 scientiam
365 1683 530 1718 acquisitam
555 1691 569 1709 a
592 1683 681 1717 primo
704 1683 816 1710 instanti
834 1683 1041 1718 incarnationis,
1061 1684 1152 1712 dicere
1174 1687 1247 1717 velit,
1265 1688 1372 1715 ratione
1395 1688 1514 1715 scientiae
1537 1689 1662 1721 practice:
1689 1691 1834 1724 acquisita;

203 1739 265 1758 eum
283 1729 411 1756 habuisse
432 1727 576 1755 consilium
599 1727 719 1754 secundo
739 1728 819 1754 modo
835 1733 975 1762 sumptum
992 1729 1025 1756 de
1040 1737 1085 1761 eo,
1101 1729 1175 1763 quod
1190 1731 1339 1762 nesciebat,
1355 1738 1409 1757 non
1425 1731 1595 1765 simpliciter,
1617 1733 1663 1759 sed
1687 1741 1736 1767 per
1750 1735 1835 1760 svien-

204 1776 270 1802 tiam
283 1774 456 1808 acquisitam.
476 1773 532 1800 Etsi
547 1772 682 1800 dubitatio
692 1772 774 1800 etiam
788 1773 831 1800 ltic
848 1773 982 1800 removeri
995 1773 1084 1800 debet.
1098 1773 1192 1810 Neque
1211 1782 1284 1802 enim
1301 1774 1327 1801 in
1348 1775 1459 1802 Christo
1475 1775 1547 1802 ullus
1565 1775 1616 1802 fuit
1630 1781 1710 1804 actus
1733 1778 1835 1804 ittlt'llc-

204 1819 304 1846 ctualis
318 1817 497 1845 dubitativus.

238 1862 306 1890 Esse
321 1865 410 1888 autem
429 1862 455 1888 ιιι
470 1860 580 1888 Christo
601 1860 758 1894 consilium,
772 1862 882 1889 videtur
905 1862 986 1889 etiam
1005 1862 1116 1897 planum
1138 1863 1195 1891 tieri
1211 1871 1242 1892 ex
1266 1871 1310 1897 eo,
1326 1863 1399 1898 quod
1417 1864 1451 1891 ab
1469 1863 1542 1892 Isaia
1563 1864 1612 1900 (Ix,
1629 1866 1656 1899 ti)
1687 1866 1838 1900 appellatur

204 1907 293 1942 magni
309 1905 416 1932 consilii
432 1903 553 1940 angelus.
573 1903 623 1931 Ubi
640 1913 740 1933 nomen
756 1907 862 1934 consilii
887 1914 941 1932 non
958 1911 1063 1934 tantum
1079 1906 1236 1941 improprie,
1254 1913 1304 1940 pro
1325 1913 1436 1941 guume,
1452 1914 1500 1933 seu
1520 1908 1667 1939 sententia,
1682 1908 1729 1934 sed
1755 1908 1835 1934 etiam

205 1959 253 1985 pro
269 1951 326 1984 ipsa
344 1949 523 1983 inquisitione
537 1950 705 1984 agendorum
726 1950 812 1984 accipi
827 1954 927 1985 potest.

241 1994 280 2020 Ad
293 1997 400 2019 sextum
413 1998 603 2027 argumentum
615 1992 706 2020 Photii
721 1994 912 2028 respondetur,
939 1992 975 2020 nil
993 1993 1066 2021 aliud
1083 1993 1202 2028 probari,
1217 2001 1298 2028 quam
1323 1993 1490 2020 \olunlalcm
1511 1994 1664 2028 gnomicam
1684 2002 1736 2020 tton
1754 1994 1836 2021 luESse

206 2039 231 2063 in
245 2037 355 2063 Christo
370 2043 433 2062 cum
450 2036 638 2070 peccabilitate
656 2045 662 2062 τ
676 2045 737 2070 qua:
751 2044 804 2063 non
820 2041 860 2064 est
877 2036 1018 2071 perfectio,
1035 2036 1081 2063 sed
1097 2035 1278 2070 impcrfectio.

239 2081 278 2107 Ad
295 2081 441 2113 septimum
455 2079 634 2114 respondetur
646 2081 740 2107 eodem
762 2081 854 2107 modo.
865 2079 925 2107 Non
939 2080 1011 2107 enitn
1027 2084 1069 2107 est
1083 2080 1116 2106 de
1130 2081 1235 2111 ratione
1250 2079 1399 2106 voluntatis
1411 2079 1555 2114 gnotniczc,
1574 2084 1602 2106 ut
1620 2080 1709 2114 possit
1727 2079 1837 2107 tendere

206 2124 232 2152 in
254 2125 354 2150 hortum
372 2124 435 2150 etin
454 2123 555 2149 tnaltttn
574 2133 580 2149 :
601 2123 673 2150 sicut
693 2131 781 2158 neque
797 2129 838 2151 est
854 2125 886 2151 de
902 2124 1008 2150 ratione
1022 2123 1099 2150 liberi
1115 2123 1230 2155 arbitrii,
1245 2127 1273 2150 ut
1292 2127 1366 2158 patet
1384 2123 1409 2149 in
1427 2123 1491 2155 Deo,
1508 2128 1560 2150 etc.

240 2168 280 2195 Ad
298 2168 334 2199 id,
348 2167 419 2202 quod
441 2166 557 2194 Pltotins
582 2168 655 2194 addit
673 2168 706 2194 de
723 2169 863 2194 voluntate
890 2167 984 2194 divina
1011 2167 1148 2202 gnomica,
1173 2167 1379 2201 respondetur:
1407 2166 1573 2194 voluntatem
1597 2167 1718 2194 divinam
1736 2167 1838 2194 Christi

205 2212 359 2247 gnomicam
385 2211 498 2238 cnlitate
522 2219 581 2238 esse
602 2219 682 2238 unam
703 2212 881 2246 eamdemque
903 2219 965 2238 cum
987 2211 1125 2238 voluntate
1141 2209 1240 2242 Patris,
1262 2215 1290 2237 et
1311 2209 1428 2244 Spiritus
1441 2212 1538 2237 sancti.
1553 2209 1629 2237 Sicut
1647 2211 1728 2237 etiam
1747 2218 1798 2236 una
1810 2216 1838 2236 et

206 2256 300 2283 eadem
317 2260 371 2287 est,
388 2255 478 2289 quoad
495 2259 597 2282 actum.
614 2255 641 2281 Si
660 2257 732 2282 enim
750 2255 878 2282 voluntas
902 2255 1028 2290 gnontica
1045 2254 1185 2281 hominum
1204 2262 1258 2280 non
1270 2254 1445 2286 distinguitur
1467 2262 1481 2280 a
1504 2254 1642 2281 voluntate
1656 2254 1772 2281 naturali
1794 2262 1837 2280 se-

206 2300 325 2327 cundntn
343 2300 498 2330 cutitatcm,
516 2299 600 2326 ntulto
618 2299 710 2326 minus
720 2299 905 2333 distinguetur
922 2298 948 2325 in
966 2298 1076 2325 divinis.
1090 2297 1124 2324 Et
1138 2298 1263 2333 quamvis
1277 2298 1304 2324 in
1318 2298 1486 2331 hominibus,
1507 2299 1596 2332 quoad
1614 2303 1717 2330 actum,
1733 2298 1836 2325 dill'crat

205 2344 331 2371 voluntas
379 2342 515 2377 gnoniica,
557 2351 611 2369 non
636 2343 729 2376 modo,
759 2347 895 2377 quatenus
931 2341 1105 2370 individualis
1150 2348 1228 2370 actus
1268 2343 1351 2370 unius
1385 2350 1438 2370 non
1471 2348 1511 2370 est
1546 2343 1722 2370 iudividnalis
1762 2349 1839 2369 actus

204 2389 338 2415 alterius:
372 2387 418 2414 Sed
452 2387 545 2418 etiam,
580 2392 716 2421 quatenus
750 2394 820 2413 unus
858 2386 925 2417 vult,
964 2387 1031 2412 alter
1060 2393 1114 2412 non
1151 2386 1218 2417 vult,
1248 2391 1278 2412 ut
1304 2390 1440 2419 quatenus
1469 2388 1520 2414 iste
1549 2388 1604 2414 vult
1651 2387 1744 2418 dulce,
1773 2388 1837 2413 alter

206 2439 343 2463 amarum,
377 2437 404 2458 et
434 2431 474 2458 sic
499 2431 548 2458 sibi
576 2437 672 2458 tnutuo
701 2431 736 2457 ob
770 2430 859 2457 varias
875 2432 1025 2457 sententias
1041 2436 1192 2466 repugnant
1207 2440 1212 2457 :
1232 2435 1323 2458 tamen
1339 2431 1366 2458 in
1381 2431 1481 2458 divinis
1497 2432 1549 2459 hoc
1561 2440 1614 2458 non
1630 2433 1676 2459 lit:
1698 2432 1747 2459 Sed
1763 2436 1840 2458 actus

205 2477 354 2504 voluntatis
368 2476 449 2502 unius
465 2482 598 2509 personze,
617 2479 659 2501 est
687 2474 849 2508 simpliciter
866 2473 948 2500 etiam
971 2479 1049 2501 actus
1077 2475 1190 2501 alterius
1220 2475 1373 2502 secundum
1397 2476 1552 2502 entitatem.
1573 2475 1629 2502 Nec
1645 2484 1699 2502 una
1721 2482 1838 2510 persona

205 2521 263 2548 vult
280 2521 341 2552 hoc,
359 2520 412 2546 alia
429 2518 504 2551 illud,
521 2522 633 2553 propter
648 2517 771 2553 ejusdem
794 2526 909 2546 nurnero
923 2524 1038 2549 naturae.
1051 2522 1079 2545 et
1094 2523 1292 2552 consequenter
1305 2519 1452 2546 voluntatis
1468 2520 1747 2547 connnnnicattonem
1765 2528 1771 2545 :
1792 2519 1839 2545 εει

205 2565 347 2591 numerica
368 2563 425 2590 lucc
444 2562 583 2589 distinctio
601 2567 722 2594 actuum,
741 2567 767 2589 et
783 2564 962 2597 repugnantia
980 2561 1052 2589 circa
1068 2559 1187 2593 objecta,
1204 2568 1259 2586 non
1271 2564 1315 2587 est
1332 2561 1494 2596 simpliciter
1509 2562 1543 2588 de
1563 2562 1669 2588 ratione
1686 2562 1842 2588 voluntatis

207 2606 350 2641 gnomieaz,
365 2605 398 2632 ad
408 2605 487 2638 cujus
503 2605 637 2631 rationem
651 2605 703 2631 hoc
720 2608 824 2631 tantum
841 2605 969 2639 pertinet,
983 2608 1012 2630 ut
1025 2603 1060 2631 sit
1074 2602 1191 2637 alicujus
1205 2603 1349 2635 individui,
1366 2609 1394 2630 et
1406 2605 1597 2638 proliciscatur
1613 2613 1646 2632 ex
1663 2612 1776 2639 gnomc,
1793 2611 1839 2631 seu

207 2651 340 2677 sententia
355 2650 520 2684 decretoque
532 2649 647 2676 rationis
662 2649 736 2677 circa
753 2650 862 2685 agibile,
879 2655 905 2677 et
921 2653 1089 2680 utvcrsctur
1105 2648 1178 2675 circa
1193 2648 1333 2682 ohjectum
1349 2649 1496 2677 voluntatis
1510 2650 1674 2682 conditione,
1694 2650 1736 2676 vel
1752 2650 1839 2684 qualt~

207 2699 264 2721 tate
275 2694 364 2728 aliqua
378 2694 517 2726 allectum,
539 2698 569 2721 ut
582 2698 624 2720 cst
641 2699 746 2721 tantum
764 2694 805 2721 vel
818 2699 934 2725 tantum,
952 2694 1031 2720 dulce
1045 2692 1086 2719 vel
1103 2699 1239 2718 amarum.
1261 2693 1291 2719 lit
1307 2693 1381 2727 quod
1397 2694 1425 2720 in
1440 2694 1541 2721 divinis
1562 2701 1617 2720 non
1633 2694 1667 2720 sit
1686 2701 1843 2728 repugnan-

207 2738 244 2765 tia
257 2737 417 2770 voluntatis,
433 2745 484 2764 nec
501 2737 590 2772 quoad
611 2742 713 2771 actum,
735 2745 785 2765 nec
804 2738 895 2772 quoad
918 2738 1032 2765 volitum
1052 2736 1178 2768 formale,
1201 2736 1242 2763 vel
1262 2737 1416 2769 materiale,
1437 2738 1463 2765 id
1484 2738 1514 2765 lit
1536 2743 1647 2772 propter
1671 2738 1842 2764 identitatcm

206 2781 330 2817 ejusdem
345 2785 461 2808 naturzc.
476 2780 510 2807 Et
525 2781 548 2807 si
569 2781 594 2807 in
614 2782 750 2814 humanis,
769 2782 842 2808 verbi
859 2781 957 2816 gratia,
976 2786 1030 2808 tres
1049 2788 1172 2815 personae
1186 2782 1434 2815 communicarent,
1450 2787 1477 2809 ει
1489 2782 1696 2817 suppositarent
1714 2783 1843 2808 eamdem

206 2831 343 2858 naturam,
359 2832 412 2852 non
430 2829 504 2852 esset
516 2823 598 2851 etiam
615 2825 669 2851 ulla
686 2825 835 2852 diversitas
849 2826 876 2852 in
894 2825 1052 2858 voluntate;
1071 2830 1099 2851 et
1115 2829 1204 2851 tatncn
1227 2824 1329 2858 optime
1344 2832 1488 2860 possemus
1503 2825 1540 2853 ibi
1556 2825 1725 2853 constituere
1745 2824 1847 2852 volun—

207 2875 291 2897 tatem
306 2868 471 2904 gnomicam,
490 2876 523 2898 eo
535 2868 628 2903 modo,
643 2876 698 2904 quo
718 2869 843 2899 voluntas
855 2869 909 2897 ista
924 2869 1058 2897 hactcnus
1076 2868 1210 2902 explicata
1227 2872 1280 2895 est.
