1880 3057
161 142 208 174 551

735 146 867 177 ΡΗΟΤΙΙ
885 145 1138 177 ΡΛΤΒΙΑΒΟΗᾸΞ
1158 147 1211 178 CP.

1741 150 1792 182 552

159 197 327 230 incredibile.
349 198 422 226 circa
448 199 544 228 horam
557 200 678 233 tertiam,
694 205 724 228 ιιι
741 201 875 229 ebrietate
889 209 901 227 a

1050 210 1091 228 τον
1101 202 1212 235 (καίτοι
1227 202 1282 229 τῶν
1296 203 1417 239 βοτρύων
1430 203 1509 232 οὔπω
1522 205 1590 240 πρὸς
1607 205 1684 242 ὡραν
1697 206 1792 239 ὅντων.

158 245 220 272 stoli
248 249 425 279 tenerentur,
452 246 579 275 homines
600 247 711 275 virtutis
736 255 893 282 praacones,
921 252 948 275 et

158 292 228 319 inter
253 292 380 320 timorem
406 298 434 321 et
459 294 581 328 pericula
601 295 733 322 continuo
757 299 886 331 agentes;
913 294 947 322 ad

156 338 306 372 potationis
331 340 483 366 novitatem
508 340 672 376 confugiunt
699 341 775 376 (cum
797 348 856 368 uva:
876 348 946 368 non-

155 383 221 411 dum
235 389 435 418 maturuerant,
454 386 500 413 sed
515 390 655 414 terrenum
669 387 812 414 humorem
826 387 853 414 in
865 386 947 414 ﬂores

156 430 336 466 eliquarent),
353 436 379 458 et
395 439 410 458 a
431 432 564 466 qualitate
581 432 749 467 compiicant
767 433 946 466 calumniam,

159 483 168 501 ι
188 475 279 507 Musti,
297 476 434 508 dicentes,
454 477 526 511 pleni
546 481 621 504 sunt.
641 487 650 503 ι
670 476 720 504 Ubi
749 476 823 505 enim
841 476 947 504 violens

156 526 184 548 et
207 529 328 557 praeceps
351 522 462 550 animus
479 523 552 550 haud
580 523 731 555 inhibetur,
757 523 783 550 id
809 523 897 550 solum
919 523 946 550 in

156 566 299 601 proposito
316 567 442 600 habetur,
462 575 517 594 non
534 561 563 594 ιιί
581 568 656 602 quod
673 575 826 602 congruum
841 571 883 594 est
897 574 948 594 nec

156 612 338 640 deridendum
362 614 479 645 dicatur,
507 613 555 642 sed
577 614 623 640 illa
643 613 736 649 potius
761 612 946 648 proferantur,

157 665 205 692 per
219 665 281 693 qum
295 658 379 685 animi
396 658 505 686 furores
532 663 559 686 et
574 659 759 686 absurditates
779 659 948 693 adimplean-

1002 247 1061 274 ἀλλ’
1077 247 1139 283 ἄρτι
1150 248 1200 284 τὴν
1221 249 1326 285 γεηρὰν
1340 250 1441 285 ἰκμάδα
1457 250 1497 282 είς
1509 250 1589 282 ἄνθος
1604 251 1796 287 ἀποτριεομὲ-

1001 293 1065 328 νων)
1096 295 1313 329 καταφεύγουσι,
1329 297 1376 322 καὶ
1390 298 1423 332 τῇ
1439 297 1564 332 ποιότητι
1575 298 1623 333 τὴν
1638 298 1720 333 ὓϐριν
1737 306 1796 325 συν-

1003 339 1199 373 διαπλέκουσι,
1215 350 1225 366 ι
1243 341 1378 374 Γλεύκους
1389 362 1396 374 ,
1420 343 1561 376 λέγοντες,
1587 345 1795 379 μεμεστωμένοι

1001 385 1080 412 εἰσίν.
1100 394 1109 411 ι
1132 386 1177 413 Ἐν
1189 384 1230 418 οἷς
1250 387 1305 422 γὰρ
1332 388 1362 414 τὸ
1378 388 1473 422 ἰταμὸν
1487 390 1536 423 τῆς
1555 388 1669 424 γνώμης
1694 390 1796 417 ἀκατά-

1002 438 1109 465 σχετον,
1126 432 1207 466 μόνος
1222 433 1369 468 πρόκειται
1395 434 1507 466 σκοπὸς,
1523 435 1572 469 οὐχ
1594 436 1669 467 ὅπως
1690 444 1719 462 τι
1737 436 1795 462 δέον

999 477 1045 502 καὶ
1060 477 1097 512 μὴ
1113 477 1318 512 καταγέλαστον
1328 479 1425 510 εἰπεῖν,
1437 480 1506 506 ἀλλὰ
1520 477 1600 507 δι’ὦν
1612 481 1645 508 ἄν
1662 490 1705 512 τις
1719 481 1796 516 τύχοι

999 522 1030 549 τὸ
1042 523 1176 557 μανιῶδες
1209 524 1257 550 καὶ
1273 524 1403 551 ἁλόκοτον
1419 525 1617 562 ἑμπλῆσαιτῆς
1632 527 1733 562 ψυχῆς,
1749 527 1797 552 καὶ

999 568 1050 603 τὴν
1075 569 1124 595 ἐπὶ
1149 570 1206 601 τοῖς
1231 571 1383 605 ὁρωμένοις
1399 571 1558 606 ἀμηχανίαν
1588 571 1794 609 παραμυθήσα-

1003 614 1082 640 σθαι.
1100 614 1145 640 Διὺ
1161 615 1208 642 καὶ
1225 616 1294 651 ὅπερ
1308 615 1399 648 ἔδοξαν
1418 616 1450 643 ὲκ
1478 618 1618 652 περινοίας
1643 619 1743 651 εἰπεῖν,
1757 618 1798 650 εἰς

1003 657 1104 693 πολλὴν
1120 658 1210 685 αὐτῶν
1232 659 1326 686 ἄνοιαν
1340 660 1388 686 καὶ
1402 660 1533 688 ἀπόνοιαν
1546 661 1670 697 τελευτᾷ.

157 709 213 739 tur,
237 711 263 733 et
288 705 435 734 diﬂicultas
459 707 487 734 in
512 707 553 735 eis
582 715 644 743 qua:
666 707 755 735 oculis
783 712 946 739 cernuntur,
964 706 1122 734 amoliatur.
1141 707 1277 740 Quocirca
1314 708 1388 743 quod
1405 708 1555 743 prudenter
1578 708 1683 735 dixisse
1718 708 1798 734 vide-

158 752 270 786 bantur,
292 753 429 789 insignem
448 755 591 782 stultitiam
609 759 636 782 et
650 754 804 781 fatuilatem
827 755 950 789 ipsorum
971 754 998 781 in
1017 753 1072 782 ﬁne
1086 756 1216 783 ostendit.

156 819 320 853 QUIESTIO
353 819 473 848 LXXXII
505 820 607 854 [CoisL
641 820 817 854 CCXLVIII,

455 855 611 883 coxxxrx
625 855 647 892 ].

157 902 294 936 Quomodo
310 910 361 930 non
379 907 417 930 eu
429 903 593 929 contrarium
612 910 714 929 attinere
728 909 819 929 nomen
834 901 944 928 Domini

435 937 484 964 Dei
505 937 532 964 in
550 938 665 964 vanum?

862 820 944 848 Taur.

1270 823 1440 849 ΕΡΩΊῊΣΙΣ
1459 823 1523 850 ΠΒ¹.

996 901 1063 934 Πῶς
1077 903 1133 929 οὺιι
1145 903 1231 930 ἔστιν
1253 902 1394 929 ἐναντίον
1403 903 1437 938 τὸ
1453 902 1558 929 λαϐεῖν
1574 902 1607 929 τὸ
1621 902 1716 938 ὄνομα
1741 904 1797 931 τοῦ

1154 938 1320 972 Ιςυρίουκαὶ
1342 937 1416 965 Θεοῦ
1427 937 1475 964 ἐπὶ
1497 937 1641 973 ματαίῳ;,

308 1009 380 1035 ldita
400 1017 414 1034 a
430 1008 500 1034 Rich.
519 1009 670 1034 Montacutio
685 1009 751 1034 Inter
770 1008 852 1034 Photii
863 1007 994 1040 epistolas,
1011 1008 1052 1033 ed.
1070 1008 1176 1038 Londin,
1191 1015 1232 1040 ep.
1250 1008 1305 1039 H7,
1325 1007 1358 1033 ad
1372 1007 1491 1033 Theodot.
1506 1015 1531 1040 p.
1542 1008 1598 1039 204,
1609 1008 1663 1033 sua.

191 1074 311 1101 Sumunt
326 1081 335 1100 ι
351 1073 398 1101 Dei
413 1081 511 1101 nomen
527 1073 553 1101 in
570 1081 669 1101 vanum
682 1073 718 1105 ",
737 1082 746 1098 ι
765 1072 835 1108 apud
851 1071 933 1100 Testa

1054 1072 1211 1108 ,αμϐάνουσι
1229 1081 1238 1098 ι
1250 1071 1281 1098 τὸ
1291 1071 1377 1108 ὄνομα
1389 1071 1492 1108 Κυρίου
1507 1071 1554 1098 τοῦ
1563 1073 1631 1100 οε)εοῦ
1644 1073 1734 1100 αὐτῶν
1749 1074 1796 1101 ἐπὶ

155 1124 279 1147 mentum
297 1119 391 1151 Vetus,
413 1119 459 1154 qui
484 1118 566 1146 idolis
595 1118 661 1145 illud
684 1118 905 1146 transcrihcbant
920 1121 948 1145 et

155 1165 339 1200 adaptabant;
357 1169 414 1192 tum
430 1164 479 1199 qui
502 1164 572 1191 falso
586 1163 744 1198 juramento
758 1163 945 1195 temerahant;

157 1217 215 1240 tum
232 1212 315 1239 etiam
333 1211 381 1246 qui
404 1211 438 1238 ad
458 1210 641 1237 scurrilitates
665 1213 712 1236 aut
727 1216 795 1236 vana
809 1208 947 1243 colloquia

155 1259 181 1286 id
198 1258 363 1285 tractabant.
379 1257 500 1284 Istorum
525 1255 637 1290 singuli,
661 1255 755 1282 divino
772 1254 894 1286 nomine,
917 1257 947 1280 ut

157 1312 187 1332 re
208 1304 362 1331 frustranea
388 1303 536 1330 utebantur
551 1310 558 1329 :
573 1302 603 1329 In
623 1300 699 1328 Novo
721 1301 758 1328 illi
782 1301 945 1331 abuluntnr,

155 1357 217 1377 cum
233 1354 329 1377 contra
344 1349 416 1383 quod
431 1347 552 1375 sancitur
565 1347 634 1382 lege,
642 1346 829 1382 jurejurando
846 1353 944 1373 nomen

155 1396 216 1431 ejus
239 1395 401 1430 subjiciunt.
427 1393 542 1429 Oportet
562 1393 634 1421 enim
655 1392 701 1427 qui
726 1392 778 1419 sub
792 1391 879 1426 gratia
905 1390 946 1418 vi-

157 1447 234 1476 vuut,
249 1441 397 1477 perfectius
412 1440 476 1476 quid
489 1439 634 1474 'prioribus
650 1438 800 1472 possidere.
824 1437 894 1464 Tum
919 1441 947 1464 et

157 1489 195 1516 illi
214 1489 259 1523 qui
287 1487 385 1514 Filium
413 1495 428 1513 a
450 1490 563 1521 paterna
586 1483 739 1512 substantia
761 1483 892 1515 alienant,
918 1486 947 1510 et

156 1543 219 1562 cum
242 1533 377 1562 creaturis
393 1532 502 1565 locant;
521 1538 553 1558 ac
568 1535 659 1558 tamen
681 1529 755 1557 velut
770 1529 945 1564 pmnitentes,

155 1581 236 1608 titulo
249 1578 362 1607 deitatis
377 1585 440 1605 cum
466 1578 627 1611 adoptatum
657 1579 758 1602 ornant
773 1583 780 1601 :
794 1574 846 1608 Qui
871 1574 945 1602 enim

156 1628 197 1655 sic
214 1625 349 1654 creaturis
364 1625 410 1652 Dei
427 1631 529 1651 nomen
549 1622 698 1658 applicant,
713 1620 869 1656 prodigiose
893 1629 902 1646 ι
918 1619 945 1646 in

156 1681 257 1701 vanum
274 1682 283 1699 )
306 1675 429 1699 sumunt.
452 1669 504 1697 Sed
522 1672 550 1696 et
564 1668 611 1703 qui
630 1675 680 1703 per
695 1665 899 1694 controversias
919 1669 946 1692 et

155 1717 387 1748 concertationes,
409 1721 539 1750 tanquam
563 1721 579 1741 e
603 1712 684 1741 trivio
706 1711 773 1748 quid
792 1715 944 1746 arreptum,

999 1117 1124 1153 ματαίῳ·
1147 1127 1156 1143 ι
1173 1118 1197 1144 oi
1211 1117 1261 1153 μὲν
1274 1118 1324 1152 τῆς
1347 1117 1479 1150 Παλαιᾶς,
1497 1117 1617 1150 εἰδώλοις
1639 1118 1706 1145 αὐτὸ
1716 1127 1797 1154 περι-

997 1164 1131 1195 άπτοντες
1153 1163 1202 1191 καὶ
1231 1163 1434 1199 περιτιθέντες,
1451 1164 1499 1190 καὶ
1520 1164 1545 1190 oi.
1563 1163 1686 1200 ὲπιόρκῳ
1725 1165 1798 1192 καθ-

997 1209 1156 1245 υϐρίζοντες
1170 1209 1245 1244 ὅρκῳ
1256 1230 1264 1243 ,
1280 1209 1328 1236 καὶ
1352 1209 1385 1245 δὴ
1408 1210 1456 1236 καὶ
1471 1209 1675 1245 εὐτραπελίαις,
1691 1210 1709 1246 ἦ
1723 1219 1798 1237 τισιν

997 1255 1092 1286 ἄλλαις
1120 1256 1332 1290 συνεφέλκοντες
1362 1255 1430 1282 αὐτὸ
1472 1255 1659 1291 ἀργολογίαις.
1674 1256 1798 1290 (Τούτων

997 1301 1050 1336 γὰρ
1062 1301 1187 1333 ἕκαστος,
1201 1301 1239 1333 ὼς
1253 1301 1356 1337 ματαίᾳ
1368 1302 1501 1337 κέχρηται
1516 1303 1549 1337 τῇ
1562 1301 1610 1328 τοῦ
1621 1301 1690 1328 Θεοῦ
1706 1310 1797 1337 προσ-

997 1346 1121 1382 ηγορίᾳ.)
1147 1347 1179 1373 Ol.
1194 1347 1222 1374 δὲ
1246 1347 1296 1382 τῆς
1308 1347 1396 1379 Νέας·
1421 1347 1563 1380 ὲπειδ’ἃν,
1581 1348 1658 1383 παρὰ
1684 1348 1728 1374 τὸν
1750 1357 1799 1374 τε-

997 1391 1078 1419 θέντα
1094 1392 1187 1428 νόμον,
1202 1393 1276 1428 ὅρκῳ
1303 1391 1353 1427 τὴν
1376 1391 1461 1419 αὑτοῦ
1485 1392 1713 1419 καθυποόἀλλωσι
1727 1393 1800 1428 κλῆ-

998 1446 1050 1465 σιν.
1075 1439 1122 1465 Δεῖ
1143 1439 1198 1474 γάρ
1208 1447 1235 1465 τι
1260 1438 1426 1475 τελειότερον
1442 1439 1505 1470 τοὺς
1520 1439 1548 1465 ὲν
1563 1440 1595 1474 τῇ
1612 1439 1716 1474 χάριτι,
1738 1439 1798 1466 τῶν

996 1484 1052 1519 πρὸ
1063 1484 1176 1520 ταύτης,
1192 1483 1274 1520 ἔχειν.
1292 1485 1409 1511 Ἔπειτα
1422 1484 1462 1518 δὲ,
1481 1484 1528 1512 καὶ
1543 1485 1567 1511 οι
1582 1485 1628 1511 τὸν
1641 1485 1706 1511 Υίὺν
1719 1485 1799 1512 ἅλλο-

996 1530 1136 1566 τριοῦντες
1151 1531 1202 1566 τῆς
1215 1530 1355 1565 πατρικῆς
1378 1531 1483 1563 οὐσίας,
1499 1531 1548 1558 καὶ
1566 1531 1638 1565 μετὰ
1654 1531 1710 1557 τῶν
1732 1540 1798 1558 κτι-

998 1577 1110 1611 σμάτων
1123 1575 1254 1608 τιθέντες,
1266 1573 1334 1604 Εἶτα
1348 1576 1443 1609 πάλιν,
1454 1575 1551 1612 ὥσπερ
1561 1577 1593 1603 ἐκ
1610 1577 1799 1612 μεταμελείας

1000 1622 1041 1653 εἰς
1067 1621 1117 1657 τὴν
1139 1621 1189 1657 τῆς
1211 1621 1338 1656 θεότητος
1359 1621 1441 1649 αὐτὸν
1471 1621 1655 1654 είσποιοῦντες
1679 1622 1797 1658 κλῆσιν.

996 1666 1136 1701 Κτὶσματι
1160 1666 1214 1702 γὰρ
1242 1663 1316 1693 οὗτοι
1337 1666 1368 1693 τὸ
1388 1666 1460 1694 θεῖον
1478 1666 1565 1702 ὄνομα
1592 1668 1796 1702 περιτιθέντες,

998 1712 1124 1744 ἐκτόπως
1147 1712 1213 1738 αὐτὸ
1238 1711 1457 1748 ματαιοποιοῦσι.
1482 1713 1538 1739 Καὶ
1552 1713 1596 1749 δὴ,
1611 1713 1658 1741 καὶ
1689 1714 1715 1740 ol
1732 1716 1799 1746 ταῖς

156 1763 220 1795 huc,
235 1762 311 1794 illuc,
330 1766 360 1788 ut
386 1760 453 1788 aleis
471 1760 609 1792 ludentes,
626 1758 742 1794 agitant,
768 1762 796 1784 et
814 1764 876 1784 cum

1054 1759 1150 1790 mva;
1163 1745 1302 1793 ἁμίλλαις,
1326 1757 1421 1794 ὥσπερ
1444 1767 1472 1786 τι
1495 1759 1549 1785 τῶν
1562 1745 1710 1795 τυχόντων,
1724 1745 1796 1787 αὑτό

156 1809 213 1836 nitu
233 1806 402 1835 transferunt
416 1815 423 1834 :
439 1806 491 1833 hoc
503 1810 594 1832 autem
610 1807 742 1839 praestant
757 1807 880 1834 strenue,
898 1801 946 1837 qui

157 1854 291 1882 luercticis
317 1853 420 1881 scholis
447 1855 625 1879 evanescunt.
652 1850 807 1876 Etiamnum
838 1855 948 1883 quoque

158 1911 167 1926 ι
186 1901 213 1927 in
234 1907 337 1927 vanum
353 1908 362 1925 ι
388 1902 502 1926 sumunt
517 1904 619 1924 nomen
639 1895 746 1923 Domini
770 1894 873 1929 Deique
894 1901 947 1921 no-

154 1946 216 1981 stri,
239 1945 286 1981 qui
303 1945 405 1972 audent
421 1944 492 1971 tueri
516 1942 717 1970 indiil'crentem
737 1948 794 1968 rem
814 1947 876 1967 esse
897 1947 945 1967 seu

153 1992 268 2023 Christi,
282 1992 340 2019 sive
353 1989 513 2018 Antichristi
530 1989 678 2024 imaginem
696 1988 796 2019 facere,
813 1990 860 2013 aut
873 1986 946 2013 idola

154 2037 268 2073 paganis
293 2036 359 2063 olim
392 2035 476 2063 culta.
510 2034 559 2062 Isti
594 2041 701 2065 omnes,
734 2037 866 2068 quantum
897 2039 946 2068 per

154 2083 299 2110 audaciam
337 2081 459 2116 ipsorum
492 2083 627 2115 possunt,
660 2079 765 2105 Domini
791 2085 891 2105 nomen
920 2082 947 2105 et

154 2128 368 2164 appellationem
395 2127 580 2154 frustraneatn
608 2125 725 2153 reddunt
755 2128 782 2152 et
809 2124 944 2152 inutilem.

154 2174 208 2202 Par
231 2178 273 2202 est
289 2173 362 2201 cnim
383 2172 496 2200 omnino
519 2171 566 2199 Dei
592 2178 691 2198 nomen
709 2170 894 2197 venerandum
918 2173 947 2196 et

154 2221 327 2249 adorandum
339 2219 511 2251 existimare,
526 2225 615 2252 neque
623 2216 789 2252 iuramentis
801 2214 945 2248 oblectari,

154 2277 206 2296 nec
227 2267 359 2304 perjuriis
384 2265 443 2302 (Dei
465 2266 576 2299 nomen)
603 2263 761 2300 profanare,
787 2270 836 2290 nec
867 2261 946 2288 idolis

154 2316 307 2350 adoptare:
334 2321 409 2347 nea,
443 2316 472 2339 ut
501 2311 632 2339 insanivit
658 2311 740 2338 Arius
756 2330 764 2342 ,
791 2314 944 2337 creaturam

158 2360 287 2388 deiﬁcare
310 2359 338 2386 in
362 2357 539 2394 opprobrium
554 2355 707 2388 Creatoris,
720 2362 809 2390 neque
823 2361 881 2381 rem
902 2353 945 2380 in-

155 2405 329 2434 ditIerentcm
342 2409 449 2439 putare,
459 2403 495 2435 ei,
508 2402 556 2437 qui
568 2401 728 2428 meruitltoc
740 2407 850 2433 nomen,
861 2404 886 2426 et
897 2399 944 2434 qui

153 2452 322 2481 contrarium
344 2451 459 2479 sortitus
484 2456 536 2482 εει,
562 2448 715 2484 applicare;
731 2453 785 2473 non
808 2436 984 2474 lnereticisD

152 2498 347 2534 logomacliiis,
359 2497 435 2525 velut
449 2496 518 2526 alea.
534 2494 646 2528 ludere;
662 2500 716 2521 non
728 2491 875 2527 superﬂuis
890 2499 948 2520 ma-

154 2545 288 2580 tazologiis
305 2543 475 2579 quibuslibet
498 2541 665 2573 immiscere,
690 2542 738 2566 aut
755 2545 920 2573 componere
938 2547 945 2566 :

153 2592 201 2620 sed
218 2590 410 2619 tantummodo
421 2588 595 2616 salutiferam
613 2589 641 2614 et
658 2584 829 2613 adorandum
846 2592 946 2612 nomen

152 2640 187 2667 ad
204 2644 378 2666 communem
394 2641 527 2670 usurpare
543 2633 701 2664 utilitatem,
717 2632 745 2659 in
757 2631 846 2659 sacris
858 2631 946 2666 preci-

153 2685 217 2716 bus,
244 2682 391 2719 mysteriis,
415 2686 442 2709 et
457 2680 586 2715 congruis
601 2678 744 2707 doctrinis.
768 2676 831 2704 Ilzec
857 2681 894 2710 tu,
921 2677 944 2704 si

153 2731 269 2764 caveris,
286 2727 458 2757 observando
473 2725 554 2754 simul
571 2725 637 2758 eris,
663 2729 736 2752 recte
759 2724 797 2751 ita
820 2727 944 2750 statuens

996 1800 1048 1830 ὧδε
1080 1804 1206 1836 κάκεῖσε,
1228 1803 1273 1831 οἷα
1298 1805 1330 1839 δὴ
1353 1805 1447 1837 κύΰοις
1475 1805 1630 1838 παίζοντες,
1652 1807 1799 1841 περιστρέ-

997 1858 1094 1884 φοντες
1118 1850 1166 1877 καὶ
1177 1851 1415 1883 διακωδωνιῶντες
1425 1859 1433 1866 ⁸
1447 1852 1515 1887 ὅπερ
1528 1852 1647 1887 μάλιστα
1667 1853 1796 1879 ποιοῦσιν

997 1897 1021 1922 oi.
1033 1897 1094 1928 ταῖς
1118 1898 1271 1932 αἱρετικαίς
1306 1898 1525 1933 ὲμματαῖζοντες
1551 1899 1672 1934 λέσχαις.
1692 1900 1798 1927 Ἐτιδὲ

996 1941 1165 1977 λαμϐάνουσι
1178 1943 1227 1970 καὶ
1240 1943 1287 1970 νῦν
1301 1952 1310 1969 ι
1327 1944 1373 1970 ἐπὶ
1390 1944 1498 1980 ματαίῳ
1511 1954 1520 1971 ι
1538 1945 1569 1971 τὸ
1582 1945 1670 1979 ὄνομα
1684 1946 1798 1981 Κυρίου

996 1987 1044 2014 τοῦ
1058 1988 1126 2015 Θεοῦ
1142 1988 1231 2023 ἡμῶν,
1247 1989 1271 2014 oi
1281 1989 1429 2024 ἀδιάφορον
1447 1990 1601 2024 τολμῶντες
1625 1990 1714 2024 λέγειν
1741 1991 1798 2026 τήν

995 2042 1026 2060 τε
1045 2034 1164 2070 Χριστοῦ
1177 2035 1277 2068 εἰκόνα,
1295 2035 1343 2062 καὶ
1356 2035 1406 2071 τὴν
1418 2035 1465 2062 τοῦ
1479 2036 1668 2071 ’Δντιχρίστου
1686 2037 1746 2071 ἢτοι
1756 2037 1798 2064 τὰ

997 2079 1095 2106 εἴδωλα
1112 2080 1167 2106 τῶν
1187 2080 1353 2116 Ἑλληνικῶν
1370 2081 1560 2117 σεδασμάτων.
1576 2082 1680 2114 Πάντες
1698 2082 1752 2118 γὰρ
1767 2084 1797 2110 οἱ

995 2125 1130 2158 τοιοῦτοι,
1164 2125 1282 2160 ματαίαν
1311 2127 1359 2154 καὶ
1381 2127 1509 2162 ἀνωφελῆ
1546 2128 1594 2162 τὴν
1622 2129 1798 2163 Δεσποτικὴν

998 2172 1194 2206 προσηγορίαν,
1211 2174 1240 2200 τό
1255 2181 1287 2207 γε
1309 2171 1377 2208 ἦκον
1396 2173 1437 2204 είς
1461 2173 1511 2208 τὴν
1527 2173 1618 2200 αὐτῶν
1630 2173 1656 2206 d,
1671 2175 1795 2209 ἀποφαί-

996 2225 1083 2257 νουσι,
1099 2217 1212 2252 τόλμαν.
1231 2219 1277 2244 Δεῖ
1293 2218 1348 2254 γὰρ
1365 2219 1449 2245 παντὶ
1463 2218 1558 2254 τρόπω
1573 2219 1622 2254 τὴν
1638 2219 1714 2246 θείαν
1727 2221 1795 2257 κλῆ-

998 2270 1050 2294 σιν,
1068 2256 1185 2298 ᾀρικτήν
1201 2272 1229 2289 τε
1245 2264 1293 2290 καὶ
1316 2264 1471 2300 σεῦασμίαν
1488 2266 1613 2300 ἡγεῖσθαι
1625 2275 1632 2282 ·
1656 2267 1704 2294 καὶ
1720 2268 1794 2302 μήτε

996 2309 1089 2344 ὅρκοις
1111 2310 1180 2341 ὅλως
1205 2309 1321 2346 χαίρειν,
1348 2311 1416 2346 μήτε
1442 2311 1621 2347 καθυὸρίςειν
1646 2313 1793 2349 ἐπιορκία-

997 2354 1066 2382 am
1095 2355 1165 2391 μηδὲ
1194 2356 1357 2390 περιάπτειν
1382 2357 1527 2387 εἰδώλοις·
1550 2358 1618 2392 μηδὲ
1647 2359 1717 2393 μετὰ
1741 2360 1796 2393 τὴν

1004 2401 1108 2437 Ἀρείου
1123 2402 1201 2429 νόσον
1212 2403 1346 2429 θεοποιεῖν
1358 2403 1406 2439 τὴν
1418 2403 1518 2436 κτίσιν,
1530 2403 1601 2430 κατὰ
1611 2403 1658 2430 τοῦ
1676 2404 1798 2431 Κτίσαν-

998 2455 1059 2480 τος·
1073 2449 1142 2483 μήτε
1162 2447 1213 2483 μὲν
1225 2448 1373 2483 ἀδιάφορον
1389 2449 1515 2484 ἡγεῖσθαι
1531 2450 1562 2476 τὸ
1579 2449 1682 2485 ταύτης
1705 2450 1796 2484 ἠξιω-

1000 2493 1081 2528 μένον
1098 2493 1148 2528 τῆς
1167 2494 1304 2529 κλήσεως,
1316 2494 1403 2521 καὶτὸ
1419 2494 1631 2530 κληρωσάμενον
1646 2495 1697 2531 τὴν
1712 2497 1797 2523 ὲναν-

997 2538 1074 2566 τίαν·
1101 2539 1163 2574 μηδ’
1180 2539 1331 2575 αἱρετικαίς
1352 2541 1495 2568 πεττεύειν
1516 2541 1583 2568 αὐτὸ
1595 2541 1794 2577 λογομαχίαις·

997 2584 1067 2612 ἀλλὰ
1086 2585 1155 2621 μηδὲ
1175 2587 1318 2622 περιτταῖς
1340 2595 1397 2614 τισι
1414 2587 1616 2622 συνανακιρνᾷν
1647 2586 1697 2613 καὶ
1727 2595 1796 2613 συν-

999 2631 1152 2667 αναφύρειν
1178 2632 1398 2667 ματαιολογίαις’
1414 2633 1444 2659 ὲν
1460 2632 1556 2668 μόναις
1571 2632 1600 2659 δὲ
1620 2633 1680 2663 ταῖς
1705 2632 1796 2667 tepet;

999 2678 1077 2713 ἡμῶν
1092 2678 1187 2713 εὐχαῖς
1200 2687 1230 2705 τε
1246 2679 1293 2706 καὶ
1305 2679 1429 2710 τελεταῖς
1453 2679 1501 2706 καὶ
1511 2679 1572 2710 ταῖς
1586 2678 1796 2714 προσηκούσαις

997 2723 1182 2757 διδασκαλίαις
1197 2730 1220 2757 θ,
1235 2725 1266 2751 τὸ
1293 2725 1427 2761 σωτήριον
1451 2725 1539 2752 ἐκεῖνο
1565 2725 1612 2752 καὶ
1634 2724 1796 2760 θαυμαστὸν

785 2790 903 2819 ΫΑΒῙΙΕ
919 2790 1126 2818 LECTIONES.

207 2855 220 2874 ιι
234 2855 300 2884 cod,
315 2853 387 2882 nou.
407 2852 459 2880 553
474 2851 494 2879 l'.
505 2851 556 2878 III
565 2850 645 2879 habet
659 2850 698 2882 είς
713 2849 762 2886 τὴν
778 2849 874 2885 αὑτήν,
916 2855 926 2869 ε
937 2848 1004 2877 Cod.
1024 2848 1309 2885 Μιιη.προσηκούσαις
1322 2859 1352 2878 τε
1368 2850 1518 2885 θεολογίαις
1531 2849 1792 2888 καὶήδιδασκαλίαις.

1806 2766 1822 2785 ὁ
