1880 3057
92 113 134 145 ,ω

457 113 508 143 AD
529 113 826 143 AMPHILOCHIUM
850 113 1023 149 QU/ESTIO
1040 115 1345 146 LXXXII-LXXXIV.

1657 116 1709 147 554

89 167 174 202 ὄνομα,
199 167 239 199 εἰς
259 166 350 202 κοινὴν
370 167 505 201 ὠφέλειαν
526 168 764 203 παραλαμϐάνειν.
799 169 820 195 Α
836 169 868 195 σὺ

959 169 986 195 ιι]
1000 175 1163 203 prmcoptum
1177 170 1351 204 praeclarum,
1368 178 1377 195 ι
1395 169 1455 197 Non
1469 178 1594 198 assumes
1610 180 1709 198 nomen

89 212 367 247 παραφυλαττόμενος.
385 212 513 247 φυλάξεις
523 221 552 239 τε
566 213 635 247 ἄμα,
653 213 700 239 καὶ
711 212 802 244 καλῶς
810 214 869 248 νοή-

89 265 149 293 σεις,
157 258 206 292 τὴν
222 257 296 284 θείαν
308 257 416 293 ἐκείνην
423 258 594 293 νομοθεσίαν,
607 259 656 294 τὴν
663 259 821 292 λέγουσαν,‹
833 259 871 285 οὐ

88 304 154 339 λήψῃ
162 303 192 330 τὸ
204 304 288 339 ὄνομα
303 304 405 338 Κυρίου
420 304 467 331 τοῦ
478 304 546 330 Θεοῦ
573 313 619 331 σου
649 305 695 331 ἐπὶ
721 304 839 339 ματαίῳ.
860 313 870 330 ι

347 361 515 387 ΕΡΩΤΗΣΙΣ
535 361 597 388 III“.

270 439 300 465 Τί
312 439 380 466 ἐστι
395 439 515 474 πνεῦμα
526 439 684 470 Πύθωνος;

923 213 1033 241 Domini
1051 213 1098 241 Dei
1113 214 1151 241 tui
1167 214 1193 240 in
1210 222 1310 241 vanum
1325 214 1359 241 “.
1378 223 1387 240 ι

995 354 1160 388 QUIESTIO
1191 355 1336 392 L_xxxur
1353 355 1467 392 ictam.
1497 357 1639 390 cex-LIX,

1205 390 1287 418 Taur.
1317 390 1405 418 CCLX
1415 391 1434 427 1.

1107 436 1178 469 Quid
1194 441 1232 464 est
1252 437 1362 471 spiritus
1378 436 1527 472 Pythonis?

118 497 186 522 Edita
197 504 210 521 a
225 496 382 527 Hontacutio,
395 504 437 528 ep.
448 497 502 527 151,
512 497 544 522 ad
557 498 689 529 Theodot.,
706 505 730 530 p.
743 496 856 522 206—207.
866 495 904 521 De
915 495 1110 527 engaatrimytho
1124 495 1134 519 Ι
1152 495 1213 525 Reg.
1221 500 1303 524 xxvut,
1316 494 1329 518 7
1341 501 1406 525 seq;
1419 496 1466 520 Act
1481 503 1530 527 xw,
1544 496 1572 520 16
1583 503 1635 527 seq.

123 552 158 578 Τὸ
173 550 332 586 ὲμφωλεῦον
349 552 382 586 τῇ
397 551 557 587 ἀνθρωπεία
568 553 667 588 γαστρὶ
682 553 813 588 πονηρὸν,
826 551 874 577 καὶ

90 598 161 630 ἄξιον
176 598 226 632 τὴν
242 597 408 632 κοπροδόχον
423 598 508 624 οίκεῖν
519 618 526 630 ,
541 598 697 633 ἀκάθαρτον
713 599 834 634 πνεῦμα,
848 599 874 625 οἱ

92 646 138 679 μὲν
152 645 200 679 τῆς
216 644 367 677 εὐσεϐείας,
392 643 453 670 λίαν
470 645 598 679 ὲμςρερῶς
624 646 874 681 προσωνομάκασιν

90 691 339 725 ἐγγαστρίμυθον·
353 689 408 716 τῶν
424 690 453 716 δὲ
468 690 533 726 παρ’
547 690 678 726 Ἕλλησιν
692 693 717 719 ot
735 693 786 728 μὲν
799 692 874 719 πλεῖ-

92 745 156 768 στοι,
171 736 383 771 ἐντερόμαντιν
393 745 401 753 ·
421 735 511 771 ἕτεροι
534 736 562 762 δὲ
577 736 874 774 ὲγγαστρίμαντινμ)
889 752 913 781 Β

91 782 264 816 ὀνομάζουσι.
283 782 423 817 Σοφοκλῆς
436 782 464 808 δὲ
479 782 533 813 ἄρα
548 782 596 808 καὶ
612 784 813 820 Πλάτων,ὖπὲρ
824 785 872 812 τοῦ

90 827 238 862 δαιμονίου,
251 827 303 862 τῆς
316 827 435 863 γαστρὸς
447 828 496 862 τὴν
515 827 622 864 οἴκησιν
641 830 845 865 αἰσχυνόμενοι,
862 832 876 857 ὁ

93 873 142 907 μὲν
157 873 216 906 (ita
232 873 374 907 ποιητικός
388 882 430 905 τις
445 874 494 905 ὢν,
512 878 559 902 καὶ
579 875 646 902 πολὺ
668 875 699 902 τὸ
713 875 812 910 ἄφετον
830 876 877 903 ἐπὶ

91 918 140 952 τῆς
155 917 280 953 γλώσσης
295 918 375 953 ἔχων,
389 920 437 946 καὶ
451 921 610 956 αὐτόνομον)
626 921 686 948 ἀντὶ
698 921 815 956 γαστρὸς
829 922 878 949 αὑ-

91 963 128 998 τῷ
143 964 176 990 τὰ
195 964 295 998 στέρνα
308 965 503 1000 χαρισάμενος,
519 967 736 1001 στερνόμαντιν
758 967 878 1002 μετωνό-

93 1018 194 1044 μασεν·
228 1010 243 1036 ὁ
261 1010 302 1042 δὲ,
318 1011 349 1037 τὸ
364 1012 484 1046 ἐμφανὲς
505 1013 571 1044 ῐσως
585 1013 631 1038 τοῦ
649 1012 764 1046 ψεύδους
786 1013 880 1040 ἐκκλί-

94 1065 154 1088 νων,
165 1056 247 1092 ἑτέρᾳ
260 1056 288 1082 δὲ
306 1056 411 1092 μεθόδῳ
424 1057 550 1084 κλέπτων
563 1059 614 1093 τὴν
626 1057 880 1094 ὖϋριν,Εἰερυκ.ῑέα

94 1101 170 1128 καλεῖ
183 1102 215 1128 τὸ
230 1102 412 1137 γαστρίοικον.
430 1102 520 1136 Οὕτω,
535 1105 612 1138 φασὶ,
629 1104 777 1139 κληθέντος
795 1105 880 1132 πάλαι

94 1148 173 1181 τινος,
186 1148 232 1175 ἐπὶ
246 1148 284 1183 τῷ
297 1149 378 1175 πάθει
390 1151 413 1169 ο·
429 1149 619 1186 διαϐοηθέντος
629 1159 636 1166 ·
652 1151 699 1184 ἀφ’
715 1147 745 1177 οὗ
761 1151 808 1178 καὶ
823 1153 880 1183 τοῖς

94 1193 193 1227 ἐφεξῆς
212 1193 261 1228 τὴν
285 1195 473 1230 προσηγορίαν
496 1195 635 1231 νέμουσιν.
657 1196 749 1222 Ἐοικε
773 1196 827 1232 γὰρ
850 1196 881 1223 τδ

93 1239 231 1272 δαιμόνιον
245 1238 323 1266 τοῦτο
337 1239 431 1275 φύλον,
447 1241 477 1267 οὐ
496 1241 616 1275 γυναίων
640 1242 730 1275 μόνον,
747 1242 816 1269 ἀλλὰ
834 1243 882 1269 καὶ

94 1284 199 1318 ἀνδρῶν
214 1285 247 1319 τῇ
260 1285 356 1320 κόπρῳ
368 1286 454 1320 φιλεῖν
468 1287 709 1321 ὲγγαστρίζεσθαι.
723 1287 882 1316 Λαοπλάνον

93 1329 120 1355 δὲ
133 1330 224 1362 τοῦτο,
241 1331 288 1357 καὶ
302 1331 351 1366 τῆς
363 1331 479 1367 ἐσχάτης
496 1333 644 1364 ἀπωλείας,
664 1334 720 1365 τοῖς
737 1334 882 1369 προσέχειν

94 1375 170 1409 αὐτῷ
184 1376 433 1412 ἀναπεπεισμένοις
443 1398 450 1411 ,
473 1378 614 1413 πρόξενον.
635 1379 756 1406 Καλοῦσι
771 1380 799 1406 δὲ
816 1380 882 1407 αὐτὸ

960 548 1061 576 Malum
1078 549 1152 576 illum
1163 551 1209 584 qui
1225 551 1358 579 humanos
1367 556 1475 578 ventres
1488 551 1592 584 incolit,
1602 551 1713 586 dignum

926 599 999 622 certe
1026 594 1155 621 latrinam
1172 603 1318 631 occupare,
1345 597 1482 632 impurum
1511 605 1607 633 nempe
1634 599 1715 633 spiri-

926 643 995 671 tum,
1018 639 1056 666 illi
1076 639 1122 674 qui
1142 640 1268 674 pietatem
1285 642 1380 669 colunt
1395 643 1519 678 apposite
1537 645 1716 671 nominarunt

927 685 1184 720 engastrimythum.
1224 686 1301 720 Apud
1319 686 1427 715 Grmcos
1457 689 1579 723 plerique
1613 694 1716 716 entero-

928 735 1043 767 mantin,
1073 732 1156 766 aliqui
1177 735 1400 767 engastn‘mautiu
1426 741 1535 764 vocant.
1569 736 1718 771 Sophocles

927 784 955 807 et
970 779 1047 806 Plato
1059 778 1187 806 daemonii
1205 779 1229 805 in
1243 781 1369 813 gratiam.
1386 788 1449 808 cum
1472 782 1505 808 de
1519 783 1622 810 ventris
1644 783 1718 811 illius

928 825 1048 853 incolatu
1074 823 1254 859 pudetierent,
1281 825 1327 853 ille
1344 825 1455 860 quidem
1472 826 1577 862 (utpote
1593 828 1718 863 poeticus

928 871 1084 902 exsistens,
1110 873 1137 896 et
1162 869 1261 904 lingua:
1286 870 1412 898 libertate
1442 872 1590 906 pra-ditus,
1621 874 1720 908 suique

927 914 1009 951 juris)
1029 914 1089 941 loco
1106 913 1209 941 ventris
1224 918 1320 948 pectus
1339 915 1363 942 ei
1384 916 1632 950 cumassignasset,
1650 920 1718 942 aler-

931 961 1069 988 nomantiu
1085 959 1254 992 nominavit;
1270 960 1349 993 alter,
1364 967 1440 993 cum,
1458 967 1487 988 ut
1501 961 1651 989 verisimile
1666 967 1717 994 est.

931 1011 1056 1042 apertum
1082 1007 1194 1040 cuperet
1215 1005 1303 1032 vitare
1329 1007 1514 1039 mendacium,
1531 1007 1615 1034 aliam
1642 1007 1720 1035 inivit

932 1053 1014 1085 viam,
1030 1057 1056 1080 et
1073 1053 1190 1080 dedecus
1203 1051 1362 1084 declinavit,
1380 1058 1406 1080 et
1420 1054 1618 1081 inhabitantem
1640 1054 1721 1081 Euri-

931 1098 988 1125 clea
1005 1098 1136 1125 nominat.
1154 1099 1214 1131 Quo
1227 1098 1349 1130 nomine,
1367 1103 1397 1125 ut
1409 1098 1556 1132 ailirmant,
1571 1100 1721 1126 vocabatur

932 1145 1055 1180 quidam,
1073 1145 1121 1179 qui
1146 1145 1224 1183 olim,
1238 1149 1290 1173 hoc
1313 1145 1413 1172 alIectu
1441 1146 1617 1179 inclarucrat,
1633 1154 1648 1173 a
1667 1154 1722 1181 quo

933 1191 1062 1226 deinceps
1077 1191 1138 1218 aliis
1152 1191 1260 1218 titulum
1279 1191 1447 1218 indiderunt.
1472 1191 1547 1219 Solet
1569 1192 1644 1219 enim
1669 1192 1723 1219 hoc

934 1243 1020 1270 genus
1047 1236 1201 1263 daemonum
1231 1240 1354 1263 stercore
1380 1245 1433 1263 non
1458 1237 1604 1264 mulierum
1630 1237 1721 1269 modo,

934 1282 982 1309 sed
996 1286 1023 1309 et
1036 1278 1171 1308 virorum‘
1182 1281 1324 1315 obiectari,
1340 1285 1368 1309 et
1393 1282 1455 1309 ideo
1479 1287 1600 1310 ventrem
1617 1283 1721 1310 subire.

935 1328 983 1356 Est
1006 1332 1097 1355 autem
1112 1328 1205 1362 populi
1221 1327 1352 1363 deceptor
1367 1329 1492 1363 spiritus,
1508 1322 1536 1357 et
1550 1329 1656 1356 ruinam
1675 1337 1724 1356 ex-

936 1382 1050 1405 tremam
1077 1378 1205 1409 procmat
1220 1374 1272 1406 eis,
1288 1374 1335 1407 qui
1354 1378 1383 1401 ut
1400 1374 1479 1401 ﬁdem
1502 1374 1528 1402 ei
1549 1375 1668 1402 habeant
1682 1375 1725 1402 in-

95 1422 188 1448 πολλοὶ
201 1423 257 1448 τῶν
280 1423 412 1459 Ἐλλήνων
431 1425 476 1451 καὶ
493 1426 617 1452 Πύθωνα
628 1434 634 1442 ·
657 1427 727 1461 ὅπερ
739 1425 818 1462 οἶμαι
833 1428 881 1454 καὶ

959 1423 994 1451 ici
1009 1421 1139 1458 poterint.
1155 1418 1229 1446 Multi
1245 1428 1326 1455 porro
1340 1429 1355 1448 e
1365 1420 1466 1448 Gra'cis
1480 1420 1623 1456 Pythonem
1640 1421 1727 1447 nomi-

93 1468 126 1502 τῇ
141 1467 198 1493 τῶν
211 1467 402 1503 Φιλιππησίων
419 1470 550 1506 παιδίσκῃ
563 1471 821 1507 ἑγγαστριζόμενον,
835 1472 882 1500 τὸν

94 1513 126 1539 ἐκ
139 1514 192 1547 τῆς
203 1513 309 1549 πλάνης
323 1514 430 1550 ἔρανον,
444 1517 499 1548 τοῖς
515 1517 620 1550 κυρίοις
632 1517 728 1552 αὐτῆς,
737 1516 781 1544 οἷα
793 1518 825 1554 δὴ
836 1518 884 1545 καὶ

93 1558 178 1584 αὑτοῦ
195 1558 230 1585 δι’
247 1559 355 1594 ἐκείνης
369 1559 532 1592 δεσπόζουσι
549 1580 556 1591 ,
575 1561 780 1589 κατατίθεσθαι.
803 1563 835 1588 '0
851 1562 884 1598 δὴ

95 1604 284 1638 κακομηχάνῳ
299 1604 395 1640 γνώμῃ
421 1607 469 1632 καὶ
493 1607 539 1633 τὸν
560 1606 702 1634 θεσπέσιον
718 1607 823 1635 Παῦλον
838 1609 887 1635 ὲπ-

95 1648 181 1674 αίνων
196 1649 348 1683 ἐγκωμίοις
364 1649 516 1684 μελετῆσαν
531 1651 710 1687 ὑπέρχεσθαι,
729 1651 824 1686 μισθὸν
837 1652 887 1687 τῆς

98 1693 258 1725 κολακείας,
271 1695 320 1730 τὴν
339 1695 497 1731 ὑπερορίαν,
513 1694 587 1732 εὗρε,
606 1697 655 1731 τῆς
672 1697 764 1724 ἀδίκου
781 1697 829 1724 καὶ
847 1697 887 1732 φί-

97 1738 147 1775 λης
163 1739 308 1775 οἰκήσεως.

367 1797 535 1824 ΕΡΩΤΗΣΙΣ
555 1796 616 1825 ΠΔ’.

938 1473 1005 1498 nant
1017 1477 1024 1496 :
1037 1467 1202 1501 cuiusmodi,
1218 1468 1326 1502 opinor,
1338 1466 1409 1501 apud
1417 1466 1614 1500 Philippenses,
1623 1466 1727 1493 ancillae

939 1521 1061 1544 ventrem
1093 1511 1231 1546 subierat,
1264 1521 1326 1548 qua:
1364 1520 1411 1547 per
1448 1512 1521 1540 illam
1547 1513 1726 1547 imposturam

940 1562 1006 1589 hero
1021 1569 1071 1590 suo
1092 1561 1214 1598 symbola
1231 1557 1385 1593 colligebat,
1407 1557 1454 1592 qui
1475 1565 1522 1592 per
1541 1558 1667 1585 ancillam
1680 1559 1729 1584 do-

941 1607 1095 1635 minabatur
1114 1606 1260 1635 daemonio.
1277 1604 1323 1631 Ille
1346 1603 1458 1637 spiritus
1477 1604 1548 1630 mala
1566 1608 1656 1630 mente
1671 1603 1729 1630 lau-

941 1653 1022 1680 dabat
1044 1652 1171 1684 Paulum,
1196 1656 1222 1678 et
1235 1659 1284 1686 per
1300 1649 1426 1678 encomia
1451 1650 1633 1676 meditabatur
1653 1649 1728 1676 illum

941 1699 1044 1731 subire,
1062 1698 1110 1727 sed
1122 1697 1287 1726 adulationis
1300 1697 1441 1731 praemium
1459 1695 1650 1729 relegationem
1671 1703 1732 1722 me-

942 1745 1007 1778 ruit,
1020 1746 1053 1772 ab
1072 1745 1174 1779 injusla
1187 1749 1213 1772 et
1228 1744 1326 1771 dilecta
1346 1742 1514 1769 habitatione
1531 1745 1664 1768 semotus.

943 1800 1108 1834 QUIESTlO
1133 1799 1263 1827 LXXXIV
1282 1798 1376 1835 [ϐοἱεί.
1392 1798 1468 1832 CCL,
1490 1798 1572 1826 Taur.
1593 1795 1731 1833 CCXL”.

453 1866 524 1892 Edita
540 1874 553 1891 a
567 1867 724 1898 Montaeutio,
737 1867 840 1898 013.132,
850 1868 882 1893 ad
895 1869 982 1894 Taras.
996 1877 1019 1901 p.
1033 1870 1088 1899 207,
1101 1869 1156 1900 208,
1168 1870 1194 1894 in
1204 1869 1273 1894 Rom.
1287 1875 1310 1900 ν,
1325 1870 1362 1894 12.

133 1920 183 1952 Τὸ,
201 1930 209 1943 ι
231 1919 289 1953 Ἐφ’
303 1916 325 1952 ᾧ
339 1919 438 1951 πάντες
457 1920 591 1955 ἥμαρτον,
611 1930 620 1947 ι
637 1921 705 1956 ὅπερ
718 1921 822 1952 Παῦλος
838 1921 887 1956 μὲν

99 1967 114 1992 ὁ
127 1966 202 1996 θεῖος
218 1965 314 1999 ἔφησε,
329 1965 360 1991 σὺ
370 1965 399 1991 δὲ
414 1966 509 2000 μαοειν
538 1967 655 2002 ᾔτησας,
682 1967 780 1993 τούτου
794 1967 828 2002 δὴ
839 1967 889 2002 τὴν

975 1923 1050 1951 Pauli
1077 1924 1144 1951 illud
1170 1924 1292 1957 citatum,
1326 1935 1335 1951 ι
1355 1924 1383 1951 In
1406 1931 1459 1958 quo
1486 1930 1582 1950 omnes
1601 1929 1732 1956 peccave-

940 1970 1043 2001 runt“,
1062 1978 1071 1995 ι
1094 1970 1160 2003 quid
1180 1970 1231 1997 sibi
1257 1970 1331 1999 velit.
1356 1969 1448 1996 doceri
1465 1968 1553 2002 cupis.
1576 1967 1658 1995 Istius
1679 1967 1732 1994 loci

99 2011 234 2041 διάνοιαν,
256 2011 362 2045 οἱμὲν,
380 2011 425 2045 ἐφ’
446 2008 479 2045 ᾧ,
505 2012 544 2047 τῷ
561 2012 659 2047 ’Δδάμ-
682 2013 706 2039 οἱ
730 2014 766 2043 δὲ.
795 2013 842 2048 ἐφ’
866 2011 882 2047 ᾇ

961 2014 1106 2041 entcntiani
1119 2014 1230 2048 quidam
1246 2014 1282 2040 ita
1301 2014 1428 2046 reddunt,
1443 2017 1472 2040 ut
1487 2013 1564 2044 illud,
1584 2014 1610 2039 in
1626 2021 1687 2048 quo,
1700 2012 1733 2039 ad

101 2057 141 2089 τῷ
158 2056 290 2088 θανάτῳ.
305 2058 540 2090 συνυπακοὺοντες
561 2059 742 2085 ἀποειδόασιν.
765 2059 842 2094 Ἐμοὶ
865 2059 894 2085 δὲ

99 2102 246 2138 οὐδέτερον
268 2103 352 2129 δοκεῖ.
374 2103 442 2130 Οὐδὲ
468 2105 523 2139 γάρ
556 2113 582 2131 τι
609 2105 808 2132 συνυπακούειν
842 2105 893 2138 δεῖ,

100 2148 221 2174 αὐτόθεν
244 2148 353 2182 ἔχοντος
366 2148 413 2175 τοῦ
438 2149 520 2184 ῥητοῦ
545 2149 593 2185 τὴν
609 2151 756 2177 ὲντέλειαν.
773 2150 809 2177 Τὸ
829 2152 894 2186 γὰρ,

104 2202 114 2218 ι
126 2193 190 2227 Ἐφ’
203 2189 226 2226 ᾧ
241 2193 341 2225 πάντες
359 2194 493 2229 ἥμαρτον,
511 2204 520 2220 ι
538 2195 585 2222 νῦν
602 2196 632 2222 οὐ
648 2196 796 2230 προσώπου
811 2196 894 2229 τινος,

100 2239 159 2265 οὐδ’
176 2237 234 2265 οἷον
250 2239 407 2274 προσώπου,
422 2240 555 2266 δεικτικόν
567 2242 655 2267 ἐστιν’
665 2241 721 2268 ἀλλ’
740 2242 828 2272 αἰτίας
842 2241 895 2277 μά-

101 2287 186 2313 λιστα
212 2287 431 2320 παραστατικόν·
451 2284 518 2318 οἷον,
543 2296 551 2312 ι
573 2287 632 2321 Ἐφ’
647 2284 669 2322 ᾧ
687 2288 787 2320 πάντες
803 2288 896 2323 ἥμαρ-

100 2342 162 2365 τον,
182 2343 192 2359 ι
210 2333 278 2359 διότι
292 2332 391 2364 πάντες
403 2333 536 2370 ἥμαρτον.
564 2335 618 2361 Καὶ
633 2334 742 2371 μυρίοιἰ
768 2335 827 2370 μὲν,
849 2334 896 2361 καὶ

103 2381 186 2415 παρὰ
201 2380 260 2410 τοῖς
281 2378 343 2412 ἔξω,
362 2379 378 2413 ἡ
395 2380 505 2416 τοιαύτη
523 2381 643 2416 συνθήκη
657 2381 711 2407 τῶν
726 2381 828 2414 λόγων·
846 2381 897 2415 ἁρ-

103 2425 185 2452 κέσει
200 2425 224 2451 δ’
239 2423 287 2451 οὖν
299 2426 313 2450 ό
327 2425 397 2455 θεῖος
408 2425 523 2459 Παῦλος,
544 2427 624 2458 αὐτὸς
637 2426 733 2453 ἑαυτοῦ
749 2428 797 2458 τὰς
812 2427 898 2459 λεξεις

104 2470 283 2505 ἑρμηνεύων.
299 2472 382 2505 Λέγει
399 2473 452 2507 γὰρ
468 2472 585 2507 ἀλλαχοῦ
598 2493 605 2505 ,
622 2481 631 2498 ‹
648 2473 702 2499 Καὶ
716 2472 771 2507 γὰρ
784 2473 808 2498 οἱ
823 2471 899 2503 ὄντες

103 2517 133 2542 ἐν
148 2516 190 2550 τῷ
206 2516 314 2550 σκήνει,
333 2518 498 2553 στενάζομεν
515 2517 690 2552 βαρούμενοι,
706 2526 715 2542 ι
732 2515 800 2548 εἶτα,
820 2526 828 2541 ι
841 2517 899 2551 Ἐφ’

101 2558 176 2595 ᾧοὺ
202 2560 318 2596 θέλομεν
350 2563 547 2595 ἐνδύσασθαιε,
570 2563 629 2590 ἀλλ’
653 2563 862 2589 ἐπενδύσασθαι.
888 2572 896 2588 ι

105 2608 264 2644 Περιδηλον
279 2607 334 2644 γὰρ
350 2610 381 2635 ὲκ
395 2610 502 2642 τούτου,
514 2607 604 2642 ὡς’τὺ,
617 2609 664 2644 ἐφ’
678 2605 712 2642 ᾧ,
724 2609 813 2640 αἰτίας
826 2607 900 2643 αὐτῷ

104 2655 284 2690 σημαντικὸν
312 2656 501 2692 παρειλήφθη·
524 2655 659 2687 τουτέστι,
677 2655 726 2681 Διά
742 2654 822 2681 τοῦτο
839 2663 900 2681 στε-

143 2713 170 2729 ⁹³
181 2713 272 2743 Exod.
286 2723 333 2748 xx,
349 2715 375 2742 7.
413 2715 437 2731 ³⁵
449 2713 528 2742 Rom.
543 2721 570 2746 v,
587 2713 628 2740 12.
665 2713 688 2729 ’⁸
704 2712 724 2739 ll
739 2712 802 2740 Cor.
818 2719 844 2743 ν,
858 2712 885 2739 4.

945 2060 1079 2086 Adamuui
1102 2060 1239 2092 referant;
1256 2060 1301 2087 alii
1323 2061 1354 2087 al
1372 2060 1447 2092 illud,
1463 2069 1472 2086 ι
1489 2060 1515 2086 in
1538 2067 1591 2094 qua
1607 2063 1704 2086 morte.
1722 2067 1731 2084 ›

945 2105 1009 2132 Mihi
1025 2110 1150 2133 neutrum
1168 2106 1265 2141 placet.
1280 2106 1370 2141 Neque
1385 2106 1457 2133 enim
1476 2105 1625 2140 quidquam
1643 2104 1735 2131 subin-

946 2151 1119 2185 telligcndum
1145 2152 1274 2184 occurrit,
1291 2160 1352 2180 curn
1371 2159 1418 2186 per
1432 2159 1460 2179 se
1480 2155 1585 2178 constet
1600 2151 1651 2177 sibi
1669 2151 1733 2177 dicti

946 2197 1019 2224 illius
1045 2197 1164 2232 perfecta
1187 2198 1355 2226 constitutio.
1373 2197 1458 2230 Nam,
1488 2206 1497 2222 ι
1517 2197 1543 2223 lu
1566 2204 1620 2231 quo
1641 2204 1736 2223 omnes

947 2248 1138 2278 peccaverunt,
1162 2253 1171 2270 ι
1186 2244 1212 2271 in
1228 2245 1352 2279 praesenti
1370 2251 1420 2271 nec
1439 2250 1584 2277 personam
1602 2242 1734 2276 aliquam,

947 2297 998 2316 nee
1023 2294 1152 2324 tanquam
1176 2298 1320 2325 personam
1345 2293 1544 2325 repraesentat:
1568 2288 1615 2315 sed
1645 2287 1735 2321 potius

950 2342 1062 2362 causam
1078 2335 1190 2368 indit-at,
1202 2336 1280 2370 quasi
1295 2335 1404 2366 diceret,
1426 2344 1436 2361 ι
1450 2334 1477 2361 lu
1497 2341 1552 2369 quo
1567 2341 1662 2361 omnes
1677 2341 1736 2368 pce-

948 2383 1090 2411 caverunt,
1108 2389 1116 2405 ι
1131 2379 1157 2406 id
1174 2385 1227 2412 est,
1245 2380 1270 2406 in
1284 2384 1416 2415 quantum
1431 2382 1613 2413 peccaverunt
1626 2385 1732 2405 omnes.

948 2426 1036 2460 Atque
1057 2428 1129 2452 certe
1146 2429 1254 2452 exstant
1273 2425 1343 2459 apud
1361 2430 1489 2452 externos
1510 2423 1657 2458 scriptorcs
1673 2431 1737 2450 εθι-

949 2475 1027 2497 tenta
1051 2470 1206 2498 istiusmodi
1232 2470 1378 2498 locutionis
1393 2469 1533 2504 exempla;
1554 2468 1601 2496 sed
1621 2467 1739 2495 sutiicict

951 2517 1030 2544 nobis
1045 2517 1153 2544 divinus
1177 2516 1286 2549 Paulus,
1311 2515 1357 2550 qui
1374 2523 1453 2542 suam
1474 2515 1552 2542 nobis
1575 2513 1739 2542 sententiam.

951 2562 1077 2597 explicet.
1092 2563 1137 2589 Ait
1153 2562 1197 2589 ille
1211 2562 1276 2588 alibi
1292 2569 1298 2587 :
1319 2571 1328 2587 ‹
1349 2560 1455 2588 Etenim
1473 2559 1518 2594 qui
1540 2559 1567 2586 iu
1585 2560 1637 2587 hoc
1650 2559 1738 2586 taber-

952 2608 1050 2636 naculo
1069 2616 1182 2641 sumus,
1207 2608 1413 2643 iugemiscimus
1433 2606 1606 2643 praegravali.
1632 2604 1661 2632 lu
1684 2611 1737 2639 quo

952 2654 1080 2681 uolumus
1111 2654 1234 2686 induere,
1257 2654 1304 2682 sed
1327 2653 1529 2689 superindui".
1548 2663 1558 2680 ι
1573 2652 1650 2681 Patet
1665 2651 1735 2681 enin:

764 2756 881 2784 VARl/E
903 2755 1106 2784 LECTlONES.

155 2810 180 2829 θ’
196 2808 266 2837 Cod.
278 2806 351 2835 )lon.
367 2807 419 2835 555
435 2806 453 2835 ί.
466 2807 513 2834 ]]5
531 2806 595 2842 legit
611 2806 657 2833 ἐπὶ
671 2805 808 2838 τὸπάθος.
844 2805 853 2825 ί
875 2805 1014 2841 μυριάκις.
1027 2805 1057 2837 (ἶ,
1076 2805 1109 2834 Μ.
1126 2804 1220 2840 μυρία,
1256 2804 1268 2823 ε
1284 2801 1457 2830 ἐκδύσασθαι.
1467 2802 1498 2831 α.
1515 2802 1553 2830 Μ.
1565 2801 1726 2830 Ηδῦκὲλὰ
