1880 3057
182 68 237 101 559

178 133 205 156 te
227 129 347 157 arbitror
363 130 492 166 ignorare
508 142 515 161 :
531 138 559 162 at
582 135 644 164 illos
662 137 800 174 negligere
819 140 866 176 qui
891 140 970 169 dixe-

178 178 243 202 runt
257 182 397 205 sermones
410 178 481 212 illos,
493 188 611 215 quorum
627 183 827 212 ordinabantur
856 186 967 222 inspec-

177 225 259 254 tores,
271 229 318 257 per
331 223 390 250 illas
403 224 503 259 figuras
519 226 669 256 insinuari:
683 229 765 257 boum
779 231 878 267 quippe
890 233 966 268 ἱράς,

176 267 270 293 nescio
285 274 343 300 cur,
363 268 516 304 hominum,
536 273 702 307 aquilarum,
730 276 839 304 leonum
870 286 965 307 curam

174 315 201 337 et
214 311 411 346 inspectionem
430 318 610 351 concredunt,
637 319 782 350 Platonico
803 331 891 358 more,
919 327 966 354 sed

174 356 264 384 verbis
287 357 405 387 diversis
432 361 509 389 ideas
534 363 750 400 introdueentes,
773 369 864 403 potius
880 378 964 405 quam

173 402 283 437 pietatis
308 406 399 433 studio
426 408 572 442 quaestioni
601 411 731 440 institutae
756 402 963 449 respondentes.

171 448 292 476 Dixerim
299 458 360 485 ego,
368 453 440 487 quod
449 454 660 491 haudquaquam
668 465 763 486 eorum
771 448 963 495 animantium,

171 502 288 529 quorum
311 502 390 525 erant
404 504 557 533 curatores,
576 504 682 537 species
698 512 746 539 per
768 506 871 541 ﬁguras
891 507 961 536 istas

171 543 448 575 repraesentabantur.
466 545 547 574 Absit
561 557 568 574 :
585 556 657 577 unus
670 549 743 578 enim
760 552 883 579 omnium
895 560 963 580 con-

169 585 242 613 ditor
266 590 293 614 et
308 587 448 623 inspector
463 596 515 619 est.
537 591 636 621 Verum
659 594 728 622 illud
746 597 891 632 perspicue
914 606 962 633 per

169 632 272 666 ﬁguras
284 635 443 670 ostendunt,
460 639 533 673 quod
545 640 591 674 qui
608 644 721 675 terram,
731 649 835 674 acrem.
847 644 959 677 ewlum,

167 681 195 704 et
210 685 272 712 qua:
288 679 315 706 in
331 679 365 708 iis
380 687 454 715 sunt,
472 683 604 713 stabilivit
635 686 709 721 (istis
737 688 811 715 enim
838 689 866 716 in
893 690 961 718 locis

167 727 341 752 ostensorum
363 727 524 756 animalium
541 730 597 758 vita
619 731 762 767 victusque
780 733 905 768 habetur,
931 739 960 763 et

164 769 324 805 generatio),
344 771 368 799 is
385 772 442 807 ipse
455 779 506 807 est,
522 776 567 810 qui
584 781 732 811 potestates
748 780 874 808 caelestes
891 781 958 809 sub-

164 814 261 841 sistere
287 815 363 849 l‘ecit,
390 822 417 845 et
441 819 530 847 inesse
550 822 687 855 produxit.
715 823 768 851 Sed
791 829 819 852 et
841 826 958 855 ulterius

164 859 306 894 Scriptura.
330 869 379 896 per
411 863 460 891 ista
487 865 576 900 docet,
603 868 676 902 quod
701 871 840 903 quomodo
863 872 956 907 homo,

162 905 223 938 bos,
242 907 295 941 leo,
321 909 424 944 aquila,
442 915 469 938 et
493 917 598 940 caetera:
621 922 718 943 omnes
742 922 884 952 creatum,
909 928 957 955 per

161 952 250 980 solum
276 954 389 982 verbum
407 957 647 992 producebantur;
675 961 710 988 ita
735 968 763 990 et
791 964 876 993 beatae
903 952 956 995 illa:

160 1003 303 1032 creaturae,
320 1008 368 1035 per
383 1003 497 1030 verbum
520 1004 675 1034 Conditoris
690 1007 725 1035 de
739 1017 794 1036 non
812 1019 873 1038 esse
889 1020 955 1047 pro-

159 1042 248 1071 ductze
256 1049 282 1072 et
291 1052 429 1080 generate
438 1048 557 1077 fuerant.
570 1051 599 1078 In
612 1052 656 1078 illa
669 1054 778 1088 quidem
793 1042 954 1092 incorporea

158 1093 186 1116 et
211 1089 356 1126 ineﬂigiata
386 1099 482 1122 natura
523 1096 624 1131 ﬁguras
651 1099 758 1133 aliquas
794 1106 822 1129 et
849 1089 953 1133 formas

158 1135 313 1166 istiusmodi
329 1146 526 1174 reprzesentare
539 1143 617 1176 velle,
635 1145 702 1172 nihil
719 1146 794 1174 aliud
812 1153 854 1176 est
867 1158 951 1185 quam

157 1180 308 1216 declarare,
327 1192 411 1212 unum
433 1191 460 1213 ct
472 1189 599 1216 eumdem
613 1197 703 1217 rerum
719 1193 844 1220 omnium
861 1195 950 1223 exsis-

157 1230 215 1254 tere
228 1227 423 1264 Conditorem;
449 1235 507 1259 tum
523 1233 595 1267 quod
622 1235 690 1263 nihil
717 1237 882 1267 laboriosius
899 1240 950 1275 ipsi

156 1270 219 1305 fuit,
229 1273 407 1310 incorporeas
420 1282 447 1303 et
456 1277 657 1308 intellectualcs
669 1286 780 1310 naturas
792 1292 949 1321 procreare,

157 1324 241 1352 quam
254 1325 366 1348 αιτιοι-(ιε
378 1323 514 1356 quaslibet
525 1330 683 1360 creaturas;
701 1337 763 1356 eum
780 1330 807 1357 in
820 1333 950 1361 omnibus

156 1371 190 1391 ex
200 1372 290 1400 aequo,
311 1372 338 1393 et
357 1368 415 1402 pari
432 1373 565 1404 potestate
580 1372 707 1402 voluntas
722 1375 815 1404 divina
835 1377 948 1407 infinita

155 1410 289 1444 pctemiaa-
308 1418 445 1448 operetur.
472 1415 500 1442 Si
517 1417 615 1451 placetI
638 1424 681 1446 est
697 1424 724 1447 et
746 1422 856 1450 tertium
874 1425 947 1459 quod

156 1455 210 1483 ill.e
227 1456 254 1484 in
270 1458 435 1489 Cherubinis
451 1461 648 1492 similitudines
660 1465 812 1500 insinuant,
835 1477 944 1505 nempe,

155 1503 388 1537 quemadmodum
400 1507 492 1540 homo,
505 1513 532 1535 et
545 1510 648 1545 aquila,
666 1517 693 1539 et
705 1513 763 1546 bos,
780 1522 807 1542 et
819 1503 948 1550 quaelibet

155 1549 270 1577 omnino
277 1556 402 1579 creatura
415 1553 564 1583 Dominicis
576 1558 718 1591 prmerptis
736 1549 946 1590 obsecundaba-

158 1597 216 1627 tur,
242 1595 316 1624 illius
339 1604 479 1626 reveretur
502 1608 564 1628 cum
579 1602 678 1631 timore
706 1606 887 1636 inlaudatum:
910 1609 946 1638 ita

154 1641 245 1668 omnis
257 1649 367 1678 quoque
381 1643 592 1674 ultramundana
618 1652 646 1675 et
662 1648 856 1680 ultracmlcstis
878 1654 946 1681 sub-

153 1687 256 1715 stantia
270 1689 383 1717 nutibus
397 1689 485 1725 ipsius
502 1692 637 1728 subsidet,
660 1699 687 1722 et
703 1696 819 1725 libenter
832 1699 946 1727 subser-

155 1732 214 1760 vire
229 1735 310 1769 gestit
328 1736 361 1763 ad
374 1738 508 1774 quidquid
521 1740 634 1775 iubetur
649 1745 862 1778 expediendum.
879 1747 948 1776 For-

152 1779 236 1807 tassis
249 1786 340 1809 autem
354 1789 380 1810 et
395 1785 455 1816 aliae
475 1785 587 1822 insuper
601 1794 749 1825 suppetent
764 1799 865 1824 causm.
882 1793 946 1821 dum

151 1825 252 1854 tacitus
270 1827 326 1856 haec
348 1831 418 1864 apu.l
442 1836 468 1859 te
494 1834 633 1863 mediteris
654 1845 716 1871 (uno
737 1838 793 1872 jam
817 1839 891 1873 dixi,
920 1840 946 1867 in

151 1879 222 1906 quas
238 1873 354 1902 libenter
370 1881 396 1903 te
412 1877 535 1907 incidere
550 1881 643 1909 velim.

150 1966 319 2002 QUESTIO
350 1971 516 2003 LXXXVIII.
555 1977 656 2013 [CoiaL
695 1980 818 2014 CCLIV;
859 1984 941 2011 Tuur.

448 2021 586 2059 CCXLV].
602 2026 639 2060 (ι)

758 80 893 112 ΡΗΟΤΙῙ
912 82 1166 116 PATRIARCHIE
1180 87 1234 118 ΟΡ.

1761 98 1814 130 569

985 143 1009 171 Α
1022 142 1075 178 πρὸ
1085 145 1163 179 ἡμῶν
1175 146 1375 182 ἀποδεδομένας
1385 149 1486 183 αῑτίας,
1506 148 1584 187 οἶμαι
1599 161 1629 180 σε
1642 153 1680 189 μὴ
1689 154 1810 190 ἀγνοεῖν,

1022 189 1165 222 κάκείνους
1192 192 1221 218 δὲ
1232 194 1366 229 παρορᾷν,
1385 196 1410 222 οἳ
1422 197 1486 229 τοὺς
1514 197 1610 232 λόγους
1637 199 1744 234 ἔφασαν
1771 200 1808 230 ὧν

1020 233 1174 270 ἐτάχθησαν
1186 236 1290 273 ἔφοροι,
1304 240 1349 266 διὰ
1362 240 1418 267 τῶν
1432 242 1580 277 σχημάτων
1596 245 1712 273 ἐκείνων
1724 248 1807 274 αἰνίτ-

1018 282 1131 308 τεσΘαι“
1149 283 1218 318 βοῶν
1239 284 1294 320 γὰρ
1307 285 1398 318 αὐτοῖς
1417 285 1502 320 οὗτοι,
1521 290 1569 316 καὶ
1584 290 1748 326 ἀνθρώπων,
1763 294 1808 320 ἀε-

1017 326 1073 353 τῶν
1086 336 1115 353 τε
1127 328 1174 354 καὶ
1188 329 1315 362 λεόντων,
1329 331 1379 358 οὐκ
1390 329 1439 359 οἶδ’
1461 333 1521 360 ἀνθ’
1534 335 1608 368 ὅτου,
1629 337 1679 372 τὴν
1694 338 1807 373 ἐφορίαν

1017 373 1221 410 ἐγχειρίζουσι·
1252 377 1501 414 Πλατωνικὼτερον
1531 382 1642 416 μᾶλλον,
1655 383 1690 410 δι’
1707 385 1809 419 ἐτέρων

1016 418 1116 453 λόγων,
1129 420 1178 453 τὰς
1191 421 1279 454 εἰδέας
1292 423 1464 458 εἰσάγοντες,
1483 426 1499 462 ἥ
1515 426 1711 464 εὐὰεὸἑστερον
1736 418 1808 466 παρ-

1017 465 1145 498 ιστῶντες
1156 466 1187 493 τὸ
1204 467 1382 503 ζητούμενον.
1407 470 1478 505 Ἐγὼ
1496 472 1523 498 δὲ
1544 473 1627 509 φαίην
1637 474 1682 507 ἃν,
1698 475 1737 508 ὡς
1759 465 1808 513 οὖχ

1014 508 1053 539 ὦν
1067 512 1159 546 ἔφοροι
1170 514 1343 549 τυγχάνουσι,
1361 516 1448 545 ταῦτα
1461 518 1504 546 διά
1516 520 1569 547 τῶν
1589 508 1740 557 σχημάτων
1756 508 1807 559 ἐμἶ

1014 558 1158 592 φανιζουσι
1171 567 1178 574 ·
1197 560 1297 588 πολλοῦ
1307 570 1339 595 γε
1355 562 1403 589 καὶ
1419 562 1459 590 δεῖ
1473 571 1480 579 ·
1496 562 1536 597 εἷς
1551 566 1605 602 γὰρ
1616 567 1745 595 ἁπάντων
1759 558 1807 604 8η-

1014 606 1146 640 μιουργὸς
1162 613 1192 632 τε
1217 607 1264 633 καὶ
1292 606 1401 643 ἔφορος.
1433 609 1505 636 ’Δλλ’
1529 612 1617 643 ἐκεῖνο
1643 614 1755 648 τρανῶς
1777 616 1809 642 ὲν

1011 650 1068 681 τοῖς
1097 650 1193 683 τύποις
1215 651 1392 687 δεικνύουσιν,
1411 655 1449 688 ὡς
1465 657 1479 683 ὁ
1494 657 1545 692 τὴν
1566 658 1618 693 γῆν
1634 667 1663 685 τε
1682 661 1730 686 καὶ
1760 661 1807 688 τδν

1010 694 1091 730 ἀέρα,
1107 696 1154 722 καὶ
1173 696 1218 724 τὸν
1233 697 1356 734 οὐρανὸν,
1378 701 1424 727 καὶ
1437 701 1471 728 τὰ
1485 702 1514 728 ὲν
1529 702 1621 735 αὐτοῖς
1645 704 1807 741 ὑποστήσας

1010 738 1051 774 (ὲν
1077 740 1184 773 τούτοις
1212 741 1267 777 γὰρ
1296 743 1350 770 τῶν
1377 744 1588 782 ἐμφαινομένων
1615 748 1712 782 ζώων,
1744 738 1804 782 τοῖς

1009 785 1112 819 τόποις,
1129 787 1142 813 ὅ
1166 796 1195 814 τε
1210 788 1268 822 βίος
1280 790 1327 816 καὶ
1352 791 1368 826 ὴ
1382 791 1507 828 γένεσις)
1526 793 1608 826 αὑτός
1623 795 1698 822 ἐστιν
1713 793 1805 831 οὗτος,

1008 833 1022 859 ὀ
1039 834 1085 860 καὶ
1111 834 1161 866 τὰς
1186 835 1402 872 ὑπερουρανιους
1419 838 1550 874 δυνάμεις
1562 845 1576 858 ο
1590 841 1737 875 οὗσιώσας,
1755 845 1804 870 καὶ

1008 882 1178 915 παραγαγὼν
1202 883 1242 914 εἰς
1260 883 1387 919 ὓπαρξιν.
1408 885 1525 914 Ἔπειτα
1551 887 1648 920 δὲ,διὰ
1661 889 1767 916 τούτων
1788 892 1804 917 ὁ

1007 923 1084 958 λόγος
1101 931 1116 950 Ρ
1125 926 1258 959 διδάσκει,
1276 928 1373 965 ὅτιπερ
1384 930 1446 957 καθ’
1460 931 1489 958 ὃν
1503 934 1603 968 τρόπον
1616 935 1761 970 ἄνθρωπός
1772 945 1803 962 τε

1006 971 1054 998 καὶ
1083 972 1147 1006 βοῦς
1173 974 1222 1000 καὶ
1245 974 1326 1007 λέων,
1352 976 1400 1002 καὶ
1429 977 1519 1010 ἀετὸς,
1551 979 1599 1006 καὶ
1630 980 1716 1007 τᾶλλα
1745 981 1820 1008 τῶν·

1005 1018 1173 1053 κτισμάτων,
1199 1020 1318 1056 εὐχερῶς
1348 1022 1394 1048 καὶ
1420 1024 1523 1058 ῥήματι
1552 1025 1625 1060 μόνῳ
1657 1027 1798 1063 συνέστη·

1004 1062 1076 1089 οὕτω
1101 1063 1144 1099 δὴ,
1165 1063 1239 1091 οὕτω
1255 1066 1330 1102 καὶὴ
1348 1069 1472 1104 μακαρία
1496 1069 1577 1104 φύσις
1607 1071 1711 1106 ἐκείνη,
1724 1062 1804 1108 Mqu

1003 1109 1050 1135 τοῦ
1070 1109 1229 1143 κτίσαντος,
1244 1111 1277 1137 ἐκ
1296 1111 1341 1138 τοῦ
1354 1113 1392 1149 μὴ
1406 1114 1483 1146 ὂντος
1504 1115 1576 1151 ἡχοη
1592 1116 1663 1152 πρὸς
1675 1117 1798 1151 γένεσιν.

1004 1155 1039 1181 Th
1049 1155 1112 1191 γὰρ,
1125 1156 1218 1193 ἐκείνῃ
1230 1158 1264 1193 τῇ
1279 1158 1418 1195 ἀσωμάτῳ
1434 1160 1482 1187 καὶ
1492 1161 1691 1198 ἀσχηματίστῳ
1704 1165 1800 1198 φύσει,

1003 1202 1112 1237 μορφάς
1143 1211 1220 1236 τινας
1234 1205 1282 1231 καὶ
1307 1206 1421 1233 τοιαῦτα
1439 1208 1566 1243 σχήματα
1598 1210 1801 1245 παρ-ἀποδεῖξαι

1001 1248 1077 1275 οὐδὲν
1092 1248 1186 1284 ἕτερόν
1213 1251 1298 1282 ἐστιν,
1312 1251 1328 1287 ἦ
1347 1252 1395 1278 ἕνα
1408 1261 1438 1279 τε
1453 1254 1497 1280 καὶ
1514 1254 1559 1280 τὸν
1572 1255 1652 1281 αὑτὸν
1667 1255 1803 1283 ἁπάντων

1001 1295 1119 1331 Ποιητὴν
1150 1296 1304 1332 ὑπάρχειν,
1339 1299 1555 1335 ἐπιδεδειχέναι·
1578 1301 1626 1328 καὶ
1649 1302 1689 1329 ὅτι
1714 1302 1798 1330 οὐδὲν

1000 1339 1209 1376 ἐργωδέστερον,
1227 1342 1243 1378 ἢ
1257 1343 1341 1370 τᾶλλα
1355 1344 1409 1370 τῶν
1420 1346 1595 1381 κτισμάτων,
1614 1349 1630 1384 ἠ
1648 1348 1801 1384 ἀσώματος

999 1384 1047 1411 καὶ¹
1069 1387 1150 1421 νοερὰ
1175 1387 1256 1421 φύσις
1276 1389 1381 1426 ὑπέστη
1395 1392 1423 1418 ἐν
1438 1393 1507 1419 πᾶσι
1524 1394 1728 1430 παραπλησίως
1747 1397 1801 1423 καὶ

1001 1431 1154 1465 ῐσοσθενῶς,
1182 1433 1230 1461 τοῦ
1256 1434 1328 1461 θειου
1355 1436 1402 1463 καὶ
1428 1438 1651 1475 ἀπειροδυνάμου
1675 1441 1799 1477 δρῶντος

958 1481 982 1511 α
998 1476 1180 1513 βουλήματος.
1205 1479 1235 1506 Ei
1253 1480 1343 1516 βούλει
1359 1482 1399 1514 δὲ,
1418 1484 1487 1518 πρὸς
1507 1484 1612 1517 τούτοις
1637 1487 1685 1513 καὶ
1701 1487 1801 1522 τρίτον

1002 1522 1067 1550 ἄλλο
1082 1524 1253 1553 διδάσκουσιν
1275 1527 1303 1553 αἱ
1316 1528 1344 1554 ἐν
1355 1529 1411 1560 τοῖς
1432 1530 1574 1566 Χερουὸὶμ
1587 1533 1743 1567 ὁμοιώσεις,
1753 1534 1802 1560 ὅτι

1001 1568 1096 1605 ὥσπερ
1124 1570 1269 1606 ἄνθρωπός
1283 1581 1314 1599 τε
1329 1574 1377 1600 καὶ
1390 1575 1469 1607 ἀετὸς
1480 1577 1527 1602 καὶ
1547 1576 1620 1611 βοῦς,
1641 1578 1689 1604 καὶ
1700 1578 1801 1611 ἁπλῶς

1001 1614 1116 1642 ἕκαστον
1130 1616 1184 1643 τῶν
1196 1618 1363 1653 κτισμάτων,
1378 1620 1418 1655 τῷ
1429 1621 1587 1658 Δεσποτικῷ
1601 1624 1799 1659 προστάγματι

1001 1661 1158 1697 πειθαρχεῖ,
1178 1663 1226 1690 καὶ
1251 1664 1300 1698 τὴν
1325 1665 1431 1692 ἐκεῖθεν
1457 1667 1568 1703 ἐντολὴν
1601 1669 1797 1704 ὑποπτήσσει-

1000 1706 1072 1733 οὖτω
1083 1707 1115 1743 δὴ
1125 1707 1208 1741 οὕτω,
1225 1710 1273 1736 καὶ
1286 1711 1361 1737 πᾶσα
1372 1712 1388 1747 ἡ
1406 1712 1591 1748 ὑπερκόσμιός
1601 1723 1630 1741 τε
1643 1716 1691 1742 καὶ
1707 1717 1798 1752 ὑπερ-

999 1753 1128 1787 ουράνιος
1170 1755 1251 1782 οὐσία
1291 1757 1349 1789 τοῖς
1378 1758 1462 1785 αὑτοῦ
1496 1760 1630 1796 νεύμασιν
1664 1762 1799 1795 ὑπείκει,

999 1799 1124 1835 καὶπρὸς
1156 1801 1229 1827 ἂπαν
1243 1801 1273 1827 τὺ
1288 1802 1465 1838 κελευόμενον
1480 1806 1628 1842 προθύμως
1640 1808 1795 1842 ὑπηρετεῖ-

999 1853 1055 1871 ται.
1078 1845 1153 1881 Τάχα
1165 1847 1188 1873 δ’
1199 1846 1232 1873 ἄν
1245 1857 1298 1880 σοι,
1315 1849 1377 1876 καθ’
1395 1851 1492 1877 ἑαυτὸν
1515 1852 1673 1885 σκοποῦντι,
1691 1855 1724 1881 ὲκ
1737 1855 1797 1882 τῶν

1000 1891 1156 1926 εἰρημένων
1187 1892 1234 1919 καὶ
1266 1893 1359 1930 ἕτεραι
1376 1897 1676 1934 προσεξευρεοήσονται
1691 1900 1794 1928 αἰτίαν

999 1933 1043 1967 αἷς
1059 1936 1091 1962 ἂν
1105 1936 1190 1971 ἡδέως
1199 1937 1350 1974 ἐντύχοιμι.

1269 1997 1437 2025 ΕΡΩΤΗΣΙΣ
1454 1999 1519 2027 ΠΗ¹.

437 2089 508 2115 Edita
527 2099 541 2116 a
561 2093 720 2126 Moulacutio,
736 2103 776 2129 ep.
798 2099 892 2132 16!,ad
906 2102 995 2132 Taras,
1008 2109 1032 2134 p.
1049 2103 1104 2134 ΞΗ,
1116 2104 1171 2130 215.
1191 2106 1228 2130 De
1244 2109 1326 2131 saneta
1346 2107 1476 2133 Trinitate.

185 2130 288 2166 Rogas,
309 2133 449 2167 quomodo
477 2134 594 2164 dicimus
623 2148 630 2166 :

150 2176 233 2204 Deum
251 2177 360 2212 Filium,
377 2180 461 2208 Deum
480 2183 612 2217 Spiritum
635 2193 760 2216 sanctum
775 2201 799 2223 ι,
831 2200 883 2220 nec
898 2198 940 2221 ta-

148 2232 211 2252 men
222 2225 347 2260 cogimur
359 2229 515 2256 necessario
527 2233 581 2258 tres
596 2230 679 2265 Deos,
699 2242 753 2262 non
773 2245 858 2265 unum
871 2247 940 2267 cou-

148 2270 238 2298 literi?
260 2270 340 2299 Clare
356 2277 384 2300 et
399 2273 516 2302 breviter
531 2278 691 2311 respondeo.
722 2280 852 2318 Exempla
867 2285 938 2312 enim

148 2316 226 2351 plura
243 2323 269 2345 et
302 2319 376 2346 varia
402 2328 417 2347 a
435 2321 535 2350 divinis
562 2323 690 2353 Pati-ibus
714 2329 748 2356 ad
772 2331 938 2360 solutionem

147 2363 230 2399 hujus
255 2367 427 2400 qurestionis,
455 2369 490 2396 ab
520 2369 579 2404 ipsa
601 2375 727 2406 veritate,
752 2377 796 2404 cui
826 2385 938 2413 operam

146 2409 283 2444 locabant,
299 2412 407 2441 abunde
418 2416 588 2450 suppeditata
602 2417 688 2452 fuere,
703 2424 730 2447 et
741 2421 776 2448 ab
802 2409 939 2452 iis-adhi-

147 2456 201 2484 bita
227 2462 308 2492 prout
327 2461 451 2494 oportuit
473 2470 480 2494 ;
521 2471 638 2498 quorum
663 2465 749 2501 siquis
772 2470 938 2498 intentionem

145 2502 225 2530 vellet
258 2504 401 2539 replicare.
434 2507 534 2535 librum
573 2510 695 2539 scribere
713 2519 842 2549 oportet,
882 2524 938 2545 non

143 2548 300 2584 epistolam.
329 2551 408 2584 Quod
437 2552 530 2582 facere
555 2556 623 2583 mihi
642 2557 750 2586 videtur
774 2568 938 2597 supervaca-

665 2148 675 2164 ι
704 2140 788 2170 Deum
817 2145 980 2179 Patrem,D

1034 2148 1165 2184 Ἐρωτᾷς,
1191 2149 1250 2182 πῶς
1282 2150 1340 2177 ἐστι
1363 2151 1463 2186 λέγειν,
1499 2153 1586 2180 (Θεὸν
1601 2154 1647 2181 τὸν
1663 2155 1790 2192 Πατέρα,

993 2193 1060 2220 Θεὸν
1082 2194 1128 2221 τὸν
1141 2195 1217 2228 Υὶὺν,
1228 2195 1295 2223 Θεὸν
1310 2196 1341 2223 τὸ
1354 2197 1478 2232 Πνεῦμα,
1496 2207 1505 2224 ι
1526 2200 1574 2226 καὶ
1590 2200 1628 2236 μὴ
1643 2203 1683 2234 εἰς
1700 2203 1791 2238 άνάγ-

991 2249 1043 2276 κην
1076 2242 1279 2278 περιΐστασθαι,
1310 2246 1395 2280 τρεῖς,
1427 2245 1486 2272 ἀνθ’
1502 2246 1573 2280 ἑνὸς,
1587 2247 1672 2280 Θεοὺς
1687 2249 1791 2285 ἀνομο-

991 2285 1100 2319 λογεῖν;
1118 2286 1194 2326 ,Ἐγώ
1219 2296 1260 2314 σοι
1285 2288 1377 2323 σαφῶς
1392 2290 1439 2316 καὶ
1452 2291 1596 2327 συντόμως
1610 2293 1676 2328 ἐρῶ.
1690 2295 1791 2330 Παρα-

989 2324 1123 2367 δεεγματα
1137 2333 1254 2369 μὲνγὰρ
1271 2334 1357 2362 πολλὰ
1383 2337 1430 2362 καὶ
1459 2324 1584 2372 ποικίλα,
1614 2324 1672 2371 τοῖς
1701 2324 1790 2373 οεξοις

992 2378 1071 2413 ἡμῶν
1087 2379 1235 2414 Πατράσιν,
1245 2381 1285 2413 εἰς
1294 2381 1325 2408 τὸ
1337 2381 1463 2410 διαλῦσαι
1479 2383 1527 2419 τὴν
1540 2385 1659 2420 ἀπορίαν
1669 2387 1788 2423 ταύτην,

991 2423 1038 2450 ὑπ’
1056 2425 1141 2461 αὐτῆς
1156 2427 1205 2461 τῆς
1222 2427 1364 2463 ἀληθείας,
1378 2429 1448 2465 ὑπὲρ
1462 2428 1496 2466 ἦς
1507 2431 1684 2465 ἐσπούδαζον,
1698 2433 1788 2468 ἀφθό-

990 2479 1080 2503 νωςτε
1091 2472 1248 2509 ἔχορηγήθη
1265 2474 1312 2501 καὶ
1325 2475 1365 2507 εἰς
1378 2476 1438 2503 δέον
1453 2476 1638 2505 διατέτακται·
1654 2476 1693 2506 ὦν
1702 2480 1730 2506 ετ
1742 2489 1789 2513 τις

989 2517 1191 2554 ἐπιμνησθῆναι
1207 2519 1342 2555 θελήσειε,
1355 2521 1459 2556 βιϐλίον
1474 2523 1534 2550 ὅλον
1549 2523 1607 2551 ἀντ’
1629 2524 1783 2562 ἐπιστολῆς

989 2562 1023 2590 ἂν
1036 2564 1162 2600 γράψειε.
1174 2565 1261 2593 Τοῦτο
1276 2566 1305 2594 δὲ
1315 2566 1403 2600 ἄλλως
1416 2566 1495 2605 οἶμαι
1512 2570 1649 2606 περιττόν·
1663 2570 1691 2598 τι
1709 2571 1766 2608 γάρ
1777 2581 1785 2587 ·

783 2640 900 2670 νΑιιιιΕ
919 2642 1125 2674 LECTIONES.

179 2692 190 2703 ‘
202 2687 314 2716 C.Mon.
335 2690 388 2718 553
402 2690 421 2718 ι.
438 2691 490 2719 H8
507 2701 515 2720 :
532 2694 674 2729 οὐρανίους
688 2696 826 2733 δυνάμεις.
866 2700 881 2721 Ρ
895 2699 927 2727 C.
946 2700 981 2728 Μ.
995 2700 1114 2736 ὀλίγους.

897 2760 1010 2790 ΝΟΤιΕ.

178 2793 216 2828 (Ι)
232 2793 327 2822 Aﬂiuis
343 2800 384 2822 est
399 2803 425 2831 η.
450 2795 556 2825 XXVII.
