1880 3057
69 118 108 154 561

386 115 438 149 AD
453 116 752 148 AMPHILOCHIUM
773 117 947 151 QUIESTIO
968 119 1156 158 LXXXVIII,
1171 119 1329 150 LXXXIX.

1618 120 1672 152 562

68 179 114 204 ἐνὸν
135 177 186 208 τοῖς
207 175 347 212 ἀρχαίοις,
376 175 425 202 καὶ
439 175 469 209 ἐξ
484 175 606 211 ἑτοίμου,
633 177 818 211 προσομιλεῖν.

904 185 975 210 tum,
1004 186 1067 205 cum
1093 179 1181 206 cuivis
1208 178 1287 206 obvia
1316 177 1372 205 sint
1399 177 1472 212 apud
1501 177 1670 212 antiquiores

66 225 94 252 Σὺ
103 223 126 251 δὲ
139 223 175 258 (οὔ
188 222 240 258 γὰρ
268 222 321 258 ἔχω
341 222 400 254 πῶς
417 215 654 257 ἀνέπαχθέστερον
667 222 748 257 εἴπω)
762 223 823 249 ἀντὶ

64 269 106 295 τῶν
127 268 200 295 πάλαι
219 267 307 299 καλῶς
331 267 545 303 γεγραμμένων,
567 267 669 294 καινῶν
701 268 822 304 προσδέῃ

63 314 175 349 γραφέων,
190 313 379 348 ἐξιδιουμένων
395 313 430 340 τά
444 313 497 348 πρὸ
515 313 606 340 αὐτῶν
623 313 671 340 καὶ
682 306 820 348 ἀλλότρια.

69 358 132 385 am
150 358 227 393 χωρὶς
256 357 379 388 ἐκείνων.
391 357 422 384 τὸ
441 357 575 393 σύντομον
595 358 642 384 καὶ
658 359 759 393 σαφὲς,
775 360 822 385 καὶ

63 404 110 430 om
129 404 205 439 χωρὶς
232 403 278 430 τοῦ
300 402 473 438 συμπείθειν,
489 404 558 438 μετὰ
570 404 711 440 προσοχῆς
723 405 819 432 ἀκουε-

63 449 105 484 εχει
124 450 148 476 δὲ
169 446 235 476 ὦδε·
266 449 332 475 Θεὸν
355 449 448 481 καλεῖς
470 449 516 476 τὸν
545 449 673 485 Πατέρα⁸
707 451 823 486 πότερον

62 495 133 530 τεμὼν
146 495 190 530 τὴν
203 495 360 529 ὑπόστασιν,
375 497 422 523 καὶ
438 496 624 532 ἀλλοτριώσας
638 498 689 533 τῆς
703 499 732 525 ὲν
745 499 821 534 αὐτῷ

63 542 98 567 καὶ
118 542 200 576 κοινῆς
227 541 364 576 θεότητος,
380 541 396 577 ἦ
422 542 472 569 οὐκ
488 543 520 569 ἂν
537 543 691 577 τολμήσαις
714 545 820 577 εὶπεῖη

62 586 116 613 οὕτω
134 587 182 622 γὰρ
192 587 223 613 ἂν
239 587 281 622 εῑη
294 587 326 613 τὸ
339 588 422 623 τιμᾷν
447 590 495 615 καὶ
521 589 666 624 ὀνομάζειν
694 589 761 617 Θεὸν
776 591 822 618 τὸν

62 632 159 667 Πατέρα,
172 633 219 667 τῆς
233 632 350 667 ἐσχάτης
364 632 514 669 βαρύτερον
536 634 655 670 ὕϐρεως,
673 636 822 664 ἀποσπάδα

61 677 153 704 τινὰκαὶ
165 678 327 713 παραφυάδα
345 680 416 706 νοεῖν
425 680 475 714 τῆς
487 679 582 716 ὀλικῆς
594 681 641 707 καὶ
656 681 820 716 ὐπερουσίου

60 724 166 758 θεότητος
178 722 206 755 ἐξ
216 720 246 750 οὗ
263 724 339 750 nim
351 723 423 757 θεία,
443 724 492 751 καὶ
506 725 562 757 τοῖς
577 725 607 752 ἐν
623 726 756 761 διαιρέσει
772 727 822 754 καὶ

61 769 132 804 ρεύσει
145 770 171 804 τὸ
187 769 254 796 εἶναι
279 769 420 804 λαχοῦσιν,
436 769 534 802 ἒνωσίς
546 779 575 797 τε
594 770 645 797 καὶ
657 771 758 807 συνοχὴ
774 772 822 798 καὶ

60 816 178 850 συνάφεια.
198 816 279 852 Ὁρᾷς
307 816 364 849 πῶς
382 817 416 844 ἂν
441 817 532 852 ὀρθῶς
549 817 707 853 ἑννοηθείης
724 827 753 845 τε
774 818 820 845 καὶ

59 861 137 895 ςήσαις
146 862 207 888 Θεὸν
219 862 265 888 τὸν
279 862 399 897 Πατέρα.
414 861 520 889 Οὐκοῦν
533 862 593 889 οὐδὲ
607 863 653 889 τὸν
668 863 732 889 Υῑδν
749 863 817 890 Θεὸν

58 907 180 942 ὀνομάζων,
197 909 320 944 ἀφοριείς
332 909 382 944 τῆς
395 909 482 944 αὐτῆς
512 909 646 942 Θεότητος
656 917 663 924 ³
678 910 756 944 εἰπερ
779 910 817 946 μὴ

57 953 102 978 κατ’
114 952 189 987 ἀλλην
211 952 261 987 μὲν
284 953 389 979 ἔννοιαν
401 953 447 980 τὸν
462 953 536 986 Υἰὸν,
553 954 614 980 κατ’
628 954 712 988 ἀλλην
729 955 757 981 δὲ
771 956 818 982 τὸν

875 223 980 250 lectori.
999 223 1039 250 Tu
1058 226 1150 250 autem
1167 223 1268 259 (neque
1283 223 1355 250 enim
1371 223 1458 250 habeo
1472 224 1546 258 quod
1561 224 1673 258 gravius

873 267 975 300 dicam)
993 275 1044 302 pro
1058 267 1122 294 olim
1137 269 1240 302 optime
1252 267 1344 294 relatis
1359 267 1386 294 in
1399 267 1516 299 litteras.
1536 275 1670 295 novorum

874 311 983 345 indigus
1010 311 1177 345 scriptorum
1202 318 1246 342 es,
1283 311 1329 345 qui
1355 311 1405 337 sibi
1434 311 1520 338 aliena
1548 315 1575 337 et
1599 312 1672 338 anti.

873 355 971 390 quiora
987 355 1177 390 appropriant.
1201 354 1313 388 Absque
1331 354 1386 381 illis
1402 360 1493 381 autem
1511 354 1628 381 breviter
1644 361 1671 382 et

873 398 1027 433 perspicue,
1053 406 1116 425 cum
1135 398 1296 430 attentione,
1315 402 1343 424 ut
1365 398 1570 432 persuadearis,
1590 398 1668 428 audi.

873 444 946 479 quod
962 443 1002 471 sic
1013 451 1043 470 se
1053 443 1150 470 habet:
1165 442 1272 470 Patrem
1285 443 1404 477 appellas
1432 443 1525 476 Deum,
1541 448 1669 470 utrumne

873 489 1034 525 hypostasin
1060 488 1226 516 dillindendo
1246 493 1273 514 et
1297 488 1445 514 alienando
1470 488 1545 515 illum
1563 496 1577 513 a
1593 495 1668 515 cum-

877 536 966 569 muni,
983 545 1045 572 quae
1060 537 1111 571 ipsi
1130 537 1211 568 inest,
1232 536 1345 568 deitate,
1363 544 1453 563 annon
1471 535 1555 562 audes
1570 533 1668 560 eﬂ'ari?

873 580 926 608 hoc
941 581 1014 608 enim
1045 581 1127 608 modo
1158 581 1295 608 honorare
1312 587 1339 608 et
1355 581 1497 608 nominare
1514 579 1597 606 Deum
1615 579 1667 606 Pa-

873 631 942 654 trem
972 627 1084 654 extremi
1110 627 1222 654 convitii
1247 627 1407 662 gravitatem
1434 626 1669 658 excederel;abs-

876 674 1041 701 tractionem
1082 674 1158 701 enim
1192 673 1339 708 quamdam
1393 678 1420 699 et
1451 672 1667 700 excreseentiam

873 719 1033 755 imaginaris
1062 720 1154 748 totalis
1187 724 1215 747 et
1241 719 1517 755 supersubstanti‘alis
1541 717 1667 751 Deitatis,

872 773 887 794 a
905 774 958 801 qua
976 766 1067 793 omnis
1089 766 1180 794 divina
1199 766 1274 798 unio,
1303 765 1462 800 conjunctio
1487 769 1514 792 et
1531 764 1663 796 cohaesio,

872 813 955 840 etiam
981 812 1034 840 illis
1056 812 1127 840 inest
1149 820 1270 848 quorum
1296 812 1418 840 essentia
1445 811 1471 838 in
1494 810 1627 838 divisione
1641 813 1669 836 et

835 848 857 875 Β
869 858 944 886 ﬂuxu
960 858 1182 886 consistit.Vides
1198 863 1228 886 ut
1244 863 1318 886 recte
1338 858 1410 893 apud
1422 857 1545 884 animum
1560 860 1667 883 statuas

867 910 895 932 et
911 904 1064 939 proﬁtearis
1079 903 1164 931 Deum
1176 903 1294 931 Patrem.
1305 904 1438 936 Quocirca
1451 910 1500 929 nec
1509 909 1571 929 eum
1583 901 1666 928 Deum

870 950 947 977 dicas
960 949 1071 982 Filium,
1086 950 1121 977 ab
1133 950 1226 977 eadem
1237 949 1376 984 separabis
1393 948 1506 980 Deitate,
1522 947 1574 974 nisi
1597 947 1668 974 forte

869 1003 924 1023 uno
936 996 1103 1030 intelligendi
1123 995 1202 1022 modo
1216 995 1326 1026 Filium.
1337 995 1391 1022 alio
1404 994 1511 1021 Patrem
1522 993 1667 1028 perhiben-

868 1043 932 1071 dum
945 1043 1062 1076 sentias;
1075 1041 1121 1069 sed
1138 1049 1187 1069 nec
1199 1050 1260 1069 cum
1271 1041 1402 1076 Spiritum
1415 1045 1538 1068 sanctum
1548 1048 1557 1072 ;
1569 1040 1664 1067 eadem

868 1089 941 1116 enim
958 1093 1089 1123 sequetur
1114 1088 1196 1123 impia
1215 1088 1404 1122 intelligentia.
1437 1086 1578 1122 Siquidem
1599 1092 1666 1121 ergo

869 1135 967 1162 horum
993 1135 1074 1161 trium
1096 1135 1213 1169 quilibet
1243 1135 1391 1169 separatim
1420 1138 1447 1161 et
1472 1141 1520 1168 per
1545 1141 1574 1160 se
1587 1140 1665 1160 com-

868 1182 1022 1216 prehensus
1043 1181 1136 1208 animo
1150 1186 1178 1208 et
1199 1181 1280 1213 Deus,
1294 1180 1377 1214 Deus,
1397 1180 1478 1212 Deus,
1499 1179 1551 1206 erit
1564 1180 1664 1212 dictus.

868 1228 1027 1255 nullatenus
1041 1227 1189 1262 aliquando
1215 1226 1249 1253 ab
1265 1226 1346 1253 unica
1377 1230 1405 1253 et
1427 1229 1517 1253 mente
1536 1225 1665 1252 conside-

869 1279 927 1300 rata
958 1272 1063 1300 Deitate
1080 1272 1267 1305 abscinditur;
1301 1277 1375 1299 certe
1399 1279 1448 1298 nec
1476 1271 1590 1306 injuria,
1619 1271 1666 1298 ubi

868 1320 1037 1355 eunjunctim
1058 1319 1252 1354 prredicantur,
1268 1326 1322 1345 non
1340 1322 1394 1345 tres
1411 1317 1465 1350 Dii,
1482 1317 1529 1344 sed
1544 1322 1574 1344 ut
1592 1325 1665 1345 unus

870 1364 951 1394 Deus.
977 1368 1032 1391 tres
1058 1363 1096 1390 illi
1120 1363 1357 1397 gloriﬁeabuntur.
1388 1361 1416 1389 Si
1442 1362 1539 1389 horum
1564 1361 1665 1396 singuli

869 1411 1015 1445 separatim
1039 1409 1148 1445 prolati,
1165 1409 1236 1436 Deus
1253 1408 1402 1440 diceretur,
1417 1408 1500 1435 veluti
1520 1409 1546 1435 in
1563 1415 1664 1443 appro-

870 1456 985 1491 prialam
1011 1455 1141 1482 Deitatem
1161 1458 1189 1481 et
1205 1454 1388 1489 alienigenam
1408 1454 1530 1486 abducti,
1549 1453 1665 1481 omnino

870 1506 944 1529 certe
971 1501 1042 1528 inter
1065 1508 1095 1527 se
1118 1506 1173 1527 tres
1198 1500 1239 1526 Dii
1262 1499 1428 1527 dicerentur.
1455 1499 1504 1526 Sin
1528 1503 1620 1526 autem
1637 1499 1664 1526 in

872 1553 954 1573 unam
971 1549 998 1572 et
1022 1544 1126 1571 honore
1142 1543 1273 1578 aqualem
1297 1543 1430 1570 Deitatem
1447 1542 1570 1574 adducti,
1592 1542 1664 1569 Deus

58 997 142 1032 Πατέρα
149 997 210 1024 Θεὸν
221 999 362 1034 ὑπεκρίνω
373 999 582 1033 ἀποφαίνεσθαι*
592 1000 653 1026 οὐδὲ
665 1000 695 1026 τὸ
705 1001 818 1036 Πνεῦμα

56 1043 237 1079 δὲδηλονότι·ὴ
260 1044 330 1078 αὑτὴ
356 1045 410 1080 γὰρ
428 1045 461 1071 ἂν
486 1045 717 1082 παρακολουθήσῃ
736 1047 819 1073 κακό-

56 1096 107 1115 νοια.
122 1087 149 1115 El
165 1089 251 1115 τοίνυν
277 1089 392 1115 ἕκαστον
414 1090 469 1116 τῶν
496 1090 591 1125 τριῶν,
609 1090 671 1117 καθ’
686 1092 766 1118 ἑαυτὸ
778 1091 818 1127 τῷ

56 1133 83 1167 νῷ
105 1133 311 1169 λαμϐανόμενον,
337 1134 384 1161 καὶ
413 1134 492 1167 Θεὸς,
521 1135 568 1162 καὶ
585 1135 662 1168 Θεὸς,
685 1137 733 1163 καὶ
751 1136 818 1168 Θεὸς

56 1177 234 1215 ἁρμοζόμενον,
259 1181 366 1216 οὐδαμῆ
385 1181 514 1216 οὐδαμῶς
527 1181 576 1216 τῆς
594 1182 817 1218 ὲνοεωρουμὲνης

56 1226 90 1252 καὶ
102 1227 158 1260 μιᾶς
174 1226 320 1262 ἀπετμήθη
336 1227 472 1261 Θεότητος
484 1235 493 1244 ’
512 1228 626 1260 εικότως
643 1228 697 1264 ἄρα
712 1229 758 1255 καὶ
769 1229 818 1255 σὺν

55 1271 155 1307 ἀλλήλοις
171 1273 377 1308 λαμϐανόμενα,
392 1273 423 1300 οὺ
438 1275 513 1309 τρεῖς
537 1274 610 1306 Θεοκ,
626 1274 683 1301 ἀλλ’
698 1276 738 1306 εἰς
754 1279 768 1299 ιι
783 1275 818 1302 τὰ

54 1318 101 1352 τρία
118 1318 176 1350 Θεὸς
196 1319 403 1354 δοξασθήσεται.
419 1319 450 1346 El
472 1320 522 1354 μὲν
546 1319 601 1355 γὰρ
615 1319 681 1351 Θεὸς
697 1320 817 1354 ἐλέγετο,

54 1364 100 1390 καθ’
120 1365 191 1392 ἑαυτὸ
216 1365 366 1400 νοούμενον
395 1365 523 1398 ἕκαστον,
539 1365 578 1397 ὡς
603 1367 644 1397 εἰς
674 1365 744 1392 ἰδίαν
771 1367 819 1393 καὶ

55 1409 146 1443 ἔκφυλον
172 1411 297 1446 Θεότητα.
316 1410 498 1446 ἀναγόμενον,
515 1411 630 1442 εἰκότως
642 1409 686 1443 ἂν,
702 1411 752 1437 σὺν
768 1411 816 1438 ἀλ-

54 1454 133 1489 λήλοις,
153 1457 198 1484 καὶ
224 1458 302 1492 τρεῖς
322 1456 386 1483 Θεο).
410 1456 595 1491 ὠνομάζοντο.
622 1456 654 1483 El.
667 1456 706 1488 δὲ,
720 1456 758 1488 ὠς
768 1458 818 1492 τὴν

54 1501 121 1537 αὐτὴν
139 1503 272 1539 ὀμοτιμως
295 1502 344 1529 καὶ
370 1502 434 1537 μίαν
458 1502 580 1538 Θεότητα
610 1503 817 1537 συναγόμενον,

55 1546 105 1579 Θεὸς
123 1548 170 1575 τῶν
184 1548 268 1585 τριῶν
281 1548 406 1576 ἐκαλεῖτο
423 1548 551 1575 ἕκαστον·
563 1548 606 1580 τίς
618 1549 632 1575 ὁ
643 1548 818 1584 βιαζόμενος,

55 1593 80 1620 τὰ
91 1594 189 1630 μηδαμῆ
206 1595 343 1630 μηδαμῶς
356 1595 405 1630 τῆς
419 1594 643 1630 ὲνθεωρουμένης
657 1595 752 1627 αὐτοῖς
767 1595 819 1621 καὶ

833 1526 852 1552 C

872 1593 954 1620 trium
969 1592 1084 1627 quilibet
1105 1596 1239 1624 vocetur;
1265 1590 1360 1625 ecquis
1383 1594 1435 1623 est,
1460 1589 1506 1624 qui
1531 1593 1610 1624 coget
1632 1596 1664 1615 ea

870 1646 932 1672 qua:
947 1637 1023 1665 nullo
1038 1637 1120 1664 modo
1135 1636 1236 1663 alicubi
1253 1635 1375 1670 separari
1393 1640 1508 1670 possunt
1529 1641 1543 1661 a
1560 1633 1666 1661 Deitule

872 1682 978 1709 inlerne
992 1681 1178 1712 considerata,
1205 1685 1232 1708 et
1251 1680 1380 1707 omnibus
1398 1679 1456 1706 suis
1472 1679 1595 1706 numeris
1612 1679 1663 1705 ab—

871 1724 971 1757 soluta,
1005 1729 1060 1752 tres
1087 1723 1157 1752 Deus
1188 1723 1354 1750 nmninare?
1378 1722 1439 1750 Jam
1466 1730 1530 1749 vero
1549 1721 1666 1748 omnino

872 1776 983 1795 necesse
996 1769 1057 1800 erit,
1074 1768 1141 1794 Tres
1159 1767 1250 1794 dicere
1269 1774 1353 1793 unum
1370 1765 1466 1797 Deum,
1493 1773 1554 1793 cum
1572 1765 1664 1792 nulhi-

57 1640 264 1676 συμπληρωτικῆς
281 1641 453 1676 διαιρεθέντα
476 1641 623 1676 Θεότητος,
638 1642 716 1677 τρεῖς
729 1642 820 1675 λέγειν

55 1685 133 1721 9206;;
157 1689 254 1723 μᾶλλον
265 1689 307 1721 δὲ,
322 1688 381 1719 πῶς
404 1688 454 1714 οὐκ
473 1688 581 1722 ἀνάγκη
603 1687 689 1719 πᾶσα,
705 1687 741 1714 τὰ
756 1687 820 1722 τρία

55 1731 125 1765 λέγειν
148 1733 193 1761 ενα
222 1733 309 1767 Θεὸν,
348 1733 468 1768 οὐδαμοῦ
491 1732 675 1767 διαιρεθέντος
714 1733 821 1764 οὐδενὸς

57 1777 96 1804 τῶν
111 1780 184 1814 τριῶν
196 1780 245 1816 τῆς
272 1779 377 1812 ἑνιαίας
396 1780 444 1807 καὶ
461 1779 587 1815 ἀτμήτου
600 1779 647 1806 καὶ
662 1779 819 1815 ἀδιαιρέτου

57 1810 183 1860 θεότηξοςς
222 1810 242 1816 ”“
368 1810 374 1812 ⁷
499 1810 506 1815 ’
530 1810 537 1814 ”
737 1810 744 1815 “
872 1817 954 1860 ten-us.
965 1811 1065 1860 aliquis
1082 1819 1097 1838 e
1112 1810 1364 1860 tri-husiili'vidatur,
1391 1810 1434 1837 vel
1458 1810 1593 1836 alienetur
1609 1817 1663 1836 una

871 1855 989 1882 indivisa
1002 1860 1029 1882 et
1044 1855 1185 1882 insecabili
1201 1854 1314 1884 Deitate.

875 1910 1039 1945 QUIESTIO
1049 1910 1184 1938 LXXXIX
1195 1909 1426 1946 [CoisLCCLXIL
1444 1908 1663 1944 Taur..CCLXl].

872 1959 941 1993 Quot
953 1959 1160 1994 signiﬁcationes
1172 1958 1370 2009 vocitDeusain
1384 1957 1532 1993 Scriptum
1554 1957 1667 1991 reperiri

1222 1999 1329 2009 ..η......,

1221 1999 1339 2028 possunt:

291 1914 461 1942 ΕΡΩἸῊΣΙΣ
486 1912 551 1942 ΠΘ’.

54 1957 120 1987 Πόσα
135 1961 340 2000 σημαινόμετα
355 1961 453 2000 fatur
478 1960 578 2000 εὑρεῖν
599 1960 635 1987 ἐν
651 1959 689 1996 τῇ
708 1960 816 1996 Γραφῇ

280 1997 335 2030 τῆς
349 1997 424 2023 Θεοῦ
435 1997 557 2030 φωνῆς;

271 2053 343 2078 Edita
363 2060 378 2078 a
397 2053 557 2084 Monmouth,
574 2060 614 2084 ep.
631 2053 686 2084 162,
700 2053 734 2078 ad
745 2052 864 2086 Amp/nl,
877 2060 902 2084 p.
913 2052 1026 2078 2i5~2|6.
1038 2053 1077 2078 De
1090 2051 1273 2084 signiﬁcatione
1285 2052 1392 2078 nominis
1407 2051 1464 2079 Dei.

77 2108 106 2133 α’.
116 2107 181 2142 Τρία
208 2109 400 2144 σημαινόμενα
422 2107 482 2139 τοῦ,
502 2107 579 2140 Θεὸς,
601 2107 745 2143 ὀνόματος,
764 2108 815 2134 ὅσα

53 2152 116 2184 γιεις
130 2154 237 2189 μνήμην
271 2153 342 2180 κα.τά
354 2153 433 2185 δόξαν
449 2151 507 2179 οἴδα
524 2153 575 2188 τῆς
589 2152 665 2185 θείας
681 2153 794 2189 Γραφῆς
807 2161 816 2169 ’

53 2195 122 2232 tum
134 2200 162 2226 τὸ
175 2201 279 2236 κυρίως
302 2200 349 2226 καὶ
373 2199 488 2234 πρώτως
506 2201 563 2232 Ὃν,
580 2196 611 2227 οὗ
637 2201 667 2226 ὲν
684 2201 717 2235 τῇ
742 2199 816 2235 χειρὶ

906 2108 932 2135 1.
947 2107 1072 2135 Nominis
1086 2108 1131 2135 Dei
1144 2109 1194 2135 tria
1209 2112 1274 2136 sunt
1288 2107 1454 2142 signiﬁcata,
1468 2111 1601 2141 quantum
1618 2113 1664 2133 re-

868 2154 975 2182 eonlari
987 2161 1110 2189 possum,
1127 2154 1205 2189 juxta
1233 2153 1381 2188 Scriptura:
1407 2161 1542 2181 sensum:
1564 2160 1663 2184 unum,

869 2200 941 2234 quod
962 2200 1003 2228 sit.
1021 2200 1131 2236 proprie
1155 2204 1183 2227 et
1207 2201 1338 2235 primario
1355 2199 1421 2232 Ens,
1438 2200 1519 2235 cujus
1533 2200 1561 2226 in
1578 2207 1661 2226 manu

53 2242 130 2276 πάντα,
155 2246 200 2273 καὶ
212 2247 243 2278 ὃς
258 2246 388 2273 ἁπάντων
413 2244 557 2277 δεσπόζεν
593 2255 602 2272 ι
615 2245 656 2272 Τά
669 2245 723 2281 γὰρ
743 2245 815 2280 σύμ-

904 2247 961 2273 mia
977 2251 1056 2277 sunt,
1086 2252 1112 2274 et
1132 2247 1177 2281 qui
1195 2247 1323 2274 omnibus
1338 2247 1515 2274 dominatur:
1535 2254 1544 2270 ι
1561 2245 1664 2273 Omnia

54 2297 122 2316 ταντα
137 2292 216 2318 δοῦλα
231 2292 275 2319 σά.
290 2302 300 2318 ι

78 2333 103 2366 β’.
115 2336 227 2372 Δευτέρᾳ
240 2337 270 2363 δὲ
279 2336 366 2368 τάξει,
394 2335 443 2363 καὶ
462 2335 572 2371 μεθέξει
587 2336 638 2371 τῆς
649 2335 763 2370 πρώτης
774 2335 817 2362 αἱ·

52 2377 106 2410 τίας,
129 2380 224 2415 λέγοιτ’
239 2382 274 2408 ἂν
301 2382 349 2409 καὶ
369 2382 423 2408 τῶν
439 2381 592 2417 ἀνθρώπων
613 2382 717 2413 ἐκεῖνος
743 2382 814 2414 θεὸς,

51 2423 80 2455 δῖ.
93 2427 129 2460 ἐφ’
139 2427 199 2454 ὅσον
233 2429 292 2455 ἐστὶ
321 2428 446 2455 δυνατὸν⁹
464 2429 582 2464 γεννητῇ
605 2428 698 2463 φύσει,
714 2429 754 2460 εἰς
770 2428 816 2463 μί-

53 2478 117 2504 mw
138 2473 244 2505 ἑαυτὸν,
269 2474 375 2510 ἀρετῶν
401 2474 528 2509 ἀσκήσει,
555 2474 715 2501 διαπλάττοι
733 2474 814 2502 Θεοῦ.

52 2516 93 2543 Καὶ
115 2518 174 2556 γὰρ.
199 2520 297 2556 ὥσπερ
323 2521 428 2556 κυρίως
451 2520 502 2556 μέν
521 2521 595 2547 ἐστιν
611 2520 713 2554 ἀγαθὸν
726 2520 815 2555 ήθεία

52 2562 86 2587 καὶ
105 2568 252 2602 πανουργδς
275 2567 373 2602 φύσις·
403 2567 474 2594 κατὰ
499 2566 608 2602 μέθεξιν
631 2566 670 2599 δὲ,
693 2566 742 2593 καὶ
761 2565 817 2592 τῶν

51 2606 180 2644 ἀνθράκων
196 2632 205 2646 ,
235 2614 293 2640 ὅσοι
330 2612 510 2648 διακαθάρσει
541 2612 599 2648 βίου
630 2612 680 2648 τῆς
709 2612 817 2639 ἐκεῖθεν

78 2688 128 2705 ""'
141 2689 209 2719 Psal.
236 2699 328 2726 cxvm,
345 2692 398 2729 ξίιι.

869 2292 941 2320 enim
955 2292 1079 2320 serviunt
1094 2293 1143 2320 tibi
1158 2293 1230 2320 "-".
1245 2303 1253 2319 ι

903 2339 928 2366 2.
944 2337 1047 2366 Ordine
1060 2339 1182 2366 secundo
1192 2344 1218 2366 et
1229 2339 1340 2366 relative
1357 2338 1391 2366 ad
1405 2345 1517 2366 causam
1530 2337 1663 2374 primam,

866 2384 974 2411 dicetur
994 2385 1137 2412 hominum
1157 2384 1228 2413 Deus
1247 2385 1301 2418 ille,
1314 2386 1361 2419 qui
1379 2386 1405 2412 in
1422 2390 1555 2420 quantum
1572 2383 1665 2418 possi«

867 2430 922 2457 bile
938 2434 980 2457 est
989 2436 1095 2457 natum
1110 2435 1209 2458 creata:
1221 2451 1228 2462 .
1254 2439 1284 2459 se
1299 2439 1347 2466 per
1363 2431 1472 2459 virtutis
1495 2430 1664 2458 exercitium

866 2475 901 2503 ad
916 2475 1098 2504 imitationem
1113 2476 1159 2504 Dei
1173 2477 1340 2505 conformat.
1358 2477 1465 2504 Etenim
1479 2478 1660 2512 quemadmo-

869 2519 934 2547 dum
962 2520 1150 2556 principaliter
1171 2521 1274 2548 bonum
1298 2526 1341 2549 est
1366 2525 1466 2548 natura
1493 2521 1539 2548 illa
1564 2521 1663 2548 divina

868 2567 992 2595 omnium
1023 2575 1115 2595 rerum
1145 2567 1286 2600 creatrix,
1336 2575 1385 2603 per
1418 2567 1660 2603 participationem

873 2619 939 2640 vero
968 2618 995 2640 ct
1027 2613 1066 2641 illi
1095 2613 1232 2647 homines,
1261 2613 1308 2650 qui
1336 2613 1370 2642 de
1400 2613 1456 2641 vita
1481 2612 1663 2642 mundiﬂcata

673 2750 715 2777 VA
721 2750 789 2779 ῐὶΙιιΕ
812 2750 1015 2780 ιείιτιοΝΕε.

92 2840 104 2861 1
115 2835 236 2868 Mendose
248 2847 296 2875 pro
305 2837 356 2874 εἷς.
371 2840 403 2868 (Σ.
417 2840 489 2869 Man.
508 2838 549 2874 εἷς
567 2840 632 2874 Θεὸς
650 2844 683 2868 τα
698 2841 770 2876 τρία.
