1880 3057
198 122 250 155 567

781 121 915 153 ΡΗΟΤΙΙ
928 122 1182 153 PATRIARCHE
1198 123 1253 154 (ΣΡ.

1780 122 1833 153 568

176 179 310 218 ,(ἒιεεθῑοι·
334 181 394 210 est,
421 176 469 212 qui
495 181 608 212 superat
632 185 741 206 omnem
764 179 947 208 laudationem
964 185 991 208 et

1080 190 1093 212 ς
1109 181 1184 208 ἐστὶν
1200 180 1338 216 εὐφημίας
1356 180 1403 207 καὶ
1420 180 1499 216 δόξης
1516 179 1653 216 ὑπεράνω,
1667 181 1831 207 κατεσκέδα-

172 224 181 256 ῖ
197 224 312 259 gloriam
330 233 336 251 :
358 222 464 258 peccati
482 229 558 250 reatu
577 228 703 258 tenetur,
722 226 774 253 hoc
797 232 855 257 est.
882 234 989 261 pceuam

198 269 351 297 insolentiae
366 273 392 296 et
407 268 518 296 convitii
537 270 651 298 subibit.
667 272 719 305 Qui
745 272 771 300 id
787 274 859 308 quod
876 281 991 300 venera-

198 321 258 349 tur,
281 316 340 350 ipse
353 321 525 346 exsecratur.
546 323 690 353 utramque
707 323 864 353 usurpatam
883 319 992 346 deitatis

198 362 370 389 vocationem
390 363 441 390 sibi
466 364 646 398 assumpserit
661 373 668 390 :
684 364 786 398 duplici
809 371 907 398 paena,
937 364 992 390 imo

197 407 341 441 multiplici
357 408 485 437 subditus
501 410 600 437 merito
619 409 680 441 erit,
701 409 748 444 qui
767 411 887 436 universi
905 409 992 437 facto—

197 461 268 487 rem,
282 458 309 481 et
321 453 406 480 Deum
423 456 574 483 maledictis
585 455 696 490 proluit,
717 460 743 483 et
757 456 992 484 exsecrationibus

198 498 281 526 audet
295 505 462 533 supponere.
481 501 571 533 Quare
585 501 698 535 dignum
717 501 784 528 illud
802 498 991 536 blasphemum

198 548 281 579 caput
307 549 365 576 est,
388 551 416 571 ut
446 545 581 580 lapidibus
608 547 661 573 vita
676 547 810 581 privetur,
827 547 993 576 lascivientis

199 591 298 626 lingunt
313 592 392 620 luens
408 592 583 627 supplicium.

234 638 262 665 6.
276 638 364 673 Atque
381 637 417 664 ita
434 637 485 665 hoc
505 638 611 666 dictum
634 639 847 673 interpretantur
860 640 991 668 vetustio-

200 691 253 711 res.
271 683 442 711 Posteriores
456 684 490 711 ad
507 684 581 712 hune
600 685 710 711 modum
727 686 888 713 sententiam
906 687 994 721 expli-

199 728 283 755 cant:
306 737 315 754 ι
337 728 434 763 llomo,
455 730 579 764 inquam,
600 729 645 764 qui
666 730 718 757 diis
733 730 793 758 suis
813 731 993 764 maledixerit,

199 778 338 808 peccatum
357 775 493 807 incurret;
514 784 523 800 ι
549 779 591 802 est
607 775 675 806 haec,
693 775 730 802 illi
747 775 883 810 inquiunt,
901 785 948 811 pcr
963 785 994 804 se

200 819 279 853 plana
295 820 441 846 sententia.
471 819 522 852 Qui
551 819 679 846 nimirum
698 828 790 847 verum
811 820 896 848 Deum
913 829 993 849 exsu—

198 869 301 898 cratur,
316 865 501 899 aut‘alioquin
528 864 555 891 in
583 872 645 892 eutn
670 866 782 900 insanit,
806 867 909 901 peccati
930 875 992 895 rens

197 916 250 942 est,
266 912 339 946 quod
358 911 387 939 in
407 910 574 938 ineluctabili
594 911 730 945 supplicio
748 913 919 940 terminatur.
938 912 993 940 lloe

198 962 289 985 autent
309 959 413 986 dictum
430 965 438 984 :
462 966 472 983 ι
491 956 594 984 Nomen
613 957 659 983 Dei
682 957 789 984 Domini
806 959 960 992 nominans,
981 968 990 984 ι

198 1004 252 1031 tale
272 1004 434 1038 prohibetur
449 1011 511 1032 esse
521 1002 623 1030 Iudaeis
639 1010 738 1030 nomen
759 1004 815 1036 Dei,
830 1010 877 1032 aut
893 1013 940 1039 per
953 1005 993 1032 la-

197 1049 240 1076 bia
257 1049 385 1084 proferri,
404 1052 451 1078 sed
473 1049 618 1080 indictum,
633 1053 661 1075 et
680 1049 750 1075 haud
764 1050 918 1085 cuicumque
934 1057 995 1085 pro~

198 1095 283 1122 latum
300 1096 444 1128 custodiri,
471 1095 522 1122 nisi
540 1096 607 1121 solis
630 1095 817 1130 pontiﬁcibus,
839 1096 866 1123 in
889 1097 992 1124 cultum

199 1138 244 1166 Dei
261 1144 289 1167 et
303 1140 493 1167 reverentiam.
509 1138 644 1172 Quocirca
662 1147 711 1166 nec
734 1140 833 1167 litteris
847 1141 917 1175 apud
934 1141 994 1169 illos

199 1185 306 1212 usitatis
332 1186 479 1218 scribitur,
500 1186 547 1212 sed
574 1186 726 1220 peregrinis
746 1190 772 1212 ct
789 1187 903 1214 exotieis
927 1187 994 1214 cha-

199 1230 350 1257 racteribus
368 1230 471 1257 litteras
491 1229 618 1264 ﬁgurant,
637 1231 715 1265 quasi
731 1231 865 1266 symbolis
879 1232 994 1266 quibus-

198 1276 260 1302 dam
282 1277 422 1310 mysticis;
438 1281 500 1302 sunt
515 1281 607 1304 autem
625 1277 721 1304 litterae
738 1281 866 1311 quatuor,
885 1279 955 1305 unde
969 1283 996 1306 et

199 1326 444 1356 tetragranunalon
469 1322 542 1355 apud
565 1329 613 1350 eos
641 1328 799 1356 usurpatur.
825 1323 896 1350 ldetn
912 1332 993 1358 ergo,

200 1367 342 1402 inquiunt,
367 1367 438 1402 apud
453 1366 564 1394 Judteos
581 1372 656 1401 erat,
673 1370 807 1395 exsecrari
820 1373 844 1395 et
860 1369 996 1396 nominare

202 1413 298 1445 Deum,
314 1413 366 1440 hoc
385 1418 438 1445 est,
461 1422 560 1441 nomen
581 1415 641 1449 ejus
656 1414 792 1441 ineffabile
804 1422 852 1450 per
870 1414 940 1442 labia
961 1415 995 1442 ad

201 1459 330 1494 profanas
343 1468 423 1488 aures
433 1461 617 1489 transmittere
629 1469 635 1487 :
649 1460 777 1495 quocirca
792 1465 880 1487 morte
894 1465 997 1487 utrum-

201 1512 255 1539 que
271 1505 408 1533 luebatur.
1007 1522 1029 1550 ο

239 1635 266 1662 'l.
284 1637 373 1671 Atque
389 1636 521 1665 hactenus
533 1636 588 1664 isti.
607 1636 693 1665 Porro
704 1641 796 1665 autem
808 1645 905 1665 nomen
922 1638 994 1666 istud

203 1689 289 1709 aureo
305 1682 426 1710 folliculo
443 1683 621 1719 inscriptum,
641 1690 668 1711 et
695 1684 811 1712 vinculis
831 1685 995 1719 quibusdam

203 1728 237 1755 ad
258 1727 364 1755 ﬁlamen
385 1735 522 1756 annexum
538 1730 703 1764 pontificale.
728 1731 828 1756 summi
846 1731 997 1759 sacerdotis

204 1773 320 1801 frontem
338 1773 453 1801 ornabat
483 1779 510 1802 et
530 1775 720 1803 custodiebat:
743 1783 804 1802 nam
824 1777 996 1805 tremendum

203 1824 230 1848 et
254 1819 440 1847 venerandum
456 1820 627 1849 intuentibus
649 1821 810 1848 videbatur:
834 1822 915 1849 simul
933 1823 998 1850 inti-

205 1866 307 1900 mabat,
325 1873 452 1903 oportere
467 1867 625 1904 pontificmn
655 1873 745 1897 mente
762 1873 892 1905 perpetuo
910 1876 996 1904 copu-

205 1913 254 1940 lari
273 1913 338 1946 Deo,
355 1921 405 1942 nec
419 1914 453 1941 ab
468 1915 512 1941 illa
529 1915 607 1942 beata
627 1916 796 1943 connexione
811 1916 948 1944 divulsum
964 1916 998 1944 ad

207 1959 345 1987 terrestria
359 1964 386 1987 et
397 1960 511 1987 evanida
531 1960 642 1988 deferri.
660 1960 749 1995 Atque
773 1961 810 1989 ita
828 1962 892 1997 quid
912 1963 999 1990 inten-

205 2004 253 2032 dat
268 2005 319 2032 hoc
334 2012 444 2038 nomen,
457 2005 529 2032 Deus
547 2005 604 2041 ipse
621 2006 700 2034 docet
716 2017 721 2034 :
738 2016 800 2036 cum
818 2008 1000 2043 interrogaret

205 2049 311 2084 Moyses
327 2059 334 2077 :
350 2059 360 2076 ι
379 2050 457 2083 Quod
480 2056 522 2078 est
552 2058 652 2078 nomen
689 2054 785 2080 tuum?
805 2063 813 2080 ι
833 2054 997 2088 respondit:

208 2102 218 2120 ι
238 2094 294 2129 Ego
310 2102 381 2128 sum,
398 2095 444 2129 qui
461 2103 521 2122 sum
539 2104 547 2123 :
569 2105 579 2122 ι
599 2100 654 2123 tum
668 2098 747 2132 quasi
761 2104 933 2126 asseveraret
947 2099 1000 2127 hoc

205 2139 266 2174 ejus
283 2147 343 2167 esse
360 2148 459 2168 nomen
479 2141 553 2176 quod
574 2143 739 2178 protulerat,
772 2153 782 2170 ι
803 2144 877 2180 Ego,
891 2146 998 2180 inquit,

1044 235 1109 253 σεν·
1137 227 1275 262 ἁμαρτίας
1304 227 1352 261 μὲν
1378 226 1433 262 γάρ
1455 228 1530 253 ἐστιν
1554 226 1656 261 ἔνοχος,
1683 226 1832 258 τουτέστιν,

1043 272 1188 307 παροινίας
1206 273 1252 299 καὶ
1270 272 1374 308 ῦῦρεως
1389 272 1466 307 δίκην
1480 272 1605 307 ὀφείλων.
1622 272 1678 299 Καὶ
1690 273 1705 298 ό
1720 272 1752 298 τὸ
1769 272 1833 298 [διον

1043 317 1220 352 ἐπαρώμενος
1233 317 1406 352 Θρήσκευμα,
1419 318 1442 343 εἰ
1454 318 1502 344 καὶ
1514 317 1696 352 ψευδωνύμως
1709 317 1759 352 τὴν
1768 317 1834 351 κλῆ-

1043 371 1085 389 σιν
1098 362 1238 397 ἐφέλκοιτο
1249 363 1298 397 τῆς
1317 363 1457 398 θεότητος,
1472 363 1568 398 διπλῆς
1578 362 1606 389 δὲ
1619 363 1667 389 καὶ
1677 363 1835 397 πολλαπλῆς

1042 408 1178 443 τιμωρίας
1206 408 1358 444 ὑπόχρεως,
1381 409 1396 434 ὁ
1417 409 1462 435 τὸν
1475 408 1522 434 τοῦ
1546 409 1646 440 παντὸς
1663 409 1835 444 Δημιουργὺν

1042 455 1090 481 καὶ
1102 455 1169 481 Θεὸν
1185 454 1296 490 ῦῦρεσιν
1311 455 1428 486 πλύνων,
1443 455 1490 481 καὶ
1503 456 1582 489 ἀραῖς
1593 455 1770 490 τετολμηκὼς
1784 455 1836 481 ὕπ-

1043 501 1131 535 άγειν.
1148 500 1187 526 Δι’
1200 500 1214 526 ὃ
1231 499 1315 531 λίθοις
1334 499 1382 526 τοῦ
1398 500 1447 536 ζῇν
1464 502 1480 535 ἡ
1503 500 1662 535 βλάσφημος
1681 501 1776 535 ἐκείνη
1791 510 1835 527 κε-

1043 547 1114 581 φαλὴ
1128 546 1191 578 ἀξία
1204 546 1398 578 Exue-trnseat,
1415 548 1465 582 τῆς
1480 547 1632 573 ἀκολάστου
1645 546 1774 582 γλώσσης
1786 547 1836 582 τὴν

1041 592 1120 628 δίκην
1136 591 1284 626 ὑπέχουσα.

1078 642 1115 671 ς’.
1128 639 1207 665 Οὖτω
1231 638 1280 673 μὲν
1296 638 1321 664 οἱ
1341 638 1468 673 πρότεροι
1484 637 1515 663 τὸ
1531 636 1612 672 ῥητδν
1629 637 1809 671 διασαφοῦσιν
1828 645 1835 651 ·

1042 685 1067 711 οἱ
1081 685 1108 711 δὲ
1134 685 1193 719 μετ’
1207 683 1337 715 ἐκείνους,
1349 680 1403 710 ὧδε
1416 682 1572 718 διηγοῦνται
1587 683 1633 709 τὸν
1651 682 1728 709 νοῦν·
1745 692 1755 708 ι
1772 683 1837 709 Ἂν-

1043 731 1171 766 θρωπος,
1195 730 1224 761 ὃς
1246 730 1437 766 καταράσηται
1467 729 1534 756 Θεὸν
1559 729 1663 761 αὐτοῦ,
1696 730 1838 764 ἁμαρτίαν

1042 777 1167 812 λήψεται,
1185 785 1195 802 ›
1215 776 1327 802 αὐτόθεν
1344 777 1412 808 ἐστὶ,
1433 775 1510 810 φασὶ,
1528 775 1616 810 σαφὴς
1637 777 1653 810 ἡ
1668 775 1784 801 διάνοια.
1807 776 1838 801 ὐ

1043 822 1098 857 γὰρ
1116 821 1161 848 τδν
1178 820 1266 856 ἀληοῆ
1283 820 1348 847 Θεὸν
1366 819 1555 855 ἐπαρώμενος,
1579 820 1596 854 ἢ
1615 819 1702 850 ἄλλως
1727 821 1840 855 ἐμπαρ-

1044 867 1122 894 οινῶν
1143 867 1229 901 αὐτῷ,
1245 865 1336 900 ἔνοχός
1352 867 1426 892 ἐστιν
1439 866 1594 900 ἁμαρτίας·
1617 866 1634 900 ἡ
1650 864 1678 891 δὲ
1695 865 1734 896 εἰς
1749 874 1840 900 τιμω-

1046 914 1106 949 ρίαν
1121 914 1306 949 ἀπαραίτητον
1322 914 1446 948 τελευτᾷ.
1464 913 1501 938 Τὸ
1517 912 1545 938 δὲ
1560 917 1585 943 ι,
1605 921 1615 937 ι
1633 911 1793 946 Ὸνομάζων
1810 911 1840 937 τὺ

1043 959 1129 994 ὄνομα
1145 959 1249 994 Κυρίου
1268 958 1315 985 τοῦ
1331 957 1417 985 θεοῦ·
1435 967 1444 983 ι
1469 956 1590 984 τοιοῦτον
1612 954 1682 983 εἶναι
1703 956 1840 992 ἀπείρητο

1043 1006 1098 1036 τοῖς
1116 1004 1250 1035 Ἰουδαίοις
1260 1004 1348 1031 τδ-τοῦ
1365 1002 1433 1030 Θεοῦ
1447 1003 1546 1037 ὄνομα·
1563 1002 1621 1029 ἀλλ’
1635 1003 1676 1029 ὃτι
1689 1002 1767 1038 παρὰ
1776 1003 1838 1038 τὴν,

1044 1050 1120 1083 Θεὸς,
1144 1049 1237 1085 φωνὴν
1258 1049 1437 1085 νομιζόμενον
1454 1047 1498 1074 διὰ
1520 1047 1632 1083 χειλέων
1648 1049 1718 1080 ὅλως
1734 1050 1840 1084 προφέ-

1045 1095 1141 1131 ρεσοαι
1154 1103 1160 1110 ·
1178 1095 1359 1131 ἄφραστον,δὲ
1372 1095 1419 1121 καὶ
1434 1094 1584 1129 ἀνέκφορον
1600 1095 1751 1127 παντελῶς,
1767 1095 1840 1130 πλὴν

1044 1143 1094 1168 ὅσα
1112 1150 1144 1176 γε
1163 1143 1220 1173 τοῖς
1241 1140 1400 1176 ἀρχιερεῦσι
1420 1140 1521 1175 μόνοις,
1541 1141 1587 1166 ἐπὶ
1603 1141 1669 1176 τιμῇ
1689 1141 1738 1167 καὶ
1758 1141 1842 1167 6:64:-

1046 1189 1171 1223 σμιότητι
1187 1187 1233 1213 τοῦ
1250 1187 1339 1218 Θείου,
1353 1186 1538 1222 διετετήρητο.
1552 1186 1599 1212 Διδ
1614 1186 1676 1212 οὐδὲ
1691 1186 1842 1221 γράμμασι

1044 1235 1100 1265 τοῖς
1115 1233 1179 1267 παρ’
1192 1233 1284 1263 αὐτοῖς
1299 1232 1472 1267 διεγράφετο,
1488 1231 1573 1263 ξένοις
1589 1231 1617 1257 δέ
1632 1240 1687 1257 τισι
1707 1232 1754 1258 καὶ
1768 1240 1843 1267 παρ-

1044 1279 1226 1314 ηλλαγμένοις
1249 1278 1420 1313 γραμμάτων
1450 1278 1546 1308 τύποις
1576 1276 1843 1313 χαρακτηρίζοντεε,

1045 1321 1089 1351 οἶα
1102 1324 1134 1358 δὴ
1154 1322 1370 1359 μυστικωτέροις
1381 1322 1535 1357 συμϐόλοις,
1551 1322 1617 1348 αὐτὸ
1631 1322 1844 1356 παρυπέφαινον

1045 1370 1166 1403 τέσσαρα.
1182 1369 1210 1395 δὲ
1222 1368 1256 1395 τὰ
1267 1368 1419 1402 γράμματα
1429 1365 1463 1402 ἦν
1477 1367 1507 1399 ὲξ
1518 1364 1547 1394 οῦ
1564 1367 1611 1393 καὶ
1625 1367 1845 1403 τετράγραμμον

1046 1415 1139 1446 αὐτοῖς
1152 1413 1355 1448 ἐπωνομάζετο.
1370 1412 1413 1438 Ἐν
1430 1412 1480 1446 ῐσῳ
1494 1412 1594 1445 τοίνυν,
1611 1413 1704 1446 φασὶν,
1718 1412 1843 1447 ὑπῆρχε.

1047 1461 1112 1495 παρ’
1134 1459 1273 1490 Ἰουδαίοις
1285 1457 1458 1492 ἀράσασθαι
1470 1465 1499 1483 τε
1515 1457 1561 1483 τὸν
1578 1457 1655 1490 Θεὸν,
1668 1458 1715 1484 καὶ
1728 1458 1846 1492 ὀνομάο
1876 1471 1877 1494 ζ

1046 1513 1115 1532 σαι·
1134 1504 1281 1535 τουτέστιν,
1302 1503 1333 1530 τὸ
1348 1503 1488 1537 ἄφραστον
1509 1503 1595 1538 ὄνομα
1609 1503 1692 1529 αὑτοῦ
1717 1503 1765 1529 διὰ
1786 1511 1847 1538 χει·

1045 1551 1125 1583 λέων,
1148 1550 1196 1576 καὶ
1214 1549 1331 1584 μάλιστα
1344 1549 1448 1578 κοιναῖς
1462 1549 1659 1583 προσενεγκεῖν
1674 1548 1784 1580 ἀκοαῖς.
1800 1549 1848 1574 Arb

1045 1598 1093 1624 καὶ
1108 1596 1230 1631 ἐκατέρῳ
1245 1595 1360 1625 θάνατος
1379 1593 1506 1620 ἐπέκειτο
1521 1595 1537 1628 ἡ
1554 1593 1651 1629 ζημία.

1082 1642 1114 1675 ζ’.
1133 1642 1213 1668 Ἀλλά
1222 1642 1307 1676 ταύτῃ
1324 1640 1374 1676 μὲν
1381 1639 1430 1666 καὶ
1451 1637 1534 1667 οὗτοι.
1549 1639 1634 1666 Τοῦτο
1650 1639 1678 1666 δὲ
1699 1639 1730 1666 τὸ
1745 1639 1848 1675 ὄνομα.

1047 1689 1093 1715 καὶ
1104 1686 1206 1723 χρυσοῦ
1221 1687 1329 1721 πετάλῳ
1345 1686 1593 1724 ὲγχαραττόμενον,
1605 1686 1651 1712 καὶ
1665 1687 1698 1720 τῇ
1714 1686 1850 1721 ἀρχιερα-

1046 1735 1109 1769 τικῇ
1132 1733 1223 1769 ταινίᾳ
1236 1733 1346 1769 δεσμοῖς
1366 1731 1565 1768 ἁρμοζόμενον,
1581 1731 1610 1758 τὸ
1622 1730 1670 1758 τοῦ
1687 1731 1847 1766 ἀρχιερέως

1047 1779 1176 1814 ἐφρούρει
1193 1788 1222 1805 τε
1237 1779 1286 1806 καὶ
1300 1779 1412 1813 ἐκόσμει
1426 1778 1552 1813 μέτωπον
1565 1785 1572 1793 ο
1589 1776 1647 1812 ἄμα
1661 1776 1710 1812 μὲν
1726 1777 1847 1812 φοϐερὸν

1048 1825 1096 1851 καὶ
1113 1824 1261 1859 σεϐάσμιον
1277 1824 1334 1854 τοῖς
1345 1823 1430 1859 ὁρῶσι
1447 1821 1554 1852 δεικνύς
1565 1830 1571 1836 ·
1588 1822 1646 1855 ἆμα
1661 1820 1695 1846 δὲε
1712 1821 1760 1847 καὶ
1772 1830 1848 1857 παρ-

1049 1870 1224 1905 εγγυώμενον
1237 1869 1281 1895 ἀεὶ
1297 1868 1352 1894 δεῖν
1366 1868 1411 1893 τὸν
1430 1865 1593 1902 ἀρχιερατδν
1606 1865 1620 1884 δ
1641 1863 1702 1891 νοῦν
1720 1866 1848 1900 συνηνῶ-
1876 1873 1877 1885 i

1051 1916 1113 1943 σθαι
1128 1915 1166 1950 τῷ
1181 1915 1249 1949 Θεῷ,
1272 1914 1318 1940 καὶ
1343 1913 1478 1948 μηδέποτε
1502 1911 1552 1946 τῆς
1570 1911 1674 1937 ἐκεῖθεν
1693 1912 1849 1945 συναφείας

1050 1962 1098 1990 καὶ
1122 1961 1322 1997 μακαριότητος
1346 1957 1547 1993 διασπώμενον,
1565 1956 1611 1983 ἐπὶ
1628 1957 1663 1982 τὰ
1685 1958 1779 1993 γήϊνα,
1799 1959 1850 1984 καὶ

1050 2009 1123 2042 ὅπερ
1142 2007 1201 2034 ἐστὶ
1223 2006 1273 2040 τῆς
1300 2005 1490 2040 ματαιότητος,
1516 2003 1731 2037 καταφέρεσθαι.
1756 2003 1790 2029 Τί
1815 2004 1848 2038 δή

1051 2055 1110 2081 ποτ’
1123 2053 1169 2080 οὖν
1186 2053 1244 2079 ἔστι
1258 2052 1337 2078 τοῦτο
1354 2051 1384 2077 τὸ
1398 2051 1494 2084 ὄνομα,
1507 2048 1589 2080 αὐτὸς
1603 2049 1617 2074 ὁ
1627 2048 1681 2074 τῶν
1697 2049 1766 2075 ὅλων
1779 2048 1850 2080 θεὸς

1051 2101 1182 2128 διδάσκει.
1202 2098 1424 2134 Ἐπερωτήσαντι
1435 2095 1490 2130 γὰρ
1500 2094 1539 2129 τῷ
1550 2094 1655 2126 Μωσεϊ,
1672 2093 1699 2120 τε
1715 2094 1746 2120 τὸ
1760 2094 1851 2129 ὄνομα

1052 2145 1147 2177 αὐτοῦ,
1162 2143 1225 2179 ἔφη,
1247 2153 1256 2169 t
1275 2142 1346 2177 Ἐγώ
1364 2143 1422 2176 εἶμι
1440 2142 1454 2168 ὁ
1467 2140 1504 2166 ὢν
1516 2148 1523 2155 ·
1547 2148 1556 2164 ι
1576 2140 1624 2166 καὶ
1638 2140 1731 2169 πάλιν,
1751 2140 1853 2179 ,ἐπιϐε-

206 2185 340 2213 Dominus
362 2186 437 2214 visus
464 2183 524 2214 sum
550 2188 683 2222 Abrahae,
709 2191 818 2223 lsaaco,
841 2190 992 2218 Jacobozt

1080 2191 1136 2218 ιιῶν
1163 2191 1201 2222 ὡς
1220 2190 1300 2217 τοῦτο
1323 2188 1407 2216 αὐτοῦ
1428 2188 1470 2220 εἴη
1493 2188 1591 2223 ὄνομα,
1607 2187 1622 2214 ὃ
1644 2186 1851 2222 προεξέφηνεν,

206 2235 275 2263 tum,
296 2240 305 2257 ι
330 2230 434 2259 Nomen
451 2240 542 2259 meum
562 2241 616 2260 non
635 2235 750 2262 revelavi
766 2235 868 2268 illis”;
886 2245 895 2262 ι
923 2241 951 2263 ut
970 2241 998 2264 tu

204 2277 280 2305 dicas
295 2285 339 2305 me
357 2283 381 2305 te
396 2277 495 2313 majori
512 2279 615 2307 honore
630 2288 821 2315 prosecutum,
838 2290 921 2317 quam
938 2291 997 2310 ma-

203 2323 278 2359 jores
291 2329 353 2351 tuos
368 2325 551 2359 patriarchas,
567 2333 668 2354 nomen
685 2328 758 2355 enim
773 2336 863 2356 meum
880 2330 952 2364 quod
966 2330 1000 2358 iis

203 2381 259 2402 non
272 2371 409 2404 indieavi,
431 2379 464 2399 ne
484 2371 594 2406 quidem
618 2372 738 2407 Jacobo,
764 2383 826 2402 cum
851 2376 1000 2405 instantius

205 2425 331 2456 rogaret.
356 2419 408 2446 hoe
429 2418 478 2445 tibi
508 2417 632 2453 innotui,
662 2427 710 2454 per
740 2430 749 2446 ι
773 2420 830 2457 Ego
855 2429 934 2454 Sum,
952 2423 999 2458 qui

204 2473 283 2499 sum;
302 2474 312 2492 ι
327 2469 356 2493 et
372 2465 425 2494 hoc
440 2474 540 2495 nomen
563 2464 683 2493 llebrteis
701 2466 751 2493 Δία
766 2467 880 2500 dicitur,
898 2467 997 2496 Sama-

204 2510 302 2539 ritanis
328 2510 391 2538 labe
419 2512 559 2540 scribitur.
588 2511 676 2540 Porro
704 2512 779 2540 hisce
804 2513 904 2541 litteris
925 2513 995 2542 Ὶώο.

205 2556 288 2593 Ἄλφ.
305 2556 402 2586 οὺαύθ.
424 2558 469 2594 ﬁt).
494 2559 596 2594 quibus
611 2559 760 2593 indicatur,
773 2559 833 2588 sine
854 2559 916 2593 (ille,
938 2561 998 2589 sine

241 2671 264 2690 "
278 2671 364 2702 Exod.
381 2681 422 2708 ut,
440 2674 473 2704 M

1054 2249 1063 2266 ι
1082 2238 1165 2274 Ἐγὼ,
1191 2238 1268 2274 φησὶ,
1297 2237 1399 2272 Κύριος
1427 2236 1521 2271 ὢφοην
1549 2235 1618 2270 πρὸς
1644 2233 1773 2267 Ἀϐραὰμ
1802 2234 1853 2258 καὶ

1057 2286 1150 2313 Ἰσαὰκ
1164 2285 1211 2312 καὶ
1233 2283 1345 2311 Ἰακώὸ-
1361 2292 1369 2308 t
1390 2280 1460 2315 εἶτα,
1476 2291 1485 2308 t
1504 2282 1557 2309 Kal.
1574 2282 1604 2307 τὸ
1616 2280 1703 2314 δνομὰ
1721 2287 1772 2314 μου
1799 2279 1853 2305 οὐχ

1051 2332 1173 2368 ἐδήλωσα
1192 2331 1284 2362 αὐτοῖς
1297 2338 1304 2345 ’
1324 2339 1333 2355 ι
1352 2329 1394 2355 ἵνα
1412 2328 1492 2364 εἴπῃς
1503 2333 1527 2361 ο,
1544 2326 1666 2363 μείζονος
1690 2333 1721 2351 σε
1745 2324 1852 2359 φιλοτι-

1054 2378 1130 2414 μίας,
1155 2378 1174 2414 ἦ
1200 2378 1264 2408 τοὺς
1293 2375 1477 2411 πατριάρχας,
1503 2374 1567 2405 τοὺς
1594 2373 1657 2403 σοὺς
1683 2370 1851 2406 πρηγόνουςο

1051 2424 1155 2460 ἠξίωσα
1168 2431 1175 2439 ”
1198 2423 1229 2450 τὸ
1253 2423 1307 2457 γὰρ
1323 2421 1409 2456 ὄνομά
1426 2429 1488 2455 μου,
1503 2420 1572 2455 ὅπερ
1586 2418 1701 2448 ἐκεινοις
1716 2417 1768 2442 οὐκ
1785 2416 1851 2451 ἐδή-

1052 2470 1137 2502 λωσα,
1165 2469 1254 2496 καίτοι
1282 2468 1320 2503 τῷ
1350 2467 1466 2498 Ἰακὼϐ,
1493 2466 1541 2493 καὶ
1570 2462 1850 2500 προσλιπαρήσαντι,

1052 2516 1134 2543 τοῦτό
1158 2524 1200 2542 σοι
1223 2515 1376 2550 διεσάφησα
1399 2512 1621 2548 ἀποφηνάμενος,
1641 2519 1650 2535 ι
1666 2507 1738 2542 Ἐγώ
1756 2509 1818 2542 εξμι
1840 2508 1854 2534 ὃ

1052 2563 1100 2590 ὢν.
1121 2572 1131 2590 ι
1149 2561 1236 2589 Τοῦτο
1263 2561 1293 2589 δὲ
1319 2560 1395 2597 παρὰ
1420 2559 1470 2595 μὲν
1490 2557 1628 2593 Ἑϐραίοις
1647 2554 1759 2588 λέγεται
1778 2554 1850 2580 Διά·

841 2741 959 2770 νΑΙῑΙΑι
980 2740 1182 2770 LECTIONES.

240 2850 252 2863 ⁸
267 2846 297 2875 C.
313 2846 348 2876 Μ.
363 2847 388 2874 τί
400 2847 438 2875 δέ.
479 2847 492 2868 δ
511 2848 562 2883 leg.
578 2848 710 2883 ἀρχιερέα
725 2847 780 2876 τόν.
798 2847 826 2876 (λ.
844 2847 876 2875 ιι.
892 2846 1084 2883 ἀρχιερατικὰ)
1097 2845 1170 2873 νοῦν.
1205 2850 1214 2864 ε
1233 2843 1308 2879 εἴπῃ,
