1880 3057
59 168 108 200 569

487 168 537 198 AD
563 167 862 199 AMPHILOCHIUM
888 165 1061 204 QUAESTIO
1095 168 1153 205 XC,
1183 169 1258 200 XCI.

1647 173 1698 204 570

57 224 132 260 παρὰ
144 224 174 251 δὲ
191 223 386 258 Σαμαρείταις,
405 222 487 250 Ίασέ.
509 223 646 258 Γράφεται
659 224 687 250 δὲ
701 224 748 251 καὶ
760 223 851 259 γράμ-
864 226 889 256 Λ
901 225 1037 260 principio

935 225 1037 259 incipio
1051 232 1113 252 esse
1131 224 1226 252 Deum.
1253 224 1286 252 Et
1309 225 1360 253 hoc
1382 225 1537 261 signiﬁcat,
1563 229 1609 264 qui
1627 235 1668 257 est
1687 239 1697 258 :

57 278 122 305 μασι
134 266 251 300 τούτοις·
267 268 326 295 ἰώθ.
338 267 402 302 ἄλφ.
411 267 510 298 λούαύθ.
524 268 569 304 ne.
586 266 659 295 δι’ὧν
672 269 800 303 δηλοῦται
816 269 847 296 τδ

55 314 173 349 ἇναρχόν
198 322 229 340 τε
255 314 303 340 καὶ
326 313 505 349 ἀτελεύτητον
523 312 570 339 τοῦ
591 313 670 341 Θεοῦ.
690 314 776 340 Τοῦτο
793 313 848 349 γὰρ

55 361 221 395 παρίστησιν
239 359 286 385 καὶ
308 359 339 385 τὸ
351 358 376 391 ἀ,
392 360 410 386 ὀ
421 358 473 385 ὧν.
486 358 563 394 Αὕτη
571 358 626 395 γὰρ
644 360 660 394 i)
673 359 759 395 φωνὴ,
778 360 848 395 μήτε

54 405 106 440 πρὸ
122 405 219 437 αὐτοῦ,
237 405 305 440 μήτε
333 405 391 440 μετ’
413 405 494 432 αὐτὸν
518 403 588 431 εἷναί
609 414 636 432 τι
662 406 776 440 κυρίως,
801 405 850 432 καὶ

55 451 187 486 ὑπάρχειν
209 451 287 482 ὅλως,
304 451 472 477 ἐνδείκνυται
483 459 491 466 ·
513 451 580 486 ὅπερ
600 451 631 477 τὸ
651 451 694 478 ἀεὶ
709 449 788 483 εῖναι,
801 451 849 477 καὶ

53 496 145 528 ἀῖδίως
160 494 242 527 εἶναι,
262 496 429 531 συνίστησιν.
452 495 587 532 Ἐκατέρᾳ
609 496 700 523 τοίνυν
715 505 850 531 προσομι-

52 542 104 567 λῶν
120 542 269 577 ἑρμηνείᾳ,
282 542 337 568 οὐδ’
351 542 458 577 ἑτέραν,
475 539 562 576 οἶμαι,
576 541 692 574 διώξεις,
705 541 767 568 οὗτε
781 542 850 568 ἀσα-

52 588 142 621 φείας,
160 587 223 613 οὗτε
238 587 285 613 τοῦ
301 587 339 622 μὴ
357 588 420 622 περ)¹
442 587 510 614 πόδα
529 585 599 614 εἶναι
618 588 668 622 τὴν
691 587 846 624 ἑκατέρωθε

50 634 172 660 διάνοιαν
185 633 226 668 τῷ
242 633 328 668 ῥητῷ.
337 633 484 668 βΕρρωσο.

338 689 506 716 urorum:
526 692 562 723 ιιι.

899 270 957 297 haec
977 270 1049 297 enim
1068 277 1121 297 vox
1137 277 1226 305 neque
1239 274 1302 297 ante
1318 278 1396 305 eum,
1414 279 1464 300 nec
1482 277 1545 307 post
1562 281 1624 301 eum
1643 275 1698 302 ali-

898 314 965 349 quid
980 315 1095 342 omnino
1109 315 1251 348 exsislerc,
1262 316 1373 350 proprie
1384 321 1474 350 notat;
1490 317 1572 352 idque
1586 326 1697 354 semper

899 361 1032 389 exsistere
1053 365 1081 389 et
1102 361 1268 388 mterualitcr
1284 361 1436 389 subsistere
1453 363 1571 391 intimat.
1591 363 1696 393 Utrivis

899 407 1015 434 istarum
1025 406 1226 441 expositionum
1236 406 1258 433 si
1268 411 1296 443 te
1302 407 1503 439 accommodes,
1516 407 1588 436 haud
1596 409 1695 444 opinor

901 453 983 480 aliam
1000 452 1157 487 indagabis,
1179 459 1240 479 cum
1265 460 1314 480 nec
1331 453 1485 481 obscuritas
1501 454 1555 481 ulla
1572 455 1653 488 adsit,
1666 459 1694 483 et

900 503 1049 534 utrumque
1061 498 1161 526 dictam
1177 498 1341 526 sententiam
1357 498 1487 526 cxblbeat
1503 499 1529 526 in
1540 500 1692 535 procinctu.

902 544 977 572 Vale.

957 682 1128 716 QUESTIO
1142 682 1188 710 XC
1205 683 1354 719 [CCLXX],
1377 684 1461 712 Taur.
1477 684 1626 722 CCXLVI].

80 758 153 782 Edita
172 764 186 781 a
203 755 363 786 Montacutio,
374 762 414 786 cp.
431 755 484 786 165,
501 755 534 780 ad
549 755 666 788 Amp/HL,
681 763 706 787 ι).
718 755 774 781 2‘20.
787 756 824 781 De
836 751 943 785 pmna'in
961 750 1153 782 pronuntiantes
1165 756 1255 774 nomen
1266 749 1313 775 Dei
1323 749 1460 776 inelfabile.
1472 751 1553 776 Levit.
1567 759 1636 784 xx",
1650 753 1689 785 16_

88 812 135 843 Ὠς
152 812 223 847 καλή
241 821 288 839 σου
304 813 452 848 ὴάπορίαῐ
471 813 590 847 Γράφεις
608 813 674 847 γὰρ,
693 812 731 843 ὡς
751 813 776 838 εἰ
795 811 844 846 μὲν
861 814 881 841 Β
931 807 1019 840 Quam
1035 814 1049 833 ε

932 807 1019 840 Quam
1035 805 1142 833 erudita
1161 810 1203 832 est
1217 810 1261 832 tua
1279 805 1411 840 quaestio!
1436 804 1474 833 lla
1493 806 1565 833 enim
1581 807 1690 839 scribis.

50 858 175 894 ἄρρητον
210 857 297 893 ὄνομα
315 858 345 884 τὸ
363 858 445 890 θεῖον,
456 859 502 884 καὶ
519 857 647 892 γνώσεως
662 859 764 893 μεῖζον,
785 857 845 888 πῶς

47 904 177 930 ἐπέκειτο
190 903 304 934 Θάνατος
316 903 354 938 τῷ
367 903 547 938 φθεγξαμένῳ
560 904 575 938 ἡ
591 903 694 938 (quia;
710 903 777 930 Οὐδὲ
790 903 844 937 γὰρ

46 949 123 983 ἐνῆν,
141 948 204 975 οὐδὲ
221 948 307 975 πολλὰ
322 948 478 983 θελήσαντι,
492 948 678 983 φθέγξασθαι·
695 948 720 975 εί
744 949 766 974 δ’
780 949 844 984 ἐνῆν

44 995 89 1021 διὰ
101 994 218 1029 χειλέων
235 996 424 1028 προενεγκεῖν,
437 994 496 1026 πῶς
511 994 631 1029 ἄρρητον
643 995 690 1021 καὶ
704 994 844 1029 ἀνέκφρα-

46 1049 129 1074 nov;
152 1040 225 1066 Ἀλλ’
242 1040 325 1075 ἔχεις,
342 1038 430 1075 οἶμαι,
455 1040 710 1076 προγεγραμμένην
730 1049 772 1066 σοι
796 1041 843 1066 καὶ

44 1084 185 1120 λαμπρῶς
203 1084 253 1120 τὴν
272 1084 358 1111 λύσιν.
375 1084 420 1119 Τῷ
437 1084 492 1120 γὰρ
506 1085 594 1111 είπεῖν
611 1085 656 1111 τὸν
671 1084 842 1120 ὑπεροιισιως

44 1132 111 1157 ὄντα
125 1131 205 1163 Θεὸν,
223 1139 233 1156 ι
249 1129 319 1165 Ἐγώ
336 1130 394 1165 ειμι
404 1131 419 1157 ὁ
431 1129 468 1156 ὧν
478 1139 485 1146 ·
501 1139 511 1156 ›
527 1130 614 1165 ὄνομα
626 1138 656 1156 τε
668 1129 751 1156 αὑτοῦ
771 1127 841 1156 εἶναι

43 1176 125 1202 τοῦτο
151 1175 186 1202 ἂν
209 1177 307 1208 εἰπεῖν,
327 1175 376 1202 καὶ
390 1175 429 1211 τῷ
442 1175 546 1210 ταύτης
566 1177 616 1211 τῆς
632 1177 725 1211 φωνῆς
740 1176 841 1202 Μωσέα

43 1221 213 1249 διακοῦσαι·
232 1221 282 1248 οὐκ
310 1221 424 1248 ἀκοῦσαι
452 1221 480 1248 δὲ
508 1222 600 1256 μόνον,
625 1221 692 1247 ἀλλὰ
714 1221 762 1247 καὶ
785 1222 841 1253 τοῖς

43 1267 226 1302 ἀρχιερεῦσιν
242 1267 426 1302 ἀπαγγεῖλαι·
442 1268 492 1294 οὐκ
511 1267 677 1301 ἀπαγγεῖλαι
698 1267 727 1293 δὲ
749 1266 839 1301 μόνον,

43 1313 114 1339 ἀλλὰ
135 1313 185 1339 καὶ
204 1312 298 1348 χρυσῷ
316 1312 425 1348 πετάλῳ
452 1313 571 1348 γράφειν
586 1312 770 1348 πειιροιδοῦνιιιι⁸
798 1312 840 1338 ὃτι

43 1359 96 1393 μὲν
111 1361 146 1394 τῇ
160 1358 259 1385 ἑαυτοῦ
275 1358 354 1392 φύσει
369 1359 415 1385 καὶ
427 1359 547 1392 γνωστὸν
559 1356 604 1393 ἦν,
619 1358 666 1384 καὶ
679 1357 777 1392 ῥητόν·
793 1358 840 1383 καὶ

40 1405 82 1431 ὅτι
99 1405 160 1430 τισὶ
176 1404 226 1438 μὲν
240 1404 407 1438 ὲπέγνωστο,
423 1404 471 1431 καὶ
484 1404 535 1430 οὐκ
552 1403 690 1438 ἄφραστον
706 1403 775 1438 πρὸς
792 1403 840 1429 διλ-

40 1451 145 1486 λήλους
162 1448 207 1486 ἦν,
222 1450 267 1476 διὰ
283 1451 391 1477 πάντων
406 1449 524 1485 ὑπάρχει
541 1450 720 1484 σαφέστατον.
737 1449 799 1475 Ὀτι
810 1448 839 1475 δὲ

39 1497 74 1523 δι’
91 1493 133 1523 ὧν
154 1497 211 1527 τοῖς
234 1495 340 1527 πολλοῖς
354 1495 416 1522 οὔτε
437 1496 478 1526 εἰς
494 1495 589 1526 ἀκοὰς,
606 1494 668 1520 οὔτε
684 1494 724 1525 εἰς
740 1493 840 1528 γνῶσιν

41 1545 158 1578 ἀφῖκτο,
173 1543 242 1569 ἀλλὰ
255 1542 303 1569 καὶ
318 1539 359 1573 οἷς
376 1542 540 1576 ἐγινώσκετο
555 1540 662 1575 φυλακὴ
677 1539 783 1575 προσῆν
800 1540 840 1571 εἰς

41 1591 142 1621 ἄλλους
163 1589 200 1624 μὴ
215 1589 321 1623 ἐξάγειν
334 1597 340 1604 ·
357 1588 404 1615 καὶ
418 1587 498 1614 τοῦτο
511 1587 589 1622 δῆλον
602 1586 640 1618 ὡς
655 1586 774 1621 ἄρρητον
790 1585 840 1612 αὺ-

40 1636 72 1662 τδ
86 1635 138 1662 καὶ
154 1635 344 1669 ἁνέκφραστον
359 1634 445 1661 ἐδίδου
463 1633 623 1660 καλεῖσθαι·
639 1632 778 1668 ἄφραστος
793 1629 840 1659 οὗν

42 1682 90 1707 καὶ
106 1681 260 1716 ἁνὲκφορος
272 1681 289 1716 ἡ
301 1680 360 1707 θεία
376 1680 483 1715 κλῆσις,
500 1679 550 1714 οὐχ
566 1680 608 1706 ὅτι
622 1678 703 1712 φύσιν
717 1679 768 1704 οὐκ
784 1675 840 1712 εἶχε

42 1728 151 1761 ῥήμασι
177 1726 225 1752 καὶ
247 1726 360 1762 γλώσσῃ
386 1726 501 1761 ῥηθῆναι
522 1725 611 1760 (δῆλον
640 1725 704 1760 γὰρ,
734 1724 786 1756 κάξ
802 1721 840 1750 ὦν

40 1772 92 1799 νῦν
103 1777 117 1792 ο
133 1772 217 1798 παντὶ
227 1771 267 1807 τῷ
282 1771 436 1806 βουλομένῳ
452 1771 534 1807 ῥητός
550 1771 648 1805 ἐστιν),
660 1770 716 1796 ἀλλ’
730 1769 840 1796 ὄτιοϋτε

43 1818 115 1844 πᾶσι
134 1817 217 1852 ῥητὸν
239 1817 256 1852 ἢ
268 1817 400 1852 γνωστὸν,
415 1816 469 1843 οὐδ’
485 1817 527 1843 ὅτι
540 1813 580 1847 οἷς
600 1815 840 1850 ἐπεπίστευτο-εί-

43 1862 130 1894 ὁέιαι,
150 1861 212 1888 οὐδὲ
232 1863 347 1893 ἐκείνοις
362 1859 395 1897 ἦν
415 1861 538 1894 δυνατὸν,
558 1860 633 1896 φόϐῳ
648 1859 696 1887 τοῦ
712 1859 839 1892 θανάτου,

44 1907 116 1943 πρὸς
144 1907 242 1939 ἄλλους
262 1908 363 1942 λέγειν,
391 1907 408 1942 ἢ
433 1907 533 1944 τρόπον
554 1907 648 1942 ἓτερον
672 1906 713 1938 είς
740 1905 840 1940 γνῶσιν

45 1954 135 1987 ἄγειν.
167 1954 259 1988 Ἔχεις
284 1953 439 1988 τοιγαροῦν,
467 1950 490 1979 ὦ
517 1951 648 1988 βέλτιστε,
674 1951 748 1982 ὅπως
775 1950 840 1985 παρ’

51 1999 193 2030 Ἰουδαίοις
208 1999 346 2033 ἀγνωστὸν
359 2007 389 2026 τε
400 1999 447 2026 καὶ
461 1998 648 2033 ἀνέκφραστον
663 1996 692 2023 τὺ
709 1996 755 2022 τοῦ
773 1995 839 2022 θεοῦ

46 2044 133 2079 bona.
149 2044 257 2080 ὑπῆρχε
268 2053 275 2060 ·
290 2045 338 2071 καὶ⁸
348 2045 423 2076 ὅπως
438 2044 500 2073 ἐνῆν
515 2042 687 2079 βουλομένοις
698 2041 779 2073 ἐνίοις
793 2041 841 2066 αὐ-

45 2090 111 2122 τῶν,
128 2089 179 2116 καὶ
200 2090 299 2121 αὐτοὺς
317 2090 404 2116 εἰπεῖν
429 2089 476 2116 καὶ
496 2089 605 2124 ἑτέρους
628 2087 728 2114 ειδέναι
744 2095 774 2113 τε
794 2085 841 2112 καὶ

46 2135 270 2169 ἀναφθέγγεσθαι
286 2136 486 2170 παραπλησίως
498 2135 599 2165 αὐτοῖς,
614 2133 798 2159 ἐκδιδάσκειν·
815 2131 838 2157 εί

48 2181 85 2215 μὴ
105 2182 157 2212 τῆς
174 2181 310 2216 τιμωρίας
324 2181 497 2216 ἐπικείμενος
514 2180 529 2206 ὁ
548 2179 641 2214 φόϐος,
660 2177 760 2213 μείζων
780 2176 839 2211 ὲγί-

46 2233 107 2251 vero
119 2225 172 2260 τῆς
186 2225 333 2260 ἐπιθυμίας
347 2225 401 2252 τῶν
412 2227 446 2252 τὰ
458 2224 571 2251 τοιαῦτα
587 2223 740 2258 ζητούντων
760 2222 839 2257 μυεῖ-

45 2269 119 2296 σθαι.
134 2270 191 2296 Καὶ
203 2270 291 2302 οὐδὲν,
308 2270 346 2301 ὡς
362 2271 438 2305 ὁρᾷς,
462 2269 612 2304 καθορᾶται
634 2267 695 2294 οὔτε
711 2266 839 2293 δύσκολον

44 2315 103 2341 εὖτ’
119 2316 162 2347 εις
172 2316 291 2350 ἀπορίαν
305 2315 366 2342 τινὰ
379 2316 541 2350 περιστῆναι
562 2313 732 2348 βιαζόμενον.

897 853 920 881 si
938 851 1076 878 inell‘abile
1089 858 1187 877 nomen
1203 850 1248 877 Dei
1263 850 1310 882 sit,
1326 854 1353 878 et
1365 850 1558 886 cogitationem
1571 852 1689 886 excedit,

889 888 946 925 ‘Cur
963 901 1051 924 morte
1063 896 1187 929 luebant,
1206 895 1251 930 qui
1263 894 1432 922 efferebant?
1448 903 1537 930 neque
1553 897 1625 923 enim
1640 904 1690 929 νο-

897 945 965 969 tcrat
982 942 1054 976 quis,
1071 941 1135 968 licet
1149 940 1228 967 valde
1245 945 1366 975 cuperet,
1377 940 1442 967 illud
1463 941 1602 975 proferre;
1618 942 1691 976 quod

894 987 918 1015 si
936 987 1017 1014 labiis
1037 986 1155 1021 proferri
1180 986 1284 1020 potuit,
1301 986 1438 1020 quomodo
1461 991 1521 1013 erat
1537 987 1689 1022 inelIabile,

893 1037 942 1059 aut
959 1031 1172 1066 inexplicabile?
1193 1031 1246 1058 Sed
1269 1031 1353 1058 babes
1367 1031 1422 1066 jam
1445 1032 1646 1067 praescriptam,
1662 1033 1690 1060 ni

894 1079 992 1109 fallor,
1011 1078 1176 1106 luculentam
1195 1077 1371 1105 solutionem.
1397 1077 1465 1105 Cum
1480 1079 1554 1105 enim
1577 1079 1689 1110 dixerit.

893 1124 941 1159 qui
962 1124 1033 1151 Deus
1056 1127 1097 1151 est
1113 1122 1404 1158 suprasubstantialis,
1436 1132 1445 1148 ι
1470 1122 1527 1158 Ego
1551 1131 1624 1155 sum,
1642 1132 1689 1160 qui

892 1177 964 1202 sum,
985 1179 994 1195 ι
1012 1169 1158 1196 dicendum
1173 1175 1284 1203 quoque
1301 1172 1343 1195 est
1357 1168 1409 1195 hoc
1424 1176 1485 1196 esse
1501 1176 1601 1196 nomen
1617 1169 1690 1204 ejus.

891 1221 924 1241 eo
939 1214 1011 1248 quod
1028 1214 1098 1240 banc
1111 1221 1205 1241 vocem
1222 1214 1305 1241 fando
1328 1214 1479 1249 accipiebat
1496 1214 1619 1250 Moyses;
1642 1216 1689 1244 sed

889 1267 942 1286 nec
961 1259 1018 1293 ipse
1031 1259 1107 1286 solus
1122 1258 1220 1290 audiit.
1239 1266 1335 1286 verum
1347 1263 1375 1286 et
1387 1259 1562 1294 pontiﬁcibus
1581 1268 1690 1289 annun-

892 1305 988 1336 tiavit;
1005 1313 1055 1332 nec
1065 1305 1240 1332 annumiavit
1255 1309 1369 1338 tantum,
1390 1305 1436 1332 scd
1462 1305 1622 1340 inscriptum
1636 1314 1688 1334 au-

891 1358 944 1377 rem
959 1351 1069 1377 lamime
1084 1350 1158 1377 dedit
1173 1359 1179 1376 :
1204 1356 1287 1385 alque
1311 1350 1374 1378 ideo
1390 1351 1513 1378 insinuat
1529 1357 1556 1379 et
1571 1352 1689 1388 intelligi

890 1401 918 1422 et
935 1395 1070 1423 nominari
1096 1396 1179 1422 Deum
1197 1403 1298 1430 posse;
1319 1401 1346 1423 et
1371 1402 1445 1424 certe
1470 1397 1543 1432 quod
1561 1405 1615 1424 non
1639 1407 1688 1425 ne-

891 1441 959 1468 mini
977 1441 1209 1475 cognoscebatur,
1234 1447 1262 1469 et
1277 1442 1352 1476 quod
1367 1450 1420 1469 non
1439 1443 1520 1477 plane
1541 1444 1612 1471 inter
1627 1444 1690 1472 illos

892 1486 1048 1517 indicibilis,
1063 1494 1079 1513 e
1094 1487 1187 1514 multis
1199 1492 1271 1522 patet
1286 1488 1328 1515 vel
1353 1489 1517 1516 clarissime.
1535 1489 1615 1523 Quod
1638 1498 1689 1518 au-

892 1535 957 1562 tem,
974 1536 999 1557 et
1019 1538 1066 1565 per
1079 1538 1140 1565 qua:
1157 1532 1378 1566 quampluriinis,
1397 1541 1447 1561 nec
1469 1534 1502 1561 ad
1523 1542 1615 1568 aures,
1638 1543 1689 1564 nec

891 1574 923 1601 ad
942 1574 1150 1609 intelligentiam
1166 1576 1301 1609 ascendit,
1325 1577 1372 1604 sed
1397 1581 1425 1604 et
1439 1578 1551 1613 insuper
1574 1579 1601 1606 in
1621 1587 1686 1612 eos,

891 1618 992 1652 quibus
1012 1618 1188 1651 iunotucral,
1213 1619 1338 1647 custodia
1364 1622 1568 1656 opponebatur,
1595 1630 1630 1650 ne
1653 1623 1688 1651 ad

890 1669 1037 1691 extraneos
1053 1665 1211 1699 cll'arentur,
1237 1666 1322 1701 liquet
1343 1667 1422 1700 inde,
1439 1669 1511 1703 quod
1531 1669 1686 1697 innomina-

891 1709 945 1737 bile
958 1715 985 1737 ct
1006 1710 1148 1738 indicibile
1172 1713 1258 1740 voluit
1280 1714 1422 1748 appellari.
1447 1714 1480 1741 Et
1502 1723 1567 1750 ergo
1587 1724 1686 1744 nomen

892 1756 940 1783 Dei
959 1756 1097 1784 inell'abile
1110 1762 1138 1785 et
1153 1758 1328 1792 inell‘eribile;
1344 1767 1397 1786 non
1412 1761 1483 1795 quod
1501 1767 1598 1789 natura
1616 1769 1687 1797 pra:-

890 1802 964 1829 ditus
979 1807 1020 1829 est
1036 1801 1117 1834 Deus,
1133 1810 1195 1837 quae
1209 1803 1300 1830 verbis
1318 1809 1345 1831 et
1359 1804 1453 1840 lingua
1471 1805 1525 1832 dici
1544 1812 1663 1841 nequeat
1677 1816 1686 1835 :

890 1853 965 1884 patet
979 1848 1052 1876 enim
1070 1849 1142 1883 quod
1157 1849 1306 1877 eliamnum
1327 1851 1392 1878 illud
1415 1852 1543 1887 quisquis
1558 1853 1686 1887 voluerit,

890 1895 1015 1931 proferre
1038 1900 1121 1931 qucat
1136 1904 1142 1922 :
1156 1895 1204 1922 sed
1223 1895 1296 1930 quod
1310 1896 1439 1923 omnibus
1452 1897 1554 1931 passim
1578 1906 1627 1925 ncc
1640 1898 1685 1925 iu-

892 1942 985 1977 telligi,
1002 1942 1043 1969 vel
1058 1941 1128 1969 edici
1141 1947 1234 1976 queat,
1252 1941 1301 1969 sed
1322 1950 1372 1969 nec
1387 1942 1432 1974 iis,
1449 1943 1549 1978 quibus
1565 1944 1687 1978 cognitio

890 1987 950 2022 ejus
964 1987 1189 2022 concredebatur,
1206 1989 1309 2016 licitum
1327 1995 1386 2017 erat
1401 1990 1453 2018 sub
1468 1997 1550 2025 paena
1564 1992 1685 2026 capitali,

892 2034 953 2061 aliis
967 2041 1115 2067 enarrare,
1131 2039 1179 2061 aut
1205 2035 1267 2062 aliis
1281 2036 1379 2070 quovis
1395 2037 1477 2064 modo
1501 2037 1683 2072 cognil‘acere.

891 2079 983 2106 Habes
1007 2079 1059 2111 ita,
1083 2087 1100 2107 o
1120 2079 1206 2112 bone,
1222 2082 1359 2116 quomodo
1377 2081 1421 2108 Dei
1436 2090 1535 2110 nomen
1549 2083 1619 2117 apud
1633 2082 1685 2110 Ju-

893 2125 966 2153 dzeos
987 2125 1111 2161 ignotum
1137 2131 1164 2153 et
1188 2127 1323 2154 inell‘ubile
1348 2128 1416 2161 fuit,
1442 2133 1469 2156 et
1490 2129 1561 2164 quod
1587 2130 1686 2157 licebat

893 2170 1035 2197 nonnullis
1049 2170 1118 2197 inter
1133 2179 1192 2205 eos,
1206 2179 1268 2198 cum
1285 2173 1428 2200 enuntiare
1448 2173 1526 2208 ipsis.
1542 2179 1598 2201 tum
1613 2175 1684 2209 apud

894 2216 962 2243 alios
979 2216 1116 2251 proferre,
1142 2222 1169 2244 et
1193 2225 1240 2245 eos
1255 2218 1368 2251 docere,
1396 2226 1457 2253 qua:
1484 2220 1685 2254 cognoscebant

893 2262 947 2296 ipsi
964 2271 970 2289 :
996 2262 1048 2290 nisi
1070 2263 1168 2291 mortis
1189 2269 1278 2292 metus
1292 2264 1379 2300 major
1401 2265 1568 2293 desiderium
1588 2273 1684 2292 eorum

894 2313 1071 2343 superasset,
1092 2309 1138 2344 qui
1154 2310 1283 2338 volebant
1297 2311 1356 2339 banc
1378 2311 1508 2346 mysteria
1531 2311 1683 2339 addiscere.

45 2362 136 2397 Atque
150 2363 189 2390 ita
207 2362 283 2391 vides
296 2362 364 2390 nihil
384 2363 476 2390 videre
491 2362 571 2394 licet,
589 2360 632 2387 vel
656 2358 774 2391 difﬁcile,
793 2360 842 2384 aut
860 2355 934 2391 quod
972 2355 1104 2392 impingat
1126 2356 1153 2384 in
1179 2358 1296 2393 aliquam
1330 2358 1547 2387 inextricandam
1573 2357 1684 2386 dubita-

46 2411 163 2436 tionem.

318 2466 485 2493 ΕΡΩἸἮΣΙΣ
514 2465 572 2498 ιιΑκ

48 2569 79 2598 Ti
88 2569 179 2596 ἐστιν
191 2577 202 2594 ι
213 2567 365 2600 Πολλάκις
374 2567 542 2602 προεθέμην
549 2565 647 2593 ἐλθεῖν
656 2566 731 2599 ,πρὸς
739 2561 828 2598 ὑμᾶς
835 2570 844 2587 Ι

999 2455 1166 2488 ρωιῑδτιο
1186 2456 1242 2484 XCI
1264 2457 1480 2493 [CoisLCCLVL
1501 2457 1583 2485 Taur.

1209 2503 1370 2539 CCXLVll].

902 2562 973 2596 Quid
984 2563 1036 2590 sibi
1050 2562 1179 2589 vultillud
1190 2569 1200 2588 :
1216 2571 1225 2587 ι
1242 2561 1536 2596 δωρερνοροειιίυιιηὶνε
1547 2562 1582 2590 ad
1595 2571 1636 2590 vos
1647 2563 1660 2589 .’
1672 2571 1682 2589 ι

333 2633 406 2658 Edita
420 2640 433 2658 a
451 2631 610 2662 Monlaculio,
627 2638 667 2664 ep.
680 2631 734 2662 164,
744 2633 777 2656 ad
792 2632 881 2663 Georg.
893 2629 1003 2659 Nicon,
1020 2635 1044 2660 p.
1064 2627 1178 2652 221-229.
1198 2626 1225 2651 In
1241 2626 1310 2651 Rom.
1325 2631 1343 2656 ι,
1354 2625 1393 2651 15.

84 2697 97 2716 ί
115 2689 156 2715 υὺ
172 2687 244 2714 θέλω
263 2687 292 2714 δὲ
317 2687 389 2722 ὑμᾶς
407 2687 510 2720 ἀγοεῖν,
523 2685 643 2720 ἀδελφοὶ,
654 2685 695 2713 ὅτι
711 2684 841 2716 πολλάκις

932 2691 941 2709 ι
966 2681 1034 2710 Nolo
1049 2688 1098 2709 ros
1125 2681 1263 2717 ignorare,
1280 2678 1388 2713 fratres,
1411 2679 1484 2715 quod
1507 2687 1569 2708 cum
1585 2679 1685 2716 sapius

705 2785 823 2814 νΑιιιιΕ
843 2782 1049 2815 LECTIONES.

78 2865 138 2896 δῦ.
158 2865 195 2894 Μ.
208 2865 304 2894 omittit
318 2864 359 2893 τό.
418 2871 429 2885 ε
445 2865 487 2893 ῐσ,
500 2863 575 2892 εἶπον
585 2865 636 2893 ὅτι.
