1880 3057
191 192 246 224 5Ἰὸ

772 183 904 214 PIIOTII
918 181 1171 213 ΡΑΤΗῙΑΒΩΗΕ
1190 181 1245 212 CP.

1764 178 1812 210 576

190 251 257 279 illud
274 249 302 276 in
320 247 391 275 vobis
409 246 634 282 impedimentum
646 249 702 276 est;
719 243 828 271 initium
844 243 918 270 enim
941 250 966 270 sc

1042 241 1083 268 ml
1097 241 1127 267 ού
1147 240 1349 276 συναπτόμενον
1373 239 1442 275 πρὸς
1457 239 1498 272 τὺ,
1517 235 1533 265 ἰ
1557 237 1615 265 Ἴνα
1633 237 1695 265 τινὰ
1713 238 1813 274 καρπὸν

189 295 335 330 quentibus
351 293 407 324 dat.
427 300 477 320 nec
491 291 664 320 connectitur
677 297 739 317 cum
757 298 764 317 :
779 298 789 315 ι
810 289 845 316 Ut
860 288 979 316 fructum

190 341 307 375 aliquem
326 339 352 366 in
368 339 445 365 vobis
468 337 628 372 ptrcipiam,
648 345 658 361 ι
679 340 718 367 ut,
737 344 745 361 ι
767 333 851 362 Vobis
876 335 981 362 debitor

191 394 262 419 sum,
278 383 506 420 quemadmodum
527 387 557 409 ut
580 381 607 408 in
627 382 732 408 caeteris
753 381 890 416 gentibus,
907 381 981 408 Grat-

191 433 231 459 cis
246 436 273 458 et
285 430 420 461 barbaris,
443 427 613 463 sapientibus
627 432 654 454 et
676 426 868 461 insipientibus
882 434 954 453 sum.
969 435 978 452 ι

191 476 230 503 Ne
241 475 391 510 objicercnt.
406 482 412 500 :
426 473 496 505 Quid
512 479 576 506 ergo
595 476 671 498 tanto
690 471 782 498 studio
804 471 832 497 in
851 470 982 498 fructibus

192 520 352 555 colligendis
365 518 434 553 apud
447 523 558 545 caeteras
568 522 662 552 gentes
676 516 836 548 incubuisti,
852 520 880 543 at
893 515 981 543 nostri

193 566 296 593 nullam
312 563 431 592 habuisti
447 563 604 590 rationem?
619 561 687 595 Imo,
701 561 800 596 inquit,
820 571 829 586 ι
849 561 881 588 Ει
893 562 918 588 iu
933 569 981 588 vo-

193 612 236 639 bis
251 611 357 638 debitor
371 617 443 642 sum,
469 608 697 644 quemadmodum
715 607 743 634 in
768 607 875 634 czeteris
894 607 983 640 genti-

193 658 255 684 bus.
277 666 286 682 ι
307 657 364 683 lloc
379 655 526 688 contendo,
543 655 594 682 hoc
608 653 727 688 inquiro,
742 654 869 680 omnibus
886 653 982 684 debeo,

194 710 245 730 nec
259 702 358 738 aliquis
383 706 435 733 est,
453 709 501 736 pro
521 708 575 735 quo
599 707 653 726 non
674 707 782 726 summa
807 699 984 732 constringor

195 748 387 775 Sollicitudiue.
400 748 488 780 Atque
504 747 559 773 haec
571 745 681 780 quidem
701 745 842 771 hactenus.
857 744 985 778 Explica-

195 794 278 820 tionis
304 793 376 819 enim
394 792 480 818 forma
497 791 611 817 alienior
626 795 666 816 est
686 789 719 816 ab
732 789 872 823 epistolica
888 790 983 823 ligura.

195 838 286 871 Quare
302 843 427 864 neutrum
442 838 504 864 licet
519 837 608 870 plane,
623 840 649 862 et
665 840 694 862 ut
715 836 782 862 artis
801 836 872 869 leges
894 834 984 868 requi-

196 888 271 915 runt,
287 883 435 909 observare
451 882 509 913 ,illi.
530 881 576 915 qui
600 888 646 915 pcr
666 880 809 914 epistolam
830 879 987 912 interpreta-

1034 285 1103 320 σχῶ,
1121 294 1130 311 ι
1148 284 1204 312 οἷον
1219 285 1279 316 καὶ,
1300 294 1309 310 ι
1328 285 1356 311 ὲν
1381 284 1445 319 ὑμῖν
1466 283 1608 319 ὀφειλέτης
1632 283 1701 318 εἰμὶ,
1728 283 1813 314 καθὼς

1034 331 1082 357 καὶ
1093 331 1122 357 ὲν
1147 331 1204 361 τοῖς
1221 330 1325 361 λοιποῖς
1352 329 1469 361 ἔθνεσιν,
1484 328 1597 362 Ἕλλησί
1611 336 1641 354 τε
1653 328 1700 354 καὶ
1715 327 1813 363 βαρϐά-

1035 383 1104 411 ροις,
1121 375 1212 408 σοφοῖς
1224 384 1253 401 τε
1269 375 1316 401 καὶ
1340 375 1474 409 ἀνοήτοις.
1496 383 1505 399 ι
1520 375 1579 400 Ἵνα
1590 374 1645 408 γὰρ
1660 373 1698 409 μὴ
1708 373 1813 407 λέγωσι,

1035 421 1068 447 Τί
1082 419 1129 447 οὖν
1140 420 1186 447 τὸν
1202 421 1271 456 μετά
1287 422 1315 447 ὲν
1330 422 1387 453 τοῖς
1404 421 1509 456 ἑτέροις
1523 420 1636 456 κλίμασι
1656 419 1762 455 καρπὸν
1775 420 1812 447 διὸ

1036 468 1153 503 σπουδῆς
1170 465 1242 502 εἶχες
1256 468 1406 502 συλλέγειν,
1433 467 1512 503 ἡμῶν
1526 467 1555 494 δὲ
1579 466 1675 493 οὐδένα
1700 465 1813 500 λόγονι;

1039 522 1049 539 ι
1071 514 1137 545 Ναὶ,
1153 514 1231 548 φησὶ,
1251 514 1298 540 καὶ
1310 515 1338 540 ὲν
1355 515 1419 549 ὑμῖν
1434 513 1576 548 ὀφειλέτης
1587 513 1655 548 εἰμὶ,
1667 512 1758 544 καθὼς
1773 513 1815 539 καὶ

1036 559 1065 584 ὲν
1079 559 1135 590 τοῖς
1148 558 1252 590 λοιποῖς
1268 558 1368 585 ἔθνεσι.
1387 568 1396 585 ι
1414 558 1499 585 Τοῦτο
1523 558 1641 590 σπεύδω,
1660 557 1741 584 τοῦτο
1764 559 1816 584 ἑπι-

1037 603 1122 638 ζητῶ,
1140 605 1206 631 πᾶσι
1223 607 1355 640 χρεωστῶ
1366 612 1374 618 '
1391 604 1439 631 καὶ
1452 604 1540 636 οὐδεὶς
1561 605 1635 631 ἐστιν
1653 604 1723 639 ὑπὲρ
1735 600 1765 631 οὗ
1782 603 1814 639 μὴ

1037 649 1121 685 πολλῇ
1138 650 1286 684 συνέχομαι
1307 649 1438 685 φροντίδι.
1463 649 1542 676 Ἀλλὰ
1568 649 1656 676 ταῦτα
1690 649 1741 684 μὲν
1754 649 1816 680 τέως

1037 695 1083 721 ἐπὶ
1099 695 1233 722 τοσοῦτον.
1255 695 1311 730 Τῆς
1325 695 1379 730 γὰρ
1395 695 1542 730 ἑρμηνείας
1552 696 1565 721 6
1577 695 1677 730 τρόπος
1692 694 1818 721 ἀλλοιότε-

1040 747 1084 774 ρος
1102 744 1121 757 ηι
1138 740 1154 773 ἦ
1169 739 1198 765 ὃν
1209 741 1222 766 6
1235 739 1284 774 τῆς
1310 740 1454 774 ἐπιστολῆς
1477 739 1601 774 ἐπιζητεῖ
1615 738 1709 770 τύπος.
1726 739 1817 773 Διόπερ

1038 785 1180 820 οὐδέτερον
1197 785 1336 820 καθαρῶς,
1354 786 1402 812 καὶ
1420 786 1457 817 ὠς
1468 786 1492 812 οἱ
1507 785 1816 821 τῆςτέχνηςνόμοι,κατ“

1039 831 1184 866 ἐπιστολὴν
1214 831 1401 866 ἐρμηνεύοντα
1431 832 1574 866 πράττειν.
1604 831 1652 857 "Av
1664 830 1694 856 δὲ
1716 831 1763 857 καὶ
1775 829 1816 855 τοῦ

1041 876 1168 911 καθαρῶς
1181 876 1342 912 ἑρμηνεύειν
1359 878 1373 903 6
1389 877 1486 912 καιρὸς
1506 876 1555 912 τὴν
1571 876 1662 903 ἄδειαν
1677 874 1725 910 δῷ,
1748 876 1817 906 ἴσως,

197 932 251 955 tur.
270 929 346 960 Quod
361 929 383 954 si
403 927 537 961 exquisite
554 925 725 959 interpretari
743 923 852 951 occasio
872 923 966 949 inculta

1042 921 1107 947 Θεοῦ
1124 921 1316 956 βουλουμένου,
1326 922 1372 948 καὶ
1386 922 1553 957 τελειότερον
1567 921 1630 956 ἐμοὶ
1660 921 1714 955 μὲν
1728 920 1817 952 είπείν,

198 977 251 999 tem
263 972 376 1004 dederit,
392 971 517 998 fortassis
528 978 589 997 cum
604 970 676 995 bono
691 968 745 995 Deo
755 967 907 994 absolutius
920 966 985 993 mihi

197 1017 357 1052 explicanda
378 1021 477 1047 erunt,
502 1020 529 1043 et.
551 1015 698 1050 gratiosius
722 1014 769 1041 tibi
797 1013 942 1040 audienda.

198 1085 362 1120 QUIESTIO
382 1085 451 1114 XCII
471 1085 567 1121 [CoisL
583 1083 732 1117 CCLXXII,
749 1084 830 1111 Taur.
847 1082 986 1117 CCLXII].

1040 968 1081 993 σοὶ
1092 967 1113 994 δ’
1127 967 1236 994 ἀκούειν
1262 968 1403 1002 γενήσοιτο
1417 968 1507 1002 χάρις.

1312 1083 1478 1111 ΕΡΩΤΗΣῙΣ
1496 1083 1553 1117 ιιῐιν.

229 1143 300 1168 Edita
319 1150 334 1168 a
354 1140 516 1172 Montacutio,
527 1148 567 1172 ep.
585 1140 644 1171 165,
660 1141 693 1165 ad
707 1141 793 1171 Georg.
810 1140 833 1164 Ν
837 1138 884 1168 ita,
901 1145 929 1194 ι)ἰ
1143 1137 1256 1169 epistolis
1278 1139 1345 1164 Pauli
1364 1143 1390 1164 et
1406 1146 1449 1164 cur
1470 1147 1498 1165 se
1516 1140 1608 1165 Paulus
1627 1138 1729 1165 idiotam
1744 1142 1819 1171 vocet,

235 1227 343 1255 Miraris
363 1226 440 1253 Pauli
469 1225 606 1260 Epistolas
627 1229 667 1252 tot
683 1225 752 1253 idcis
773 1224 903 1251 variatas.
930 1222 990 1250 Noli

200 1273 236 1301 ob
248 1274 391 1301 veritatem
410 1271 477 1298 mihi
494 1278 657 1299 succensere
671 1279 678 1296 :
697 1275 724 1297 et
747 1278 796 1306 ego
821 1271 904 1297 miror
920 1277 991 1296 non-

199 1320 264 1347 dum
283 1324 309 1346 te
324 1319 357 1345 ad
375 1317 537 1352 profundam
552 1317 625 1344 illius
644 1317 805 1351 sapientiam
822 1315 990 1350 pervenisse.

201 1365 279 1398 Quod
296 1364 318 1391 si
331 1363 431 1397 majori
443 1370 507 1389 cura
525 1366 553 1390 et
567 1362 700 1389 industria
718 1362 790 1389 illius
816 1362 916 1394 scripta
932 1369 991 1388 tne-

201 1409 343 1440 ditaberis,
366 1408 512 1435 adbibenle
536 1408 664 1434 nimirum
682 1408 791 1434 coalitus
810 1406 922 1438 auxilio,
939 1406 992 1433 mi-

202 1456 299 1482 rabere
313 1454 399 1488 tnagis
423 1453 470 1488 qui
495 1453 584 1488 potuit
600 1457 625 1480 te
643 1458 723 1480 tantm
749 1453 888 1487 sapientia:
905 1452 992 1487 gratia

201 1501 297 1532 latere,
321 1503 349 1526 et
366 1499 428 1526 inde
449 1498 624 1533 pulchritudo
641 1497 814 1525 sermonibus
833 1497 914 1523 insita
932 1497 993 1531 ejus

203 1544 337 1572 fervidum
365 1544 437 1572 haud
451 1544 556 1571 invenit
575 1548 733 1570 amatorem.
753 1541 807 1568 Nec
831 1542 927 1569 insisto
943 1542 992 1568 ad-

204 1591 257 1617 huc
279 1590 306 1616 in
326 1589 384 1622 illa,
401 1597 461 1623 qua:
476 1589 635 1623 dogmatqu
660 1592 687 1614 et
705 1587 764 1614 ﬁdei
780 1591 820 1614 est
843 1587 992 1621 sapientia;

203 1635 295 1662 deillo
312 1635 411 1662 videris
431 1635 532 1670 quippe
554 1633 625 1661 haud
646 1633 791 1660 dubitare:
814 1633 860 1660 sed
884 1633 939 1659 vim
968 1637 995 1659 et

204 1679 360 1708 facultatem
377 1680 482 1707 dicendi
496 1687 579 1714 urgeo
591 1679 788 1706 admirabilem.
805 1678 840 1705 At
853 1685 910 1705 tum
924 1686 993 1713 quo-

204 1725 286 1752 modo
301 1733 426 1752 sermone
443 1725 496 1751 erit
509 1724 611 1751 idiota?
623 1723 712 1756 Certe,
724 1731 756 1750 eo
776 1731 830 1758 quo
843 1733 852 1749 ι
865 1723 994 1758 Princeps

204 1775 340 1806 peccator,
352 1778 407 1805 quo
418 1770 527 1798 iniimus
543 1770 740 1804 apostolorum,
756 1769 992 1804 reiectamentum,

205 1821 412 1851 purgamentum
429 1815 542 1847 mundi;
568 1819 608 1846 ut,
633 1814 818 1849 spectaculum
842 1815 945 1850 angelis
967 1819 994 1842 et

205 1863 373 1890 hominibus.
387 1871 397 1888 ι
420 1863 504 1895 Quis?
520 1862 570 1895 Qui
591 1867 622 1889 ut
643 1861 781 1896 apostolus
792 1861 893 1889 Christi
903 1861 993 1897 gravis

205 1916 266 1936 esse
281 1913 372 1943 posset
393 1908 582 1940 auditoribus;
603 1908 650 1942 qui
682 1908 868 1935 abundantius
887 1908 994 1935 caeteris

206 1954 357 1987 laboravit;
374 1955 420 1988 qui
444 1953 603 1988 priusquam
629 1953 723 1980 matris
745 1957 839 1987 partus
856 1952 992 1984 ederetur,

205 1999 261 2027 Deo
276 2000 505 2031 consecrabatur;
519 1998 565 2033 qui
586 2005 640 2025 non
657 1998 868 2032 spectaudorum
887 2002 994 2031 specta-

205 2048 261 2075 tor,
285 2052 338 2071 non
353 2045 550 2071 audiendorum
561 2043 668 2071 auditor
679 2043 745 2074 fuit;
766 2043 812 2070 Dei
830 2043 855 2070 in
881 2043 991 2070 Christo

206 2091 276 2118 odor
290 2090 393 2123 bonus;
408 2090 454 2124 qui
469 2089 532 2116 Jesu
547 2089 794 2120 mortiﬁcationem,
812 2088 858 2115 sed
872 2093 898 2115 et
911 2088 992 2115 vitam

208 2137 235 2164 in
247 2144 361 2172 corpore
373 2136 607 2170 circumgestabat.
615 2135 849 2168 Quemadmodum
859 2134 941 2169 igitur
951 2142 995 2161 re-

205 2181 411 2215 jcclameutum,
427 2187 647 2215 purgamentum,
665 2180 848 2215 spectaculum
868 2179 928 2207 talis
952 2179 994 2206 vir

207 2230 335 2253 uttautus
347 2225 414 2258 fuit;
429 2226 465 2252 ita
478 2226 557 2260 plane
569 2230 596 2252 et
605 2232 730 2253 sermone
740 2224 824 2251 idiota
833 2223 894 2251 fuit.
903 2224 992 2256 Certe,

206 2271 307 2306 aliquid
317 2271 430 2298 istorum
441 2270 615 2310 reputah‘amr
624 2269 708 2302 abiis,
718 2268 763 2303 qui
771 2267 994 2303 pneconiialtitu-

206 2317 298 2344 dinem
308 2325 361 2344 non
371 2317 514 2352 capiebant
524 2325 532 2350 ς
541 2316 641 2350 aliquid
650 2323 709 2343 esse
716 2314 935 2348 rolcbat,ctquia
943 2314 994 2340 fuit

206 2363 392 2390 moderatione
400 2366 428 2389 ct
439 2370 544 2389 morum
559 2361 688 2388 facilitate
700 2360 867 2387 admittebat.
882 2358 916 2385 At
927 2358 992 2393 quid

1075 1223 1231 1258 Θαυμάζεις
1252 1225 1277 1250 εί
1293 1224 1432 1256 τοιαύταις
1447 1224 1545 1256 εἰδέαις
1555 1229 1568 1243 ιι
1584 1224 1656 1251 θείου
1675 1225 1781 1252 Παύλου
1795 1229 1821 1255 al,

1046 1268 1200 1294 Ἐπιστολαὶ
1217 1270 1440 1304 σχηματίζονται.
1459 1270 1514 1296 Καί
1532 1278 1576 1305 μοι
1600 1271 1683 1306 μηδὲν
1697 1271 1746 1306 τῆς
1761 1272 1821 1306 ἁλη-

1041 1314 1115 1345 θείσις
1133 1315 1267 1350 ἀχθεσθῇς
1279 1335 1286 1347 ,
1303 1316 1343 1341 ὅτι
1358 1314 1434 1342 οὔπω
1458 1316 1587 1351 διέκυψας
1604 1317 1674 1352 πρὸς
1691 1317 1722 1343 τὸ
1746 1317 1821 1352 βάθος

1041 1359 1092 1394 τῆς
1107 1359 1220 1394 ἐνούσης
1228 1360 1266 1395 τῷ
1280 1360 1356 1396 ἀνδρὶ
1367 1361 1472 1395 σοφίας.
1488 1361 1520 1388 Εί
1536 1362 1564 1388 δέ
1579 1370 1608 1388 σε
1624 1362 1823 1398 φιλοπονωτέρι

1043 1405 1107 1440 περὶ
1122 1405 1186 1436 τοὺς
1202 1405 1306 1432 ἐκείνου
1327 1405 1422 1440 λόγους
1435 1406 1512 1433 λάϐοι
1528 1407 1639 1443 μελέτη,
1660 1408 1711 1442 τῆς
1725 1409 1823 1435 ἄνωθέν

1044 1458 1085 1476 σοι
1108 1450 1231 1485 δηλονότι
1249 1451 1337 1486 ῥοπῆς
1360 1452 1400 1483 είς
1419 1452 1563 1486 εὐμένειαν
1580 1453 1688 1488 ὁρώσης
1700 1474 1707 1486 ,
1723 1454 1823 1489 θαυμά-

1044 1505 1102 1528 σαις
1116 1496 1149 1523 ἂν
1167 1497 1278 1531 μᾶλλον,
1295 1497 1369 1528 ὅπως
1383 1506 1412 1524 σε
1425 1498 1543 1534 τοσαύτη
1560 1499 1655 1533 σοφίας
1671 1500 1823 1527 διελάνθανε

1045 1542 1135 1576 χάρις,
1158 1543 1206 1569 καὶ
1229 1543 1326 1574 κάλλος
1347 1543 1469 1577 ἐμφύτου
1492 1544 1570 1579 λόγου
1593 1544 1696 1580 θερμὸν
1712 1547 1824 1582 ἐραστὴν

1045 1587 1095 1613 οὐκ
1112 1584 1179 1621 εἶχε.
1198 1587 1253 1614 Καὶ
1269 1585 1345 1613 οὔπω
1361 1595 1393 1621 γε
1409 1587 1457 1623 τὴν
1483 1588 1512 1614 ἐν
1525 1587 1641 1623 δόγμασι
1663 1589 1713 1615 καὶ
1740 1590 1824 1615 πίστει

1044 1631 1115 1665 λέγω
1131 1631 1242 1666 σοφίαν·
1264 1632 1342 1658 τοῦτο
1357 1633 1414 1667 γὰρ
1429 1632 1483 1659 οὐδ’
1501 1633 1582 1665 αὐτὸς
1601 1634 1669 1669 ἡμῖν
1688 1635 1824 1670 ἁμφισὸη·

1042 1675 1097 1702 τῶν
1119 1675 1230 1710 ὤφθης,
1247 1676 1305 1703 ἀλλ’
1328 1677 1377 1711 ὅση
1400 1676 1500 1712 κράτος
1515 1686 1545 1703 τε
1567 1677 1654 1712 λόγων
1680 1680 1728 1705 καὶ
1753 1680 1823 1713 ἱσχίν

1006 1740 1028 1771 C
1045 1721 1232 1755 θαυμάζεσθαι
1254 1721 1379 1757 παρέχει.
1403 1721 1464 1753 Πῶς
1478 1721 1524 1748 οὖν
1550 1722 1659 1758 ἰδιώτης
1676 1724 1717 1759 τῷ
1738 1723 1822 1758 Mm»;

1044 1767 1139 1803 ὥσπερ
1161 1767 1208 1793 καὶ
1227 1777 1236 1793 ι
1251 1767 1306 1794 τῶν
1320 1768 1490 1803 ἁμαρτωλῶν
1506 1769 1630 1804 πρῶτος·
1649 1779 1658 1795 ι
1676 1770 1715 1801 ὡς
1729 1779 1739 1796 ι
1751 1770 1825 1805 ἐσχα-

1043 1822 1089 1845 τος
1103 1813 1158 1840 τῶν
1173 1813 1341 1845 ἀποστόλων,
1357 1814 1487 1850 ἐκτρωμα
1502 1815 1610 1842 πάντων
1624 1819 1652 1840 οι
1666 1823 1674 1830 ι
1686 1815 1726 1847 ὡς
1736 1824 1825 1851 «περι-

1045 1859 1175 1895 κάοαρμα
1192 1859 1238 1886 τοῦ
1262 1859 1382 1894 κόσμου’
1404 1869 1412 1885 ι
1428 1860 1466 1891 ὼς
1484 1869 1493 1886 ι
1515 1861 1552 1895 μὴ
1569 1860 1628 1887 ὢνΡ
1642 1861 1718 1893 ἄξιος
1740 1861 1826 1887 καλεῖ-

1045 1904 1107 1931 σθαι
1130 1905 1292 1937 ἀπόστολος·
1313 1914 1322 1930 )
1350 1905 1387 1936 ὡς
1414 1915 1424 1931 ι
1442 1907 1550 1932 πάντων
1573 1906 1735 1942 περίψημα·
1757 1916 1766 1933 ι
1793 1906 1825 1936 ὡς

1048 1960 1056 1976 ι
1077 1950 1190 1986 θέατρον
1207 1950 1333 1985 ἀγγέλοις
1346 1952 1393 1978 καὶ
1414 1951 1577 1987 ἀνθρώποις.
1595 1961 1604 1977 ι
1620 1952 1687 1984 Τίςς
1710 1953 1739 1979 '0
1753 1952 1826 1979 δυνά⁸

1045 2005 1125 2031 μενος
1148 1997 1177 2022 ὲν
1193 1997 1270 2032 βάρει
1285 1995 1354 2023 εἶναι
1367 1997 1405 2028 ὡς
1429 1997 1546 2032 Χριστοῦ
1574 1998 1739 2030 ἀπόστολοςθ
1751 1999 1766 2025 ὁ
1782 2007 1826 2025 πε-

1045 2042 1201 2077 ρισσότερον
1216 2042 1325 2069 πάντων
1347 2043 1493 2075 χοπιάσας,
1506 2044 1520 2069 ὁ
1536 2044 1583 2071 καὶ
1602 2044 1667 2079 πρὶν
1682 2044 1699 2080 ἢ
1712 2045 1761 2075 τὰς
1777 2053 1825 2079 μη-

1043 2086 1140 2121 τρικὰς
1155 2087 1253 2118 ὠδῖνας
1271 2087 1364 2121 λῦσαι,
1389 2088 1426 2123 τῷ
1439 2088 1499 2123 Θεῷ
1520 2089 1730 2124 ἀφωρισμένος·
1747 2091 1761 2117 6
1776 2089 1824 2116 τῶν

1044 2131 1166 2158 ἀθεάτων
1183 2132 1299 2168 θεατὴς,
1320 2133 1368 2160 καὶ⁵
1393 2133 1447 2160 τῶν
1462 2134 1627 2169 ἀπορρήτων
1642 2137 1792 2170 κατήκοος·
1809 2136 1823 2170 ὴ

1043 2177 1082 2211 τῷ
1097 2177 1155 2212 Θεῷ
1172 2178 1290 2213 Χριστοῦ
1305 2179 1419 2206 εὐωδία·
1436 2181 1450 2206 6
1462 2180 1513 2215 τὴν
1529 2171 1724 2216 νέκρωσιν-τοῦ
1734 2181 1823 2216 Ἰησοῦ,

1043 2222 1111 2250 ἀλλὰ
1129 2223 1175 2250 καὶ
1191 2225 1241 2259 τὴν
1256 2224 1328 2260 ζωὴν
1348 2226 1378 2251 ἐν
1403 2225 1442 2260 τῷ
1456 2226 1561 2261 σώματι
1581 2228 1750 2263 περιφέρων,
1765 2229 1824 2254 Ὠσ-

1042 2276 1097 2303 περ
1111 2267 1159 2296 οὖν
1176 2269 1322 2306 ἐκτρωμα,
1338 2272 1384 2297 καὶ
1398 2273 1542 2308 περίψημα
1553 2292 1560 2305 ,
1578 2276 1625 2300 καὶ
1639 2275 1766 2309 θέατρον,
1783 2275 1824 2301 καὶ

1044 2313 1252 2350 περικάοαρμα,
1264 2316 1280 2342 ὁ
1297 2317 1427 2349 τοσοῦτος
1444 2319 1491 2344 καὶ
1502 2319 1661 2354 τηλικοῦτος
1671 2339 1680 2351 ,
1696 2320 1768 2347 οὕτω
1783 2321 1824 2347 καὶ

1045 2358 1154 2394 ἰδιώτης
1168 2359 1207 2395 τῷ
1220 2360 1301 2397 λόγῳ.
1327 2362 1382 2389 Καὶ
1403 2363 1456 2398 γὰρ
1475 2363 1586 2397 τούτων,
1617 2365 1651 2391 τὰ
1671 2365 1722 2400 μὲν
1742 2364 1776 2400 ἦν
1794 2366 1822 2399 τῇ

206 2407 392 2434 tumiNumne
404 2407 431 2434 in
448 2407 565 2433 humana
575 2406 706 2441 sapientia
717 2405 783 2432 lides
800 2404 911 2431 nostra?
922 2403 966 2430 Dei

1045 2403 1179 2439 ὑπολήψει
1193 2405 1247 2432 τῶν
1263 2406 1310 2433 τοῦ
1325 2407 1513 2442 κηρύγματος,
1527 2409 1564 2444 μὴ
1578 2410 1724 2437 συνιέντων
1738 2411 1769 2437 τὸ
1783 2411 1824 2445 βά-

207 2454 336 2486 mcliora’;
348 2452 394 2480 scd
405 2453 431 2479 in
442 2453 563 2487 potentia
574 2451 629 2483 Dei,
641 2459 687 2486 per
699 2458 781 2485 quam
791 2450 880 2477 idiota:
887 2449 993 2484 sapien-

206 2499 243 2526 tia
256 2499 475 2526 imbuuntur.An
486 2505 549 2532 ergo
556 2497 600 2524 Dci
612 2497 753 2532 sapientia,
762 2501 789 2523 ct
799 2497 879 2530 hujus
888 2495 992 2527 umndi,

205 2549 233 2571 et
247 2544 399 2578 principum
417 2543 477 2578 ejus
495 2542 648 2578 sapientia?
660 2541 727 2574 Quis
743 2542 793 2568 hoc
809 2539 924 2568 dixerit?
939 2540 992 2567 Ta-

207 2590 240 2616 lis
259 2590 332 2616 cuitn
348 2589 481 2624 sapientia
497 2597 544 2623 per
564 2588 654 2615 crucis
670 2587 810 2615 stultitiam
829 2591 988 2613 evacuatur.

206 2635 354 2669 Impiortun
386 2635 542 2669 dogmatum
575 2639 683 2666 terror,
708 2633 810 2661 erroris
835 2632 991 2659 auxiliatrix

206 2680 389 2715 plausibilitas
412 2680 565 2712 sermonis,
591 2679 717 2714 implexio
742 2678 889 2705 artiliciosa
906 2676 991 2704 male-

1044 2448 1089 2480 θος
1101 2456 1108 2463 ’
1123 2450 1158 2476 τὰ
1172 2449 1201 2476 δὲ
1218 2451 1265 2476 καὶ
1280 2452 1379 2483 αὐτοὺς
1394 2453 1491 2483 ἐδίδου,
1515 2454 1608 2488 φέρων
1623 2455 1657 2490 τῇ
1682 2455 1738 2481 τὼν
1756 2455 1824 2490 ἠθῶν

1044 2496 1199 2530 μετριότητι
1225 2497 1272 2524 καὶ
1300 2499 1446 2534 ἐπιεικείᾳ.
1464 2499 1497 2526 Τί
1515 2498 1578 2533 οὖνς
1607 2501 1651 2527 Ἐν
1676 2501 1758 2536 σοφίᾳ
1780 2502 1823 2527 ἁν-

1043 2539 1160 2574 θρώπων
1214 2541 1304 2574 πίστις
1321 2543 1414 2577 ήμῶνς
1431 2545 1476 2579 Μὴ
1493 2545 1613 2579 γένοιτο·
1628 2545 1687 2573 ἀλλ’
1700 2547 1732 2572 ἐν
1745 2546 1820 2572 δυνά-

1045 2594 1092 2619 μει
1104 2585 1181 2617 Θεοῦ,
1199 2587 1233 2613 δι’
1253 2586 1286 2623 ἦς
1309 2590 1355 2616 καὶ
1372 2590 1473 2617 ίδιῶται
1490 2591 1656 2626 σοφίζονται.
1677 2592 1761 2626 Σοφία
1781 2590 1822 2618 οὖν

1045 2630 1112 2656 Θεοῦ
1126 2632 1143 2666 ὴ
1158 2632 1204 2659 τοῦ
1219 2634 1317 2666 αἰῶνος
1330 2635 1436 2668 τούτου,
1461 2637 1507 2663 καὶ
1523 2638 1576 2664 τῶν
1590 2638 1674 2664 αὐτοῦ
1689 2638 1822 2674 ἀρχόντων

1045 2678 1139 2712 σοφίας
1157 2680 1211 2707 Καὶ
1227 2680 1268 2712 τίς
1285 2681 1318 2708 ἂν
1334 2682 1399 2718 φαίη
1415 2682 1508 2716 τοῦτο;
1531 2683 1563 2710 Ἦ
1581 2685 1635 2720 γὰρ
1649 2686 1759 2720 τοιαύτη
1781 2692 1821 2710 σο-

828 2769 942 2798 νΑῐιιλΕ
959 2769 1159 2799 LECTIONES.

263 2849 273 2870 ι
290 2851 333 2885 to.
347 2849 486 2885 ἐποίησας.

206 2885 306 2912 omittit
319 2884 367 2912 ὢν.

541 2850 613 2878 πίσ.
641 2850 725 2877 ἐστίν.
764 2855 776 2868 ιι
791 2849 822 2878 C.
839 2849 912 2877 Mon.
1023 2849 1115 2883 ἰδέαις.
1132 2851 1184 2879 'C.
1204 2850 1275 2878 Men.
1299 2851 1336 2882 ὼς
1349 2851 1480 2896 έκτρωμα
1495 2851 1615 2882 πάντων.

1671 2859 1684 2879 r
1699 2853 1731 2882 C.
1752 2853 1821 2883 Non.
