1880 3057
196 112 248 146 579

196 169 273 200 l'oro.
292 175 353 196 eum
370 166 500 198 doceret,
515 165 684 202 corriperet,
701 163 881 198 admoneret,
897 171 927 192 sc
941 163 991 191 de-
1005 165 1027 194 Α

196 215 329 247 tenderet,
353 213 558 246 testiticaretur,
583 220 644 248 qua:
667 212 783 245 viritim,
811 211 984 242 catervatim.

194 261 265 298 apud
281 260 389 296 judices
400 280 407 293 ,
423 260 620 295 sycophantas.
636 258 781 292 Quomodo
798 257 914 285 dicendo
941 263 986 283 rc-

194 314 253 342 gem
269 305 427 333 Judazorum
445 304 565 337 allicuit,
590 304 627 332 ita
650 308 681 332 ut
706 307 814 331 tanttnn
838 309 893 329 non
914 302 985 328 inter

193 351 366 378 Christianos
392 353 569 383 censeretur,
592 348 615 376 si
641 355 694 376 non
716 347 792 383 regni
813 351 841 374 et
855 353 985 382 purpura:

194 396 317 429 inﬂatio,
342 403 402 431 quae
418 395 511 423 multis
527 395 667 422 multoties
687 393 786 421 letltale
811 393 911 420 vulnus
939 392 985 419 in-

194 441 299 473 ﬂixere,
326 440 521 475 impedimento
539 439 636 467 [uisset
652 438 685 466 ad
708 437 833 465 ell'cctum
849 437 972 472 operatio

194 493 314 521 nemque
330 485 417 512 verbi.
438 484 472 512 Ut
485 484 675 520 proloquendo
692 483 864 518 compescuit
879 483 985 510 clamo-

194 539 242 560 sos
261 537 287 559 et
304 531 330 559 in
347 539 377 558 se
388 531 551 563 concitatos,
565 531 612 566 qui
625 529 788 565 sanguinem
804 529 892 564 ipsius
907 529 986 556 sitio-

194 578 274 610 bant,
298 585 369 612 quos
391 578 423 604 ad
452 573 530 604 suam
555 577 751 612 preteetionem
779 575 983 610 suscipiendum

194 622 302 650 induxit
320 631 326 649 :
342 626 373 649 ιιι
394 622 519 650 ascendit
543 622 569 648 in
585 621 770 656 Areopagum,
788 621 833 647 ttbi
852 620 922 647 inter
936 627 985 647 eos

192 668 366 700 versabatur,
388 668 434 702 qui
460 667 550 695 verbis
573 668 600 694 in
617 666 712 702 ipsum
730 666 984 699 exacerbabantur;

193 713 366 750 Areopagum
381 713 522 745 nimirum,
539 714 596 747 ubi,
609 718 639 740 ut
652 713 752 740 fabulis
767 712 925 740 Graecorum
941 719 985 739 so-

194 760 321 787 lemniter
336 764 463 787 narratur
474 780 481 792 ,
500 764 526 787 et
539 759 576 787 dii
591 763 617 787 et
631 759 759 787 homines
778 759 817 786 rei
833 763 861 786 et
879 763 986 786 actores

194 803 354 833 ferebantur
368 815 376 834 :
392 811 476 841 utque
490 806 528 834 ibi
544 806 722 838 Constitutus,
740 813 794 833 non
807 805 855 832 uni
871 805 922 833 soli
939 812 986 839 op-

193 853 311 888 positus,
334 853 382 880 sed
405 857 500 880 contra
522 860 619 879 omnes
643 852 757 879 omnino
785 851 987 879 disertissimus
1001 846 1024 875 B

194 898 246 925 fuit
260 907 268 932 ;
283 899 305 926 si
317 900 398 926 modo
409 898 531 926 omnium
544 897 687 925 hominum
698 897 891 930 Athenienses,
906 897 989 923 Athe-

193 943 330 971 niensium
342 943 512 978 Areopagitae
524 942 712 978 praestiterunt
727 942 856 975 dicendo,
868 948 987 977 quorum

193 988 309 1015 aﬂ‘ectus
325 988 491 1023 animosque
507 987 546 1014 ita
561 987 680 1015 dicendo
695 987 846 1020 concussit,
860 990 988 1014 ettrans-

193 1034 333 1066 formavit,
356 1038 385 1061 ut
405 1033 484 1061 multi
505 1033 578 1061 inter
596 1041 645 1061 eos
669 1034 704 1060 ab
730 1033 818 1068 ipsius
842 1033 934 1069 lingua
961 1037 990 1060 ιιι

193 1089 321 1109 sermone
340 1081 466 1115 suspensi
489 1081 640 1116 abjicerent
662 1089 725 1116 qua:
749 1088 797 1116 per
823 1085 911 1108 totum
927 1081 989 1107 vita

194 1136 306 1156 cursttm
322 1127 470 1163 amplexati
489 1126 599 1155 fuerant
613 1148 622 1161 ,
644 1132 671 1155 et
686 1126 836 1154 transirent
851 1127 884 1154 ad
900 1126 989 1161 pieta-

194 1177 247 1200 tem
262 1193 270 1207 ,
289 1173 364 1200 illum
381 1172 483 1200 imitari
507 1172 646 1204 studiosi,
663 1172 710 1208 qui
733 1172 804 1206 apud
821 1172 932 1199 intimas
948 1172 989 1206 ip-

194 1225 286 1245 sorum
303 1218 410 1245 anitnas
423 1217 533 1244 virtutis
551 1221 577 1244 et
593 1224 662 1244 verte
674 1216 784 1251 pietatis
799 1216 927 1251 dogmata
941 1223 989 1242 ex-

194 1268 331 1291 araverat.
353 1263 406 1290 Tot
430 1268 457 1290 ct
482 1263 546 1290 talia
570 1263 630 1290 sine
651 1270 778 1290 sermone
797 1269 919 1296 congruo
935 1268 989 1288 non

195 1310 405 1344 assequebatur.
422 1309 523 1344 Ecquis
537 1309 610 1335 enim
623 1307 740 1335 barbaro
752 1306 916 1334 attendisset
930 1306 991 1333 ani-

195 1363 253 1389 mo,
269 1355 315 1391 qui
331 1362 382 1382 nec
398 1359 471 1382 recta
486 1354 513 1382 in
529 1354 598 1389 ipsis
611 1353 725 1381 vocibus
741 1352 903 1380 incedebat?
915 1352 991 1385 Quo-

195 1403 278 1430 modo
293 1402 385 1436 igitur.
402 1409 464 1436 qum
484 1408 518 1428 ne
538 1400 612 1436 loqui
627 1404 762 1434 noverat,
779 1403 854 1427 recte
873 1406 990 1426 consen-

196 1449 249 1476 tire
275 1448 337 1475 aliis
359 1447 527 1476 videbatur:
543 1447 641 1475 nedum
655 1447 724 1486 alios
744 1446 796 1474 sibi
816 1445 992 1474 consentien-

195 1499 238 1523 tes
249 1495 359 1522 habcre.
368 1494 466 1522 Verum
479 1494 566 1530 gratia
577 1494 610 1521 de
623 1493 693 1521 coelo
705 1493 880 1528 operabatur,
892 1492 989 1528 gratia,

197 1539 321 1574 inquam.
338 1543 365 1566 ct
388 1547 441 1566 non
454 1539 616 1566 artiﬁcium.
632 1537 699 1565 Nam
713 1538 786 1573 quod
801 1542 859 1565 arte
873 1540 990 1565 constat»

190 1583 349 1611 'humanum
370 1587 413 1611 est
433 1589 461 1611 et
482 1583 551 1616 vile;
565 1582 638 1618 quod
659 1590 674 1610 e
699 1582 806 1616 gratia,
831 1582 942 1609 cteleste
965 1585 992 1608 et

190 1630 391 1666 apostolicum.
413 1629 531 1665 Operata
551 1633 594 1657 est
617 1628 717 1664 gratia,
733 1633 761 1656 at
776 1629 802 1655 in
815 1627 911 1663 primis
934 1627 992 1654 haec

197 1680 338 1711 operatur,
352 1681 381 1703 ut
394 1675 461 1703 nihil
474 1683 503 1703 se
516 1675 653 1703 dedecens
662 1675 808 1710 loquantur
817 1674 902 1709 ipsius
912 1673 993 1701 minL

197 1723 257 1750 stri.
276 1721 334 1749 Non
351 1726 394 1750 est
413 1723 486 1750 enim
503 1722 557 1750 ltoc
577 1721 773 1753 leviusculum,
790 1721 921 1748 inducere
932 1727 990 1753 eos,

197 1770 243 1805 qui
257 1774 323 1797 sunt
341 1777 374 1797 ex
391 1769 516 1805 opposito
533 1789 540 1802 ,
560 1769 587 1796 itt
602 1776 718 1796 sensum
734 1767 793 1802 ejus
812 1766 992 1795 irresistibilis

199 1815 338 1851 potentias,
351 1824 414 1851 qua:
435 1816 461 1843 in
477 1816 545 1850 ipsis
565 1820 707 1850 operatur.
725 1813 831 1842 Alicuhi
853 1813 927 1840 enim
953 1812 993 1839 ait

172 1855 178 1866 ’
199 1861 341 1896 Scriptura
355 1870 361 1888 :
380 1860 524 1888 «Vinlentes
544 1859 646 1894 Jttdmi,
661 1859 735 1888 Petri
750 1864 778 1887 et.
795 1858 872 1886 Pauli
888 1858 993 1884 auden-

197 1905 291 1933 tiam.)
319 1905 497 1936 Quamnam?
522 1904 626 1940 Nempe
641 1905 669 1932 in
685 1904 821 1939 loquendo
844 1909 891 1938 per
908 1909 992 1936 quam

198 1952 384 1988 impudentem
409 1952 589 1987 quaestionem
619 1951 792 1979 rctuder-unt.
820 1951 889 1985 Quid
913 1951 994 1978 tttm?

201 1999 250 2025 «Et
260 2002 459 2031 cognoscentes
468 1997 541 2032 quod
556 1997 656 2024 indocti
669 2001 758 2029 erant,
769 2001 796 2024 et
805 1997 900 2030 idiota,
910 1997 994 2024 mira-

186 2042 299 2069 ‘hautur
315 2041 364 2069 η.)
379 2041 525 2069 Cernimus
543 2041 696 2076 piscatores
714 2041 849 2073 rhetores,
863 2045 891 2068 ct
913 2041 993 2068 labiis

198 2086 363 2122 sapientiam
387 2085 556 2121 proferentes
568 2105 575 2118 ,
590 2085 636 2119 qui
657 2085 801 2113 scientiam
816 2085 888 2113 haud
911 2086 993 2114 hahe-

197 2132 265 2160 lnant
282 2133 448 2160 litterarum.
463 2131 533 2165 Quid
547 2132 619 2159 hoc?
631 2132 702 2160 unde
719 2132 774 2160 illis
796 2133 896 2160 accidit
917 2133 991 2168 quod

185 2180 348 2207 'ltumanant
368 2179 518 2207 excedebat
534 2179 743 2207 conditionem?
763 2187 847 2206 unum
862 2180 967 2207 scimus
984 2189 990 2206 ε
1005 2193 1031 2222 D

200 2236 211 2252 ε
225 2226 302 2260 Quod
319 2234 380 2253 cum
395 2225 458 2253 Jesu
474 2225 610 2252 fuerant.)
629 2224 710 2252 Vides
731 2230 760 2253 ιιι
784 2226 810 2252 in
828 2226 989 2253 admiratio-

197 2280 259 2300 netn
278 2280 333 2300 non
357 2272 448 2299 minus
467 2280 549 2307 quam
574 2276 681 2306 patrata
696 2271 723 2299 in
742 2273 885 2307 procinctu
905 2273 991 2300 mira-

196 2319 269 2353 cula,
284 2320 367 2347 etiam
395 2319 533 2347 sermonis
557 2319 599 2346 vis
619 2323 646 2346 et
667 2317 784 2347 facultas
798 2319 893 2347 hostes
914 2319 991 2347 exci-

196 2363 283 2397 tavit;
310 2367 337 2390 et
360 2363 439 2390 modo
458 2363 560 2390 vellcnt
578 2362 738 2391 adhibuisse
754 2370 922 2391 consensum
936 2384 944 2396 ,
963 2365 990 2390 in

196 2409 321 2437 veritatis
343 2407 505 2436 adduxisset
528 2409 727 2443 cognitionem.
751 2408 805 2436 Sed
829 2413 857 2436 et
878 2409 991 2436 aliunde

197 2455 349 2490 perspicias
374 2454 438 2482 licet
460 2455 486 2481 in
504 2459 638 2489 quantum
658 2454 767 2481 dicendi
788 2462 885 2482 eorum
907 2454 994 2482 lacul-

198 2505 281 2527 tatcm
307 2500 627 2534 mctuerint,ind1'ctum
654 2500 721 2535 ipsis
744 2504 805 2528 erat
828 2508 864 2528 ne
880 2501 994 2528 omnino

197 2545 388 2580 praedicarent.
404 2546 475 2580 Quid
499 2547 575 2574 dices
590 2547 651 2574 hic?
666 2548 707 2574 An
722 2547 744 2575 si
762 2548 887 2576 indoctus
899 2548 941 2580 vel
955 2548 994 2576 la-

197 2591 242 2619 bia
260 2595 378 2620 moverit
400 2594 449 2621 tibi
470 2593 563 2621 statim
583 2593 669 2629 gloria
693 2594 824 2628 concidit,
844 2599 872 2622 et
895 2595 993 2630 dogma

236 2662 258 2678 ’³
272 2663 332 2690 Act.
349 2671 386 2696 tv,
402 2664 446 2691 15.

772 108 906 140 PHOTII
925 104 1179 138 PATRIARCHE
1196 105 1251 137 CP.

1783 104 1829 138 580

1041 161 1075 188 ἂν
1090 161 1118 188 αξ
1136 161 1209 188 θεῶν
1230 159 1306 196 αὐτῷ
1327 159 1418 187 ουσιαι
1442 160 1599 196 δημοτελῶς
1621 161 1828 197 προσεφέροντο.

1047 206 1102 233 Ἐῶ
1117 205 1166 234 νῦν
1180 205 1229 242 τὴν
1241 205 1327 242 ἄλλην
1344 206 1520 241 αὐτοσχέδιον
1535 207 1612 242 ἰσχὺν
1622 206 1671 234 τοῦ
1687 206 1830 243 λόγου,τὴν

1040 252 1071 279 ὲν
1089 252 1266 288 Ἑκκλησίαις
1279 273 1286 285 ,
1302 253 1352 287 τὴν
1369 253 1397 278 ὲν
1412 252 1511 288 δήμοις
1522 272 1530 284 ,
1545 251 1595 287 τὴν
1609 253 1639 279 ὲν
1653 252 1830 289 δικαστηρίῳ,

1043 298 1099 334 ’τὴν
1111 298 1182 325 κατὰ
1199 299 1362 333 συναγωγὰς
1381 299 1527 332 Ἰουδαίων,
1541 299 1592 335 τὴν
1606 300 1635 326 ὲν
1649 300 1749 335 ἀγορᾷ,
1763 300 1832 327 διδά-

1041 352 1165 378 σκοντος,
1175 344 1371 380 διελέγχοντος,
1385 344 1737 380 παραινοῦντο;,ἀπολογου
1741 345 1831 380 μένου,

1040 389 1310 426 διαμαρτυρομένου,
1324 390 1373 425 ὅση
1389 389 1450 417 κατ’
1461 389 1557 426 ἄνδρα,
1571 390 1621 425 ὅση
1634 390 1706 416 κατὰ
1721 390 1832 424 πλῆθος,

1039 436 1089 472 ὅση
1108 436 1178 472 πρὸς
1192 436 1335 468 δικαστὰς,
1357 437 1408 472 ὅση
1425 436 1496 472 πρὸς
1512 437 1701 471 συκοφάντας·
1725 436 1764 468 ὡς
1779 433 1834 463 εἷλι

1039 482 1128 517 λέγων
1147 477 1194 510 τὸν
1221 483 1335 518 βασιλέα
1358 483 1413 510 τῶν
1439 483 1586 514 Ἰουδαίων,
1608 483 1656 509 καὶ
1682 482 1784 518 μικροῦ
1802 482 1834 510 ἂν

1041 525 1119 560 οὗτος
1135 534 1146 548 ι’
1161 530 1201 561 είς
1215 529 1399 564 Χριστιανοὺς
1420 529 1603 564 μετετάξατο,
1621 530 1645 555 εἰ
1661 529 1700 564 μὴ
1722 529 1774 564 τῆς
1789 530 1835 564 ὁρ-

1040 575 1091 608 χῆς
1104 574 1151 601 καὶ
1163 576 1213 610 τῆς
1232 575 1393 610 ἁλουργίδος
1413 575 1443 601 τὸ
1458 575 1572 610 φύσημα
1595 575 1626 610 (ὃ
1643 575 1754 607 πολλοῖς
1769 576 1834 602 πο).-

1040 621 1118 652 λάκις
1131 621 1171 653 είς
1184 622 1218 648 τὰ
1240 622 1336 658 καίρια
1353 622 1518 656 ἐλυμήνατο)
1538 621 1664 656 ἐμποδὼν
1679 621 1756 656 αὐτῷ
1770 631 1834 648 κατ-

1043 667 1108 703 έστη
1122 667 1190 704 πρὸς
1205 669 1254 703 τὴν
1266 668 1411 703 ἀκρίϐειαν
1425 668 1472 694 τοῦ
1488 668 1683 704 κηρύγματος⁵
1698 668 1737 700 ὡς
1752 669 1834 703 ἐσχη-

1042 717 1091 739 σε·
1114 712 1313 749 δημηγορήσας
1327 714 1391 745 τοὺς
1407 713 1468 740 κατ’
1495 713 1576 740 αὑτοῦ
1605 714 1765 748 φονῶντας,
1788 717 1834 741 καὶ

1041 760 1106 791 τοὺς
1125 759 1261 794 διψῶντας
1283 760 1330 786 τοῦ
1344 759 1469 794 αἷματοῃ
1484 759 1628 786 ἀναλαϐεῖν
1642 760 1690 791 τὰς
1702 759 1773 794 ὑπὲρ
1785 761 1833 793 τῆς

1044 804 1128 831 αὐτοῦ
1153 805 1291 841 σωτηρίας
1313 805 1457 841 φροντίδας
1478 805 1637 832 ἀνέπεισεν·
1659 805 1698 836 ὡς
1719 807 1766 832 ἐπὶ
1789 806 1832 832 τὶν

1042 851 1151 886 ’Ἄρειον
1169 850 1253 886 ἀνέϐη
1272 841 1370 884 πάγον,
1394 850 1500 885 ἀνδρῶν
1516 851 1545 877 ὲν
1570 851 1646 885 μέσῳ
1665 852 1721 882 τοῖς
1746 851 1833 885 λόγοις

1039 895 1263 931 φλεγμαινόντων
1273 904 1280 912 '
1292 897 1403 931 ’Λρειον
1419 897 1508 930 πάγον
1523 896 1639 930 ἐκεῖνον,
1651 893 1683 923 οὗ
1696 896 1744 923 καὶ
1757 896 1833 928 θεοὺς

1042 941 1106 977 παρ’
1123 941 1258 977 ἀλλήλων,
1275 942 1323 968 καὶ
1334 941 1402 978 πρὸς
1415 941 1576 977 ἀνθρώπους
1586 942 1664 974 δίκας
1677 943 1725 968 καὶ
1743 942 1832 969 λασεῖν

1039 989 1086 1015 καὶ
1101 987 1194 1015 δοῦναι
1219 988 1300 1023 μῦθοι
1315 988 1457 1023 χαίρουσιν
1477 987 1631 1022 Ἐλληνικοὶ
1644 988 1831 1024 διηγούμενοι·

1039 1033 1114 1066 ὅπως
1129 1035 1219 1060 ἐκεῖσε
1232 1033 1382 1065 καταστὰς,
1397 1033 1428 1060 οὐ
1447 1034 1514 1068 πρὸς
1532 1034 1581 1060 ἕνα
1596 1033 1676 1068 λόγον
1691 1035 1833 1069 ὑποσχεῖν,

1039 1081 1108 1109 ἀλλὰ
1123 1081 1193 1117 πρὸς
1216 1081 1341 1113 ἅπαντας
1355 1082 1419 1113 τοὺς
1434 1081 1464 1107 ἐν
1480 1081 1637 1116 ἀνθρώποις
1654 1081 1773 1116 λογίους.
1797 1084 1835 1109 εί-

1040 1135 1094 1162 περ
1113 1127 1251 1162 Ἀθηναῖοι
1279 1127 1330 1162 μὲν
1359 1127 1421 1154 τότε
1449 1127 1503 1153 τῶν
1532 1126 1620 1154 ἄλλων
1645 1127 1834 1163 ἀνθρώπωνι,

1047 1171 1198 1206 ’Λοηναίων
1219 1171 1266 1204 et,
1288 1171 1313 1198 οἳ
1336 1172 1365 1198 ἐν
1386 1172 1559 1207 ’Δρειοπάγῳ
1580 1172 1612 1199 τὸ
1634 1172 1738 1208 κράτος
1753 1170 1836 1209 εἰχον,

1041 1217 1115 1244 οὕτω
1130 1217 1290 1244 κατέσεισεν
1310 1216 1401 1244 αὐτῶν
1414 1218 1472 1249 τοῖς
1483 1217 1575 1252 λόγοις
1591 1218 1642 1250 τὰς
1663 1219 1755 1255 ψυχὰς
1765 1240 1773 1252 ,
1791 1221 1838 1246 καὶ

1043 1263 1267 1299 μετεσκεύασεν,
1299 1263 1337 1295 ὠς
1370 1263 1487 1296 πολλοὺς
1517 1265 1610 1292 αὐτῶν
1646 1265 1696 1300 τῆς
1729 1267 1839 1294 ἐκείνου

1041 1309 1166 1345 γλώττης
1180 1310 1229 1336 καὶ
1243 1309 1298 1336 τῶν
1313 1309 1446 1346 ῥημάτων
1463 1310 1715 1346 ὲκκρεμασθέντας.
1739 1313 1839 1348 ῥίψαν-

1042 1363 1092 1386 τας
1109 1353 1235 1386 ᾶπαντα,
1259 1353 1307 1381 διὰ
1325 1353 1383 1389 βίου
1405 1355 1508 1386 παντὸς
1529 1355 1599 1390 πρὸς
1614 1356 1665 1392 τὴν
1692 1356 1841 1383 εὐσέϐεια-ι

1044 1399 1285 1435 μεθαρμόσασθαι,
1309 1401 1358 1427 καὶ
1377 1400 1500 1436 μιμητὰς
1520 1401 1638 1436 ὀφθῆναι
1658 1402 1706 1429 τοῦ
1726 1403 1773 1429 διὰ
1792 1403 1843 1438 βά-

1043 1445 1105 1476 θους
1121 1445 1212 1472 αὐτῶν
1228 1446 1289 1477 ταῖς
1313 1445 1415 1481 ψυχαῖς
1431 1446 1467 1473 τὰ
1481 1446 1531 1481 τῆς
1543 1447 1644 1483 ἀρετῆς
1658 1448 1707 1474 καὶ
1720 1449 1771 1483 τῆς
1788 1450 1837 1483 ep.

1043 1490 1094 1526 θῆς
1120 1490 1249 1527 λατρείας
1272 1490 1477 1526 ἐγχαράξαντας
1501 1491 1637 1527 δόγματα.
1652 1493 1726 1529 Ἀρι
1752 1494 1842 1522 ταῦτα

1043 1538 1091 1565 καὶ
1109 1537 1144 1564 τὰ
1165 1538 1279 1564 τοιαῦτα
1295 1537 1380 1574 χωρὶς
1403 1537 1484 1572 λόγου
1506 1538 1555 1565 τοῦ
1581 1539 1771 1576 καθήκοντος;
1794 1542 1844 1568 καὶ

1042 1583 1085 1615 τίς
1110 1583 1144 1610 ἂν
1166 1583 1240 1619 αὐτῷ
1257 1582 1303 1610 τὸν
1329 1583 1392 1610 νοῦν
1409 1583 1606 1620 βαρὸαρίζοντι
1622 1587 1772 1622 προσεῖχε,
1794 1589 1845 1614 καὶ

1045 1629 1110 1665 μηδ’
1124 1630 1154 1656 ἐν
1169 1629 1266 1661 αὐταῖς
1278 1629 1368 1666 ὀρθῶς
1383 1631 1443 1662 ταῖς
1458 1632 1561 1665 φωναῖς
1585 1632 1756 1668 φερομένους
1779 1634 1844 1666 Πῶς

1043 1676 1066 1702 δ’
1081 1675 1129 1702 οὖν
1142 1675 1161 1702 ἃ.
1175 1675 1243 1711 μηδὲ
1258 1675 1349 1710 λέγειν
1361 1675 1429 1711 ᾔδει,
1444 1675 1534 1702 ταῦτα
1549 1679 1659 1712 φρονεῖν
1678 1678 1769 1712 ὀρθῶς
1786 1679 1845 1705 ἐδο-

1044 1721 1089 1755 ξεν
1104 1721 1228 1753 ἄλλοιςιι,
1262 1721 1328 1756 μήτι
1343 1729 1376 1755 γε
1397 1722 1445 1748 καὶ
1468 1723 1635 1756 συμφρονεῖν
1652 1722 1728 1758 αὐτῷ
1744 1724 1843 1750 πειθο-

1046 1768 1142 1802 μένους
1157 1764 1250 1802 εἷχεντ
1263 1774 1270 1799 ;
1291 1767 1372 1793 Ἀλλὰ
1393 1767 1473 1802 χάρις
1485 1767 1588 1794 ἄνωθεν
1603 1768 1733 1804 ἐνήργει·
1749 1769 1846 1803 κᾶγω-

1044 1812 1076 1846 γέ
1093 1821 1175 1848 φημι,
1199 1813 1310 1840 πάντων
1329 1813 1459 1848 μάλιστα,
1476 1814 1557 1849 χάρις
1569 1814 1685 1847 ἄνωθεν,
1700 1815 1732 1841 οὗ
1745 1815 1842 1850 τέχνη.

1045 1859 1082 1885 Τὸ
1100 1860 1151 1895 μὲν
1167 1859 1222 1895 γὰρ
1238 1860 1270 1886 ἑκ
1286 1860 1396 1895 τέχνης,
1421 1859 1592 1895 ἀνθρώπινον
1613 1862 1662 1888 καὶ
1682 1862 1775 1888 κοινόν
1787 1870 1794 1878 ’
1812 1864 1844 1888 τὴ

1043 1904 1071 1931 δὲ
1083 1906 1116 1932 ὲκ
1132 1905 1254 1941 χάριτος,
1267 1905 1394 1941 οὐράνιον
1418 1906 1466 1932 καὶ
1483 1906 1538 1933 τῶν
1558 1907 1726 1934 ἀποστόλων.
1752 1909 1844 1944 Χάρις

1044 1951 1173 1987 ἐνήργει·
1193 1951 1253 1979 ἀλλ’
1275 1952 1342 1979 αὐτό
1362 1961 1394 1987 γε
1410 1952 1491 1980 τοῦτο
1511 1953 1621 1987 πρῶτον
1638 1954 1793 1989 ὲνεργοῦσα
1811 1957 1846 1982 τὸ

1046 1997 1130 2032 μηδὲν
1154 1997 1240 2033 αὐτῆς
1266 1997 1378 2031 ἀνάξιον
1401 1998 1572 2033 φθέγγεσθαι
1593 1999 1657 2031 τοὺς
1685 2000 1842 2035 ὑπηρέτας.

1045 2042 1112 2070 οὐδὲ
1127 2043 1181 2079 γὰρ
1197 2043 1278 2070 τοῦτο
1293 2044 1457 2081 μικρότερον
1471 2045 1579 2079 ἐνάγειν
1594 2046 1657 2077 τοὺς
1672 2046 1845 2081 ἀνθεστηκό-

1044 2097 1095 2121 τας
1116 2089 1157 2121 εἰς
1178 2089 1356 2125 συναίσθησιν
1379 2090 1430 2126 τῆς
1450 2091 1630 2126 ἐνισχυούσης
1647 2092 1748 2123 αὐτοὺς
1767 2092 1844 2127 ἀμά-

1045 2143 1092 2170 χου
1107 2134 1261 2170 δυνάμεως.
1277 2136 1332 2162 Καὶ
1352 2136 1406 2172 γάρ
1425 2137 1478 2163 πού
1496 2145 1574 2172 φησι,
1593 2147 1601 2162 ι
1620 2137 1795 2172 Θεωροῦντες
1814 2139 1842 2164 δὲ

1044 2182 1068 2207 cl
1088 2181 1210 2208 Ἰουδαῖοι
1234 2181 1284 2217 τὴν
1299 2182 1346 2209 τοῦ
1371 2182 1475 2218 Πέτρου
1500 2183 1658 2219 παρρησίαν
1679 2182 1728 2209 καὶ
1748 2184 1843 2210 Ἰωάν-

1046 2235 1105 2254 νου.
1121 2237 1130 2253 ι
1147 2227 1247 2259 Ποίαν,
1263 2228 1279 2264 ἢ
1292 2229 1342 2264 τὴν
1358 2229 1387 2256 ἐν
1403 2228 1495 2263 λόγοις
1505 2228 1638 2264 δηλονότι.
1649 2229 1682 2255 δι’
1697 2226 1736 2256 ὦν
1748 2230 1844 2262 αὐτοῖς

1045 2274 1091 2300 καὶ
1101 2274 1151 2309 τὴν
1162 2274 1339 2309 ἀναίσχυντον
1349 2275 1486 2311 ἐρώτησιν
1499 2275 1700 2311 ἐπεστόμισαν;
1720 2275 1842 2310 Εἷτατίς

1048 2328 1057 2344 ι
1074 2319 1129 2346 Καὶ
1145 2320 1364 2355 καταλαϐόμενοι
1381 2321 1422 2348 ὅτι
1437 2321 1577 2357 ἄνθρωποι
1592 2323 1773 2358 ἀγράμματοί
1789 2325 1844 2350 εἰσι

1044 2366 1093 2392 καὶ
1114 2365 1229 2398 ἰδιῶται,
1245 2366 1410 2402 ἐθαύμαζον.
1431 2377 1440 2393 ι
1460 2367 1559 2399 ’Δλιεῖς
1576 2368 1684 2403 όρῶμεν
1699 2369 1778 2404 ἅλινοι
1792 2371 1844 2405 ῥή-

1045 2420 1126 2447 τορας
1142 2412 1328 2448 γραμμάτων,
1344 2413 1443 2448 τέχνην
1459 2414 1510 2440 οὺκ
1524 2413 1654 2449 ἔχοντας,
1679 2415 1728 2442 καὶ
1745 2416 1846 2450 σοφίαν

1043 2458 1158 2492 χειλέων
1173 2459 1352 2495 προχέοντας,
1366 2460 1399 2486 Τί
1414 2459 1509 2493 τοῦτος
1523 2459 1610 2487 Πόθεν
1621 2461 1714 2493 αὐτοῖς
1726 2462 1760 2488 τὰ
1772 2463 1845 2497 ὑπὲρ

1043 2504 1187 2540 ἄνθρωπον
1204 2505 1410 2542 παραγέγονεν;
1428 2506 1478 2532 Ἒν
1492 2507 1584 2541 ἴσμεν,
1596 2515 1605 2532 ι
1622 2506 1684 2533 Ὅτι
1697 2507 1737 2542 τῷ
1753 2508 1846 2543 Ἰησῖ)

1044 2550 1175 2586 συνῆσαν.
1194 2561 1203 2577 ι
1226 2551 1308 2588 Ὁρᾷς
1322 2552 1397 2583 ὅπως
1415 2552 1457 2583 εἰς
1480 2551 1572 2587 θαῦμα
1584 2552 1653 2584 τοὺς
1669 2553 1788 2589 ἐχθροὺς
1801 2556 1848 2580 oo-

1043 2597 1088 2623 δὲν
1112 2597 1224 2625 ἔλαττον
1240 2597 1288 2625 τοῦ
1312 2597 1388 2634 παρὰ
1414 2598 1501 2630 πόδας
1519 2600 1809 2636 τερατουργηθέντος,
1829 2602 1849 2637 ἠ

851 2737 968 2766 νΑῐὶΙίΕ
979 2738 1191 2770 'LECTIONES.

253 2812 262 2826 '
277 2807 321 2835 ἵσ.
345 2808 438 2837 αὐτόν.

490 2809 620 2848 ξὲσχισε.
760 2809 871 2848 ἔσχησε.

197 2841 231 2872 C.
245 2842 281 2871 Μ.
297 2843 397 2880 ἄλλοις.

453 2849 465 2866 '
486 2843 571 2881 ἔχειν.
585 2845 616 2874 C.
635 2844 671 2872 Μ.
688 2843 771 2882 εἶχεν.

932 2812 941 2830 ί
957 2810 1147 2849 λογικώτεροι.
1169 2814 1200 2843 G.
1215 2813 1346 2861 Mulcgit
1373 2817 1445 2853 quod
1467 2816 1547 2846 estin
1561 2820 1650 2845 textu.

1707 2822 1721 2837 ν
1734 2816 1850 2847 ἄλλως.
