1880 3057
100 129 143 162 581
580 133 630 164 AD
643 134 941 165 AMPHILOCHIUM
965 136 1138 172 QU/ESTIO
1158 137 1247 168 XCII.

1666 140 1719 171 582

99 186 147 213 τῶν
160 185 246 221 λόγων
263 177 338 222 laxi};
357 186 516 220 ἐξεκαλεῖτο
530 209 537 222 ,
553 190 602 217 καὶ
627 191 695 226 πρὸς
720 192 841 226 ὲπίγνωσ

969 201 1001 220 eo
1015 193 1158 229 antiquum
1173 202 1188 221 a
1205 195 1285 230 longe
1300 195 1410 222 obtenta
1427 199 1572 230 potestate,
1591 203 1638 231 per
1649 196 1711 223 idio-

98 231 169 268 εἰπερ
188 231 293 268 ἤθελον,
315 233 365 268 τῆς
378 234 509 270 ἀληθείας
531 236 723 270 προεϐίϐαζεν.
740 237 811 273 Ὅρα
831 239 879 264 καὶ

102 278 228 313 ἑτέρωθεν
245 280 284 311 εἰς
296 279 359 306 ὅσον
372 280 467 307 αὐτῶν.
475 281 611 309 ἐδεδίεσαν
626 283 657 309 τὸ
671 284 699 309 ὲν
713 283 803 318 λόγοις
815 284 878 319 κρά-

98 332 149 355 τος.
159 324 349 359 Παρήγγειλαν
360 326 453 358 αὐτοῖς
464 327 494 353 τὺ
501 327 562 354 καθ’
572 328 634 355 ὅλου
647 328 685 364 μὴ
698 329 877 364 φθέγγεσθαι.

101 369 132 396 Τί
145 370 248 404 λέγεις;
267 371 314 398 Ἂν
331 372 413 407 μόνον
434 373 511 409 χείλη
526 374 541 400 6
556 374 738 410 ἀγράμματος
761 375 877 411 κινήσῃ,

98 415 190 442 αὐτίκα
207 424 247 442 σοι
273 417 442 451 μεταπίπτει
460 410 495 446 τά
513 421 563 455 τῆς
585 420 675 456 δόξης,
691 421 739 447 καὶ
762 410 878 447 παλαιὸν

96 459 161 487 οὕτω
180 461 268 496 δόγμα
289 463 339 497 τῆς
366 465 475 500 μακρᾶς
503 465 682 500 ἐπικρατείας
699 467 877 500 ὑπεξίσταται

96 505 131 542 τῷ
152 505 243 544 ἰδιώτῃ
267 508 356 544 λόγῳο
377 510 425 537 καὶ
448 511 608 545 μεθίσταται
631 512 697 545 λαδς
722 513 791 548 πρὸς
816 513 878 540 νέαν

96 551 220 586 γλῶτταν,
236 555 251 581 6
265 555 425 588 Μωσαῖκοῖς
443 556 555 592 θεσμοῖς
570 559 808 595 ἐντεθραμμένος,
828 559 878 586 καὶ

97 596 141 634 ζῇν
159 600 204 626 καὶ
220 601 349 636 θνήσκειν
363 602 432 637 πρὸς
452 603 502 638 τὴν
516 603 631 631 ἐκείνων
645 605 812 641 ἀρχαιότητα
830 614 878 632 κε-

96 646 268 680 κροτημὲνος,
278 647 344 680 Ναὶ,
362 649 461 684 φησίν·
478 649 508 675 οὒ
525 649 580 685 γὰρ
593 650 715 677 ἰδιωτικὰ
727 651 742 677 6
757 651 878 687 ἰδιώτης,

95 690 156 718 ἀλλὰ
173 692 398 728 σοφίαςρήματα
415 694 564 729 φθέγγεται
575 704 582 711 ·
602 696 657 723 οὐδ’
669 697 707 729 ὼς
726 698 878 734 ἀγράμμα-

95 742 145 767 τος,
159 736 296 773 βάρϐαρα,
312 739 370 766 ἀλλ’
384 737 422 771 ὡς
435 740 478 767 διὰ
494 741 585 776 πάσης
600 742 698 777 τέχνης
715 742 816 776 ἐλάσας
831 752 878 770 κε-

95 782 264 817 χαριτωμένα
280 783 328 810 καὶ
342 782 463 820 εῠσημαο
473 785 532 812 ἔστι
543 795 586 817 τις
598 787 688 814 αὐτῶν
701 787 878 826 ἐγκαθημένη

94 826 144 857 τοῖς
165 826 284 861 χείλεσιν
304 825 424 863 ἔμφυτος
449 829 535 857 πειθὼ
548 851 555 864 ,
573 830 607 858 δι’
629 829 664 868 ἧς
681 832 728 860 καὶ
754 833 878 869 ρητόρων

95 870 162 905 ἔθνη,
185 873 233 898 καὶ
257 873 374 900 ἰδιωτῶν
396 874 505 909 ἀγέλαι,
528 875 624 913 ὥσπερ
645 877 754 913 δεσμοῖς
770 879 881 912 ἀλύτοις

93 915 206 950 δεθέντα,
223 918 294 953 πρὸς
315 919 346 945 τὸ
364 921 567 956 κηρυττόμενον
585 923 679 955 αὐτοῖς
695 924 815 951 ἕλκεται.
831 925 882 952 Διὰ

94 962 165 989 τοῦτο
188 963 358 998 φθέγγεσθαι
373 966 483 998 κωλύω,
498 967 539 994 ὅτι
562 967 684 1003 ῥήμασιν
700 969 800 1004 ὀλίγοις
815 971 881 998 πολ-

94 1007 150 1040 λοὺς
162 1010 284 1043 ἀφέντας
299 1011 334 1038 τὰ
350 1012 464 1048 πάτρια,
484 1013 600 1046 ἐκείνοις
610 1021 622 1035 ι
642 1015 699 1050 ὀρῶ
715 1017 880 1053 προσχωρή-

96 1058 199 1087 σαντας,
217 1057 260 1083 ὅτι
279 1058 328 1093 μιᾷ
344 1058 475 1091 πολλάκις
489 1060 596 1096 ὁμιλίᾳ,
611 1061 659 1088 καὶ
672 1062 734 1093 τοὺς
753 1062 801 1089 σὺν
815 1064 881 1098 ἡμῖν

95 1100 216 1128 ἑκάστοτε
230 1104 292 1129 κατ’
311 1104 403 1131 αὐτῶν
417 1105 580 1141 ἱσταμένους
597 1107 644 1133 καί
658 1107 882 1143 πολεμιωτάτους

94 1145 178 1178 ὄντας,
193 1147 242 1174 νῦν
268 1147 398 1184 ὑπηκόων
419 1149 475 1184 ἔχει
492 1151 539 1178 καὶ
556 1151 686 1187 μαθητῶν
702 1153 881 1188 εὐγνωμόνων

94 1192 173 1225 τάξις.
190 1194 278 1221 Τοῦτό
299 1203 334 1230 με
350 1197 430 1232 σιγᾷν
451 1197 548 1229 αὐτοὺς
565 1199 721 1226 ἐπιτάττειν
740 1200 882 1235 περιίστη-

96 1244 133 1264 σιν
150 1239 189 1270 εἰς
203 1239 329 1275 ἀνάγκην
340 1248 347 1255 '
369 1241 414 1268 διὰ
430 1242 510 1269 τοῦτο
531 1244 599 1279 μηδὲ
617 1244 705 1280 στόμα
723 1244 812 1281 αἴρειν
830 1245 880 1272 οὐκ

95 1284 236 1319 ἐπιτρέπω,
258 1286 303 1313 διὰ
317 1286 366 1322 τὴν
383 1288 412 1313 ὲν
434 1287 524 1323 λόγοις
541 1290 710 1325 παρρησίαν,
728 1292 778 1326 τὴν
791 1292 879 1327 ἰσχὺν,

93 1329 138 1365 τὴν
153 1331 272 1366 ἔμφυτον
286 1332 479 1368 πειθανὸτητα.
496 1334 565 1365 ’Ἱδές
579 1335 644 1366 τοὺς
662 1336 807 1369 Ἰουδαίους
819 1337 881 1364 ὅσον

94 1375 107 1402 6
118 1375 276 1409 διδάσκαλος
292 1377 348 1404 τῶν
362 1379 520 1406 ἀποστόλων
535 1380 614 1415 λόγος
631 1382 817 1417 ὑποπτήσσειν
834 1385 881 1412 καὶ

95 1422 318 1459 καταπεπλῆχθαι
348 1426 564 1460 παρεσκεύαζει
589 1428 677 1454 καίτοι
705 1428 806 1465 Παύλῳ
829 1437 880 1456 πε-

95 1468 247 1504 ρισσότερον
261 1471 278 1506 ή
293 1470 406 1506 τοιαύτη
419 1473 626 1509 περιήστρατι-ιε
644 1474 734 1510 χάρις.
746 1475 840 1503 Βούλει
851 1476 880 1503 δέ

96 1516 135 1539 σοι
147 1513 192 1540 τὸν
200 1516 357 1553 ριορυφαῑον
369 1515 498 1551 καλῶμεν
514 1517 641 1553 μάρτυρα
654 1519 704 1554 τῆς
715 1519 830 1556 ἐνούσης
841 1521 880 1556 τῷ

932 242 975 265 tm.
986 245 1140 266 sermonem
1161 241 1337 267 deturbatur?
1357 245 1384 268 et
1399 241 1517 276 populus
1530 241 1658 270 Mosaicis
1675 242 1717 268 in-

933 284 1035 311 stitutis
1055 283 1204 312 innutritus
1217 306 1224 318 ,
1244 287 1347 321 quique
1362 287 1454 314 vivere
1475 292 1502 315 et
1522 288 1592 315 mori
1619 296 1719 316 secun-

932 329 997 356 dum
1023 337 1118 363 eorum
1141 331 1332 366 antiquitatem
1355 333 1543 368 gloriabatur,
1565 335 1598 362 ad
1621 343 1718 362 novatn

932 373 1053 409 linguam
1083 376 1240 412 transfugit.
1276 377 1419 406 Omnino:
1444 387 1498 406 non
1527 380 1600 408 enim
1634 381 1717 408 idiota

933 418 1042 447 idiotiee
1062 420 1199 456 loquitur,
1218 423 1265 451 sed
1282 424 1424 459 sapientia:
1440 426 1540 458 verba;
1565 426 1615 453 nec
1632 431 1662 453 ut
1685 427 1720 453 il-

932 465 1056 494 literatus
1072 466 1188 496 barbare
1204 469 1335 505 loquitur,
1360 470 1406 498 sed
1425 475 1452 498 ut
1478 472 1524 506 qui
1550 480 1597 506 per
1622 481 1719 500 (Illtllt‘S

931 517 1004 539 artes
1025 514 1134 547 meavit,
1152 516 1273 550 gratioso
1291 521 1318 543 et
1334 516 1406 543 facili
1423 516 1558 544 intellectu
1575 526 1582 545 :
1600 526 1718 552 quorum

933 557 1017 585 labris
1038 559 1137 586 insidet
1157 560 1291 588 naturalis
1307 562 1432 595 quardam
1451 561 1536 589 πειθὼ
1553 565 1612 598 (aut
1628 573 1720 592 διιοηιε

932 601 1059 638 medulla)
1072 608 1099 630 et
1115 604 1255 632 rhetorum
1272 610 1376 639 gentes,
1399 614 1431 632 ac
1450 605 1596 634 idiotarum
1614 616 1720 644 greges.

931 649 1048 677 vinculis
1073 649 1148 677 velut
1170 650 1362 679 insolubilibus
1394 653 1557 684 constricti.
1580 653 1613 680 ad
1642 654 1720 686 illud,

931 694 1005 730 quod
1020 694 1087 730 ipsis
1101 697 1290 730 annuntiatur,
1303 698 1458 725 trahuntur.
1469 698 1509 724 0b
1520 699 1571 726 hoc
1585 694 1668 734 igitur
1677 699 1721 727 di-

932 747 994 768 cere
1020 749 1082 768 eum
1102 742 1253 777 prohibeo,
1271 743 1345 778 quod
1360 745 1536 778 paucissimis
1551 745 1656 778 verbis,
1676 752 1723 773 re-

933 785 1006 814 lictis
1023 788 1120 822 patriis
1134 788 1256 816 moribus
1279 789 1381 816 mullos
1400 789 1479 816 video
1496 789 1529 816 ad
1545 798 1592 818 eos
1611 798 1640 818 se
1653 798 1723 818 con-

933 830 1022 864 ferre,
1045 832 1083 860 ita
1103 838 1133 861 ut
1152 835 1233 862 unico
1254 834 1390 862 interdum
1408 831 1575 871 congressu,
1599 837 1724 864 subdito-

897 874 919 904 B
934 886 995 906 rum
1012 879 1102 907 locum
1127 885 1153 907 et
1170 881 1368 916 discipulorum
1390 884 1556 918 optimorum
1581 884 1722 918 impleant,

934 925 980 960 qui
1003 925 1172 953 infestissimi
1195 927 1271 962 prius
1300 928 1375 962 ipsos
1403 929 1632 956 circumstabant.
1660 929 1723 958 llarc

933 978 978 997 me
996 971 1159 998 necessitate
1178 979 1211 999 eo
1226 972 1360 1006 adigunt,
1382 979 1410 1000 ut
1431 975 1568 1001 silentium
1588 975 1654 1010 ipsis
1669 976 1722 1003 im-

934 1023 1034 1051 ponant
1054 1025 1061 1043 2
1080 1025 1110 1043 ea
1128 1020 1238 1053 propter
1261 1027 1314 1045 non
1331 1021 1475 1053 permitto,
1497 1021 1537 1047 vel
1558 1028 1588 1047 os
1603 1022 1721 1056 aperire,

933 1060 997 1095 quia
1014 1061 1067 1087 vim
1082 1061 1188 1088 dicendi
1205 1062 1315 1089 liberam
1330 1084 1336 1096 ,
1355 1068 1381 1091 et
1405 1065 1518 1100 gratiam
1540 1066 1721 1100 persuadendi

934 1104 1113 1132 inhaerentem
1139 1105 1266 1134 habeant.
1288 1106 1369 1134 Vides
1383 1113 1516 1142 quantutn
1539 1109 1722 1138 didasralicus

939 1150 1126 1185 apostolorum
1143 1159 1233 1178 sermo
1245 1151 1354 1180 Judatos
1375 1157 1478 1181 terrore.
1497 1159 1523 1181 et
1540 1161 1612 1181 mrtu
1631 1156 1722 1190 reple-

936 1195 1026 1227 verit,
1045 1195 1091 1230 qui
1112 1200 1202 1223 tatncn
1219 1197 1332 1224 Paulum
1353 1199 1539 1226 abundantius
1559 1201 1722 1227 circumful-

934 1241 1023 1276 gebat.
1037 1241 1127 1269 Unum
1142 1242 1195 1269 huc
1205 1247 1300 1270 testem
1313 1245 1422 1271 citatum
1432 1245 1526 1272 sistam
1537 1247 1722 1282 coryphaeum,

934 1286 1077 1321 sapientiae
1097 1295 1159 1322 quae
1174 1287 1259 1316 Paulo
1274 1289 1371 1317 inerat.
1389 1299 1398 1316 ι
1417 1290 1663 1325 Quemadmodum,
1681 1293 1722 1319 in-
1755 1288 1761 1294 ’

934 1332 994 1364 quit
1010 1331 1107 1360 Petrus
1121 1353 1128 1365 ,
1147 1334 1231 1361 frater
1249 1339 1341 1362 noster
1355 1335 1456 1363 Paulus
1472 1356 1480 1370 ,
1494 1337 1572 1372 juxta
1586 1337 1638 1372 ipsi
1655 1345 1723 1365 con-

933 1385 1038 1406 cessam
1061 1379 1242 1415 sapientiam,
1257 1382 1406 1416 scripsit".
1431 1383 1464 1410 Et
1484 1383 1578 1417 scivit,
1598 1389 1624 1412 et
1640 1392 1724 1419 agno-

930 1423 973 1462 vit
1004 1424 1168 1459 sapientiam
1198 1425 1293 1459 Pauli,
1326 1427 1373 1454 Dei
1403 1427 1487 1455 fuisse
1515 1429 1627 1456 donum.
1652 1428 1722 1457 'l‘um

935 1470 1019 1498 veluti
1036 1472 1216 1504 canonizans,
1231 1478 1259 1500 et
1275 1473 1348 1500 omni
1365 1474 1503 1509 prmeoaio
1517 1475 1642 1508 efferens,
1659 1484 1724 1510 pro-

935 1516 1098 1545 funditatem
1115 1524 1143 1545 et
1159 1518 1323 1547 densitatem
1341 1520 1428 1555 ipsius
1444 1527 1614 1554 sermonum,
1631 1522 1722 1550 addit:

95 1558 166 1604 ᾅνδρὶ
188 1551 305 1596 emptae;
333 1570 344 1588 ι
358 1563 477 1597 Καθὼς,
501 1551 637 1600 φησλνίό
661 1551 779 1601 ἁδελφὸς

977 1573 980 1590 ι
992 1563 1095 1598 quibus
1104 1569 1169 1592 sunt
1180 1566 1304 1600 quaedam
1319 1551 1390 1594 haud
1403 1567 1483 1595 facile
1494 1551 1719 1602 intelligenda”.n

96 1603 194 1640 Παῦλος
219 1609 295 1636 κατὰ
309 1609 359 1645 τὴν
377 1610 502 1637 δοθεῖσαν
521 1611 596 1648 αὐτῷ
610 1613 708 1648 σοφίαν
731 1614 850 1650 ἔγραψε·
866 1624 876 1641 ι

95 1651 172 1688 ἆῦρον
197 1654 273 1682 θεῖον
291 1655 342 1692 τὴν
366 1656 473 1683 Παύλου
488 1657 586 1692 σοφίαν
599 1659 646 1685 καὶ
661 1658 741 1691 εἰδὼς
758 1660 806 1686 καὶ
822 1660 880 1687 δια-

97 1701 307 1736 μαρτυρόμενος.
323 1699 400 1735 Εἶτα,
419 1703 466 1730 καὶ
488 1703 519 1730 τὺ
540 1704 611 1739 βαθὺ
637 1705 807 1733 καὶ-πυκνὸν
825 1707 880 1734 τῶν

95 1747 291 1782 γεγραμμένων
313 1745 370 1774 οἷον
395 1749 569 1781 ἁποθειάζων
596 1750 643 1777 καὶ
667 1749 878 1786 ὲξυμνούμενος,

99 1798 108 1816 ι
122 1789 162 1817 Ἑν
175 1789 214 1823 οἷς
229 1792 302 1826 ἐστι,
314 1793 391 1828 φησὶ,
402 1793 538 1829 δυσνόητά
548 1803 636 1822 τινα.)
647 1795 764 1822 Ὠσανεί·
780 1797 880 1830 Φρενδς

96 1836 176 1869 ὀξείας
191 1837 290 1871 δεῖται,
315 1839 404 1874 ῥοπῆς
427 1839 515 1871 θείας,
541 1841 633 1874 σοφῶν
656 1841 797 1876 μαθητῶν,
819 1851 881 1869 συν-

97 1881 172 1911 έσεως
187 1882 336 1918 σταθερᾶς,
352 1885 366 1911 6
379 1884 434 1911 τῶν
450 1886 624 1921 γραμμάτων
641 1886 748 1914 Παύλου
766 1889 878 1924 θεωρός.

96 1927 139 1954 Διὰ
148 1929 225 1956 τοῦτο
237 1930 264 1956 οἰ
279 1930 397 1966 ἀμαθεῖς
408 1931 456 1958 καὶ
470 1933 642 1968 ἀστήρικτοι,
654 1934 729 1973 ,πρὸς
739 1935 777 1970 τῷ
794 1935 880 1970 μηδὲν

95 1974 239 2008 κερδαίνειν
262 1977 310 2003 καὶ
333 1978 404 2011 σφᾶς
427 1977 527 2010 αὐτοὺς
544 1977 770 2014 διασφάλλοντες,
798 1988 881 2018 προσ-

96 2019 264 2049 απόλλυνται.
282 2023 313 2049 Εἰ
326 2021 355 2049 δὲ
371 2022 420 2050 καλ¹
432 2024 573 2058 γλωσσῶν,
595 2027 609 2052 6
622 2026 738 2060 Παῦλος,
757 2025 801 2060 αἶς
817 2028 880 2063 μηδ’

95 2065 236 2102 ινείθιστο,
259 2068 321 2104 μηδ’
336 2069 376 2101 εἰς
391 2069 476 2105 ἀκοῆς
494 2071 593 2105 ἀφῖκτο
609 2074 717 2108 πεῖραν,
735 2073 784 2109 τὴν
799 2074 880 2109 χάριν

95 2112 230 2141 ἐπλούτει·
255 2115 308 2142 κάν
331 2115 456 2149 ταύταις,
481 2118 570 2145 οὐδενὶ
593 2118 648 2145 τῶν
670 2120 814 2155 πρωτείων
836 2118 880 2154 ἑξ-

98 2157 198 2187 ίστατο·
216 2170 226 2187 ι
248 2161 409 2197 Εὐχαριστῶ
427 2162 482 2199 γὰρ
497 2163 537 2200 τῷ
550 2164 610 2200 Θεῷ
627 2174 690 2201 μου,
714 2167 797 2201 φησὶ.
814 2167 880 2194 πάνυ

95 2210 143 2233 των
157 2207 260 2242 μᾶλλον
279 2208 417 2242 γλώσσαις
429 2208 518 2237 λαλῶν
530 2218 538 2226 ”
552 2220 563 2237 ι
589 2212 614 2238 εἰ
636 2212 727 2239 τοίνυν
750 2214 801 2240 κάν
822 2215 877 2245 τοῖς

96 2250 215 2286 ὲκφύλοις
238 2254 376 2288 γλώσσαις
391 2255 499 2290 ἄμαχον
517 2253 575 2291 εἶχε
588 2256 619 2282 τδ
640 2258 751 2292 κράτος,
768 2258 818 2292 τῆς
832 2260 878 2286 τοῦ

97 2297 247 2333 [ινεύματος
255 2301 337 2327 αὐτὸν
346 2300 510 2336 σοφιζούσης
519 2302 640 2334 ἐπινοίας
649 2307 673 2334 1,
688 2304 747 2335 πῶς
756 2303 789 2331 ἂν
798 2305 881 2332 αὑτὸν

95 2343 256 2382 διαφθείρειν
270 2346 349 2382 λόγος
362 2348 409 2374 καὶ
430 2348 491 2375 τότε
514 2346 599 2376 οὖσαν
612 2348 695 2376 έθάδα
706 2349 810 2384 δέξαιτο
831 2351 881 2387 τὴν

99 2387 221 2418 Ἐλλάδα⁸
239 2393 287 2419 καὶ
302 2391 336 2420 δι’
352 2390 390 2420 ὧν
409 2393 524 2426 πολλοὺς
545 2394 658 2430 ἔμελλον
681 2397 721 2428 εἰς
740 2396 881 2424 εὐσέϐειαν

97 2435 225 2471 αἱρήσειν,
251 2439 280 2466 ἐν
301 2439 415 2471 ταύταις
441 2439 471 2467 τὸ
490 2440 628 2476 ἀριστεῖον
644 2441 732 2478 ἔχειν’
754 2441 789 2469 δι’
804 2440 838 2478 ἧς
853 2443 882 2470 δὲ

97 2481 183 2516 σχεδὸν
214 2484 339 2516 ἅπαντας
373 2485 557 2522 ἀνθρώπους,
587 2487 616 2513 ὲν
644 2487 732 2525 ταύτῃ
764 2487 882 2522 γέλωτος

98 2528 180 2555 αἰτίαν
192 2530 240 2557 καὶ
252 2530 352 2567 χλεύης
368 2532 516 2568 παρέχεινς
536 2533 583 2560 καὶ
601 2533 654 2568 μὴν
672 2535 720 2569 οὐχ
739 2534 825 2567 οὕτως
839 2535 882 2561 εὐ-

99 2573 174 2609 χερὴς
188 2576 227 2606 είς
241 2575 347 2611 λόγους,
363 2577 425 2604 οὐδὲ
445 2579 503 2610 τοῖς
524 2578 631 2614 ἐχθροῖς
649 2579 800 2614 ἐνομίζετο,
821 2580 839 2607 ἃ
854 2580 882 2607 δὲ

99 2619 148 2650 τοῖς
165 2620 269 2656 ἐχθροῖς
295 2623 335 2654 εἰς
350 2622 461 2650 ἔπαινον
478 2624 531 2660 ὁρᾷ
549 2623 716 2660 μαρτυρίας,
734 2625 784 2651 οὐκ
804 2625 879 2652 ἐστιν

133 2697 154 2713 ⁸⁸
166 2698 198 2727 ll.
212 2700 284 2729 Petr.
297 2708 339 2730 III.
362 2701 406 2729 15.
444 2701 466 2718 ¹⁵
479 2701 548 2730 lbid.
571 2702 614 2730 16.
646 2703 668 2719 ⁸⁸
683 2703 704 2731 Ι.
724 2702 788 2730 Cor.
803 2711 860 2736 xw,
878 2703 921 2730 l8.

934 1608 1017 1642 Quasi
1034 1611 1159 1642 diceret,
1180 1611 1274 1639 animo
1294 1619 1363 1647 opus
1386 1616 1429 1640 est
1447 1611 1528 1640 celeri
1548 1614 1724 1641 inclinatione

933 1655 1036 1689 divina,
1055 1657 1197 1692 discipulis
1210 1658 1427 1694 intelligentibus
1438 1679 1445 1692 ,
1461 1659 1605 1693 prudentia
1619 1655 1722 1692 st'abili,

933 1701 955 1729 si
969 1703 1031 1737 quis
1049 1703 1142 1731 rimari
1158 1712 1188 1731 ea
1203 1704 1287 1737 velit,
1303 1713 1364 1741 qua:
1378 1706 1491 1741 scripsit
1509 1706 1622 1735 Paulus.
1649 1707 1724 1741 Quu-

933 1748 1007 1776 circa
1024 1749 1148 1778 inductos
1163 1755 1189 1778 et
1205 1749 1356 1785 instabiles,
1373 1759 1435 1779 cum
1453 1753 1519 1780 nihil
1531 1753 1666 1788 ejusmodi
1678 1761 1724 1781 ac-

933 1794 1054 1828 quirant,
1074 1795 1179 1829 seipsos
1195 1796 1351 1832 decipiunt,
1368 1803 1396 1825 et
1410 1805 1458 1833 per
1476 1799 1582 1826 ruinam
1597 1805 1723 1833 pereunt.

935 1839 963 1866 Si
979 1839 1135 1875 linguarum
1154 1842 1271 1877 requiris
1286 1843 1441 1878 scientiam,
1456 1841 1558 1873 Paulus
1575 1843 1619 1872 illa
1636 1847 1723 1880 gratia

934 1886 1085 1914 ornabatur
1108 1893 1114 1914 :
1131 1888 1214 1915 etiam
1235 1886 1262 1916 in
1289 1889 1322 1916 ils
1339 1889 1438 1925 quibus
1460 1898 1512 1918 nec
1528 1891 1722 1920 assuefecerat.

934 1939 985 1959 nec
1007 1938 1069 1967 qua:
1089 1933 1172 1960 fando
1186 1941 1330 1970 acceperat
1353 1944 1361 1963 :
1381 1934 1523 1970 «Gratias,
1540 1937 1646 1973 inquit,
1669 1937 1724 1966 Deo

935 1986 995 2005 meo
1010 1986 1071 2014 ago,
1090 1978 1191 2015 linguis
1206 1979 1292 2016 magis
1306 1983 1434 2014 omnibus
1451 1982 1549 2018 loquor
1561 1983 1609 2011 ".n
1630 1984 1657 2011 Si
1675 1984 1724 2021 igi-

934 2029 1093 2052 turtantam
1105 2026 1223 2054 habebat
1236 2027 1391 2055 facultatem
1407 2029 1433 2056 in
1448 2029 1547 2064 linguis
1560 2028 1723 2066 peregrinis,

934 2071 997 2098 dum
1007 2070 1125 2106 Spiritus
1134 2072 1224 2099 afflatu
1237 2073 1428 2108 instrueretur,
1440 2073 1578 2110 quomodo
1589 2076 1630 2104 vel
1642 2076 1724 2104 ratio-

934 2118 1061 2146 nabiliter
1073 2119 1186 2154 cogitari
1196 2120 1307 2155 poterit,
1325 2128 1388 2148 eum
1402 2121 1524 2158 linguam
1538 2124 1723 2156 Vernaculam,

933 2169 995 2200 qua:
1018 2164 1110 2193 Grieca
1127 2165 1226 2199 fuerat,
1242 2167 1400 2202 corrupisse
1416 2177 1423 2196 :
1441 2173 1471 2196 ut
1494 2170 1522 2197 in
1537 2170 1638 2205 quibus
1652 2170 1723 2198 haud

934 2218 999 2239 sane
1015 2211 1115 2239 multos
1131 2211 1259 2240 inducere
1276 2218 1382 2248 poterat
1392 2214 1424 2242 ad
1440 2216 1578 2250 pietatem,
1597 2216 1632 2243 ibi
1649 2216 1724 2251 prin-

934 2259 1054 2294 cipatum
1070 2260 1225 2287 obtineret:
1255 2261 1300 2288 ubi
1318 2269 1382 2288 vero
1408 2269 1504 2290 omnes
1516 2261 1572 2290 fere
1599 2263 1724 2292 homines

935 2308 1106 2337 convertere,
1125 2304 1160 2332 ibi
1179 2304 1251 2333 risus
1275 2309 1302 2332 et
1326 2303 1463 2333 lrrisionis
1478 2307 1619 2334 materiem
1646 2309 1726 2334 exhi-

935 2350 1022 2378 beret.
1037 2348 1165 2384 Omnino,
1192 2358 1226 2378 ne
1239 2352 1347 2384 quidem
1370 2352 1404 2378 ab
1422 2351 1541 2380 inimicis
1567 2353 1626 2381 suis
1652 2353 1724 2380 hau.l

934 2396 971 2423 ita
994 2404 1121 2424 sermone
1135 2398 1350 2433 contemptibilis
1376 2398 1537 2426 habebatur.
1554 2398 1620 2431 Qua:
1633 2404 1724 2426 autem

934 2443 1070 2477 quispiam
1099 2442 1252 2471 intuebitur
1271 2444 1297 2470 in
1324 2444 1431 2472 laudem
1459 2444 1580 2480 martyrii
1602 2444 1725 2476 tendere.

935 2495 990 2514 non
1006 2492 1047 2515 cst
1077 2495 1126 2515 cur
1146 2486 1245 2524 aliquis
1273 2489 1401 2522 declinet,
1429 2490 1492 2517 licet
1524 2497 1638 2524 magnos
1673 2490 1727 2518 sibi

937 2538 1062 2560 assumat
1086 2533 1209 2568 spiritus,
1223 2527 1249 2561 et
1263 2543 1311 2569 per
1325 2535 1417 2562 omnia
1433 2535 1498 2563 velit
1524 2543 1587 2563 esse
1610 2540 1726 2563 conten-

940 2579 1029 2606 tiosus
1045 2588 1052 2606 :
1067 2584 1094 2606 et
1118 2579 1162 2607 hic
1185 2589 1277 2608 meum
1296 2581 1356 2608 vide
1383 2582 1571 2609 testimonium
1589 2591 1595 2609 :
1610 2581 1726 2609 Sitieliat

934 2625 1011 2653 l’auli
1028 2627 1188 2662 sanguinem
1204 2625 1361 2655 Julia-orum
1371 2627 1446 2655 natio
1460 2637 1467 2655 :
1488 2629 1533 2657 ille
1553 2628 1655 2656 lumine
1670 2635 1727 2656 cte-

742 2778 860 2807 V‘ARl/E
876 2779 1084 2809 LECTlONES-

149 2848 163 2864 ⁸
181 2822 288 2883 ἐκείνῳ.
305 2846 336 2876 C.
352 2847 387 2875 ill.
405 2846 531 2880 ἐκείνοις.
587 2851 602 2872 γ
620 2847 772 2881 ἐπιπνοίας.
790 2848 821 2878 C.
839 2848 873 2877 lli.
891 2849 1024 2882 ἐπινοίας.
