1880 3057
150 140 204 173 583

150 196 211 225 testi
228 196 406 224 collustratns
423 200 496 224 totus
519 196 685 225 transfertur
712 197 746 225 ad
770 205 833 225 eum
856 205 938 232 quem
955 199 978 228 Α

149 243 393 278 persequebantur.
409 241 486 270 Tunc
504 250 593 270 autem
609 243 744 278 imprimis
756 248 783 271 et
801 243 939 276 sitiebant,

150 293 178 316 et
199 289 227 316 in
243 289 427 325 voluntarium
441 289 622 317 homicidium
638 290 866 320 incendebantur,
876 296 940 315 cum

151 329 272 369 ipsorum
287 334 431 371 Synagoga
450 343 551 362 vacuas
576 332 651 363 illius
665 335 819 363 reddiderat
844 334 941 370 pra-di-

151 380 284 408 cutiones.
309 380 398 408 Omne
423 380 570 408 movebant
601 381 843 416 sycophantiarum
872 381 941 408 arti-

127 434 131 461 ι
151 426 254 458 licium,
275 433 371 453 omnes
394 426 535 453 machinas
561 426 749 453 admoverant.
766 426 824 453 Non
841 426 941 452 lanceis

151 476 257 499 tantum
274 473 417 507 argenteis,
435 472 507 506 quod
521 471 631 505 dicitur,
649 480 692 499 res
709 473 864 507 gerebatur,
891 472 940 499 sed

151 517 370 548 mendaciorum,
386 517 558 549 insidiarum,
587 517 645 548 iraa,
669 517 791 544 audaciae
812 517 898 552 copiis
913 517 940 544 in

151 563 254 591 eadem
264 563 347 594 illius,
359 563 720 596 contribulesannabantur,
730 563 799 590 adeo
810 569 838 590 ut
846 571 942 590 manus

151 609 284 636 traherent
303 612 427 635 rorantes
442 608 477 635 ab
488 609 546 643 ipso
567 608 696 644 ﬂagrante
716 609 860 636 maleficio.
872 608 941 636 Cum

152 661 217 680 vero
230 653 330 680 frustra
346 653 421 687 ipsos
429 654 596 681 exsultantes
606 659 631 680 et
643 654 802 688 gaudentes,
817 662 879 689 spes
893 655 941 682 de-

153 703 255 727 sereret
271 699 412 734 (nimirum
427 699 474 726 ille
498 700 600 726 athleta
627 707 674 734 per
703 707 768 727 suas
792 700 940 736 apologias,

151 752 248 772 omnes
270 745 393 771 omnium
419 745 641 772 machinationes
668 745 842 778 discutiebat,
866 750 892 772 et
908 745 942 772 ad

151 796 306 819 extremum
323 798 370 825 per
399 791 536 818 sermonis
564 790 720 817 facultatem
743 791 942 818 irrcsistibilcm

152 839 324 874 dejiciebat),
352 846 414 866 cum
445 839 590 870 hmrerrnt,
623 844 760 866 oratorem
795 839 941 873 quemdam

151 885 369 917 mercenarium,
383 884 430 919 qui
448 884 601 911 calumnias
621 885 738 911 consilio
757 893 808 912 suo
825 884 939 917 foveret,
959 870 980 899 Β

151 931 352 958 conduCebant.
378 929 566 965 Opinabantur
585 931 657 957 enim
676 938 753 957 reum
779 935 807 957 ct
824 939 940 964 accusa-

152 982 220 1008 tum,
237 980 377 1011 utcunque
405 976 479 1003 onmi
497 977 610 1004 omnino
632 977 712 1012 culpa
728 982 844 1010 careret,
867 978 941 1005 illius

150 1027 224 1049 artes
237 1026 265 1048 et
280 1021 413 1049 orationis
442 1022 578 1049 versutias
596 1030 649 1049 non
677 1030 836 1056 erasurum,
861 1023 942 1058 idque

149 1067 304 1095 indubitato
330 1067 464 1095 futurum.
490 1067 591 1096 Verum
621 1069 731 1104 sapiens
754 1069 799 1097 ille
827 1069 941 1103 Paulus,

150 1118 244 1149 utpote
258 1113 305 1148 qui
326 1113 418 1141 divina
445 1113 560 1141 callebat
581 1119 609 1141 ct
627 1114 758 1148 humana,
777 1116 824 1151 qui
847 1121 942 1143 contra

149 1159 275 1186 mercede
292 1159 458 1186 conductum
480 1159 627 1187 artiﬁciose
646 1161 793 1188 accusabat
810 1169 857 1196 per
871 1161 943 1188 divi-

149 1205 223 1232 nitus
251 1204 451 1239 suppeditatam
478 1206 651 1240 prudentiam
683 1212 711 1234 et
741 1208 877 1241 gratiam,
906 1207 943 1235 ita

100 1264 106 1269 -
148 1251 272 1278 oratione
287 1251 479 1281 contendebat,
498 1256 527 1278 ut
544 1251 620 1279 illum
632 1253 788 1287 repelleret,
801 1258 828 1281 et
844 1253 945 1281 rubore

149 1296 328 1329 sntfunderet,
348 1303 410 1323 cum
434 1304 483 1324 sua
500 1301 558 1324 arte
573 1297 620 1332 qui
646 1298 734 1333 pretio
747 1304 867 1334 accepto.
885 1307 945 1334 per-

149 1342 312 1376 sequebatur
333 1350 341 1375 ;
367 1342 521 1376 pontifices,
544 1344 712 1376 sacerdotes,
743 1345 811 1372 alios
840 1346 888 1380 qui
916 1345 944 1373 in

149 1387 250 1415 caulem
271 1386 332 1422 ejus
350 1387 586 1422 conspiraverant,
605 1389 738 1417 attonitos
760 1390 894 1423 redderet,
918 1394 946 1418 et

149 1433 291 1461 intricaret
307 1442 316 1467 ;
335 1434 370 1461 ita
392 1438 421 1461 ut
441 1441 494 1462 non
515 1434 604 1462 solum
621 1435 696 1470 ipsos
711 1435 794 1470 hujus
813 1444 870 1464 sua:
884 1445 946 1464 mo-

149 1479 254 1507 litionis
271 1479 426 1514 pteniteret,
451 1481 499 1508 sed
516 1485 544 1508 et
563 1481 713 1513 silentium,
730 1482 771 1509 vel
788 1482 948 1511 eﬂ'cratissi-

150 1525 214 1555 mis,
235 1524 315 1571 quasi
335 1532 443 1571 ptenam
464 1526 673 1571 quamdamper
696 1527 833 1571 biennium
856 1528 980 1570 impo-C

149 1572 245 1594 nerent
267 1567 348 1602 (l9).
370 1568 452 1596 Vides
475 1573 504 1596 ut
525 1570 727 1599 infensissintos
747 1567 829 1599 etiam
849 1577 943 1601 contra

150 1613 318 1641 voluntatem
336 1614 416 1642 istius
445 1616 556 1643 athleta:
583 1616 610 1643 in
630 1617 747 1648 dicendo
770 1618 888 1647 facultas
909 1619 944 1647 ad

149 1658 295 1686 dicendum
312 1659 419 1694 impulit
440 1661 639 1693 testimonium,
655 1662 727 1697 quod
748 1663 877 1690 nimirum
897 1671 942 1691 sa-

151 1704 253 1739 pientia
280 1704 368 1737 Pauli,
390 1706 462 1740 apud
487 1707 579 1734 hostes
600 1707 718 1735 maxime
745 1708 886 1743 capitales,
914 1716 944 1736 re

151 1755 178 1778 et
195 1751 280 1778 verbo
308 1751 497 1787 pradicatur:
518 1753 589 1781 unde
609 1755 645 1780 ab
663 1753 778 1783 initiatis
804 1755 942 1791 religioni,

150 1796 210 1823 sine
241 1795 460 1825 contradictione
486 1798 552 1830 ulla,
576 1798 754 1827 meritissime
780 1799 942 1828 honoratur.

148 1841 211 1869 Noli
226 1846 316 1869 autem
333 1847 430 1878 putare
446 1851 489 1870 me
503 1845 639 1873 sermonis
660 1845 824 1881 sapientiam
843 1846 944 1873 intelli-

150 1896 225 1923 gere,
238 1888 346 1916 dicendi
366 1888 440 1917 illam
458 1889 627 1924 facultatem,
645 1899 707 1926 quae
727 1892 861 1928 superﬂua
873 1900 942 1927 qua-

150 1935 212 1961 dam
240 1935 413 1968 curiositate,
440 1937 588 1970 supercilio
608 1944 750 1972 pomposo,
765 1937 940 1970 calamistris,

150 1979 401 2008 medicamentis-et
421 1980 546 2014 floribus,
566 1982 676 2010 insitam
697 1983 804 2012 dicendi
823 1984 943 2019 pulchri-

151 2025 272 2052 tudinem
297 2026 444 2060 adulterat,
460 2031 487 2054 et
503 2027 643 2056 coloribus
661 2029 826 2063 quibusdam
848 2037 942 2065 supcr-
958 2038 982 2067 ι)

151 2071 283 2104 inductis,
303 2072 408 2106 puerile
419 2073 493 2107 quod
509 2078 550 2100 est
569 2079 596 2101 et
609 2074 729 2108 clumbe,
747 2074 780 2102 ad
798 2083 828 2102 se
840 2076 941 2103 trahit:

151 2124 203 2145 nec
219 2117 293 2144 illam
314 2119 492 2152 econtraiio,
521 2126 582 2154 quae
609 2125 737 2155 caperata
764 2120 854 2149 fronte
884 2122 944 2150 sine

150 2163 208 2190 risu
226 2164 282 2191 ullo
296 2164 363 2191 nihil
383 2164 510 2193 utilitatis
521 2167 604 2198 subit,
619 2167 664 2193 sed
686 2167 713 2193 in
730 2167 865 2202 profundo
877 2176 944 2195 con-

151 2209 243 2237 sidens
259 2210 447 2243 obscuritatis,
465 2211 619 2245 illiteratos,
639 2213 710 2240 etde
727 2213 792 2241 faece
803 2222 942 2242 convenas

152 2255 210 2283 suis
222 2256 344 2284 tenebris
363 2257 578 2285 circnnn'olutos
592 2258 741 2287 terrificat:
757 2266 849 2288 cautos
862 2260 895 2287 ad
912 2267 942 2288 se

150 2306 281 2329 attractos
309 2308 457 2335 amatores,
481 2304 636 2338 speciosius
651 2305 812 2339 prostituit:
830 2306 877 2333 sed
891 2313 941 2332 nec

150 2357 210 2382 qua:
234 2349 352 2377 cffrmuis
364 2355 392 2377 et
413 2351 565 2383 eerricosa,
590 2351 623 2379 ad
644 2352 783 2380 licentiam
806 2353 943 2380 exorbitat

150 2401 293 2431 poetarum
313 2396 500 2424 incitamentis
516 2397 681 2432 quibusdam
701 2398 830 2426 novitatis
852 2406 943 2425 mere-

152 2442 232 2469 tricie
247 2442 369 2470 lasciviat
383 2447 409 2469 et
426 2443 522 2470 illudut
540 2453 547 2471 :
563 2444 610 2471 sed
624 2444 698 2471 illam
715 2452 766 2479 ego
781 2444 861 2471 velim
880 2453 942 2480 quae

150 2487 275 2515 modeste
295 2488 428 2521 insinuat,
444 2489 553 2524 publice
569 2490 691 2522 instruit,
705 2490 834 2525 princeps
849 2491 940 2524 docet,

150 2534 209 2561 sola
222 2533 338 2568 inducit,
352 2539 379 2562 et
394 2543 443 2570 per
455 2543 623 2570 congeneres
639 2536 793 2563 intellectus
808 2537 882 2564 clare
892 2545 943 2565 na-

152 2583 243 2606 turam
256 2581 350 2607 rerum
365 2581 495 2616 explicat,
515 2581 589 2616 quod
605 2581 728 2616 emphasi
749 2582 851 2610 alicubi
873 2591 943 2619 opus

727 140 860 171 PIIOTII
877 139 1131 172 PATRIARCHE
1149 140 1202 170 ΟΡ.

1733 134 1785 169 584

991 196 1068 228 ὅστις
1081 197 1131 223 οὐκ
1147 196 1180 223 ἂν
1195 193 1413 231 ἐκδυσωττηθείη,
1430 195 1483 222 κᾶν
1495 194 1566 230 μέγα
1580 193 1652 221 θέλοι
1664 194 1784 228 φρονεῖν,

992 243 1039 270 ἐπὶ
1055 242 1095 278 τῷ
1111 243 1199 269 πάντα
1215 242 1366 277 φιλόνεικος
1383 239 1455 278 εἶναι
1467 249 1475 257 ·
1491 240 1539 268 καί
1557 250 1603 276 μοι
1619 239 1737 275 πρόσεχε
1751 241 1784 274 τῇ

993 276 1142 324 μαρτυρίᾳ.
1170 287 1264 322 Ἐδίψα
1286 287 1318 313 τὺ
1338 276 1480 313 ’Ἰουδαίων
1503 286 1579 317 ἔθνος
1601 285 1649 311 τοῦ
1670 285 1786 319 αἵματος

993 335 1112 367 Παύλου,
1128 335 1188 361 ἐπεὶ
1201 334 1240 369 τῷ
1254 333 1372 370 οὐρανίῳ
1385 333 1456 368 φωτὶ
1472 331 1706 368 περιαστραφθεὶς
1716 332 1786 357 ἐκεί-

992 390 1048 414 νος,
1067 381 1127 411 ὅλος
1146 380 1262 415 μετέστη
1286 379 1356 414 πρὸς
1377 379 1407 406 ὂν
1420 378 1528 411 ὲδίωξεν
1543 383 1554 396 ι
1570 385 1578 393 ο
1588 377 1667 412 tanta
1683 377 1713 403 δὲ
1725 377 1787 404 τότε

994 427 1105 463 μᾶλλον,
1117 427 1165 454 καὶ
1180 426 1249 462 πρδς
1260 425 1310 461 τὴν
1323 425 1479 460 μιαιφονίαν
1492 424 1666 458 ἀνεφλέγετο,
1678 424 1725 450 ὅτε
1737 423 1787 454 τὰς

994 473 1154 507 συναγωγὰς
1168 473 1259 499 αὐτῶν
1279 473 1308 498 τὺ
1322 472 1427 498 ἐκείνου
1441 471 1572 507 κήρυγμα
1594 469 1787 505 κεκενωμένης

992 520 1083 551 αὐτοῖς
1098 518 1271 554 ἀπελίμπανε
1283 526 1290 532 ·
1313 518 1361 544 καὶ
1386 516 1418 552 δὴ
1438 517 1513 543 πᾶσα
1531 515 1581 551 μὲν
1595 515 1688 546 αὐτοῖς
1705 522 1787 540 συκο-

993 565 1108 601 φαντίας
1136 565 1218 600 τέχνη
1232 570 1257 595 ι,
1278 564 1354 590 πᾶσα
1378 563 1406 589 δὲ
1427 558 1536 597 μηχανὴ
1558 561 1710 596 ἐκεκίνητο.
1731 561 1787 586 Οὐκ

992 613 1115 648 ἀργυραῖ
1129 611 1159 638 δὲ
1176 611 1230 646 ἄρα
1243 610 1338 645 λόγχαι
1364 609 1454 644 μόνον,
1478 608 1492 635 δ
1516 608 1634 641 λέγεται,
1650 607 1720 634 ἀλλὰ
1742 607 1789 633 καὶ

992 658 1119 693 ψεύδους.
1134 657 1183 684 καὶ
1198 657 1317 691 ἀπάτης,
1335 656 1382 682 καὶ
1399 655 1494 690 ὀργῆς,
1517 654 1564 680 καὶ
1582 653 1699 688 θράσους
1719 652 1790 687 πρὸς

993 704 1043 740 τὴν
1061 702 1108 730 τοῦ
1122 702 1219 738 ἀνδρὸς
1235 701 1355 737 σφαγὴν,
1377 701 1440 732 τοὺς
1457 699 1611 735 ὁμοφύλους
1626 698 1790 730 ἐξώπλιξον,

994 750 1104 783 καὶτὰς
1116 751 1210 786 χεῖρας
1224 750 1274 785 ἤδη
1289 750 1349 780 ταῖς
1365 747 1457 775 ἐλπίσι
1471 746 1623 779 σταζοὺσας
1638 744 1712 780 είχον
1726 744 1789 779 θερ-

995 797 1047 829 μοῦ
1060 795 1107 824 τοῦ
1126 796 1292 831 μιάσματος.
1314 795 1391 821 Ἐπεὶ
1402 794 1429 820 δὲ
1443 793 1530 829 μάτην
1542 793 1640 823 αὐτοὺς
1653 792 1789 825 ἀνασκιρ-

995 842 1099 873 τῶντας
1116 842 1164 869 καὶ
1180 841 1328 877 χαίροντας
1347 841 1375 868 αἱ
1390 835 1497 870 ἐλπίδες
1512 839 1645 867 ἀπέλιπον
1660 836 1791 872 (κρείττω

994 887 1042 915 τοῦ
1055 887 1189 924 ἀριστέως
1201 887 1330 914 ἁπάντων
1342 885 1546 922 μηχανημάτων
1556 885 1615 916 ταῖς
1627 883 1791 917 ἀπολογίαις

993 934 1219 969 καθισταμένου),
1233 934 1388 960 τελευταῖον
1400 933 1468 968 πρὸς
1481 933 1512 958 τὸ
1528 932 1558 958 ὲν
1580 931 1671 965 λόγοις
1687 930 1791 964 κράτος

992 981 1041 1008 καὶ
1063 981 1092 1007 τὸ
1107 980 1312 1016 ἀνεπηρέαστον
1329 979 1523 1014 ἀπορούμενοι,
1542 977 1645 1013 ῥήτορά
1661 985 1723 1003 τινα
1745 984 1791 1010 μισ

994 1027 1059 1054 σθοῢ
1085 1026 1237 1057 ποιοῦνται,
1254 1026 1308 1053 τῶν
1333 1024 1592 1059 συκοφαντηθέντων
1618 1023 1789 1057 συνήγορον⁸

992 1073 1044 1100 οὒκ
1067 1073 1101 1100 ἂν
1125 1072 1165 1099 ἔτι
1182 1072 1305 1099 διαδῦναι
1322 1072 1370 1104 τὰς
1387 1071 1492 1098 ἐκείνου
1506 1070 1605 1105 τέχνας
1622 1067 1670 1096 καὶ
1684 1068 1791 1100 πλοκὰς

994 1117 1049 1144 τῶν
1074 1117 1161 1151 λόγων
1176 1116 1223 1144 τὸν
1243 1115 1430 1152 γραφόμενον,
1449 1115 1501 1142 κᾶν
1524 1114 1655 1150 μυριάκις
1674 1114 1718 1148 εἴη
1743 1113 1790 1140 ἀνα

994 1163 1092 1195 αίτιος.
1107 1163 1162 1190 οὐδ’
1174 1163 1248 1195 ὅπως
1265 1161 1312 1189 οὖν
1324 1163 1352 1188 ὲν
1366 1162 1510 1197 ἀμφιϐόλῳ
1525 1161 1674 1196 τιθέμενοι.
1692 1159 1766 1187 Ἀλλ’
1776 1160 1792 1186 ὂ

995 1217 1027 1244 γε
1043 1209 1125 1244 σοφδς
1139 1208 1178 1244 τῷ
1187 1209 1244 1235 δντι
1255 1207 1372 1241 Παῦλος,
1383 1208 1433 1234 ὅσα
1443 1216 1472 1234 τε
1486 1207 1545 1233 θεῖα
1560 1206 1607 1233 καὶ
1620 1207 1671 1233 ὅσα
1684 1205 1791 1240 ἀνθρὼ-

995 1262 1074 1287 πινα,
1092 1254 1140 1281 καὶ
1165 1253 1233 1289 πρὸς
1253 1253 1299 1280 τὸν
1324 1252 1396 1279 οὕτω
1415 1253 1448 1287 τῇ
1465 1252 1549 1287 τέχνῃ
1574 1251 1622 1278 καὶ
1643 1250 1684 1286 τῷ
1700 1250 1791 1285 μισθῷ

995 1299 1267 1335 παρεσκευασμένον,
1280 1299 1324 1325 διὰ
1339 1299 1389 1334 τῆς
1402 1298 1506 1325 ἄνωθεν
1519 1297 1642 1333 δηλονότι
1659 1305 1792 1332 χορηγου-

997 1345 1083 1381 μένης
1099 1344 1174 1380 αὖτῷ
1191 1344 1287 1378 σοφίας
1306 1346 1354 1371 κω.
1367 1343 1489 1379 χάριτος,
1502 1342 1590 1374 οὕτως
1606 1342 1791 1377 ἀντικατέστη

996 1393 1054 1424 τοῖς
1074 1392 1164 1426 λόγοις
1177 1392 1225 1418 καὶ
1246 1390 1434 1426 διηγωνίσατο,
1451 1390 1533 1417 αὐτίν
1549 1389 1599 1425 μὲν
1618 1389 1794 1425 τρεψάμενος

997 1438 1046 1465 καὶ
1057 1438 1248 1473 καταισχύνας’
1257 1437 1327 1473 αὐτῇ
1344 1437 1427 1472 τέχνῃ
1441 1436 1487 1463 καὶ
1501 1435 1650 1471 μισθαρνίᾳ
1661 1443 1669 1450 ·
1682 1435 1747 1466 τοὺς
1764 1434 1795 1460 δι

998 1484 1137 1519 ἀρχιερεῖς
1155 1483 1202 1510 καὶ
1220 1483 1312 1519 ἱερεῖς,
1331 1482 1377 1509 καὶ
1388 1482 1462 1513 ὅσοις
1478 1482 1492 1508 ό
1507 1481 1568 1508 κατ’
1583 1480 1666 1507 αὐτοῦ
1679 1488 1795 1506 συνεκε-

999 1531 1117 1566 κρότητο
1130 1532 1145 1553 b
1165 1530 1255 1564 φόνος,
1270 1528 1428 1564 ἐκπλήξεως
1450 1528 1498 1555 καὶ
1510 1527 1667 1562 ἀμηχανίας
1685 1526 1797 1561 ἐμπλή-

997 1587 1058 1609 σας,
1074 1577 1145 1603 ὥστε
1163 1577 1200 1612 μὴ
1219 1576 1299 1612 μόνον
1315 1575 1408 1607 αὐτοῖς
1433 1574 1482 1610 τῆς
1498 1574 1628 1608 τοιαύτης
1649 1573 1795 1608 ἐπιχειρή-

999 1633 1069 1656 σεως
1085 1623 1260 1659 μεταμελεῖν,
1275 1622 1344 1650 ἀλλὰ
1354 1622 1402 1648 καὶ
1418 1621 1536 1656 σιωπῆς,
1550 1620 1640 1648 καίτοι
1655 1620 1739 1646 πλέον
1754 1619 1796 1653 τῷ

998 1670 1078 1706 Θυμῷ
1093 1665 1298 1705 λῇγριωμένοις,
1321 1668 1370 1695 ὅλα
1391 1667 1438 1694 δύο
1458 1667 1506 1702 ἔτη
1523 1666 1675 1701 καταδίκην
1700 1665 1796 1701 σφίσιν

994 1716 1140 1742 ἐπιθεῖναι.
1156 1715 1242 1751 Ὀρᾷς
1259 1715 1332 1746 ὅπως
1340 1714 1404 1745 τοὺς
1416 1713 1558 1749 ἐχθίστους
1569 1712 1617 1739 καὶ
1628 1712 1760 1745 ἄκοντας,
1777 1711 1796 1746 ἡ

995 1762 1051 1789 τῶν
1078 1761 1126 1788 τοῦ
1154 1760 1291 1796 ἀριστέως
1316 1760 1404 1794 λόγων
1424 1759 1542 1794 δύναμις
1567 1759 1608 1789 είς
1636 1758 1797 1793 μαρτυρίαν

995 1807 1165 1840 ἐξεϐιάσατο.
1191 1807 1256 1832 Ὀτε
1275 1811 1286 1826 ἰ
1308 1806 1336 1832 δὲ
1361 1806 1408 1832 καὶ
1431 1807 1487 1837 τοῖς
1507 1805 1614 1840 ἐχθροῖς
1636 1805 1653 1838 ἡ
1682 1803 1795 1830 Παύλου

998 1852 1080 1887 σοφία
1097 1852 1171 1887 ἔργῳ
1187 1852 1236 1878 καὶ
1249 1851 1322 1886 λόγῳ
1334 1850 1519 1886 διαϐεὸόηται,
1534 1851 1590 1880 τοῖς
1608 1848 1713 1875 ἐκεῖθεν
1727 1848 1742 1868 ἀ
1759 1850 1796 1875 τὰ

994 1898 1046 1934 τῆς
1075 1897 1217 1929 εὐσεϐείας
1245 1897 1450 1933 μεμυημένους,
1476 1895 1508 1922 οὗ
1536 1893 1723 1930 διαφερόντως
1747 1896 1797 1921 καὶ

994 1944 1078 1977 ἀξίως
1090 1944 1284 1980 τιμηθήσεται.
1297 1943 1353 1970 Καὶ
1369 1942 1406 1978 μή
1419 1950 1452 1977 με
1467 1941 1583 1976 νομίσῃς
1597 1940 1694 1974 σοφίαν
1705 1939 1796 1973 λόγων

995 1991 1042 2018 καὶ
1057 1991 1157 2026 κράτος
1174 1990 1265 2024 λέγειν
1285 1989 1332 2017 καὶ
1346 1989 1473 2024 δύναμιν,
1493 1982 1542 2024 τὴν
1563 1987 1714 2023 περίεργον
1727 1986 1797 2014 ταὺ-

996 2046 1046 2072 την
1065 2036 1114 2064 καὶ
1138 2035 1282 2068 σοϐοῦσαν,
1297 2035 1345 2062 καὶ
1365 2035 1554 2070 κομμωτικοῖς
1573 2034 1733 2069 φαρμάκοις
1747 2033 1803 2059 καὶ.

994 2080 1087 2107 ἄνθεσι
1102 2080 1133 2106 τὸ
1148 2080 1270 2115 ἔμφυτον
1286 2079 1384 2111 κάλλος
1398 2079 1446 2106 τοῦ
1462 2078 1543 2113 λόγου
1555 2078 1730 2109 νοθεύουσαν,
1746 2077 1796 2104 καὶ

992 2128 1049 2158 τοῖς
1061 2126 1242 2158 ὲπιπλάστοις
1263 2126 1392 2162 χρώμασι
1405 2125 1437 2152 τὺ
1452 2124 1635 2160 μειρακιῶδες
1647 2123 1696 2151 καὶ
1710 2123 1796 2150 ἔκλυ-

991 2180 1039 2199 τον
1048 2172 1116 2208 πρὸς
1127 2172 1223 2199 ἑαυτὸν
1235 2171 1455 2207 ἐπιστρέφουσαν
1467 2179 1474 2186 ⁸
1484 2171 1547 2206 μηδ’
1558 2168 1592 2197 αὖ
1606 2170 1727 2204 ἐκείνην.
1742 2170 1795 2204 ὅση

992 2218 1022 2245 τὸ
1038 2219 1201 2254 σκυθρωπὸν
1222 2219 1270 2246 καὶ
1292 2219 1416 2254 ἀμειδὲς,
1433 2217 1479 2245 ἐπ’
1494 2217 1584 2244 οὐδενὶ
1599 2215 1713 2252 χρηστῷ
1726 2215 1797 2242 ὐπο-

995 2264 1100 2297 δύεται,
1114 2264 1192 2300 βαθεῖ
1207 2273 1236 2291 τε
1255 2264 1306 2300 τῆς
1325 2264 1460 2299 ἀσαφείας
1476 2262 1675 2298 ὑποκαθημένη
1690 2262 1794 2297 σκότῳ,

982 2312 1044 2337 -καὶ
1059 2312 1121 2342 τοὺς
1135 2311 1250 2347 ἀμαθεῖς
1269 2312 1317 2338 καὶ
1331 2310 1474 2345 ἀγελαίους
1487 2309 1527 2344 τῷ
1537 2309 1601 2344 περὶ
1615 2307 1701 2343 αὐτὴν
1717 2308 1796 2343 ζόφῳ

998 2356 1153 2392 συγχέουσά
1172 2365 1202 2382 τε
1222 2357 1268 2383 καὶ¹
1288 2356 1528 2392 καταπλήττουσα,
1544 2354 1661 2388 τυφλοὺς
1673 2354 1796 2389 ἐραστὰς

997 2402 1183 2438 ὲπισυρομένη
1204 2401 1424 2435 καλλωπίζεται·
1441 2401 1496 2429 οὐδ’
1513 2402 1564 2435 ὅση
1585 2399 1654 2435 πρὸς
1667 2400 1699 2426 τὸ
1714 2407 1798 2435 ποιη-

996 2448 1051 2475 τῶν
1064 2449 1215 2484 αὐτόνομον
1225 2448 1453 2484 ὲκτραχηλίζεται
1467 2448 1516 2479 τὰς
1526 2446 1692 2482 νεωτερικὰς
1704 2446 1796 2480 ὁρμὰς

997 2494 1192 2531 ἐταιριζομένη
1208 2495 1255 2522 καὶ
1272 2494 1465 2527 διαπαίζουσα.
1485 2493 1556 2521 Ἀλλ’
1575 2492 1684 2527 ἐκείνην
1705 2491 1797 2525 ἔγωγέ

997 2548 1081 2575 φημι,
1096 2541 1146 2577 δση
1166 2541 1284 2577 σώφρων
1301 2540 1352 2576 μὶν
1364 2539 1561 2575 ἀπαγγέλλειν,
1580 2539 1657 2573 κοινὴ
1676 2537 1704 2564 δὲ
1719 2537 1781 2563 διδᾶ

999 2595 1086 2619 σκειν,
1102 2587 1198 2623 πρώτη
1214 2587 1243 2614 δὲ
1259 2586 1408 2620 παιδεύειν,
1427 2586 1495 2623 μόνη
1511 2585 1539 2612 δὲ
1556 2583 1731 2620 συμπείθειν,
1746 2582 1795 2609 εὖ·

805 2639 923 2667 VARUE
943 2642 1146 2672 LECTIONES.

186 2684 377 2731 fitiiiuigurqf‘}:
392 2685 427 2713 bl.
440 2685 537 2714 ἐδίωκε
571 2692 584 2708 ι
599 2686 630 2714 (Σ.
641 2685 678 2714 Μ.
693 2686 862 2731 συκοφαντίᾳ
873 2689 921 2716 καὶ
933 2690 1028 2727 τέχνη.
1072 2691 1086 2711 b
1103 2691 1135 2720 C.
1149 2690 1185 2719 M.
1201 2691 1402 2727 συνεκροτεῖτο.
1445 2696 1457 2710 ε
1473 2689 1506 2719 C.
1517 2688 1554 2718 Μ.
1567 2689 1620 2717 δτι.

149 2720 209 2753 πῶς
219 2722 274 2753 τοῖς
288 2722 405 2748 ἐκεῖθεν.

1683 2685 1794 2715 δαιι.

913 2800 1031 2831 ΝΟΪᾸΞ.

185 2860 242 2891 (I9)
261 2860 330 2890 Nam
345 2868 394 2897 per
407 2860 547 2891 biennium
569 2869 680 2892 carcere
703 2862 828 2891 inclusus
853 2861 938 2891 libere
958 2862 1112 2891 tenebatur.
