1880 3057
165 157 217 193 591

748 163 881 194 mourn
903 150 1160 195 PATRIA‘RCHIE
1171 165 1226 195 ep.
1277 190 1281 194 .

1754 165 1806 197 592

166 217 265 246 dorum
282 221 309 245 et
324 216 525 252 paradoxorum
546 218 743 254 mysteriorum
769 219 956 247 testimonium
971 248 972 251 η

1083 221 1249 257 ἀρδεύουσα·
1265 221 1347 248 τοῦτο
1365 214 1415 256 τῆς
1437 220 1466 248 ὲν
1481 219 1654 257 ὀστρακίνοις
1680 220 1805 249 σκεύεσιν

167 263 324 292 indelebile.
349 261 488 298 Sapientia
513 264 651 293 distillans
674 272 690 293 ε
713 265 809 301 lingua
833 265 956 299 idiotica,

167 309 260 344 regula
278 308 598 345 dirigens‘eloquentiam
613 318 646 338 ex
660 318 708 338 ore
720 311 892 338 immeditato
904 320 912 344 ;
924 319 958 338 ex

168 354 314 382 illitteratis
339 354 419 382 labiis
442 351 494 382 ars
510 355 657 382 rhetorica.
683 355 754 389 Quid
782 361 810 383 tu
833 356 867 383 ad
891 355 960 383 ista?

166 400 208 427 An
225 405 251 427 te
268 399 360 427 adhuc
372 400 548 428 ratiocinatio
561 400 655 433 dubia,
669 406 696 429 et
712 401 839 436 ambigua
855 401 959 436 opinio,

167 447 202 474 de
215 445 294 474 Pauli
314 446 447 482 sapientia
464 447 574 474 turbat?
593 447 689 475 Potius
707 447 756 475 libi
778 448 961 483 imputabitur

168 491 343 527 parcimonia
359 492 385 518 in
405 492 507 527 ﬁguras
524 492 585 526 ejus
598 492 729 527 epistolas
742 492 766 520 si
780 492 959 525 conlinxcris,

168 537 212 566 vel
229 537 377 573 plurimum
397 542 424 565 tu
443 538 561 573 tcipstnn
577 538 732 569 accusabis.
747 539 820 574 quod
844 538 961 566 antehac

168 589 196 612 te
220 589 359 611 tantarum
385 584 536 619 gratiarum
565 592 680 612 munera
708 584 858 612 latuerunt.
890 583 961 618 Quid

169 636 253 665 porro
269 629 386 662 dioeres,
401 629 426 657 si
446 629 609 665 profundius
629 631 780 659 descendas
797 631 824 658 in
845 630 960 658 alteram

169 681 276 711 partem
297 675 510 710 facultatiscjus
526 676 553 703 itt
568 675 704 703 dieendoz
720 676 816 709 Qualis
838 676 963 704 cernitur

170 722 199 750 in
216 722 356 757 plerisque
372 722 508 756 capitibus
528 722 644 749 summis
660 722 850 757 disponendis,
871 722 963 757 quoad

170 768 309 800 ordinem,
325 768 516 803 prudentiam;
541 768 606 795 dum
630 768 748 800 inducit,
773 767 897 803 disponit
916 775 964 802 per

171 815 344 850 hypopheras
362 814 585 850 antliypopbcras
604 822 610 840 :
627 813 726 848 quibus
747 814 773 840 in
798 813 964 840 inveniendo

171 859 371 893 epichremasi;
388 862 472 894 quam
493 858 623 893 copiosus
643 858 670 885 in
696 858 856 892 operando;
880 866 962 893 quant

171 910 316 941 proruptus
342 906 376 933 ad
403 905 645 940 persuadendum,
673 912 756 939 quam
783 904 913 938 frequens
935 904 962 931 in
978 898 1002 927 Β

171 952 309 988 parabolis
325 957 352 980 et
371 951 616 985 sintilittnlinibus;
639 955 759 986 quantus
775 951 801 977 in
820 951 963 986 enthyme-

172 999 273 1030 tnasin,
293 1002 320 1025 et
337 997 397 1025 istis
421 997 570 1024 virtutibus
595 996 795 1032 eongenerihus
814 1003 884 1030 quas
903 999 963 1023 stu-

171 1044 249 1072 diose
269 1043 413 1079 complceti
431 1044 544 1079 poteris,
558 1043 621 1070 licet
640 1042 707 1070 nulli
722 1041 790 1069 alias
807 1041 962 1068 meditanda

171 1090 241 1119 velis
262 1095 405 1126 pra'stare,
424 1091 457 1118 ad
472 1098 593 1118 amorem
609 1097 674 1117 vere
695 1089 825 1121 celerem,
843 1093 868 1116 et
886 1089 963 1115 ohle-

172 1140 341 1164 ctamentum
358 1137 524 1165 delectabile
541 1135 745 1164 conciliandum
763 1144 771 1162 :
788 1133 909 1162 Accedat
930 1134 964 1161 ad

172 1184 225 1211 ista
248 1183 331 1218 hujus
347 1183 466 1211 hominis
479 1182 513 1210 de
529 1182 691 1218 idolothytis
705 1180 902 1210 commentatio
918 1183 965 1208 :et

172 1229 218 1257 ubi
233 1228 259 1256 id
274 1229 328 1265 agit
350 1233 379 1256 ut
392 1229 528 1264 deprimat
548 1227 649 1256 fastum
671 1227 779 1255 illorum
796 1231 823 1254 et
843 1225 964 1254 irritatio-

173 1283 246 1306 nem,
267 1275 314 1310 qui
335 1275 368 1302 de
389 1274 498 1309 loquela
515 1274 671 1309 linguarum
697 1273 821 1309 ingentes
841 1279 967 1306 sumpse-

173 1325 236 1349 rant
251 1322 367 1356 spiritus
384 1330 391 1348 :
407 1325 434 1349 et
449 1320 522 1357 quod
543 1321 584 1348 lex
599 1320 706 1348 debitor
717 1324 777 1347 erat
791 1327 853 1354 qua:
869 1325 967 1346 conce-

173 1367 239 1395 dere
255 1372 283 1394 ct
299 1368 391 1395 locum
407 1367 473 1394 dare
486 1367 583 1402 gratia}
598 1366 720 1393 deberet.
741 1365 795 1393 Sed
811 1364 919 1392 abunde
933 1364 967 1391 de

175 1413 237 1441 istis
268 1412 375 1440 dielum
405 1417 574 1447 estzeoque
599 1419 688 1447 magis
711 1411 783 1447 quod
810 1410 965 1438 litterarum

174 1459 343 1486 commercio
375 1458 580 1486 insinuantur:
610 1457 632 1485 si
664 1456 813 1492 aliquando
854 1454 967 1483 insimul

175 1504 408 1541 convenerimus;
434 1504 631 1532 conveniemus
658 1508 768 1534 autem,
794 1502 822 1529 id
851 1501 967 1529 Domino

176 1550 244 1578 milii
259 1555 434 1586 suggerente,
449 1554 506 1577 tum
520 1549 646 1578 diﬂ’nsius
659 1556 741 1584 quam
755 1548 781 1576 in
796 1547 926 1584 prtesenti
936 1547 970 1575 de

178 1598 240 1626 istis
253 1598 326 1633 apud
341 1601 366 1624 te
379 1596 526 1625 disseram.
678 1599 680 1601 ’

177 1645 343 1680 ρυιῑδτιο
382 1645 474 1674 XCIII.
645 1679 656 1708 1
673 1643 839 1672 CCLXXI".
884 1642 969 1670 Taur.
987 1646 1009 1676 α

536 1680 628 1708 LXIII.
645 1679 656 1716 ]

179 1726 297 1756 Diversi:
319 1727 479 1763 quwstionu
500 1734 533 1754 ea:
550 1726 676 1763 Apostolo
695 1733 742 1760 per
762 1725 854 1760 viginti
876 1729 973 1759 septem

469 1763 559 1797 capita
580 1762 688 1789 solum.

1008 264 1210 302 ἐνεργουμένης
1235 266 1357 303 χάριτος.
1384 267 1417 294 Ὃ
1436 266 1559 302 φρικτῶν
1579 266 1628 293 καὶ
1648 267 1806 302 παραδόξων

1010 311 1169 348 μυστηρίων
1193 311 1344 347 μαρτύριον
1367 311 1606 347 ἀπαράγραπτονί
1624 311 1654 345 ἐξ
1670 312 1808 347 ἰδιωτικῆς

1008 357 1134 392 γλώττης
1158 357 1296 390 στάζουσα
1322 357 1412 392 σοφία,
1427 357 1457 390 ἐξ
1473 357 1643 393 ἀμελετήτου
1675 358 1808 393 στόματος

1009 402 1100 431 κανὼν
1119 403 1295 438 εὐγλωττίας,
1314 403 1345 435 ἒξ
1363 402 1478 438 ἀμαθῶν
1493 403 1606 438 χειλέων
1628 402 1711 439 τέχνη
1729 405 1809 439 ῥητο-

1011 449 1082 486 ρίας.
1099 449 1136 475 Σὺ
1149 448 1178 476 δὲ
1189 448 1217 475 τί
1227 449 1336 484 λέγεις;
1351 449 1412 475 Ἔτι
1425 457 1454 476 σε
1469 448 1601 484 λογισμὸς
1613 449 1750 481 διστάζων
1762 449 1809 484 τῆς

1011 494 1040 522 ἕν
1053 495 1126 530 λόγῳ
1136 494 1245 522 Παύλου
1258 494 1387 530 σοφίας,ἥ
1396 494 1558 529 διαπύρησις
1569 494 1690 529 ὲνοχλεῖ;
1702 494 1810 522 Μᾶλλον

1010 539 1039 567 δὲ
1053 538 1097 576 ἄρ’
1111 539 1152 566 ἔτι
1166 548 1208 567 σοι
1221 539 1486 576 μικρολογηθήσεται
1504 538 1553 575 [et]
1566 540 1605 571 εἰς
1617 540 1748 575 σχήματα
1762 540 1810 570 τὰς

1017 581 1179 618 Ἐπιστολάς
1193 585 1275 613 αὐτοῦ
1292 585 1498 620 σχηματίσειεν,
1513 585 1530 621 ἢ
1550 585 1646 620 μακρὰ
1660 585 1694 612 ἂν
1713 585 1810 612 σαυτοῦ

1011 624 1067 658 τῶν
1083 631 1225 667 προτέρων
1239 631 1416 666 καταγνοίης,
1432 631 1474 658 ὅτι
1495 639 1524 657 σε
1539 630 1676 658 τοσούτων
1692 632 1812 667 χαρίτων

1013 677 1104 714 δωρεὰ
1119 677 1292 711 διελάνθανε;
1308 676 1342 704 Τί
1355 677 1378 704 δ’
1393 677 1427 704 ἂν
1443 677 1531 709 εἴποις
1543 676 1766 712 ὲμῦαθυνὸμενος
1776 677 1813 712 τῷ

1014 718 1101 759 ἑτέρῳ
1115 723 1193 759 μέρει
1208 724 1258 759 τῆς
1272 723 1376 750 ἐκείνου
1390 723 1457 759 περὶ
1467 723 1531 754 τοὺς
1542 722 1638 756 λόγους
1658 723 1812 758 δυνάμεως,

1014 765 1070 801 οἷος
1094 769 1123 796 ὲν
1145 769 1201 800 τοῖς
1217 768 1376 803 κεφαλαίοις
1388 769 1439 804 τὴν
1453 768 1542 801 τάξιν,
1558 769 1609 804 τὴν
1623 768 1733 795 σύνεσιν
1756 769 1812 795 εισ-

1015 815 1090 850 άγων
1105 814 1344 850 οἰκονομούμενος,
1360 814 1506 850 ὑποφέρων
1528 814 1740 850 ἀνθυποφέρων,
1754 815 1814 846 ὂςος

1015 861 1070 888 τῶν
1088 861 1311 896 ἐπιχειρημάτων
1327 859 1376 895 τῆν
1392 860 1516 896 εὕρεσιν
1542 859 1572 886 τὸ
1596 861 1625 886 ὲν
1650 861 1711 891 ταῖς
1734 861 1815 895 ἐργα-

1017 907 1089 939 σίαις
1104 907 1233 942 γόνιμον
1252 899 1328 938 ὅπως
1353 906 1514 941 συμπείθειν
1534 906 1643 941 ἕτοιμος
1666 906 1715 932 καὶ
1732 905 1815 938 πολὺς

1018 945 1200 989 παραϐολαῖς,
1211 952 1444 988 παραδείγμασιν·
1455 951 1549 987 ἡλίκος
1561 953 1617 984 τοῖς
1628 951 1815 986 ἐνθυμήμασι·

1016 1000 1064 1027 καὶ
1083 999 1133 1034 τὴν
1156 999 1240 1034 ἄλλην
1264 998 1371 1029 τούτοις
1394 998 1504 1025 ἅπασαν
1521 998 1641 1033 συγγενῆ
1657 997 1786 1033 δύναμιν,
1800 997 1818 1025 ἆ

1018 1054 1060 1072 σοι
1077 1045 1214 1080 παράσχοι
1229 1045 1393 1081 περιελθεῖν,
1407 1043 1459 1072 κᾶν
1476 1044 1573 1080 μηδενὶ
1593 1043 1712 1080 θελήσῃς
1732 1043 1817 1080 ἑτέρῳ

1017 1091 1088 1119 κατὰ
1111 1091 1227 1126 μελέτην
1247 1090 1387 1126 προσχεῖν,
1407 1091 1447 1122 είς
1472 1089 1511 1121 ὡς
1525 1089 1635 1125 ἀληθῶς
1651 1089 1715 1122 ὀξὺν
1729 1090 1817 1125 ἔρωτα

1020 1137 1067 1164 καὶ
1092 1134 1185 1172 θαῦμα
1214 1135 1312 1170 γλυκὺ,
1329 1136 1347 1171 ἧ
1364 1145 1394 1162 τε
1413 1137 1477 1172 περὶ
1493 1136 1548 1163 τῶν
1565 1137 1751 1164 εἰδωλοθύτων
1771 1139 1817 1171 τοῦ

1018 1183 1115 1219 ἀνδρὸς
1129 1183 1168 1214 είς
1185 1182 1272 1209 ταῦτα
1294 1182 1501 1219 μεταχείρησις,
1519 1184 1566 1210 καὶ
1582 1184 1612 1210 ὲν
1631 1181 1653 1218 ᾧ
1676 1184 1819 1219 καθαίρειν

1019 1229 1155 1264 ἐπιχειρεῖ
1177 1228 1232 1255 τῶν
1256 1228 1546 1264 μεγαλοφρονούντων,
1568 1229 1612 1264 ιφ*
1633 1225 1656 1264 ᾦ
1680 1229 1819 1264 γλώσσαις

1020 1274 1132 1301 ἐλάλουν
1147 1273 1177 1300 τὸ
1193 1273 1318 1309 φύσημα,
1334 1276 1381 1300 καὶ
1395 1273 1427 1309 δὴ
1441 1274 1489 1300 καὶ
1501 1274 1539 1306 ὡς
1552 1275 1566 1301 ὁ
1580 1275 1663 1310 νόμος
1675 1275 1820 1309 ὀφειλέτης

1019 1318 1060 1356 ἦν
1069 1319 1272 1355 παραχωρῆσαι
1290 1319 1324 1355 τῇ
1339 1319 1449 1354 χάριτι;
1470 1319 1551 1347 Ἀλλὰ
1562 1320 1627 1355 περὶ
1646 1320 1696 1354 μὲν
1715 1319 1822 1346 τούτων

1008 1366 1115 1394 Ἱκανὰ·
1137 1364 1287 1393 καὶταῦτα
1314 1364 1387 1391 κατὰ
1409 1365 1577 1401 γράμματος
1600 1365 1722 1401 ὁμιλίαν.
1741 1365 1773 1392 Et
1793 1366 1822 1392 δέ

1021 1421 1087 1440 ποτε
1108 1411 1278 1448 συνεσόμεθα
1304 1410 1485 1446 (συνεσόμεθα
1505 1412 1552 1438 δέ·
1577 1411 1648 1438 οεῖόν
1672 1420 1720 1447 μοι
1741 1411 1824 1438 τοῦτο

1023 1459 1135 1494 μήνυμα
1151 1458 1356 1494 προαγορεύει),
1371 1458 1433 1485 τότε
1457 1456 1625 1493 πλατύτερον
1641 1457 1659 1494 ἢ
1680 1457 1731 1484 νῦν
1759 1457 1824 1492 περὶ

1021 1505 1128 1533 τούτων
1145 1513 1188 1532 σοι
1203 1505 1394 1541 διαλεξόμεθα.

1306 1638 1477 1665 ΕΡΩΤΗΣΙΣ
1494 1637 1551 1670 LI'.

1026 1718 1187 1754 Ζητήματα
1208 1715 1338 1754 διάφορα
1353 1714 1408 1754 τοῦ
1422 1712 1624 1754 λΑνξοίζι-ὀλυυ
1641 1711 1691 1739 διὰ
1704 1713 1730 1738 κ’
1740 1710 1792 1737 καὶ
1804 1709 1828 1739 ζ’

1229 1749 1404 1786 κεφαλαίων
1415 1749 1561 1783 ἐπιλυόμε
1566 1755 1613 1774 ra.

401 1819 473 1845 Edita
493 1826 506 1844 ι
523 1819 683 1849 Montacutto,
699 1824 740 1850 ep.
762 1817 817 1848 166,
835 1816 868 1841 ad
886 1817 975 1846 Georg.
996 1814 1017 1839 Ν
1023 1812 1084 1838 icom
1097 1829 1104 1842 ,
1125 1818 1152 1842 p.
1167 1810 1215 1835 255
1225 1815 1279 1840 seq.
1297 1808 1335 1834 De
1350 1807 1423 1832 variis
1435 1806 1506 1831 Pauli
1528 1805 1599 1831 locis.

216 1873 444 1909 Quandoquidem
476 1873 605 1909 agnoscis
624 1877 651 1900 te
670 1880 723 1900 non
747 1871 831 1899 ntodo
854 1871 972 1902 victum,

181 1920 310 1952 libenter,
337 1920 383 1948 sed
407 1920 519 1955 insuper
547 1914 588 1947 sic
615 1918 700 1951 vinci,
728 1918 799 1945 inter
817 1915 975 1945 festivitatis

182 1967 327 1996 commoda
355 1971 477 2002 reputes,
497 1965 563 2001 quid
586 1969 629 1993 est
652 1965 725 2000 quod
743 1963 861 1991 ulterius
885 1963 976 1990 adhuc

183 2013 324 2041 desideres
338 2012 463 2047 exempla
480 2012 700 2047 Seripturarum,
715 2010 743 2037 in
754 2009 895 2045 prioribus
905 2008 977 2035 litte-

184 2060 223 2087 ris
244 2059 314 2087 meis
337 2059 483 2086 allatarum
506 2058 673 2093 ﬁgurarum;
693 2056 738 2085 cui
760 2061 807 2084 tuo
827 2054 976 2087 desiderio.

184 2104 311 2132 celeriter
337 2104 416 2139 cupis
449 2103 579 2131 satisﬁeri
600 2111 607 2130 :
625 2102 699 2138 quod
720 2106 747 2130 et
778 2108 888 2136 aequum
915 2108 978 2128 esse

184 2151 285 2184 sentio,
304 2151 375 2186 sapit
396 2150 470 2178 enim
491 2149 622 2177 invidiam
639 2149 676 2176 illi
696 2147 838 2176 veritatem
862 2155 916 2174 non
935 2155 978 2175 re-

185 2201 363 2233 pra-sentarc,
381 2196 446 2232 quia
467 2195 581 2224 veritate
602 2195 703 2228 vietus,
719 2195 792 2229 quod
815 2201 910 2222 verum
925 2198 977 2226 est,

185 2243 292 2278 qnzerit.
309 2242 454 2282 Quocirca,
465 2246 585 2278 quatuor
599 2241 709 2268 illorum
724 2239 869 2267 modorum
884 2247 979 2266 exem-

186 2290 229 2325 pla
243 2290 334 2317 adhuc
348 2289 480 2325 adjnngo,
495 2289 531 2316 ita
547 2293 578 2315 ut
593 2287 665 2315 hami
683 2285 830 2314 diliiculter
845 2285 979 2321 distingui

187 2341 214 2364 ct
227 2335 347 2364 discerni
365 2335 472 2371 possint
490 2342 524 2362 ex
542 2334 616 2366 istis,
631 2333 677 2361 illa
691 2340 754 2368 quae
774 2331 881 2367 reliqua
904 2336 979 2364 sunt,

186 2378 245 2408 tum
267 2385 298 2409 nt
320 2389 354 2409 ne
376 2385 450 2408 tuam
475 2380 649 2416 prudentiam
680 2378 847 2407 contumelia
873 2377 981 2406 allicere

187 2426 316 2459 videant,
346 2434 396 2454 nec
422 2434 473 2461 pro
492 2426 609 2461 epistola
638 2425 775 2460 integrum
801 2424 850 2451 tibi
879 2424 979 2451 librum

186 2480 309 2500 exurem.
327 2471 417 2500 Veluti
429 2472 507 2500 enim‘
520 2472 610 2507 inepte
625 2479 743 2508 qumque
758 2471 827 2498 levia
841 2470 981 2505 prosequi,

187 2519 310 2546 adhaeret
325 2519 383 2547 fere
405 2518 453 2547 ille
472 2519 547 2555 quod
568 2517 735 2546 obscuritate
754 2516 921 2547 involvitur,
945 2515 981 2543 ita

186 2565 261 2600 quod
285 2565 312 2592 in
331 2569 425 2600 aperto
445 2565 564 2601 positum
584 2569 637 2596 est,
654 2563 678 2591 si
699 2570 755 2590 non
768 2569 830 2589 cum
847 2561 981 2588 brevitate

187 2610 352 2639 exhibeatur
369 2611 396 2640 in
415 2610 598 2647 opprobrium
615 2609 713 2643 tendit,
730 2608 772 2636 vel
788 2607 924 2640 doctoris,
939 2607 982 2634 vel

190 2657 332 2686 discentis.

1000 2465 1022 2493 D
1037 2462 1168 2498 θεωρήτῳ
1209 2459 1432 2496 προσαρμόζεται
1442 2477 1450 2490 ,

1069 1865 1238 1902 Ἐπειδήπερ
1264 1864 1294 1891 οὒ
1319 1863 1400 1899 μόνον
1426 1861 1530 1897 χαίρων
1554 1858 1758 1894 ἀνοπολογεῖςὶ
1778 1859 1830 1894 τὴν

1027 1910 1125 1948 ἧτταν,
1144 1911 1213 1938 ἀλλὰ
1227 1918 1275 1937 και
1291 1911 1331 1942 είς
1348 1909 1446 1945 ἑορτὴν
1462 1907 1548 1942 αὐτὴν
1560 1906 1698 1942 ὠφελείας
1721 1906 1830 1940 ἀναφέ-

1030 1967 1087 1994 ρεις
1098 1977 1106 1990 ,
1122 1957 1197 1993 ὅμως
1214 1956 1236 1982 δ’
1251 1955 1392 1990 ἐπιζητεῖς
1402 1954 1442 1980 ἔτι
1455 1952 1669 1989 παραδείγματα
1680 1950 1736 1978 τῶν
1750 1951 1780 1977 έν
1790 1949 1830 1984 τῷ

1028 2004 1131 2040 πρώτῳ
1144 2003 1288 2038 γράμματι
1303 1999 1458 2036 εἰρημένων
1465 1999 1574 2035 τρόπων
1584 2007 1590 2013 ·
1605 1997 1654 2024 καὶ
1666 1996 1773 2031 ταύτην
1788 2004 1830 2022 σοι

1027 2051 1078 2086 τὴν
1106 2049 1246 2083 ἑξαίτησιν
1261 2047 1350 2082 πέρας
1376 2046 1471 2072 λαὸεῖν
1486 2045 1519 2072 οὐ
1532 2043 1666 2080 βραδύνον
1676 2043 1689 2062 ι
1705 2062 1713 2075 ,
1724 2042 1831 2069 δίκαιον

1029 2096 1153 2132 νομίζω·
1178 2093 1257 2130 ἀνδρὶ
1279 2093 1335 2128 γὰρ
1355 2091 1485 2127 ἀληθείας
1507 2089 1671 2126 ἡττωμένῳ,
1694 2088 1830 2124 φθονερὸν

1032 2143 1070 2179 μὴ
1084 2142 1217 2177 παρέχειν
1232 2139 1329 2176 μαθεῖν
1343 2142 1394 2174 τὴν
1406 2137 1542 2173 ἀλήθειαν
1555 2135 1746 2171 ὲπιζητοῦντι.
1759 2134 1829 2161 Kau‘

1025 2188 1147 2216 ἑκαστον
1160 2184 1307 2220 τοιγαροῦν
1320 2184 1435 2210 ἐκείνων
1457 2191 1499 2209 σοι
1511 2182 1567 2208 τῶν
1590 2181 1733 2216 τεσσάρων
1762 2180 1828 2215 spi-

1032 2241 1091 2260 πων
1111 2232 1190 2266 ὀλίγα
1212 2231 1275 2258 τινὰ
1304 2229 1473 2265 παραθέντες
1497 2228 1552 2254 τῶν
1581 2226 1828 2262 παραδειγμάτων.

1032 2280 1080 2307 ἅτε
1093 2278 1188 2315 ῥᾳδίαν
1202 2277 1285 2304 οὖσαν
1297 2276 1352 2303 τῶν
1365 2275 1470 2302 λοιπῶν
1483 2276 1517 2301 ἐκ
1531 2273 1636 2300 τούτων
1647 2273 1697 2307 τὴν
1712 2272 1832 2306 θεωρίαν

1032 2325 1081 2352 καὶ
1099 2325 1248 2361 διάκρισιν,
1262 2323 1306 2349 ἵνα
1324 2322 1361 2358 μὴ
1379 2321 1426 2348 καὶ
1451 2321 1501 2356 σὴν
1527 2319 1682 2354 ἐξυϐρίζειν
1708 2318 1830 2352 δόξωμειΙ

1035 2371 1157 2402 σύνεσιν,
1187 2369 1234 2396 καὶ
1255 2368 1347 2404 βίϐλον
1371 2367 1437 2402 ὃλην
1462 2365 1520 2392 ἀντ’
1547 2364 1692 2398 ἐπιστολῆς
1712 2364 1832 2399 γράφειν

1034 2416 1259 2451 παραλείψωμεν.
1277 2414 1383 2449 ’Ὥσπερ
1399 2412 1454 2448 γὰρ
1469 2411 1500 2438 τὸ
1522 2410 1697 2445 λεπτολογεῖν
1709 2409 1749 2444 τῷ
1767 2409 1832 2436 δυσ-

1494 2456 1566 2484 οὖτω
1602 2457 1634 2482 τὸ
1673 2455 1760 2489 σαφὲς
1800 2454 1833 2481 ἂν

1035 2507 1073 2545 μὴ
1093 2507 1138 2535 διὰ
1150 2507 1197 2535 τοῦ
1225 2506 1359 2542 συντόμου
1391 2504 1511 2540 πρόεισι,
1527 2502 1575 2530 τοῦ
1602 2501 1786 2537 μανθάνοντος
1816 2498 1834 2532 ἦ

1036 2555 1084 2581 τοῦ
1101 2552 1273 2584 διδάσκοντός
1287 2561 1319 2587 γε
1347 2552 1456 2583 πάντως
1490 2550 1530 2582 εἰς
1555 2547 1726 2584 κατηγορίαν
1752 2554 1831 2581 περι-

1039 2599 1146 2626 ίσταται
1159 2597 1226 2634 (18).

843 2699 964 2728 γΑιιιιΕ
992 2696 1139 2725 LEGTlON
1145 2695 1195 2723 ES.

277 2763 379 2799 corr-ig.
397 2770 429 2791 ex
448 2763 478 2790 (ἶ.
494 2761 528 2789 Μ.
546 2761 734 2797 ἁνομολογεϊς.

789 2760 802 2780 ὶί
813 2759 847 2787 C.
861 2757 935 2786 Mon.
951 2757 1001 2785 55t
1032 2756 1053 2784 f.
1071 2756 1122 2784 15:!
1138 2753 1280 2791 βραδῦναι.

953 2815 1072 2845 NOTAE.

247 2881 303 2917 (18)
319 2880 414 2917 Capita
433 2887 464 2908 ex
490 2879 584 2908 codice
610 2878 716 2908 Monac.
746 2877 796 2906 551
822 2875 977 2905 sinuantur.
998 2872 1078 2902 Ευιτ.
