1880 3057
159 143 214 179 595

744 148 876 180 PHOTII
891 147 1147 178 PATRIARCII/E
1163 147 1218 178 ΟΡ,

1746 142 1796 174 590

161 202 241 238 ὑμῶν
254 203 288 239 τῇ
305 203 346 236 είς
359 203 391 231 τὸ
406 203 586 239 Εὕα-(γέλων.
599 203 712 240 Singula
725 204 799 233 enim
815 204 952 232 antedicta

1045 203 1083 230 ὦν
1097 204 1130 238 τῇ
1144 203 1184 234 εἰς
1200 201 1230 228 τὺ
1242 200 1409 236 Εὗαγγέλιον
1419 206 1427 216 ⁸
1444 199 1586 228 τουτέστιν
1599 198 1646 226 ἐπὶ
1658 199 1693 234 τῇ
1716 199 1756 230 εἰς
1767 203 1796 226 το

159 256 211 283 per
239 253 387 284 utrumque
404 250 514 277 moduni
542 250 663 282 dicendi,
694 258 849 286 regressum
868 250 895 277 in
925 249 951 276 id

160 295 232 329 quod
247 299 288 322 est
304 294 334 321 τδ
348 295 438 322 κοινδν
454 296 587 331 recipiant
601 304 662 331 :per
674 296 841 332 hyperbaton
859 300 951 323 autem

160 339 331 374 simpliciter,
353 340 380 368 id
396 341 470 376 quod
487 342 664 377 hyperthesin
690 343 794 370 dit-tum
813 348 866 377 est,
884 349 952 370 con-

161 385 272 414 texitur.

196 519 318 547 10.111υι1
332 528 340 547 :
356 519 528 556 Ἀσπςὶξομαι
543 522 614 557 ὑμᾶς
633 522 689 557 ἐγὼ
697 522 832 558 Τέρτιοςό
844 523 953 559 γράψας

159 565 209 597 τὴν
225 565 372 602 ἐπιστολὴν
387 567 416 593 ἐν
434 567 544 602 Κυρίῳ·
560 568 605 596 ubi
624 568 701 600 illud,
715 569 745 596 ἐν
776 569 883 605 Κυρίῳ,
902 577 954 596 an-

161 617 262 637 nexum
277 617 320 638 est
334 611 556 648 111ἰ,ἀσπάζομαι
580 614 664 649 ὑμᾶς,
692 614 769 649 juxta
800 623 880 643 ttsnm
909 622 954 643 se—

160 661 289 690 quentem
305 657 412 685 dicendi
425 659 458 685 ad
468 659 548 686 linem
565 660 705 694 repetitur.
720 660 751 688 Et
763 661 827 688 illttd
841 661 954 693 :"0nw;

161 702 285 738 ἐξέληται
299 704 374 739 ἡμᾶς
390 705 423 731 ἐκ
441 705 488 731 τοῦ
516 706 663 738 ἐνεστῶτος
694 707 791 738 αἰῶνος
815 706 934 742 πονηροῦ
945 715 953 722 ·

161 749 245 777 simili
279 750 364 785 ﬁgura
386 751 509 779 eil'ertur.
541 752 609 779 Nam
635 760 686 780 vox
715 754 835 789 πονηροῦ
863 754 954 782 locttm

162 795 288 830 supplere
303 796 383 823 debet
396 797 457 832 ejus
480 799 554 832 quod
579 799 704 834 sequitur
736 799 896 833 ἐνεστῶτος,
928 804 956 827 et

161 846 331 876 postremum
348 843 438 870 locu-tu
455 843 582 872 absolvit.

197 932 239 959 ll.
255 931 354 959 lterntn
372 941 379 960 :
400 932 502 960 Τούτου
518 933 608 970 χάριν,
619 935 633 960 ὁ
646 934 756 971 δέσμιος
768 934 823 969 ἐγὼ
830 934 877 961 τοῦ
886 935 954 970 Χρι-

161 977 224 1003 στοῦ
245 977 332 1013 Ἰησοῦ
347 978 418 1014 ὑπὲρ
430 979 508 1013 ὑμῶν
518 979 573 1005 τῶν
592 979 678 1006 ἐθνῶν
689 988 696 995 ·
721 980 800 1015 quasi
826 980 931 1008 diceret
945 989 952 1008 :

160 1023 263 1049 Τούτου
279 1023 371 1059 χάριν,
386 1024 400 1050 ό
416 1024 485 1059 ὐπέρ
505 1024 583 1059 ὐμῶν
599 1025 654 1051 τῶν
668 1024 753 1051 ἐθνῶν
767 1025 877 1060 δέσμιος
888 1026 956 1062 Χρι-

161 1067 235 1095 στοῦ.
251 1069 358 1103 Captivi
374 1069 448 1096 enim
464 1070 528 1097 Jesu
541 1070 644 1098 Christi
657 1071 746 1106 plures
761 1070 870 1099 fuerant
883 1079 956 1098 mar-

160 1119 244 1149 tyres,
258 1115 306 1143 sed
319 1123 373 1142 non
390 1123 439 1150 pro
455 1115 584 1151 gentibus
612 1116 638 1143 in
665 1124 802 1145 carcerem
824 1118 953 1154 conjecti.

160 1160 217 1188 Non
229 1161 302 1189 enim
319 1162 381 1189 ideo
397 1162 590 1190 vinciebantur
604 1168 632 1190 et
653 1164 863 1196 orcidehantur,
881 1164 954 1199 quod

159 1212 254 1242 gentes
269 1208 436 1236 adducerent
452 1209 486 1236 ad
508 1209 660 1242 Christum,
679 1209 726 1237 sed
742 1210 814 1245 quod
841 1210 892 1245 ipsi
919 1210 953 1238 ﬁ-

159 1255 221 1283 dem
235 1256 262 1283 in
281 1256 423 1285 Christum
439 1257 570 1285 nolebant
599 1258 744 1293 abnegare.
764 1258 866 1286 Paulus
893 1259 955 1286 vin-

159 1307 221 1330 etus
240 1302 304 1331 Iesu
316 1303 429 1336 Christi,
451 1304 524 1331 haud
539 1305 619 1332 aliter
636 1305 699 1338 fuit,
732 1313 816 1340 quant
844 1311 956 1341 propter

160 1354 272 1384 gentes;
287 1357 386 1385 nempe
409 1351 482 1385 quod
500 1350 553 1378 illis
564 1350 658 1378 Jesnm
677 1350 829 1383 Christum,
856 1355 883 1378 et
899 1359 954 1379 non

161 1399 298 1437 ltunc.aut
313 1397 389 1424 illum
404 1398 596 1428 annuntiabat.
623 1398 729 1425 nullum
759 1399 954 1433 particttlaretn

161 1443 311 1477 nominem,
327 1444 375 1471 sed
393 1444 515 1480 integras
530 1444 656 1471 nationes
674 1444 861 1472 ad‘Christum
889 1453 956 1473 con-

162 1493 286 1517 verteret.
299 1489 449 1524 Eapropter
457 1490 582 1525 captivus
595 1490 752 1518 tenebatur.
765 1490 817 1518 Sed
833 1491 866 1519 de
873 1499 954 1519 sensu

1005 248 1171 284 Εὐαγγέλιον
1193 247 1322 282 κοινωνίᾳ
1354 245 1450 282 ὐμῶν·
1465 246 1483 281 ἢ
1502 245 1551 272 καὶ
1579 245 1684 276 οὕτως’
1700 245 1748 271 ἐπὶ
1763 246 1796 279 τῇ

1004 295 1134 331 κοινωνίᾳ
1149 294 1228 330 ὑμῶν
1239 295 1273 329 τῇ
1289 294 1329 325 εἰς
1347 292 1379 319 τὸ
1401 292 1571 326 Εὐαγγέλιον
1581 299 1589 306 θ
1603 291 1723 317 ἕκαστον
1744 291 1797 325 γὰρ

1003 341 1059 368 τῶν
1075 340 1229 376 εἰρημένων
1243 341 1290 374 ἀφ’
1301 338 1435 373 ἐκατέρου
1447 338 1551 372 τρόπου
1570 337 1621 373 τὴν
1644 338 1685 368 είς
1698 336 1730 362 τὸ
1744 344 1798 363 κοι-

1004 389 1049 416 νδν
1089 386 1220 414 ἐπάνοδον
1253 386 1445 420 ἀπολαμῆὼιει
1459 393 1466 399 ·
1491 383 1554 412 καθ’
1580 382 1737 419 ὑπερϐατὸν
1770 382 1798 409 δέ

1004 433 1145 469 καθαρῶς,
1175 433 1190 460 ὃ
1218 432 1279 459 καθ’
1306 431 1457 467 ὑπέρθεσιν
1494 430 1625 465 λέγεται,
1651 429 1798 456 διαπλέκε-

1004 488 1061 506 ται.

1040 523 1122 556 ι’.Ἰ“ὸ,
1136 523 1307 558 ’Λσπάζομαι
1322 523 1394 557 ὑμᾶς
1407 522 1463 556 ἐγὼ
1475 521 1586 557 Τέρτιος
1596 521 1611 548 ό
1622 521 1734 557 γράψας
1748 519 1797 555 τὴν

1005 570 1150 605 ἐπιστολὴν
1164 571 1194 596 ἐν
1210 569 1324 605 Κυρίῳ·
1340 569 1371 596 τὸ
1397 569 1461 603 γὰρ,
1475 569 1504 595 ἐν
1525 567 1632 603 Κυρίῳ,
1658 567 1798 594 συναπτό-

1007 625 1087 652 μενον
1113 617 1144 643 τδ
1163 615 1185 649 ι,
1201 616 1360 650 ἀσπάζομαι
1374 615 1458 650 ὑμᾶς,
1477 614 1550 641 κατὰ
1576 613 1626 649 τὴν
1649 613 1803 640 ἀκόλουθον

1005 662 1148 696 τοῦλόγου
1161 663 1260 697 χρῆσιν
1273 661 1342 696 πρὸς
1356 660 1395 695 τῷ
1408 660 1482 687 τέλει
1496 659 1546 687 νῦν
1557 659 1729 687 ἀποδέδοται.
1742 660 1799 686 Καὶ

1005 708 1047 740 τὸ,
1062 709 1158 740 Ὅπως
1175 707 1300 743 ἐξέληται
1323 708 1397 742 ἡμᾶς
1417 707 1450 734 ἐκ
1468 706 1516 733 τοῦ
1536 706 1686 738 ἐνεστῶτος
1700 707 1800 738 αἰῶνος

1006 755 1126 791 πονηροῦ
1140 776 1147 788 ,
1180 754 1372 790 παραπλήσιον
1405 753 1469 788 ἔσχε
1508 753 1554 780 τὸν
1588 752 1799 798 σχηματισμόν·

1005 803 1036 830 τδ
1064 803 1129 838 γὰρ,
1159 801 1291 837 πονηροῦ,
1317 800 1368 836 τὴν
1392 800 1492 835 ἐφεξῆς
1503 799 1551 827 τοῦ
1573 800 1724 830 ἐνεστῶτος
1747 799 1801 834 χώ-

971 873 993 902 B
1008 857 1059 885 ραν
1089 848 1200 883 ἐπέχειν
1235 847 1364 881 ὀφεῖλον,
1390 846 1441 882 τὴν
1475 846 1596 882 ἐσχάτην
1636 845 1800 881 ἀνεπλήρω-

1006 903 1064 922 σεν.

1042 944 1088 968 ια’.
1107 940 1162 967 Καὶ
1178 939 1271 969 πάλιν,
1286 939 1389 966 Τούτου
1405 938 1485 974 χάριν
1505 938 1519 964 6
1535 937 1645 972 δέσμιος
1663 936 1714 963 τοῦ
1733 936 1801 972 Χρι-

1006 985 1069 1012 στοῦ
1090 985 1178 1022 Ἰησοῦ
1193 984 1265 1021 ὑπὲρ
1281 985 1358 1021 ὑμῶν
1370 984 1426 1011 τῶν
1438 982 1532 1015 ἐθνῶν,
1544 980 1611 1015 οἷον,
1625 983 1731 1009 Τούτου
1751 982 1802 1017 χά-

1007 1041 1049 1066 ριν
1065 1032 1079 1058 ὁ
1095 1032 1166 1067 ὑπὲρ
1179 1031 1257 1066 ὑμῶν
1267 1030 1322 1057 τῶν
1336 1030 1421 1057 ἐθνῶν
1436 1029 1546 1064 δέσμιος
1553 1027 1601 1055 τοῦ
1614 1026 1736 1064 Χριστοῦ
1747 1027 1801 1060 Ἰη-

1006 1076 1062 1103 σοῦ.
1076 1077 1188 1111 Δέσμιοι
1205 1076 1255 1111 μέν
1271 1076 1326 1111 γὰρ
1340 1075 1469 1110 γεγόνασι
1495 1073 1542 1101 τοῦ
1566 1072 1687 1108 Χριστοῦ
1709 1071 1800 1107 Ἰησοῦ

986 1152 990 1155 _
1006 1122 1052 1149 καὶ
1066 1122 1161 1149 πολλοὶ
1176 1122 1231 1149 τῶν
1247 1121 1405 1158 μαρτύρων,
1427 1121 1485 1148 ἀλλ’
1495 1121 1544 1155 οὐχ
1559 1120 1630 1155 ὑπὲρ
1640 1118 1695 1146 τῶν
1703 1118 1800 1145 ἐθνῶν.

1005 1170 1042 1196 Οὐ
1058 1170 1113 1204 γὰρ
1126 1170 1167 1196 ὅτι
1181 1169 1216 1195 τὰ
1233 1169 1296 1203 ἐονη
1313 1167 1454 1203 προσῆγον
1467 1166 1507 1201 τῷ
1524 1165 1637 1201 Χριστῷ
1660 1164 1706 1191 διὰ
1720 1164 1803 1191 τοῦτο

1005 1215 1124 1242 ἐδέδεντο
1138 1215 1184 1241 καὶ
1199 1214 1377 1244 ἐσφάττοντο,
1393 1212 1450 1239 ἀλλ’
1465 1212 1507 1239 ὅτι
1519 1211 1596 1238 αὐτοὶ
1611 1210 1673 1237 καθ’
1683 1211 1801 1242 ἐαυτοῦς

1005 1262 1054 1297 τὴν
1073 1262 1114 1293 είς
1128 1260 1246 1296 Χριστὸν
1264 1259 1315 1286 οὐκ
1337 1259 1452 1293 ὴθέτουν
1474 1257 1576 1284 πίστιν.
1601 1256 1670 1283 Οὐδέ
1695 1255 1804 1287 Παῦλος

1006 1308 1116 1342 δέσμιος
1133 1307 1183 1341 μὲν
1196 1303 1232 1341 ῆν
1254 1304 1301 1332 τοῦ
1317 1304 1437 1340 Χριστοῦ
1461 1302 1560 1339 Ἰησοῦ,
1578 1303 1646 1330 ἀλλὰ
1663 1303 1710 1329 καὶ
1730 1301 1806 1337 ὑπὲρ

1006 1353 1060 1379 τῶν
1076 1351 1172 1378 ἐθνῶν.
1191 1351 1254 1378 Ὅτι
1271 1351 1329 1385 γὰρ
1345 1350 1495 1384 ἐκήρυττεν
1517 1349 1610 1380 αὐτοῖς
1625 1348 1671 1374 τὸν
1683 1347 1806 1383 Χριστὸν

1006 1399 1054 1426 καὶ
1076 1399 1117 1425 ὅτι
1131 1397 1191 1432 οὐχὶ
1212 1397 1287 1423 τόνδε
1302 1396 1318 1431 ἢ
1340 1395 1432 1426 τόνδε,
1450 1395 1518 1422 ἀλλὰ
1542 1396 1589 1421 καὶ
1605 1395 1710 1430 δήμους
1725 1394 1806 1426 ὅλους

1008 1444 1144 1479 μετετίθει
1159 1443 1227 1478 πρὸς
1243 1442 1361 1478 Χριστόν
1371 1449 1378 1456 ·
1398 1441 1443 1468 διὰ
1450 1441 1531 1468 τοῦτο
1542 1440 1572 1467 τὸ
1587 1441 1669 1467 πλέον
1684 1439 1806 1467 ἐδέδετο.

1013 1490 1094 1517 Ἀλλὰ
1107 1490 1173 1524 περὶ
1187 1490 1238 1524 μὲν
1253 1490 1304 1523 τῆς
1319 1489 1350 1515 ἐν
1363 1489 1396 1524 τῇ
1411 1488 1518 1523 διανοίᾳ
1542 1487 1660 1523 θεωρίας
1681 1487 1731 1514 καὶ
1752 1486 1810 1521 τῆς

162 1533 214 1561 ioci
229 1534 365 1567 interiori,
380 1541 408 1563 et
423 1536 569 1563 verborum
584 1536 797 1572 signiﬁcatione,
817 1537 882 1564 alibi
894 1546 955 1565 sum

1044 1545 1061 1563 ιν
1075 1535 1177 1563 λέξεων
1188 1535 1367 1568 ἀναπτύξεως
1380 1535 1409 1561 ἐν
1427 1534 1527 1566 ἄλλοις.

162 1580 297 1608 dicturus.

198 1626 241 1654 ιε.
257 1627 297 1653 Ad
312 1635 374 1654 eum
389 1628 545 1663 tropologia:
562 1629 672 1656 modum
688 1635 812 1664 spectat:
830 1630 903 1657 01δέ
915 1639 957 1657 m-

162 1672 242 1703 στοῦς
266 1671 373 1707 ἔχοντες
402 1673 536 1707 δεσπότας
561 1674 598 1709 μὴ
625 1675 882 1710 καταφρονείτωσαν
916 1676 956 1702 ὅτι

163 1717 271 1752 ἀδελφοί
290 1719 369 1751 εἰσιν,
381 1719 448 1746 ἀλλὰ
464 1719 568 1755 μᾶλλον
580 1720 794 1753 δουλευέτωσαν,
812 1722 853 1748 ὄτι
867 1722 958 1748 πιστοί

163 1764 215 1790 εἰσι
233 1764 280 1790 καὶ⁸
292 1765 438 1798 ἀγαπητοὶ,
452 1765 478 1791 οἱ
492 1766 542 1800 τῆς
565 1765 723 1801 εὐεργεσίας
760 1767 958 1802 ἀντιλαμϐανό-

164 1817 239 1844 μενοι
256 1809 272 1844 ἢ
290 1810 461 1844 μετέχοντες.
481 1811 558 1838 Patet
583 1816 674 1838 autent
714 1812 787 1846 quod
813 1812 959 1846 εὑργεσίας

163 1854 426 1890 ἁντιλαμόανόμενοι
439 1864 486 1891 per
503 1856 787 1892 hyperbaton'dicitur
799 1865 805 1889 ;
817 1857 957 1892 proprium

164 1908 228 1927 vero
246 1901 333 1928 locum
347 1901 369 1928 si
391 1901 551 1936 disponatur
565 1907 638 1930 recte
654 1902 695 1930 sic
709 1903 844 1937 supplehit
861 1902 959 1930 εἈλλὰ

166 1946 265 1980 μᾶλλον
276 1947 300 1973 οἱ
313 1947 362 1982 τῆς
371 1947 532 1983 εὐεργεσίας
540 1948 816 1983 ἀντιλαμϐανόμενοι.
828 1949 956 1976 δουλευέ-

165 2001 265 2024 τωσαν,
283 1993 325 2020 ὃτι
337 1994 428 2020 πιστοί
442 1994 495 2020 εἰσι
510 1995 557 2020 καὶ
581 1995 735 2030 ἀγαπητοί·
767 2003 864 2030 nempe
887 1997 959 2031 quod

166 2038 289 2072 ipsorum
308 2038 366 2065 heri
385 2039 453 2066 tales
467 2039 534 2066 sint.

204 2084 245 2110 l5.
262 2084 301 2110 Ad
319 2084 445 2111 eumdem
462 2085 572 2112 modum
592 2085 690 2113 ethoc
707 2085 836 2118 refertur.
862 2086 960 2122 ’Υμετς

166 2129 194 2158 δὲ
205 2130 254 2165 οὐχ
273 2129 358 2162 οὕτως
375 2130 491 2165 ἐμάθετε
502 2131 547 2158 τὸν
562 2131 690 2167 Χριστὸν,
709 2132 767 2166 εῐγε
779 2131 862 2159 αὐτὸν
873 2132 958 2168 ἠκού-

168 2185 232 2202 σατε
243 2198 249 2205 .
263 2176 310 2203 καὶ
327 2177 357 2203 ἐν
367 2176 442 2212 αὐτῷ
456 2177 615 2213 ἐδιδάχθητε
627 2185 635 2193 ·
651 2177 744 2209 καθώς
754 2178 828 2204 ἐστιν
853 2178 870 2214 ἡ
893 2178 959 2213 ἀλή-

1040 1622 1088 1658 ιβ⁷.
1099 1623 1156 1656 Τῆς
1165 1621 1252 1656 αὐτῆς
1266 1620 1357 1656 μέντοι
1370 1619 1550 1655 τροπολογίας
1561 1618 1653 1653 ἔχεται
1665 1619 1713 1644 καὶ
1719 1617 1762 1645 τό·
1773 1618 1810 1645 Ol

1007 1669 1034 1696 δὲ
1047 1668 1159 1699 πιστοὺς
1167 1667 1274 1702 ἔχοντες
1283 1666 1416 1698 δεσπότας
1427 1665 1465 1701 μὴ
1471 1664 1750 1701 καταφρονείτωσαν,
1761 1664 1808 1691 ὅτι

1008 1713 1118 1747 ἀδελφοί
1133 1713 1217 1740 εἰσιν·
1233 1711 1302 1739 ἀλλὰ
1318 1711 1421 1746 μᾶλλον
1431 1710 1644 1741 δουλευέτωσαν,
1658 1709 1700 1736 ὅτι
1714 1710 1812 1736 πιστοί

1008 1761 1062 1787 εισι
1082 1760 1129 1786 καὶ
1141 1758 1290 1794 ἀγαπητοὶ,
1314 1757 1340 1784 οἱ
1360 1757 1411 1792 τῆς
1430 1755 1591 1793 εὐεργεσίας
1602 1755 1810 1790 ἀντιλαμϐανό-

1010 1814 1085 1841 μενοι
1106 1805 1123 1840 ἢ
1149 1805 1328 1840 μετέχοντες·
1356 1803 1387 1830 τὸ
1412 1803 1478 1838 γὰρ,
1511 1803 1537 1830 οἱ
1561 1803 1615 1838 τῆς
1638 1803 1810 1838 εὐεργεσίας

1009 1851 1282 1886 ἀντιλαμϐανόμενοι,
1305 1850 1424 1885 φανερὸν
1445 1850 1484 1882 ὼς
1504 1849 1698 1885 ὐπερτέθειται
1711 1857 1718 1863 ·
1740 1849 1815 1876 ἀναο

1010 1898 1192 1934 πληρώσειδέ
1201 1898 1251 1933 τὴν
1263 1897 1367 1924 οἰκείαν
1381 1895 1474 1932 χώραν
1484 1895 1556 1922 οὕτω
1568 1904 1627 1926 πως
1643 1894 1795 1930 διαταχθέν
1804 1903 1813 1910 ·

1012 1945 1094 1972 ’Δλλὰ
1125 1944 1227 1979 μᾶλλον
1241 1944 1265 1970 oi
1288 1943 1337 1977 τῆς
1356 1942 1516 1977 εὐεργεσίας
1542 1940 1814 1976 ἀντιλαμϐανόμενοι

1009 1988 1220 2020 δουλευέτωσαν,
1234 1988 1275 2015 ὃτι
1289 1987 1378 2014 πιστοί
1391 1988 1443 2014 ﬂat
1461 1986 1508 2013 καὶ
1531 1986 1670 2022 ἀγαπητοί
1683 1994 1689 2001 ·
1705 1986 1731 2012 οι
1762 1986 1814 2012 δε-

1010 2036 1109 2063 σπόται
1120 2035 1253 2071 δηλονότι,

1048 2084 1093 2116 ιγ’.
1113 2082 1157 2113 Et;
1183 2080 1228 2107 τὸν
1241 2080 1324 2107 αὑτὸν
1344 2079 1490 2116 δὲτρόπον
1514 2078 1749 2119 ἁναφέρεταιικαὶ
1767 2078 1813 2110 τέ,

1018 2128 1115 2163 Ὑμεῖς
1124 2128 1152 2155 δὲ
1166 2128 1215 2162 οὐχ
1229 2127 1317 2158 οὕτως
1329 2126 1445 2161 ἐμάθετε
1453 2125 1623 2162 τδνΧριστόν
1631 2134 1638 2141 ο
1656 2125 1715 2160 εῐγε
1727 2125 1815 2152 αὐτὴν

1011 2174 1148 2210 ἠκούσατε
1157 2173 1204 2201 καὶ
1216 2174 1245 2200 ἐν
1254 2173 1328 2208 αὑτῷ
1342 2173 1511 2208 ἐδιδάχθητε,
1524 2172 1617 2204 καθώς
1628 2172 1703 2198 ἐστιν
1714 2173 1732 2207 ἡ
1742 2171 1815 2206 ἀλή-

167 2223 227 2249 θεια
239 2223 268 2249 ἐν
284 2222 323 2259 τῷ
343 2222 443 2259 Ἰησοῦ,
458 2223 610 2250 ἀποθέσθαι
621 2223 695 2259 ὑμᾶς
708 2223 778 2250 κατὰ
793 2223 842 2260 τὴν
862 2224 959 2260 προτέ-
977 2213 998 2240 Β
1013 2220 1074 2248 θεια
1085 2220 1115 2246 ἐν
1128 2219 1168 2255 τῷ
1192 2219 1279 2254 Ἰησοῦ
1295 2218 1446 2245 ἀποθέσθαι
1466 2219 1539 2254 ὑμᾶς
1553 2218 1624 2245 κατὰ
1641 2217 1692 2252 τὴν
1711 2217 1816 2253 προτι-

169 2277 218 2303 ραν
230 2269 402 2305 ἀναστροφὴν
424 2270 470 2296 τὸν
494 2269 611 2297 παλαιὸν
636 2270 790 2305 ἄνθρωπον.
816 2269 873 2298 Nisi
888 2271 961 2298 enint

167 2314 262 2341 ordine
278 2319 382 2342 mutato
395 2314 540 2342 dicerenus
553 2324 559 2342 :
575 2315 819 2351 Ἀποθέσθαιύμᾶς
833 2316 880 2342 τὸν
892 2315 964 2343 κατὰ

167 2362 217 2397 τὴν
231 2361 367 2397 προτέραν
382 2361 556 2397 ἀναστροφὴν
571 2361 683 2388 παλαιὸν
697 2361 840 2397 ἄντρωπον
851 2369 859 2377 ·
877 2366 925 2389 aut
939 2362 963 2389 si

167 2409 247 2441 velis,
267 2408 432 2436 Ἀποθέσθαι
449 2408 521 2443 ὑμᾶς
533 2407 579 2435 τδν
601 2408 717 2435 παλαιὸν
745 2408 901 2443 ἄνθρωπον,
915 2407 960 2435 τὸν

168 2455 240 2482 κατὰ
261 2455 310 2491 τὴν
333 2454 471 2490 προτέραν
492 2455 686 2491 ἁναστροςρήνι
715 2454 791 2482 locus
813 2462 896 2482 sensu
916 2455 963 2482 dc-

168 2501 338 2529 stituea-etur.

208 2547 249 2574 14,
272 2546 310 2573 lla
325 2550 353 2573 et
370 2546 396 2572 in
412 2546 484 2580 istis,
502 2546 561 2573 ’Ὶνα
571 2546 619 2582 δῳ,
635 2546 708 2573 κατὰ
723 2545 770 2572 τὺν
784 2545 901 2573 πλοῦτον
912 2545 961 2581 τῆς

170 2593 248 2628 δόξης
262 2592 347 2620 αὐτοῦ
362 2593 477 2628 δυνάμει
491 2593 696 2629 κραταιωθῆναι
708 2593 754 2620 διὰ
765 2592 812 2620 τοῦ
833 2591 962 2628 Πνεύμα-

172 2647 217 2672 τος
231 2639 314 2667 αὐτοῦ
336 2640 376 2672 είς
399 2641 444 2667 τὸν
470 2641 524 2667 ἐσω
547 2641 710 2676 ἄνθρωπων,
735 2640 899 2675 κατοικῆσαι
919 2638 965 2666 τὸν

173 2686 289 2722 Χριστὸν
315 2685 361 2723 διᾲ
373 2687 422 2723 τῆς
439 2688 557 2720 πίστεως
572 2688 602 2715 ἐν
617 2689 677 2721 ταῖς
693 2686 819 2724 καρδίαις
836 2685 925 2720 ὑμῶν,
935 2686 965 2713 ἐν

1016 2276 1066 2303 ραν
1094 2266 1267 2302 ἀναστροφὴν
1292 2266 1338 2292 τὸν
1356 2265 1469 2292 παλαιὸν
1484 2265 1637 2301 ἄνθρωπον.
1657 2264 1688 2290 El
1704 2264 1744 2299 μὴ
1757 2265 1816 2299 γὰρ

1016 2313 1183 2350 ὑπερθέντες
1196 2314 1264 2340 είποι
1272 2321 1332 2348 μεν,
1348 2311 1513 2338 ’Δποθέσθαι
1524 2311 1597 2343 ὑμᾶς
1609 2310 1655 2337 τὸν
1672 2309 1746 2337 κατὰ
1762 2311 1817 2345 τὴν

1014 2360 1152 2396 προτέραν
1168 2358 1343 2394 ἀναστροφὴν
1357 2357 1472 2385 παλαιὸν
1487 2356 1649 2392 ἄνθρωπον⁸
1668 2356 1698 2391 ἢ,
1712 2357 1738 2383 εἰ
1754 2356 1817 2391 βού-

1015 2407 1066 2439 λει,
1082 2405 1245 2433 ’Δποθέσθαι
1255 2405 1327 2440 ὑμᾶς
1339 2404 1385 2431 τδν
1396 2404 1513 2431 παλαιὸν
1525 2403 1669 2438 ἄνθρωπον
1680 2402 1729 2429 τδν
1742 2403 1817 2429 κατά

1017 2454 1067 2488 τὴν
1078 2453 1216 2489 προτέραν
1231 2450 1408 2487 ἀναστροφὴν
1433 2450 1475 2482 εἰς
1495 2449 1658 2485 ἀδιανόητον
1669 2448 1704 2476 ἂν
1735 2457 1818 2485 περι-

1016 2500 1172 2535 ενεχθέντες
1188 2498 1296 2534 εἴημεν.

1054 2545 1094 2572 ιδ’.
1104 2545 1159 2572 Καὶ
1172 2544 1203 2580 δὴ
1216 2543 1264 2571 καὶ
1279 2544 1308 2570 ἐν
1320 2542 1370 2578 τῷ,
1385 2542 1445 2570 Ἵνα
1457 2542 1496 2578 δῷ
1505 2541 1576 2568 κατὰ
1583 2541 1629 2568 τδν
1637 2540 1757 2567 πλοῦτον
1765 2540 1818 2575 τῆς

1016 2590 1096 2625 δόξης
1109 2590 1192 2617 αὐτοῦ
1209 2589 1323 2624 δυνάμει
1338 2587 1543 2624 κραταιωθῆναι
1556 2587 1601 2614 διὰ
1623 2585 1671 2612 τοῦ
1688 2586 1818 2620 Πνεῦμα-

1017 2646 1063 2669 τος
1078 2636 1160 2664 αὐτοῦ
1172 2637 1212 2669 εἰς
1223 2636 1268 2663 τὴν
1282 2637 1337 2662 ἐσω
1346 2634 1501 2669 ἄνθρωπον,
1514 2633 1679 2667 κατοικῆσαι
1690 2631 1739 2659 τὸν
1750 2632 1819 2666 Χρι-

1020 2683 1082 2711 στὸν
1092 2683 1137 2711 διὰ
1152 2684 1204 2720 τῆς
1215 2683 1332 2714 πίστεως
1348 2682 1377 2709 ἐν
1386 2682 1447 2714 ταῖς
1458 2680 1584 2717 καρδίαις
1597 2678 1687 2715 ὑμῶν,
1701 2679 1732 2707 ἐν
1744 2678 1817 2713 ἀγό-

810 2799 932 2829 νΔΚΙίΕ
951 2799 1152 2828 LECTlONES.

222 2879 229 2900 ¹
244 2879 290 2908 to.
307 2880 358 2915 τῷ.
