1873 3063
83 128 130 161 6υό

490 124 541 154 ΑΙ)
557 119 858 153 AMPIIILOCHIUM
874 118 1048 155 QUESTIO
1062 119 1161 150 XCIV.
1178 119 1261 150 XCV.

1654 123 1710 157 608

85 185 167 220 ὥσπερ
190 183 223 219 δὴ
240 182 330 210 ταῦτα
358 181 406 209 τοῦ
431 179 649 216 προσλήμματος
672 175 723 213 ἦν,
750 176 781 203 οὺ
813 184 824 202 ιι

970 182 985 202 a
1003 174 1206 210 disquisitione,
1231 175 1381 210 quidquam
1406 175 1522 211 invenit,
1543 177 1638 212 veluti,
1666 187 1709 207 m-

84 232 167 262 λόγον·
191 229 264 256 οὕτω
293 228 341 255 καὶ
383 227 424 259 τὸ,
444 235 453 252 ι
488 225 518 252 '0
549 224 644 259 Πατήρ
677 231 730 258 μου
759 221 859 257 μείζων

85 275 129 311 μού
139 276 200 302 ἐστι·
219 283 228 299 ι
247 272 349 307 μεταξὺ
364 271 418 306 γὰρ
426 269 540 296 ἐκείνων
551 268 641 300 τοῦτο,
656 268 702 294 καὶ
711 266 860 301 παραπλη-

85 310 143 352 σίως
161 320 251 350 αὐτοῖς
272 318 391 354 εἴρηται.
409 314 487 346 Τινὲς
502 314 543 347 δὲ,
564 313 629 348 περὶ
646 312 695 348 μὲν
710 311 758 338 τοῦ
773 310 860 344 Λόγου

82 368 109 394 τὸ
126 366 210 402 μεῖζον
233 363 444 399 συνεχώρησαν·
466 361 515 396 οὐχ
539 359 634 390 ἁπλῶς
656 359 685 385 δὲ
710 357 792 385 τοῦτο
814 355 862 383 καὶ

82 414 138 441 κατ’
149 412 251 443 οὐσίαν,
266 410 324 437 ἀλλ’
342 409 421 444 εἰπερ
441 407 546 443 ὲστὶνή
563 405 771 441 ὲνανθρώπησις
790 403 862 438 ἄκρα

83 459 185 490 κένωσις
201 458 248 484 καὶ
263 456 401 484 ταπείνωο·
414 463 439 486 ς.
459 453 521 480 καθ’
537 453 552 479 ὃ
571 454 724 480 κεκένωκεν
741 449 837 477 ἑαυτὸν
848 450 862 475 ὁ

82 505 158 538 Λόγος
165 503 210 530 ut
224 500 392 529 ἔταττεινωσε
407 500 421 520 δ
434 509 443 526 ι
457 498 564 535 μορφὴν
578 497 673 524 δούλου
687 495 811 524 ὑπελθὼν
819 500 858 528 ε.)

81 549 152 584 δῆλον
161 550 199 575 ὅτι
216 546 266 573 τοῦ
279 545 412 582 μηδαμῶς
427 545 594 575 ὑποστάντος
614 543 664 578 τὴν
688 542 806 569 κένωσιν
816 541 864 568 καὶ

81 594 246 624 ταπείνωσιν,
272 592 427 623 ἀκολούθως
452 590 552 622 λέγοιτ’
565 589 598 617 ἂν
620 589 651 616 τὸ
666 588 777 615 ἔλαττον
806 588 863 614 ἀπ-

82 640 249 675 ενέγκασθαι·
267 641 296 667 ὲν
310 638 417 674 μείζοσι
428 637 483 671 γὰρ
502 637 663 672 ὑπεροχαῖς,
679 634 740 662 κατ’
754 634 821 661 αὺτὸ
831 642 864 668 γε

78 686 161 719 τοῦτο,
175 686 190 711 ὁ
205 685 341 715 ἀκένωτος
354 683 402 710 τοῦ
416 682 605 717 κεκενωμένου
618 681 720 717 μείζων
743 679 802 707 ἐστὶ
816 679 864 706 καὶ.

78 735 93 760 ὸ
106 733 152 768 τῆς
173 731 242 763 ιδίας
268 729 407 765 ὑπεροχῆς
425 728 508 764 μηδὲν
529 727 662 762 καοαφεὶς
677 726 702 760 ἀ,
720 725 768 753 τοῦ
783 724 864 761 μέχρι

79 779 123 807 καὶ
147 779 200 805 τῶν
222 776 415 804 ὲπονειδίστων
442 774 548 807 παθῶν,
570 772 700 809 σταυροῦ,
717 772 800 807 φημὶ,
817 772 866 798 καὶ

79 827 189 853 θανάτου
198 822 386 858 διεληλυθότος
397 822 448 857 τῆς
459 821 631 856 ἀνθρωπίνης
640 819 757 853 φύσεως.
772 817 865 845 Ἐκδέ-

79 873 151 905 ξαιτο
162 871 184 898 δ’
199 872 232 898 ἄν
245 879 287 901 τις
302 870 352 896 οὑκ
365 867 519 899 ἀπεικότως
530 868 578 893 καὶ
591 866 660 902 πρὸς
676 866 725 901 τὴν
741 865 797 891 τῶν
813 873 865 900 μα-
882 861 902 890 Β

77 916 164 952 θητῶν
191 915 311 942 διάνοιαν
338 913 463 948 εἰρῆσθαι
485 912 531 939 τὸν
551 911 643 946 λόγον’
661 911 723 937 ἐπεὶ
744 910 799 946 γὰρ
823 910 864 936 ἑτι

75 961 176 992 ἀτελῶς
190 956 263 986 οὗτοι
280 958 415 985 διέκειντο
437 957 502 992 περὶ
526 956 572 982 τὸν
587 955 654 982 Θεὸν
671 955 720 982 καὶ
736 954 865 981 διδάσκα-

76 1008 131 1040 λον,
146 1005 258 1041 μειζονά
272 1012 302 1031 τε
324 1002 414 1038 πολλῷ
438 1003 483 1028 τὸν
499 1001 613 1037 Πατέρα
625 1000 750 1036 ἐνόμιζον
761 1008 768 1015 ·
786 999 865 1026 τοῦτο

77 1053 126 1087 μὲν
143 1051 197 1077 τῶν
210 1048 366 1077 Μωσαῖκῶν
383 1046 474 1082 νόμων
486 1045 700 1081 ἐμφανέστερον,
716 1044 808 1076 αὐτοῖς
821 1044 866 1071 τὶν

76 1097 185 1132 Πατέρα
197 1096 214 1131 ἢ
229 1095 274 1121 τὸν
290 1094 354 1120 Υιὺν
378 1091 638 1130 καταγγελλόντων·
654 1089 735 1116 τοῦτο
749 1089 778 1116 δὲ
792 1094 804 1108 ο
818 1088 865 1115 τοῦ

76 1142 201 1177 Σωτῆρος
214 1140 281 1168 ,ἄνω
297 1139 344 1166 καὶ
359 1138 434 1165 κάτω
457 1137 687 1173 περιστρέφοντος
711 1135 802 1166 αὐτοῖς
821 1133 867 1161 τὸν

76 1189 194 1223 Πατέρα.
216 1186 294 1213 Ἐπεὶ
309 1183 355 1212 οὖν
367 1183 481 1219 τοιαύτη
497 1191 539 1214 τις
556 1182 649 1213 αὐτοῖς
661 1180 838 1216 ἐνεστήρικτο
848 1179 865 1214 ἡ

75 1235 138 1267 ὂᾶξει
148 1234 204 1268 (διὰ
214 1233 269 1269 γὰρ
279 1232 359 1259 τοῦτο
373 1231 420 1258 καὶ
434 1230 538 1264 ἔλεγον,
559 1238 568 1255 ι
580 1229 672 1262 Δεῖξον
682 1228 748 1263 ἡμῖν
762 1227 808 1253 τὸν
817 1227 869 1253 Πα-

73 1282 152 1317 τέρα,
159 1281 208 1307 καὶ
213 1279 294 1315 ἀρκεῖ
300 1279 365 1314 ἡμῖν
376 1287 384 1303 ι
390 1278 399 1311 )
404 1298 411 1310 ,
418 1277 485 1312 πρὸς
491 1276 540 1312 τὴν
547 1274 658 1302 ἐκείνων
665 1274 680 1300 ὑ
686 1273 799 1309 πόληψιν
806 1273 870 1299 ἀποο

73 1327 230 1363 τεινόμενος
239 1326 358 1356 ἵσταται,
371 1322 492 1350 τοιοῦτόν
504 1320 742 1356 τιλέγων,ιιὺτοὺς
756 1319 765 1338 ι
779 1317 870 1353 ἀσύμ-

74 1383 152 1409 φωνα
160 1374 222 1404 ταῖς
232 1371 306 1406 σφῶν
313 1369 469 1406 ὁμολογίαις
477 1366 700 1403 διαπράττεσθαι,
710 1365 782 1400 λύπῃ
791 1363 872 1391 διδόν’

73 1429 119 1452 τις
124 1419 250 1451 ἑαυτοὺς,
262 1427 271 1444 ι
279 1418 375 1444 Ὀτιπε
379 1425 395 1451 ρ
403 1415 482 1451 ἔφην·
491 1413 647 1450 Πορεύομαι
656 1412 724 1448 πρὸς
732 1411 777 1438 τὸν
788 1410 873 1438 Πατέ-

75 1475 120 1502 ρα.
134 1475 143 1491 ι
153 1465 185 1492 Εἰ
192 1463 378 1499 γὰρήγαπᾶτέ
388 1470 433 1497 με,
441 1461 515 1488 δοκεί
521 1461 550 1488 δὲ
562 1460 627 1496 ὑμῖν
634 1459 682 1486 καὶ
691 1458 792 1494 μείζων
801 1454 870 1484 εἶναι

73 1513 89 1538 ὸ
99 1511 209 1546 Πατὴρ,
217 1510 325 1546 χαίρειν
333 1509 406 1544 ὑμᾶς
417 1508 482 1540 ἔδει,
491 1507 635 1543 διότιπρὸς
642 1506 688 1533 τὸν
701 1505 811 1541 μείζονα
822 1512 872 1531 πο-

75 1559 195 1595 ρεύομαι
206 1566 213 1574 ·
227 1557 324 1585 τοῦτον
334 1557 389 1592 γὰρ
397 1556 444 1583 καὶ
452 1557 517 1591 ὑμῖν
524 1555 583 1589 εἴτε
593 1555 674 1590 μόνον
684 1553 867 1589 ὑποδείξαιμι,
881 1557 904 1587 c,

74 1607 138 1633 ἀντὶ
157 1606 269 1632 πάντων
283 1604 442 1639 ἐξαρκέσειν
457 1601 632 1629 διετείνεσθε.
655 1600 798 1636 mna-{ap
821 1599 869 1627 καὶ

74 1649 259 1685 κατὰταύτην
271 1649 321 1684 τὴν
338 1649 471 1680 διάνοιαν,
482 1647 592 1683 μείζονα
609 1645 736 1681 λελέχθαι
749 1645 796 1672 τὸν
812 1646 870 1672 Πα-

72 1697 144 1733 τέρα
150 1695 228 1731 παρὰ
233 1695 281 1722 τοῦ
287 1695 365 1728 Υιοῦ,
374 1695 441 1726 εἴτις
449 1694 598 1729 έκδέχοιτο,
608 1694 658 1720 οὐκ
665 1692 699 1720 ἂν
706 1691 870 1727 ἀπενεχθείη

71 1744 123 1771 τοῦ
150 1743 317 1778 πρέποντος.
346 1741 430 1768 Οὐδὲν
453 1741 482 1767 δὲ
510 1740 575 1772 ἴσως
601 1738 701 1766 κωλύει
725 1739 772 1766 καὶ
796 1738 872 1773 ῥῆμα

73 1790 157 1817 τοῦτο
166 1789 317 1816 ὑπολαϐεῖν
327 1787 570 1822 συγκαταὸάσεως,
585 1786 630 1813 διὰ
638 1786 689 1822 τὴν
699 1785 755 1812 τῶν
770 1785 873 1820 ἀκροα-

74 1837 132 1864 τῶν
145 1824 295 1862 ἆσθένειαν
321 1832 559 1869 ἐσχηματισμένον
586 1831 655 1867 πρὸς
668 1830 700 1857 τὸ
714 1830 872 1856 ταπεινότε-

74 1890 143 1918 ρον·
160 1881 220 1908 ἔστι
244 1881 299 1916 γὰρ
314 1879 401 1915 πολλὴ
420 1880 433 1900 ⁸
450 1879 498 1906 καὶ
521 1878 576 1906 τῶν
600 1876 728 1905 τοιούτων
755 1874 873 1910 λόγωνὴ

73 1928 224 1963 οἰκονομία
251 1927 299 1953 ἐπὶ
326 1926 419 1962 κέρδει
433 1926 480 1952 καὶ
498 1923 623 1960 σωτηρίᾳ
637 1924 693 1950 τῶν
712 1922 747 1949 τὰ
769 1920 873 1948 τελειό-

71 1982 145 2009 τερα
179 1973 267 2008 μήπω
303 1972 399 2007 φέρειν
433 1969 608 2004 δυναμένων·
637 1968 733 2002 ὥσπερ
759 1967 807 1994 καὶ
832 1966 873 1999 τὸ,

73 2029 85 2046 ι
97 2020 255 2055 Ἐρωτήσω
266 2019 312 2046 τδν
329 2018 450 2053 Πατέρα,
463 2017 510 2044 καὶ
525 2016 605 2043 ἄλλον
615 2015 792 2052 Παράκλτ,τον
803 2015 875 2049 πέμ-

70 2066 122 2100 ψει
134 2073 142 2080 ’
156 2074 167 2091 ι
180 2066 254 2097 καὶ,ι
269 2062 430 2099 Εὑχαριστῶ
439 2071 491 2095 σοι,
499 2062 542 2089 ὅτι
549 2060 665 2089 πάντοτέ
674 2069 725 2096 μου
733 2059 853 2093 ἀκούεις,
864 2068 873 2083 ι

71 2113 124 2139 καὶ
141 2112 232 2147 μυρία
259 2110 338 2138 ἄλλα.
357 2108 442 2136 Πόθεν
467 2105 514 2134 οὖν
536 2107 627 2143 δῆλον,
639 2107 680 2133 ὅτι
704 2105 791 2132 ταῦτα
809 2105 877 2140 πρὸς

70 2159 126 2193 τὴν
136 2156 255 2185 ἀποενοὶ
260 2165 311 2184 σαν
321 2155 406 2192 ἀκοὴν
419 2153 623 2190 ἐσχημάτισται
632 2161 640 2186 ;
658 2152 745 2183 Abt)»;
755 2152 769 2178 ό
780 2151 877 2185 Σωτὴρ

70 2207 89 2241 ή
102 2205 188 2242 πηγὴ
202 2205 252 2239 τῆς
271 2203 379 2237 σοφίας,
397 2202 445 2230 καὶ
459 2201 594 2232 συνέσεως
608 2200 726 2232 ἄϐυσσος
743 2199 768 2231 II,
781 2199 878 2225 ἑαυτὸν

70 2250 244 2288 ἑρμηνεύων
254 2248 375 2281 ἐδίδαξεν
389 2247 474 2274 εἰπών
484 2255 492 2262 ⁶
509 2256 519 2272 ι
538 2245 610 2281 Ἐγὼ
622 2245 651 2272 δὲ
664 2245 741 2281 ᾔδειν
757 2245 798 2271 ὅτι
809 2243 878 2270 πάν-

69 2299 139 2325 τοτέ
149 2306 204 2333 μου
218 2296 340 2329 ἀκούεις,
349 2295 418 2322 ἀλλὰ
431 2295 479 2321 διὰ
492 2294 538 2320 τὸν
551 2294 630 2328 ὄχλον
643 2293 689 2319 τον
705 2290 879 2327 περιεστῶτα

70 2343 171 2376 εἶπον,
191 2343 237 2370 ἵνα
263 2342 448 2369 πιστεύσωσιν
473 2341 516 2367 ὅτι
542 2339 575 2366 σύ
605 2347 639 2374 με
671 2337 847 2368 ἀπέστειλας.
867 2346 876 2363 ι

77 2391 169 2417 Ἀλλὰ
196 2389 250 2425 γὰρ
272 2388 333 2415 κατ’
351 2387 500 2422 ἐπιστολὴν
515 2384 712 2421 ἀποχρώντως,
731 2381 820 2419 οἶμαι,
836 2383 878 2410 σοὶ

72 2436 138 2472 ἔχει
155 2435 209 2462 τοῦ
223 2434 390 2470 ζητηθέντος
402 2433 452 2468 τὴν
466 2433 596 2467 μάθησιν.

71 2482 160 2509 docet.
179 2490 189 2508 :
206 2491 215 2507 ι
235 2481 292 2516 Ego
305 2484 398 2507 autem
434 2479 503 2511 scio,
521 2477 596 2513 quod
625 2484 668 2504 tne
690 2483 800 2511 semper
824 2475 914 2509 audis,

913 227 996 256 quam
1015 220 1073 248 haec
1092 220 1125 247 ad
1148 226 1318 255 assumptam
1342 229 1452 250 carnem
1467 223 1635 257 referuntur,
1653 233 1708 253 non

913 273 1004 294 autem
1027 266 1061 293 ad
1078 266 1202 299 verbum,
1222 266 1262 294 sic
1285 271 1312 294 et
1330 267 1405 299 illud,
1425 277 1434 294 ι
1454 268 1534 296 Pater
1562 277 1639 298 meus
1666 278 1709 297 me

914 309 1003 344 major
1027 313 1079 342 est,
1096 319 1105 335 ι
1129 310 1199 337 inter
1225 311 1299 338 enim
1324 313 1452 347 superius
1484 314 1598 342 recitata
1623 314 1708 343 simili

915 355 996 383 modo
1021 356 1158 391 prolatum
1182 361 1209 384 el
1228 356 1281 385 hoc
1296 358 1406 385 dicitur.
1420 358 1538 392 Quidam
1566 361 1650 388 etiam
1673 362 1709 389 de

914 402 1006 429 Verbo
1021 403 1176 430 concedunt
1190 402 1267 435 illud,
1284 404 1371 438 major
1387 412 1440 431 non
1463 410 1554 433 autem
1578 406 1710 442 simplici-

916 451 967 479 ter,
984 448 1024 475 vel
1050 449 1200 476 secundum
1223 449 1404 477 substantiam
1421 459 1429 477 :
1450 451 1496 478 sed
1516 452 1538 479 si
1557 451 1709 482 incarnalio

917 494 998 522 fuerit
1017 503 1124 522 summa
1147 496 1296 524 exinanitio
1316 501 1343 524 et
1368 497 1532 531 humiliatio,
1557 500 1708 527 secundum

915 549 998 577 quam
1016 543 1158 569 evacuavit
1179 550 1207 570 se
1226 542 1344 570 Verbum
1367 548 1394 571 et
1414 544 1568 572 humiliavit
1586 554 1593 572 :
1614 555 1622 572 ι
1641 546 1710 574 For-

916 595 989 614 mam
1005 587 1076 614 servi
1095 588 1210 616 inducas
1223 588 1257 621 ",
1277 598 1286 615 ι
1304 595 1378 624 patet
1395 590 1468 625 quod
1484 590 1558 618 illius
1577 591 1626 624 rei,
1649 599 1710 627 qua:

917 633 992 661 nullo
1009 634 1091 661 modo
1106 634 1344 665 substernebatur.
1361 638 1504 665 evacuatio
1516 642 1542 664 ct
1559 637 1712 665 humilialio

917 685 1115 716 consequenter
1147 681 1256 708 dicatur
1283 682 1470 709 minoritatcm
1500 683 1655 717 retulisse;
1683 684 1710 710 in

918 728 1070 764 majoribus
1082 728 1154 756 cnim
1164 727 1346 761 excellentiis,
1363 729 1409 764 qui
1426 729 1641 757 vacuabilisnon
1658 735 1710 760 est,

918 775 1007 811 major
1020 779 1063 803 est
1084 782 1167 814 quam
1185 774 1209 801 is
1226 775 1272 809 qui
1289 780 1457 809 evacuatur;
1474 780 1501 803 et
1524 776 1571 811 qui
1594 775 1662 803 nihil
1679 777 1712 803 de

919 831 969 851 sua
987 823 1154 851 sublimitate
1176 813 1303 855 remittit,
1327 821 1416 857 major
1441 826 1483 849 est
1504 830 1536 849 eo
1556 821 1600 857 qui
1615 821 1656 848 vel
1677 821 1711 848 ad

917 876 1005 904 usque
1024 868 1216 904 despcctabilia
1239 868 1382 895 descendit
1403 867 1570 899 suﬂ'crenda,
1589 875 1711 900 erutam,

914 917 976 945 dico
993 921 1020 944 et
1040 921 1168 947 mortem,
1183 923 1244 950 quae
1263 921 1361 943 natura
1377 915 1479 943 subivit
1501 916 1621 942 humana
1637 924 1644 942 :
1664 915 1711 942 sed

914 969 942 991 et
957 963 1062 998 opinari
1078 963 1140 998 quis
1165 963 1264 997 poterit
1292 969 1342 989 nec
1361 962 1588 997 improhabililer,
1608 962 1711 989 dictum

916 1009 1002 1037 fuisse
1016 1009 1050 1036 de
1066 1014 1156 1036 mente
1173 1008 1372 1044 discipulorum
1389 1018 1396 1035 :
1413 1012 1492 1036 crant
1507 1009 1607 1035 etenim
1624 1008 1714 1035 adhuc

917 1055 954 1082 illi
976 1055 1138 1090 imperfecti.
1161 1062 1210 1082 nec
1227 1055 1261 1082 de
1281 1055 1413 1090 magistro
1427 1062 1487 1086 suo,
1504 1059 1531 1082 ut
1544 1054 1577 1081 de
1599 1053 1655 1081 Dco
1667 1062 1714 1082 co-

917 1102 1049 1138 gitabant,
1065 1101 1151 1128 nmlto
1163 1105 1255 1128 autem
1276 1100 1408 1134 majorem
1429 1100 1515 1127 Dcttm
1534 1100 1642 1127 Patrem
1667 1108 1714 1127 co-

918 1147 1052 1182 gitabant,
1069 1146 1206 1181 pracipne
1225 1154 1288 1173 cum
1306 1145 1423 1173 Mosaica
1436 1146 1478 1173 lex
1495 1146 1582 1173 multo
1595 1146 1715 1180 explica-

919 1193 973 1222 tius
987 1193 1096 1220 Patrcm
1108 1192 1189 1227 quam
1202 1191 1300 1218 Filium
1321 1191 1389 1227 ipsis
1401 1191 1520 1219 insinuet
1536 1200 1544 1219 :
1559 1195 1585 1218 et
1602 1191 1715 1226 ipsemet

920 1239 1049 1267 Servator
1064 1238 1172 1265 Patrem
1186 1238 1258 1273 apud
1273 1245 1320 1265 eos
1340 1237 1518 1264 multifariam
1541 1237 1714 1272 prmdicarct.

920 1283 1052 1318 Quocirca
1068 1283 1139 1318 apud
1163 1282 1237 1317 ipsos
1251 1290 1312 1310 cum
1334 1282 1391 1309 lucc
1415 1282 1509 1317 opinio
1534 1282 1680 1315 obtineret,
1698 1290 1715 1309 a

920 1336 973 1363 qua
997 1327 1112 1362 profecti
1136 1327 1284 1354 dicebant:
1302 1336 1311 1353 ι
1331 1326 1449 1354 Ostende
1469 1327 1548 1354 nobis
1565 1326 1672 1353 Patrem
1687 1330 1715 1353 et

921 1374 1022 1402 suﬁicit
1038 1373 1117 1401 nobis
1128 1373 1162 1400 ".
1183 1382 1193 1399 ι
1214 1372 1290 1400 lianc
1311 1373 1421 1400 illorum
1449 1373 1605 1407 opinionem
1629 1372 1718 1408 respi-

920 1419 997 1446 ciens
1015 1418 1089 1446 sistit
1115 1425 1145 1446 se
1168 1425 1218 1452 nec
1243 1417 1436 1453 progreditur;
1456 1418 1502 1445 sed
1530 1422 1636 1444 tantum
1659 1424 1716 1445 non

922 1465 1001 1498 dixit,
1026 1472 1123 1500 parum
1144 1468 1329 1492 consentanea
1345 1464 1422 1491 vobis
1442 1463 1510 1499 ipsis
1533 1463 1613 1498 agitis
1628 1467 1655 1490 et
1670 1470 1718 1491 ve-

923 1516 988 1540 strae
1002 1511 1136 1547 opinioni,
1152 1511 1217 1537 dum
1233 1510 1350 1538 tristitiae
1365 1517 1414 1537 vos
1429 1509 1547 1542 traditis.
1566 1519 1575 1536 ι
1595 1509 1717 1545 ecquod

923 1557 1050 1590 dixerim,
1072 1556 1144 1584 vado
1156 1556 1190 1583 ad
1208 1555 1315 1583 Patrem
1331 1556 1366 1588 ",
1384 1565 1393 1582 ι
1407 1556 1430 1583 si
1445 1563 1489 1583 me
1508 1555 1669 1592 diligeretis,
1689 1561 1717 1584 et

921 1602 945 1631 si
965 1610 1060 1630 revera
1073 1602 1205 1638 majorem
1221 1610 1264 1629 me
1277 1601 1385 1630 Patrem
1400 1601 1582 1635 arbitramini,
1599 1602 1718 1637 gaudere

921 1649 1015 1685 potius
1030 1648 1180 1680 deberetis,
1190 1648 1254 1684 quia
1272 1648 1343 1676 vado
1369 1647 1403 1675 ad
1428 1647 1536 1675 Patrem
1559 1655 1650 1675 meum
1673 1655 1718 1675 mc

922 1698 1066 1733 majorem.
1086 1696 1165 1724 Iiunc
1180 1696 1202 1724 si
1219 1704 1268 1731 ego
1285 1696 1363 1723 vobis
1380 1696 1525 1723 ostendere
1549 1699 1654 1722 tantum
1673 1702 1719 1722 vc-

923 1744 982 1776 lim,
998 1743 1112 1771 omnino
1132 1742 1311 1769 sutl‘ecturum
1329 1741 1405 1769 vobis
1418 1741 1451 1768 ad
1472 1741 1563 1768 omnia
1579 1740 1716 1768 diceretis;

923 1789 1001 1823 Quod
1019 1788 1042 1816 si
1053 1796 1118 1816 vero
1141 1788 1220 1821 iuxta
1244 1795 1355 1816 sensum
1377 1787 1460 1814 istum
1484 1786 1620 1826 putaverit
1642 1787 1718 1821 quis-

924 1843 1019 1872 quam,
1039 1844 1048 1861 ι
1071 1834 1179 1862 Patrem
1203 1834 1305 1861 dictum
1326 1833 1458 1868 majorem
1472 1832 1552 1863 Filio,
1575 1842 1584 1858 ι
1605 1840 1620 1860 a
1647 1832 1716 1860 bona

925 1880 1114 1910 convenientia
1128 1887 1181 1907 non
1194 1879 1324 1907 deviabit.
1334 1878 1406 1906 Nihil
1424 1886 1506 1913 porro
1521 1878 1635 1913 impedit
1646 1878 1718 1905 hanc

925 1934 1019 1954 vocem
1035 1933 1083 1961 per
1099 1925 1319 1953 condescentiam
1343 1924 1478 1958 adhiberi,
1502 1928 1530 1951 et
1550 1923 1584 1951 ad
1605 1923 1718 1951 humili-

927 1978 1012 2002 tatem
1032 1972 1233 2000 conformatam
1253 1975 1364 2007 propter
1390 1969 1548 1999 auditorum
1574 1969 1719 1997 inﬁrmita-

928 2024 993 2047 tem.
1011 2018 1152 2053 Multiplex
1166 2018 1239 2046 enim
1259 2017 1404 2052 dispositio
1430 2016 1587 2044 istiusmodi
1616 2016 1719 2043 oratiu-

928 2073 993 2092 num
1025 2057 1150 2092 adhiberi
1182 2064 1263 2097 solet,
1289 2063 1323 2090 ad
1350 2063 1526 2090 commodum
1551 2067 1578 2090 et
1602 2062 1718 2090 salutem

928 2117 1024 2137 eorum
1048 2109 1262 2144 procurandam,
1291 2109 1339 2144 qui
1365 2108 1487 2136 nondum
1505 2108 1576 2136 ferre
1605 2113 1722 2144 possunt

929 2154 1162 2182 consummatiora
1181 2163 1188 2181 :
1214 2154 1252 2181 uti
1279 2154 1345 2181 illud
1365 2163 1372 2182 :
1402 2163 1412 2179 ι
1433 2153 1546 2189 Rogabo
1557 2153 1678 2187 Patrem,
1694 2159 1722 2182 ct

930 2200 1013 2227 alium
1030 2199 1200 2228 Paracletum
1215 2199 1290 2227 dabit
1301 2199 1425 2232 vobis";
1439 2208 1448 2225 ι
1466 2204 1493 2226 et
1509 2208 1518 2224 ι
1538 2199 1647 2227 Gratias
1661 2200 1721 2232 tibi,

930 2246 1020 2277 Pater,
1035 2252 1096 2280 ago,
1112 2246 1185 2281 quod
1200 2253 1309 2280 semper
1321 2253 1365 2273 me
1384 2250 1411 2272 et
1422 2245 1522 2279 ubique
1534 2245 1630 2273 audias
1644 2246 1667 2262 "
1681 2256 1689 2279 ;
1708 2256 1717 2272 ι

930 2295 958 2318 et
974 2291 1076 2319 similia
1099 2291 1187 2326 plura.
1214 2291 1266 2319 Sed
1285 2291 1357 2319 unde
1371 2291 1517 2323 constabit,
1533 2292 1605 2326 quod
1620 2292 1653 2319 ad
1671 2300 1723 2319 au-

930 2337 1051 2365 ditorum
1081 2337 1296 2365 imbecillitatem
1322 2338 1373 2365 ista
1400 2337 1609 2365 conﬁrmantur.
1641 2338 1722 2367 Certe

931 2383 1042 2418 quidem
1071 2382 1211 2416 Servator,
1233 2383 1368 2419 tonsjugi
1395 2384 1546 2418 sapientiae,
1564 2388 1591 2411 et
1622 2385 1723 2413 intelli-

932 2429 1032 2465 gentite
1048 2429 1177 2465 abyssus,
1204 2430 1295 2465 ipsum
1324 2437 1354 2457 se
1370 2431 1530 2464 explanatis.
1555 2430 1580 2458 id
1609 2438 1657 2466 per
1671 2432 1723 2460 ista

935 2477 984 2504 sed
999 2471 1111 2512 propter
1134 2477 1242 2503 turbam
1267 2475 1493 2503 circumstantcm
1518 2475 1574 2502 dixi
1590 2484 1597 2503 z
1612 2476 1647 2504 Ut
1664 2485 1726 2505 cro-

72 2528 146 2555 dam
160 2527 231 2563 quia
246 2526 347 2555 misisti
380 2534 433 2554 me.
443 2525 457 2552 ’›
468 2527 558 2560 Atque
588 2524 625 2551 ita
657 2522 827 2551 sufﬁcienter
853 2522 950 2554 habes,
967 2527 997 2550 ut
1013 2530 1062 2559 per
1079 2521 1232 2557 epistolam,
1250 2520 1411 2557 quaestionis
1438 2528 1453 2548 ιι
1477 2525 1502 2548 te
1529 2522 1624 2556 posita:
1649 2523 1725 2551 solu-

74 2577 200 2605 tionem.

111 2669 138 2685 "
161 2669 284 2705 Philipp.
309 2675 341 2703 ιι,
362 2667 391 2694 ⁸1.
429 2667 452 2684 ⁵¹
469 2666 548 2695 Joan.
564 2672 620 2699 xiv,
634 2664 662 2698 8,
699 2663 723 2680 ⁸³
736 2661 815 2693 Joan.
833 2672 887 2698 ιιι,
907 2663 934 2691 6.
972 2664 996 2680 ”
1014 2663 1094 2692 Joan.
1115 2672 1172 2699 xw,
1191 2662 1233 2691 l6.
1272 2662 1295 2678 "
1311 2661 1392 2691 Joan.
1408 2672 1448 2698 xl,
1465 2664 1511 2692 4!.

735 2743 854 2771 VARIIE
870 2743 1072 2773 LECTIONES.

138 2827 200 2855 ιε.
224 2826 261 2854 Μ.
275 2826 472 2854 τεταπείνωκε.
529 2830 539 2842 τ
557 2823 588 2852 C.
602 2821 638 2850 M.
658 2822 721 2850 add.
732 2822 751 2858 γὸ
763 2821 910 2858 δεσπότης.

73 2868 141 2896 των
152 2864 170 2890 ὁ
184 2863 292 2899 Σωτὴρ.
342 2863 360 2904 κε
373 2862 405 2889 C.
420 2860 457 2889 Μ.
477 2859 527 2888 152
541 2859 567 2888 b.
586 2859 643 2886 ἐστι
656 2858 709 2893 γὰρ
725 2857 784 2886 ἐστι
795 2857 892 2894 πολλή.

967 2822 1024 2850 dC.
1040 2822 1077 2850 M.
1094 2826 1168 2850 recte
1181 2820 1325 2856 καθυφείς.
1384 2826 1395 2839 ε
1409 2821 1466 2848 καί.
1525 2820 1535 2841 ¹
1553 2821 1583 2851 C.
1600 2820 1634 2849 Μ.
1647 2830 1674 2850 τι
1686 2821 1712 2850 λέ

948 2859 963 2880 ³³
978 2857 1012 2891 Q.
1030 2858 1066 2887 Μ.
1081 2858 1130 2885 καὶ
1141 2858 1158 2893 ἡ
1179 2857 1230 2892 τῆς
1245 2856 1374 2892 γνώσεως
1389 2855 1518 2888 ᾶὸυσσος.
1542 2884 1549 2891 ,
