1873 3063
55 125 98 156 669

488 125 533 154 AD
549 119 846 156 AMPHILOCHIUM
860 125 1033 162 QUASSTIO
1051 126 1167 157 XCVII.

1598 127 1650 160 610

56 182 142 217 ἐτράφη
155 182 179 208 ὲν
189 182 244 212 τοῖς
262 181 392 216 οὐρανοῖς.
408 181 474 213 Καὶ,
490 181 583 208 πολλοὶ
603 182 697 217 ἐροῦσι
714 191 760 218 μοι
774 182 795 208 Et

910 189 961 210 rem
976 182 1093 215 inducit,
1109 182 1132 210 si
1145 189 1200 209 non
1217 189 1264 216 per
1277 182 1455 210 conscientiae
1468 183 1649 218 dejectionem

54 229 128 264 ἐκείνῃ
142 229 170 263 τῇ
185 227 286 263 ἡμέρᾳ,
303 227 342 254 Οὺ
357 226 396 261 τῷ
412 227 452 262 σῷ
465 227 578 262 ὀνόματι
592 228 723 263 δυνάμεις
741 228 807 254 πολ-

53 273 93 304 Li;
107 274 273 307 ὲποιήσαμενς
288 271 335 298 καί
356 271 411 307 ἐρῶ
431 272 533 306 αὐτοῖς,
553 272 610 300 Οὐκ
620 271 678 300 οἶδα
697 273 779 308 ὑμᾶς.
794 282 804 298 ›

52 318 94 344 Διὶ
104 317 170 344 τοῦτο
184 318 229 343 καὶ
241 317 345 348 Παῦλος
362 318 524 353 πειρασμοῖς
536 326 591 344 τισι
610 318 737 345 παλαίειν
752 319 806 353 ἀφ-

51 364 118 395 ίεται,
135 372 143 388 ι
158 363 196 390 ἴνα
211 362 258 397 μὴ,
285 363 322 394 ὡς
343 362 421 394 αὑτός
442 371 535 398 φησιν,
555 363 739 399 ὑπεραίρηται
760 365 808 391 καὶ

50 410 96 436 τῶν
107 408 315 444 ἀποκαλύψεωνή
333 409 481 445 ὑπερϐολὴ,
500 418 509 435 ι
526 410 562 436 τὰ
574 410 648 445 πάθη
665 410 804 444 παιδαγω-

49 457 90 489 rev
108 455 277 489 ἐπιφέρουσα,
297 455 500 490 περιστέλλοιτο
517 464 547 482 τε
569 456 617 482 καὶ
635 456 808 483 διακόπτοιτο

49 501 76 525 τὶ
91 499 259 535 σκιρτήματα,
278 496 320 530 οἷς
334 500 350 533 ἡ
370 499 528 534 ἀνθρωπίνη
553 500 635 535 φύσις
659 501 806 537 ἐκφέρεται

49 545 106 578 πρὸς
120 545 251 579 φυσίωσιν.
267 545 299 570 Et
312 544 401 579 βούλει
412 545 451 577 δὲ,
467 546 513 572 καὶ
529 546 573 573 ἵνα
582 547 651 581 μετὰ
661 546 748 574 ταῦτα
758 547 807 579 τὰς

48 591 149 625 crispa;
161 591 263 622 ἐκείνας
271 591 397 623 ἀπειλὰς,
408 592 526 623 καὶτοὺς
535 593 650 628 πικροὺς
658 593 806 629 διωγμοὺς,

47 637 88 663 ni
98 636 140 668 τὰς
155 637 250 671 μυρίας
267 637 374 672 σφαγὰς
398 638 427 664 ὲν
442 638 582 674 ἀκλονήτῳ
594 639 710 674 φέρωνό
725 648 807 675 κορυ-

47 683 114 715 exis;
128 683 170 708 καὶ
186 682 326 718 ἁσαλεύτῳ
340 683 379 718 τῷ
396 683 562 718 φρονήματι,
583 686 624 716 εἰς
646 684 740 720 θαῦμα
758 686 808 721 τῆς

48 726 192 761 tim-ruri};
200 727 354 762 συμμαχίας
363 727 556 762 προσκαλεῖται
563 729 626 760 τοὺς
633 729 805 762 κολάζοντας·

45 772 211 807 καθορῶντας,
222 773 267 798 τὸν
282 773 333 799 ὑπὸ
348 773 440 808 φωνῆς
450 773 596 808 παιδίσκης
606 774 807 807 καταπεσόντα,

44 818 116 850 οὕτως
128 818 249 853 ἀκίνητον
265 819 333 853 πρὸς
346 818 466 846 τοσαῦτα
490 819 564 855 πάθη
587 820 788 856 καθιστάμενον
800 829 807 837 ·

858 228 892 255 ad
928 228 1147 256 moderationem
1179 227 1342 255 deducatur.
1376 228 1514 261 Quocirca
1540 230 1651 258 dicebat

859 274 1008 302 Salvator:
1040 283 1050 299 ι
1083 273 1173 301 Nolite
1199 273 1234 301 ob
1264 273 1290 301 id
1321 275 1450 309 gaudere,
1481 276 1554 310 quod
1570 277 1650 304 vobis

858 320 993 348 daemonia
1013 320 1207 355 subiiciantur,
1227 319 1274 347 sed
1289 321 1420 355 quoniam
1434 321 1543 348 nomina
1558 327 1650 350 vestra

858 367 960 402 scripla
979 367 1034 394 sint
1050 367 1076 393 in
1092 366 1180 393 caelis.
1211 366 1287 393 Multi
1312 366 1379 393 mihi
1406 366 1506 394 dicturi
1532 371 1597 394 sunt
1621 367 1650 395 in

858 413 904 440 illa
919 413 964 440 die
975 422 982 440 :
994 412 1091 439 Nonne
1106 413 1132 439 in
1149 417 1195 439 tuo
1211 413 1322 440 nomine
1339 413 1454 440 virtutes
1472 414 1572 441 multas
1585 421 1650 448 ope-

858 458 910 485 rati
934 457 1049 485 sumus?
1073 457 1107 484 ad
1121 465 1189 492 quos
1213 457 1338 484 dicturus
1363 464 1434 490 sum,
1452 458 1580 492 Apagete,
1595 466 1649 486 non

859 503 922 531 novi
935 510 985 530 vos
999 503 1032 529 ⁵⁸.
1056 511 1065 527 ι
1093 503 1182 538 Atque
1205 503 1276 529 hanc
1294 503 1330 530 ob
1354 510 1467 530 causam
1485 503 1648 537 permissum

859 548 911 577 fuit
934 553 964 576 ut
983 549 1086 576 Paulus
1109 556 1171 576 cum
1191 549 1358 583 quibusdam
1378 549 1566 576 tentatonibus
1594 550 1651 577 col—

860 595 1024 628 luctaretur,
1061 603 1070 620 ι
1091 602 1135 627 ne,
1150 595 1223 629 quod
1239 594 1356 620 allirmat
1372 593 1440 629 ipse,
1464 594 1547 621 nimis
1562 594 1652 621 elatus

859 641 989 674 ferretur,
1020 645 1132 676 propter
1170 640 1377 666 multitudinem
1405 639 1649 667 rcvelationum".

859 687 960 720 Quare,
976 686 1068 722 passio
1093 686 1153 721 ejus
1176 693 1225 720 pro
1241 685 1391 720 Paedagogo
1411 686 1548 712 contraxit
1561 690 1588 713 et
1602 685 1653 713 ab-

859 733 941 760 scidit
962 732 1086 760 exsultus
1113 739 1221 762 omnes,
1248 739 1263 758 a
1287 732 1389 766 quibus
1413 736 1511 758 natura
1532 731 1653 758 hominis

860 778 958 813 inﬂata:
974 771 1097 806 eilertur.
1125 777 1243 804 Accedat
1272 777 1334 810 huc,
1369 782 1399 804 ut
1423 777 1551 810 deinceps
1575 778 1654 804 terri-

860 824 929 852 biles
953 824 1013 851 illas
1036 824 1146 854 minas,
1171 823 1245 850 mille
1272 827 1394 854 mortes,
1422 830 1500 850 acres
1526 830 1654 857 persecu-

44 865 154 899 μεθέλχω
171 873 200 890 τε
211 865 258 891 καὶ
271 865 316 892 διὰ
329 865 423 892 τούτου
441 863 509 900 πρὸς
528 865 560 892 τὺ
580 865 652 900 μέγα
665 865 714 900 τῆς
733 867 782 892 εὐσ

910 876 959 901 res,
971 868 1133 904 coryphaeus
1147 868 1192 895 ille
1202 868 1379 898 inconcusso,
1392 873 1418 894 et
1433 869 1548 895 immoto
1558 867 1649 896 ferens

43 913 105 943 ηεὶας
119 912 264 947 μυστήριον
284 912 433 947 Ἰουδαϊκῆς
444 912 637 948 ταπεινότητος
655 911 677 939 i.
693 913 749 939 Καὶ
764 912 810 939 τέ-

43 967 137 994 τιρτον,
152 958 243 993 ἔμοιγε
258 957 331 984 δοκεί
342 958 466 993 λαμπρὸν
484 958 532 985 καὶ
548 957 620 993 μέγα
631 957 810 992 ψυχαγωγίας

43 1006 209 1042 παράδειγμα.
236 1004 268 1030 Τί
291 1004 337 1031 τοῦ
360 1005 508 1040 κορυφαίου
536 1005 725 1041 λαμπρότερον
750 1005 811 1036 ταῖς

43 1053 124 1079 ἔπειτα
135 1052 250 1086 γενεαῖς,
271 1050 354 1077 ἐπειδ’
362 1052 394 1078 ἄν
409 1059 452 1083 τις
466 1051 650 1086 ὲξασθενήσας
661 1050 730 1085 ἁλῷ,
742 1050 811 1086 πρὸς

41 1099 68 1125 τὰ
77 1099 161 1124 τέλεια
173 1097 361 1133 ἀναστηλῶσαι
373 1097 550 1132 βουλόμενος;
564 1098 596 1124 Εἰ
611 1098 665 1133 γὰρ
681 1097 736 1124 τῶν
755 1105 807 1132 μα-

41 1144 116 1179 θητῶν
133 1144 148 1170 ὁ
161 1145 307 1178 κρυφαῖος
332 1143 402 1178 μετὰ
425 1143 591 1178 τηλικαύτας
609 1144 738 1178 δυνάμεις
750 1163 757 1175 ,
773 1139 812 1170 ὧν

40 1191 80 1222 τὶς
94 1191 141 1224 μὲν
159 1191 223 1223 ῐόεν,
245 1189 295 1220 τὰς
312 1189 341 1216 δὲ
365 1189 412 1216 καὶ
434 1189 561 1216 ἐτέλεσε·
583 1190 653 1225 μετὰ
676 1189 811 1225 τοσαύτην

39 1235 199 1262 ἱιδασκαλίαν
211 1243 218 1250 ·
237 1234 296 1270 μεθ’
310 1233 381 1261 οὓτω
396 1234 496 1270 πολλὴν
510 1234 557 1260 καὶ
566 1234 693 1269 ποικίλην
707 1233 755 1260 τοῦ
766 1235 812 1260 Δι-

38 1281 160 1308 auum»
174 1282 282 1316 πεῖραν,
295 1280 355 1316 τρὶς
370 1280 574 1316 ἀρνησάμενος,
595 1280 639 1307 διὰ
664 1279 813 1315 μετανοίας

38 1330 101 1362 ὅμως
113 1327 161 1354 καὶ
174 1326 283 1362 θερμῶν
299 1326 434 1361 δακρύων,
449 1328 478 1353 οὐ
502 1327 533 1353 τὸ
553 1326 706 1362 ἁμάρτημα
732 1326 812 1361 μόνον

36 1376 172 1410 ἐκάθηρεν,
186 1374 253 1401 ἀλλὰ
272 1374 340 1409 πρὸς
352 1373 383 1399 τδ
397 1372 464 1400 αὐτὸ
478 1373 528 1407 τῆς
541 1371 695 1407 ἀποστολῆς
704 1370 813 1406 ἀξίωμα

36 1419 243 1454 ἐπανέστρεψεν·
269 1418 298 1444 οὐ
329 1416 382 1454 χρὴ
412 1417 542 1453 ῥᾳθυμεῖν
570 1416 621 1452 ἐμὲ
633 1417 679 1442 καὶ
696 1415 810 1443 καταπί-

36 1474 115 1497 πτειν,
125 1466 155 1498 ἐξ
177 1465 320 1496 ἀσθενείας
341 1463 526 1491 ὀλισθαίνοντα
536 1470 543 1478 ·
558 1462 628 1490 ἀλλὰ
653 1463 749 1490 Θᾶττον
765 1463 813 1489 ἀν-

36 1512 155 1538 ίστασθαι
170 1511 240 1547 πρὸς
257 1510 412 1546 μετάνοιαν,
429 1510 476 1537 καὶ
493 1509 538 1536 τὸν
559 1509 674 1536 πλοῦτον
700 1508 750 1543 τῆς
763 1509 813 1534 Δε-

36 1557 160 1591 σποτικῆς
187 1557 369 1593 χρηστότητος
382 1555 535 1588 ἐννοοῦντα,
561 1555 621 1582 ὅλον
644 1555 739 1582 ἑαυτὸν
752 1555 765 1574 Il
783 1555 812 1581 ὲν

35 1604 191 1640 συντριμμῷ
207 1604 320 1639 καρδίας
337 1602 492 1630 ἀνατιθέναι
511 1602 551 1637 τῷ
565 1603 614 1633 τὰς
626 1602 720 1633 νόσους
735 1601 812 1636 ἡμῶν

35 1651 140 1682 καὶτὰς
154 1650 295 1681 ἀσθενείας
311 1649 486 1684 βαστάσαντι.
511 1649 561 1675 Διὰ
582 1647 670 1675 ταῦτα
693 1646 750 1680 οὖν⁷
771 1645 812 1673 οἷ-

35 1706 88 1731 μαι,
103 1696 152 1723 καὶ
165 1696 202 1722 τὶ
215 1695 338 1728 τοιαῦτα,
356 1695 457 1730 Πέτρος
467 1695 568 1721 ἁλῶναι
584 1693 761 1729 συνεχωρήθη
774 1692 813 1728 τῷ

32 1743 206 1778 ἁμαρτήματι
218 1751 225 1756 -
243 1742 300 1769 ἀλλ’
315 1743 364 1776 οὐχ
378 1742 420 1769 ὅτι
437 1742 602 1777 προανεῖπεν
612 1740 661 1776 τὴν
672 1739 788 1776 ἄρνησιν
799 1740 814 1767 6

31 1790 201 1822 Διδάσκαλος,
222 1790 327 1825 ἀνάγκη
342 1789 395 1816 τινὶ
407 1790 455 1823 τῆς
468 1788 650 1824 προγνώσεως
665 1787 811 1823 ἐξεϐιάσθη

33 1837 94 1870 πρὸς
107 1836 140 1862 τὸ
156 1835 298 1870 ἁθέλητον.
328 1834 405 1861 Ἐπεὶ
422 1834 494 1861 οὕτω
518 1842 551 1868 γε
574 1833 686 1869 φθάνοις
710 1833 743 1861 ἂν
758 1833 814 1860 τῶν

31 1881 136 1915 φαύλων
162 1881 288 1916 πράξεων
308 1880 422 1907 ἀπασῶν
439 1881 490 1917 τὴν
515 1881 618 1913 αἰτίαν,
643 1880 683 1911 είς
699 1880 748 1912 τὴν
760 1880 815 1907 τῶν

30 1925 135 1959 ἀγαθῶν
159 1925 251 1960 πηγὴν
275 1925 434 1961 ἀναφέρων*
449 1927 564 1961 προεῖπε
587 1926 642 1961 γὰρ
665 1925 713 1952 καὶ
730 1925 815 1961 Ἰούδᾳ¹

30 1970 72 2005 τὴν
93 1970 255 2005 προδοσίαν·
281 1970 414 1997 Ἰουδαίων
437 1971 485 2006 τὴν
513 1970 686 2007 μιαιφονίαν·
710 1971 756 1998 ναὶ
782 1971 815 2006 δὴ

30 2015 75 2041 κᾶν
94 2016 135 2051 μὴ
151 2017 294 2051 προεῖπεν,
309 2015 376 2043 ἀλλὰ
392 2025 423 2051 γε
447 2017 562 2053 προῄδει
578 2017 699 2051 πάντως,
718 2017 815 2053 ὅτιπερ

31 2062 72 2096 τῆς
84 2062 219 2098 δοθείσης
239 2062 347 2098 ἐντολῆς
362 2063 375 2089 ὁ
390 2063 499 2098 πρῶτος
521 2063 675 2099 ἄνθρωπος,
691 2064 751 2091 ἀντὶ
764 2063 815 2098 τῆς

30 2109 151 2144 φυλακῆς
195 2109 328 2145 προέλοιτ¹
353 2109 386 2136 ἂν
411 2110 461 2145 τὴν
493 2110 662 2145 ὑπεροψίαν·
690 2111 738 2137 καὶ
766 2109 815 2136 τοῦ

30 2155 91 2181 Κὰῑν
106 2157 159 2192 τὴν
174 2156 399 2190 ἀδελφοκτονίαν·
412 2156 512 2191 Φαραὼ
525 2156 574 2192 τὴν
587 2156 814 2193 σκληροκαρδίαν,

861 914 953 942 animo
967 914 1000 941 ad
1019 914 1176 941 mirandum
1194 913 1316 948 Magistri
1347 912 1492 945 auxilium,
1509 913 1653 940 carnilices

861 961 937 997 ipsos
954 961 1107 993 induceret,
1124 967 1186 988 cum
1201 960 1325 987 viderent
1342 967 1416 992 eum,
1443 959 1491 994 qui
1508 959 1542 986 ad
1558 967 1655 987 vocem

862 1007 970 1035 ancillae
985 1007 1115 1042 dejeclus
1128 1007 1229 1038 fuerat,
1258 1006 1327 1033 adeo
1343 1005 1486 1032 immotum
1504 1011 1601 1032 contra
1614 1010 1655 1032 tot

861 1061 1008 1088 pressurus
1023 1053 1195 1080 consistere:
1221 1052 1378 1087 exindeque
1394 1052 1427 1079 ad
1447 1059 1578 1087 magnum
1595 1053 1655 1087 pie-

863 1102 927 1128 tatis
944 1100 1105 1136 mysterium
1135 1099 1163 1126 in
1186 1098 1295 1126 Judzeos
1323 1098 1479 1132 pervicaccs
1492 1098 1655 1134 impelleret.

864 1147 911 1174 Est
925 1151 951 1173 et
967 1150 1096 1181 quartum
1112 1145 1189 1180 quid,
1219 1143 1291 1179 quod
1315 1143 1385 1170 mihi
1410 1143 1519 1171 videtur
1535 1144 1655 1175 illustre,

863 1196 890 1219 et
906 1199 957 1227 pro
971 1191 1074 1226 ingenti
1088 1190 1280 1218 consolatione
1294 1189 1452 1223 exemplum
1470 1198 1477 1216 ι
1500 1189 1567 1224 quid
1582 1188 1654 1217 enim

863 1237 1041 1273 praestantius
1053 1237 1198 1273 coryphaeo
1213 1236 1283 1271 apud
1302 1235 1482 1262 succedentes
1498 1236 1655 1271 generatio-

864 1281 935 1310 nes?
958 1289 1021 1309 cum
1048 1286 1139 1309 autem
1154 1280 1218 1315 quis
1232 1279 1392 1307 inﬁrmitate
1404 1279 1509 1306 laboret
1535 1279 1569 1307 ad
1594 1286 1658 1314 per-

865 1327 964 1355 fectam
988 1327 1132 1354 sanitatem
1160 1325 1260 1353 reverti
1283 1325 1377 1352 volens
1397 1328 1450 1352 est.
1481 1323 1511 1353 Si
1528 1325 1657 1360 princeps

864 1373 910 1401 ille
926 1373 1137 1408 discipulorum,
1165 1378 1226 1407 post
1253 1375 1294 1399 tot
1317 1372 1444 1403 virtutes,
1470 1379 1540 1406 quas
1558 1372 1657 1406 partim

866 1419 942 1451 vidit,
966 1419 1084 1454 patravit
1097 1418 1208 1453 partim,
1225 1422 1285 1452 post
1299 1417 1379 1445 talem
1397 1416 1580 1451 disciplinam,
1595 1421 1658 1444 tan-

866 1470 922 1492 tam
937 1470 966 1492 et
986 1470 1040 1492 tam
1062 1464 1238 1499 multiplicem
1260 1464 1294 1491 de
1306 1463 1434 1498 Magistro
1450 1463 1658 1498 experientiam,

865 1515 907 1538 ter
922 1511 970 1538 illo
984 1511 1119 1545 abnegato
1132 1529 1140 1542 ,
1158 1517 1206 1545 per
1216 1509 1407 1544 paenitentiam
1425 1513 1515 1536 tamen
1532 1513 1560 1536 et
1572 1509 1660 1545 lacry-

867 1564 938 1590 mas,
959 1565 1013 1584 non
1031 1556 1114 1584 modo
1127 1557 1423 1593 purgavitpeccatum,
1449 1556 1497 1583 sed
1522 1555 1556 1582 ad
1580 1563 1659 1582 eum-

867 1603 927 1631 dem
944 1609 1055 1631 evectus
1072 1609 1114 1631 est
1130 1602 1305 1638 apostolatus
1318 1603 1425 1637 apicem
1444 1611 1451 1630 :
1479 1603 1602 1637 profecto
1617 1609 1661 1629 mc

867 1649 1069 1685 ignavumcssc
1093 1653 1120 1676 et
1144 1647 1279 1682 ahjectum
1308 1654 1363 1673 non
1386 1646 1474 1677 decet,
1503 1646 1550 1680 qui
1568 1645 1661 1680 lapsus

868 1704 929 1726 sum
956 1696 991 1723 ab
1019 1695 1188 1726 inﬁrmitate,
1207 1694 1253 1721 sed
1271 1701 1333 1720 cum
1358 1693 1437 1720 ocius
1453 1699 1598 1726 resurgere
1613 1699 1662 1725 per

868 1742 1059 1779 paenitentiam
1074 1745 1101 1768 et
1121 1740 1286 1768 recolentem
1316 1739 1425 1766 divitias
1441 1738 1571 1766 bonitatis
1589 1738 1661 1765 divi-

869 1797 921 1821 nar,
949 1793 1037 1816 totum
1053 1795 1097 1815 me
1111 1795 1172 1815 cum
1188 1787 1279 1814 cordis
1293 1785 1458 1814 contritione
1480 1784 1519 1811 illi
1536 1784 1600 1812 date
1613 1784 1661 1817 qui

868 1835 981 1864 morbos
1001 1839 1028 1862 et
1044 1834 1221 1862 inﬁrmitates
1236 1837 1346 1861 nostras
1363 1829 1530 1867 portavit“.
1546 1830 1662 1865 Propter

868 1884 947 1916 istas,
963 1882 1074 1917 opinor,
1090 1886 1117 1909 et
1133 1880 1294 1908 consimiles
1309 1885 1409 1906 causas
1427 1877 1594 1913 permissum
1612 1876 1663 1904 fuit

869 1929 949 1957 Petro
962 1936 977 1956 a
992 1931 1105 1964 peccato
1123 1926 1292 1962 apprehendi
1312 1935 1319 1953 :
1344 1933 1400 1953 non
1413 1923 1488 1959 quod
1504 1923 1663 1959 praidixerit

871 1975 1000 2011 Magister
1023 1973 1244 2009 abnegationcm,
1271 1971 1305 1999 ad
1319 1975 1411 1999 actum
1442 1970 1661 1998 involuntarium

869 2027 918 2055 per
942 2018 1133 2047 necessitatem
1160 2016 1341 2052 praescientiaa
1371 2015 1563 2050 impellebatur
1586 2023 1594 2041 :
1625 2014 1664 2041 ita

870 2066 944 2093 enim
963 2062 1155 2100 praeveniendo
1184 2062 1287 2090 referes
1307 2062 1444 2090 malorum
1469 2061 1594 2089 omnium
1618 2067 1665 2088 ac-

870 2115 978 2146 ceptam
990 2117 1103 2138 causam
1119 2109 1147 2136 in
1157 2108 1262 2136 fontem
1273 2109 1408 2136 bonorum
1421 2108 1543 2135 omnium
1557 2105 1662 2134 Deum:

871 2156 997 2192 praedixit
1011 2161 1038 2183 et
1049 2155 1125 2183 Judai
1141 2153 1328 2187 traditionem,
1343 2158 1370 2182 et
1384 2152 1540 2180 Iudaeorum
1554 2151 1664 2180 animos

29 2201 70 2226 ut
80 2201 174 2228 Σαοὺλ
192 2201 242 2237 τὴν
257 2202 438 2239 παρανομίαν.
454 2202 511 2229 Καὶ
521 2202 547 2229 τί
563 2202 624 2229 καθ’
639 2203 754 2230 ἕκαστον

924 2202 1064 2239 guinarios
1083 2210 1090 2228 :
1110 2201 1178 2236 quin
1195 2199 1218 2227 si
1232 2207 1288 2227 non
1305 2199 1478 2234 praedixerat,
1496 2202 1525 2224 at
1539 2197 1663 2233 praevidit

29 2254 63 2279 ’ξω
79 2256 87 2281 ;
101 2248 154 2283 οὐχ
167 2248 211 2275 ὁτι
235 2249 280 2275 καὶ
305 2249 377 2276 κατὰ
393 2249 485 2281 πόλεις
500 2249 575 2281 ὅλας,
598 2249 646 2276 καὶ
666 2248 731 2285 ἔθνη
758 2249 817 2275 ὀλό-

28 2292 125 2328 κληρα,
141 2294 173 2320 αἱ
189 2294 304 2329 πράξεις
315 2293 404 2321 αὐτῶν
418 2296 450 2330 τῇ
464 2294 619 2330 προγνώσει
631 2293 815 2329 περιέχονται.

28 2337 150 2374 Σοδόμων
168 2341 220 2366 καὶ
239 2340 379 2376 Γομόρρας
400 2341 428 2368 αι
451 2340 816 2376 ἁῤῥητουργίαι,Ἑλλήνων,

27 2385 199 2418 Αξγυπτίων,
223 2386 322 2422 μικροῦ
345 2388 511 2422 συμπάντων
533 2387 681 2422 βαρϐάρων
703 2387 733 2413 ἐν
753 2385 819 2412 πολ-

27 2431 75 2463 )ίεῖς
91 2434 209 2468 χρόνοις
228 2435 256 2460 αἱ
275 2435 473 2470 εἰδωλομανίαι.
497 2434 577 2462 Ἀλλὰ
598 2434 624 2460 τί
639 2433 726 2460 ταῦτα
740 2442 748 2467 ;
764 2432 819 2459 Αὑ-

29 2478 68 2503 τθῦ
84 2478 135 2505 τοῦ
153 2480 282 2515 σπορέως
294 2480 349 2507 τῶν
361 2481 454 2507 κακῶν
474 2480 521 2508 καὶ
544 2480 746 2516 ἀρχιτέκτονος,
771 2479 819 2507 καὶ

28 2526 80 2549 in:
97 2527 181 2560 αὖτῴ
195 2527 322 2562 δυνάμεις
339 2527 391 2562 τῆς
417 2526 473 2554 ἄνω
497 2527 746 2563 συναπερράγησαν
770 2525 820 2561 λήο

31 2571 102 2602 ’ῖιης-
118 2570 190 2608 ’Δρ
206 2574 296 2608 ἠγνόει
308 2572 356 2609 τὴν
373 2573 533 2606 ἀλαζονείαν
547 2574 594 2600 καὶ
614 2573 664 2608 τὴν
683 2572 820 2607 ἑπιϐλαϐἧ

92 2619 252 2654 ἀνθρώπων
268 2620 291 2640 δ’·
408 2629 468 2647 γτον
492 2620 581 2648 αὐτῶν
604 2618 772 2655 μοχθηρίαν;
787 2619 808 2644 Τ
813 2618 821 2644 ί

871 2255 963 2277 tamen
976 2258 983 2282 ;
999 2248 1072 2284 quod
1089 2247 1195 2283 primus
1210 2247 1295 2274 homo
1310 2253 1359 2281 pro
1377 2244 1570 2272 observatione
1584 2251 1664 2271 man-

871 2296 926 2324 dati
939 2303 955 2323 a
968 2295 1023 2322 Dco
1035 2294 1180 2327 dati,illius
1191 2293 1304 2328 eligeret
1316 2291 1518 2327 negligentiam,
1528 2289 1664 2325 prmscivit

872 2341 966 2370 Cainis
978 2339 1169 2372 fratricidium,
1190 2338 1343 2366 Pharaonis
1358 2336 1578 2367 obdurationcm,
1595 2336 1666 2362 Sau-

873 2388 908 2416 lis
923 2386 1178 2422 transgressionem.
1192 2385 1226 2412 Et
1237 2385 1302 2420 quid
1317 2383 1424 2419 singula
1436 2381 1603 2418 persequar?
1616 2388 1664 2416 per

874 2439 946 2463 totas
958 2433 1095 2465 civitates,
1127 2435 1222 2467 gentes
1242 2432 1375 2466 integras,
1403 2428 1535 2464 quidquid
1561 2427 1662 2462 agitur,

873 2480 948 2509 cadit
964 2479 1016 2507 sub
1041 2477 1216 2513 praescientia
1239 2485 1246 2503 :
1275 2475 1481 2503 Sodomitarum
1504 2477 1531 2500 et
1546 2472 1663 2499 Gomor-

873 2527 1008 2554 rhteorum
1024 2523 1136 2552 infanda
1152 2521 1441 2558 ﬂagitia,Gra:corum,
1459 2518 1663 2554 Egyptian-mn,

873 2571 995 2599 omnium
1005 2569 1060 2598 fere
1073 2568 1251 2597 barbararqu
1266 2565 1408 2593 nationum
1418 2573 1465 2600 per
1474 2564 1558 2590 multa
1565 2563 1665 2590 smcula

882 2615 1067 2644 idolomaniaz.
1096 2613 1148 2641 Sed
1174 2612 1246 2640 unde
1261 2611 1319 2640 haec
1333 2607 1602 2645 proﬁciscebantur"?
1622 2607 1664 2634 ni-

478 2701 486 2726 l
513 2699 576 2728 Cor.
595 2707 644 2733 xu,
673 2700 699 2727 7.
719 2699 740 2714 ⁶⁰
762 2698 812 2726 lsa.
835 2706 892 2731 ιιιι,
911 2699 936 2726 4.

671 2777 786 2804 VARUS
812 2775 1013 2804 LECTZONES.

456 2846 659 2881 ταπεινότητος.

701 2845 713 2864 li
731 2845 774 2872 ἴσ.
787 2844 917 2880 ἐμαυτόν.
932 2843 962 2870 C.
977 2841 1012 2869 Μ.
1033 2840 1138 2868 ἑαυτὸν.

1485 2885 1527 2918 20
