1873 3063
155 168 206 204 591

155 228 254 256 dorum
271 231 298 256 et
313 227 515 263 parado‘xorum
535 229 733 264 mysteriorum
758 231 945 258 testimonium
960 228 986 263 Ᾱ

156 273 313 303 indelebile.
338 273 478 309 Sapientia
503 275 640 304 distillans
663 283 679 304 c
703 276 798 312 lingua
822 276 946 310 idiotica,

156 320 249 355 regula
267 319 393 355 dirigens
401 320 586 355 eloquentiam
602 329 635 349 cx
649 330 697 349 ore
709 321 881 349 immeditato
893 331 901 355 ;
913 329 947 349 ex

158 365 303 393 illitteratis
329 365 409 392 labiis
431 362 483 392 ars
499 366 647 393 rhetorica.
671 365 743 399 Quid
771 371 799 393 tu
822 366 856 393 ad
880 366 950 394 ista?

155 411 197 438 An
215 415 240 438 te
257 410 350 438 adhuc
361 411 536 438 ratiocinatio
550 411 644 444 dubia,
658 417 685 439 et
701 412 828 447 ambigua
844 411 948 447 opinio,

157 457 192 485 de
205 455 284 485 Pauli
303 457 436 492 sapientia
453 457 563 485 turbat?
583 458 678 486 Potius
696 458 745 486 tibi
767 458 950 494 imputabitur

157 502 332 538 parcimonia
348 503 374 529 in
394 502 496 538 ﬁguras
513 503 574 537 ejus
587 503 718 538 epistolas
731 503 755 531 si
770 503 948 536 conﬂnxeris,

157 548 201 577 vel
218 549 367 584 plurimum
386 553 414 576 tu
432 548 550 584 tcipsum
567 549 721 580 accusabis.
736 549 810 584 quod
833 549 950 576 antehac

158 601 186 624 te
209 600 348 622 tantarum
374 595 525 630 gratiarum
554 603 669 622 munera
697 595 847 623 lalueruttt.
879 594 950 629 Quid

158 647 242 676 porro
258 641 376 673 diceres,
390 641 415 668 si
435 640 598 676 profundius
618 641 769 670 descendas
786 641 814 669 in
834 641 949 669 alteram

158 685 265 722 partem
286 686 499 721 facultatiscjus
515 686 542 714 in
557 686 693 714 dicendo:
709 687 806 720 Qualis
827 687 952 715 cernitur

159 733 188 761 in
205 733 345 768 plerisque
361 733 497 767 capitibus
517 733 634 760 summis
649 733 839 768 disponendis,
861 733 952 768 quoad

159 779 298 812 ordinem,
314 779 505 815 prudentiam;
530 779 595 806 dum
619 779 737 811 inducit.
763 779 886 814 disponit
905 787 953 813 per

161 826 333 861 hypopheras
351 825 575 861 anthypophcras
593 833 599 851 :
616 824 715 859 quibus
736 825 762 852 in
787 825 953 852 inveniendo

160 870 360 905 epichremasi;
377 873 461 906 quam
482 870 611 904 copiosus
632 869 659 896 in
685 869 845 904 operando;
869 877 951 904 quam

160 921 305 953 promptus
331 917 365 944 ad
392 917 634 952 persuadendum,
661 923 745 951 quam
772 915 901 950 frequens
923 915 951 943 in
967 909 991 938 Β

160 964 298 1000 parabolis
314 969 342 991 et
360 963 605 996 similitmlinihus;
628 966 748 997 quantus
764 961 790 988 in
809 962 952 997 enthymev

161 1010 262 1041 tnasin,
282 1013 309 1037 et
326 1009 386 1036 istis
410 1009 559 1036 virtutibus
584 1007 784 1043 congencribns
804 1014 873 1042 quas
892 1010 952 1034 stu-

160 1056 238 1084 diose
258 1055 402 1090 complecti
420 1055 533 1090 poteris,
547 1054 610 1082 licet
629 1054 696 1081 nulli
711 1052 779 1080 alias
796 1052 952 1080 meditanda

160 1101 230 1130 velis
251 1107 394 1137 pra‘stare,
413 1102 446 1129 ad
461 1109 582 1129 amorem
599 1109 662 1128 vere
684 1100 814 1132 celerem,
832 1105 857 1127 et
875 1100 952 1126 oblc-

161 1151 330 1176 ctamentum
347 1148 512 1176 delectabile
530 1147 734 1175 conciliandum
753 1155 760 1174 :
777 1145 898 1172 Accedat
919 1145 953 1172 ad

161 1195 214 1222 ista
237 1194 320 1229 hujus
336 1194 455 1222 hominis
468 1193 502 1221 de
518 1193 680 1229 idolothytis
693 1191 891 1220 commentatio
907 1194 954 1218 :ct

161 1240 208 1268 ubi
222 1240 247 1267 id
263 1240 318 1276 agit
339 1244 368 1267 ut
380 1240 517 1275 deprimat
537 1239 638 1267 fastum
660 1239 768 1266 illorum
785 1242 812 1265 et
832 1237 953 1265 inllatio-

162 1294 235 1317 nem.
256 1285 303 1320 qui
324 1285 358 1313 tle
378 1285 486 1320 loquela
504 1285 660 1320 linguarum
687 1284 810 1320 ingentes
831 1290 956 1318 sumpse-

162 1337 225 1360 rant
240 1333 356 1368 spiritus
373 1341 380 1360 :
396 1336 423 1360 et
438 1332 510 1368 quod
531 1333 573 1359 lex
587 1331 696 1359 debitor
706 1335 766 1358 erat
780 1337 842 1365 qme
858 1336 955 1357 conce-

162 1379 228 1406 dere
244 1383 272 1406 et
289 1379 380 1406 locum
395 1379 462 1405 dare
475 1377 572 1413 gratia:
587 1377 709 1404 deberet.
730 1376 783 1404 Sed
800 1375 908 1403 abunde
922 1375 956 1402 de

164 1424 226 1453 istis
257 1424 364 1452 dictum
393 1429 563 1458 estzeoquc
588 1430 676 1458 magis
700 1421 772 1458 quod
799 1421 954 1449 litterarum

163 1470 332 1498 commercio
364 1469 569 1497 insinuantur:
598 1469 621 1496 si
653 1467 802 1503 aliquando
843 1465 956 1494 insimul

164 1515 396 1553 convenerimus;
423 1515 619 1543 conveniemus
647 1519 757 1545 autem.
783 1513 811 1540 id
839 1512 956 1540 Domino

165 1562 233 1590 mihi
248 1566 423 1597 suggerente,
439 1565 494 1588 tum
508 1561 635 1589 dillusius
648 1567 730 1596 quam
743 1559 770 1587 in
785 1559 915 1595 praesenti
924 1558 959 1586 de

166 1609 228 1637 istis
242 1609 315 1644 apud
330 1612 355 1636 te
368 1608 515 1636 disseram.

166 1656 332 1691 ρυΑεδ-ιιο
370 1656 462 1684 XCIII.
634 1690 645 1727 1
662 1654 828 1684 CCLXXI".
873 1653 958 1681 Taur.
976 1657 998 1686 α

168 1737 286 1766 Diversa
308 1738 468 1774 quaestiones
489 1745 522 1765 ea:
539 1737 664 1774 Αροιειοίο
684 1744 732 1771 per
751 1735 843 1771 viginti
865 1739 962 1770 septem

458 1774 548 1808 capita
569 1773 676 1800 solum.

737 174 871 205 ΡιιοΤιι
892 160 1149 206 minimam}:
1160 176 1215 206 cr.
1265 201 1269 205 .

998 226 1059 259 ὅλον
1072 232 1238 268 ἁρδεύουσα“
1254 232 1336 259 τοῦτο
1354 226 1404 267 τῆς
1426 231 1455 259 ὲν
1470 224 1643 269 ὀστρακίνοις
1668 231 1798 260 σκεύεσιν

997 278 1199 313 ἐνεργουμένης
1224 277 1346 314 χάριτος.
1373 277 1406 305 Ὦ
1425 277 1548 313 φρικτῶν
1569 277 1616 304 καί¹
1637 277 1799 313 παραδόξων

999 322 1158 358 μυστηρίων
1182 322 1333 358 μαρτύριον
1356 321 1594 358 ἁπαράγραπτονί
1613 322 1643 356 εξ
1658 323 1800 358 ἰδιωτικῆς

997 368 1123 403 γλώττης
1147 367 1286 400 στάζουσα
1311 367 1401 402 σοφία,
1416 368 1446 401 ἐξ
1463 367 1632 404 ἁμελετήτου
1663 368 1800 404 στόματος

998 413 1090 442 κανὼν
1108 413 1285 448 εὐγλωττίας,
1303 413 1334 446 ἒξ
1352 413 1468 449 ἀμαθῶν
1482 413 1595 449 χειλέων
1617 413 1699 450 τέχνη
1717 415 1801 450 ῥητο-

1000 460 1071 496 ρίας.
1088 459 1125 486 Σὺ
1139 459 1167 486 δὲ
1178 459 1206 486 τί
1216 459 1325 494 λέγεις;
1340 460 1401 486 Ἔτι
1414 467 1443 486 σε
1458 459 1590 495 λογισμὸς
1603 459 1738 492 διστάζων
1750 460 1802 496 τῆς

1000 504 1029 533 ἔν
1042 506 1115 541 λόγῳ
1125 505 1234 533 Παύλου
1247 504 1376 540 σοφίας,ἢ
1385 504 1547 540 διαπόρησις
1558 504 1677 540 ἐνοχλεῖς
1690 505 1802 532 Μᾶλλον

999 550 1028 578 δὲ
1042 549 1086 587 ἄρ’
1100 550 1141 578 ἔτι
1155 559 1197 577 σοι
1210 549 1474 586 μικρολογηθήσεται
1493 549 1542 586 [εἰ]
1555 551 1594 582 εἰς
1606 551 1735 586 σχήματα
1750 551 1802 581 τὰς

1007 592 1169 629 Ἐπιστολάς
1182 596 1264 623 αὐτοῦ
1281 595 1487 631 σχηματίσειεν,
1503 595 1519 631 ἢ
1539 596 1634 631 μακρὰ
1649 596 1682 623 ἂν
1701 595 1802 622 σαυτοῦ

1000 635 1056 670 τῶν
1073 642 1214 679 προτέρων
1228 642 1404 676 καταγνοίης,
1421 642 1463 668 ὅτι
1484 650 1513 668 σε
1528 641 1664 668 τοσούτων
1680 642 1804 678 χαρίτων

1002 688 1093 724 δωρεὰ
1108 687 1281 721 διελάνθανες
1297 687 1331 715 Τί
1344 687 1368 715 δ’
1382 688 1416 715 ἂν
1432 688 1520 720 ετποις
1532 687 1753 723 ὲμὸαθυνόμενος
1763 688 1805 723 τῷ

1004 728 1090 770 ἑτέρῳ
1104 734 1183 770 μέρει
1197 735 1248 769 τῆς
1261 734 1365 761 ἐκείνου
1379 734 1446 770 περὶ
1456 734 1520 765 τοὺς
1531 733 1627 767 λόγους
1647 734 1804 769 δυνάμεως,

1003 777 1059 812 οἷος
1083 781 1112 806 ὲν
1134 780 1190 811 τοῖς
1206 779 1365 814 κεφαλαίοις
1377 780 1428 814 τὴν
1442 779 1531 812 τάξιν,
1547 780 1598 814 τὴν
1612 779 1720 806 σύνεσιν
1743 780 1804 805 εισ-

1005 826 1079 861 άγων
1094 825 1333 862 οἰκονομούμενος,
1349 825 1495 861 ὑποφέρων
1517 825 1728 861 ἁνθυποφέρων,
1742 826 1806 858 ὅσος

1004 873 1060 899 τῶν
1077 872 1300 907 ἐπιχειρημάτων
1317 870 1365 906 τὴν
1381 871 1505 907 εὕρεσιν·
1531 870 1561 897 τὸ
1586 871 1615 897 ἐν
1639 872 1700 902 ταῖς
1721 871 1807 906 ἐργα-

1006 918 1078 950 σίαις
1093 918 1222 953 γόνιμον·
1241 916 1317 949 ὅπως
1342 917 1504 952 συμπείθειν
1523 917 1632 952 ἕτοιμος
1655 917 1703 943 καὶ
1719 917 1807 949 πολὺς

1007 956 1189 1000 παραϐολαῖς,
1200 963 1433 999 παραδείγμασιν·
1445 963 1538 998 ἡλίκος
1550 964 1606 994 τοῖς
1617 962 1807 997 ἐνθυμήμασιν

1005 1011 1053 1038 καὶ
1072 1010 1122 1046 τὴν
1145 1010 1229 1045 ἄλλην
1253 1009 1360 1040 τούτοις
1383 1009 1493 1036 ἃπασαν
1510 1009 1631 1044 συγγενῆ
1646 1008 1774 1044 δύναμιν,
1789 1007 1810 1036 ἆ

1007 1065 1049 1084 σοι
1066 1057 1203 1092 παράσχοι
1218 1056 1382 1092 περιελθεῖν,
1396 1054 1449 1083 κᾶν
1465 1055 1562 1090 μηδενὶ
1582 1055 1700 1091 θελήσῃς
1719 1054 1810 1091 ἑτέρῳ

1006 1102 1077 1130 κατὰ
1100 1102 1216 1138 μελέτην
1236 1101 1376 1137 προσχεῖν,
1396 1102 1436 1133 είς
1461 1100 1500 1132 ὡς
1515 1100 1624 1136 ἀληθῶς
1640 1100 1703 1133 ὀξὺν
1715 1100 1810 1136 ἔρωτα

1009 1148 1056 1175 καὶ
1081 1145 1174 1182 θαῦμὶι
1203 1147 1301 1181 γλυκὺ,
1318 1147 1336 1182 ἦ
1353 1156 1383 1174 τε
1402 1148 1466 1183 περὶ
1482 1147 1537 1174 τῶν
1554 1148 1738 1175 εἰδωλοθύτων
1757 1150 1808 1182 τοῦ

1007 1194 1104 1230 ἀνδρὸς
1118 1194 1157 1226 είς
1174 1193 1261 1220 ταῦτα
1284 1193 1490 1230 μεταχείρησις,
1508 1195 1555 1221 καὶ
1571 1187 1601 1222 ἐν
1620 1192 1641 1229 ᾧ
1665 1195 1811 1231 καθαίρειν

1008 1240 1144 1275 ἐπιχειρεῖ
1166 1239 1221 1266 τῶν
1245 1239 1535 1275 μεγαλοφρονούντων,
1557 1240 1601 1275 ἐφ’
1623 1237 1645 1275 ᾧ
1668 1240 1811 1275 γλώσσαις

1009 1285 1121 1312 ἐλάλουν
1136 1284 1166 1311 τὸ
1182 1285 1307 1320 φύσημα,
1323 1287 1370 1311 καὶ
1384 1283 1416 1320 δὴ
1430 1285 1478 1311 καὶ
1491 1285 1528 1317 ὡς
1541 1285 1555 1312 ὁ
1570 1285 1652 1320 νόμος
1663 1286 1811 1320 ὀφειλέτης

1007 1329 1049 1367 ἦν.
1058 1330 1261 1366 παραχωρῆσαι
1279 1330 1313 1366 τῇ
1328 1330 1438 1366 χάρμης
1459 1331 1540 1357 Ἀλλὰ
1551 1330 1616 1366 περὶ
1634 1331 1684 1366 μὲν
1703 1330 1814 1357 τούτων

997 1377 1104 1405 ’ἰκανάο
1126 1377 1174 1404 καὶ
1190 1375 1277 1404 ταῦτα
1303 1375 1376 1403 κατὰ
1398 1376 1565 1412 γράμματος
1588 1376 1709 1412 ὁμιλίαν.
1727 1376 1759 1403 El
1781 1377 1813 1403 δέ

1010 1433 1076 1451 ποτε
1096 1422 1266 1459 συνεσόμεθα
1293 1422 1474 1457 (συνεσόμεθα
1493 1422 1541 1449 δὲ’
1566 1422 1637 1449 οείόν
1661 1431 1707 1458 μοι
1728 1421 1816 1448 τοῦτο

1012 1470 1124 1506 μήνυμα
1140 1469 1345 1505 προαγορεύει),
1360 1469 1421 1496 τότε
1446 1467 1614 1504 πλατύτερον
1630 1468 1647 1504 ἢ
1669 1467 1717 1495 νῦν
1745 1468 1816 1503 περὶ

1010 1516 1116 1544 τούτων
1135 1524 1177 1543 σοι
1192 1515 1383 1552 διαλεξόμεθα.

1295 1649 1465 1676 ΕΡΩἸῊΣΙΣ
1483 1648 1540 1681 L_l".

1015 1729 1176 1764 Ζητήματα
1197 1726 1326 1764 διάφορα
1342 1725 1397 1764 τοῦ
1411 1723 1613 1764 ’Ἀποστόλου
1630 1722 1679 1750 διὰ
1692 1724 1717 1749 κ’
1727 1721 1778 1748 καί
1793 1720 1819 1751 ζ’

1218 1760 1393 1796 κεφαλαίων
1405 1760 1602 1794 enumera.

390 1830 462 1856 Edita
482 1837 496 1854 ι
512 1830 672 1860 Montacutto,
688 1835 728 1861 ep.
751 1827 806 1859 166,
824 1827 857 1852 ad
875 1827 964 1857 Georg.
985 1825 1006 1850 Ν
1012 1822 1073 1849 itam
1086 1839 1094 1853 ,
1114 1829 1141 1853 p.
1156 1821 1204 1846 255
1214 1826 1268 1851 seq.
1285 1819 1324 1845 De
1339 1818 1412 1843 variis
1424 1817 1496 1842 Pauli
1516 1816 1588 1842 locis.

205 1884 433 1920 Quandoquidem
465 1884 594 1919 agnoscis
613 1888 640 1911 te
659 1891 712 1910 non
737 1882 820 1910 ntodo
843 1882 961 1912 victum.

170 1931 298 1962 libenter,
326 1931 372 1958 scd
396 1931 509 1965 insuper
537 1925 578 1958 sic
605 1929 689 1961 vinci,
716 1929 788 1956 inter
806 1926 964 1955 festivitatis

171 1978 316 2007 commoda
345 1982 466 2013 reputes,
486 1976 552 2012 quid
575 1979 619 2004 est
641 1976 714 2011 quod
732 1974 850 2002 ulterius
875 1973 965 2000 adhuc

171 2024 313 2052 desideres
327 2023 452 2058 exempla
468 2023 689 2057 Scripturarum,
704 2021 732 2048 in
743 2020 884 2056 prioribus
894 2018 966 2045 litte-

173 2071 212 2099 ris
233 2071 302 2098 meis
326 2071 472 2097 allatarum
495 2069 663 2104 ﬁgurarum;
682 2066 727 2095 cui
749 2071 796 2094 tuo
815 2065 965 2097 desiderio,

173 2115 300 2143 celeriter
325 2115 404 2150 cupis
437 2114 567 2143 satisﬁeri
588 2112 689 2148 :quod
709 2116 736 2140 et
767 2119 877 2147 aequum
904 2118 967 2139 esse

173 2162 274 2196 sentio,
293 2162 364 2198 sapit
385 2161 459 2189 enim
480 2160 611 2188 invidiam
627 2159 665 2187 illi
684 2159 827 2187 veritatem
851 2166 905 2185 non
924 2165 967 2186 rc-

174 2213 352 2244 pra-scntarc,
370 2207 435 2243 quia
455 2207 569 2235 veritate
591 2206 691 2239 victus,
707 2206 781 2240 quod
804 2212 898 2232 verum
913 2208 966 2236 cst,

174 2254 281 2289 quaerit.
298 2253 443 2293 Quocirca.
453 2257 573 2289 quatuor
587 2252 698 2280 illorum
713 2251 858 2278 modorum
873 2257 969 2278 exem-

175 2301 218 2336 pla
232 2301 323 2328 adhuc
337 2300 468 2336 adiungo,
485 2300 520 2328 ita
536 2304 567 2327 ut
582 2298 654 2327 haud
672 2297 819 2325 dilIiculler
834 2296 968 2332 distingui

176 2352 203 2375 t-t
216 2346 337 2375 discerni
355 2346 462 2382 possint
479 2354 512 2373 ex
531 2345 605 2377 istis,
620 2344 666 2372 illa
680 2351 742 2379 qua:
763 2343 870 2378 reliqua
893 2346 968 2375 sunt,

175 2397 234 2420 ῑιιηι
257 2397 287 2420 ut
310 2400 344 2420 ne
365 2396 440 2420 tuam
464 2391 638 2427 prudentiam
668 2389 836 2418 contumelia
862 2388 970 2416 allicere

177 2437 306 2471 videam,
335 2445 385 2465 nec
411 2445 462 2473 pro
481 2437 597 2473 epistola
627 2436 764 2472 integrum
790 2435 839 2462 tibi
869 2427 968 2461 librum

175 2492 299 2511 cxarem.
316 2482 406 2511 Veluti
418 2484 495 2511 enim’
509 2483 599 2519 inepte
614 2490 732 2519 qumque
748 2481 816 2509 levia
830 2480 961 2516 prosequi

1058 2473 1157 2508 ωρήτῳ
1198 2470 1421 2506 προσαρμόζεται
1431 2489 1440 2501 ,
1482 2467 1554 2495 οὕτω

176 2531 299 2558 adhaeret
314 2530 372 2558 l'cre
395 2530 442 2558 ille'
461 2530 535 2566 quod
556 2529 724 2558 obscuritate
743 2527 910 2557 involvitur.
934 2526 971 2553 ita

175 2576 251 2612 quod
275 2576 302 2604 in
320 2581 414 2612 aperto
434 2576 553 2612 positum
573 2580 626 2607 est,
643 2574 666 2602 si
688 2581 744 2601 non
757 2580 819 2600 cum
836 2572 970 2599 brevitate

177 2622 341 2651 exbibcalur
359 2623 386 2651 in
405 2622 587 2658 opprobrium
605 2620 702 2654 tendit,
719 2619 761 2648 vel
777 2618 912 2652 doctoris,
928 2618 971 2645 vel

179 2668 322 2698 discentis.

1058 1869 1227 1912 Ἐπειδήπερ
1253 1874 1283 1901 οὕ
1308 1874 1389 1910 μόνον
1415 1872 1518 1908 χαίρων
1543 1868 1744 1905 ἁνοπολογεῖςὶ
1764 1870 1820 1906 τὴν

1016 1921 1114 1959 ἧτταν,
1133 1921 1202 1949 ἀλλὰ
1216 1929 1264 1948 και
1280 1921 1320 1953 είς
1337 1920 1435 1956 ἑορτὴν
1450 1918 1537 1954 αὐτὴν
1549 1917 1687 1953 ὡφελείας
1709 1917 1821 1951 ἁναφέυ

1018 1977 1076 2005 ρεις
1087 1987 1095 2000 ,
1111 1968 1186 2003 ὅμως
1203 1967 1226 1993 δ’
1240 1966 1381 2001 ἐπιζητεῖς
1391 1965 1431 1991 ἔτι
1444 1963 1657 2000 παραδείγματα
1668 1960 1724 1988 τῶν
1737 1962 1766 1988 ὲν
1777 1961 1822 1996 τῷ

1017 2015 1120 2050 πρώτῳ
1133 2014 1278 2049 γράμματι
1292 2011 1447 2047 εἰρημένων
1454 2010 1563 2046 τρόπων
1573 2017 1579 2024 ·
1594 2009 1643 2036 καὶ
1655 2007 1760 2042 ταύτην
1775 2015 1821 2034 σοι

1016 2061 1068 2096 τὴν
1095 2059 1236 2094 ὲξαίτησιν
1250 2058 1338 2093 πέρας
1365 2057 1460 2083 λαϐεῖν
1476 2056 1508 2083 οὐ
1521 2055 1654 2091 βραδύνον
1664 2054 1678 2074 ι
1693 2073 1701 2086 ,
1712 2053 1822 2080 δίκαιον

1018 2106 1141 2142 νομίζω·
1167 2104 1246 2140 ἀνδρὶ
1269 2104 1324 2139 γὰρ
1344 2102 1474 2138 ἀληθείας
1496 2101 1659 2137 ἡττωμένῳ,
1682 2099 1821 2135 φθονερὸν

1021 2153 1059 2190 μὴ
1073 2152 1206 2188 παρέχειν
1221 2149 1318 2186 μαθεῖν
1333 2153 1383 2185 τὴν
1395 2148 1531 2184 ἀλήθειαν
1544 2146 1733 2182 ὲπιζητοῦντι.
1745 2145 1820 2172 Knu‘

1014 2199 1136 2226 ὅκαστον
1149 2195 1296 2231 τοιγαροῦν
1309 2195 1424 2221 ἐκείνων
1446 2202 1488 2220 σοι
1500 2193 1555 2220 τῶν
1579 2192 1722 2227 τεσσάρων
1750 2191 1819 2226 cpi-

1021 2252 1081 2270 πων
1100 2242 1180 2276 ὀλίγα
1201 2241 1264 2268 τινὰ
1292 2239 1462 2276 παραθέντες
1485 2239 1541 2266 τῶν
1570 2236 1819 2273 παραδειγμάτων,

1021 2291 1069 2317 ἅτε
1082 2289 1177 2325 ῥᾳδίαν
1191 2287 1274 2315 οὖσαν
1286 2287 1341 2314 τῶν
1354 2286 1459 2313 λοιπῶν
1472 2287 1506 2312 ἐκ
1520 2284 1624 2312 τούτων
1635 2284 1685 2318 τὴν
1700 2283 1823 2318 θεωρίαν

1021 2336 1070 2362 καὶ
1088 2335 1237 2371 διάκρισιν,
1251 2333 1295 2360 ἴνα
1313 2333 1350 2368 μὴ
1368 2333 1416 2359 καὶ
1441 2331 1491 2367 σὴν
1516 2329 1671 2366 ὲξυὸρίζειν
1695 2329 1821 2363 δόξωμει⁸

1024 2381 1146 2413 σύνεσιν,
1176 2380 1223 2407 καὶ
1244 2378 1336 2415 βίὸλον
1361 2378 1426 2413 ὃλην
1451 2376 1509 2403 ἀντ’
1536 2375 1680 2409 ἐπιστολῆς
1700 2375 1824 2410 γράφειν

1023 2426 1248 2462 παραλείψωμεν.
1266 2425 1372 2460 ’Ὠσπερ
1388 2423 1443 2459 γὰρ
1458 2423 1488 2450 τὸ
1511 2421 1686 2456 λεπτολογεῖν
1697 2420 1737 2456 τῷ
1755 2420 1823 2447 δυσ-

1591 2467 1622 2493 τὺ
1661 2465 1748 2500 σαφὲς
1789 2465 1824 2492 ἂν

1024 2518 1062 2555 μὴ
1082 2518 1126 2546 διὰ
1139 2517 1185 2545 τοῦ
1214 2517 1347 2552 συντόμου
1380 2515 1500 2551 πρόεισι,
1516 2513 1563 2540 τοῦ
1590 2512 1775 2548 μανθάνοντος
1807 2509 1826 2543 ἦ

1025 2565 1073 2592 τοῦ
1090 2563 1262 2595 asangm;
1276 2571 1308 2598 γε
1336 2562 1445 2594 πάντως
1479 2561 1518 2593 εἰς
1544 2558 1713 2595 κατηγορίαν
1740 2565 1823 2592 περι-

1027 2610 1135 2637 ίσταται
1147 2608 1216 2644 (18).

831 2709 953 2739 VARIE
981 2706 1184 2736 LECTIONES.

266 2772 368 2809 cori-ig.
386 2781 418 2802 ex
437 2774 468 2801 (ἶ.
483 2773 517 2801 Μ.
535 2772 722 2809 ἀνομολογεῖς.
778 2771 791 2791 ι
803 2770 836 2798 C.
850 2769 924 2797 Sion.
940 2769 990 2796 55l

1021 2767 1042 2795 ί.
1059 2767 1111 2795 154
1127 2764 1269 2802 βραδῦναι.

942 2827 1061 2856 NOTAE}.

237 2891 404 2929 (18)οκρὶιῆ
422 2899 454 2920 ex
479 2891 573 2920 codice
599 2889 705 2918 Monac.
736 2888 785 2917 55l
812 2886 966 2916 sinuantur.
987 2884 1067 2913 Εοιτ.
