1873 3063
46 146 136 189 Διιι

543 147 593 177 Al)
624 146 924 179 AMPHILOCHIUM
938 148 1113 184 QUiESTIO
1133 147 1243 179 XCIII.

1663 148 1717 181 594

118 207 152 232 α’.
163 203 269 231 Δὺτίιια
281 204 372 232 τοίνυν
383 204 426 238 τὸ,
437 214 456 232 .ι
481 205 514 233 Τι
527 205 575 233 οὖν
593 206 723 242 ὲροῦμεν,
744 206 866 242 Ἀϐραὰμ

959 207 987 235 1.
1009 206 1045 235 Ut
1061 207 1196 235 instemus
1221 216 1228 234 :
1247 215 1257 233 ι
1283 206 1423 235 Abraham
1443 206 1551 234 Patrem
1578 211 1714 238 nostrum,

86 252 128 278 τὸν
140 251 245 286 πατέρα
253 250 332 286 ἡμῶν
340 251 487 287 εὑρηκέναι
496 252 567 279 κατὰ
579 253 680 288 σάρκα,
692 262 701 279 ι
713 253 829 289 φανερὸν
835 253 873 286 ὼς

86 298 144 324 καθ’
159 297 312 333 ὑπερϐατὸν
328 298 526 338 ἐσχηματισται
534 306 541 314 ·
553 299 585 325 τὺ
597 299 662 334 γὰρ,
675 300 751 326 κατὰ
762 299 872 334 σάρκα,

86 345 141 371 δέον
165 344 218 377 πρὲ
242 343 288 370 τοῦ
310 344 423 378 πατέρα
453 345 571 377 κεῖσθαι,
601 345 792 381 ὑπερϐεϐηκὸς
825 345 874 381 τὴν

84 390 185 417 οἰκείαν
213 389 324 426 χώραν,
362 391 432 426 μετὰ
469 392 500 418 τδ
536 391 714 426 εὑρηκέναι,
744 391 874 418 συντέτα-

86 447 154 466 κται.
790 464 794 467 .

119 484 152 519 β’.
170 483 298 511 Τοιοῦτον
323 484 370 512 καὶ
397 484 438 516 τδ,
454 485 572 512 Βλέπετε
602 485 649 512 τὸν
672 486 780 522 Ἰσραὴλ
803 486 874 513 κατὰ

85 530 189 565 σάρκα·
213 531 275 557 ἀντὶ
298 530 354 566 γὰρ
381 530 445 562 τοῦ,
472 531 591 559 Βλέπετε
624 531 670 560 τὸν
685 532 757 560 κατὰ
785 533 875 568 σάρκα

90 576 206 611 Ἰσραὴλ,
221 576 342 612 εἴρηται.

114 625 149 656 γ’.
163 623 221 650 Καὶ
241 622 331 655 τοῦτο,
358 623 390 650 Ol
409 623 496 650 δοῦλοι
524 623 552 650 δὲ
570 623 723 650 ὑπακούετε
746 625 804 655 τοῖς
823 633 874 651 κυ-

85 669 148 704 ρίοις
169 668 244 696 κατὰ
266 669 366 705 σάρκα,
383 670 444 696 ἀντὶ
458 669 516 703 τοῦ,
539 671 597 702 τοῖς
615 670 687 697 κατὰ
717 670 873 707 σάρκαικυ-

82 721 156 749 ρίοις.

112 759 144 788 δ’.
152 759 326 786 Ἀποδέδοται
336 759 442 792 τούτοις
453 759 502 787 καὶ
511 760 541 786 τό
551 769 557 776 ·
572 761 643 796 Πρὸς
652 761 666 787 ὃ
680 761 794 789 δύνασθε
810 762 875 789 ἀνα-

81 796 263 840 τινώσσῦντες
280 807 375 842 νοῆσαι
390 806 441 842 τὴν
455 807 564 833 σύνεσίν
584 816 634 842 μου
641 808 670 834 ὲν
683 807 722 842 τῷ
732 808 875 844 μυστηρίῳ

80 851 124 878 τοῦ
146 851 288 886 Χριστοῦ·
311 852 592 879 συνδιαποικίλλεται·
619 853 650 879 τὸ
679 853 735 888 γὰρ
756 853 870 885 ἁπλοῦν,

925 253 991 288 quid
1010 253 1144 285 dicemus,
1169 253 1309 280 inventum
1328 253 1413 281 fuisse
1427 253 1505 288 juxta
1528 260 1639 280 carnem
1652 252 1686 284 ",
1704 261 1713 278 ι

925 305 998 335 patet
1017 299 1090 334 quod
1116 299 1230 334 ﬁgurate
1257 306 1304 334 per
1331 299 1498 334 hyperbaton
1519 298 1630 326 dicitur.
1647 298 1716 325 lllud

924 346 997 374 enim
1026 345 1098 372 κατὰ
1124 345 1224 381 σάρκα,
1247 345 1393 372 secundum
1417 353 1533 377 carnem,
1563 344 1717 379 praecedere

924 391 1029 425 debuit,
1047 391 1155 426 πατέρα
1168 391 1257 426 ἡμῶν,
1272 396 1376 425 patrem
1398 396 1536 422 nostrum;
1555 398 1635 418 suum
1652 397 1717 424 ergo

925 439 1017 466 locum
1029 445 1208 474 supergressa
1218 437 1313 469 dictio,
1322 436 1499 471 coniungitur
1507 443 1567 463 cum
1578 435 1716 462 invenisse.

959 483 1060 512 2.Tale
1075 488 1103 511 et
1116 483 1194 516 illud,
1207 492 1216 509 ι
1227 482 1324 510 Videte
1340 482 1423 510 lsrael
1439 482 1589 510 secundum
1605 488 1716 509 carnem

924 538 986 567 pro,
1002 529 1097 558 Videte
1115 530 1198 558 Israel
1208 530 1254 566 qui
1272 533 1315 558 est
1329 529 1480 557 secundum
1499 535 1610 560 carnem
1627 527 1662 556 λδ.

960 616 986 644 5.
1006 615 1052 649 Et,
1075 626 1084 642 ι
1104 616 1191 649 Servi,
1221 616 1329 644 ohedite
1352 616 1473 644 dominis
1494 616 1646 644 secundum
1658 623 1719 644 car-

925 659 988 690 nem
1001 662 1034 695 ⁸⁵,
1053 670 1113 697 pro,
1128 663 1279 690 secundum
1298 671 1409 691 carnem
1425 662 1556 691 dominis.

962 755 989 782 4.
997 753 1115 781 Accedat
1124 753 1214 780 adista
1228 752 1328 780 etillud
1341 762 1348 780 :
1361 762 1371 778 ι
1386 752 1583 783 Ροιεειίε,ειιιη
1598 751 1719 787 legeritis

926 809 1095 838 cognoscere
1122 801 1297 836 prudentiam
1329 807 1417 828 meam
1446 801 1472 827 in
1503 801 1634 835 mysterio
1678 808 1720 828 se-

927 849 1046 876 cundum
1080 848 1222 874 Christum
1237 847 1260 863 ’θ
1275 855 1282 874 :
1303 856 1313 873 ι
1330 846 1376 874 ubi
1409 846 1544 881 elegantia
1575 846 1717 873 variatur:

81 896 148 932 Πρὸς
160 896 177 923 ὅ
192 896 308 923 δύνασθε
324 897 558 930 ἀναγινώσκοντες
568 898 665 933 νοῆσαι
677 899 726 933 τὴν
737 899 767 924 ὲν
776 899 816 933 τῷ
826 907 866 933 μυ-

954 893 1086 928 mplieiter
1103 893 1175 920 enim
1189 893 1230 920 sic
1244 897 1287 920 cst
1305 901 1312 919 ι
1327 893 1368 919 Ad
1384 893 1457 928 quod
1468 893 1582 927 potestis
1600 892 1720 926 legentes

81 942 187 976 στηρίῳ
199 942 247 969 τοῦ
266 942 386 977 Χριστοῦ
400 942 509 969 σύνεσίν
523 952 575 978 μου
585 944 620 979 ’ἧ
636 944 660 970 εἰ
677 944 767 979 βούλει
777 953 784 960 ·
803 945 874 980 Πρὸς

79 988 93 1015 ὃ
107 988 227 1015 δύνασθε
243 989 338 1024 νοῆσαι
358 989 408 1024 τὴν
425 989 535 1017 σύνεσίν
560 998 615 1026 μου
635 990 685 1026 τὴν
705 992 734 1018 ὲν
756 991 796 1026 τῷ
822 1001 874 1026 μυ-

81 1033 186 1068 στηρίῳ
201 1033 249 1060 τοῦ
267 1033 396 1069 Χριστοῦ.
416 1033 532 1061 Δὺναται
548 1034 603 1070 γὰρ
616 1035 694 1062 τοῦτό
708 1044 738 1062 τε
755 1037 802 1063 καὶ
815 1036 874 1064 ἔνια

79 1078 130 1105 τῶν
141 1079 356 1114 προειρημένων
374 1080 408 1106 δι’
419 1080 550 1116 ἐκατέρου
573 1081 676 1116 τρόπον
692 1082 732 1114 εἰς
747 1082 778 1108 τὺ
794 1082 874 1117 ὀρθόν

79 1132 107 1150 τε
121 1124 170 1150 καὶ
187 1124 393 1160 συνειθισμένον
403 1126 453 1160 τῆς
473 1126 600 1160 φράσεως
615 1126 812 1161 ἐπανάγεσθαι.
822 1128 874 1154 Λέ-

79 1170 158 1204 mae
185 1171 246 1206 ἦτοι
263 1171 308 1198 διὰ
329 1171 377 1198 τοῦ
397 1171 458 1198 καθ’
481 1171 648 1207 ὑπερϐατὸν,
666 1173 683 1208 ἢ
701 1172 746 1200 δια
768 1182 800 1207 γε
827 1173 874 1200 τοῦ

79 1215 303 1248 κοινοποιοῦντος
316 1216 491 1244 ὲλλειπτικοῦ
503 1217 534 1244 τὸ
547 1218 746 1254 προειρημένον
758 1219 815 1251 τοῖς
825 1218 876 1246 Em

79 1269 147 1294 ειτα,
162 1262 262 1297 ὥσπερ
279 1263 327 1289 καὶ
342 1262 401 1294 νῦν,
418 1263 449 1290 τὸ
462 1263 523 1290 κατ’
535 1264 692 1299 αἰτιατικὴν
711 1265 876 1301 ἑκπεφωνη-

80 1308 158 1342 μένον
175 1309 266 1336 ἑνικὸν
283 1308 386 1345 ἄρθρον
398 1309 454 1336 ἀπὸ
462 1309 552 1337 κοινοῦ
568 1309 750 1346 παραληφθὲν
762 1311 876 1346 ὁλόκλη-

80 1363 125 1390 ρον
141 1355 176 1382 τδ
192 1356 275 1391 ῥητὸν
291 1355 493 1392 ἀπειργάσατο.

111 1403 142 1427 ε’.
151 1399 283 1428 Τοιοῦτον
296 1401 344 1427 καὶ
355 1401 397 1433 τὸ,
420 1402 460 1428 Δι’
472 1401 487 1429 ὃ
497 1401 628 1438 αἰτοῦμαι
652 1402 690 1438 μὴ
704 1403 833 1430 ὲκκακεῖν
847 1403 876 1430 ὲν

79 1447 136 1478 ταῖς
144 1445 256 1480 θλίψεσί
275 1454 326 1482 μου
338 1446 409 1482 ὑπὲρ
420 1447 517 1482 ὑμῶν·
529 1447 546 1483 ἢ
557 1448 622 1484 γὰρ,
632 1449 692 1480 ταῖς
704 1448 775 1484 ὑπὲρ
786 1449 874 1484 ὑμῶν,

80 1492 184 1526 ὀφείλει
206 1492 417 1527 προσειρῆσθαι,
438 1492 473 1519 δι’
487 1489 517 1520 οὗ
536 1493 676 1528 γνώριμον
698 1493 729 1520 τὸ
743 1494 798 1520 ἀπὸ
820 1503 877 1521 κοι-

80 1537 136 1571 νοῦ,
152 1538 172 1573 ἢ
186 1539 216 1565 ὲν
229 1539 291 1570 ταῖς
311 1538 381 1574 ὑπὲρ
410 1538 488 1573 ὑμῶν
504 1538 612 1573 Θλίψεσι
627 1548 690 1574 μου,
706 1540 775 1575 ὅπερ
791 1540 875 1566 ἐνδεί-

81 1591 157 1609 κνυσι
189 1582 221 1609 τὸ
244 1583 400 1618 ὑπερῦατόν
413 1592 420 1599 ·
440 1584 500 1610 καθ’
520 1584 651 1619 ὁπότερον
675 1585 730 1620 γὰρ
747 1584 803 1611 τῶν
829 1585 876 1612 δύο

80 1627 183 1654 τούτων
203 1627 365 1664 διαληφθὲν,
385 1628 595 1664 ἀπηρτισμένην
619 1629 650 1656 τὸ
671 1630 754 1665 ῥητὸν
781 1630 877 1657 ἁναδὲ-

81 1683 155 1710 χεται
174 1676 224 1709 τὴν
241 1675 401 1711 ἑρμηνείαν.

115 1726 152 1754 ς’.
170 1721 265 1753 Πάλιν,
287 1722 336 1748 Δια
357 1721 437 1748 τοῦτο
449 1721 570 1753 ἀκούσας
583 1721 633 1756 τὴν
653 1721 715 1748 καθ’
738 1722 811 1757 ὑμᾶς
828 1722 875 1749 πί-

83 1776 138 1794 στιν
156 1769 187 1794 ἐν
199 1768 240 1803 τῷ
267 1768 360 1804 Κυρίῳ
379 1767 477 1803 Ἰησοῦ,
498 1768 528 1794 οὑ
544 1767 666 1802 παύομαι
694 1768 874 1804 εὐχαριστῶν.

83 1814 197 1849 Ὅμοιον
225 1814 280 1849 γὰρ
302 1815 350 1840 καὶ
371 1815 451 1840 τοῦτο
469 1815 525 1844 τοῖς
540 1814 694 1848 εἰρημένοις
706 1822 713 1829 ’
730 1814 746 1848 ἢ
762 1815 816 1850 γὰρ
827 1816 875 1850 τὴν

83 1861 110 1886 ἐν
123 1860 164 1896 τῷ
179 1859 276 1895 Κυρίῳ
295 1859 383 1894 Ἰησοῦ
400 1859 462 1886 καθ’
475 1859 547 1894 ὑμᾶς
574 1859 666 1886 πίστιν
680 1867 687 1875 ·
700 1859 716 1895 ἢ
742 1859 790 1895 τὴν
813 1861 874 1888 καθ’

82 1905 152 1940 ὑμᾶς
166 1905 260 1932 πίστιν
278 1905 328 1939 τὴν
345 1906 374 1930 ἐν
403 1904 499 1940 Κυρίῳ
520 1903 608 1939 Ίησοῦ
639 1905 875 1938 ἀναγινώσκοντες

81 1951 346 1986 κεκοινοποιημένην
359 1959 364 1966 ·
384 1951 431 1978 καὶ
447 1951 524 1977 οὐδὲν
544 1950 661 1985 ἔχουσαν
676 1958 874 1986 παρατετραμ-

83 1999 162 2032 μένον
175 1998 226 2033 τὴν
243 1997 343 2033 φράσιν
356 1997 532 2032 εὑρίσκομεν.

115 2043 150 2077 ζ’.
161 2043 383 2080 [Παραπλήσιον]
393 2044 439 2070 καὶ
446 2044 487 2075 τὸ,
496 2044 526 2070 Εἰ
540 2043 568 2070 δέ
580 2052 621 2075 τις
628 2043 677 2079 οὑχ
687 2042 822 2069 ὑπακούει
835 2043 874 2078 τῷ

81 2090 152 2126 λόγῳ
165 2092 182 2126 ἡ
187 2091 257 2125 μῶν,
271 2090 316 2117 διὰ
326 2092 375 2125 τῆς
385 2089 530 2124 ἐπιστολῆς
542 2089 637 2116 τοῦτον
648 2088 813 2124 σημειοῦσθε
823 2098 830 2104 ·
845 2089 875 2116 τὺ

80 2137 133 2172 γὰρ
139 2137 259 2168 ἐντελὲς,
268 2136 334 2163 Εἰδέ
342 2144 385 2167 τις
395 2136 444 2170 οὐχ
459 2135 592 2162 ὑπακούει
606 2134 646 2170 τῷ
653 2135 697 2161 διὰ
705 2135 754 2170 τῆς
762 2135 872 2161 ἐπιστο-

80 2182 127 2218 λῆς
138 2183 220 2219 ἡμῶν
226 2183 310 2218 λόγῳ,
319 2181 416 2209 τοῦτον
425 2181 602 2217 σημειοῦσθε·
611 2181 627 2216 ἢ
636 2181 684 2207 καὶ
691 2180 788 2212 οὕτως·
802 2181 834 2208 Εἰ
846 2181 876 2208 δέ

924 939 1075 973 intelligere
1091 939 1118 966 in
1131 938 1263 974 mysterio
1280 938 1382 966 Christi
1410 938 1584 973 prudentiam
1609 945 1719 969 meam;

925 991 972 1014 aut
989 986 1011 1014 si
1024 985 1117 1017 vultis,
1133 985 1204 1020 Πρὸς
1219 984 1234 1011 ὃ
1263 984 1380 1011 δύνασθε
1405 986 1502 1019 νοῆσαι
1533 984 1582 1019 τὴν
1612 983 1719 1010 σύνεσίν

926 1041 988 1068 μου,
1012 1033 1060 1067 τὴν
1072 1033 1101 1058 ὲν
1111 1033 1150 1067 τῷ
1165 1031 1308 1067 μυστηρίῳ
1322 1031 1453 1066 Χριστοῦ.
1469 1032 1564 1059 Potest
1579 1031 1631 1058 hoc
1652 1031 1713 1058 ell'a-

925 1084 994 1112 tum,
1010 1083 1040 1105 ut
1048 1083 1075 1106 et
1090 1078 1143 1106 alia
1154 1078 1237 1106 etiam
1255 1077 1311 1112 jam
1325 1078 1398 1108 dicta
1420 1085 1468 1112 per
1489 1083 1639 1111 utrumque
1657 1085 1718 1104 mo-

925 1123 988 1150 dum
1006 1122 1039 1150 ad
1059 1123 1125 1150 recti
1141 1122 1364 1157 intelligentiam,
1380 1125 1408 1149 et
1421 1122 1531 1157 phrasis
1562 1130 1642 1149 usum
1677 1129 1720 1149 re-

925 1169 997 1196 duci.
1027 1168 1149 1204 lntelligo
1175 1172 1266 1196 autem
1296 1175 1344 1202 per
1374 1168 1559 1203 hyperbaton,
1591 1173 1636 1195 aut
1669 1176 1720 1203 per

925 1215 1034 1250 ellipsin
1053 1215 1199 1250 quamdam
1212 1223 1324 1248 novam.
1348 1215 1528 1250 praecedentia
1539 1215 1720 1248 sequentibus

925 1261 1111 1296 copuhmtem,
1129 1261 1168 1291 uti
1184 1269 1258 1288 nunc
1272 1261 1404 1288 articulus
1429 1261 1578 1296 singularis
1597 1261 1715 1293 numeri.

925 1308 973 1343 qui
988 1309 1014 1335 in
1028 1307 1188 1335 accusativo
1201 1304 1325 1341 eﬂ'ertur,
1341 1307 1453 1334 ἀπὸτοῦ
1471 1307 1562 1334 κοινοῦ
1591 1314 1721 1335 consum-

931 1360 1033 1382 matam
1049 1354 1192 1388 periodum
1208 1353 1314 1381 reddat.
1657 1351 1660 1354 ⁴

961 1401 989 1429 5.
1004 1400 1070 1428 Tale
1088 1405 1115 1428 et
1133 1400 1210 1432 illud,
1232 1400 1271 1427 Δι’
1290 1399 1304 1427 ὃ
1327 1399 1457 1435 αἰτοῦμαι
1474 1400 1511 1436 μὴ
1543 1400 1672 1428 ἑκκακεῖν
1691 1399 1720 1426 ἐν

926 1447 986 1479 ταῖς
1001 1446 1107 1481 θλίψεσί
1120 1454 1182 1481 μουο
1199 1446 1272 1481 quod
1287 1445 1454 1482 hyperbaton
1472 1446 1554 1473 habet
1568 1454 1575 1473 :
1593 1445 1632 1472 vel
1646 1445 1718 1472 enim

926 1493 1054 1528 conjungi
1069 1493 1149 1520 debet
1162 1500 1225 1521 cum
1245 1493 1306 1525 ταῖς
1322 1492 1393 1528 ὑπὲρ
1408 1492 1497 1527 ὑμῶν,
1515 1501 1563 1528 per
1579 1492 1651 1526 quod
1674 1499 1722 1518 co-

926 1539 1069 1576 gnoscitur
1081 1539 1153 1574 quod
1169 1543 1212 1566 est
1229 1538 1284 1566 ἀπὸ
1307 1538 1398 1566 κοινοῦ
1419 1543 1478 1570 aut,
1494 1539 1524 1565 ἐν
1555 1539 1616 1570 ταῖς
1649 1538 1722 1572 ὑπὲρ

927 1585 1004 1620 ὑμῶν
1021 1584 1128 1619 excessi
1146 1593 1207 1619 μου.
1224 1584 1328 1617 Quovis
1340 1585 1424 1612 modo
1439 1584 1585 1619 accipitur,
1607 1588 1721 1612 senten-

927 1632 966 1660 tia
981 1632 1130 1667 perfectam
1146 1631 1268 1659 admittit
1291 1630 1556 1666 interpretationem.

961 1722 988 1750 6.
997 1721 1109 1756 lterum,
1124 1721 1174 1749 Διὰ
1187 1721 1268 1748 τοῦτο
1281 1721 1402 1753 ἀκούσας
1415 1720 1464 1757 τὴν
1471 1720 1532 1749 καθ’
1543 1721 1615 1756 ὑμᾶς
1630 1720 1723 1748 πίστιν

926 1768 956 1795 ὲν
968 1767 1007 1804 τῷ
1022 1769 1118 1804 Κυρίῳ
1141 1768 1240 1804 Ἰησοῦ,
1258 1768 1288 1795 οῦ
1307 1768 1431 1802 παύομαι
1443 1767 1626 1802 εὐχαριστῶν.
1643 1767 1722 1794 Simi-

926 1814 960 1842 lis
975 1814 1019 1842 hic
1037 1814 1113 1842 locus
1137 1818 1202 1841 ante
1216 1813 1317 1846 allatis,
1332 1814 1374 1840 vel
1387 1813 1460 1840 enim
1478 1818 1572 1848 potest
1590 1813 1716 1848 essc,~:.ﬁ\

926 1861 956 1888 ὲν
970 1859 1009 1896 τῷ
1025 1859 1119 1896 Κυρίῳ
1140 1860 1230 1895 Ἰησοῦ
1251 1859 1313 1887 καθ’
1343 1860 1416 1894 ὑμᾶς
1445 1859 1552 1895 πίστιν,
1583 1863 1642 1891 aut,
1672 1860 1722 1894 τὴν

925 1907 988 1934 καθ’
1003 1907 1075 1943 ὑμᾶς
1091 1907 1183 1934 πίστιν
1197 1906 1248 1942 τὴν
1258 1907 1288 1932 ὲν
1298 1907 1394 1941 Κυρίῳ
1413 1905 1512 1941 Ἰησοῦ.
1529 1905 1568 1932 lla
1602 1905 1722 1940 legentes

926 1953 994 1980 nihil
1006 1954 1178 1986 innovatum,
1190 1953 1257 1980 nihil
1269 1959 1429 1988 perversum
1446 1952 1472 1979 in
1495 1951 1626 1987 loquendi
1640 1952 1722 1979 modo

927 2000 1109 2028 inveniemus.

964 2046 990 2073 7.
1001 2046 1096 2073 Simile
1104 2050 1146 2074 est
1161 2046 1263 2074 ethoc:
1278 2046 1309 2073 Εἰ
1320 2045 1350 2073 δέ
1362 2054 1404 2077 τις
1419 2045 1468 2081 οὑχ
1476 2044 1611 2072 ὑπακούει
1625 2044 1664 2080 τῷ
1677 2044 1722 2071 λό-

927 2101 966 2127 γῳ
981 2092 1071 2128 ἡμῶν.
1086 2092 1131 2119 διὰ
1141 2093 1190 2127 τῆς
1205 2091 1353 2127 ἐπιστολῆς
1366 2091 1462 2118 τοῦτον
1477 2091 1655 2127 σημειοῦσθε.
1668 2091 1723 2117 Ah-

926 2139 1015 2166 Soluta
1030 2139 1118 2166 oratio
1140 2139 1177 2166 ita
1191 2146 1220 2166 se
1234 2138 1334 2170 habet;
1355 2138 1386 2165 Et
1399 2137 1428 2164 δέ
1449 2146 1493 2169 τις
1515 2138 1564 2172 οὑχ
1589 2136 1724 2164 ὑπακούει

926 2186 965 2221 τῷ
978 2186 1022 2212 διὰ
1036 2186 1085 2220 τῆς
1100 2184 1245 2219 ἐπιστολῆς
1260 2183 1339 2219 ἡμῶν
1363 2183 1446 2219 λόγῳ,
1463 2183 1559 2210 τοῦτον
1588 2182 1720 2218 σημειοῦ-

79 2237 121 2261 τις
135 2229 186 2264 οὐχ
197 2228 332 2255 ὑπακούει
351 2227 390 2263 τῷ
413 2227 485 2262 λόγῳ
508 2227 586 2262 ἡμῶν
607 2226 648 2261 τῷ
676 2226 722 2254 διὰ
743 2226 793 2261 τῆς
809 2227 872 2253 ἔπι·
889 2231 911 2259 Ι)
926 2231 972 2258 σθε
985 2238 993 2246 '
1008 2235 1057 2258 aut
1069 2231 1122 2258 hoc
1135 2231 1228 2263 modo,
1244 2230 1276 2256 Εἰ
1292 2229 1322 2257 δέ
1338 2238 1382 2261 τις
1397 2229 1446 2264 οὑχ
1459 2227 1593 2255 ὑπακούει
1619 2228 1658 2263 τῷ
1676 2227 1722 2254 λό-

82 2275 191 2309 στολῆς,
212 2275 310 2302 τοῦτον
335 2273 512 2309 σημειοῦσθε.
535 2273 589 2299 Καὶ
614 2272 705 2307 δῆλον,
721 2272 762 2299 ὃτι
782 2272 813 2299 τὸ
826 2273 875 2308 μὲν

81 2322 216 2356 πρότερον
246 2320 302 2347 ἀπὸ
322 2319 369 2346 τοῦ
390 2319 452 2346 καθ’
469 2319 622 2353 ὑπερϐατὸν
644 2318 832 2352 ἐπανάγεται·
845 2317 876 2345 τὸ

80 2367 106 2394 δὲ
136 2367 254 2402 ὕστερον
280 2366 372 2402 ῥηθὲν,
389 2365 442 2392 ἀπὸ
466 2364 512 2391 τοῦ
527 2364 587 2390 κατ’
601 2363 721 2398 ἔλλειψιν
738 2371 875 2390 κοινοποι-

80 2411 176 2443 οῦντος
205 2411 263 2442 τοῖς
295 2410 395 2445 ἑφεξῆς
430 2409 465 2436 τὰ
502 2409 691 2445 προειρημένα
722 2408 875 2443 ἀπαρτίζε-

80 2466 122 2484 ται
127 2478 134 2485 ι

113 2505 152 2537 η’.
163 2503 228 2534 Καὶ,
237 2502 300 2533 Τοῖς
315 2501 452 2533 πλουσίοις
466 2501 496 2527 ὲν
504 2500 542 2536 τῷ
551 2500 599 2527 νίν
607 2500 687 2527 αἰῶνι
698 2499 873 2535 παράγγελλε

81 2549 117 2583 μὴ
135 2548 351 2584 ὗιῖιηλοφρονεῖν·
367 2548 428 2574 ἀντὶ
454 2547 512 2579 τοῦ,
525 2550 579 2579 τοῖς
601 2549 630 2573 ἐν
655 2546 695 2582 τῷ
720 2546 768 2573 νῦν
789 2546 871 2573 αἰῶνι

81 2595 231 2628 πλουσίοις,
243 2595 271 2630 ἢ,
287 2597 344 2626 τοῖς
367 2594 504 2626 πλουσίοις
530 2595 586 2625 τοῖς
607 2594 637 2619 ἐν
656 2593 696 2628 τῷ
712 2593 759 2624 νῦν
776 2593 870 2620 αἰῶνι.

82 2641 147 2672 Καὶ,
160 2641 218 2667 Νῦν
232 2641 322 2676 χαίρω
335 2642 364 2668 ὲν
378 2640 434 2672 τοῖς
448 2640 609 2675 παθήμασιν
622 2639 693 2675 ὑπὲρ
703 2639 781 2674 ὑμῶν
793 2648 800 2654 ο
811 2639 872 2666 ἀντὶ

81 2687 140 2720 τοῦ,
157 2687 186 2713 ἐν
199 2689 257 2718 τοῖς
271 2687 342 2722 ὑπὲρ
360 2687 438 2722 ὑμῶν
463 2685 624 2721 παθήμασιν
635 2694 642 2701 ο
659 2685 675 2721 ἢ
696 2686 725 2712 ἐν
745 2685 801 2717 τοῖς
822 2694 873 2712 πα‹

84 2733 187 2768 θήμασι
201 2734 256 2765 τοῖς
271 2733 342 2768 ὑπὲρ
357 2733 446 2768 ὑμῶν.

118 2779 153 2806 θ’.
168 2780 229 2806 Ἔτι
238 2779 279 2806 δέ’
292 2779 347 2815 Τὴν
359 2779 450 2814 δέησιν
460 2779 635 2814 ποιούμενος,
651 2778 698 2805 ἐπὶ
705 2779 738 2814 τῇ
748 2777 876 2814 κοινωνίᾳ

121 2869 145 2885 ⁸³
154 2868 232 2897 Rom.
252 2878 289 2902 ιν,
312 2869 334 2897 l.
374 2869 394 2885 “
408 2869 416 2897 l
431 2870 493 2897 Cor.
512 2877 538 2902 κ,
563 2868 604 2895 l8.
644 2868 664 2886 ⁸³
678 2868 778 2902 liphcs.
795 2875 832 2902 vt,
850 2868 876 2896 5.

926 2286 967 2312 γῳ
980 2276 1068 2312 ἡμῶν,
1087 2276 1133 2303 διὰ
1165 2277 1216 2312 τῆς
1246 2275 1394 2310 ἐπιστολῆς
1416 2274 1512 2301 τοῦτον
1540 2274 1722 2309 σημειοῦσθε,

928 2323 1017 2358 Patet,
1033 2323 1104 2358 quod
1131 2323 1247 2350 istorum
1275 2321 1420 2349 modorum
1441 2321 1528 2356 prior,
1549 2328 1597 2355 per
1623 2320 1724 2356 hyper-

926 2369 1009 2397 baton
1026 2369 1165 2396 reducitur
1183 2377 1189 2396 :
1208 2369 1345 2403 posterius
1374 2368 1478 2394 dictum
1499 2367 1584 2401 liquet
1604 2374 1652 2401 per
1681 2366 1723 2394 el-

925 2415 1009 2450 lipsiu
1027 2423 1043 2442 a
1058 2415 1248 2450 superioribus
1267 2414 1476 2449 intelligendam
1492 2413 1607 2441 absolvi.

962 2506 989 2534 8.
1001 2507 1044 2537 Et,
1068 2506 1130 2538 Τοῖς
1144 2504 1282 2537 πλουσίοις
1301 2505 1330 2531 ὲν
1339 2503 1376 2540 τῷ
1392 2503 1440 2531 νῦν
1452 2504 1531 2531 αἰῶνι
1549 2502 1724 2538 παράγγελλε

927 2553 966 2589 μὴ
986 2553 1192 2588 ὑψηλοφρονεῖν,
1211 2560 1260 2587 pro
1276 2553 1330 2583 τοῖς
1346 2552 1375 2577 ὲν
1390 2551 1430 2586 τῷ
1447 2551 1505 2578 νυνὶ
1531 2550 1611 2577 αἰῶνι
1637 2550 1720 2576 πλου-

926 2600 995 2632 σίοις
1013 2607 1020 2614 ·
1036 2603 1074 2632 et,
1090 2599 1147 2626 Νῦν
1159 2599 1247 2635 χαίρω
1264 2599 1293 2625 ἐν
1308 2597 1440 2633 τοίςύπὲρ
1448 2596 1525 2632 ὑμῶν
1539 2596 1700 2632 παθήμασιν
1715 2602 1723 2611 ⁸

926 2652 984 2679 aut,
1000 2646 1029 2672 ὲν
1039 2646 1096 2678 τοῖς
1110 2645 1256 2680 παθήμασι
1274 2645 1331 2676 τοῖς
1347 2643 1418 2680 ὑπὲρ
1436 2643 1524 2679 ὑμῶν.

965 2777 991 2806 9.
1003 2777 1110 2811 Adhuc,
1124 2777 1180 2813 Τὴν
1199 2777 1291 2814 δέησιν
1303 2777 1474 2813 ποιούμενοι,
1494 2777 1539 2805 ἐπὶ
1555 2778 1588 2814 τῇ
1596 2777 1724 2814 κοινωνίᾳ

919 2867 941 2884 ⁵⁸
955 2867 1056 2903 Ιίιιιιςε.
1076 2876 1083 2896 ι
1099 2876 1118 2900 1,
1137 2868 1162 2897 ι.
