1873 3063
149 167 205 201 595

152 224 231 261 ὑμῶν
244 226 278 262 τῇ
296 225 337 258 εις
350 226 382 254 τὸ
397 224 576 260 Εὗαγγέλιον.
589 224 703 262 Singula
715 225 789 254 enim
805 224 943 253 antedicta

149 279 201 306 per
230 276 378 306 utrumque
395 272 505 300 modum
533 272 654 303 dicendi,
684 279 840 306 regressum
859 270 886 298 in
915 269 942 296 id

151 318 223 352 quod
238 322 280 345 est
295 317 325 344 τδ
339 317 429 344 κοινὺν
445 318 577 352 recipiant
592 325 653 352 :per
665 317 832 352 hyperbaton
850 320 942 344 autem

151 362 322 396 simpliciter,
344 363 371 390 id
387 363 461 398 quod
479 363 655 399 hyperthcsin
681 363 785 392 dir-tum
804 368 857 398 est,
875 370 943 390 con-

152 408 264 437 texitur.

188 541 232 569 10.
244 541 310 569 Illud
324 551 331 569 :
348 542 520 578 ’Ᾱσπάζομαι
535 543 606 579 ὑμᾶς
625 543 680 578 ἐγὼ
688 543 823 579 Τέρτιοςό
835 543 945 580 γράψας

151 587 201 620 τὴν
217 587 364 624 ἐπιστολὴν
379 589 408 615 ἐν
425 589 535 624 Κυρίῳ·
552 590 597 617 ubi
616 589 693 620 illud.
707 589 737 616 ἐν
768 589 875 626 Κυρίῳ,
894 597 945 616 an-

153 641 254 660 nexum
269 639 312 661 est
326 634 375 667 illi,
388 635 547 670 ἀσπάζομαι
573 636 656 670 ὑμᾶς,
683 635 761 670 juxta
793 643 872 663 nsum
901 642 946 663 se-

152 684 281 714 quentem
298 680 404 708 dicendi
418 681 450 708 ad
460 681 540 708 tinem
557 681 697 715 repetitur.
712 681 744 709 Et
755 681 819 708 illud
833 681 947 712 :"Omnc

154 725 278 761 ἐξέληται
292 727 366 761 ἡμᾶς
382 727 415 753 ἐκ
434 726 481 753 τοῦ
509 727 656 759 ἐνεστῶτος
686 727 784 759 αἰῶνος
807 727 945 762 πονηροῦ·

154 772 237 800 simili
272 773 357 808 ﬁgura
378 773 501 801 eﬂertur.
533 773 601 801 Nam
627 781 678 801 vos
709 774 828 809 πονηροῦ
856 775 947 802 locum

154 818 281 853 supplere
295 819 376 846 debet
389 819 450 854 ejus
472 820 546 854 quod
571 820 697 855 sequitur
729 820 889 853 ἐνεστῶτος,
921 824 949 847 et

154 869 324 899 postremum
340 865 431 893 Ineunt
447 864 575 893 absolvit.

190 955 232 982 11.
248 954 347 982 lterutn
365 964 372 983 :
393 955 496 982 Τούτου
511 955 601 991 χάριν,
612 955 626 982 ό
639 955 749 992 δέσμιος
761 954 871 990 ἐγὼτοῦ
879 955 948 990 Χρι-

154 1000 218 1026 στοῦ
238 1000 325 1036 Ἰησοῦ
339 1000 411 1037 ὺπέρ
424 1001 501 1035 ὑμῶν
511 1001 567 1027 τῶν
585 1001 672 1027 ἐθνῶν
682 1009 690 1017 ⁸
714 1000 794 1036 quasi
819 1000 925 1028 diceret
939 1009 946 1027 :

154 1045 257 1072 Τούτου
273 1046 364 1082 χάριν,
380 1047 394 1072 ό
409 1046 479 1081 ὑπὲρ
499 1045 577 1080 ὑμῶν
592 1046 647 1072 τῶν
662 1045 747 1072 ἐθνῶν
760 1045 870 1080 δέσμιος
881 1046 950 1082 Χρι-

155 1090 228 1118 στοῦ.
245 1091 352 1126 Captivi
367 1092 442 1119 enim
458 1092 522 1119 Jesu
535 1091 638 1119 Christi
651 1092 741 1126 plures
755 1091 864 1119 fuerant
877 1099 950 1118 mar-

154 1142 239 1172 tyres,
253 1138 300 1165 sed
313 1145 367 1165 non
384 1145 433 1172 pro
449 1137 578 1172 gentibus
606 1138 632 1164 in
658 1145 796 1165 carcerem
818 1138 947 1173 eonjecti.

154 1184 212 1211 Non
223 1184 296 1212 enim
313 1185 375 1212 ideo
392 1184 584 1212 vinciebantur
599 1189 626 1212 et
647 1185 858 1216 orcidelvantur,
876 1184 948 1219 quod

154 1235 248 1266 gentes
264 1230 431 1258 adducerent
447 1230 480 1258 ad
502 1231 654 1262 Christum,
673 1230 721 1257 sed
736 1230 808 1265 quod
835 1230 887 1265 ipsi
914 1230 948 1258 ii-

154 1279 216 1306 dem
230 1279 256 1306 in
276 1279 418 1307 Christum
434 1279 564 1307 nolebant
593 1279 739 1315 abnrgare.
758 1279 861 1306 Paulus
887 1280 949 1306 vin-

155 1330 216 1354 etus
234 1325 299 1354 Iesu
310 1326 424 1359 Christi,
446 1326 519 1353 ltaud
533 1326 613 1354 aliter
630 1326 694 1358 fuit,
727 1333 810 1360 quant
839 1331 951 1361 propter

155 1377 266 1407 gentes;
282 1379 382 1407 nempe
404 1373 476 1407 quod
494 1372 548 1399 illis
559 1371 652 1400 Iesum
672 1371 824 1404 Christum,
851 1376 878 1398 et
895 1379 949 1399 non

156 1422 293 1460 ltunc.aut
308 1419 384 1447 illum
399 1420 590 1451 annuntiabat.
619 1419 724 1446 mdium
755 1419 949 1454 particularem

156 1466 306 1500 nominem,
321 1467 369 1494 sed
389 1467 510 1502 integras
525 1466 652 1493 nationes
669 1465 707 1492 ad'
715 1465 856 1492 Christum
884 1473 951 1493 con-

157 1516 281 1540 verteret.
294 1512 577 1547 Eaproptereaplirus
590 1511 747 1539 tenebatur.
760 1511 812 1538 Sed
828 1512 862 1539 de
869 1518 949 1539 sensu

734 169 867 200 ΡΗΟΤΙῙ
881 167 1137 199 ΡΛΤΒΙΛΒΟΗᾹΞ
1153 166 1208 197 CP.

957 223 983 252 Λ
995 223 1073 258 ὑμῶν
1087 224 1120 258 τῇ
1135 222 1175 254 είς
1190 220 1221 247 τὸ
1232 219 1399 254 [εὐαγγέλιον
1409 225 1417 234 '
1434 217 1575 245 τουτέστιν
1590 215 1636 243 ἐπὶ
1648 215 1681 251 τῇ
1704 216 1745 247 εἰς
1757 219 1788 242 το

996 267 1162 304 Εὑαγγέλιον
1183 265 1312 301 κοινωνίᾳ
1345 263 1424 300 ὑμῶν
1434 271 1440 279 ·
1456 263 1473 300 ἢ
1491 263 1541 290 καὶ
1569 262 1672 293 οὕτως·
1688 261 1736 288 ἐπὶ
1752 262 1788 296 τῇ

995 314 1125 350 κοινωνίᾳ
1139 313 1218 349 ὑμῶν
1230 314 1264 348 τῇ
1280 313 1319 344 είς
1338 311 1369 338 τὸ
1392 309 1561 344 Εὐαγγέλιον
1572 316 1579 323 ³
1594 308 1711 334 ἕκαστον
1732 307 1789 342 γὰρ

994 360 1050 388 τῶν
1066 360 1220 396 εἰρημένων
1234 359 1281 393 ἀφ’
1292 356 1425 392 ἐκατέρου
1438 355 1541 390 τρόπου
1560 354 1612 390 τὴν
1634 354 1674 385 είς
1687 353 1718 379 τδ
1733 361 1790 379 κοι-

995 409 1040 435 νὸν
1081 405 1211 434 ἐπάνοδον
1244 404 1436 438 ἅπολαμδάνει
1450 410 1457 417 ·
1481 401 1544 429 καθ’
1570 399 1726 436 ὑπερϐατὸν
1759 398 1790 425 δέ

996 452 1137 489 καθαρῶς,
1166 452 1181 479 ὂ
1209 451 1270 478 καθ’
1297 449 1448 485 ὑπέρθεσιν
1485 448 1616 482 λέγεται,
1641 446 1790 473 διαπλέκε-

995 507 1052 526 ται.

1032 543 1113 576 ι’.Τδ,
1127 542 1299 576 ’Δσπάζομαι
1313 541 1386 576 ὑμᾶς
1398 539 1454 574 ἐγὼ
1466 539 1577 574 Τέρτιος
1588 538 1602 565 ὸ
1613 537 1722 574 γράψας
1737 536 1790 572 τὴν

997 589 1142 624 ἐπιστολὴν
1156 590 1186 615 ἐν
1202 588 1297 623 Κυρίῳ
1309 595 1316 603 ·
1332 587 1363 614 τὸ
1388 586 1453 621 γὰρ,
1466 586 1496 612 ἐν
1517 584 1624 620 Κυρίῳ,
1650 583 1790 611 συναπτό-

1000 645 1079 672 μενον
1105 636 1136 662 τὺ
1155 634 1177 668 ι,
1194 634 1351 668 ἀσπάζομαι
1366 633 1449 668 ὑμᾶς,
1469 631 1542 659 κατὰ
1568 631 1618 666 τὴν
1640 629 1798 657 ἀκόλουθον

997 681 1140 716 τοῦ,).όγου
1154 682 1252 716 χρῆσιν
1265 679 1334 714 πρὸς
1349 678 1387 714 τῷ
1400 678 1473 705 τέλει
1488 677 1538 705 νῦν
1548 677 1719 704 ἀποδέδοται.
1732 676 1792 703 Καὶ

997 729 1039 760 τὸ,
1054 728 1151 759 Ὅπως
1167 726 1293 762 ἐξέληται
1316 726 1390 761 ἡμᾶς
1409 725 1442 752 ἐκ
1460 723 1509 751 τοῦ
1529 723 1677 754 ἐνεστῶτος
1691 723 1792 754 αίῶνος

998 773 1140 811 πονηροῦ,
1172 773 1365 809 παραπλήσιον
1398 771 1461 806 ἐσχε
1500 770 1547 798 τὸν
1581 769 1792 815 σχηματισμόν

998 822 1029 849 τὺ
1057 822 1122 857 γὰρ,
1152 819 1284 855 πονηροῦ,
1310 819 1360 855 τὴν
1385 818 1484 853 ἐφεξῆς
1495 816 1543 844 τοῦ
1566 816 1715 846 ἐνεστῶτος
1737 815 1795 851 χώο

964 877 1052 922 Βρειν
1082 867 1193 902 ἐπέχειν
1228 865 1357 900 ὀφεῖλον,
1383 864 1434 900 τὴν
1468 864 1589 899 ἐσχάτην
1629 861 1794 897 ἀνεπλήρω-

999 923 1057 942 σεν.

1035 964 1082 987 ια’.
1099 959 1155 986 Καὶ
1172 958 1264 988 πάλιν,
1279 957 1383 984 Τούτου
1398 956 1479 992 χάριν
1498 955 1512 982 δ
1528 954 1638 989 δέσμιος
1656 953 1706 980 τοῦ
1724 953 1795 988 Χρι-

999 1005 1063 1032 στοῦ
1084 1004 1172 1040 Ἰησοῦ
1187 1003 1258 1039 ὑπὲρ
1274 1003 1352 1039 ὑμῶν
1363 1002 1419 1029 τῶν
1431 1000 1526 1033 ἐθνῶν,
1538 998 1604 1031 οἷον,
1619 999 1721 1026 Τούτου
1741 998 1795 1033 χά-

1001 1060 1043 1085 ριν
1059 1052 1073 1077 ὁ
1089 1051 1159 1086 ὑπὲρ
1173 1049 1251 1085 ὑμῶν
1261 1049 1316 1076 τῶν
1330 1048 1415 1075 ἐθνῶν
1429 1045 1594 1082 δέσμιοςτοῦ
1607 1043 1727 1081 Χριστοῦ
1738 1043 1795 1077 ’1η-

1000 1095 1056 1123 σοῦ.
1070 1096 1182 1130 Δέσμιοι
1199 1095 1249 1130 μὲν
1264 1095 1319 1129 γὰρ
1334 1093 1463 1128 γεγόνασι
1488 1091 1536 1118 τοῦ
1561 1089 1680 1126 Χριστοῦ
1702 1087 1795 1124 Ἰησοῦ

980 1172 985 1175 _
1000 1142 1047 1169 xui
1061 1141 1155 1168 πολλοὶ
1170 1141 1225 1168 τῶν
1241 1139 1399 1176 μαρτύρων,
1421 1138 1479 1166 ἀλλ’
1489 1137 1624 1172 οὐχ’ὑπὲρ
1634 1135 1688 1163 τῶν
1697 1134 1794 1162 ἐθνῶν.

1000 1189 1037 1216 Οὐ
1052 1189 1107 1223 γάρ
1120 1189 1162 1215 ὃτι
1175 1187 1210 1214 τὰ
1227 1187 1291 1222 ἔθνη
1308 1185 1447 1221 προσῆγον
1462 1183 1502 1218 τῷ
1519 1182 1631 1218 Χριστῷ
1654 1181 1698 1208 διὰ
1712 1180 1798 1208 τοῦτο

1000 1235 1118 1262 ἐδέδεντο
1132 1234 1179 1261 καὶ
1193 1233 1371 1264 ἐσφάττοντο.
1388 1230 1445 1257 ἀλλ’
1460 1230 1501 1256 ὅτι
1514 1229 1591 1256 αὐτοὶ
1605 1227 1667 1254 καθ’
1677 1227 1796 1258 ἑαυτοὺς

1000 1281 1048 1317 τὴν
1068 1282 1109 1312 είς
1122 1279 1240 1314 Χριστδν
1259 1278 1310 1305 οὐκ
1331 1277 1446 1311 ἠθέτουν
1468 1275 1570 1311 πίστιν.
1595 1273 1665 1300 Οὐδὲ
1688 1271 1799 1303 Παῦλος

1000 1327 1111 1361 δέσμιος
1128 1325 1178 1360 μὲν
1191 1322 1226 1360 ἦν
1249 1323 1296 1350 τοῦ
1312 1321 1432 1358 Χριστοῦ
1456 1320 1554 1357 Ἰησοῦ,
1573 1319 1641 1347 ἀλλὰ
1658 1320 1704 1346 καὶ
1723 1317 1800 1354 ὑπὲρ

1000 1372 1055 1398 τῶν
1071 1370 1167 1397 ἐθνῶν.
1186 1370 1249 1396 Ὀτι
1266 1369 1324 1403 γὰρ
1340 1368 1490 1402 ἐκήρυττεν
1512 1366 1605 1397 αὐτοῖς
1620 1365 1666 1391 τὸν
1678 1363 1801 1399 Χριστὸν

1002 1418 1049 1445 καὶ
1071 1418 1113 1444 ὅτι
1126 1416 1186 1451 οὐχὶ
1207 1415 1282 1442 τόνδε
1297 1415 1313 1449 ἦ
1335 1413 1427 1444 τόνδε,
1445 1413 1514 1440 ἀλλὰ
1537 1413 1585 1438 καὶ
1599 1412 1703 1446 δήμους
1718 1410 1801 1442 ὅλους

1003 1463 1139 1499 μετετίθει
1154 1462 1222 1497 προς
1239 1460 1356 1496 Χριστόν
1366 1468 1373 1474 ·
1394 1459 1439 1486 διὰ
1446 1459 1526 1485 τοῦτο
1537 1457 1568 1484 τὸ
1583 1458 1664 1484 πλέον
1679 1456 1801 1484 ἐδέδετο.

1009 1509 1090 1536 Ἀλλὰ
1103 1508 1168 1544 περὶ
1182 1508 1233 1543 μὲν
1248 1509 1299 1542 τῆς
1314 1508 1346 1533 ἐν
1359 1508 1392 1542 τῇ
1407 1506 1514 1541 διανοίᾳ
1537 1504 1655 1540 θεωρίας
1677 1503 1725 1531 καὶ
1745 1502 1804 1538 τῆς

157 1557 209 1584 ioci
224 1557 360 1590 interiori.
375 1563 403 1585 et
418 1558 564 1586 verborum
580 1557 792 1593 signiﬁcatione,
813 1557 878 1585 alibi
889 1566 951 1585 sum

1040 1564 1057 1582 ιν
1071 1555 1173 1582 λέξεων
1184 1553 1363 1586 ἀναπτύξεως
1376 1553 1404 1579 ἐν
1422 1552 1523 1583 ἄλλοις.

157 1603 293 1631 dicturus.

193 1649 237 1677 12.
252 1650 293 1676 Ad
308 1657 369 1677 cum
385 1650 541 1685 tropologize
558 1650 668 1677 modum
684 1655 808 1685 spectat:
826 1651 857 1677 0i
871 1650 899 1677 δὲ
912 1659 953 1677 πι-

158 1695 237 1726 στοὺς
262 1694 369 1730 ἔχοντες
398 1695 532 1729 δεσπότας
557 1696 594 1731 μὴ
621 1696 879 1731 καταφρονείτωσαν
912 1696 953 1722 ὅτι

159 1741 267 1775 ἀδελφοί
287 1741 365 1773 εἰσιν,
377 1741 444 1768 ἀλλὰ
461 1741 564 1777 μᾶλλον
577 1741 790 1774 δουλευέτωσαν,
808 1742 850 1768 ὃτι
864 1741 954 1768 πιστοί

159 1787 211 1813 είσι
230 1786 277 1813 καὶ
289 1787 434 1821 ἀγαπητοὶ,
449 1788 474 1813 οἱ
489 1787 540 1822 τῆς
561 1787 720 1823 εὐεργεσίας
757 1787 955 1822 ἁντι).αμ6ανό‹

160 1840 236 1867 μενοι
252 1831 268 1867 ἢ
287 1832 458 1867 μετέχοντες.
477 1832 554 1860 Patet
579 1837 670 1859 autent
711 1833 784 1867 quod
810 1832 956 1867 εὑργεσίας

160 1877 422 1913 ἀντιλαμϐανόμενοι
435 1886 483 1913 per
500 1878 784 1914 hyperbaton'dicitur
796 1886 803 1910 ;
814 1877 954 1912 proprium

161 1931 226 1950 vero
243 1924 330 1951 locum
345 1923 367 1950 si
389 1923 548 1958 disponatur
562 1928 635 1951 recte
651 1923 692 1951 sic
705 1923 842 1958 supplebit
858 1921 956 1950 εἈλλὰ

163 1969 263 2003 μᾶλλον
273 1970 296 1996 oi
311 1969 360 2004 τῆς
368 1969 529 2005 εὐεργεσίας
537 1969 813 2004 ἀντιλαμϐανόμενοι,
825 1969 954 1996 δουλευέ-

162 2024 262 2047 τωσαν,
281 2016 322 2042 ὅτι
334 2016 425 2042 πιστοί
439 2016 493 2042 είπι
507 2015 555 2042 καὶ
578 2015 732 2051 ἀγαπητοί·
764 2023 862 2050 nempe
884 2016 957 2050 quod

164 2061 287 2095 ipsorum
305 2061 364 2087 lteri
383 2061 451 2088 tales
464 2060 531 2088 sint.

200 2107 243 2133 i5.
260 2106 299 2133 Ad
317 2107 442 2133 eumdem
459 2106 569 2134 modum
589 2105 688 2133 et~hoe
705 2105 834 2139 refertur,
860 2106 958 2142 Ὑμεῖς

164 2153 191 2181 ᾶέ
202 2153 251 2188 οὐχ
270 2152 356 2184 οὕτως
372 2152 489 2188 ἐμάθετε
499 2153 545 2179 τὸν
559 2152 688 2188 Χριστὸν,
707 2153 765 2187 ετγε
776 2152 859 2179 αὑτὸν
871 2152 956 2188 ἡκού-

166 2208 230 2226 σατε
241 2220 247 2229 ,
261 2199 308 2226 καὶ
325 2200 354 2225 ἐν
365 2198 440 2234 αὐτῷ
454 2199 613 2234 ἐδιδάχθητε
625 2206 633 2214 ·
648 2198 742 2230 καθώς
752 2199 826 2225 ἐστιν
851 2199 868 2234 ἠ
891 2198 958 2233 ἀλήσ

166 2246 225 2272 οεια
238 2246 266 2272 ἐν
282 2245 322 2281 τῷ
342 2244 441 2281 Ἰησοῦ,
457 2244 608 2272 ἀποθέσθαι
619 2244 692 2280 ὑμᾶς
706 2244 777 2271 κατὰ
791 2243 840 2280 τὴν
860 2244 958 2280 προτέ-

168 2300 216 2326 ραν
228 2292 400 2327 ἀναστροψὴν
423 2292 469 2318 τὸν
492 2291 609 2318 παλαιδν
635 2291 788 2326 ἄνθρωπον.
815 2289 872 2318 Nisi
886 2291 959 2318 enim

166 2337 261 2364 ordine
277 2341 381 2365 mutato
393 2336 539 2364 dieerenus
551 2345 559 2364 :
573 2335 736 2363 Ἀποθέσθαι
745 2336 818 2372 ὑμᾶς
831 2337 879 2362 τὸν
891 2335 962 2362 κατὰ

166 2385 216 2420 τὴν
230 2384 366 2420 προτέραν
381 2382 555 2419 ἀναστροφὴν
569 2382 682 2409 παλαιὸν
696 2382 839 2418 ἇντρωπον
850 2389 858 2398 ·
876 2386 924 2409 aut
939 2381 962 2409 si

167 2431 246 2464 velis,
266 2430 431 2458 ’Δποθέσθαι
447 2430 520 2465 ὑμᾶς
532 2429 578 2456 τδν
600 2428 716 2456 παλαιὸν
744 2428 901 2464 ἄνθρωπον,
914 2427 959 2454 τὸν

167 2477 239 2504 κατὰ
260 2478 310 2513 τὴν
332 2476 470 2512 προτέραν
491 2475 686 2512 ἀναστροφήν·
714 2475 791 2502 locus
813 2481 895 2502 sensu
915 2474 962 2502 de-

168 2524 337 2551 stitueretur.

208 2570 249 2597 t4.
272 2569 309 2596 Ita
325 2572 352 2595 et
370 2569 396 2595 in
411 2568 483 2601 istis,
501 2568 561 2594 Ἵνα
571 2567 618 2603 δῳ,
635 2566 708 2594 κατὰ
723 2565 769 2592 τὸν
784 2565 901 2592 πλοῦτον
912 2565 960 2601 τῆς

169 2615 249 2650 δόξης
262 2614 347 2642 αὐτοῦ
363 2615 477 2649 δυνάμει
491 2613 696 2650 κραταιωθῆναι
707 2613 753 2640 διὰ
766 2612 813 2639 τοῦ
833 2611 962 2648 Πνεύμα-

172 2670 218 2694 τος
231 2661 314 2689 αὐτοῦ
336 2662 377 2693 είς
399 2662 444 2688 τδν
470 2662 524 2688 ἔσω
548 2662 710 2696 ἄνθρωπων,
735 2660 899 2694 κατοικῆσαι
919 2658 964 2685 τὸν

173 2708 289 2743 Χριστὸν
315 2707 361 2744 διᾲ
373 2709 422 2744 τῆς
439 2709 557 2742 πίστεως
572 2709 602 2736 ἐν
617 2709 677 2741 ταῖς
693 2706 819 2743 καρδίαις
837 2705 925 2740 ὑμῶν,
936 2705 966 2733 ἐν

1036 1642 1085 1677 «ιβ’.
1094 1641 1151 1676 Τῆς
1161 1640 1248 1675 αὐτῆς
1262 1639 1353 1675 μέντοι
1366 1636 1546 1674 τροπολογίας
1557 1636 1649 1671 ἔχεται
1661 1633 1756 1662 καὶτόο
1767 1634 1805 1661 01

1003 1689 1031 1716 δέ
1044 1687 1155 1718 πιστοὺς
1163 1686 1270 1721 ἔχοντες
1280 1685 1412 1716 δεσπότας
1424 1683 1461 1719 μὴ
1471 1681 1745 1718 καταφρονείτωσαν,
1755 1681 1803 1708 ὅτι

1004 1732 1115 1766 ἁδελφοί
1129 1732 1213 1758 εἰσιν·
1230 1730 1299 1758 ἀλλὰ
1314 1729 1417 1764 μᾶλλον
1428 1728 1641 1759 δουλευέτωσαν,
1654 1726 1696 1753 ὅτι
1709 1726 1807 1752 πιστοί

1005 1780 1059 1806 είσι
1079 1779 1125 1806 καὶ
1138 1777 1286 1813 ἀγαπητοὶ,
1310 1776 1337 1803 οί
1357 1775 1407 1810 τῆς
1426 1773 1588 1810 εὐεργεσίας
1599 1772 1805 1807 ἀντιλαμϐανό-

1007 1834 1082 1860 μενοι
1103 1824 1120 1860 ἦ
1146 1823 1325 1858 μετέχοντες·
1352 1822 1384 1848 τὸ
1409 1821 1475 1856 γὰρ,
1508 1821 1533 1847 οἱ
1559 1821 1612 1855 τῆς
1635 1819 1805 1854 εὐεργεσίας

1006 1870 1278 1905 ἀντιλαμϐανόμενοι,
1303 1868 1421 1903 φανερὸν
1442 1868 1480 1900 ὼς
1501 1866 1713 1902 ὗπερτέθειται·
1736 1866 1810 1892 ἅνα-

1007 1917 1150 1953 πληρώσει
1160 1917 1190 1943 δέ
1198 1917 1248 1952 τὴν
1260 1915 1364 1942 οίκείαν
1378 1913 1472 1949 χώραν
1482 1913 1554 1940 οῦτω
1565 1921 1624 1944 πως
1639 1911 1789 1946 διαταχθέν
1799 1919 1808 1926 ·

1009 1964 1092 1991 Ἀλλά
1123 1963 1224 1999 μᾶλλον
1238 1963 1263 1988 οἱ
1285 1962 1334 1995 τῆς
1353 1959 1514 1995 εὐεργεσίας
1539 1957 1810 1993 ἀντιλαμϐανόμενοι

1007 2007 1218 2039 δουλευέτωσαν,
1232 2007 1272 2033 ὅτι
1287 2005 1376 2032 πιστοί
1389 2006 1441 2032 εἱσι
1458 2004 1506 2032 καὶ
1529 2003 1667 2039 ἀγαπητοί
1679 2011 1686 2018 ·
1701 2003 1728 2029 οἱ
1759 2002 1810 2029 δε-

1009 2056 1107 2082 σπόται
1118 2053 1251 2089 δηλονότι.

1046 2103 1091 2135 ιγ’.
1110 2101 1155 2131 Et;
1181 2099 1226 2126 τὸν
1239 2098 1322 2126 αὐτὴν
1342 2097 1371 2124 δέ
1386 2097 1488 2133 τρόπον
1512 2094 1746 2136 ἀναφέρεται-καὶ
1763 2095 1810 2126 τὶ.

1016 2147 1113 2182 Ὑμεῖς
1122 2147 1151 2173 δέ
1164 2147 1213 2181 οὐχ
1228 2145 1314 2176 οὕτως
1327 2145 1443 2179 ἐμάθετε
1451 2144 1497 2171 τὸν
1504 2143 1620 2179 Χριστόν
1629 2151 1635 2158 ·
1654 2142 1712 2177 εἴγε
1724 2141 1812 2168 αὐτὸν

1009 2193 1147 2230 ἠκούσατε
1155 2192 1203 2219 καὶ
1214 2193 1243 2218 ἐν
1253 2191 1326 2226 αὑτῴ
1340 2191 1509 2225 ἐδιδάχθητε,
1522 2189 1614 2221 καθώς
1626 2190 1701 2215 ἐστιν
1712 2189 1729 2224 ἠ
1739 2187 1812 2222 ἀλή-

975 2232 996 2259 Β
1012 2240 1072 2267 οεια
1084 2239 1113 2265 ἐν
1127 2238 1166 2274 τῷ
1190 2237 1277 2273 Ἰησοῦ
1293 2236 1445 2264 ἀποθέσθαι
1465 2236 1537 2271 ὑμᾶς
1550 2235 1622 2262 κατὰ
1638 2234 1689 2270 τὴν
1709 2233 1814 2270 προτέ-

1015 2295 1065 2322 ραν
1093 2284 1266 2321 ἀναστροφὴν
1291 2284 1337 2310 τὸν
1355 2283 1467 2310 παλαιὸν
1482 2282 1636 2318 ἄνθρωπον.
1655 2281 1686 2308 Εἰ
1702 2281 1741 2316 μὴ
1754 2280 1814 2315 γὰρ

1015 2332 1181 2369 ὑπερθέντες
1194 2332 1263 2359 εῐποι
1271 2339 1332 2366 μεν,
1347 2328 1512 2356 ’Δποθέσθαι
1523 2329 1596 2361 ὑμᾶς
1608 2327 1653 2354 τδν
1670 2326 1742 2353 κατὰ
1759 2327 1816 2361 τὴν

1013 2379 1151 2415 προτέραν
1167 2377 1342 2412 ἀναστροφὴν
1356 2375 1470 2404 παλαιὸν
1486 2374 1647 2410 ἄνθρωπον·
1666 2373 1696 2408 ἢ,
1711 2374 1736 2399 εἰ
1751 2372 1816 2408 βού-

1014 2426 1066 2458 λει,
1081 2424 1244 2452 ’Δποθέσθαι
1253 2424 1326 2458 ὑμᾶς
1338 2422 1384 2450 τὸν
1395 2421 1511 2449 παλαιὸν
1523 2421 1667 2455 ἄνθρωπον
1679 2418 1726 2445 τδν
1740 2419 1816 2446 κατὰ

1017 2472 1066 2507 τὴν
1077 2471 1216 2508 προτέραν
1230 2469 1407 2505 ἀναστροφὴν
1432 2469 1473 2500 είς
1495 2466 1656 2502 ἀδιανόητον
1667 2465 1702 2493 ἃν
1732 2474 1817 2501 περι-

1015 2519 1171 2554 ενεχθέντες
1188 2516 1230 2553 εἴη
1235 2525 1295 2552 μεν.

1053 2564 1093 2591 ιδ’.
1104 2563 1159 2590 Καὶ
1171 2563 1203 2598 δὴ
1215 2561 1263 2590 καὶ
1278 2562 1307 2588 ἐν
1318 2561 1369 2596 τῷ,
1384 2560 1444 2588 Ἵνα
1457 2559 1495 2595 δῷ
1504 2558 1575 2586 κατὰ
1582 2558 1628 2585 τὸν
1637 2557 1754 2584 πλοῦτον
1762 2556 1818 2591 τῆς

1016 2610 1096 2644 δόξης
1109 2608 1191 2636 αὐτοῦ
1208 2608 1323 2643 δυνάμει
1338 2605 1543 2642 κραταιωθῆναι
1555 2604 1601 2631 διά
1622 2602 1670 2630 τοῦ
1687 2601 1819 2636 Πνεῦμα-

1017 2665 1063 2688 τος
1078 2655 1160 2683 αὑτοῦ
1172 2655 1212 2687 εἰς
1223 2654 1267 2681 τὸν
1282 2655 1337 2680 έσω
1345 2652 1501 2687 ἄνθρωπον,
1513 2650 1679 2685 κατοικῆσαι
1688 2648 1736 2676 τὸν
1748 2648 1820 2682 Χρι-

1020 2702 1082 2730 στὸν
1092 2702 1137 2730 διὰ
1152 2703 1204 2738 τῆς
1215 2701 1332 2733 πίστεως
1347 2700 1377 2727 ἐν
1385 2700 1447 2731 ταῖς
1458 2697 1584 2735 καρδίαις
1597 2695 1686 2732 ὑμῶν,
1699 2695 1730 2723 ἐν
1741 2694 1818 2730 ἁγά-

812 2819 933 2849 νΛΙίΙιΕ
952 2818 1153 2847 ιειῑτιοκεδ.

223 2902 230 2922 1
245 2901 290 2931 ίυ.
308 2903 359 2937 τῷ.
