1873 3063
79 131 126 164 605

80 188 164 224 ὥσπερ
187 187 220 222 δὴ
238 185 327 214 ταῦτα
356 185 403 212 τοῦ
429 183 646 220 προσλὴμματος
669 179 720 217 ἦν.
747 180 778 207 οὐ
810 179 858 206 τοῦ
872 181 899 210 Α

79 235 164 265 λόγου·
189 233 261 259 οὕτω
290 231 338 258 καὶ
381 230 421 263 τὸ,
441 239 451 256 ι
486 229 515 256 '0
546 229 641 263 Πατήρ
675 235 727 262 μου
756 225 857 262 μείζων

79 278 125 315 μού
135 279 198 305 ἐστι·
216 286 225 302 ι
243 275 346 311 μεταξῦ
361 273 537 310 γὰρὲκείνων
548 272 638 304 τοῦτο,
652 271 699 298 καὶ
708 270 857 305 παραπλη-

79 325 139 355 σίως
158 323 248 354 αὐτοῖς
268 321 388 358 εἴρηται.
406 319 484 350 Τινὲς
500 318 540 351 δὲ,
561 317 626 353 περὶ
643 317 692 352 μὲν
707 315 755 342 τοῦ
770 315 857 349 Λόγου

77 371 104 398 τὸ
121 370 207 405 μεῖζον
230 366 441 402 συνεχώρησαν
462 365 512 400 οὐχ
536 363 631 395 ἁπλῶς
653 363 682 390 δὲ
707 361 789 389 τοῦτο
811 359 859 388 καὶ

77 418 133 444 κατ’
146 415 248 447 οὐσίαν,
262 414 322 442 ἀλλ’
339 413 418 448 εἴπερ
438 411 514 439 ἐστὶν
526 412 543 447 ή
559 409 767 446 ὲνανθρώπησις
786 408 859 443 ἄκρα

76 463 182 493 κένωσις
197 461 246 487 καὶ
259 459 435 490 ταπείνωσς,
456 457 518 485 καθ’
534 457 549 484 ὃ
567 458 721 484 κεκένωκεν
737 454 834 481 ἑαυτὸν
845 454 859 480 ὁ

76 508 154 542 Λόγος
161 507 206 533 καὶ
220 505 389 533 ἐταπείνωσε
404 504 418 524 b
431 513 439 530 ι
454 502 561 539 μορφὴν
575 502 669 529 δούλου
684 499 855 532 ὑπιλθὼνερ

75 553 148 587 δῆλον
157 553 196 578 ὅτι
213 551 262 577 τοῦ
276 549 409 585 μηδαμῶς
423 549 591 580 ὑποστάντος
611 546 660 582 τὴν
685 547 802 573 κένωσιν
813 546 861 572 καὶ

75 597 243 628 ταπείνωσιν,
268 595 424 627 ἀκολούθως
449 594 549 626 λέγοιτ’
562 593 596 620 ἂν
617 593 648 619 τὸ
663 592 774 620 ἔλαττον
803 592 861 618 ἀπ-

75 644 246 679 ενέγκασθαι·
263 644 292 670 ὲν
307 642 413 678 μείζοσι
424 640 480 676 γὰρ
498 641 659 676 ὑπεροχαῖς,
675 639 737 666 κατ’
751 638 818 665 αὑτό
828 646 860 672 γε

73 690 157 722 τοῦτο,
172 690 186 715 ό
201 688 337 719 ἁκένωτος
351 686 398 714 τοῦ
413 686 602 721 κεκενωμένου
615 685 717 720 μείζων
739 685 799 711 ἐστὶ
812 684 860 710 καὶ

73 738 87 764 ι
100 736 148 771 τῆς
169 735 239 767 ιδίας
265 733 403 769 ὑπεροχῆς
421 732 504 768 μηδὲν
526 731 659 766 καοαφεὶς
673 730 698 764 ⁴¹ι
716 729 765 757 τοῦ
780 729 861 766 μέχρι

73 783 118 810 καὶ
141 782 196 809 τῶν
217 780 411 807 ὲπονειδίστων
439 778 545 812 παῦῶν,
567 777 696 813 σταυροῦ,
714 776 796 812 φημὶ,
814 776 862 802 καὶ

74 831 184 857 θανάτου
194 826 383 862 διεληλυθότος
394 825 445 861 τῆς
455 824 627 860 ἀνθρωπίνης
636 823 754 858 φύσεως.
769 822 862 850 Ἐκδέ-

73 877 146 908 ξαιτο
157 875 180 901 δ’
195 875 228 902 ἄν
241 882 283 905 τις
298 874 348 899 οὐκ
361 870 515 903 ἀπεικότως
527 871 574 897 καὶ
587 870 656 906 πρὸς
672 869 721 904 τὴν
738 869 794 895 τῶν
809 877 861 904 μα·
878 866 898 894 Β

72 920 159 955 θητῶν
187 919 307 945 διάνοιαν
334 916 460 952 είρῆσοαι
481 916 528 943 τὸν
547 915 640 950 λόγον·
658 915 720 941 ἐπεὶ
741 915 796 950 γὰρ
819 914 860 940 ἔτι

70 964 171 995 ἀτελῶς
184 960 259 990 οὗτοι
276 962 411 988 διέκειντο
433 961 498 996 περὶ
522 960 568 986 τὸν
584 959 650 986 Θεὸν
668 958 716 986 καὶ
732 959 862 985 διδάσκα-

71 1011 125 1043 λον,
140 1009 254 1045 μείζονά
267 1016 298 1034 τε
320 1006 410 1041 πολλῷ
434 1006 479 1033 τὸν
495 1005 609 1041 Πατέρα
621 1004 747 1040 ἐνόμιζον
757 1012 764 1019 ·
782 1003 862 1030 τοῦτο

71 1056 120 1090 μὲν
137 1054 192 1080 τῶν
205 1051 362 1083 Μωσαῖκῶν
379 1050 470 1086 νόμων
482 1049 696 1085 ἐμφανέστερον,
712 1048 804 1080 αὐτοῖς
817 1048 862 1075 τὶν

71 1100 179 1135 Πατέρα
191 1099 210 1134 ἢ
223 1098 270 1125 τὸν
286 1097 350 1124 Υἱδν
374 1095 635 1134 καταγγελλόντωψ
650 1093 731 1120 τοῦτο
745 1093 774 1120 δὲ
788 1098 800 1112 ο
814 1093 861 1120 τοῦ

70 1146 196 1180 Σωτῆρος
209 1144 277 1171 ,ἄνω
293 1143 340 1170 καὶ
355 1142 430 1169 κάτω
452 1141 683 1176 περιστρέφοντος
707 1139 798 1170 αὐτοῖς
817 1138 863 1165 τδν

71 1192 189 1226 Πατέρα.
211 1189 290 1217 Ἐπεὶ
305 1187 351 1216 οὖν
363 1187 477 1223 τοιαύτη
493 1195 535 1218 τις
552 1186 645 1217 αὐτοῖς
657 1185 834 1220 ἐνεστήρικτο
844 1184 861 1219 ἡ

70 1238 133 1271 δὸξα
143 1238 199 1271 (διὰ
209 1237 264 1273 γὰρ
274 1235 354 1263 τοῦτο
368 1234 415 1261 καὶ
429 1234 534 1268 ἔλεγον,
555 1242 564 1259 ι
576 1233 668 1266 Δεῖξον
678 1232 744 1267 ἡμῖν
758 1232 804 1258 τὸν
813 1231 865 1257 Πα·

68 1286 147 1321 τέρα,
154 1283 361 1319 ωὶὰρκείήμίν
371 1282 406 1315 ι),
414 1281 481 1316 πρὸς
487 1280 536 1316 τὴν
543 1279 655 1306 ἐκείνων
661 1277 795 1313 ὑπόληψιν
802 1277 866 1303 ὰπο‹

69 1331 224 1365 τεινόμενος
234 1330 354 1360 ἵσταται,
367 1326 488 1354 τοιοῦτον
500 1324 737 1359 τιλέγων,ιιὺτοὺς
751 1323 761 1342 ί
775 1322 865 1357 ἀσύμ-

69 1386 147 1413 φωνα
155 1377 217 1408 ταῖς
226 1375 301 1410 σφῶν
308 1373 464 1410 ὁμολογίαις
472 1371 695 1407 διαπράττεσθαι,
706 1369 778 1404 λύπῃ
787 1368 867 1396 διδόν-

67 1432 112 1455 τες
118 1423 245 1454 ἑαυτοὺς,
257 1431 266 1448 ι
274 1421 323 1448 ’οτ
328 1429 371 1446 ιπε
375 1429 390 1455 ρ
399 1419 477 1455 ἔφην·
487 1417 642 1454 Πορεύομαι
652 1417 720 1453 πρὸς
727 1416 773 1442 τὸν
784 1415 868 1442 Πατέ-

70 1478 114 1505 In.
128 1478 136 1495 ι
148 1469 179 1495 Εἰ
186 1467 372 1503 γὰρήγαπᾶτέ
383 1474 428 1501 με,
436 1465 510 1492 δοκεῖ
517 1465 546 1492 δὲ
557 1464 622 1500 ὑμῖν
630 1464 678 1490 καὶ
686 1462 788 1499 μείζων
796 1459 865 1488 εἶναι

68 1516 84 1541 ὸ
94 1515 203 1550 Πατὴρ,
211 1514 320 1550 χαίρειν
329 1513 402 1548 ὑμᾶς
412 1512 477 1544 ἔδει,
486 1511 553 1538 διότι
561 1511 630 1547 πρὸς
637 1511 683 1538 τὸν
696 1510 807 1545 μείζονα
817 1517 868 1535 πο-

71 1563 189 1598 ρεύομαι
200 1570 207 1577 ·
221 1561 319 1588 τοῦτον
329 1561 384 1596 γὰρ
392 1561 439 1587 καὶ
447 1561 512 1595 ὑμῖν
520 1560 578 1594 εἴγε
588 1559 669 1595 μόνον
679 1558 862 1594 ὑποδείξαιμι,
877 1562 899 1591 c

69 1610 132 1636 ἀντὶ
152 1610 264 1636 πάντων
278 1607 436 1643 ἐξαρκέσειν
452 1605 627 1634 διετεινεσθε.
650 1604 793 1640 ’Δλλὰγὰρ
817 1604 864 1632 καὶ

69 1653 253 1688 κατὰταύτην
265 1652 316 1688 τὴν
333 1653 466 1685 διάνοιαν,
476 1651 588 1687 μείζονα
605 1649 731 1685 λελέχθαι
745 1649 791 1676 τὸν
807 1650 866 1677 Πα-

67 1701 138 1736 τέρα
145 1699 276 1735 παρὰτοῦ
282 1698 360 1732 Υίοῦ,
369 1699 436 1730 εἴτις
444 1698 593 1733 ὲκδέχοιτο,
603 1698 654 1724 οὐκ
660 1696 694 1724 ἂν
701 1696 865 1732 ἁπενεχθείή

67 1747 117 1774 τοῦ
145 1747 312 1782 πρέποντος.
341 1745 425 1772 οὐδὲν
448 1745 477 1772 δὶ
505 1744 570 1776 ῐσως
595 1743 697 1771 κωλύει
720 1743 767 1770 καὶ
791 1743 868 1777 ῥῆμα

68 1793 151 1820 τοῦτο
160 1792 311 1820 ὑπολαϐεῖν
322 1791 565 1826 συγκαταϐάσεως,
580 1790 625 1817 διὰ
634 1790 684 1826 τὴν
694 1789 750 1816 τῶν
765 1789 868 1824 ἀκροα-

69 1840 125 1867 sitv
139 1828 290 1866 ὶσθινειαν
316 1836 554 1873 ἐσχηματισμένον
581 1835 649 1871 πρὸς
663 1834 695 1861 τὺ
709 1834 867 1861 ταπεινότε-

69 1894 137 1921 ρον·
154 1885 214 1912 ἔστι
238 1885 294 1920 γὰρ
309 1883 396 1918 πολλὴ
415 1884 428 1904 ³
444 1883 492 1910 καὶ
515 1882 571 1910 τῶν
595 1881 723 1909 τοιούτων
750 1880 837 1914 λόγων
851 1879 868 1914 ή

67 1931 219 1966 οἰκονομία
245 1931 293 1957 ἐπὶ
320 1929 413 1965 κέρδει
427 1929 475 1956 καὶ
492 1928 617 1964 σωτηρίᾳ
631 1928 687 1955 τῶν
707 1927 742 1954 τὰ
763 1925 868 1953 τελειό-

66 1985 139 2013 τερα
172 1976 261 2012 μήπω
298 1975 394 2010 φέρειν
428 1973 603 2008 δυναμένων
631 1973 728 2007 ὥσπερ
753 1971 801 1999 καὶ
827 1971 868 2004 τὸ,

69 2033 79 2048 ι
92 2023 250 2059 Ἐρωτήσω
260 2023 307 2050 τὸν
323 2021 445 2058 Πατέρα,
457 2021 505 2048 καὶ
519 2020 599 2047 ἄλλον
609 2020 787 2056 Παράκλτττον
797 2019 870 2054 πέμ-

488 128 537 158 AD
554 124 855 157 AMPIIILOCHIUM
872 122 1046 160 QUESTIO
1060 124 1158 155 λων.
1175 124 1258 155 XCV.

1652 129 1707 163 606

911 178 982 207 facta
1001 179 1203 214 disquisitione,
1228 180 1378 216 quidquam
1404 180 1519 217 invenit,
1540 183 1635 217 veluti,
1663 193 1707 213 ιιι-

910 232 992 260 quam
1013 225 1070 252 haec
1089 225 1122 252 ad
1146 231 1316 260 assumptam
1339 235 1449 255 earnctn
1464 229 1632 263 referuntur,
1650 239 1706 259 non

910 277 1002 299 autem
1024 271 1058 298 ad
1075 271 1199 304 verbum,
1219 271 1260 299 sic
1283 276 1310 299 et
1328 272 1402 304 illud,
1422 282 1431 299 ι
1451 273 1531 302 Pater
1560 283 1637 303 meus
1663 284 1707 303 me

911 314 1000 349 major
1024 318 1076 347 est,
1093 324 1102 340 ι
1126 315 1196 342 inter
1222 315 1296 343 ettitn
1321 318 1450 352 superius
1481 319 1595 347 recitata
1620 320 1706 349 simili

912 360 993 388 ntodo
1019 361 1155 396 prolatum
1179 367 1206 389 et
1225 361 1278 390 hoc
1293 363 1403 391 dicitur.
1418 364 1535 397 Quidam
1563 366 1647 394 etiam
1671 368 1706 395 de

911 406 1003 434 Verbo
1018 408 1173 435 concedunt
1187 407 1264 441 illud,
1281 409 1368 443 major
1384 418 1438 436 non
1461 416 1551 438 autem
1576 412 1707 448 simplici-

913 456 964 484 ter,
981 452 1022 480 vel
1047 455 1197 481 secundum
1220 455 1401 482 substantiam
1419 464 1426 482 :
1447 457 1493 484 sed
1513 458 1536 485 si
1554 457 1706 488 iuearnatio

913 499 995 527 fuerit
1014 508 1121 527 summa
1144 500 1293 529 exiuanitio
1313 506 1340 529 et
1365 502 1529 537 humiliatio,
1554 506 1705 533 secunduut

912 554 995 582 quant
1013 547 1155 574 evacuavit
1175 555 1204 575 se
1222 547 1341 576 Verbum
1364 554 1391 576 et
1412 549 1565 578 humiliavit
1583 560 1590 578 :
1610 560 1619 577 ι
1639 551 1707 580 For—

913 599 986 619 mam
1002 592 1072 619 servi
1091 592 1206 621 iuduens
1220 593 1254 626 3',
1273 603 1282 620 ι
1301 600 1374 629 patet
1392 595 1465 630 quod
1481 596 1555 623 illzus
1573 597 1623 630 rei,
1646 605 1706 632 quas

914 638 989 666 nullo
1005 639 1087 666 modo
1103 638 1341 670 substet-uehatur,
1358 643 1501 670 evacuatio
1513 648 1539 670 et
1557 643 1708 671 humilialio

914 690 1112 720 consequenter
1144 686 1252 713 dicatur
1280 687 1466 714 minoritatcm
1496 689 1652 722 retulisse;
1680 689 1707 716 iu

915 733 1067 769 majoribus
1078 732 1343 766 enimexcellentiis,
1359 734 1406 770 qui
1422 735 1573 762 vaeuabilis
1584 743 1637 763 non
1655 741 1707 766 est,

915 780 1003 816 major
1016 783 1060 808 est
1080 787 1163 818 quam
1182 779 1205 806 is
1223 779 1269 814 qui
1285 785 1454 814 evacuatur;
1470 785 1497 808 et
1521 782 1568 816 qui
1590 781 1658 809 nihil
1675 782 1708 809 de

916 836 966 856 sua
983 827 1150 856 sublimitate
1172 819 1299 860 remittit,
1323 826 1412 862 major
1437 832 1479 854 est
1500 835 1533 855 eo
1553 827 1597 862 qui
1611 827 1653 855 vel
1673 827 1708 854 ad

913 881 1002 909 usque
1020 873 1213 909 despcclabilia
1236 873 1378 900 descendit
1399 873 1566 905 sum-renda,
1585 881 1707 905 erucem,

911 922 972 949 dico
989 926 1017 948 et
1037 926 1164 951 mortem,
1179 928 1240 955 qute
1260 926 1357 948 natura
1373 921 1475 948 subivit
1498 922 1617 948 bttmana
1633 930 1641 948 :
1661 921 1707 948 sed

911 973 938 995 et
953 967 1059 1002 opinari
1074 968 1137 1002 quis
1161 967 1260 1002 poterit
1288 975 1338 995 nec
1357 967 1583 1002 improhabilitcr,
1605 968 1707 995 dictum

913 1014 998 1041 fuisse
1012 1014 1046 1041 dc
1062 1019 1152 1041 mente
1169 1013 1368 1049 discipulorum
1385 1023 1392 1041 :
1409 1018 1488 1041 erant
1503 1014 1603 1041 ctenim
1619 1014 1710 1041 adhuc

913 1060 951 1087 illi
972 1060 1134 1094 imperfecti.
1157 1067 1206 1086 nec
1223 1060 1257 1087 de
1277 1060 1408 1094 magistro
1423 1067 1483 1091 suo,
1499 1064 1528 1086 ut
1539 1060 1573 1086 de
1594 1059 1651 1086 Deo
1663 1068 1710 1087 co-

913 1106 1045 1142 gitabant,
1061 1106 1147 1132 ntulto
1159 1110 1251 1133 atttem
1272 1105 1405 1140 majorem
1425 1106 1511 1133 Deum
1531 1106 1638 1133 Patrem
1663 1113 1710 1132 eo.

915 1151 1048 1186 gitabant.
1065 1151 1202 1186 praecipue
1221 1159 1283 1178 cum
1301 1150 1419 1178 Mosaica
1432 1151 1474 1178 lex
1491 1152 1578 1178 tnulto
1591 1151 1710 1186 explica-

915 1197 969 1227 tius
983 1198 1092 1224 Patrcm
1104 1197 1185 1232 quam
1198 1195 1296 1223 Filium
1317 1196 1384 1232 ipsis
1397 1197 1516 1224 insinuet
1531 1206 1539 1224 :
1555 1201 1581 1224 et
1597 1197 1710 1232 ipsemet

916 1243 1044 1271 Servator
1060 1242 1168 1270 Patrem
1182 1243 1253 1278 apud
1269 1250 1315 1270 eos
1336 1242 1514 1270 multifariam
1537 1243 1710 1278 praedicaret.

915 1288 1048 1322 Quocirca
1064 1288 1135 1323 apud
1159 1287 1233 1322 ipsos
1247 1295 1308 1315 cum
1329 1288 1387 1314 haec
1411 1288 1504 1322 opinio
1529 1279 1676 1320 obtineret.
1694 1295 1710 1315 ιι

915 1341 969 1368 qua
994 1332 1108 1367 profecti
1132 1331 1258 1359 dicebattt
1273 1341 1280 1359 :
1297 1341 1307 1358 ι
1327 1331 1445 1359 Ostende
1465 1332 1544 1359 nobis
1561 1332 1668 1359 Patrem
1683 1336 1710 1359 ct

916 1378 1017 1406 sufﬁcit
1033 1378 1113 1406 nobis
1123 1378 1158 1405 ".
1179 1387 1188 1404 ι
1209 1377 1286 1405 llanc
1307 1378 1416 1405 illorum
1444 1378 1600 1413 opinionem
1625 1377 1713 1414 respi-

915 1424 993 1451 ciens
1011 1423 1085 1451 sistit
1111 1430 1140 1450 se
1163 1430 1214 1458 nec
1238 1423 1432 1458 progreditur;
1451 1423 1498 1450 sed
1525 1427 1631 1450 tantum
1655 1430 1712 1451 non

917 1470 996 1503 dixit,
1022 1477 1118 1505 parum
1139 1474 1324 1497 consentanea
1340 1469 1417 1497 vobis
1438 1469 1505 1505 ipsis
1529 1469 1609 1504 agitis
1623 1473 1650 1496 et
1665 1476 1713 1497 ve-

918 1521 983 1544 stra:
998 1515 1131 1551 opinioni,
1147 1516 1212 1542 dum
1228 1515 1345 1543 tristitia
1360 1522 1409 1542 vos
1425 1515 1542 1548 traditis,
1561 1525 1570 1542 ι
1590 1524 1624 1543 eo
1635 1515 1712 1551 quod

918 1562 1046 1594 dixerim,
1067 1561 1139 1588 vado
1152 1561 1185 1588 ad
1204 1561 1310 1588 Patrem
1326 1561 1361 1593 ⁸³.
1379 1571 1388 1587 ι
1402 1561 1425 1589 si
1441 1569 1484 1589 me
1504 1561 1665 1597 diligeretis,
1685 1567 1712 1589 ct

916 1607 941 1635 si
960 1615 1055 1635 revera
1068 1607 1200 1642 majorem
1216 1615 1260 1635 me
1272 1606 1380 1635 Patrem
1395 1607 1577 1641 arbitramini,
1594 1608 1713 1642 gaudere

916 1653 1010 1689 potius
1025 1653 1175 1686 deberetis,
1185 1653 1249 1688 quia
1267 1653 1338 1681 vado
1364 1652 1398 1680 ad
1422 1652 1531 1681 Patrem
1554 1661 1645 1681 meum
1669 1661 1713 1681 me

917 1703 1060 1737 majorem.
1081 1701 1160 1729 llunc
1175 1701 1197 1729 si
1213 1709 1264 1736 ego
1281 1701 1358 1728 vobis
1375 1701 1520 1728 ostendere
1544 1705 1649 1728 tantum
1667 1708 1714 1727 vc-

917 1748 977 1780 lim.
993 1747 1107 1776 omnino
1127 1747 1306 1775 suffecturum
1323 1747 1400 1774 vobis
1413 1746 1446 1773 ad
1467 1746 1558 1774 omnia
1574 1747 1711 1774 diceretis;

918 1794 997 1828 Quod
1014 1793 1038 1821 si
1049 1801 1114 1821 vero
1136 1793 1215 1827 juxta
1239 1800 1350 1820 sensum
1372 1793 1454 1820 istum
1479 1792 1614 1831 putaverit
1636 1793 1713 1827 quis-

919 1848 1014 1877 quam,
1034 1849 1044 1866 ι
1066 1840 1174 1868 Patrem
1198 1839 1300 1866 dictttm
1321 1839 1452 1874 majorem
1466 1838 1547 1869 Filio,
1570 1848 1579 1864 ι
1599 1846 1614 1866 a
1641 1838 1711 1866 bona

919 1885 1109 1915 convenientia
1123 1892 1176 1913 non
1189 1885 1318 1912 deviahit.
1328 1883 1401 1911 Nihil
1418 1892 1500 1919 porro
1515 1884 1629 1919 impedit
1641 1885 1712 1912 baut:

919 1939 1014 1959 vocem
1029 1939 1078 1967 per
1094 1930 1314 1958 condesceutiam
1337 1930 1472 1963 adhiberi,
1497 1934 1524 1957 et
1545 1930 1578 1957 ad
1599 1930 1712 1957 humili-

922 1983 1006 2006 tatem
1026 1977 1228 2006 confortnatam
1247 1981 1358 2012 propter
1384 1974 1543 2004 auditorum
1569 1975 1714 2002 infirmita-

922 2029 987 2052 tem.
1005 2023 1146 2058 Multiplex
1160 2024 1233 2051 enim
1254 2022 1398 2057 dispositio
1425 2022 1582 2050 istiusmodi
1611 2022 1714 2049 oratio-

65 2070 115 2104 ψει
127 2077 136 2083 ·
150 2078 161 2094 ι
173 2069 248 2100 καὶ,‹
263 2066 425 2103 Εὐχαριστῶ
433 2075 485 2099 σοι,
494 2066 536 2093 ὃτι
544 2065 659 2093 πάντοτέ
669 2074 719 2101 μου
727 2064 804 2092 ἀκούε

973 2078 988 2097 ιι
1020 2069 1144 2097 adhiberi
1176 2069 1258 2102 solet,
1283 2068 1318 2095 ad
1345 2069 1520 2096 commodum
1546 2072 1573 2095 et
1597 2068 1712 2095 salutem

66 2116 117 2142 καὶ
135 2115 226 2150 μυρία
254 2114 333 2141 ἄλλα.
351 2112 437 2140 Πόθεν
461 2110 508 2139 οὖν
531 2111 621 2146 δῆλον,
634 2112 674 2138 ὃτι
698 2110 786 2137 ταῦτα
803 2121 805 2127 ι

976 2123 1018 2142 um
1043 2114 1257 2149 procurandum,
1285 2114 1333 2149 qui
1360 2113 1481 2141 ttondqu
1500 2113 1571 2141 ferre
1600 2119 1715 2149 possunt

65 2162 119 2196 τὴν
129 2160 305 2188 ἀσθενοῦσαν
314 2159 401 2195 ἀκοὴν
413 2157 634 2194 ἐσχημάτισται;
652 2156 739 2188 Αὐτὸς
749 2157 763 2182 ὁ
774 2157 804 2182 Σι

977 2160 1157 2187 summatiora
1176 2169 1183 2187 :
1208 2159 1246 2186 uti
1274 2159 1341 2187 illttd
1360 2169 1366 2187 :
1397 2168 1406 2184 ι
1428 2158 1541 2194 Rogabo
1552 2159 1673 2192 Patrem,
1689 2165 1716 2187 ct

65 2211 84 2244 ή
96 2209 181 2245 πηγὴ
195 2208 246 2243 τῆς
265 2207 374 2241 σοφίας,
391 2206 439 2233 καὶ
453 2205 587 2236 συνέσεως
602 2204 720 2236 ἄϐυσσος
737 2204 762 2236 ιι,
775 2204 804 2230 sa

975 2213 1006 2231 un
1024 2204 1195 2233 Paracletum
1210 2205 1285 2232 dabit
1296 2205 1420 2238 vobis“;
1434 2214 1443 2231 ι
1460 2210 1487 2232 et
1503 2214 1513 2230 ι
1533 2205 1642 2232 Gratias
1656 2205 1714 2236 tibi.

65 2254 238 2291 ἑρμηνεύων
247 2252 369 2285 ἐδίδαξεν
382 2251 469 2278 εἰπών
479 2259 486 2266 ·
503 2260 512 2276 t
532 2249 604 2285 Ἐγὼ
616 2250 645 2276 δὲ
659 2249 735 2285 ᾔδειν
750 2249 792 2276 ὅτι
803 2260 804 2264 η

974 2258 1014 2282 er,
1029 2258 1090 2285 ago,
1107 2251 1179 2286 quod
1195 2258 1304 2285 semper
1316 2259 1359 2278 me
1378 2255 1405 2278 et
1417 2251 1517 2284 ubique
1528 2251 1624 2278 audias
1639 2252 1662 2267 "
1676 2261 1683 2284 ;
1702 2262 1711 2278 ι

65 2302 133 2328 τοτὲ
143 2309 198 2336 μου
211 2299 334 2332 ἀκούεις,
343 2299 412 2326 ἀλλὰ
426 2298 472 2325 διὰ
485 2297 532 2324 τὸν
545 2298 624 2333 ὄχλον
637 2297 683 2323 τὸν
699 2303 804 2332 περιεσ·

977 2296 1070 2324 similia
1092 2296 1182 2331 plura.
1208 2297 1260 2324 Sed
1279 2297 1351 2323 unde
1366 2296 1511 2329 constabit,
1527 2297 1599 2332 quod
1614 2297 1647 2324 ad
1665 2305 1716 2325 att-

66 2345 164 2379 εἷπον,
183 2347 230 2374 ἶνα
256 2346 442 2373 πιστεύσωσιν
467 2345 509 2371 ὃτι
536 2343 568 2370 σύ
599 2351 632 2378 με
665 2341 805 2369 nemo;

977 2350 1046 2369 trum
1075 2343 1290 2370 imbecillitatem
1316 2343 1367 2370 ista
1393 2343 1603 2370 confirmantur.
1635 2343 1716 2372 Certe

73 2394 162 2420 Ἀλλὰ
188 2393 243 2429 γὰρ
266 2391 327 2419 κατ’
345 2390 494 2426 ἐπιστολὴν
509 2389 706 2425 ἀποχρώντως,
724 2386 812 2423 οἶμαι,

978 2388 1036 2415 dem
1065 2388 1205 2421 Servator,
1227 2388 1290 2416 fons
1303 2388 1362 2424 jugi
1389 2389 1540 2423 sapientiae,
1558 2393 1585 2416 et
1616 2390 1717 2418 intelli-

67 2439 132 2475 ἔχει
149 2439 203 2465 τοῦ
217 2437 384 2473 ζητηθέντος
396 2437 446 2472 τὴν
460 2437 590 2471 μάθησιν.

980 2434 1025 2462 tia:
1042 2435 1171 2470 abyssus,
1198 2435 1289 2470 ipsutn
1318 2442 1348 2462 se
1363 2436 1523 2469 explanatis,
1548 2435 1574 2463 id
1602 2443 1651 2471 per
1665 2437 1716 2465 ista

66 2485 155 2512 docet
172 2494 181 2512 :
200 2494 209 2510 t
228 2485 285 2519 Ego
299 2488 391 2511 autem
427 2483 496 2515 seio,
515 2481 589 2517 quod
619 2488 662 2508 me
683 2488 794 2516 semper
818 2480 907 2514 audis,
929 2482 977 2509 sed
993 2476 1105 2517 propter
1128 2482 1236 2508 turbam
1261 2481 1487 2508 circumstautcm
1511 2480 1568 2508 dixi
1584 2490 1592 2508 :
1606 2481 1641 2509 Ut
1658 2490 1720 2510 cre-

68 2532 141 2559 dant
155 2531 224 2567 quia
240 2530 340 2558 misisti
373 2538 426 2557 me.
437 2529 450 2555 ’›
461 2531 551 2564 Atque
581 2528 619 2555 ita
650 2527 820 2555 sufﬁcienter
846 2527 944 2559 habes,
960 2532 990 2555 ut
1006 2535 1055 2563 per
1072 2527 1226 2562 epistolam,
1244 2526 1405 2562 quaestionis
1432 2534 1447 2553 a
1470 2530 1496 2553 te
1523 2527 1618 2561 posita:
1643 2528 1720 2556 solu-

68 2580 193 2608 tionem.

104 2672 132 2688 "
155 2672 277 2708 Philipp.
303 2679 334 2706 tt,
356 2670 384 2697 7.
422 2671 445 2688 ⁸²
463 2670 541 2699 loan.
557 2676 613 2703 xtv,
627 2668 655 2703 8,
693 2667 716 2684 ⁵³
729 2666 808 2698 Joan,
825 2677 841 2696 ι

764 2677 808 2697 an.
825 2677 881 2702 ΠΙ,
901 2668 926 2696 6.
965 2669 989 2685 ⁸³
1007 2668 1088 2697 Joan.
1108 2677 1166 2704 xtv,
1184 2668 1227 2696 l6.
1265 2667 1289 2683 "
1304 2667 1385 2697 Joan.
1401 2677 1441 2703 xl,
1458 2669 1503 2697 4'1.

728 2747 847 2776 VARIIE
863 2748 1065 2777 LECTIONES.

961 2827 974 2848 δ
985 2828 1018 2855 C.
1034 2827 1070 2855 Μ.
1087 2831 1161 2855 recte
1174 2825 1319 2861 καθυφείς.
1377 2832 1388 2845 ε
1403 2826 1459 2854 καί.
1518 2826 1528 2846 τ
1546 2827 1576 2857 C.
1593 2826 1628 2855 Μ.
1640 2835 1667 2856 τι
1679 2826 1719 2856 λε.

131 2830 193 2858 δῦ.
217 2829 253 2858 ll.
267 2830 465 2858 τεταπείνωκε.
522 2834 532 2846 ν
550 2827 581 2855 C.
595 2826 631 2854 M.
651 2826 715 2855 add.
730 2827 744 2853 ό
756 2826 903 2863 δεσπότης.
961 2827 974 2848 δ
985 2828 1018 2855 C.
1034 2827 1070 2855 Μ.
1087 2831 1161 2855 recte
1174 2826 1319 2861 καθυφείς.
1377 2832 1388 2845 ε
1403 2826 1459 2854 καί.

131 2867 162 2893 ’ὁ
175 2866 284 2898 Σωτὴρ.
340 2867 353 2888 ε
366 2865 398 2893 C.
413 2864 450 2893 Μ.
469 2863 519 2892 182
533 2863 560 2892 b.
579 2862 703 2898 ἔστιγὰρ
718 2862 777 2890 ἔστι
788 2862 886 2898 πολλή.
941 2864 956 2885 h
972 2863 1006 2896 ρ.
1023 2862 1060 2892 Μ.
1074 2863 1122 2891 καὶ
1134 2863 1152 2898 ή
1172 2863 1223 2898 τῆς
1237 2862 1367 2898 γνώσεως
1381 2861 1501 2894 ἄβυσσος

66 2871 135 2899 τιον
146 2867 162 2893 ὁ
175 2866 284 2902 Σωτὴρ.
336 2867 353 2908 νε
366 2865 398 2893 C.
413 2864 450 2893 Μ.
469 2863 519 2892 182
533 2863 560 2892 b.
579 2863 636 2890 ἐστι
648 2862 703 2898 γὰρ
718 2862 777 2890 ἔστι
788 2862 886 2899 πολλή.
