1873 3063
44 135 87 166 609

494 136 539 166 AD
556 131 852 168 AMPHILOCHIUM
867 137 1040 174 QUIESTIO
1058 138 1173 169 XCVII.

1604 140 1656 173 610

46 193 135 227 ἐγρὰφη
149 192 177 218 ὲν
188 193 245 223 τοῖς
263 192 398 227 οὐρανοῖς.
414 192 480 224 Καὶ,
496 193 590 220 πολλοὶ
610 193 704 229 ὲροῦσί
721 203 766 229 μοι
781 194 785 219 ἱ

916 201 968 221 tem
983 194 1099 227 inducit,
1115 195 1138 222 si
1152 201 1206 221 non
1223 201 1271 229 per
1284 195 1461 223 conscientiae
1474 196 1655 231 dejectionem

44 239 120 274 ἐκείνῃ
136 240 167 273 τῇ
183 238 288 274 ἡμέρᾳ,
306 238 345 264 Οὐ
362 237 401 272 τῷ
418 238 457 273 σῷ
471 238 585 274 ὀνόματι
599 239 729 275 δυνάμεις
748 239 813 266 πολ-

42 284 84 314 λὰς
98 284 275 318 ἑποιήσαμεν;
291 281 338 309 καί
361 282 416 318 ἐρῶ
436 284 539 318 αὐτοῖς,
559 284 616 311 Οὐκ
627 282 685 311 οἶδα
704 285 786 320 ὑμᾶς.
801 293 810 310 ι

42 328 84 354 Διὰ
96 327 167 354 τοῦτο
182 328 230 354 καὶ
243 327 350 360 Παῦλος
366 330 529 363 πειρασμοῖς
542 337 597 355 τισι
617 330 744 356 παλαίειν
759 330 813 364 ἀφ-

41 374 110 405 ίεται,
129 383 138 399 ι
154 373 195 400 ῖνα
211 373 260 408 μὴ,
287 373 326 404 ὡς
347 373 427 405 αὑτός
447 382 542 409 φησιν,
561 374 745 410 ὑπεραίρηται
766 376 814 402 καὶ

40 421 88 446 τῶν
98 419 291 454 ἀποκαλύψεων
302 420 320 454 ἡ
337 419 486 456 ὑπερϐολὴ,
505 429 515 446 ι
532 420 567 447 τὰ
580 421 655 456 πάοη
672 421 811 456 παιδαγω-

40 467 81 498 γὲν
100 465 279 500 ἐπιφέρουσα,
300 465 506 501 περιστέλλοιτο
523 475 553 492 τε
575 467 623 494 καὶ
641 467 814 494 διακόπτοιτο

39 510 67 536 :‘z
84 510 261 545 σκιρτήματα,
280 506 354 544 οἷςή
375 510 534 545 ἀνθρωπίνη
559 511 642 546 φύσις
665 512 812 547 ἐκφέρεται

40 555 98 588 προς
114 555 252 589 φυσίωσιν.
270 555 302 581 Et
316 554 406 589 βούλει
417 556 456 588 δὲ,
472 557 519 583 καὶ
535 557 658 592 ἵναμετὰ
668 557 754 585 ταῦτα
764 558 814 590 τὰς

38 601 144 635 eaeam
157 601 265 632 ὲκείνας
274 601 401 633 ἀπειλὰς,
413 602 460 628 καὶ
469 603 532 634 τοὺς
540 604 656 639 πικροὺς
664 605 813 640 διωγμοὺς,

38 647 135 678 καὶτὰς
151 648 252 682 μυρίας
269 647 379 682 σφαγὰς
403 648 432 674 ἐν
447 649 588 684 ἀκλονήτῳ
601 650 692 685 φέρων
702 651 717 677 ὸ
731 659 813 686 κορυ-

37 693 107 726 cato;
123 693 168 718 καὶ
185 692 330 728 ἀσαλεύτῳ
344 693 383 728 τῷ
400 693 568 728 φρονήματι,
589 696 630 726 εἰς
652 695 746 731 θαῦμα
764 697 814 731 τῆς

37 737 176 771 Δεσποτικῆ
181 746 192 768 ς
201 737 358 772 συμμαχίας
367 738 562 773 προσκαλεῖται
569 739 632 771 τοὺς
639 739 812 772 κολάζοντας·

36 782 211 817 καθορῶντας,
222 783 268 809 τὸν
284 783 336 809 ὑπὸ
352 784 445 818 φωνῆς
455 783 602 818 παιδίσκης
612 785 813 818 καταπεσόντα,

34 828 110 860 οὕτως
123 828 250 864 ἀκίνητον
266 829 337 864 πρὸς
350 828 471 856 τοσαῦτα
496 829 570 865 πάθη
593 830 794 866 καθιστάμενον
805 839 813 847 ⁶

864 240 899 267 ad
933 240 1153 268 moderationem
1186 240 1348 268 deducatur.
1382 241 1519 274 Quocirca
1547 243 1657 271 dicebat

865 286 1014 314 Salvator:
1046 295 1056 311 ι
1089 285 1179 313 Nolite
1205 285 1240 314 ob
1270 286 1296 313 id
1327 287 1456 321 gaudere,
1487 288 1560 322 quod
1576 290 1656 317 vobis

864 332 1000 360 daemonia
1019 332 1213 367 subiiciantur,
1233 331 1280 359 sed
1295 333 1426 367 quoniam
1440 334 1549 361 nomina
1564 339 1656 362 vestra

865 378 967 413 scripta
985 379 1040 406 sint
1056 379 1082 405 in
1098 377 1185 405 caelis.
1216 378 1294 405 Multi
1318 378 1385 405 inihi
1412 378 1512 406 dicturi
1538 384 1603 406 sunt
1627 380 1656 407 in

865 424 910 452 illa
926 424 971 452 die
982 434 988 451 :
1000 423 1097 451 Nonne
1111 425 1138 450 in
1155 429 1201 451 tuo
1217 425 1328 451 nomine
1345 425 1460 452 virtutes
1478 426 1578 453 tnultas
1591 433 1656 461 ope-

864 469 916 496 rati
940 469 1055 496 sumus?
1079 469 1112 496 ad
1126 476 1195 504 quos
1218 469 1344 496 dicturus
1368 476 1440 502 sum,
1458 470 1586 504 Apagetc,
1601 478 1655 498 non

865 515 928 542 novi
942 522 991 541 vos
1005 514 1038 541 σε.
1062 523 1071 539 ›
1098 515 1188 549 Atque
1211 514 1281 541 hanc
1300 514 1336 542 ob
1360 522 1472 542 causam
1490 515 1654 549 pertnissum

865 560 917 588 fuit
940 564 970 587 ut
989 560 1091 588 Paulus
1115 567 1177 587 cum
1197 560 1363 595 quibusdam
1384 561 1572 588 tentatonibus
1600 562 1657 589 col-

865 606 1030 640 luctaretur,
1067 615 1076 631 ι
1096 613 1140 638 ne,
1156 606 1229 640 quod
1244 605 1361 632 aﬁirmat
1378 605 1445 640 ipse,
1470 606 1553 633 nimis
1568 606 1658 633 elatus

866 652 995 686 ferretur,
1025 656 1137 687 propter
1176 651 1383 678 multitudinem
1410 651 1654 678 rcvelationum“.

865 698 966 731 Quare,
981 697 1074 732 passio
1098 697 1159 732 ejus
1181 704 1230 731 pro
1246 697 1397 732 Pardagogo
1416 698 1554 724 contraxit
1566 701 1593 725 et
1607 697 1658 725 ab-

865 743 946 771 scidit
967 743 1092 771 exsultus
1118 750 1226 774 omnes,
1253 750 1268 770 a
1292 743 1394 778 quibus
1419 747 1516 770 natura
1537 743 1658 770 hominis

865 789 964 824 inﬂata:
980 782 1102 817 eﬂertur.
1130 788 1248 816 Accedat
1277 789 1339 821 huc,
1374 793 1404 815 ut
1428 788 1556 822 deinceps
1580 789 1659 816 terri-

865 835 935 862 biles
959 835 1019 862 illas
1041 835 1151 865 minas,
1176 834 1250 861 tnille
1276 839 1399 866 mortes,
1427 841 1505 861 acres
1531 842 1659 868 persecu-

35 875 150 909 μεθέλκοι
168 883 199 902 τε
211 876 259 901 καὶ
273 875 319 902 διὰ
333 875 428 902 τούτου
446 874 514 911 πρὸς
534 875 565 902 τὺ
586 876 657 911 μέγα
671 876 720 911 τῆς
739 877 774 903 εὺ‹

915 887 964 911 tes,
977 879 1138 914 coryphtcus
1152 879 1197 906 ille
1207 879 1384 910 inconcusso.
1397 884 1423 906 et
1438 881 1552 906 itnmoto
1563 879 1654 908 ferens

114 923 266 957 μυστήριον
287 922 438 957 Ἰουδαϊκῆς
449 922 643 958 ταπεινότητος
661 922 683 950 i.
699 923 755 950 Καὶ
770 932 773 940 ί

918 933 959 953 mo
972 925 1005 952 ad
1024 925 1180 952 tniranduut
1199 924 1322 959 Magistri
1352 924 1497 957 auxilium,
1514 925 1657 952 carniﬁces

33 978 132 1004 τιρτον,
147 969 244 1003 ἔμοιγε
259 967 334 994 δοκεῖ
346 967 471 1003 λαμπρὸν
489 968 537 995 καὶ
553 968 626 1003 μέγα
637 968 770 1003 ψυχαγωγ

919 980 942 999 )5
960 972 1112 1003 induceret,
1129 979 1191 998 cutn
1207 971 1330 998 viderent
1347 979 1421 1003 eum,
1448 971 1496 1005 qui
1512 971 1547 997 ad
1564 978 1658 999 vocem

33 1016 210 1052 παράδειγμα.
237 1014 270 1040 Τί
294 1014 340 1041 τοῦ
364 1015 513 1050 κορυφαίου
542 1015 731 1051 λαμπρότερον
755 1023 770 1040 τ

922 1017 975 1045 illa:
991 1017 1120 1053 dejeclus
1133 1017 1234 1048 fuerat,
1263 1017 1332 1043 adeo
1348 1017 1491 1043 immotum
1509 1022 1605 1044 contra
1619 1021 1659 1044 tot

34 1063 119 1089 ἔπειτα
130 1062 251 1096 γενεαῖς,
272 1061 357 1087 ἐπειδ*
366 1061 398 1087 ἄν
413 1069 456 1093 τις
471 1060 656 1096 ὲξασθενήσας
667 1060 736 1096 ἁλῷ,
748 1069 773 1095 πί

921 1071 1013 1092 ssuras
1028 1064 1200 1091 consistere:
1226 1063 1383 1098 exindeque
1399 1063 1432 1090 ad
1452 1071 1584 1098 magnum
1600 1064 1660 1098 pie-

32 1109 59 1135 t'z
68 1109 157 1134 τέλεια
170 1107 365 1143 ἀναστηλῶσαι
376 1107 555 1141 βουλόμενος;
570 1108 601 1134 Εἰ
617 1107 670 1143 γὰρ
686 1107 742 1134 τῶν
760 1115 771 1142 ιι

920 1119 932 1138 5
949 1110 1110 1146 mysterium
1140 1110 1168 1136 in
1191 1109 1300 1136 Iudaeos
1328 1109 1484 1143 pervicaces
1497 1110 1659 1145 impelleret.

32 1154 111 1189 ίνητῶν
127 1155 143 1180 6
158 1154 309 1188 κορυφαῖος
336 1152 406 1188 μετὰ
429 1152 596 1188 τηλικαύτας
614 1153 743 1187 δυνάμεις
756 1172 762 1185 ,

930 1161 956 1184 et
972 1161 1101 1191 qttartum
1117 1155 1194 1190 quid,
1224 1154 1296 1189 quod
1320 1154 1390 1181 mihi
1414 1155 1524 1182 videtur
1540 1155 1659 1186 illustre,

31 1201 71 1232 τὰς
87 1200 137 1235 μὲν
155 1201 223 1232 ἴδεν,
247 1199 298 1230 τὰς
315 1199 345 1226 δὲ
369 1199 417 1226 καὶ
438 1199 546 1226 ἐτέλεσε
559 1207 566 1215 ·
589 1199 659 1235 μετὰ
682 1199 770 1226 τοσαύλ

919 1209 962 1237 pro
976 1201 1079 1236 ingenti
1094 1201 1285 1228 consolatione
1299 1200 1456 1235 exemplum
1475 1209 1482 1228 :
1505 1201 1572 1235 quid
1587 1200 1658 1228 enim

30 1245 199 1272 ίιίιασκαλίαν
212 1253 219 1260 ·
238 1243 299 1279 μεθ’
313 1243 384 1270 οὕτω
400 1244 500 1279 πολλὴν
514 1244 562 1270 καὶ
571 1243 698 1278 ποικίλην
713 1243 760 1270 τοῦ

920 1247 1046 1275 :stantius
1058 1247 1204 1283 coryphan
1218 1247 1287 1281 apud
1307 1246 1487 1274 succedentes
1503 1247 1659 1282 generatio-

29 1291 157 1318 δαςκάλσυ
173 1291 284 1325 πεῖραν,
297 1290 358 1325 τρὶς
373 1290 579 1325 ἀρνησάμενος,
600 1289 645 1316 διὰ
670 1289 818 1325 μετανοίας

29 1339 96 1372 ὅμως
108 1337 158 1364 καὶ
172 1336 285 1372 θερμῶν
302 1336 438 1371 δακρύων,
452 1337 482 1362 οὐ
507 1336 537 1363 τὸ
557 1335 711 1371 ἁμάρτημα
738 1335 818 1370 μόνον

27 1385 170 1420 ἐκάθηρεν,
186 1384 255 1410 ἀλλὰ
274 1383 343 1418 πρὸς
355 1382 386 1409 τὸ
401 1381 467 1409 αὐτὸ
482 1382 532 1416 τῆς
546 1381 700 1416 ἀποστολῆς
709 1379 818 1415 ἀξίωμα

27 1428 244 1464 ἐπανέστρεψεψ
271 1428 301 1454 οὐ
333 1426 386 1463 χρὴ
415 1427 547 1462 ῥᾳθυμεῖν
575 1425 626 1461 ἐμὲ
637 1426 685 1452 καὶ
701 1425 815 1452 καταπί-

27 1484 110 1506 πτειν,
121 1475 153 1508 ἐξ
176 1474 323 1505 ἀσθενείας
344 1473 548 1500 ὀλισθαίνοντα·
563 1472 633 1499 ἀλλὰ
658 1472 754 1499 θᾶττον
770 1471 818 1498 ἀν-

26 1522 152 1548 ίστασθαι
168 1521 241 1556 πρὸς
259 1519 415 1555 μετάνοιαν,
433 1519 480 1545 καὶ
496 1518 542 1545 τὸν
564 1518 679 1545 πλοῦτον
705 1517 755 1552 τῆς
768 1518 818 1543 Δε-

27 1567 157 1601 σποτικῆς
186 1566 373 1602 χρηστότητος
386 1564 539 1597 ἐννοοῦντα,
565 1564 625 1591 ὅλον
649 1564 744 1590 ἑαυτὸν
757 1563 770 1583 ¹ι
788 1564 817 1590 ἐν

27 1614 191 1650 att-nptpr
207 1613 323 1648 καρδίας
340 1611 496 1639 ἀνατιθέναι
515 1611 555 1646 τῷ
569 1612 619 1642 τὰς
630 1611 725 1642 νόσους
739 1610 817 1645 ἡμῶν

26 1661 70 1687 καὶ
85 1660 136 1691 τὰς
151 1659 297 1690 ἀσθενείας
314 1658 489 1694 βαστάσαντι.
515 1657 565 1684 Διὰ
587 1656 675 1684 ταῦτα
697 1655 755 1689 οὖν,
775 1653 817 1682 0!-

25 1715 82 1742 μαι,
98 1706 150 1733 καὶ
163 1705 201 1732 τὶ
215 1704 341 1737 τοιαῦτα,
359 1704 461 1739 Πέτρος
471 1703 572 1730 ἁλῶναι
588 1701 765 1738 συνεχωρήθη
778 1701 817 1736 τῷ

23 1753 206 1788 ἁμαρτήματι
218 1760 225 1766 ·
245 1751 303 1777 ἀλλ’
318 1751 368 1785 οὐχ
382 1751 423 1777 ὅτι
440 1751 606 1786 προανεῖπεν
617 1749 666 1784 τὴν
676 1748 792 1784 ἄρνησιν
803 1749 818 1775 ό

23 1800 200 1831 Διδάσκαλος,
222 1799 330 1834 ἀνάγκῃ
345 1798 398 1825 τινὶ
411 1799 459 1832 τῆς
472 1796 654 1833 προγνώσεως
669 1795 815 1831 ἐξεϐιάσθη

24 1847 88 1880 πρὸς
102 1845 136 1872 τὸ
154 1844 301 1879 ᾰῦέλητον.
331 1843 408 1870 Ἐπεὶ
426 1842 498 1870 οὕτω
523 1851 555 1876 γε
578 1842 691 1877 φθάνοις
714 1841 748 1868 ἂν
762 1841 818 1868 τῶν

23 1891 132 1926 φαύλων
159 1890 291 1925 πράξεων
311 1889 425 1915 ἀπασῶν
443 1889 493 1925 τὴν
519 1889 622 1921 αἰτίαν,
647 1889 687 1920 εἰς
703 1888 752 1920 τὴν
764 1887 819 1914 τῶν

22 1935 132 1969 ἀγαθῶν
156 1935 252 1970 πηγὴν
276 1934 438 1970 ἀναφέρωνο
453 1935 567 1969 προεῖπε
591 1934 645 1969 γὰρ
669 1933 717 1960 καὶ
734 1933 819 1968 Ἰούδᾳ

22 1981 66 2015 τὴν
88 1979 257 2015 προδοσίαν
282 1978 417 2006 Ἰουδαίων
440 1980 489 2014 τὴν
517 1979 691 2014 μιαιφονίαν*
714 1978 760 2006 ναὶ
786 1978 819 2014 δὴ

22 2026 68 2052 γᾶν
88 2026 132 2061 μὴ
149 2026 296 2061 προεῖπεν,
312 2024 379 2052 ἀλλά
395 2033 427 2060 γε
451 2025 567 2061 προῄδει
582 2026 704 2058 πάντως,
722 2025 819 2060 ὅτιπερ

22 2072 66 2106 τῆς
79 2072 218 2107 δοθείσης
239 2071 350 2106 ἐντολῆς
364 2072 378 2098 ὁ
394 2072 503 2106 πρῶτος
525 2071 679 2107 ἄνθρωπος,
695 2071 755 2098 ἀντὶ
768 2070 819 2106 τῆς

22 2118 149 2153 ςεδλικῆς
194 2117 331 2154 προέλοιτ’
356 2117 389 2144 ἂν
414 2118 464 2153 τὴν
496 2118 666 2154 ὑπεροψίαν·
694 2118 742 2145 καὶ
770 2117 819 2144 τοῦ

22 2165 86 2191 liii»
101 2167 157 2202 τὴν
172 2164 402 2198 ἀδελφοκτονίαν
415 2165 516 2199 Φαραὼ
528 2165 577 2200 τὴν
590 2164 819 2200 σκληροκαρδίαν,

869 1291 940 1319 nes?
963 1299 1026 1319 cum
1053 1296 1144 1319 autem
1159 1291 1223 1325 quis
1237 1291 1397 1317 inﬁrmitate
1408 1290 1514 1317 laboret
1540 1291 1574 1318 ad
1599 1298 1663 1326 per-

869 1336 969 1364 fectam
993 1337 1137 1364 sanitatem
1164 1336 1264 1364 reverti
1287 1336 1382 1363 volens
1403 1339 1455 1363 est.
1486 1335 1515 1364 Si
1533 1336 1662 1372 princeps

869 1383 915 1410 ille
931 1383 1142 1417 discipulorum,
1170 1388 1231 1417 post
1258 1385 1298 1409 tot
1321 1383 1448 1414 virtutes,
1475 1390 1545 1417 quas
1563 1383 1662 1417 partim

871 1429 947 1461 vidit,
971 1428 1089 1464 patravit
1101 1428 1212 1463 partim,
1229 1433 1290 1462 post
1304 1428 1384 1455 talem
1401 1427 1584 1462 disciplinam,
1600 1433 1663 1455 tan-

871 1479 926 1502 tam
941 1480 970 1502 et
990 1480 1044 1502 tam
1067 1474 1242 1509 multiplicem
1265 1474 1299 1501 de
1310 1473 1439 1509 Magistro
1454 1474 1662 1509 experientiam,

870 1524 911 1547 ter
926 1520 974 1547 illo
988 1520 1124 1555 abnegato
1136 1539 1145 1552 ,
1162 1527 1210 1554 per
1221 1519 1411 1555 paenitentiam
1429 1524 1519 1546 tamen
1536 1525 1564 1547 et
1576 1520 1665 1556 laery-

872 1574 942 1599 ruas,
963 1574 1017 1593 nott
1036 1566 1118 1594 tnodo
1132 1566 1259 1602 purgavit
1270 1570 1427 1601 peccatum,
1453 1567 1501 1594 Sed
1526 1567 1560 1594 ad
1584 1575 1664 1594 eunt-

871 1613 932 1640 dem
948 1618 1059 1641 evectus
1076 1619 1118 1641 est
1134 1613 1309 1648 apostolatus
1323 1613 1429 1648 apicem
1449 1621 1455 1640 :
1483 1614 1606 1647 profecto
1621 1621 1666 1640 me

872 1659 999 1694 ignarum
1013 1665 1073 1685 esse
1096 1661 1124 1685 et
1147 1657 1284 1692 abjeclutn
1312 1665 1366 1684 non
1390 1656 1479 1688 decet,
1507 1657 1554 1691 qui
1572 1656 1665 1691 lapsus

872 1713 933 1734 sum
960 1705 995 1732 ab
1023 1704 1192 1735 inﬁrmitate,
1211 1703 1257 1731 sed
1275 1711 1337 1730 cum
1361 1703 1441 1730 ocius
1457 1710 1603 1738 resurgere
1617 1711 1666 1736 per

872 1751 1062 1787 pcenitentiam
1078 1754 1105 1777 et
1124 1750 1290 1777 recolentem
1319 1749 1428 1776 divitias
1445 1749 1575 1776 bonitatis
1593 1749 1665 1776 divi-

873 1805 924 1829 me,
953 1801 1041 1824 totum
1058 1804 1101 1824 me
1115 1804 1176 1824 eum
1192 1796 1283 1824 cordis
1297 1795 1462 1823 contritione
1484 1795 1524 1822 illi
1540 1795 1603 1823 date
1618 1795 1666 1828 qui

872 1844 986 1872 morbos
1005 1848 1032 1871 et
1048 1843 1225 1871 inﬁrmitates
1240 1846 1350 1870 nostras
1367 1841 1488 1876 portavit
1500 1841 1533 1869 °".
1551 1841 1666 1876 Propter

873 1891 951 1924 istas,
967 1890 1078 1925 opinor,
1094 1895 1121 1918 et
1137 1889 1297 1917 consimiles
1313 1895 1413 1916 causas
1431 1888 1598 1924 permissum
1616 1887 1667 1915 fuit

873 1937 954 1965 Petro
966 1944 981 1964 a
997 1941 1109 1972 peccato
1127 1935 1296 1971 apprehendi
1316 1944 1323 1962 :
1348 1942 1404 1962 non
1417 1933 1492 1969 quod
1508 1933 1668 1969 praedixerit

874 1983 1004 2019 Magister
1027 1982 1248 2018 abnegationem,
1274 1981 1308 2008 ad
1323 1984 1414 2008 actum
1446 1980 1665 2007 involuntarium

873 2035 922 2063 per
946 2027 1137 2055 necessitatem
1165 2025 1345 2061 praescientiae
1375 2024 1567 2060 impellebatur
1590 2034 1598 2052 :
1629 2025 1668 2052 ita

874 2073 948 2101 enim
967 2072 1159 2108 praeveniendo
1188 2071 1290 2099 referes
1312 2071 1448 2099 malorum
1473 2071 1599 2098 omnium
1622 2078 1669 2098 ac-

875 2123 982 2154 ceptam
994 2126 1107 2146 causam
1123 2118 1151 2145 in
1162 2117 1266 2145 fontem
1277 2118 1412 2145 bonorum
1425 2118 1548 2144 omnium
1561 2115 1646 2144 Deum
1659 2125 1666 2144 :

875 2164 1000 2200 praedixit
1015 2169 1041 2192 et
1053 2163 1129 2192 Judte
1145 2162 1332 2196 traditionem,
1348 2167 1375 2190 et
1388 2161 1545 2190 Iudaeorum
1559 2161 1668 2190 animos

20 2210 64 2236 καὶ
74 2211 172 2237 Σαοὺλ
190 2210 242 2246 τὴν
257 2211 441 2247 παρανομίαν.
457 2210 514 2238 Καὶ
524 2211 550 2237 τί
566 2210 628 2237 καθ’
643 2211 758 2237 ἕκαστον

929 2210 1068 2246 guinarios
1087 2218 1094 2237 :
1115 2209 1182 2245 quin
1199 2209 1223 2236 si
1237 2217 1293 2236 non
1309 2209 1483 2244 praedixerat,
1501 2212 1529 2234 at
1543 2207 1667 2242 prmvidit

21 2264 57 2288 γω
73 2266 81 2290 ;
96 2258 152 2292 οὐχ
165 2258 210 2284 ὁτι
235 2258 281 2284 καὶ
307 2257 379 2284 κατὰ
396 2257 488 2289 πόλεις
504 2257 578 2289 ὅλας,
601 2257 649 2283 καὶ
670 2256 735 2292 ἔθνη
762 2256 821 2283 ὁλό-

21 2302 121 2338 711191,
140 2304 170 2329 αἱ
187 2302 306 2338 πράξεις
316 2302 406 2329 αὐτῶν
420 2304 453 2338 τῇ
468 2302 623 2337 προγνώσει
634 2301 819 2337 περιέχονται.

21 2347 148 2384 Μίκων
166 2350 218 2375 καὶ
238 2349 381 2384 Γομόρρας
403 2349 430 2376 αἱ
455 2348 820 2384 ἀρῥητουργίαι,”Ελλήνων,

19 2395 196 2428 Αίτυπίων,
222 2394 323 2430 μικροῦ
347 2395 514 2430 συμπάντων
537 2394 684 2430 βαρϐάρων
707 2395 737 2420 ἐν
757 2393 823 2420 πολ-

20 2441 70 2473 "Isi;
86 2443 207 2477 χρόνοις
227 2443 256 2469 αι
275 2443 476 2478 εἰδωλομανίαι.
501 2442 581 2469 Ἀλλὰ
602 2441 628 2467 τί
643 2441 729 2467 ταῦτα
743 2449 751 2474 ;
767 2440 822 2467 Αὐ-

18 2488 62 2513 τοῦ
79 2488 133 2515 τοῦ
152 2488 282 2524 σπορέως
296 2488 350 2515 τῶν
363 2487 457 2514 κακῶν
478 2488 525 2515 καὶ
548 2488 750 2523 ἀρχιτέκτονος,
775 2487 823 2514 καὶ⁴

18 2535 76 2560 in:
91 2536 177 2570 αὑτῴ
191 2535 323 2570 δυνάμεις
341 2534 393 2569 τῆς
419 2534 476 2561 ἄνω
501 2533 750 2569 συναπερράγησαν
774 2533 824 2568 λή-

19 2580 98 2613 ξεως.
113 2579 186 2618 'Ap’
202 2582 296 2617 ἠγνόει
309 2580 358 2617 τὴν
375 2581 537 2613 ἀλαζονείαν
551 2581 598 2607 καὶ
618 2580 667 2615 τὴν
686 2579 824 2614 ὲπιϐλαὸῆ

16 2627 69 2654 τῶν
85 2628 251 2664 ἀνθρώπων
268 2627 471 2663 ἀνυπέρσλητον
495 2627 585 2655 αὐτῶν
608 2626 776 2662 μοχθηρίανς
791 2625 825 2651 Τί

875 2263 987 2290 tamen;
1003 2256 1076 2292 quod
1093 2256 1199 2291 primus
1215 2256 1299 2283 ltonto
1314 2263 1364 2291 pro
1381 2254 1573 2282 observatione
1588 2261 1667 2280 man-

875 2303 930 2331 dati
943 2312 959 2331 a
971 2303 1027 2331 Deo
1039 2302 1184 2336 dati,illius
1196 2302 1308 2337 eligeret
1321 2300 1521 2336 negligentiam,
1532 2299 1668 2334 praescivit

876 2349 969 2377 Cainis
982 2347 1173 2381 fratricidium,
1194 2347 1347 2375 Pharaonis
1362 2345 1582 2376 obdurationem,
1599 2345 1670 2371 Sau-

877 2396 911 2424 lis
927 2395 1182 2431 transgressionem.
1197 2393 1230 2421 Et
1241 2394 1306 2429 quid
1321 2392 1428 2428 singula
1440 2391 1607 2427 persequar?
1619 2397 1668 2425 per

877 2447 950 2471 totas
962 2442 1099 2474 civitates,
1131 2445 1226 2476 gentes
1246 2441 1379 2476 integras,
1407 2437 1539 2473 quidquid
1564 2437 1665 2472 agitur,

876 2488 952 2516 cadit
968 2488 1020 2515 sub
1046 2486 1220 2521 praescientia
1243 2494 1250 2512 :
1279 2484 1485 2513 Sudomitarum
1508 2486 1535 2510 et
1550 2482 1667 2510 Gomor-

876 2534 1012 2562 rhzeorum
1028 2531 1141 2560 infanda
1156 2531 1446 2567 ﬁagitia,Graecorum,
1464 2528 1667 2564 Egyptian-mn,

877 2579 1000 2607 omnium
1009 2578 1064 2606 fere
1078 2577 1256 2606 barbararum
1271 2575 1413 2603 nationum
1423 2583 1470 2610 per
1479 2574 1562 2600 multa
1569 2573 1669 2600 swcula

886 2623 1071 2651 idolomaniaa.
1101 2623 1153 2651 Sed
1180 2622 1251 2650 unde
1265 2622 1323 2651 haec
1338 2617 1606 2656 proﬁciscebantur?
1626 2616 1667 2644 ni-

52 2707 75 2722 “
91 2707 168 2735 Luc.
205 2716 234 2740 ς,
269 2707 314 2741 17,
342 2707 387 2735 20.
426 2707 448 2724 ⁸³
467 2708 490 2734 ll
516 2706 580 2735 Cor.
599 2715 648 2740 xu,
677 2707 703 2735 Ἰ.
723 2707 744 2722 ⁶⁰
766 2705 788 2733 ls

205 2716 234 2740 ς,
269 2707 314 2741 17,
342 2707 387 2735 20.
426 2707 448 2724 ⁸³
467 2708 490 2734 ll
516 2706 580 2735 Cor.
599 2715 648 2740 xu,
677 2707 703 2735 Ἰ.
723 2707 744 2722 ⁶⁰
766 2705 816 2734 lsa.
839 2714 896 2739 Ltlt,
915 2707 939 2734 4.

674 2784 790 2811 γλιιιΑτι
816 2783 1017 2812 LECTKONES.

54 2857 61 2875 ι
79 2853 130 2881 Io’.
149 2854 351 2889 σκληρότητος.
362 2853 392 2880 (2.
410 2853 444 2880 Μ.
459 2853 662 2888 ταπεινότητος.

192 2903 332 2934 Ρλτιιοι.
353 2903 410 2932 Gn.
423 2902 474 2932 Cl.

704 2853 717 2872 ι
735 2852 778 2879 ἵσ.
791 2851 921 2887 ἐμαυτόν.
936 2851 966 2878 C.
981 2849 1016 2877 Μ.
1037 2850 1143 2876 ἑαυτὸν.

1490 2895 1532 2929 20
