1873 3063
196 146 245 179 Gl!

777 144 910 176 PHOTII
930 145 1182 176 PATRIARCH/E
1199 145 1253 176 (ΞΡ.

1779 147 1828 182 612

198 211 310 237 mirum,
326 201 361 230 ab
373 201 421 229 illo
432 200 600 228 seminatore
611 199 760 232 malorum,
776 205 803 228 et
817 201 968 228 architecto
980 210 987 228 :

1062 198 1100 233 εν,
1114 200 1176 227 ἐπεὶ
1198 199 1281 236 μηδὲν
1308 199 1377 235 μηδέ
1399 199 1454 227 τῶν
1479 200 1642 236 τοιούτωνὴ
1663 200 1828 238 ἁγαθουργὸς

196 257 210 276 a
228 247 409 284 potestatibus
429 247 496 279 illis,
516 246 564 281 qui
582 253 597 272 a
616 245 728 272 sedibus
743 245 903 274 coelestibus
916 245 990 273 exci-

196 296 305 323 derunt.
342 294 523 329 lgnorabatne
555 291 731 320 insolentiam
756 291 935 325 damnosam,
963 296 991 320 et

198 348 356 376 supremam
389 339 522 367 malitiam
550 337 717 366 hominum?
746 337 775 365 Si
801 337 872 365 nihil
891 338 989 366 talium

196 387 331 422 sapientia
358 386 493 414 bonorum
509 384 647 420 operatrix
664 384 821 419 ignorabat,
850 392 914 412 num
928 384 990 412 ideo

196 433 340 460 hominum
366 436 520 466 spontaneo
551 435 627 458 motu
652 430 851 465 peccantium.
875 434 902 457 et
917 429 989 458 bona

197 485 248 513 pro
273 476 354 504 malis
375 475 536 511 eligentium
562 479 671 502 reatum
700 475 855 507 abolentes,
881 475 908 502 in
926 482 988 509 eum

196 524 244 560 qui
269 522 419 559 praescivit,
436 529 479 555 ea,
498 525 603 548 tantum
625 520 699 556 quod
715 521 853 556 praescivit
880 521 989 556 culpam

195 577 306 598 omnem
330 567 531 603 conjiciemus?
554 567 605 594 Ast
623 567 734 594 ubinam
760 567 825 595 huic
848 567 991 595 sententiae

196 613 444 649 locus?Siquidem
466 612 575 640 intuear
590 619 639 648 ego
661 612 780 648 aliquem
806 612 833 640 in
861 612 990 648 praecipi-

196 661 263 689 tium
290 664 381 695 aperte
397 658 530 690 delatum,
547 662 575 685 et
599 666 633 686 ex
652 665 685 686 eo
700 662 838 686 mortuum
865 658 989 692 intuear;

196 708 219 735 si
252 706 336 733 alium
357 705 503 741 evaginato
528 703 620 740 gladio
635 703 663 732 in
688 704 844 739 proximum
870 704 990 740 aliquem

197 753 333 781 furentem
359 751 484 784 videam,
523 750 645 778 occisum
672 749 778 783 videbo,
805 750 852 778 sed
881 758 936 777 non
961 755 992 778 ut

196 803 272 826 actor
288 804 385 832 pcenas
399 795 480 824 dabo.
498 795 576 829 Quod
603 795 625 822 si
652 795 702 822 hoc
722 794 868 822 ridiculum
888 795 933 827 sit,
963 799 992 822 et

196 843 320 872 amentiae
349 843 471 878 plenum,
493 841 632 875 quomodo
654 847 709 867 non
730 840 819 868 audax
835 839 910 868 furor
924 847 990 868 cen-

1041 246 1133 282 ὴγνόει
1148 246 1240 281 σοφία,
1258 244 1313 281 ἆρα
1325 245 1370 272 διὰ
1389 246 1479 279 τοῦτο,
1496 246 1551 274 τῶν
1565 246 1722 283 ἐϐελοκάκῳ
1736 248 1828 284 γνώμῃ

1040 291 1074 318 τὰ
1088 292 1174 328 χείρω
1189 291 1244 318 τῶν
1258 292 1422 327 κρειττόνων
1436 291 1632 328 ἀλλαξαμένων
1647 293 1831 328 ἀφελόντεςτδ

1041 337 1203 370 ὑπεύθυνον,
1221 336 1269 364 τοῦ
1286 338 1499 373 προεγνωκότος
1511 338 1829 375 καταγνωσόμεθα;Καὶ

1041 382 1093 410 ποῦ
1108 383 1188 410 τοῦτο
1204 383 1297 419 χώραν
1315 383 1390 419 ἔχεις
1405 384 1436 410 Et
1453 384 1509 420 γὰρ
1523 384 1580 419 ἐγώ
1598 393 1659 412 τινα
1683 387 1830 422 φερόμενον

1041 428 1089 456 ἐπὶ
1103 428 1227 465 κρημνὸν
1245 428 1318 461 ίδὼν,
1340 429 1438 457 ἔπειτα
1454 429 1500 457 τὸν
1515 430 1625 466 όλεθρον
1643 431 1782 468 διαγνοίην
1793 441 1799 447 ·
1813 433 1828 468 ἢ

1042 472 1120 508 ξίφος
1131 474 1307 509 σπασάμενον
1328 474 1399 502 κατά
1421 474 1468 502 τοῦ
1489 475 1618 511 πλησίου,
1635 477 1686 504 οὐκ
1706 477 1831 514 ἁγνοήσω

1041 519 1087 545 τὸν
1109 519 1207 554 φόνον·
1225 517 1270 555 ἆρ’
1282 520 1343 547 ἀντὶ
1363 520 1412 547 τοῦ
1432 520 1594 557 δεδρακότος
1615 522 1672 557 ἐγὼ
1685 523 1736 560 τὴν
1754 523 1830 559 δίκην

1041 564 1154 600 ὑπέχειν
1168 565 1273 598 δίκαιος
1301 565 1359 602 είμί
1372 575 1379 600 ;
1394 566 1426 593 Εί
1441 566 1469 593 δέ
1481 567 1569 601 γέλως
1587 567 1667 595 τοῦτο
1681 569 1729 596 καὶ
1744 569 1830 605 παρά-

1041 619 1111 643 νοια,
1128 611 1188 643 πῶς
1203 611 1234 638 οὐ
1251 611 1336 647 μανία
1347 612 1395 639 καὶ
1408 612 1496 648 τόλμα
1511 613 1573 640 ἀντὶ
1589 614 1637 641 τοῦ
1654 614 1731 647 δίκας
1746 615 1830 642 ἀπαι-

1040 657 1110 689 τεῖν,
1127 657 1192 688 τοὺς
1203 657 1308 689 αἰτίους
1323 657 1379 685 τῶν
1394 657 1505 693 φαύλων
1518 658 1654 694 πράξεων,
1668 659 1718 696 τὴν
1729 660 1831 696 δυσφη-

1043 702 1108 736 μίαν
1125 701 1268 737 μεθέλκειν
1281 703 1353 730 κατά
1374 703 1425 738 τῆς
1444 703 1520 736 θείας
1543 704 1725 741 προγνώσεως
1737 714 1745 738 ;
1758 705 1790 732 EI
1810 705 1831 732 δ’

1039 748 1057 782 ἡ
1069 746 1225 782 πρόγνωσις
1242 747 1298 775 τῶν
1312 748 1446 775 ὑπαιτίων
1460 749 1621 783 ἀνεύθυνος,
1635 748 1691 786 ἆρα
1707 751 1831 787 πρόρρη-

1043 802 1086 826 σις
1099 793 1109 813 1
1121 793 1231 829 ἐνοχος;
1251 794 1289 820 Οὐ
1303 794 1358 830 γὰρ
1374 794 1442 821 διότι
1458 795 1650 830 προέγνωσται
1665 796 1680 831 ἢ
1701 797 1832 832 προείρη-

1041 847 1098 872 ται,
1113 838 1159 866 διὰ
1174 839 1254 866 τοῦτο
1276 839 1502 876 διαπέπρακται,
1520 841 1578 868 ἀλλ’
1594 842 1657 868 ἐπεὶ
1679 842 1832 878 αὐθαιρέτῳ

196 889 313 919 sebitur.
337 895 398 915 cum
421 886 526 922 culpari
545 885 675 917 debeant,
702 885 749 921 qui
771 885 797 912 id
828 889 989 920 patrarunt,

1065 885 1135 921 ρίσει
1152 885 1267 921 πράξειν
1287 885 1399 921 ἔμελλον
1415 886 1433 913 ἃ
1453 886 1491 922 μὴ
1505 886 1634 921 ὤφειλον,
1650 887 1680 914 τὸ
1697 888 1832 923 ἀλάθητον

196 934 262 962 mali
289 932 406 966 alicujus
438 939 523 959 causa
556 930 589 958 ad
619 929 739 958 divinam
766 930 904 958 attrahere
921 938 990 965 prae-

195 979 362 1008 scientiam?
383 978 425 1006 sin
441 976 612 1013 praescientia
629 980 707 1004 vacet
729 975 818 1011 culpa.
840 983 874 1002 an
891 975 990 1011 praedi-

195 1025 250 1052 ctio
266 1029 342 1052 reatu
361 1023 447 1052 teneri
466 1022 589 1058 poterit?
604 1021 663 1049 Non
678 1021 739 1049 ideo
753 1021 783 1048 ﬁt
794 1021 896 1057 aliquid
915 1022 989 1056 quod

196 1069 338 1104 praescitur
353 1073 381 1096 et
394 1067 571 1104 paaevidetur,
591 1068 639 1095 sed
657 1066 722 1102 quia
742 1070 893 1102 spontaneo
909 1072 986 1094 motu

201 1115 300 1144 facturi
316 1115 435 1149 fuerant,
452 1121 513 1149 quae
528 1113 616 1141 facere
631 1120 684 1140 non
699 1112 830 1140 deberent
843 1112 988 1146 homines;

1043 932 1089 958 καὶ
1106 931 1315 958 πανετιίσκοπον
1323 931 1401 967 ὄμμα
1411 932 1458 959 τοῦ
1473 932 1543 960 Θεοῦ
1556 938 1575 952 ω
1584 933 1676 960 λαϐεῖν
1686 934 1737 960 οὐκ
1753 933 1833 969 ἐσχον

1042 976 1073 1003 τὸ
1086 976 1226 1004 δυνάσθαι.
1237 977 1287 1005 Διά
1301 977 1380 1004 τοῦτο
1390 978 1536 1014 τοιγαροῦν
1546 979 1594 1005 καὶ
1604 979 1618 1005 ὁ
1630 980 1765 1014 μακάριος
1784 979 1834 1005 Πέ-

1042 1031 1117 1058 τρος,
1133 1023 1183 1059 οὐχ
1199 1024 1241 1051 ὃτι
1260 1025 1391 1060 προεῖπεν
1402 1025 1416 1051 ό
1435 1025 1588 1060 Δεσπότης,
1609 1026 1760 1061 ἠρνήσατο,
1778 1024 1834 1052 ἀλλ’

1042 1068 1083 1095 ὅτι
1096 1070 1331 1104 προσολισθαίνειν
1340 1072 1373 1107 τῇ
1388 1071 1505 1106 ἀρνήσει
1517 1071 1625 1106 ἔμελλε,
1641 1072 1687 1098 καὶ
1699 1070 1834 1107 προγινώ-

1043 1122 1137 1142 σκεται
1151 1115 1190 1151 τῷ
1204 1115 1385 1152 Διδασκάλῳιι
1401 1117 1449 1144 καὶ
1465 1117 1747 1154 προανακηρύττεται.

196 1169 228 1189 ea
251 1161 363 1188 minime
392 1159 478 1187 latere
502 1162 617 1194 possunt
643 1158 735 1185 omnia
752 1162 939 1193 permeantem
954 1163 981 1186 et
999 1164 1164 1195 retegentem
1187 1162 1234 1190 Dei
1259 1163 1381 1191 oculum.
1403 1163 1539 1196 Quocirca
1561 1168 1590 1191 et
1617 1164 1712 1192 beatus
1727 1163 1835 1195 Petrus.

195 1207 330 1243 nonquia
362 1205 488 1241 praedixit
514 1205 656 1236 Dominus.
687 1204 832 1240 abnegavit
863 1212 939 1238 eum,
973 1205 1020 1233 sed
1043 1208 1173 1241 quoniam
1211 1209 1366 1238 exorbitare
1397 1217 1446 1245 per
1476 1210 1686 1246 abnegationem
1710 1210 1836 1243 volebat,

196 1254 256 1282 ideo
271 1253 399 1288 Magister
418 1253 478 1288 ejus
493 1251 520 1279 id
533 1252 669 1287 prrescivit
681 1256 708 1279 et
727 1251 855 1286 praedixit
878 1251 979 1286 palam.

195 1309 360 1346 QUIESTIO
395 1308 510 1338 XCVIII.
527 1309 621 1345 [00581.
644 1309 757 1338 CCLXI.
774 1309 857 1336 Taur.
873 1310 986 1346 CCLII.]

1315 1315 1481 1343 aromata
1497 1317 1558 1350 ur.

254 1368 326 1394 Edita
347 1375 360 1392 a
382 1368 541 1399 Montacutio,
562 1375 602 1400 ep.
626 1368 680 1399 180,
702 1368 734 1393 ad
752 1368 1264 1431 Constant,epugﬁﬁfﬁaibliehanﬁlogia
1282 1371 1350 1396 inter
1369 1371 1445 1397 verba
1469 1372 1560 1398 Christi
1585 1373 1670 1398 Joann.
1692 1381 1716 1403 ν,
1744 1374 1774 1398 3t

233 1457 395 1493 Expeditam
430 1454 590 1491 quaestionis
623 1459 677 1482 tua:
709 1453 874 1481 solutionem
909 1454 990 1482 dabo.

202 1514 211 1530 ι
232 1503 261 1531 Si
275 1511 327 1539 ego
342 1501 530 1531 testimonium
545 1500 613 1528 mihi
629 1500 662 1528 de
691 1507 736 1527 me
754 1500 896 1535 perhibeo,
914 1501 993 1529 testi-

1082 1454 1219 1492 Σύντομόν
1234 1465 1275 1483 σοι
1287 1456 1336 1491 τῆς
1350 1456 1469 1492 ἀπορίας
1484 1456 1533 1492 τὴν
1548 1456 1625 1483 λύσιν
1640 1456 1712 1494 ἐρῶ·
1726 1457 1755 1484 τὸ
1779 1458 1839 1493 μέν,

1049 1510 1058 1526 ι
1080 1500 1144 1529 Ἐὰν
1160 1500 1217 1536 ἐγὼ
1231 1501 1362 1537 μαρτυρῶ
1377 1501 1443 1537 περὶ
1459 1501 1591 1537 ἐμαυτοῦ,
1605 1503 1621 1537 ἠ
1638 1502 1779 1538 μαρτυρία
1790 1512 1841 1539 μου

199 1550 323 1579 manium
341 1555 433 1576 meum
453 1554 547 1575 verum
565 1553 619 1574 non
635 1550 677 1573 est
687 1546 729 1573 δέ
751 1554 760 1572 ι
776 1545 835 1581 lege
851 1553 899 1580 per
912 1546 990 1574 inter-

1062 1546 1095 1574 ῠκ
1117 1546 1191 1574 ἐστιν
1206 1547 1309 1583 ἀληθής
1321 1556 1328 1563 ο
1348 1556 1358 1573 ι
1375 1547 1536 1582 ἀνάγνωσον
1563 1548 1626 1575 κατ’
1641 1547 1791 1584 ἐρώτησιν.
1809 1550 1841 1576 δι’

199 1596 369 1633 τοεοιὶοῐιειη
386 1603 393 1623 :
420 1601 469 1630 per
485 1593 560 1621 istud
575 1591 704 1620 Servator
721 1591 880 1620 Iudaeorum
896 1592 990 1627 suspi-

200 1644 308 1672 cionem
324 1641 465 1676 redarguit
479 1644 506 1668 et
520 1639 633 1667 refellit.
652 1638 700 1666 Est
712 1642 806 1666 autem
822 1647 828 1667 :
850 1648 860 1665 ι
877 1638 992 1666 Etiamsi

199 1690 234 1718 de
253 1689 357 1725 meipso
385 1686 576 1716 testimonium
600 1685 669 1720 fero,
696 1685 886 1714 testimonium
901 1692 993 1712 meum

191 1742 294 1763 verum
308 1733 393 1762 est“.
413 1741 422 1759 ι
448 1731 544 1767 Cogita
570 1731 716 1758 Dominum
739 1730 792 1758 hoc
808 1729 837 1757 in
851 1729 913 1757 loco
926 1737 994 1765 -pro-

199 1780 289 1816 priam
307 1786 384 1807 suam
406 1777 525 1806 sententi
545 1785 571 1805 m
589 1784 692 1812 ponere
704 1783 736 1804 ac
751 1775 931 1812 pronuntiare
946 1785 952 1803 :
968 1780 996 1803 et

201 1831 349 1862 praetextus
363 1826 408 1853 ille
420 1824 598 1853 dubitationis
616 1831 760 1852 accessum
776 1831 832 1851 non
848 1823 967 1850 admittit
987 1832 993 1849 :

201 1878 248 1901 aut
265 1872 289 1900 si
316 1877 344 1899 tu
359 1871 449 1899 mavis
469 1870 625 1905 (dilﬁculter
641 1869 716 1898 enim
742 1868 864 1904 suppetit
879 1868 996 1896 facultas

201 1919 235 1946 ad
264 1918 387 1946 omnium
421 1916 624 1945 dubitationum
660 1914 825 1950 solutiones)
850 1914 996 1949 dupliciter

182 1975 184 1979 ν
201 1962 370 1991 constitutus
391 1965 452 1988 erat
467 1960 600 1988 Domintts
618 1964 714 1987 noster
727 1958 808 1987 Iesus
824 1958 963 1991 Christus,
981 1966 997 1985 e

203 2008 307 2036 Deitate
321 2007 452 2035 nimirum
477 2010 505 2034 et
523 2005 705 2034 humanitate.
720 2005 790 2032 Illud
802 2004 907 2032 dictum
921 2013 928 2032 :
944 2013 953 2030 ι
967 2003 996 2031 Si

202 2051 392 2079 testimonium
405 2057 456 2086 ego
484 2050 626 2084 perhibeo,
644 2058 654 2076 ι
674 2053 740 2082 etc.,
758 2048 910 2077 secundum
924 2049 996 2084 leges

202 2098 330 2124 humana:
350 2100 456 2123 naturae
476 2095 695 2131 intelligendum,
712 2094 853 2130 quomodo
868 2099 895 2123 et
911 2095 997 2123 multa

202 2144 318 2178 insuper
345 2143 398 2170 alia
432 2142 626 2177 suscipiemus.
659 2141 746 2170 Nemo
764 2141 838 2169 enim
853 2142 997 2170 hominum

203 2190 236 2217 de
251 2189 343 2224 seipse
356 2188 447 2217 ferens
456 2188 644 2216 testimonium
659 2188 738 2216 testis
754 2188 806 2216 {ide
824 2188 923 2224 dignus
936 2193 996 2216 est:

1045 1589 1088 1628 ἧς,
1106 1592 1159 1629 πρὸ
1170 1593 1308 1626 ἀπάντων,
1320 1593 1334 1620 ό
1349 1593 1445 1629 Σωτὴρ
1456 1594 1505 1629 τὴν
1517 1593 1573 1621 τῶν
1588 1594 1723 1621 Ἰουδαίων
1737 1595 1842 1630 suam.

1045 1638 1091 1674 ψιν
1105 1638 1212 1674 ἐλέγχει
1225 1639 1272 1666 καὶ
1286 1639 1483 1675 διακρούεται·
1499 1641 1529 1666 τὺ
1544 1639 1583 1672 δέ,
1599 1649 1609 1666 ι
1624 1640 1685 1667 Κᾶν
1693 1639 1748 1674 ἐγὼ
1768 1649 1843 1676 μαρ-

1045 1683 1121 1719 τυρῶ
1135 1683 1201 1719 περ)⁸
1223 1683 1355 1719 ἐμαυτοῦ,
1370 1685 1386 1719 ὴ
1402 1684 1539 1720 μαρτυρία
1553 1693 1604 1720 μου
1622 1685 1728 1721 ἀληθής
1740 1686 1804 1712 ἐστι
1814 1694 1820 1701 ·
1832 1695 1841 1711 ι

1045 1729 1096 1766 τὴν
1113 1729 1180 1757 ἰδίαν
1193 1729 1302 1756 τιθέντα
1320 1729 1413 1766 ψῆφον
1443 1729 1492 1756 καὶ
1508 1731 1728 1766 ἀποφαινόμενον
1752 1732 1846 1758 εἰπεῖν

1046 1776 1092 1803 τὸν
1106 1776 1244 1812 Δεσπότην
1265 1776 1370 1812 νόμιζε,
1386 1776 1434 1803 καὶ
1456 1777 1634 1813 παρείσδυσιν
1651 1770 1700 1812 οὖχ
1721 1777 1781 1811 ἐξει
1795 1778 1846 1811 τῆς

1047 1823 1164 1858 ἀπορίας
1179 1824 1196 1859 ἡ
1215 1822 1363 1859 πρόφασις.
1383 1823 1419 1850 Ἢ
1435 1823 1459 1850 εἰ
1482 1823 1572 1858 βούλει
1587 1823 1648 1858 (οὐκ
1672 1824 1779 1860 ἄπορον
1791 1825 1846 1860 γὰρ

1046 1870 1087 1901 είς
1103 1869 1243 1901 ἐπιλύσεις
1254 1870 1304 1904 τῆς
1314 1869 1446 1904 ἀληθείας
1462 1871 1479 1906 ἡ
1493 1869 1633 1905 δύναμις),
1646 1869 1811 1903 ἐπιδιπλοῦς
1821 1872 1846 1889 ’³⁸

1046 1914 1089 1951 ἦν¹
1102 1917 1116 1942 ὸ
1132 1916 1235 1951 Κύριος
1252 1916 1332 1952 ἡμῶν
1351 1917 1456 1952 Ἰησοῦς
1469 1918 1484 1944 ὁ
1499 1917 1617 1953 Χριστὸς
1631 1936 1639 1949 ,
1657 1917 1690 1944 ἐκ
1713 1916 1846 1952 θεότητος

1047 1963 1095 1990 καὶ
1121 1962 1341 1999 ἀνθρωπότητος.
1364 1964 1401 1990 Τὸ
1425 1963 1474 1998 μὲν
1487 1983 1494 1997 ,
1514 1972 1524 1989 ‹
1544 1962 1609 1990 Ἐὰν
1628 1962 1685 1996 ἐγὼ
1705 1962 1846 1998 μαρτυρῶ

1048 2009 1113 2045 περὶ
1127 2009 1261 2045 ἐμαυτοῦ,
1283 2010 1300 2044 ή
1317 2009 1455 2045 μαρτυρία
1470 2018 1520 2045 μου
1536 2009 1587 2036 οὐκ
1601 2008 1676 2036 ἐστιν
1691 2008 1799 2044 ἀληθής
1813 2016 1820 2022 ·
1835 2017 1843 2033 ι

1047 2055 1123 2091 νόμῳ
1136 2054 1244 2090 φύσεως
1252 2055 1302 2090 τῆς
1313 2055 1490 2091 ἀνθρωπίνης
1499 2076 1506 2088 ,
1519 2054 1613 2091 ὥσπερ
1625 2054 1674 2082 καὶ
1687 2054 1777 2082 πολλὰ
1788 2055 1847 2081 ἓτε-

1049 2110 1094 2137 ρα,
1112 2104 1124 2118 °
1139 2100 1336 2136 διαληψόμεθα.
1351 2101 1446 2134 Οὐδεὶς
1471 2101 1526 2136 γὰρ
1549 2100 1702 2136 ἀνθρώπων
1723 2101 1764 2132 είς
1796 2100 1847 2136 τὴν

1049 2147 1129 2179 αὐτὸς
1158 2147 1240 2173 αὑτοῦ
1261 2147 1415 2183 μαρτυρίαν
1441 2147 1616 2179 ἀξιόπιστος·
1633 2147 1664 2174 τὸ
1683 2146 1722 2179 δέ,
1743 2156 1752 2173 ι
1783 2147 1847 2173 Ἐὰν

1049 2193 1106 2228 ἐγὼ
1128 2193 1260 2229 μαρτυρῶ
1276 2193 1341 2228 περ).
1363 2193 1496 2229 ἐμαυτοῦ,
1512 2194 1529 2228 ἡ
1546 2193 1685 2229 μαρτυρία
1703 2201 1756 2228 μου
1774 2193 1845 2228 ἀλη‹

203 2240 232 2263 at
248 2245 257 2262 ‹
276 2236 299 2263 si
314 2242 365 2271 ego
380 2234 569 2263 testimonium
588 2235 621 2263 de
633 2242 675 2262 me
685 2235 827 2270 perhibeo,
842 2244 852 2261 ι
871 2239 937 2268 etc.,
952 2243 990 2263 se-

1062 2238 1100 2273 iﬁc
1124 2237 1208 2270 ἐστιν,
1234 2237 1371 2273 ἀξιώματι
1405 2239 1453 2265 καὶ
1477 2238 1588 2274 ἐξουσίᾳ
1616 2238 1665 2274 τῆς
1691 2238 1845 2275 θεότητος·

203 2283 325 2310 eundum
342 2282 504 2317 dignitatem
525 2285 553 2309 et
574 2281 725 2316 potentiam
750 2281 870 2309 deitatis.
899 2280 997 2309 Nullus

203 2327 277 2355 enim
293 2327 398 2362 indiget
413 2333 542 2362 suprema
555 2326 678 2354 omnium
701 2325 804 2354 Natura
820 2331 847 2354 et
866 2326 997 2354 Dominus

203 2374 246 2401 vel
263 2373 415 2401 testimonii
435 2372 479 2400 vel
500 2372 717 2401 conﬁrmationis
746 2372 879 2406 aliunde;
905 2376 998 2407 utpote

204 2427 266 2454 qua:
295 2419 330 2447 ab
357 2419 431 2447 intus
456 2423 484 2446 et
504 2427 520 2447 e
536 2419 619 2447 domo
637 2419 717 2446 ﬁdem
741 2418 793 2446 sibi
816 2417 998 2446 adhibendam

204 2468 357 2500 procurat;
386 2464 433 2492 sed
457 2465 575 2493 ulterius
588 2465 650 2492 aliis
667 2464 797 2492 omnibus
815 2463 915 2499 quibus
932 2463 998 2491 ﬁdes

208 2511 363 2546 adhibetur,
379 2515 511 2547 tanquam
527 2511 590 2539 fons
604 2510 768 2539 ersistenda:
781 2513 808 2538 et
819 2509 1000 2538 subsistendaa

208 2557 272 2585 ﬁdei
285 2562 327 2585 est
344 2565 376 2585 ac
405 2558 493 2593 origo.
518 2556 552 2585 Et
574 2557 632 2585 haec
660 2557 786 2585 sullicere
803 2560 933 2591 tanquam
951 2563 1000 2591 per

210 2603 348 2638 epitomen
373 2604 496 2632 sublecta
518 2603 692 2632 crediderim.
717 2603 787 2631 Sunt
803 2607 933 2638 praeterea
946 2610 1000 2630 non

209 2656 304 2684 paucae
336 2650 488 2678 solutiones
519 2649 731 2682 antedictorum,
750 2657 811 2684 qua:
829 2648 916 2685 magis
929 2648 999 2676 dila-

244 2707 266 2723 ⁶¹
281 2705 361 2735 Joan.
381 2715 406 2741 ν,
422 2709 466 2736 5t.
505 2709 527 2724 ⁶¹
541 2707 623 2737 Joan.
636 2716 686 2737 vnt
714 2708 758 2736 M.

1049 2283 1204 2319 ἀπροσδεὴς
1219 2283 1273 2319 γὰρ
1288 2285 1305 2320 ἡ
1322 2283 1416 2311 πασῶν
1432 2284 1564 2311 ἀνωτάτω
1592 2283 1684 2319 φύσις,
1706 2284 1754 2311 καὶ
1774 2284 1847 2311 πάν-

1048 2337 1103 2356 των
1119 2328 1271 2364 Δεσπότης,
1287 2331 1336 2365 τῆς
1351 2329 1487 2365 ἑτέρωθε-ι
1500 2329 1655 2366 μαρτυρίας
1666 2329 1713 2356 καὶ
1727 2329 1850 2365 βεϐαιώ-

1051 2382 1131 2408 σεως,
1143 2374 1193 2401 οὒκ
1203 2374 1309 2401 οῑκοθεν
1319 2375 1400 2410 μόνον
1408 2375 1615 2411 προϐαλλομένη
1627 2375 1658 2402 τὺ
1666 2375 1848 2407 αὐτόπιστον,

1051 2420 1119 2448 ἀλλὰ
1130 2421 1185 2456 γὰρ
1200 2421 1248 2448 καὶ
1260 2422 1317 2453 τοῖς
1328 2421 1421 2453 ἄλλοις
1433 2421 1547 2455 ἅπασιν,
1560 2419 1602 2453 οἷς
1623 2420 1654 2448 τὸ
1678 2421 1779 2448 πιστὸν
1796 2430 1850 2448 πε-

1053 2466 1198 2502 ριγίνεται,
1216 2465 1311 2502 ὥσπερ
1338 2465 1414 2502 πηγὴ
1430 2466 1584 2499 οὺσιώσεως
1608 2467 1655 2494 καὶ
1678 2467 1829 2502 ὑπάρξεως
1841 2487 1849 2499 ,

1052 2510 1123 2537 οὓτω
1135 2510 1164 2537 δέ
1187 2511 1234 2538 καὶ
1259 2510 1432 2543 ἀξιοπιστίας
1457 2511 1628 2547 ὑπάρχουσα.
1652 2511 1734 2539 Ἀλλὰ
1756 2512 1852 2539 ταῦτα

1054 2557 1117 2593 μὲν,
1130 2557 1168 2589 ὼς
1191 2556 1251 2584 κατ’
1267 2557 1401 2593 ἐπιτομὴν
1419 2557 1520 2589 ίκανῶς
1539 2558 1611 2593 ἔχειν
1631 2555 1720 2593 οἶμαι.
1738 2557 1806 2584 Εἰσὶ
1822 2558 1852 2584 δὲ

1054 2603 1102 2630 καὶ
1116 2602 1171 2629 τῶν
1186 2602 1340 2639 εἰρημένων
1354 2603 1395 2635 είς
1408 2602 1509 2635 πλάτος
1523 2604 1625 2639 μᾶλλον
1635 2604 1851 2639 ἀποτεινόμεναι

1053 2648 1100 2675 τοῦ
1116 2648 1302 2684 προκειμένου
1316 2648 1409 2681 λύσεις
1418 2649 1468 2676 οὑκ
1484 2649 1588 2684 ὀλίγαι·
1605 2646 1649 2682 αῖς
1661 2650 1702 2677 δτι
1714 2651 1778 2682 ταῖς
1796 2659 1852 2677 πα-

871 2752 990 2781 VARIE
1010 2751 1213 2782 LECTIONES.

249 2834 360 2876 :0th;
377 2835 433 2876 οιξξῖ
451 2837 468 2872 ή
481 2836 646 2876 πρόρρησιςε
656 2837 716 2866 sine
731 2837 810 2876 signo
824 2838 1056 2876 interrogationis.

209 2871 238 2889 ³⁵
250 2869 280 2900 0.
299 2869 334 2898 Μ.
347 2869 367 2899 1'.
382 2871 435 2900 I55
450 2869 468 2900 tt
479 2869 542 2900 hiet
550 2869 674 2906 διπλοῦς.
712 2878 722 2890 ο
735 2869 882 2911 είρῆσθαι..

1118 2844 1136 2855 ἰ
1153 2839 1197 2866 te.
1213 2838 1316 2866 λαθεῖν.
1374 2843 1386 2857 ν
1402 2837 1433 2866 C.
1454 2837 1488 2865 Μ.
1505 2837 1549 2864 hic
1577 2836 1640 2865 add.
1667 2835 1853 2873 προλέγεται.
