1873 3063
76 113 124 145 613

484 111 534 141 AD
552 108 850 140 AMPHILOCHIUM
865 106 1039 144 QUIESTIO
1057 105 1191 142 XCVIII,
1212 104 1316 135 XCIX.

1645 101 1699 135 614

75 167 173 203 τμκαῖς
188 163 361 200 ὲνομιλοῦντι
378 163 482 199 βίϐλοις
501 164 566 199 ῥᾷόν
578 165 653 190 ἐστιν
664 163 814 198 ὲντυχεῖν,;

961 166 1011 194 tur,
1028 160 1055 187 in
1075 167 1145 194 quas
1160 158 1239 186 facile
1265 163 1305 191 tu,
1321 158 1367 192 qui
1385 157 1496 185 Palrum
1521 157 1632 185 lectioni
1649 165 1700 186 as-

74 212 192 247 οὑδεμίαν
205 211 332 246 ἀνάγκην
346 210 402 245 όρῶ
408 211 466 241 τοῖς
479 211 582 245 ἐτέρων
592 209 732 245 φροντίσιν
744 208 856 244 ὲμαυτῷ

76 256 282 291 ωναπαρτὶςειν
298 255 330 281 τὸ
354 255 470 290 ῥᾷστον·
485 253 556 280 ἑκὼν
577 252 624 279 νῦν
648 252 761 287 ἀφίημι.
781 251 859 278 Eide-

75 312 114 330 ναι
124 303 213 337 μέντοι
225 301 289 337 χρὴ,
297 301 338 328 ὅτι
351 300 446 331 καὶτὸ,
453 299 533 326 «Ἐὰν
545 298 601 333 ἐγὼ
609 298 714 331 δοξάζω
724 298 856 333 ἐμαυτὸν,

75 349 165 384 ἡδόξα
180 357 231 384 μου
261 348 339 375 οὐδέν
362 346 487 382 ἐστινσῆ
506 346 552 373 διὰ
571 347 621 381 τῆς
640 345 701 372 κατ’
723 344 859 380 ἐρώτησιν

75 394 261 429 ἀναγνώσεως,
280 392 386 429 ῆκατὰ
410 393 473 424 τοὺς
494 392 686 427 προσήκοντας
713 390 812 426 νόμους
823 391 857 426 τῇ

74 442 227 479 ἀνθρωπίνῃ
243 441 336 476 φύσει,
355 441 386 467 τὸ
399 440 480 476 ῥητὸν
498 439 623 475 εἰρῆσθαι
634 437 859 471 ὲξακούοντεςεὶς

74 489 197 524 οὐδεμίαν
212 488 246 515 ἂν
263 487 414 522 συζήτησιν
428 483 684 520 περιενεχθείημεν.
858 487 861 490 '

342 632 510 660 EPQTHEIE
523 631 582 666 te.

910 204 1006 238 sueﬁs,
1033 204 1152 231 incidere
1167 203 1275 238 possis;
1294 210 1344 230 nec
1357 203 1439 230 ullam
1456 203 1591 238 perspicio
1606 211 1702 232 neces-

910 251 1028 282 sitatem,
1062 258 1112 277 cur
1141 257 1191 284 ego
1219 250 1253 277 ab
1291 249 1408 277 aliorum
1435 250 1554 277 inventis
1579 246 1725 287 astruaml

911 296 1036 323 mihimet
1060 295 1216 323 facilitatem
1230 303 1238 329 ;
1265 295 1352 323 libens
1368 303 1433 331 ergo
1456 296 1591 323 omittam.
1608 295 1704 323 Seien-

913 342 977 369 dum
993 348 1076 376 porro
1091 347 1182 368 tamen
1193 324 1246 374 est,
1262 343 1336 376 quod
1351 324 1460 369 eﬂ'atnm
1478 342 1554 370 illud.
1574 351 1584 367 ‹
1602 342 1631 369 Si
1646 342 1706 376 glo-

914 386 992 414 rilico
1007 386 1153 421 meipsum,
1170 386 1255 421 gloria
1273 394 1333 414 mea
1360 386 1429 413 nihil
1446 391 1488 414 est
1497 387 1521 403 °'
1536 396 1543 413 :
1561 396 1571 412 ι
1599 387 1641 415 vel
1657 394 1706 422 per
1724 380 1729 386 ’

913 432 1153 467 interrogationem
1190 432 1347 468 legendum,
1376 437 1425 460 aut
1455 433 1604 461 secundum
1632 433 1706 468 leges

913 485 975 513 quae
1002 482 1158 513 congruunt
1184 478 1313 506 humanae
1347 483 1453 507 natura:
1484 479 1704 514 intelligendum.

914 524 1004 559 Atque
1019 523 1056 551 ita
1069 531 1125 552 non
1150 524 1215 558 erit,
1237 532 1286 552 cur
1300 525 1334 552 ab
1350 525 1414 553 ullis
1433 526 1634 560 qutestiouibus
1650 526 1706 554 cir-

915 577 1104 605 cumagamur.

920 627 1085 661 QU/ESTIO
1102 628 1196 656 XCIX.
1212 628 1307 665 [σοῖσι.
1333 629 1458 657 CCLXII.
1483 629 1565 658 Taur.
1585 629 1707 666 CCLIIIJ

76 691 141 717 Edita
152 699 164 716 a
178 689 339 720 Montacutio,
363 696 404 721 ep.
432 689 486 720 181,
505 689 537 714 ad
551 687 674 718 Eulamp.,
691 693 716 717 ρ.
727 684 908 741 gain-eatis
920 685 1128 747 ﬁggpkverba
1147 684 1262 717 discipuli
1278 686 1366 712 Joann.
1382 692 1431 716 xtv,
1451 687 1474 716 5,
1498 692 1553 711 cum
1564 687 1709 718 praceden-

109 776 150 813 Τῇ
165 777 320 811 Δεσποτικῇ
338 776 413 810 φωνῇ
428 776 461 811 τῇ
476 774 607 810 λεγούσῃ,
627 782 636 799 ‹
653 772 742 800 Ὅπου
764 770 848 805 et:th

969 779 982 798 η
995 770 1136 799 Dominieo
1152 771 1199 799 illo
1220 771 1407 806 pronuntiato,
1425 780 1434 797 ι
1445 770 1504 804 Quo
1517 779 1568 807 ego
1583 773 1652 800 vado
1665 773 1708 801 in-

77 824 130 858 ξγὼ
145 823 246 856 οἴδατε,
260 823 308 850 καὶ
320 822 369 857 τὴν
385 821 444 848 ὁδὸν
464 820 566 853 οῐδατέ,
584 829 593 845 ι
609 819 659 846 οὐκ
684 816 865 848 ἁναχόλουθος

76 869 133 896 οὐδὲ
147 867 439 903 τάναντίαφθέγγεται
452 867 469 902 ἡ
482 866 529 893 τοῦ
539 864 663 901 μαθητοῦ
673 863 847 898 ὑποφώνησις
855 869 864 878 '

79 921 87 938 ι
105 913 202 948 Κύριε,
218 913 269 939 οὐκ
297 912 409 947 οἴδαμεν
425 911 478 938 ποῦ
496 911 625 945 ὑπάγεις.
644 909 691 937 καὶ
713 908 771 940 πῶς
785 907 866 935 δυνά-

77 959 145 993 μεθα
161 958 210 994 τὴν
220 958 282 985 ὁδὸν
298 957 421 992 γνῶναι;
440 966 449 983 ι
468 957 506 984 Οὐ
528 956 586 992 γὰρ
601 955 712 988 ἁπλῶς,
728 954 782 981 οὐδ’
795 954 866 981 ἀπο·

75 1006 160 1036 λύτως
182 1004 273 1037 τοῦτο,
299 1004 360 1031 οὐδὲ
381 1003 468 1040 χωρίς
486 1012 559 1035 τινος
580 1001 791 1038 προηγουμένης
804 1000 867 1026 ὑπο·

76 1051 176 1081 θέσεως
195 1050 307 1085 εἴρηται
320 1058 327 1064 ·
343 1050 401 1077 ἀλλ’
416 1050 473 1085 ἔχει
487 1048 705 1084 προηγούμενον,
714 1043 735 1081 ᾧ
745 1047 792 1073 καὶ
804 1055 867 1072 συν-

75 1097 190 1122 ἅπτεται
221 1095 263 1126 τὸ,
300 1104 309 1120 ι
338 1095 423 1122 Πάλιν
446 1095 574 1130 ἔρχομαι,
599 1094 647 1120 καὶ
666 1092 867 1128 παραλήψομαι

77 1143 156 1177 ὑμᾶς.
176 1151 185 1167 ι
202 1140 289 1167 Τοῦτο
303 1141 358 1176 γάρ
373 1141 469 1174 εἰπὼν,
482 1140 662 1167 ἐπισυνάπτει
672 1139 717 1165 διὰ
731 1138 776 1165 τοῦ
786 1158 793 1170 ,
806 1138 866 1170 ἵνα,

76 1188 122 1214 καὶ
142 1188 192 1223 τὴν
209 1188 300 1215 αἰτίαν
316 1188 365 1223 τῆς
380 1187 566 1223 παραλήψεως
583 1188 622 1219 εἰς
636 1186 700 1222 τρία
714 1185 802 1213 ταῦτα
827 1185 869 1212 δι-

76 1234 143 1260 ελὼν
156 1235 244 1269 αὑτήν
259 1242 267 1249 ·
288 1234 330 1266 εἷς
342 1243 373 1261 τε
386 1234 418 1260 τὸ
436 1232 506 1261 εἶναι
519 1234 580 1265 τοὺς
597 1233 733 1268 μαθητὰς,
745 1232 809 1259 ἔνθα
821 1231 869 1259 καὶ

75 1281 88 1306 ό
102 1280 270 1312 Διδάσκαλος
282 1288 289 1294 ·
309 1281 357 1307 καὶ
380 1280 421 1311 εἰς
437 1280 468 1306 τὸ
485 1279 584 1307 ειδέναι
598 1280 666 1306 ὅπου
686 1279 803 1313 ὑπάγει·
821 1278 870 1306 καὶ

76 1327 115 1358 εἰς
130 1327 162 1352 τὺ
179 1326 229 1360 τὴν
242 1326 300 1353 ὁδὸν
313 1326 424 1354 εἰδέναι.
438 1327 507 1362 Φησὶ
523 1326 588 1362 γὰρ,
608 1336 617 1351 ι
637 1326 721 1352 Πάλιν
739 1325 868 1360 ἔρχομαι,

75 1373 122 1399 καὶ
153 1373 351 1408 παραλήψομαι
384 1373 457 1408 ὑμᾶς
480 1373 549 1408 πρὸς
578 1371 709 1407 ἐμαυτόν.
730 1381 739 1397 ι
755 1371 804 1398 Διά
823 1371 869 1404 τίς

79 1429 88 1446 ι
105 1419 168 1446 Ἰνα
194 1421 263 1445 ὅπου
285 1420 344 1454 εἰμὶ
359 1419 426 1454 ἐγὼ,
443 1419 491 1446 καὶ
505 1419 585 1454 ὑμεῖς
599 1416 649 1454 ἦτε
660 1427 667 1433 -
685 1417 734 1444 καὶ
747 1417 790 1444 ἵνα
803 1417 870 1444 ὅπου

76 1466 175 1500 ὑπάγω
191 1466 293 1498 οἴδατε,
312 1465 359 1492 καὶ
374 1466 417 1492 ἵνα
436 1465 485 1500 τὴν
504 1465 563 1492 ὁδὸν
584 1464 675 1491 οῖδατε
691 1472 698 1479 ·
720 1473 729 1490 ι
747 1463 796 1490 τοῦ
808 1464 868 1496 ἵνα,

75 1513 198 1547 δηλωότι
215 1514 275 1544 ταῖς
292 1513 381 1547 τρισὶν
396 1511 508 1544 αἰτίαις,
523 1511 560 1543 ὡς
572 1511 702 1542 πολλάκις
713 1510 803 1542 εῐωθε,
814 1518 872 1537 κοι-

76 1559 286 1594 νοποιουμὲνου.
316 1558 421 1585 Οὐκοῦν
447 1558 488 1591 τὸ,
504 1558 607 1585 εἰδέναι
619 1557 669 1594 τὴν
683 1557 761 1584 ὁδόν·
776 1557 825 1584 καὶ
841 1557 871 1584 τδ

75 1605 142 1631 ὅπου
170 1604 285 1638 ὑπάγει,
300 1603 377 1631 οὔπω
398 1604 492 1638 ἔλεγεν
510 1604 602 1635 αὐτοῖς
615 1603 761 1639 παρεῖναι·
777 1602 872 1638 ὥσπερ

76 1651 137 1678 οὐδὲ
154 1651 196 1683 τὸ,
214 1651 255 1682 εἰς
278 1650 411 1686 οὐρανοὺς
433 1649 508 1684 αὐτῷ
532 1651 653 1677 συνεῖναι
665 1657 673 1665 ⁸
690 1649 748 1676 ἀλλ’
761 1649 801 1681 εἰς
826 1649 873 1676 τὸν

76 1696 122 1723 τοῦ
139 1695 342 1731 ἐπανέρχεσθαι
358 1696 466 1731 καιρὸν.
494 1695 542 1721 καὶ
571 1694 798 1730 παραλαμϐάνειν
822 1695 873 1721 αὖ·

76 1743 152 1774 τοὺς,
180 1741 381 1777 τεταμιεῦσθαι
411 1742 505 1773 αὐτοῖς
526 1741 624 1768 ταῦτα.
641 1741 731 1777 Τριῶν
753 1741 800 1768 οὖν
816 1743 874 1774 τοῖς

78 1789 233 1824 μαθηταῖς,
263 1788 335 1815 κατὰ
347 1789 397 1824 τὴν
413 1788 553 1821 ἐπάνοδον,
579 1779 770 1823 ὗπισχομένων
783 1796 790 1804 ·
805 1788 874 1814 ἀπο-

76 1833 230 1870 θαυμάζων
241 1835 256 1861 ὁ
271 1834 374 1869 Θωμᾶς
385 1834 415 1861 ἰδ
430 1834 547 1870 μέγεθος
573 1835 628 1862 τῶν
646 1835 872 1870 ἐπηγγελμένων,

76 1881 168 1915 ἇτεδὴ
178 1880 247 1915 μηδὲ
259 1880 307 1906 τοῦ
321 1879 462 1912 ἐλάττονός
475 1889 518 1907 πω
535 1882 564 1907 ὲν
578 1881 730 1916 καταλήψει
741 1880 873 1915 γεγονὼς,

76 1927 196 1957 εἰκότως
209 1925 409 1961 διαμφισϐητεῖ
426 1925 486 1958 πῶς
511 1926 541 1953 ἐν
572 1926 684 1962 μεθέξει
711 1927 875 1962 γενήσονται

75 1971 133 1997 τῶν
166 1970 300 2006 μειζόνων
311 1979 319 1987 ’
335 1971 447 1998 ἔλαττον
465 1972 520 2007 γὰρ
543 1973 574 1999 τὸ
597 1973 697 1999 ειδέναι
717 1973 811 2004 ἁπλῶς
823 1973 875 1999 ποῦ

76 2018 138 2044 τόδε
155 2018 252 2050 ἐστὶν,
269 2018 342 2053 ήπερ
364 2018 415 2053 τὴν
443 2018 605 2053 ἀπάγουσαν
617 2019 676 2046 ὁδὸν
689 2018 790 2046 ειδέναι
802 2027 809 2034 ·
829 2019 877 2046 καὶ

75 2063 160 2090 τοῦτο
186 2064 279 2097 πάλιν,
307 2063 355 2090 τοῦ
378 2065 408 2091 ὲν
423 2064 498 2100 αὐτῷ
510 2065 560 2100 ήδη
572 2065 612 2100 τῷ
624 2064 786 2101 ζητουμένῳ
799 2066 876 2100 τόπῳ

916 817 1047 852 telligitis,
1073 821 1101 845 et
1123 817 1197 844 viam
1216 818 1303 846 nostis
1316 817 1349 850 ⁸⁸,
1371 827 1380 843 ι
1396 818 1470 845 nulla
1484 818 1709 854 inconsequentia

916 864 1064 898 reperitur,
1080 863 1122 891 vel
1145 864 1326 892 contrarietas
1350 865 1378 892 in
1401 865 1527 900 discipuli
1551 865 1708 901 subloquio,

919 917 929 934 ι
951 908 1074 942 Domine,
1101 917 1155 937 non
1179 911 1306 938 novimus
1334 919 1390 946 quo
1413 912 1500 945 vadis,
1520 915 1547 938 et
1570 913 1710 947 quomodo

916 955 989 982 viam
1014 962 1180 990 cognoscere
1207 957 1358 992 poterimus
1381 958 1425 984 υτ
1454 967 1464 984 ι
1500 957 1560 984 Non
1583 957 1656 985 enim
1682 957 1710 985 id

917 1001 1087 1036 simpliciter,
1104 1010 1157 1029 non
1172 1002 1313 1030 indefinite
1334 1003 1447 1036 dicitur,
1464 1010 1514 1031 nec
1531 1004 1592 1031 sine
1607 1011 1711 1038 praece-

917 1047 998 1076 dente
1018 1048 1136 1083 quodam
1160 1054 1342 1084 argumento;
1360 1050 1443 1077 habet
1456 1050 1529 1077 enim
1544 1050 1610 1086 quid
1633 1058 1712 1085 pra:-

919 1094 1019 1121 cedens
1033 1094 1077 1121 cui
1099 1095 1283 1127 subnectitur,
1304 1095 1435 1123 nimirum
1459 1096 1548 1123 illud:
1570 1105 1579 1122 ι
1604 1095 1711 1123 Rursus

918 1141 1068 1175 reveniam,
1095 1145 1123 1169 et
1149 1150 1288 1170 assumam
1306 1150 1354 1170 vos
1380 1144 1414 1170 ad
1439 1151 1483 1170 me
1497 1143 1531 1170 “.
1560 1153 1570 1169 ι
1592 1142 1650 1170 Hoc
1664 1143 1712 1170 ubi

919 1186 1037 1220 dixerat,
1051 1188 1172 1215 annectit
1187 1195 1235 1223 per
1250 1188 1304 1220 ἵνα,
1327 1192 1459 1223 tanquam
1478 1195 1589 1215 causam
1603 1195 1713 1216 assum-

919 1234 1022 1268 ptiouis
1037 1234 1180 1269 tripliciter
1199 1234 1372 1262 distributam
1386 1243 1392 1261 :
1409 1235 1510 1269 primo,
1527 1239 1556 1262 ut
1571 1234 1712 1269 discipuli,

921 1279 967 1307 ubi
982 1278 1122 1315 Magister,
1138 1280 1305 1312 consistant,
1323 1285 1352 1307 ut
1367 1284 1535 1315 cognoscant
1549 1288 1604 1315 quo
1617 1280 1712 1313 vadit;

920 1330 948 1354 et
963 1330 992 1354 ut
1006 1327 1159 1361 intelligant
1171 1326 1255 1354 viam.
1267 1327 1312 1354 Ait
1325 1327 1399 1354 enim
1419 1336 1425 1354 :
1444 1336 1453 1353 ι
1471 1326 1579 1354 Rursus
1591 1327 1712 1358 veniam.

921 1377 949 1400 et
965 1380 1105 1401 assumam
1121 1380 1170 1400 vos
1185 1373 1219 1400 ad
1238 1381 1291 1401 me.
1309 1383 1319 1399 ι
1339 1373 1394 1401 Cur
1412 1373 1471 1401 ita?
1486 1373 1628 1407 nimirum,
1652 1383 1661 1400 ι
1679 1373 1715 1401 Ut

923 1418 970 1446 ubi
983 1426 1034 1454 ego
1057 1427 1129 1451 sum,
1147 1424 1175 1447 et
1190 1427 1238 1447 vos
1253 1420 1331 1447 sitis:
1348 1423 1376 1447 et
1391 1427 1447 1455 quo
1463 1420 1561 1447 vadam
1577 1419 1667 1451 scitis,
1687 1424 1716 1446 et

923 1465 996 1493 viam
1009 1466 1085 1493 scitis
1103 1465 1136 1492 ⁸⁷.
1154 1474 1164 1491 ι
1180 1465 1250 1498 Ἵνα,
1267 1469 1295 1493 ut
1314 1465 1471 1501 frequenter
1492 1466 1532 1498 tit,
1549 1465 1636 1493 tribus
1659 1465 1715 1493 illis

922 1513 1015 1540 causis
1041 1512 1257 1540 communicato.
1281 1511 1384 1547 Igitur,
1400 1513 1473 1540 viam
1500 1512 1582 1545 scire,
1609 1516 1637 1540 et
1659 1518 1715 1547 quo

923 1559 1008 1593 vadit,
1026 1559 1075 1592 ait.
1090 1558 1163 1586 haud
1178 1559 1243 1586 dum
1257 1558 1291 1586 iis
1306 1559 1444 1594 cognitum
1463 1566 1469 1586 :
1489 1563 1519 1586 ut
1535 1566 1585 1586 uec
1598 1559 1671 1593 quod
1686 1558 1716 1585 in

923 1606 1002 1634 caelis
1018 1613 1082 1634 cum
1100 1613 1133 1634 eo
1150 1606 1334 1634 versabuntur
1358 1614 1366 1634 :
1383 1605 1430 1634 sed
1445 1606 1504 1633 hate
1520 1605 1640 1640 sepOsita
1654 1612 1717 1633 esse

923 1650 990 1686 ipsis
1007 1651 1119 1686 przemia
1133 1650 1167 1677 ad
1184 1655 1292 1685 tempus
1307 1650 1486 1678 reversionls.
1506 1650 1571 1678 Tria
1584 1654 1649 1678 sunt
1663 1650 1717 1686 igi-

924 1699 970 1722 tur
984 1703 1045 1731 qua
1063 1695 1208 1730 discipulis
1222 1695 1281 1722 suis
1296 1695 1440 1730 pollicetur
1462 1695 1491 1722 in
1509 1695 1599 1722 reditu
1617 1703 1624 1722 :
1642 1695 1718 1722 Tho-

925 1749 996 1774 mas,
1027 1741 1246 1776 magnitudinem
1274 1741 1474 1776 promissorum
1504 1740 1656 1769 admiratus
1690 1745 1718 1768 et

924 1785 1126 1818 excellentiam,
1144 1789 1238 1820 utpote
1248 1785 1295 1820 qui
1311 1793 1346 1812 ne
1363 1786 1476 1812 minima
1494 1786 1574 1820 plane
1594 1794 1718 1821 compre-

925 1831 1044 1859 hendere
1066 1835 1183 1867 poterat,
1214 1832 1392 1867 probabiliter
1414 1832 1557 1861 addubitat
1579 1834 1718 1868 quomodo

927 1878 1078 1912 majoribus
1106 1878 1295 1914 perlruentur.
1320 1878 1388 1906 Nam
1415 1880 1531 1908 omnino
1558 1881 1652 1908 minus
1676 1886 1720 1909 est

926 1925 1088 1960 simpliciter
1117 1925 1188 1953 seire
1218 1925 1263 1954 ubi
1289 1925 1391 1960 aliquid
1413 1930 1465 1959 est,
1487 1934 1570 1961 quam
1586 1927 1657 1954 viatn
1686 1934 1720 1955 eo

928 1971 1084 1999 tendentem
1100 1975 1193 1999 tenere
1211 1980 1217 1999 :
1236 1975 1263 1999 et
1280 1971 1331 1999 hoc
1343 1971 1425 1999 etiam
1443 1972 1535 1999 minus
1554 1980 1637 2008 quam
1653 1973 1720 2000 illud

928 2018 955 2045 in
969 2018 1084 2054 quaesito
1101 2017 1162 2045 loco
1179 2017 1363 2053 acquiescere.
1394 2017 1601 2053 Cousequenter
1619 2026 1719 2053 eapro-

928 2068 989 2099 pter
1003 2063 1157 2098 discipulus
1172 2063 1290 2096 dubitat,
1307 2071 1359 2090 nec
1376 2063 1502 2091 consistit
1515 2064 1548 2091 ad
1565 2065 1721 2099 oppositum

75 2109 250 2138 διαιτᾶσθαι.
274 2110 436 2142 Ἀκόλουθος
451 2109 526 2146 οὖνὴ
547 2111 595 2137 τοῦ
618 2111 742 2146 μαθητοῦ
760 2111 814 2146 διαι

999 2110 1185 2138 iuformantis.
1204 2110 1265 2136 Non
1281 2109 1353 2137 enim
1368 2109 1485 2137 afﬁrmat
1498 2110 1570 2138 viam
1593 2111 1655 2138 illos
1673 2111 1721 2138 ad-

77 2156 229 2191 σὸήτησις,
243 2156 292 2183 καὶ
303 2156 378 2183 οὐδὲν
394 2157 428 2192 τῇ
446 2156 626 2192 διδασκαλικῇ
650 2158 726 2192 φωνῇ
745 2157 873 2192 μάχεται.

76 2203 115 2229 Οὐ
129 2202 187 2238 γὰρ
202 2203 306 2234 ἐκεῖνος
320 2202 369 2237 τὴν
388 2202 447 2230 ὁδὸν
459 2203 559 2235 αὐτοὺς
576 2203 627 2239 ήδη
641 2203 743 2239 ἔφησεν
760 2204 874 2235 εἰδέναι,

76 2248 93 2283 ἦ
109 2248 186 2275 ὅπου
202 2249 315 2282 ὑπάγει,
336 2248 399 2283 ἢτὸ
422 2249 452 2275 ἐν
479 2249 604 2284 οὐρανοῖς
630 2249 704 2285 αὐτῷ
734 2252 873 2277 συνεῖναι”

76 2294 139 2320 ἀλλ’
151 2293 267 2321 ἔσεσθαι
294 2294 387 2326 αὐτοῖς
413 2294 510 2328 ταῦτα,
531 2295 614 2322 ὲπειδ¹
628 2295 661 2323 ἂν
689 2296 772 2322 αὐτοῦ
794 2297 843 2331 μὲν
859 2297 876 2332 ή

76 2339 227 2372 ἐπάνοδος,
242 2339 356 2366 ἐκείνων
371 2340 399 2366 δὲ
414 2340 597 2376 διαπραχθείη
610 2341 801 2377 ἡπρόσληψις.
816 2343 877 2368 Ἐπ-

77 2385 176 2417 habs:
195 2385 217 2412 δ’
233 2385 266 2412 ἂν
277 2385 322 2421 εἴη
334 2385 382 2412 τοῦ
400 2387 549 2420 Δεσπότου,
565 2388 587 2423 ἡ,
602 2388 671 2422 μετὰ
690 2387 736 2414 τὺν
760 2387 877 2423 σταυρὸν

77 2432 129 2458 καὶ
145 2432 199 2467 τὴν
216 2432 367 2459 ἀνάστασιν
390 2432 549 2460 τελεσθεῖσα
568 2435 625 2465 τοῖς
653 2434 789 2470 μαθηταῖς
816 2435 878 2461 ἑπι-

77 2477 185 2510 φάνεια
196 2484 203 2490 ·
218 2476 280 2503 καθ’
295 2477 329 2512 ἣν
343 2477 410 2505 Θεὸν
438 2478 521 2506 αὑτὸν
536 2478 645 2514 ἀληθῶς
674 2479 877 2514 ἐπεγνωκότες,

76 2523 130 2557 τήν
143 2531 176 2549 τε
193 2523 264 2555 ὁδὸν,
278 2523 325 2550 καὶ
337 2521 368 2550 οὗ
384 2525 542 2560 πορεύεται,
560 2525 678 2560 ἔμαθον,
695 2526 743 2552 καὶ
757 2526 800 2552 ὅτι
814 2534 878 2553 συν-

78 2569 194 2596 ἔσονται
209 2570 286 2605 αὐτῷ
301 2572 330 2597 ὲν
345 2571 506 2606 ἁδιηγήτοις
520 2572 653 2605 ἀγαθοῖς,
680 2572 773 2599 οὐκέτι
790 2573 880 2599 διστα-

78 2620 153 2648 γμον
167 2613 254 2651 εἶχον,
267 2616 324 2642 ἁλλ’
340 2616 378 2648 ὡς
394 2617 519 2650 συνόντες
537 2618 587 2654 ήδη
604 2620 663 2649 ταῖς
679 2618 786 2646 ἐλπίσιν
805 2619 880 2655 ἐχαι-

79 2670 141 2695 ρον.
159 2662 197 2689 Ἦ
211 2662 259 2689 οὖν
284 2662 365 2690 τοῦτο
380 2663 456 2699 δηλοί
470 2663 514 2697 τὸ,
532 2673 541 2690 ι
558 2664 642 2692 Πάλιν
652 2665 779 2701 ἔρχομαι,
800 2675 809 2691 ι
832 2666 880 2693 καὶ

79 2706 147 2742 ἑξῆς
160 2716 168 2723 ·
183 2708 201 2745 ἦ
218 2709 290 2736 κατὰ
302 2709 353 2744 τὴν
366 2709 497 2746 δευτέραν
512 2710 594 2737 αὑτοῦ
620 2711 667 2738 καὶ
683 2713 799 2747 φρικτὴν
813 2721 880 2748 παρ-

79 2754 182 2781 ουσίαν
203 2755 335 2784 ἐπάνοδον
351 2765 358 2772 '
374 2757 418 2784 ὅτε
443 2756 491 2783 καὶ
505 2757 554 2792 τὴν
576 2757 646 2791 ὁδὸν,
663 2760 709 2786 καὶ
725 2759 770 2786 τὸν
789 2759 879 2794 μακά-

929 2158 982 2185 huc
999 2162 1106 2190 tenere,
1121 2156 1162 2184 vel
1179 2164 1234 2191 quo
1245 2156 1334 2189 vadit;
1351 2156 1392 2183 vel
1404 2157 1643 2185 conversationem
1660 2165 1722 2185 cunt

928 2203 1003 2232 eoin
1025 2202 1115 2236 cmlis,
1133 2203 1181 2230 sed
1199 2202 1324 2229 futurum
1352 2203 1430 2236 olim,
1457 2203 1514 2230 haec
1530 2203 1598 2237 ipsis
1613 2203 1722 2231 innote-

936 2255 1027 2282 stant,
1056 2257 1118 2277 cum
1143 2253 1296 2277 revertetur
1313 2250 1382 2284 ipse,
1398 2253 1426 2276 et
1444 2250 1595 2284 assumptio
1611 2250 1723 2278 illorum

930 2296 1151 2324 continuabitur.
1176 2295 1225 2323 Est
1236 2299 1326 2322 autem
1341 2303 1483 2330 regressus
1498 2295 1544 2323 ille
1559 2297 1721 2329 sacerdotis,

931 2346 993 2377 post
999 2349 1107 2370 crucem
1119 2346 1145 2369 et
1154 2342 1383 2370 resurrectionem
1393 2341 1512 2377 perfecta
1523 2341 1595 2376 apud
1603 2342 1724 2377 discipu-

931 2388 973 2416 los
984 2388 1143 2423 apparentia
1157 2397 1163 2414 :
1174 2396 1236 2415 cum
1244 2388 1329 2415 Deum
1341 2387 1502 2423 planissime
1517 2387 1561 2414 ille
1570 2395 1722 2423 agnoscen-

934 2439 985 2467 tes,
999 2440 1026 2462 et
1045 2435 1116 2462 viam
1130 2435 1289 2467 didicerint,
1309 2439 1336 2463 et
1350 2442 1406 2470 quo
1418 2435 1491 2462 vadit
1510 2443 1517 2462 :
1533 2439 1560 2463 et
1575 2435 1648 2469 quod
1661 2441 1724 2462 cum

933 2481 993 2516 ipso
1004 2482 1128 2509 mansuri
1146 2481 1203 2509 sint
1218 2481 1246 2509 in
1264 2481 1394 2508 fruitione
1425 2482 1561 2508 bonorum
1581 2482 1737 2508 inenarra-v

934 2527 1046 2561 bilium;
1071 2535 1121 2555 nec
1137 2527 1342 2555 distractionem
1369 2528 1413 2555 hie
1434 2527 1517 2555 ullam
1539 2527 1725 2561 patiebantur,

933 2574 981 2603 sed
996 2582 1050 2602 non
1063 2575 1141 2602 aliter
1152 2582 1234 2610 quam
1253 2574 1276 2602 si
1292 2574 1349 2609 jam
1361 2581 1422 2601 cum
1439 2581 1473 2601 eo
1486 2573 1523 2600 ibi
1535 2577 1723 2605 versarentur,

932 2622 970 2649 ita
989 2629 1038 2657 per
1051 2629 1127 2657 spent
1146 2621 1364 2649 lzetifieabantur.
1385 2619 1504 2648 Omnino
1519 2624 1595 2647 certe
1615 2619 1657 2647 vel
1673 2619 1725 2646 hoc

933 2668 991 2695 vult
1003 2668 1089 2696 illud:
1109 2677 1118 2694 ι
1138 2667 1246 2696 Rursus
1263 2668 1355 2701 venio,
1377 2677 1387 2693 ιι
1405 2667 1448 2694 vel
1472 2673 1629 2702 regressum
1645 2665 1711 2693 intel

936 2713 994 2747 ligit
1006 2714 1033 2740 in
1048 2714 1169 2741 secundo
1184 2713 1271 2748 ipsius
1291 2718 1320 2740 et
1335 2711 1500 2740 formidabili
1518 2711 1646 2744 adventu,
1664 2719 1707 2739 cut

935 2765 962 2788 et
977 2760 1067 2788 locum
1084 2759 1161 2787 illum
1185 2759 1296 2787 beatum
1323 2764 1351 2787 et
1375 2759 1459 2793 viam,
1481 2763 1508 2787 et
1519 2757 1718 2786 oblectationes

124 2834 148 2852 ’³
167 2834 250 2865 Joan.
266 2844 328 2871 vm,
349 2836 395 2865 54.
434 2837 457 2854 “
469 2836 550 2865 Joan.
566 2839 663 2873 nv,4.
702 2840 724 2857 ⁵⁸
745 2839 811 2868 ibid.
829 2841 856 2869 5.
896 2841 918 2858 ⁸⁸
937 2840 1003 2869 ibid.
1023 2840 1050 2868 5.
1088 2839 1110 2856 ⁸⁷
1128 2839 1194 2868 ibid.
1215 2840 1242 2866 4.
