1873 3063
143 132 196 167 6ίὸ

144 192 172 218 in
198 190 306 222 eodem,
334 197 382 225 per
409 193 540 218 aeternum
567 187 687 216 habituri
712 188 768 216 sint
793 187 938 223 experieu-
955 190 976 218 Α

147 238 224 265 tiam.

145 290 311 324 QUASSTIO
330 290 351 318 (Ξ
375 289 470 326 [Coisl.
499 287 641 322 CCLXIII,
676 287 758 315 Taur.
786 286 937 323 CCLXIV].

181 337 235 364 Cur
251 337 360 372 angelus
381 345 432 363 non
450 336 518 372 venit
535 335 572 372 ad
590 334 690 372 .Ioseph
703 339 854 372 antequam
878 335 905 360 in

277 369 470 399 dubitationem
486 371 518 397 de
535 370 642 405 Virgine
655 369 802 396 incideret?

722 129 858 161 PHOTII
872 128 1125 160 PATRIARCH/E
1143 129 1198 158 ΟΡ.

1727 123 1781 156 616

993 194 1051 221 ριον
1067 185 1171 212 ἐκεῖνον
1186 184 1285 220 χῶρον,
1299 183 1348 211 καὶ
1360 183 1417 210 τῶν
1426 169 1544 217 ἐνήαῦτῷ
1557 180 1607 216 τὴν
1620 180 1780 208 ἀπολαυσινο

990 231 1036 258 διὰ
1055 231 1107 267 τῆς
1120 231 1220 266 πείρας
1233 230 1318 265 αὐτῆς
1334 229 1426 262 ἀῖδίως
1441 229 1570 256 εῖσονται.

1273 286 1441 314 ΕΡΩΤΗΣΙΣ
1463 286 1504 312 P'.

991 333 1043 360 Διὰ
1057 334 1085 360 τι
1097 333 1140 368 μὴ
1162 332 1222 368 apd
1241 331 1295 358 τοῦ
1317 330 1426 368 πεσεῖν
1444 331 1499 368 cuii
1517 329 1693 368 Ἰωσὴφ-είς
1714 328 1786 368 ἀπρ-

1023 363 1242 430 ριρινὲπὲρίτῆς
1253 367 1422 401 Παρθένου,
1442 367 1458 393 ὀ
1481 363 1610 401 (im-2.10;;
1623 363 1697 400 ἦλθε
1712 364 1785 398 πρὸς

1026 412 1081 430 αυτ
1102 412 1121 430 ν
1139 411 1148 436 ;

467 458 540 484 Edita
558 465 572 484 a
584 457 743 489 Montacutio,
763 464 803 490 ep.
819 458 873 489 182,
885 458 918 484 ad
928 458 1053 491 Eulamp,,
1065 466 1088 490 p.
1100 458 1216 484 270-2'“.
1231 459 1259 485 In
1271 458 1358 483 Matth.
1376 464 1392 487 I,
1404 456 1444 482 20.

178 513 248 541 Cum
265 512 366 548 Ioseph
390 511 604 547 cogitationibus
624 511 862 539 inextricabilibus
879 511 938 540 dis-

146 560 310 590 traheretur,
338 557 416 585 aliuit
441 562 542 593 pralsto
568 557 683 591 angelus
700 557 813 584 illarum
828 557 938 584 discor-

146 606 220 634 diam
250 604 406 632 sedaturus.
432 601 501 630 Cum
528 601 601 629 enim
627 601 661 629 de
687 605 767 636 partu
791 601 937 635 dubitaret,

145 654 310 686 atquetotus
326 648 522 676 incertitudiue
537 647 691 680 laboraret,
705 655 720 674 e
732 647 859 682 cogitatis
871 647 939 674 satis

145 701 231 732 patet,
251 695 318 730 quid
335 699 449 722 acturus
464 692 615 728 parturiret
631 700 639 719 :
657 701 666 717 ι
685 691 829 726 Cogitabat
847 696 938 718 autem

145 741 300 769 clanculum
314 739 452 767 dimittere
472 738 546 765 illam
562 738 595 765 ⁸⁸.
614 747 624 764 ι
642 737 711 770 Quin
729 744 780 764 nec
803 737 874 764 clam
890 743 941 763 nec

146 787 260 814 omnino
283 785 358 812 illam
383 784 546 817 dimisisset,
572 783 595 810 si
621 788 756 810 tumorem
775 782 853 809 illum
870 781 939 809 uteri

1029 511 1094 539 Ὅτε
1119 513 1160 544 είς
1189 510 1305 547 ἀπορίαν
1333 509 1474 545 λογισμῶν
1500 502 1620 544 κατέστη
1640 508 1655 534 ὁ
1675 507 1786 544 Ἰωσὴφ,

992 558 1053 585 τότε
1066 558 1080 584 ὁ
1095 558 1212 592 ἄγγελος
1227 556 1330 592 ἐπέστη
1341 556 1413 583 λύων
1426 555 1477 591 τὴν
1490 555 1549 591 ἔριν
1563 554 1618 582 τῶν
1629 554 1769 589 λογισμῶν
1778 562 1785 569 ο

992 604 1038 631 ὅτε
1056 603 1112 638 γὰρ
1135 603 1294 638 διηπορεῖτο
1319 602 1386 638 περὶ
1410 601 1448 636 τῷ
1460 601 1543 636 τόκῳ,
1560 600 1608 627 καὶ
1631 600 1788 636 ἀμηχανίας

993 649 1053 681 ὅλος
1066 648 1185 683 ἐγένετο,
1203 646 1282 684 δῆλον
1299 647 1329 681 ἐξ
1343 644 1380 674 ὧν
1397 647 1536 679 διενοεῖτο,
1561 645 1611 672 καὶ
1633 646 1695 672 ὅσον
1710 645 1788 672 οὔπω

994 694 1109 730 πράξειν
1124 693 1235 729 ἔμελλεν
1247 702 1254 709 ·
1275 703 1284 719 ι
1308 693 1459 728 Ἐὃουλήθη
1474 692 1539 728 γὰρ,
1552 692 1629 727 φησὶ,
1641 691 1728 726 λάθρα
1736 691 1788 718 αὒ-

994 740 1044 776 τὴν
1068 740 1225 767 ἁπολῦσαι-
1244 748 1254 765 ι
1282 739 1332 766 οὐκ
1366 739 1399 766 ἂν
1433 738 1495 765 οὔτε
1516 738 1604 773 λάθρα
1635 737 1695 764 οὒτε
1720 737 1788 768 ὅλως

995 785 1136 821 ἐκπέμψαι
1151 785 1312 820 διανοηθεὶς,
1331 785 1355 811 εί
1368 784 1446 811 νόθου
1459 783 1542 819 γονῆς
1563 783 1609 810 τὸν
1626 782 1707 817 δγκον
1723 783 1789 810 ἐπέ-

146 833 180 859 de
203 831 340 860 adulterio
365 835 546 866 procuratum
564 829 721 864 suspicatus
747 828 855 857 fuisset.
873 829 924 856 Cur

1034 839 1091 858 ιστο
1109 831 1160 866 τῆς
1180 830 1301 866 γαστρός
1312 839 1318 846 ·
1338 830 1413 866 νόμῳ
1424 830 1452 857 δὲ
1469 830 1518 857 καὶ
1528 830 1659 865 τιμωρίᾳ,
1685 829 1790 856 δικαιο-

146 879 220 905 enim
250 883 324 906 esset
357 877 472 912 iustitiae
500 884 564 904 cum
592 875 689 911 primis
713 879 821 903 amator
851 875 884 902 ad
902 875 941 902 Ie-

146 933 193 960 ges
219 931 246 952 et.
289 924 454 959 supplicium
482 923 556 950 illam
586 921 805 956 lranscripsisset
831 925 942 956 propter

146 972 212 1000 illud
238 971 381 1006 ﬂagitium.
401 969 581 1005 Nequaquam
598 976 664 996 vero
682 968 735 996 sibi
760 968 812 995 hoc
827 974 942 1003 persua-

146 1024 230 1051 serat,
257 1026 319 1045 cum
349 1023 423 1045 esset
441 1016 612 1043 incredibilis
635 1016 810 1050 desponsata:
827 1014 916 1042 virtus
933 1022 940 1041 :

145 1072 173 1093 et
198 1065 273 1100 proci
289 1071 445 1100 congruens
466 1063 605 1096 custodia,
634 1069 748 1097 pravam
764 1068 875 1088 omnem
892 1068 943 1088 su-

146 1112 295 1147 spicionem
312 1110 484 1142 exeludebat,
509 1109 558 1136 sed
580 1116 631 1136 nec
646 1107 801 1142 intelligere
823 1111 942 1142 poterat,

145 1158 218 1193 quod
236 1157 382 1192 conceptio
399 1164 415 1184 a
429 1155 522 1183 divina
536 1155 697 1191 operatione
709 1159 788 1187 erat;
800 1158 943 1182 transcen-

145 1204 228 1231 debat
252 1203 401 1231 humanam
428 1209 540 1230 omnem
565 1201 761 1236 cogitationem
791 1200 837 1228 illa
860 1200 942 1227 actio.

147 1250 309 1278 Fluetuabat
320 1249 402 1285 igitur
412 1248 626 1284 cogitabundus,
638 1247 703 1282 quid
718 1247 810 1275 facere
820 1247 942 1280 deberet,

147 1296 220 1323 unde
247 1295 369 1330 placeret
396 1293 464 1321 Deo.
487 1293 556 1321 Cum
574 1292 732 1327 bujusmodi
748 1291 870 1319 volveret
885 1295 944 1317 tur-

146 1342 228 1369 batus
253 1339 446 1376 cogitationes,
475 1339 602 1374 angelum
634 1338 661 1365 in
696 1345 754 1364 rem
780 1340 943 1372 prmsentem

147 1387 307 1415 amandavit
323 1385 407 1420 Deus,
424 1385 472 1421 qui
490 1384 654 1412 miraculose
670 1387 807 1411 tumorem
825 1381 902 1409 illum
916 1381 944 1408 in

147 1434 271 1468 virgineo
287 1436 367 1460 utero
395 1431 522 1459 minister
539 1430 652 1463 fecerat,
679 1433 711 1456 ut
735 1429 762 1455 in
785 1427 840 1455 illis
865 1426 945 1455 Jose-

148 1479 232 1514 phum
245 1477 449 1510 constabiliret,
466 1477 492 1503 in
505 1476 609 1512 quibus
628 1474 735 1503 stabilis
751 1475 866 1502 omnino
882 1481 944 1509 per—

149 1508 247 1552 sistere
266 1524 372 1551 debuit.
389 1508 523 1557 Aitlergo.
537 1530 543 1548 :
562 1530 572 1547 ‹
587 1520 627 1549 Ne
642 1521 739 1548 timeas
754 1508 920 1555 accipere“,
932 1528 941 1544 ι
959 1508 981 1540 C

149 1575 202 1598 t-tc.
220 1570 273 1603 'I‘u,
295 1569 434 1604 inquiens,
462 1572 569 1596 secreto
584 1566 707 1595 statuisti
735 1566 808 1602 apud
822 1565 945 1594 animum

149 1616 289 1644 dimittere
304 1615 451 1650 virginem,
472 1614 580 1642 veritus
595 1613 669 1641 illam
690 1611 824 1645 detinere,
840 1619 900 1647 quae
912 1611 947 1638 ab

149 1663 244 1697 ignoto
268 1662 485 1696 imprazgnatur;
513 1667 562 1695 ego
588 1663 614 1687 te
639 1658 722 1692 iubeo
759 1658 834 1685 illam
859 1657 892 1685 ad
920 1661 947 1684 te

149 1715 292 1736 assumere
308 1715 315 1734 :
336 1716 344 1732 ι
361 1714 424 1733 nam
439 1706 510 1741 quod
527 1706 554 1732 in
568 1713 600 1733 ea
621 1709 714 1732 natum
731 1708 785 1737 est,
795 1703 828 1732 de
843 1703 946 1738 Spiritu

150 1757 245 1782 sancto
259 1753 351 1786 est";
368 1762 377 1779 ι
398 1760 449 1780 nec
463 1751 653 1779 tantummodo
666 1751 816 1778 immunem
834 1757 851 1776 a
867 1749 947 1785 culpa

150 1803 334 1836 praegnantem
361 1799 473 1830 statuit,
493 1798 541 1825 sed
564 1797 651 1833 gloria
680 1804 740 1825 eam
765 1800 792 1824 et
815 1795 949 1832 dignitate

151 1845 221 1872 ultra
239 1845 387 1871 humanam
406 1847 533 1870 naturam
554 1843 658 1877 replet:
674 1842 739 1876 quia
753 1841 847 1869 mundi
864 1840 948 1869 totius

150 1891 323 1919 Servatorem
354 1895 381 1917 et
413 1890 616 1924 redemptorem
658 1889 754 1924 gignit.
788 1887 949 1923 Opportune

149 1936 280 1970 quocirca
304 1934 421 1970 angelus
446 1938 473 1962 et
495 1942 548 1961 non
577 1934 654 1969 prius
680 1933 808 1969 apparuit
830 1931 947 1967 Josepb,

152 1986 208 2009 tum
225 1989 288 2009 cum
303 1980 487 2016 cogitationes
511 1980 647 2013 ambigua:
662 1979 810 2007 distraclas
828 1978 868 2006 illi
888 1979 949 2006 red-

150 2028 246 2054 derent
261 2026 459 2060 cogitationes,
484 2033 547 2052 cttm
569 2024 644 2052 enim
659 2024 850 2052 vehementius
870 2024 950 2052 attol-

151 2075 246 2102 luntur
267 2073 378 2106 ﬂuctus,
406 2072 592 2108 tranquillitas
615 2076 658 2100 est
680 2072 897 2107 exoptatissima.
919 2072 949 2100 In

153 2127 186 2147 eo
201 2119 273 2154 quod
299 2118 377 2151 dicit,
411 2127 420 2144 ι
446 2117 567 2145 Uxorem
581 2122 669 2150 tuam,
700 2127 710 2142 ι
737 2117 854 2145 intendit
874 2118 948 2145 illam

153 2166 221 2193 nulli
237 2166 374 2193 addictam
396 2173 404 2192 :
422 2173 472 2193 nec
486 2165 576 2192 visum
592 2172 642 2192 nec
653 2164 849 2199 cogitationem
861 2164 946 2192 alior-

155 2221 214 2239 sum
229 2212 406 2246 impendisse,
433 2211 481 2239 sed
509 2211 604 2238 uxoris
629 2214 732 2238 statum
758 2210 895 2246 integrum
919 2214 946 2238 et

152 2257 313 2285 inviolatum
335 2257 492 2286 custodisse
503 2256 595 2289 docet,
608 2256 646 2284 ita
660 2260 690 2284 ut
704 2263 755 2284 nec
775 2256 868 2283 animo
886 2256 947 2283 vio-

150 2303 248 2331 laverit
270 2304 343 2339 leges
372 2303 554 2338 sponsalium.
580 2301 684 2330 Uxores
706 2310 790 2337 porro
805 2302 898 2330 dicere
912 2302 946 2329 ab

150 2350 263 2384 antiquo
275 2358 326 2377 usu
337 2355 391 2382 est,
408 2357 477 2384 quas
490 2349 632 2377 vinculum
645 2348 774 2384 sponsale
786 2348 876 2376 solum
889 2347 945 2375 col-

148 2395 253 2431 ligavit,
270 2395 333 2423 licet
349 2403 516 2431 congressus
529 2395 588 2430 lege
602 2402 657 2422 non
669 2399 804 2423 servatur.

184 2451 352 2486 QUESTIO
370 2452 403 2480 CI
422 2451 517 2489 [CoisL
533 2451 670 2479 CCLXIV.
692 2451 774 2478 Taur.
794 2450 906 2486 CCLV].

150 2497 220 2530 Quid
246 2498 297 2524 sibi
317 2498 371 2524 vult
387 2505 397 2525 :
426 2508 435 2524 ι
467 2497 573 2524 Vendile
587 2505 645 2532 qua:
670 2498 822 2532 possidetis,
843 2501 867 2524 et
882 2497 945 2523 date

415 2533 585 2568 pauperibus,
609 2543 618 2558 ›
636 2537 690 2560 etc.

994 877 1079 912 σύνης
1094 877 1132 904 ὣν
1148 877 1266 912 μάλιστα
1287 877 1408 912 ἐραστὴς
1423 877 1521 904 θᾶττον
1537 875 1572 903 ἂν
1592 876 1739 912 παρεδίδου
1759 876 1791 903 τὸ

992 923 1122 959 τόλμημα
1135 931 1142 938 ’
1156 923 1224 951 ἀλλὰ
1243 923 1324 950 τοῦτο
1344 923 1394 958 μὲν
1413 924 1462 949 οὐκ
1475 922 1624 949 ἐπέπειστο
1634 931 1641 938 ·
1657 923 1674 958 ἥ
1688 932 1719 950 τε
1733 923 1790 959 γὰρ

992 969 1199 1006 ἀνυπέρὸλητος
1210 970 1296 1006 ἁρετὴ
1313 970 1365 1005 τῆς
1378 969 1593 1005 μνηστευθείσης
1602 990 1610 1003 ,
1624 970 1674 998 καὶ
1687 971 1704 1005 ἡ
1720 970 1790 1005 πρέ-

993 1024 1083 1042 πουσα
1114 1015 1223 1052 φυλακὴ
1251 1015 1299 1042 τοῦ
1331 1015 1488 1051 μνηστῆρος
1509 1016 1600 1043 πᾶσαν
1614 1015 1791 1051 ἀπετείχιζεν

994 1061 1113 1096 ὑποψίαν
1137 1062 1188 1089 οὐκ
1210 1062 1315 1097 εὐαγῆ-
1333 1062 1394 1089 ούδέ
1411 1062 1516 1089 ἐκείνου
1532 1062 1560 1088 δὲ
1580 1062 1663 1089 πάλιν
1680 1062 1791 1089 σύνεσιν

995 1105 1069 1142 εἶχεν
1080 1127 1088 1139 ,
1107 1108 1145 1139 ὼς
1169 1107 1224 1143 ἄρα
1248 1107 1323 1140 θείας
1343 1108 1483 1144 ἐνεργείας
1500 1109 1516 1143 ἡ
1536 1107 1634 1142 κύησις
1650 1105 1701 1143 ἦν’
1718 1107 1792 1143 ὑπὲρ

996 1152 1101 1180 ἔννοιαν
1112 1153 1166 1189 γὰρ
1179 1153 1355 1190 ἀνθρωπίνην
1373 1154 1560 1189 ἐχρημάτιζεν
1575 1155 1591 1189 ἡ
1617 1154 1716 1189 πρᾶξις
1727 1162 1735 1169 ·
1751 1153 1792 1180 διδ

993 1200 1049 1231 τοῖς
1058 1199 1198 1235 λογισμοῖς
1205 1199 1378 1234 ὲκυμαίνετο,
1391 1199 1438 1226 καὶ
1448 1201 1474 1226 τί
1486 1199 1530 1232 ἂν,
1542 1199 1709 1235 διηπορεῖτο,
1719 1207 1792 1234 πρα-

995 1244 1122 1281 ξάμενος,
1138 1245 1173 1272 τὰ
1185 1244 1290 1280 ἀρεστὰ
1306 1245 1423 1280 πράττοι
1435 1245 1475 1281 τῷ
1491 1245 1561 1280 Θεῷ.
1576 1245 1642 1271 Ὅτε
1653 1245 1718 1279 γοῦν
1731 1244 1794 1272 τού-

994 1300 1051 1324 τοις
1065 1292 1201 1319 ἐκλονεῖτο
1216 1292 1274 1323 τοῖς
1297 1291 1450 1327 λογισμοῖς,
1477 1291 1538 1318 τότε
1559 1291 1620 1318 λίαν
1639 1291 1794 1327 ἐπικαίρως

995 1337 1111 1373 ἄγγελον
1122 1338 1231 1373 ἀφῆκεν
1248 1343 1271 1371 P,
1285 1337 1300 1363 ὸ
1313 1339 1346 1373 τῇ
1370 1338 1523 1373 παρθενικῇ
1538 1337 1637 1373 γαστρὶ
1650 1336 1697 1363 τὺν
1709 1337 1795 1371 ὄγκον

995 1383 1228 1420 θαυματουργῶν,
1251 1384 1415 1420 στηρίζοντα
1429 1384 1511 1411 αὑτὸν
1520 1385 1562 1418 ἐφ’
1576 1381 1617 1416 οἷς
1632 1384 1686 1411 ἔδει
1701 1385 1796 1419 μένειν

995 1430 1144 1466 ἅκλόνητον
1173 1431 1220 1458 καί¹
1243 1430 1393 1465 σταθερὸν·
1409 1430 1449 1457 διό
1478 1439 1557 1466 φησι,
1577 1439 1585 1455 ι
1601 1426 1648 1465 Μὴ
1668 1430 1795 1466 φοϐηθῇς

1000 1475 1184 1511 Μραλαὸεῖν,
1203 1485 1212 1501 ι
1231 1476 1279 1502 καὶ
1293 1475 1358 1512 ἑξῆς
1371 1483 1378 1491 '
1397 1485 1406 1501 ι
1430 1475 1467 1502 Σὺ
1483 1476 1543 1510 μὲν¹
1559 1476 1636 1511 φησὶ,
1653 1475 1796 1511 λαθραίως

998 1521 1114 1557 μελετᾷς
1136 1521 1277 1556 ἐκπέμψαι
1287 1520 1337 1557 τὴν
1355 1521 1500 1557 παρθένον,
1516 1531 1526 1547 ι
1538 1520 1632 1553 δεδιὼς
1652 1521 1797 1556 κατέχειν,

996 1567 1031 1603 ἢν
1051 1566 1131 1598 τόκος
1155 1566 1252 1602 ἄδηλος
1267 1566 1324 1602 ἔχει
1336 1575 1342 1582 ·
1363 1567 1419 1601 ἐγὼ
1435 1567 1463 1593 δέ
1482 1566 1536 1603 [σε]
1548 1566 1728 1603 παραλαϐεῖν,
1748 1568 1800 1594 καὶ

997 1613 1074 1649 παρὰ
1086 1613 1192 1649 σεαυτῷ
1202 1613 1275 1648 ἒχειν
1285 1613 1459 1649 προστάσσω·
1480 1623 1489 1640 ι
1501 1613 1590 1650 τὸγὰρ
1600 1614 1629 1640 ὲν
1645 1613 1714 1649 αὐτῇ
1730 1622 1799 1648 γεν-

998 1660 1090 1696 νηθέν,
1107 1660 1140 1687 ἐκ
1164 1659 1326 1695 Πνεύματός
1345 1660 1420 1687 ἐστιν
1438 1660 1535 1695 ἁγίου·
1558 1669 1568 1686 ›
1592 1660 1640 1687 καὶ
1656 1661 1686 1687 οὐ
1713 1660 1799 1695 μόνον

998 1705 1148 1734 ἀνεύθυνον
1167 1706 1217 1742 τὴν
1235 1701 1425 1743 κυοφοροῦσαν
1436 1706 1519 1739 τελεῖ,
1534 1707 1589 1734 οὐδ’
1604 1707 1674 1743 ὑπὲρ
1690 1707 1801 1742 ἄνθρω-

999 1760 1050 1780 πον
1073 1752 1151 1788 δόξης
1168 1752 1218 1779 καὶ
1237 1752 1432 1788 λαμπρότητος
1460 1752 1571 1788 πληροῖ,
1591 1753 1660 1779 ἀλλὰ
1683 1753 1730 1779 καὶ
1748 1753 1799 1780 κό-

1001 1807 1065 1834 σμῳ
1083 1798 1165 1825 παντὶ
1183 1798 1279 1834 Σωτὴρ
1292 1797 1421 1825 ’τίκτεται
1441 1798 1489 1826 καὶ
1512 1798 1664 1834 λυτρωτής.
1690 1798 1799 1826 Εῡκαί-

1004 1853 1058 1880 put;
1076 1844 1132 1880 ἄρα
1145 1845 1176 1871 οὐ
1189 1844 1327 1880 πρότερον
1338 1846 1352 1871 ὁ
1362 1844 1479 1879 ἅγγελος
1491 1845 1666 1880 ἐπιφαίνεται
1680 1845 1720 1880 τῷ
1741 1846 1802 1872 Ἰω-

1001 1890 1066 1926 σὴφ,
1081 1891 1139 1918 ἀλλ’
1152 1891 1197 1917 ὅτε
1207 1891 1288 1919 αὑτὸν
1300 1891 1448 1927 ἀμφίϐολοι
1458 1892 1636 1927 διετάρασσον
1646 1892 1777 1928 λογισμοί
1790 1900 1798 1907 ·

999 1937 1045 1964 ὅτε
1058 1938 1113 1973 γὰρ
1131 1937 1235 1973 σφοδρὰ
1252 1938 1269 1973 ἡ
1287 1937 1367 1973 ζάλη,
1384 1938 1446 1964 τότε
1461 1939 1578 1972 μάλιστα
1589 1938 1703 1974 γλυκεῖα
1715 1939 1732 1974 ἠ
1748 1947 1801 1972 γα-

999 1982 1078 2019 λήνη.
1095 1983 1150 2010 Καὶ
1167 1982 1209 2015 τὸ,
1228 1992 1237 2008 ι
1256 1982 1306 2017 τὴν
1317 1983 1437 2017 γυναῖκά
1459 1992 1527 2010 σου)
1543 1983 1572 2010 δέ
1584 1992 1592 1999 ·
1613 1984 1675 2011 ἀντὶ
1698 1984 1748 2011 τοῦ
1762 1986 1799 2016 P‘,

999 2029 1051 2056 ὅσα
1066 2037 1098 2063 γε
1116 2029 1149 2056 ἐκ
1162 2028 1209 2056 τοῦ
1238 2028 1276 2064 μὴ
1305 2028 1374 2064 πρὸς
1396 2029 1490 2065 ἕτερον
1515 2030 1611 2066 ἄνδρα,
1630 2030 1698 2066 μήτε
1718 2030 1801 2066 δμμα.

1002 2076 1072 2112 μήτε
1088 2075 1218 2111 λογισμὸν
1234 2075 1458 2110 ἐπιδεὸληκέναι,
1473 2076 1543 2103 σῶόν
1560 2085 1601 2103 σοι
1623 2077 1671 2104 καὶ
1683 2077 1800 2104 ὰκαινο-

1001 2122 1118 2157 τόμητον
1131 2121 1180 2156 τὴν
1193 2121 1241 2156 τῆς
1258 2121 1389 2156 γυναικὸς
1420 2121 1629 2158 διατηρήσασαν
1637 2122 1715 2154 τάξιν
1725 2131 1733 2137 ·
1748 2122 1800 2149 καὶ

1003 2167 1063 2202 μηδ’
1079 2166 1188 2202 ἐπινοίᾳ
1207 2166 1329 2194 λύσασαν
1342 2167 1405 2199 τοὺς
1420 2167 1540 2203 Θεσμοὺς
1560 2168 1614 2202 τῆς
1630 2168 1798 2203 μνηστείας.

1000 2212 1108 2244 Ἄλλως
1125 2221 1156 2239 τε
1170 2212 1198 2239 δὲ
1213 2213 1262 2240 καὶ
1277 2215 1412 2247 γυναῖκας
1430 2213 1490 2246 ἔθος
1509 2211 1544 2250 ἦν
1559 2214 1652 2241 καλεῖν
1666 2214 1799 2247 παλαιὸν,

999 2259 1046 2286 καὶ
1076 2258 1109 2291 ἃς
1142 2259 1223 2294 μόνος
1242 2259 1259 2294 ἡ
1283 2259 1333 2294 τῆς
1376 2260 1526 2295 μνηστείας
1560 2260 1659 2296 δεσμὸς
1685 2260 1797 2287 συνεδὲ-

999 2314 1062 2340 σμει
1077 2305 1130 2333 κᾶν
1142 2305 1157 2332 ὁ
1170 2305 1221 2341 τῆς
1232 2305 1340 2341 ὁμιλίας
1364 2306 1460 2339 αὑταῖς
1486 2307 1536 2334 οὐκ
1561 2306 1727 2342 ἐγινώσκετο
1752 2307 1800 2335 νόέ

1000 2361 1062 2386 μσς.

1273 2453 1443 2481 ΕΡΩἸῊΣΙΣ
1464 2454 1528 2481 PA'.

1002 2498 1033 2525 Τι’
1052 2499 1136 2526 ἐστι·
1170 2509 1180 2526 ι
1203 2500 1367 2534 Πωλήσατε
1397 2499 1434 2526 τὰ
1454 2497 1629 2534 ὑπάρχοντα
1651 2497 1701 2525 καί
1727 2497 1801 2525 δότε

1250 2535 1389 2569 πτωχοῖς,
1410 2544 1419 2560 ι
1435 2543 1462 2561 κ.
1482 2543 1507 2560 τ.
1528 2533 1553 2560 λ.

444 2590 516 2616 Edita
533 2598 547 2616 a
559 2589 717 2621 Monlacutio,
738 2596 780 2621 ep.
802 2590 856 2620 187,
869 2589 902 2614 ad
921 2589 1102 2622 Chrislopltor.,
1114 2599 1138 2622 p.
1150 2592 1264 2618 επὶ-286.
1278 2592 1305 2617 In
1319 2592 1377 2616 Luc.
1394 2599 1437 2621 xu,
1452 2591 1490 2615 55.

187 2644 335 2672 ῡιὼίυιιιο
352 2650 378 2673 te
394 2646 565 2681 propositum
579 2646 637 2673 scio
650 2646 714 2673 olim
732 2650 757 2672 et
772 2644 898 2672 acerbius
923 2650 950 2672 et

186 2734 209 2750 ⁸³
229 2734 323 2762 Matth.
340 2743 359 2767 t,
379 2735 422 2763 I9.
459 2735 480 2751 ⁸⁵³
499 2734 622 2762 ibid.20.
663 2735 684 2751 7°
704 2734 771 2762 ibid.

1040 2647 1096 2682 Τὴν
1112 2646 1161 2682 σὴν
1176 2646 1304 2682 ἀπορίαν,
1321 2646 1368 2673 καὶ
1381 2646 1545 2683 πικρότερον
1562 2645 1608 2672 καὶ
1629 2644 1801 2684 διπμύτερον

803 2791 923 2820 VARle
941 2791 1145 2822 LEGTIONES.

190 2853 206 2876 Ρ
216 2849 249 2890 (ἲς.Δ
259 2848 295 2890 M,
311 2849 329 2876 I'.
341 2849 407 2878 157'!|
419 2848 532 2885 ἐφῆκεν.
570 2848 601 2870 1’“
613 2849 656 2877 Ζσ.
677 2849 737 2884 τήν.
