1873 3063
81 167 134 199 617

577 171 626 200 AD
641 167 938 201 AMPHILOCHIUM
953 168 1126 205 QU/ESTIO
1140 170 1171 206 C,
1187 169 1234 199 CI-

1660 172 1713 203 618

79 222 141 250 οἶδα
157 223 224 249 ποτὲ
245 223 384 260 Ἰουλιανῷ
395 224 433 259 τῷ
456 224 604 260 Παραὸάτῃ
623 222 818 258 διεαευασμέν

978 222 1088 250 ilentius
1103 230 1151 258 per
1165 222 1305 250 Julianum
1321 222 1478 258 parabatem
1494 224 1677 258 propositum,
1690 228 1717 254 et

76 269 95 296 ἃ
108 269 177 303 γοῦν
197 269 228 296 ἒν
246 271 303 301 τοῖς
315 270 383 306 πρὸς
398 271 501 297 ἐκεῖνον
515 268 602 302 εἷπον,
623 270 670 297 καὶ
683 268 721 297 ὧν
742 271 758 304 ἡ
775 270 869 305 μνήμη

75 314 130 349 τὴν
142 315 279 350 σωτηρίαν
291 314 359 350 ἔχει,
376 315 461 342 ταῦτα
474 315 506 349 δή
523 323 564 341 σοι
583 315 638 350 ἄρα
654 315 780 350 γράφων,
803 316 872 341 ἀπο-

76 361 192 396 χρῶσαν
205 360 281 395 οἶμαι
293 361 343 396 τὴν
365 361 443 389 λύσιν
467 362 682 397 παρεσχηκέναι.
702 361 814 396 Ἔλεγεν
825 360 872 387 οὖν

75 408 196 437 ἐκεῖνος,
211 406 307 442 ὥσπερ
320 407 551 443 ὲμπανηγυρίζων
563 409 623 439 ταῖς
632 407 703 434 κατὰ
724 407 776 442 τῆς
792 408 871 442 Ἄλη-

76 452 154 483 θείας
169 452 292 487 ὗῦρεσιν,
307 453 454 487 τοιαῦταΊι
475 453 625 480 Ἀκούσατε
639 453 723 480 καλοῦ
736 453 783 480 καὶ
793 453 872 480 πολι-

59 515 61 518 ‹
77 498 156 524 τικοῦ
174 499 420 534 παραγγέλματος·
434 499 584 535 Πωλήσατε
598 499 633 526 τὰ
640 500 807 535 ὑπάρχοντα,
824 498 872 526 καὶ

77 543 139 569 δότε
160 545 281 579 πτωχοῖς
295 552 302 559 ·
319 545 451 580 ποιήσατε
474 545 581 577 ἑαυτοῖς
601 545 731 580 βαλάντια
753 545 791 581 μὴ
817 553 872 572 πα-

77 589 244 623 λαιούμενα’
261 589 364 625 ταύτης
390 590 432 623 τίς
461 591 548 617 εἰπεῖν
571 591 630 626 ἔχει
656 591 872 627 πολιτικωτέραν

76 634 129 668 τῆς
142 634 254 669 ἐντολῆς
267 643 275 667 ;
288 634 319 661 Εἰ
329 635 385 670 γὰρ
400 635 502 668 πάντες
511 644 552 662 σοι
565 636 713 668 πεισθεῖεν,
724 636 766 668 τίς
776 636 872 671 ὁὼνη-

78 680 212 714 αόμενοςς
230 682 338 707 ἐπαινεῖ
360 681 402 713 τίς
429 681 532 716 ταύτην
558 681 608 718 τὴν
634 679 872 718 διδασκαλίαν,ἦς

78 724 290 759 κρατηθείσης,
303 726 334 752 οὐ
353 726 440 758 πόλις,
460 727 509 753 οὐκ
528 726 615 759 ἔθνος,
645 727 696 754 οὐκ
718 727 794 754 οίκία
823 727 872 761 μία

79 770 262 804 ωστήσεται;
283 771 344 802 πῶς
366 771 430 806 γὰρ,
454 771 613 807 πραθέντων
635 772 783 806 ἁπάντων,
798 769 872 805 οἶκος

77 815 190 849 ἔντιμος
214 815 327 843 δύναταί
355 825 394 849 τε,
410 816 427 852 ἢ
445 817 518 844 οίκία
533 823 547 842 ει
561 825 569 850 ς
583 818 614 844 τὸ
633 818 672 850 δὲ,
693 818 733 844 ὅτι
763 818 872 845 πάντων

77 860 149 895 ὁμοῦ
165 861 221 887 τῶν
235 862 264 887 ὲν
277 863 310 897 τῇ
329 862 406 889 πόλει
423 863 669 899 πιπρασκομένων,
685 864 735 890 οὐκ
749 864 782 891 ἂν
796 865 873 899 εὑρε-

78 907 151 934 θεῖεν
171 908 196 933 οἱ
211 907 405 943 ἀγοράζοντες,
426 909 544 944 φανερόν
560 910 634 936 ἐστιν
661 910 708 936 καὶ
729 910 874 945 σιωπώμε-
889 902 911 931 Β

77 962 134 980 νον.
151 962 161 978 ι
176 953 226 979 Διὰ.
238 953 367 980 τοιούτων
380 954 430 988 μὲν
444 953 594 989 λογισμῶν,
609 955 623 981 ὁ
637 955 806 990 Παρασάτης
821 955 872 989 τῆς

79 999 155 1030 θείας
167 998 278 1033 ἐντολῆς
292 1000 504 1032 κατασκεδάζων
517 1001 544 1026 ⁴ι⁴
556 1001 606 1036 τὴν
620 1001 732 1036 χλεύην,
746 1001 831 1027 οἴεταί
845 1009 873 1027 τι

79 1045 163 1079 σοφὸν
185 1045 232 1072 καὶ
248 1047 372 1079 γενναῖον
384 1047 484 1073 ποιεῖν.
505 1046 535 1073 '0
556 1046 584 1073 δὲ
603 1047 652 1082 τῆς
673 1046 816 1081 ’Λληθείας
831 1047 874 1074 λό-

79 1100 137 1125 γος,
150 1087 203 1117 ὧδέ
229 1100 287 1122 πως
311 1092 503 1127 ὲπιρραπίζων
526 1091 557 1118 τὺ
585 1092 767 1128 μειρακιῶδες
791 1092 873 1119 αὑτοῦ

80 1137 128 1162 καὶ
142 1136 246 1171 σαθρὸν
259 1137 316 1163 τῶν
332 1137 419 1171 λόγων
429 1145 436 1151 ·
450 1137 559 1173 πρῶτον
580 1139 630 1173 μέν
645 1147 727 1174 φησιν
742 1138 780 1170 ὡς
798 1138 874 1165 οὐδὲν

81 1182 250 1216 Θαυμαστὸν,
270 1182 294 1208 εἰ
306 1181 341 1208 δι’
360 1180 395 1219 ἦς
415 1183 538 1217 ἐντολῆς,
557 1183 596 1218 τῷ
614 1183 788 1218 σοφρονοῦντι
801 1183 875 1218 μέγα

81 1228 178 1262 ὕψελος
190 1228 374 1264 περιγίνεται,
403 1230 451 1255 καὶ
473 1229 567 1264 θαῦμα
585 1229 672 1263 γλυκὺ
690 1230 760 1265 πρὸς
773 1228 875 1264 ὕμνους

80 1274 215 1309 διεγεῖρον
229 1275 276 1301 τοῦ
291 1275 451 1310 νομοθέτου,
459 1275 504 1302 διὰ
519 1277 568 1311 τῆς
578 1276 663 1311 αὐτῆς
675 1277 689 1303 ὁ
700 1276 874 1312 παραὸάτης,

81 1321 141 1346 ἀντὶ
159 1320 209 1354 μὲν
219 1321 359 1356 σωτηρίας
373 1321 487 1357 βλάϐην,
500 1322 561 1349 ἀντὶ
579 1322 607 1349 δὲ
625 1322 738 1358 κέρδους
761 1322 874 1358 ζημίαν,

83 1368 129 1394 καὶ
144 1367 206 1393 ἀντὶ
219 1367 266 1394 τοῦ
283 1368 364 1403 χάριν
383 1368 482 1395 εἰδέναι
494 1368 528 1396 τὰ
547 1369 696 1405 βλάσφημα
706 1369 797 1403 λέγειν
808 1370 876 1396 ἐαυ-

83 1413 121 1448 τῷ
133 1413 448 1448 προσεπορίσατο.Ἔστι
463 1415 512 1450 μὲν
524 1415 589 1451 γὰρ,
602 1415 677 1443 ἔστιν
687 1416 755 1452 ὁρᾷν
765 1415 796 1442 τὸ
807 1416 876 1450 ἁγα-

85 1459 139 1491 θὸν,
156 1460 210 1486 ὑπὸ
225 1459 276 1494 τῆς
294 1461 360 1495 περὶ
383 1461 449 1489 αὐτὸ
467 1461 521 1487 τῶν
547 1461 698 1497 ἀνθρώπων
718 1462 876 1495 διαθέσεως,

84 1505 141 1531 δυσὶ
167 1505 275 1538 τούτοις
298 1506 579 1542 περιστοιχιζόμενον,
596 1507 713 1544 αἱρέσει,
730 1508 813 1542 Λέγω,
829 1509 877 1535 καὶ

86 1554 158 1588 φυγῇ
175 1560 182 1568 ·
194 1550 234 1580 ὦν
249 1554 266 1588 ή
284 1553 334 1588 μὲν
346 1554 409 1585 τοὺς
424 1555 614 1590 αἱρουμένους,
639 1555 686 1582 ἐπὶ
703 1555 753 1590 τὴν
773 1555 878 1590 ἀμείνω
891 1569 914 1599 α

86 1599 160 1631 τάξιν
173 1599 327 1632 ἀνάγουσα,
341 1599 440 1632 θεατὰς
450 1600 497 1627 τοῦ
517 1600 632 1632 κάλλους
648 1600 689 1627 ἔτι
706 1601 818 1635 μᾶλλον,
831 1601 878 1627 καὶ

87 1645 217 1679 γνησίους
235 1645 355 1680 ἐραστὰς
379 1646 583 1682 ἀπεργάζεται·
601 1647 635 1682 τῇ
661 1646 805 1683 προσθήκῃ
829 1647 880 1682 τῆς

88 1691 115 1717 ἐν
142 1690 248 1727 θεωρίᾳ
273 1691 465 1726 καταλήψεως,
497 1691 658 1728 προσθήκην
685 1692 819 1719 ἐντιθεῖσα
833 1691 881 1719 τοῦ

89 1737 187 1772 ἔρωτος
200 1746 207 1752 ·
225 1738 242 1772 ἡ
257 1737 286 1763 δὲ
301 1738 365 1770 τοὺς
390 1738 519 1771 οἰκείους,
532 1738 570 1769 ὡς
593 1738 764 1773 πορρωτάτω
778 1746 883 1772 συμφυ-

91 1783 251 1817 γαδεύουσα,
273 1785 321 1810 καὶ
347 1784 419 1811 κατὰ
443 1784 574 1819 κρημνῶν
597 1785 646 1810 καὶ
669 1784 812 1811 σκοπέλων
835 1783 882 1810 καὶ

91 1829 191 1864 μυρίας
206 1829 313 1865 πλάνης
327 1830 462 1864 φέρουσα,
479 1831 527 1857 ἆτε
549 1829 581 1866 δὴ
601 1830 718 1865 ἐφάπαξ
742 1831 793 1865 τῆς
814 1829 883 1866 πρὸς

90 1874 118 1900 τὸ
135 1875 237 1908 ἀγαθὸν
256 1874 382 1906 νεύσεως
396 1875 579 1910 διαστήσασα,
599 1876 646 1902 καὶ
668 1875 754 1911 λήθην
773 1875 883 1911 βαθεῖαν

89 1918 134 1946 τοῦ
150 1919 236 1946 καλοῦ
252 1919 394 1954 θεάματος
427 1921 612 1955 ὲμποιήσασα,
629 1920 702 1956 μόνῳ
722 1921 755 1955 δὴ
777 1921 884 1956 χαίρειν

90 1965 126 2000 τῷ
142 1965 192 1999 τῆς
207 1966 312 1997 κακίας
329 1965 448 1998 ὲνεθίζει
467 1966 552 2000 ζόφῳ,
574 1967 620 1993 καὶ
641 1965 757 2000 τυφλοὺς
771 1967 820 2002 οὺχ
836 1964 886 2002 ἦτ-

90 2019 135 2037 τον
158 2011 176 2046 ἢ
197 2011 354 2046 πολεμίους
381 2011 432 2046 τῆς
455 2011 529 2046 σφῶν
555 2011 692 2048 σωτηρίας
715 2012 883 2048 περιίστησι.

92 2056 185 2093 Ταύτῃ
200 2065 242 2083 τοι
264 2058 312 2083 καὶ
331 2057 487 2090 Ἰουλιανὸς,
508 2057 548 2093 τῷ
572 2058 621 2093 τῆς
644 2058 812 2089 ἁποστασίας
824 2059 886 2093 γνό-

92 2110 134 2136 φῳ
148 2101 215 2136 ὅλην
230 2101 280 2136 τὴν
299 2101 391 2136 ψυχὴν
406 2101 603 2136 τεθολωμένος,
615 2102 663 2128 καὶ
684 2101 733 2133 τὰς
747 2101 835 2137 ὄψεις,
849 2103 885 2130 δι’

92 2144 128 2174 ὧν
140 2148 157 2182 ἡ
172 2147 328 2182 κατάληψις
348 2147 396 2174 τοῦ
424 2148 527 2183 κυρίως
546 2147 622 2180 ὄντος
635 2148 822 2184 ἀφῃρημένος,
839 2150 884 2184 ὲχ-

94 2193 158 2229 θρδς
169 2194 218 2221 καὶ
242 2194 374 2228 πολέμιος
397 2195 458 2226 ταῖς
476 2195 515 2225 είς
531 2195 562 2221 τὸ
583 2194 694 2229 ἄριστον
719 2194 886 2230 ἀγαγούσαις

94 2240 216 2272 ἐντολαῖς
239 2240 425 2267 ἐπιδείκνυται
439 2247 446 2254 '
463 2241 493 2272 ὂς
518 2241 577 2268 οὐδὲ
603 2240 770 2276 τηλικαύτης
803 2241 880 2276 ἑφεί-
895 2250 922 2281 Ι)

94 2295 157 2312 σατο
182 2286 363 2312 καθυλακτείν
391 2286 671 2322 παραινέσεως·ἀλλ’
698 2287 738 2318 είς
771 2286 884 2322 μώμους

93 2332 210 2366 ἁπάγειν
224 2332 417 2367 ἐφιλονείκησε
439 2332 488 2367 τὴν
504 2332 604 2364 παντὸς
618 2331 696 2365 ἀξίαν
707 2332 822 2360 ἐπαίνου
838 2333 885 2360 καὶ

95 2378 245 2413 Θαύματος.
258 2379 295 2405 Τὸ
305 2379 369 2414 γὰρ,
383 2388 392 2405 ι
411 2379 558 2414 Πωλήσατε
572 2380 606 2405 τὰ
623 2379 782 2414 ὑπάρχοντα
796 2379 883 2414 ὑμῶν,

95 2424 140 2450 καὶ
153 2424 214 2450 δότε
231 2424 446 2460 ἑλεημοσύνην,ι
460 2424 521 2450 τίνα
533 2424 716 2460 συμπαθείας,
728 2425 788 2452 τίνα
799 2425 827 2452 δὲ
835 2425 884 2460 τῆς

96 2471 162 2505 πρὸς
179 2471 314 2507 ἀλλήλους
332 2471 449 2507 ἀληθοῦς
472 2471 582 2503 εὐνοίας
599 2472 728 2507 ἀφορμὴν
743 2472 863 2499 ἐλλείπει
875 2481 883 2489 ·

96 2516 151 2542 ἀλλ’
167 2517 345 2552 ἐγκράτειαν,
363 2516 431 2543 ἀλλὰ
454 2517 645 2553 σωφροσύνην,
663 2519 704 2550 τίς
732 2519 761 2545 δὲ
784 2519 884 2554 μᾶλλον

95 2563 144 2596 τῆς
169 2562 283 2598 ἐντολῆς
309 2562 412 2597 ταύτης
440 2563 602 2598 φιλοσοφίας
624 2564 802 2597 διδάσκαλος;
818 2565 887 2600 Οὐχὶ

96 2606 123 2633 δὲ
137 2607 248 2635 πάντων
263 2608 317 2634 τῶν
329 2608 435 2641 παθῶν,
448 2609 499 2637 ὅσα
511 2609 617 2636 τίκτειν
632 2607 686 2636 οἶδε
704 2609 734 2637 τὸ
748 2610 884 2646 φιλάργυ-

98 2659 153 2685 ρον,
169 2652 331 2688 ἐλευθερίαν
349 2653 512 2688 χαρίζεται;
528 2653 577 2681 ποῦ
597 2655 650 2689 γὰρ
676 2654 764 2690 κλοπὴ
785 2656 884 2691 φιλαρ-

98 2698 193 2733 γυρίας
203 2699 393 2735 ἀνῃρημένης,
407 2700 459 2726 ποῦ
467 2699 491 2726 δ’
501 2700 615 2735 ἁρπαγή
632 2708 640 2733 ;
653 2701 704 2727 ποῦ
715 2700 743 2727 δὲ
756 2701 883 2737 λῃστείας

925 268 1088 295 meditatum
1107 278 1113 295 :
1135 268 1202 301 Qua:
1219 269 1245 295 in
1270 269 1346 295 illum
1369 269 1516 303 aliquando
1541 270 1675 304 dicebam,
1691 277 1719 300 ct

925 321 987 348 quae
1012 314 1144 341 memoria
1173 319 1277 341 retenta
1307 315 1486 348 conservavi,
1513 315 1606 342 eadem
1632 316 1666 344 ad
1692 324 1719 344 te

925 368 998 388 nunc
1011 361 1172 395 perscripta.
1185 368 1216 387 su
1222 361 1379 390 fticienlem-,
1389 361 1498 396 opinor,
1508 362 1719 396 suppeditabunt

926 406 1101 433 solutionem.
1124 405 1236 434 Dicebat
1251 414 1318 442 ergo
1353 407 1408 440 ille,
1428 407 1608 436 contumelias
1623 409 1718 443 conje-

925 456 1003 480 ctans
1019 452 1045 480 in
1055 451 1214 485 Veritatem,
1226 453 1304 487 quasi
1322 460 1369 487 per
1384 461 1546 488 panegyrem
1564 454 1630 481 ista:
1641 463 1651 480 ι
1661 455 1718 481 Au-

925 497 982 526 dite
996 505 1047 526 vos
1062 499 1234 534 praeclarum,
1251 505 1277 527 et
1297 507 1359 526 cum
1375 496 1517 534 prudentia
1533 500 1641 534 politica
1653 508 1719 529 eon-

921 542 1049 577 junctum
1077 544 1247 572 consilium:
1274 544 1390 572 Vendite
1414 553 1476 579 quae
1500 545 1664 580 possidetis,
1693 551 1721 574 et

928 591 991 618 date
1016 591 1191 626 pauperibus.
1216 592 1378 626 Comparate
1402 591 1479 618 vobis
1502 598 1648 618 crumenas
1666 599 1719 619 non

926 641 1137 664 veterascentes.
1164 636 1265 671 Ecquis
1293 636 1380 670 magis
1406 643 1468 663 eum
1488 635 1582 670 politia
1603 636 1720 671 conjun-

930 687 1004 710 ctum
1017 687 1182 717 prmceptum
1197 682 1324 709 dederit?
1336 682 1386 709 Cui
1405 681 1428 709 si
1443 689 1540 709 omnes
1555 681 1719 716 obtenpera-

926 732 1003 761 rent,
1027 728 1245 763 quotusquisque
1261 732 1378 755 restaret
1399 727 1525 761 emptor?
1539 726 1639 762 Ecquis
1652 728 1723 754 hanc

933 774 1086 802 doctrinam
1100 774 1270 802 laudaverit?
1281 782 1342 809 quae
1355 773 1378 801 si
1395 773 1526 805 obtineat,
1544 781 1599 800 non
1615 774 1721 805 civitas,

928 827 983 847 non
998 828 1080 855 gens,
1099 828 1152 848 non
1177 820 1274 848 domus
1297 819 1468 847 subsisteret.
1484 818 1628 851 Quomodo
1648 817 1720 845 enim

927 865 1074 894 divenditis
1092 870 1119 893 et
1132 865 1272 893 distractis
1287 864 1426 897 omnibus,
1443 864 1543 891 domus
1557 863 1647 898 aliqua
1663 862 1723 890 fue-

925 911 961 938 rit
982 911 1069 946 pretio
1093 911 1272 939 redimenda?
1294 910 1393 945 Liquet
1414 914 1517 942 autem,
1533 909 1596 937 licet
1616 917 1666 937 nos
1681 913 1723 936 ta-

924 964 1053 989 ceamus,
1071 957 1145 992 quod
1168 956 1191 983 si
1215 956 1307 983 omnia
1324 956 1522 988 venderentur,
1538 954 1610 982 haud
1635 948 1722 981 futuri

925 1006 989 1029 sunt
1005 1001 1122 1029 ulterius
1135 1007 1283 1036 emptores.
1308 1009 1318 1026 ι
1345 999 1448 1026 Taliter
1462 999 1620 1027 discursum
1639 999 1720 1027 insti-

925 1052 1005 1075 tuens
1027 1047 1166 1082 parabata,
1191 1047 1348 1074 mandatum
1374 1046 1498 1074 divinum
1521 1045 1639 1073 ludibrio
1676 1052 1725 1073 ex-

925 1093 1013 1128 ponit,
1044 1101 1129 1128 seque
1153 1093 1181 1120 iu
1206 1100 1239 1119 eo
1277 1093 1428 1126 prudenter
1451 1096 1478 1118 et
1498 1099 1628 1126 generose
1649 1095 1724 1119 retur

924 1139 1053 1174 gessisse.
1076 1138 1177 1166 Verum
1199 1138 1322 1166 veritatis
1339 1137 1485 1170 sententia,
1508 1137 1588 1171 quasi
1608 1137 1723 1172 colapho

925 1183 1055 1219 impacto,
1073 1183 1193 1212 adhunc
1209 1183 1319 1211 modum
1337 1183 1467 1218 rejectam
1487 1183 1614 1210 exsibilat
1630 1183 1723 1217 pueri-

925 1230 979 1258 lem
1004 1235 1031 1258 et
1052 1230 1174 1265 putidam
1197 1229 1447 1257 ratiocinationem.
1472 1228 1600 1263 Inprimis
1627 1229 1723 1257 statuit

926 1276 1081 1304 mirandum
1107 1283 1161 1302 non
1188 1283 1267 1307 esse,
1292 1275 1316 1302 si
1344 1278 1509 1309 praeceptum
1537 1274 1622 1306 illud,
1651 1275 1724 1301 unde

926 1322 1017 1358 quivis
1034 1321 1176 1349 modestus
1187 1329 1220 1349 ac
1237 1320 1358 1356 prudens
1383 1320 1528 1347 utilitatem
1544 1325 1724 1355 percepturus

927 1372 980 1401 est,
992 1367 1037 1395 ille
1051 1366 1192 1402 transfuga
1218 1365 1414 1401 nequissimus,
1431 1372 1482 1400 pro
1505 1365 1594 1392 salute
1611 1372 1722 1396 noxam,

927 1422 978 1449 pro
992 1414 1110 1442 utilitate
1125 1413 1264 1445 damnum,
1283 1419 1334 1446 pro
1358 1411 1507 1447 gratiarum
1523 1411 1632 1438 actione
1647 1411 1723 1438 blas~

928 1462 1052 1497 pliemias
1080 1465 1205 1489 eructare
1231 1459 1284 1487 sibi
1312 1458 1465 1494 proposuit.
1500 1457 1724 1485 Animadvertere

929 1509 1002 1536 enim
1022 1508 1084 1535 licet
1098 1507 1200 1534 bonum
1214 1505 1396 1540 quodcunque
1410 1504 1489 1539 juxta
1512 1503 1656 1531 hominum
1680 1503 1724 1530 di-

929 1562 1038 1582 versam
1065 1561 1129 1588 et'ga
1145 1553 1234 1588 ipsum
1260 1551 1488 1586 dispositionem,
1516 1550 1624 1578 duobus
1649 1550 1725 1580 hisce

933 1599 1172 1634 circumscriptum
1185 1617 1193 1630 ,
1218 1598 1350 1625 electione
1372 1596 1502 1623 nimirum
1521 1599 1548 1623 et
1560 1595 1703 1623 aversione
1717 1603 1723 1622 :

931 1652 1049 1681 quarum
1066 1644 1122 1676 illa,
1138 1643 1284 1680 seligentes
1299 1642 1332 1670 ad
1345 1641 1459 1669 meliora
1474 1640 1603 1675 traducit,
1617 1643 1725 1675 specta-

933 1698 1006 1720 tores
1029 1697 1208 1726 quoscunque
1230 1693 1368 1716 amatores
1386 1688 1475 1715 adhuc
1492 1687 1580 1722 magis
1605 1687 1724 1722 majores

933 1741 1056 1772 operata,
1072 1744 1119 1771 per
1132 1735 1312 1770 adiectionem
1329 1733 1485 1761 theoreliere
1500 1731 1726 1767 apprehensionis

934 1791 1054 1811 amorem
1080 1782 1156 1810 illum
1180 1779 1390 1814 accumulando.
1404 1778 1468 1806 ilaze
1478 1783 1569 1805 autem
1585 1785 1651 1805 suos
1664 1777 1725 1804 affi—

935 1838 984 1857 nes
1007 1833 1034 1856 et
1053 1828 1204 1855 familiares
1218 1833 1301 1861 quam
1317 1825 1396 1860 longe
1410 1824 1570 1859 ell‘ugando,
1594 1831 1641 1858 per
1657 1830 1727 1858 prae—

934 1874 1037 1910 cipitia,
1052 1873 1192 1908 scopulos,
1208 1876 1234 1898 et
1249 1871 1371 1898 infinitos
1385 1877 1493 1897 errores
1513 1869 1635 1900 trahens,
1652 1873 1728 1903 post-

935 1928 1018 1956 quam
1043 1920 1127 1948 semel
1150 1919 1186 1946 ab
1217 1917 1393 1944 inclinatione
1415 1915 1450 1942 ab
1477 1916 1578 1942 bonum
1603 1919 1728 1950 separata

935 1966 1030 1999 fuerit,
1053 1969 1081 1993 et.
1099 1964 1262 2000 profundam
1283 1962 1347 1989 boni
1363 1961 1547 1988 animadversi
1563 1961 1727 1988 oblivionem

936 2013 1054 2046 induxit,
1071 2012 1138 2039 solis
1164 2010 1300 2038 malorum
1315 2008 1436 2036 tenebris
1457 2007 1587 2035 obiectari
1604 2006 1727 2035 assuefa-

936 2061 984 2092 cit,
1002 2063 1030 2086 et
1043 2065 1130 2086 cacos
1145 2056 1308 2084 nonminus
1324 2062 1406 2090 quam
1419 2061 1476 2081 suae
1491 2053 1588 2082 salutis
1602 2052 1728 2080 inimicos

936 2105 1036 2133 reddit.
1056 2104 1201 2136 Julianus,
1218 2110 1280 2130 cum
1305 2105 1396 2136 partes
1418 2100 1517 2127 anima:
1540 2099 1660 2134 singulas
1682 2106 1731 2133 per

937 2159 1016 2180 suam
1032 2150 1200 2186 apostasiam
1215 2149 1332 2184 pollutas
1355 2147 1467 2175 haberet
1481 2151 1509 2174 et
1529 2146 1672 2174 obvolutas
1687 2150 1728 2172 te-

940 2198 1043 2229 nebris,
1058 2196 1190 2231 exemplis
1201 2196 1234 2223 iis
1250 2194 1337 2222 oculis
1347 2215 1353 2226 ,
1375 2201 1423 2229 per
1437 2200 1521 2228 quos,
1537 2192 1562 2220 id
1578 2192 1650 2227 quod
1665 2199 1729 2219 vere

936 2243 1071 2275 subsistit,
1085 2243 1249 2272 intueretur,
1266 2241 1368 2267 hostem
1383 2247 1412 2266 se
1424 2238 1545 2265 declarat
1559 2242 1587 2264 et
1601 2236 1729 2272 perduel-

939 2291 991 2318 lem
1009 2292 1106 2316 contra
1118 2288 1163 2315 illa
1180 2290 1330 2322 praecepta,
1354 2291 1416 2319 quae
1436 2283 1470 2310 ad
1491 2282 1592 2317 optima
1614 2289 1730 2317 qumque

939 2335 1088 2363 reformant
1103 2343 1111 2362 :
1128 2341 1178 2360 nec
1198 2332 1307 2360 desistit
1328 2331 1455 2358 allatrare
1475 2328 1600 2364 quamvis
1621 2327 1729 2355 adbibi.

939 2387 992 2408 tant
1007 2379 1236 2410 exhortationem,
1256 2382 1283 2404 et
1297 2376 1370 2412 quod
1390 2382 1482 2402 revera
1496 2372 1574 2400 laude
1587 2380 1620 2400 ac
1639 2372 1728 2399 admi-

940 2427 1046 2454 ratione
1060 2425 1254 2460 dignissimum
1263 2423 1388 2454 habetur,
1403 2421 1519 2448 momice
1532 2418 1727 2447 traducendum

941 2474 1046 2501 statuit.
1061 2472 1129 2499 Illud
1154 2472 1227 2499 enim
1242 2470 1354 2498 cﬂ‘atum
1369 2478 1375 2496 :
1403 2477 1412 2494 ι
1432 2467 1545 2494 Vendite
1568 2473 1629 2500 quae
1647 2466 1730 2492 habe-

937 2519 984 2552 tis,
997 2524 1025 2546 et
1038 2518 1240 2552 elecmosynam
1258 2516 1349 2548 facite,
1371 2523 1380 2540 ι
1399 2514 1425 2540 in
1439 2520 1493 2546 quo
1509 2511 1644 2539 defectum
1659 2511 1730 2545 pati-

937 2570 982 2593 tur
1012 2565 1128 2599 alicujus
1162 2562 1379 2598 compassiouis,
1418 2564 1464 2587 aut
1487 2558 1598 2594 genuini
1627 2555 1730 2584 amoris

938 2612 1080 2640 hominum
1096 2617 1158 2645 erga
1176 2609 1319 2640 homines;
1332 2605 1530 2634 continentiam
1546 2610 1611 2631 vero
1624 2607 1650 2630 et
1663 2606 1731 2629 tem-

938 2656 1088 2690 perantiam
1101 2654 1164 2689 quis
1182 2654 1207 2681 in
1222 2651 1394 2688 philosophia
1406 2650 1546 2684 magister,
1563 2646 1728 2675 luculentius

941 2709 1022 2737 quam
1041 2701 1092 2728 hoc
1106 2704 1270 2736 praeceptum
1296 2697 1394 2726 docet?
1408 2695 1503 2724 Nonne
1517 2695 1660 2731 passiones
1671 2692 1723 2721 illar

743 2810 859 2838 VARl/E
879 2810 1082 2839 LECTIONES.

134 2905 147 2926 ιι
162 2901 192 2929 C.
211 2900 248 2928 Μ.
267 2897 339 2935 οἶκος
352 2901 460 2938 ἔντιμος
474 2900 585 2930 δύναταί
599 2909 625 2928 τι
639 2900 654 2936 ἢ
669 2900 780 2929 δύναταί
792 2901 848 2936 τεὴ
863 2901 946 2928 οἰκία.
988 2900 1017 2926 tt“
1030 2899 1060 2929 ti.
1079 2897 1114 2926 Μ.
1134 2897 1356 2930 κατασκευάζων.
