1873 3063
149 179 204 211 619

722 149 869 206 ‘PHOTII'
883 150 1136 205 ramuscula
1154 175 1209 206 cr.

1737 174 1796 206 62’.)

149 241 264 267 omnes,
287 240 354 268 quas
379 240 474 268 parere
494 233 564 261 solet
578 232 704 265 avaritia,
722 233 862 260 liberrime
886 243 888 258 ς

1057 228 1096 262 οἷς
1123 231 1171 257 καὶ
1199 230 1253 257 τῶν
1285 229 1359 257 ἰδίων
1376 231 1393 266 ἡ
1408 230 1524 266 διανομὴ
1554 230 1796 266 περισπούδαστον

149 280 298 316 plectitur?
309 280 421 314 rapina,
433 280 619 312 latrocinium,
634 283 699 312 etc.,
709 279 757 306 ubi
772 278 944 306 consistent?

149 327 174 355 si
186 333 246 362 qua:
260 325 433 360 possidemus
446 326 568 353 studiose
578 325 737 360 dispergere
749 323 946 352 tolerabimus?

149 372 380 406 concertationes,
409 371 487 404 rixae,
503 371 642 407 pugnandi
658 371 778 399 studium
789 391 796 404 ,
813 370 945 398 continuo

149 422 330 449 evanescunt,
357 417 380 445 si
403 417 506 445 divitiis
522 425 575 445 non
593 425 737 452 parcamus
752 415 919 451 dissipandis
937 422 945 442 :

149 462 269 496 lasciva,
294 463 417 498 prodiga,
435 464 573 491 luxuriosa
597 463 704 491 vivendi
720 463 790 491 ratio
808 471 946 498 nusquam

150 508 302 543 subrepere
325 510 440 544 poterit,
471 510 518 537 ubi
544 510 702 537 dominatur
722 509 895 545 eleemosyna
919 513 948 538 et

149 554 283 589 quidquid
299 559 438 590 superstat
452 555 478 583 in
495 563 575 583 usum
594 563 764 591 pauperum.
781 560 809 583 et
824 555 946 583 necessi-

151 602 222 625 tates
237 598 403 627 alleviandas
416 599 582 634 impenditur
602 608 609 626 :
635 607 698 634 quae
713 607 767 627 non
782 599 885 634 patitur
899 600 948 626 ho-

150 643 253 671 minem
276 644 499 672 oontumeliosius
519 652 550 672 se
572 651 682 679 gerere,
699 648 811 679 propter
832 644 948 672 luxuriae

153 691 307 718 satietatem
327 694 372 717 aut
387 689 502 723 alicujus
517 690 631 718 alterius
645 691 794 724 voluptatis
811 690 883 718 unde
899 697 946 718 so-

150 736 207 764 lent
222 735 365 770 passiones
379 736 431 763 illa
443 735 591 770 pullulare,
605 735 647 763 vel
658 735 843 770 turpitudines
857 739 948 763 tactus

150 781 374 809 accommodatae.
397 779 542 813 Quocirca,
573 780 712 815 quomodo
730 779 789 808 ﬁeri
809 784 900 815 potest
918 782 949 807 ut

150 827 320 858 humanitas.
334 827 492 854 communio
504 827 651 858 bonorum,
668 826 814 861 dispositio
827 827 860 854 ad
873 834 947 854 com-

150 873 341 902 miserandum
353 881 436 907 super
448 878 569 908 egentes,
589 872 723 904 civitates.
736 876 840 907 gentes,
852 872 949 900 domos

997 275 1112 311 ὁρᾶταισ
1132 275 1206 311 ἕρεις
1222 275 1252 302 δὲ
1273 275 1321 302 καὶ
1337 275 1434 310 μάχαι,
1453 275 1501 302 καὶ
1523 275 1697 310 φιλονεικίαι,
1713 277 1745 302 οὐ
1759 278 1798 312 τῇ

997 320 1052 346 τῶν
1067 320 1220 356 χρημάτων
1235 320 1345 355 ἀφειδίᾳ
1359 319 1458 346 αὐτίκα
1479 320 1706 354 συναφανίζονται
1716 329 1724 337 ·
1744 322 1758 347 ό
1771 321 1798 348 δ’

996 365 1148 397 ἀκόλαστος
1170 365 1218 393 καὶ
1237 365 1342 396 ἄσωτος
1357 364 1414 400 βίος
1440 365 1495 400 ἄρα
1519 366 1698 401 παρείσδυσιν
1720 366 1796 400 ἕξει,

997 412 1049 448 τῆς
1068 412 1256 448 ὲλεημοσύνης
1281 409 1496 447 ἐπικρατούσης,
1525 411 1573 438 καὶ
1598 411 1628 438 τὺ
1658 412 1798 447 περισσὸν

999 458 1073 485 ἁπαν
1089 459 1130 490 εἰς
1144 457 1194 494 τὴν
1208 458 1264 485 τῶν
1289 457 1387 485 ἐνδεῶν
1408 457 1662 493 καταναλισκούσης
1683 458 1798 493 χρείαν,

999 504 1047 532 καὶ
1061 504 1112 532 οὐκ
1124 503 1214 540 ἐώσης
1230 504 1271 536 είς
1295 503 1376 539 κόρον
1393 503 1511 539 τρυφῆς,
1530 503 1546 538 ἢ
1562 503 1610 537 τῆς
1631 503 1714 538 ἄλλης
1728 503 1801 538 ἠδυ-

1000 549 1118 581 παθείας
1135 549 1180 576 τὸν
1195 549 1340 584 ἄνθρωπον
1364 549 1528 584 ἐξυϐρίζειν,
1548 549 1581 575 δι’
1595 545 1632 576 ὧν
1650 550 1730 576 εῐωθε
1746 549 1801 576 καὶ

998 594 1034 621 τὰ
1049 594 1115 630 περὶ
1125 593 1198 629 ἁφὴν
1219 593 1385 629 αἰσχρότερα
1404 593 1479 628 πάθη
1503 593 1709 628 παραφύεσοαι.
1729 593 1800 626 Πῶς

999 640 1047 667 οὖν
1061 640 1090 667 τὸ
1104 640 1299 675 φιλάνθρωπον
1325 639 1373 666 καὶ
1397 639 1574 671 κοινωνικὸν,
1590 639 1621 665 τὸ
1649 639 1718 674 πρὸς
1747 640 1800 666 τὸν

1000 686 1075 713 έλεον
1090 685 1145 712 τῶν
1160 685 1346 721 ἠπορημένων
1365 684 1488 720 ἕτοιμον,
1504 684 1671 720 ἀναστρέψει
1682 684 1732 717 τὰς
1744 685 1800 711 πό.

1002 731 1061 763 λεις
1076 731 1124 759 καὶ
1137 731 1172 758 τὰ
1188 731 1264 766 ἔθνη,
1282 731 1329 758 καὶ
1346 730 1395 762 τὰς
1411 730 1499 762 οἰκίας
1511 738 1519 763 ;
1531 730 1590 762 πῶς
1604 730 1633 757 δὲ
1644 731 1661 765 ή
1674 730 1724 765 τῆς
1741 731 1799 766 ἀρ-

1000 777 1120 812 παγῆςῆ
1139 777 1189 812 τῆς
1203 776 1332 812 λῃστείας
1349 781 1360 795 ι’
1374 776 1390 812 ἢ
1406 776 1498 810 πάσης
1508 775 1602 807 ἁπλῶς
1616 775 1724 808 ἀδικίας
1740 777 1795 802 καὶ

1000 823 1161 859 τυραννίδος
1174 823 1320 859 ἀναίρησις
1333 822 1415 857 ’,τῆς
1426 822 1600 858 ἀνθρωπίνης
1615 821 1691 848 ἔσται
1707 830 1799 850 κατα-

1002 867 1106 904 στροφὴ
1120 867 1277 900 πολιτείαςς
1299 867 1330 894 '0
1343 868 1398 903 γάρ
1413 876 1455 894 τοι
1475 867 1524 893 καὶ
1539 866 1594 893 τῶν
1610 866 1709 894 ἑαυτοῦ
1722 875 1799 902 κτη-

150 923 284 949 everteret
307 923 335 947 et
357 918 492 946 familias?
507 918 651 951 Quomodo
665 918 778 952 rapinre,
797 917 889 945 latroci

1059 922 1097 940 ων
1115 914 1187 949 ὑπὲρ
1195 913 1242 940 τοῦ
1256 913 1334 948 κοινῆ
1345 913 1549 945 λυσιτελοῦντος
1564 913 1732 948 ὴφειδηκὼς,
1744 914 1798 941 καὶ

150 966 294 1002 ὶηῙιιειίιιεο
308 969 335 993 et
353 965 505 1001 tyrannidis
522 965 641 992 sublatio
663 964 752 992 civilis
767 971 829 992 esse
850 963 950 999 poterit

150 1011 358 1048 gubernationis
375 1011 539 1039 subversio?
553 1011 623 1038 Nam
640 1010 687 1046 qui
703 1017 753 1045 pro
768 1010 841 1038 bono
862 1009 951 1045 publi-

151 1065 185 1087 co
199 1057 316 1094 propriis
330 1057 388 1085 suis
404 1056 582 1084 facultatibus
599 1064 652 1084 non
670 1056 839 1092 pepercerit,
857 1057 904 1092 qui
921 1056 948 1083 in

151 1103 258 1130 vicinos
276 1102 311 1130 de
326 1101 446 1137 propriis
474 1101 532 1129 suis
558 1101 640 1129 rebus
667 1101 832 1134 contulerit,
855 1101 950 1136 quise

150 1147 338 1177 sublimiorem
361 1147 534 1183 pmstiterit,
548 1154 631 1182 quam
650 1151 682 1175 ut
705 1146 828 1174 materia:
848 1146 949 1175 afllxus

150 1195 331 1225 adliterescat.
350 1193 489 1229 quomodo
512 1193 535 1221 is
551 1201 600 1228 per
613 1194 740 1228 quamvis
756 1193 949 1228 praedictarum

149 1241 311 1277 passionum
337 1240 477 1274 captivum
495 1247 526 1267 se
541 1240 640 1267 abduci
666 1239 804 1274 patietur?
818 1238 876 1268 Imo
898 1246 948 1275 po-

149 1288 220 1321 tius,
242 1295 305 1315 eum
322 1287 357 1314 ab
379 1287 439 1314 istis
454 1286 583 1314 omnibus
598 1293 684 1321 purus
706 1284 801 1317 fuerit,
819 1289 846 1312 et
859 1286 949 1312 omni-

151 1333 235 1361 modo
250 1333 307 1365 illa,
321 1339 384 1367 quae
400 1338 462 1358 vere
479 1331 550 1358 bona
568 1334 644 1362 sunt,
663 1329 714 1357 sibi
731 1329 887 1364 conquirat,
903 1329 950 1363 qui

150 1387 206 1407 non
230 1378 311 1406 modo
335 1377 443 1405 civibus
468 1376 654 1411 indigentibus
678 1375 810 1402 auxilium
836 1375 948 1408 afferat,

151 1425 200 1453 sed
217 1428 245 1452 et
264 1432 313 1459 per
332 1423 468 1459 privatam
490 1422 533 1450 sui
555 1421 641 1457 ipsius
658 1421 905 1452 conversationem.
923 1424 951 1448 et

152 1471 302 1499 maximam
325 1469 484 1505 praestiterit
504 1468 672 1500 utilitatem,
695 1475 728 1496 ac
754 1467 951 1503 pbilosophicae

153 1521 181 1543 et
192 1509 319 1544 sublimis
332 1515 396 1543 vita:
415 1514 580 1550 exemplum.
601 1513 659 1546 llli,
672 1513 719 1548 qui
734 1513 814 1548 quasi
840 1513 950 1548 publica

1001 959 1057 991 τοῖς
1073 958 1189 995 πλησίον
1205 959 1385 995 ἐξιστάμενος
1409 959 1460 994 τῆς
1486 959 1555 991 ἰδίας
1578 959 1721 994 ὡφελείας,
1744 961 1798 987 καὶ

1000 1004 1062 1032 ὅλον
1077 1005 1175 1032 ἑαυτὸν
1189 1005 1355 1041 ὑψηλότερον
1370 1005 1472 1041 φέρων,
1487 1005 1538 1040 τῆς
1557 1005 1623 1039 περὶ
1645 1005 1697 1040 τὴν
1725 1005 1798 1040 ὓλην

1001 1048 1201 1084 προσπαθείας,
1214 1049 1273 1081 πῶς
1289 1049 1323 1076 ἂν
1336 1049 1376 1075 ἐνί
1392 1058 1446 1076 τινι
1466 1049 1521 1076 τῶν
1540 1049 1696 1085 είρημένων
1713 1050 1796 1085 ἁλοίη

1001 1093 1112 1128 παθῶν;
1127 1094 1238 1122 Μᾶλλον
1251 1094 1290 1126 δὲ,
1304 1094 1364 1127 πῶς
1385 1095 1447 1130 οὐχὶ
1462 1094 1566 1122 τούτων
1580 1095 1710 1122 ἁπάντων
1741 1103 1796 1122 κα-

1001 1139 1137 1176 θαρεύων,
1154 1140 1245 1176 ἑαυτῷ
1267 1149 1297 1167 τε
1311 1140 1498 1175 διαφερόντως
1524 1140 1744 1176 καταπράττοιεο
1757 1141 1798 1167 τὰ

1000 1185 1086 1218 ὅντως
1100 1186 1164 1213 ὅντα
1177 1186 1280 1221 ἀγαθὰ,
1299 1186 1349 1213 καὶ
1370 1187 1428 1218 τοῖς
1452 1186 1586 1219 πολίταις,
1606 1186 1636 1213 οὐ
1663 1186 1744 1221 μόνον
1758 1186 1796 1212 δι’

1000 1227 1038 1258 ὧν
1051 1231 1238 1267 έπεκούρησεν
1267 1231 1477 1267 ἀπορουμένοις,
1500 1231 1569 1259 ἀλλά
1591 1231 1639 1258 καὶ
1658 1231 1692 1258 δι’
1709 1231 1798 1259 αὑτοῦ

1001 1277 1061 1304 καθ’
1075 1277 1174 1304 ἑαυτὸν
1192 1277 1392 1313 πολιτεύματος
1422 1280 1493 1313 μέγα
1506 1277 1539 1304 ἂν
1563 1278 1605 1312 εῐη
1620 1277 1716 1312 ὄφελος
1746 1277 1799 1304 καὶ

1002 1322 1155 1358 ὑπόδειγμα
1171 1322 1317 1358 φιλοσόφου
1344 1325 1392 1350 καὶ
1411 1323 1516 1359 ὑψηλοῦ
1534 1323 1594 1359 βίου
1611 1323 1798 1358 προτεθειμέ-

1000 1377 1056 1400 νος.
1079 1369 1126 1395 Ἐκ
1139 1368 1169 1395 δὲ
1184 1368 1314 1395 τοιούτων
1329 1368 1446 1403 ἀνδρῶν,
1457 1368 1537 1395 κοινὰ
1546 1368 1596 1404 μὲν
1608 1368 1644 1394 τὰ
1653 1368 1717 1394 ὄντα
1727 1376 1800 1403 προ-

1000 1414 1142 1446 τιθέντων,
1162 1413 1254 1446 ὲλέους
1267 1414 1296 1441 δὲ
1311 1413 1433 1449 πλήρους
1448 1414 1498 1446 τὰς
1520 1414 1612 1448 δεξιὰς
1634 1414 1799 1450 προτεινόν-

1001 1468 1066 1492 των,
1081 1459 1128 1486 καὶ
1144 1458 1206 1495 βίαν
1233 1459 1284 1495 μὲν
1301 1461 1392 1487 πᾶσαν
1415 1460 1593 1493 ἐλαυνόντων,
1606 1460 1637 1487 τὸ
1648 1461 1753 1487 δίκαιον
1767 1460 1801 1487 ὣ

1001 1505 1155 1541 τιμώντων,
1169 1506 1217 1533 καὶ
1229 1505 1370 1541 συντόμως
1386 1507 1485 1539 είπείν,
1501 1506 1530 1533 ὲν
1547 1506 1597 1541 ῐσῳ
1614 1507 1720 1538 ἑαυτοῖς
1730 1506 1799 1538 τοὺς

153 1562 375 1597 complectuntur
397 1560 499 1593 omnia,
521 1560 568 1595 qui
585 1559 716 1588 dexteras
730 1560 825 1595 plenas
839 1560 892 1588 mis

1061 1551 1117 1579 σίον
1147 1552 1318 1587 ποιουμένων
1329 1559 1336 1567 ο
1353 1553 1370 1587 ἠ
1391 1553 1424 1578 ὲκ
1439 1552 1568 1580 τοιούτων
1603 1552 1706 1588 ἀνδρῶν
1719 1552 1800 1582 πόλις

154 1607 247 1635 cordia
263 1606 400 1638 attollunt,
419 1605 467 1640 qui
483 1605 537 1632 vim
555 1610 583 1631 et
594 1604 753 1631 violentiam
765 1605 893 1632 extermir

1062 1598 1174 1634 ζομένη,
1198 1598 1257 1634 ἄρα
1282 1598 1387 1634 φθορᾶς
1403 1599 1435 1624 ὲκ
1457 1598 1587 1632 γειτόνων
1603 1597 1726 1632 ἔσταιιῆ
1744 1606 1801 1633 μα-

153 1657 280 1683 omnem,
302 1649 349 1684 qui
361 1649 498 1684 justitiam
518 1648 672 1679 honorant,
693 1651 719 1675 et
740 1651 770 1675 ut
787 1655 892 1684 compci

1062 1659 1063 1662 η
1082 1644 1130 1670 καὶ
1141 1643 1203 1670 ὅσαι
1219 1642 1330 1670 πώποτε
1342 1643 1451 1678 συχνοῖς
1463 1643 1536 1670 έτεσι
1555 1642 1605 1673 τὴν
1620 1641 1801 1677 εὐδαιμονίαν

154 1693 262 1727 dicam,
278 1693 325 1728 qui
352 1700 382 1720 se
406 1700 467 1720 eum
495 1691 601 1719 caeteris
629 1691 681 1719 sub
707 1692 767 1727 pari
794 1692 893 1720 conditi

1061 1699 1083 1717 ιν
1103 1689 1374 1725 παραμετρουμένην
1388 1689 1436 1716 καὶ
1460 1689 1564 1716 τούτων
1585 1689 1698 1717 ἀπασῶν
1713 1688 1800 1724 ἀμεί-

154 1741 273 1774 gerunt:
291 1736 338 1764 ubi
354 1744 401 1771 per
422 1735 489 1763 tales
508 1734 638 1763 incolitur
653 1735 745 1770 aliqua
767 1736 874 1770 civitas,

1062 1745 1085 1764 rs
1097 1737 1146 1764 καὶ
1160 1736 1370 1769 διαιωνίζουσαν
1386 1736 1487 1772 μᾶλλον
1499 1736 1548 1772 τὴν
1562 1736 1693 1772 διαμονήν
1705 1744 1736 1763 τε
1749 1736 1801 1763 καὶ

154 1787 285 1818 sequetur
299 1781 432 1809 desolatio
449 1781 601 1808 vicinorum
614 1789 621 1807 :
638 1781 694 1808 imo
709 1781 755 1816 qui
771 1782 868 1809 diutini
883 1786 892 1809 t

478 1781 621 1808 cinerum:
638 1781 694 1808 imo
709 1781 755 1816 qui
771 1782 868 1809 diutini
883 1786 953 1810 tem-
1004 1783 1036 1810 τὸ
1052 1783 1132 1815 κλέος
1149 1783 1216 1816 ἕξει.

154 1829 228 1864 poris
251 1828 381 1857 felicitate
402 1832 467 1856 sunt
483 1827 588 1863 gavisi,
605 1827 730 1856 eamdem
767 1829 891 1857 numeris
912 1829 969 1858 suis
987 1829 1194 1866 perfectionem,
1217 1834 1244 1857 et
1276 1829 1355 1865 longa
1370 1829 1516 1857 duratione
1532 1828 1718 1856 continuatam
1732 1835 1801 1855 cum

154 1875 241 1911 gloria
259 1876 376 1903 trahent.
1434 1883 1437 1885 '

191 1919 293 1948 Verum
308 1921 429 1956 prudens
450 1921 497 1949 ille
511 1921 633 1950 lulianus
645 1929 700 1950 non
716 1922 768 1950 hoc
780 1922 930 1950 intendeba‘

1059 1920 1118 1948 Αλλ*
1139 1920 1153 1946 ὁ
1175 1919 1266 1954 tropos,
1283 1919 1322 1951 ὡς
1336 1919 1433 1952 ἔοικεν,
1454 1918 1598 1950 Ἰουλιανὸς
1618 1918 1649 1945 οὑ
1670 1917 1798 1953 βούλεται

155 1967 187 1991 ut
202 1964 308 1993 videtur
325 1973 332 1991 :
348 1965 422 1993 cives
437 1973 503 1993 suos
520 1967 628 1995 volebat
651 1967 726 2002 gravi
743 1971 770 1994 et
784 1967 852 1995 dura
868 1975 950 1995 manu

154 2010 267 2045 injecta,
287 2011 324 2038 de
346 2011 443 2039 alienis
456 2012 598 2040 laboribus
613 2012 757 2041 facultates
779 2013 831 2040 sibi
855 2014 952 2048 acqui-

155 2064 234 2090 rere,
259 2064 311 2085 nec
333 2065 445 2092 parcere
467 2058 511 2086 vel
531 2058 712 2087 latrocinandi
735 2059 873 2091 audaciae,
897 2066 952 2086 non

157 2100 268 2137 quidem
290 2101 423 2135 insidias,
451 2110 504 2130 non
530 2103 586 2130 vim
611 2108 735 2139 apertam
751 2102 950 2139 subterfugere.

157 2146 236 2180 Quod
252 2146 275 2174 si
287 2155 334 2181 per
349 2147 522 2183 tyrannidem
538 2148 670 2176 insultare
683 2153 816 2184 oporteat,
834 2148 857 2176 si
873 2148 952 2184 quid—

157 2200 241 2228 quam
257 2192 401 2220 Phalaride
415 2194 598 2222 truculentius
610 2199 638 2222 et
658 2194 797 2222 crudelius
815 2194 851 2222 sit
871 2201 952 2230 agen-

1005 1966 1083 1993 τοῦτο
1093 1974 1100 1981 ·
1114 1965 1201 1992 ἐθέλει
1216 1965 1245 1991 δὲ
1260 1964 1323 1996 τοὺς
1339 1964 1421 1991 αὑτοῦ
1443 1964 1556 1995 πολίτας
1580 1964 1658 1999 χεῖρα
1681 1962 1731 1998 μὲν
1747 1962 1801 1998 βα-

1006 2013 1084 2047 ρεῖαν
1097 2009 1303 2046 προὸεσλῆσθαι
1314 2011 1347 2036 ὲκ
1361 2010 1416 2037 τῶν
1427 2009 1577 2044 ἀλλοτρίων
1592 2009 1682 2035 πόνων
1704 2008 1801 2040 αὐτοῖς

1004 2057 1055 2094 τὴν
1070 2056 1229 2093 περιουσίαν
1243 2055 1425 2089 συλλέγουσαν
1440 2057 1463 2088 ⁸,
1480 2055 1518 2091 μὴ
1531 2054 1672 2089 φείδεσθαι
1685 2053 1712 2080 δὲ
1727 2054 1800 2089 μήτε

1005 2102 1154 2140 λῃστρικοῦ
1175 2101 1279 2137 τόλμης
1291 2121 1299 2134 ,
1316 2102 1386 2137 μήτε
1408 2101 1542 2137 λαθραίας
1555 2121 1563 2134 ,
1580 2101 1644 2136 μήτ’
1658 2099 1801 2135 ἐμφανοῦς

1005 2148 1162 2183 ἐπιϐουλῆς.
1183 2147 1264 2174 Ἀλλὰ
1279 2148 1332 2174 κᾶν
1348 2147 1486 2182 τυραννίδι
1503 2146 1645 2174 ἐπιθέσθαι
1659 2146 1730 2172 δέοι·
1746 2146 1801 2173 κᾶν

1004 2194 1155 2230 Φαλάριδος
1171 2193 1312 2229 ὠμότερον
1328 2192 1433 2228 πράξαι
1445 2202 1474 2220 τε
1490 2193 1538 2220 καὶ⁸
1550 2193 1624 2225 δόξαι
1634 2201 1641 2209 '
1660 2192 1713 2219 κᾶν
1728 2192 1799 2219 πάν-

158 2239 236 2270 dum,
260 2237 282 2265 si
303 2237 451 2273 superandi
475 2246 570 2266 omnes
588 2239 622 2266 ab
641 2239 697 2266 ullo
720 2238 842 2266 facinore
870 2238 896 2266 fa

1070 2240 1284 2275 ἀποκρύψασθαι
1301 2239 1364 2271 τοὺς
1387 2239 1434 2266 ἐπὶ
1449 2239 1525 2276 πάσῃ
1550 2239 1636 2274 κακίᾳ
1661 2239 1799 2274 βεϐοημέ-

158 2283 256 2319 gerati,
281 2283 349 2311 nihil
369 2283 483 2311 omnino
504 2284 714 2319 praetermittere
738 2292 786 2312 eos
810 2285 877 2318 vult,
902 2288 950 2312 aut

158 2328 304 2366 diffugere,
327 2334 358 2356 ut
373 2337 430 2357 rem
446 2337 521 2357 suam
540 2329 642 2358 faciant
657 2330 829 2365 ampliorem,
841 2335 871 2357 ut
891 2338 951 2358 orn-

158 2374 265 2410 nigena:
278 2374 426 2410 voluptatis
438 2380 556 2410 segetem
569 2375 736 2410 uberiorem,
749 2381 776 2404 et
793 2376 950 2411 cupiditatis

158 2420 300 2448 materiem
324 2426 484 2456 comparent
505 2425 532 2448 et
545 2422 693 2449 recondant
714 2431 721 2449 :
747 2429 803 2457 quo
825 2423 950 2450 securius

159 2466 289 2503 deinceps
307 2467 426 2495 licentia:
438 2472 550 2502 possent
570 2468 726 2503 indulgere,
748 2468 837 2496 ventri
853 2472 880 2496 et
898 2476 950 2503 pu-

159 2513 256 2541 dendis
272 2513 405 2547 viventes,
427 2514 511 2542 vitam
526 2522 588 2541 cum
606 2514 710 2542 honore
725 2521 758 2542 ac
777 2514 952 2542 aemulatione

160 2560 332 2595 conjunctam
349 2565 376 2588 et
398 2561 561 2596 longissimo
586 2565 675 2588 tractu
692 2561 869 2594 duraturam,
896 2568 950 2588 non

160 2605 242 2633 aliam
254 2613 336 2641 quam
350 2611 511 2641 prteseutcm
525 2606 576 2634 sibi
591 2606 823 2634 circumscribunt
838 2615 845 2633 :
863 2614 951 2641 neque

161 2651 234 2680 enim
258 2652 362 2679 laudari
380 2652 460 2680 debet
475 2652 620 2680 consiliqu
636 2652 714 2684 illud,
736 2660 791 2688 quo
804 2659 852 2688 per
871 2653 953 2680 sedu-

161 2698 215 2726 lam
227 2705 322 2725 curam
342 2697 439 2726 civitas
450 2698 613 2733 aaditicatur,
628 2699 707 2734 cuius
722 2707 829 2727 summa
846 2704 872 2726 et
887 2706 952 2734 pro-

162 2744 244 2772 funda
259 2743 402 2780 prudentia
425 2749 518 2778 gentes
539 2745 678 2777 continet,
703 2750 729 2773 ct
756 2745 852 2772 domos
869 2745 953 2772 stabi-

1005 2295 1078 2319 νους,
1098 2287 1169 2322 ὑπὲρ
1192 2286 1239 2313 τοῦ
1254 2285 1340 2312 πλείω
1358 2286 1393 2312 τὰ
1411 2286 1568 2322 ὑπάρχοντα
1585 2286 1698 2320 ποιῆσαι
1714 2285 1800 2320 μηδὶν

1007 2332 1142 2368 μηδαμῶς
1165 2331 1370 2367 παραιτεῖσθαι,
1390 2331 1428 2362 ὼς
1443 2331 1477 2358 ἂν
1501 2330 1612 2366 ἀπάσης
1636 2330 1734 2366 ἡδονῆς
1752 2330 1801 2357 καὶ

1004 2377 1156 2413 ἐπιθυμίας
1171 2377 1238 2412 ὕλην
1249 2376 1367 2412 ἄφθονον
1378 2377 1485 2408 ἑαυτοῖς
1497 2375 1739 2412 παρεσκευακότες
1751 2375 1801 2401 καὶ

1005 2423 1182 2459 ἀποθέμενοι,
1198 2423 1285 2455 ἀδεῶς
1301 2423 1347 2450 τοῦ
1359 2422 1454 2450 λοιποῦ
1468 2423 1594 2458 τρυφῶσι
1607 2431 1636 2449 τε
1650 2422 1698 2449 καὶ
1710 2429 1801 2448 κατα-

1006 2469 1179 2502 σπαταλῶσι,
1192 2472 1295 2506 γαστρὶ
1311 2469 1359 2496 καλ⁴
1376 2469 1490 2501 αἰδοίοις
1503 2469 1617 2501 ζῶντες,
1632 2468 1680 2495 καὶ
1697 2468 1742 2495 τὸν
1756 2468 1804 2494 εὑ-

1006 2516 1074 2543 κλεᾶ
1088 2517 1136 2543 καὶ
1148 2516 1331 2552 ἀξιοζήλωτον
1347 2515 1415 2551 βίον,
1436 2516 1484 2543 καί¹
1499 2516 1539 2548 είς
1557 2517 1692 2551 μήκιστον
1706 2523 1802 2550 παρα-

1006 2561 1165 2596 τεινόμενον
1179 2561 1285 2598 ιρόνον,
1303 2562 1354 2588 οὺκ
1367 2561 1447 2588 ἀλλον
1464 2561 1522 2588 ἀλλ’
1535 2559 1576 2593 οἷς
1591 2557 1664 2587 οὗτοι
1682 2559 1802 2596 βιοῦσιν,

1007 2605 1221 2642 περιορίζοντες.
1233 2606 1270 2632 Οὺ
1284 2606 1339 2642 γὰρ
1352 2606 1421 2642 καλή
1437 2614 1469 2640 γε
1488 2607 1504 2642 ὴ
1522 2605 1662 2641 συμϐουλὴ
1676 2605 1735 2638 τοῦ,
1750 2606 1803 2637 τὰς

1007 2652 1111 2685 πόλεις,
1125 2652 1158 2678 δι’
1175 2648 1213 2679 ὧν
1228 2651 1379 2687 φροντίζει,
1390 2651 1557 2684 πολίζοντος,
1572 2652 1620 2678 καὶ
1631 2648 1662 2678 οῦ
1673 2652 1690 2687 ἡ
1702 2650 1804 2686 βαθεῖα

1007 2699 1053 2725 καὶ
1068 2698 1175 2734 μεγάλη
1187 2698 1301 2733 πρόνοια
1316 2699 1350 2724 τὰ
1366 2698 1430 2734 ἔθνη
1449 2697 1567 2733 συνέχει,
1584 2697 1694 2729 καὶτὰς
1710 2697 1804 2729 οἰκίας

1009 2745 1177 2781 συνίστησιν,
1203 2744 1232 2776 ὃς
1248 2744 1278 2776 ἐξ
1296 2740 1334 2771 ὦν
1350 2743 1423 2777 ἔδοξε
1450 2744 1550 2778 λέγειν,
1578 2744 1640 2772 ἀντὶ
1665 2744 1715 2779 μὲν
1740 2743 1804 2779 φιλ-

811 2844 928 2872 νΑιιιίΕ
948 2843 1153 2872 ιΕετιοΝεδ.

217 2909 228 2926 ῖ
243 2903 274 2932 C.
289 2903 325 2933 Μ.
354 2903 373 2940 ἠ
391 2903 439 2938 τῆς
455 2902 533 2939 ληπτ.
591 2907 602 2925 ο
617 2902 649 2930 (2.
674 2901 709 2930 Μ.
740 2902 891 2938 ἀναίρεσις.

952 2904 959 2923 ι
981 2901 1024 2930 ισ.
1043 2901 1238 2935 συλλέγοντας,
1255 2901 1286 2930 C.
1303 2900 1338 2930 Μ.
1368 2901 1560 2936 συλλέγουσαν.
