1873 3063
107 123 151 157 621

587 119 642 156 ἈΒ
668 126 967 156 AMPHILOCHIUM
994 128 1167 164 QUAESTIO
1192 129 1240 160 CI.

1671 127 1723 158 622

102 182 260 216 ανθρωπων,
275 180 472 217 φιλαργύρους,
496 181 556 208 ἀντὶ
576 181 604 208 δὲ
621 182 802 217 φιλαλλήλων,
821 183 841 208 ἐι

985 190 997 210 s
1012 181 1087 216 facit,
1109 184 1174 219 qui,
1193 182 1266 219 quod
1286 190 1302 210 e
1324 182 1498 210 sermonibus
1519 181 1606 218 colligi
1623 187 1723 217 potest.

99 227 218 260 δούλους,
234 228 281 254 καὶ
295 228 356 255 ἀντὶ
371 227 534 263 ὲλεημόνων,
546 227 740 264 ἀνελεήμονας,
750 229 808 262 καὶ,
821 238 884 256 συν-

97 274 183 308 τόμως
199 274 298 306 εἰπεῖν,
310 274 371 301 ἀντὶ
387 273 434 300 τοῦ
447 273 492 300 διὰ
504 273 614 300 πάντων
624 274 803 309 ἀρίστους,,ἐν
816 275 884 301 πᾶσι

97 319 242 350 κακίστους
255 317 342 351 εἶναι,
360 319 565 354 εἰσηγούμενος.
582 319 667 354 Δῆλον
684 319 749 355 γὰρ,
765 321 806 347 ὅτι
823 320 884 347 καθ’

98 365 124 391 ὃν
145 365 248 399 τρόπον
262 365 293 391 τὸ
310 365 499 401 ἀφιλάργυρον
520 363 586 400 ἦθος
609 365 807 401 συνεφέλκεται
834 365 884 398 τὰς

95 410 175 442 ἄλλας
199 410 319 446 ἀρετάς·
342 410 429 442 οὕτως
450 411 467 445 ἡ
491 409 661 446 φιλάργυρος
679 411 756 442 νόσος
775 419 884 438 ouvem-

94 456 205 490 σύρεται
222 456 314 483 πᾶσαν
328 456 377 491 τὴν
396 456 515 492 συγγενῆ
533 457 643 484 κακίαν.
654 457 723 483 Ἀλλ’
740 454 798 490 οὖν,
815 457 883 493 ὅπερ

92 501 184 534 ἔλεγον
195 507 220 532 ιι,
232 501 246 527 ὁ
262 501 345 533 καλὸς
359 497 438 533 οὗτος
453 502 484 528 σύ
490 501 615 537 μΰουλος,
630 502 677 529 καὶ
692 503 742 538 τῆς
753 503 883 529 Δεσποτι-

92 547 142 581 κῆς
157 547 270 581 ἐντολῆς
286 547 454 583 χλευαστὴς,
468 547 529 574 ἀντὶ
543 548 590 574 τοῦ
609 547 761 583 βελτίστου,
777 549 812 575 τὰ
827 549 884 584 χεί-

92 600 173 626 ριστα
188 592 254 623 τοὺς
271 591 434 627 ἀνθρώπους
454 591 600 627 αἱρεῖσθαι,
622 593 694 620 κατὰ
715 592 747 620 τδ
770 593 884 620 ἀκόλους

92 628 408 672 Θον,⁶ὑποτιθέμενος,
440 638 502 673 μηδ’
532 638 566 665 ἂν
596 638 686 670 ἄλλως
714 639 881 675 εὐδαιμόνως

91 682 198 717 βιῶσιν,
217 683 287 718 μήτε
303 683 391 716 πόλιν,
409 684 479 718 μήτε
495 683 571 716 ἔθνος
583 704 591 717 ,
610 684 673 720 μηδ’
696 685 794 718 οὶκίαν,
815 693 883 712 κατ-

90 728 300 762 επαγγέλλεται·
313 729 383 756 ἀλλὰ
394 731 463 766 μηδὲ
478 731 622 766 προελθεῖν
638 731 685 758 ἐπὶ
700 732 881 767 μακρότατον,

89 771 112 797 εἰ
127 772 166 806 μὴ
178 772 285 799 ἕλοιντο
301 773 413 808 μᾶλλον,
427 775 489 802 ἀντὶ
503 774 549 802 τοῦ
568 776 657 803 πάντα
670 774 739 802 εἶναι
757 777 881 812 χρηστοὶ,

88 817 120 843 τὰ
139 817 233 845 πάντα
249 816 320 846 εἶναι
336 819 510 853 φαυλότατοι.
525 821 573 853 Et;
586 821 706 848 τοιοῦτον
727 822 812 858 αὐτῷ,
834 824 882 850 καὶ

88 863 204 897 βουλῆς,
220 865 267 890 καὶ
290 864 440 898 πολιτείας,
459 867 644 903 καταστρέφει
659 867 746 900 τέλος,
761 868 792 894 τὸ
809 869 880 896 κατά

87 909 134 943 τῆς
147 909 228 942 Θείας
244 911 354 946 ἐντολῇ,
370 912 483 947 Θράσος,
498 913 546 940 καὶ
561 914 577 950 ἡ
595 914 677 950 ετρων
692 914 819 949 γλῶσσα,
834 915 881 942 κα)⁴

86 954 120 980 τά
137 954 190 990 τῆς
207 956 367 992 ἀνατροπῆς
387 958 457 992 σοφά
472 959 669 994 ἐνθυμήματα·
687 960 776 987 καίτοι
791 969 834 995 γε,
855 962 881 988 εί

88 1001 123 1036 μή
139 1009 168 1027 τι
182 1001 260 1035 ἄλλο,
278 1003 342 1035 τοὺς
356 1004 420 1036 σοὺς
434 1005 528 1036 κύνας.
545 1005 592 1038 οὓς
607 1005 772 1041 ἐθαύμαζες,
781 1007 835 1034 ἔδει
849 1016 880 1034 σε

88 1045 258 1081 μεμνῆσθαι,
275 1047 322 1074 καὶ
337 1048 512 1084 αἰσχύνεσθαι
527 1050 573 1076 τὸν
589 1051 716 1087 Διογένη,
731 1052 780 1079 τδν
793 1052 881 1080 Ἀντι-

87 1091 180 1128 σθὲνη.
197 1092 245 1119 τὸν
260 1093 406 1128 Κράτητα,
432 1095 477 1122 τὸν
502 1095 583 1123 ἀλλον
607 1097 690 1133 χορὸν
702 1097 757 1125 τῶν
774 1098 880 1134 θαυμα-

87 1138 153 1164 σίων
183 1147 234 1165 σου
257 1139 355 1167 κυνῶν.
386 1141 418 1167 0?
447 1142 471 1168 εί
497 1142 543 1168 καὶ
564 1142 604 1178 τῷ
631 1143 806 1180 ἐπιδεικτικῷ
832 1145 880 1171 τοῦ

86 1184 172 1218 ἤθους
199 1185 248 1212 τὸν
276 1186 327 1221 τῆς
352 1186 471 1222 ἀληθοῦς
496 1188 691 1225 ἀκτημοσύνης
717 1192 881 1227 χαρακτῆρα

86 1229 277 1265 ἐκιϐδήλευον·
310 1232 367 1259 ἀλλ’
392 1232 438 1259 οὖν
467 1234 652 1270 μεμισηκότες
679 1235 821 1269 ἐφαίνοντο
850 1237 881 1264 τὸ

85 1275 278 1310 φιλόπλουτον,
303 1277 352 1304 καὶ
365 1277 410 1305 τδν
423 1278 496 1316 λιτδν
513 1279 602 1306 δοκεῖν
619 1281 810 1316 ἀσπάζεσθαι,
833 1282 880 1310 καὶ

86 1321 278 1357 ἀφιλάργυρον
294 1322 351 1357 βίον
367 1323 439 1358 μέγα
451 1325 593 1352 ἐποιοῦντο
604 1333 612 1341 ⁵
625 1326 741 1358 ἐκείνοις
754 1327 837 1362 ἐχρῆν
850 1337 880 1355 σε

87 1366 190 1400 μᾶλλον
203 1367 305 1402 λέγειν,
318 1369 378 1395 ἀντὶ
393 1369 443 1396 τοῦ
459 1370 587 1403 θειάζειν,
602 1371 641 1403 ὡς
659 1373 683 1399 εί
699 1373 800 1406 πάντες
816 1374 880 1408 ὑμῖν

87 1411 245 1438 πεισθεῖεν·
265 1414 315 1440 οὐκ
330 1414 363 1440 ἂν
383 1414 473 1448 ἑονος,
499 1415 530 1442 οὐ
551 1416 646 1450 πόλις,
663 1417 714 1444 οὐκ
729 1418 803 1445 οῑκία
830 1420 881 1455 μία

86 1458 273 1493 συστήσεται·
303 1459 362 1491 πῶς
395 1461 449 1495 γὰρ
479 1460 540 1494 ἔτι,
572 1463 775 1498 μιμησαμένων
807 1465 880 1500 ὑμᾶς

86 1502 218 1549 ἁπάντων
234 1504 398 1540 ἀνθρώπων,
414 1504 488 1537 οἶκος
511 1507 620 1542 ἔντιμος
642 1509 754 1536 δύναταί
773 1519 800 1536 τι
831 1511 879 1538 καὶ
891 1517 914 1549 c

83 1547 174 1580 oixz'a;
189 1548 222 1574 τὸ
235 1549 317 1584 σοφόν
331 1559 378 1577 σου
393 1552 483 1584 τοῦτο,
492 1553 539 1579 καὶ
551 1554 641 1589 πάσης
656 1555 768 1587 ναυτίας
780 1556 878 1591 γέμον,

85 1594 158 1620 κατά
183 1595 233 1630 τῆς
247 1596 360 1631 ἐντολῆς
382 1598 551 1634 ἐπαπόρημα
563 1607 571 1615 ·
589 1600 650 1632 πῶς
669 1599 745 1632 οἶκος
769 1601 880 1638 ἔντιμος

84 1638 200 1666 δύναταί
215 1649 241 1667 τι
265 1641 314 1668 καὶ
329 1642 418 1676 οἰκίας
433 1644 502 1671 ἀλλὰ
519 1645 573 1680 γὰρ
587 1646 658 1679 πῶς,
675 1647 736 1674 ἀντὶ
750 1647 798 1674 τοῦ
813 1648 879 1675 ταῦ-

85 1691 134 1716 τα,
148 1685 208 1716 τοῖς
230 1687 288 1718 σοῖς
309 1687 440 1723 ἐπιτιμᾷν
456 1696 485 1715 σε
501 1690 576 1721 κυσὶ,
596 1690 708 1723 τούτους
727 1692 776 1726 μὲν
794 1692 877 1728 ὑπερ-

85 1729 259 1764 Θαυμάξεις·
284 1731 302 1759 a
318 1732 348 1759 δὲ
366 1732 416 1768 τὴν
441 1734 548 1769 ἀμείνω
572 1735 663 1771 πολλῷ
686 1737 799 1770 τούτων,
831 1739 878 1766 καὶ

83 1774 173 1810 ἀμιγῆ
207 1776 300 1812 πάσης
330 1778 499 1815 μοχθηρίας,
536 1782 688 1817 εἰσηγεῖται
727 1783 876 1817 πολιτείαν,

85 1819 173 1847 ταῦτα
186 1821 216 1848 δὲ
232 1822 267 1848 τὰ
283 1822 362 1856 λόγια
377 1824 530 1860 διασύρεις;
550 1827 576 1853 τε
598 1828 626 1854 δέ
648 1828 696 1855 καὶ
721 1829 768 1855 ἐπὶ
793 1829 876 1865 μόνης

83 1865 133 1901 τῆς
145 1866 323 1900 διδασκαλίας
337 1870 449 1906 ταύτης,
475 1871 506 1898 τὸ
520 1871 601 1908 δριμύ
623 1882 670 1900 σου
688 1874 742 1901 τῶν
760 1875 880 1911 ἐνουμη-

83 1912 190 1945 μάτων,
208 1914 256 1940 καὶ⁸
271 1915 320 1950 τῆς
341 1915 464 1944 ίθυόόλου
489 1918 595 1952 φύσεως
611 1920 640 1946 τὸ
655 1920 725 1955 βαθὺ
743 1921 790 1948 καὶ
802 1922 877 1948 ἔντο-

82 1966 139 1989 νον,
156 1959 305 1993 ἐπεδείξως
319 1961 409 1996 ἠδύνω
423 1963 477 1999 γὰρ
491 1963 526 1990 τὰ
536 1964 606 1991 αὐτά
623 1966 815 2001 ματαιολογεῖν
829 1968 877 1995 καὶ

80 2004 128 2030 ἐπὶ
145 2005 279 2033 πλειόνων
295 2007 394 2036 ἄλλων.
413 2018 422 2034 ι
441 2010 584 2045 Λαμψάτω
604 2011 636 2038 τὺ
659 2012 717 2047 φῶς
731 2013 808 2049 ὑμῶν
828 2014 878 2049 ἔμ-

81 2050 205 2085 προσθεν
217 2052 272 2078 τῶν
285 2053 446 2089 ἀνθρώπων,
464 2056 539 2088 ὅπως
560 2057 635 2085 ἴδωσι
655 2058 689 2086 τά
712 2059 783 2086 καλὰ
800 2060 878 2095 ὑμῶν

79 2095 160 2130 ἔργα,
176 2098 225 2124 καὶ
240 2098 375 2132 δοξάσωσι
390 2101 435 2128 τὸν
452 2102 561 2138 Πατέρα
590 2104 668 2139 ὑμῶν
681 2105 728 2132 τὸν
744 2106 773 2132 ὲν
792 2107 875 2142 οὐρα-

80 2142 149 2173 νοῖς.
163 2151 173 2168 ι
185 2143 290 2170 ’Δλλ¹εί
303 2145 404 2178 πάντες
418 2146 599 2182 ἐκλάμψουσι,
608 2149 681 2182 τίνες
698 2151 721 2177 oi
731 2150 875 2186 ὀψόμενοι,

935 235 986 262 pro
997 228 1124 257 homines
1137 229 1292 257 amantibus
1301 229 1406 263 argenti
1420 228 1563 256 substituit
1575 233 1724 261 amatores,

934 280 984 308 pro
1008 278 1103 301 mutuo
1132 281 1226 302 amore
1250 273 1383 305 insidias,
1406 280 1456 308 pro
1485 273 1725 301 commiseratione

935 319 1204 352 immisericordiam,
1220 323 1248 347 et
1262 319 1380 346 breviter
1397 323 1426 346 ut
1440 319 1591 353 expediam,
1610 327 1659 354 pro
1676 327 1726 355 op-

934 365 1002 393 timo
1028 366 1178 401 pessimum
1209 373 1301 393 rerum
1324 369 1425 392 statum
1458 365 1617 392 introducit.
1649 365 1726 393 Patet

934 411 1020 443 enim,
1037 412 1110 447 quod
1128 411 1361 446 quemadmodum
1387 411 1422 438 ab
1441 411 1553 438 avaritia
1573 411 1726 439 abhorrens

934 456 1051 484 virtutes
1067 464 1164 484 omnes
1185 455 1338 488 contrahit,
1363 455 1401 483 ita
1420 460 1446 482 et
1469 456 1590 483 avaritia:
1613 456 1726 484 morbus

934 501 1044 530 afﬁnem
1071 506 1099 530 et
1122 509 1300 537 congenerem
1326 501 1527 536 improbitatem
1550 509 1658 529 onmem
1683 509 1726 530 se-

934 555 997 576 cum
1014 547 1108 575 trahit.
1126 547 1214 582 Atque
1229 547 1276 581 ita,
1293 547 1365 582 quod
1383 547 1517 579 dicebam,
1534 546 1658 582 egregius
1674 547 1726 574 iste

934 593 1126 626 consiliarius,
1149 593 1281 620 Dontinici
1297 593 1424 628 praecepti
1448 592 1565 625 irrisor,
1589 591 1635 627 qui
1657 599 1726 626 pra:-

934 639 1008 666 clara
1024 646 1142 674 qumque
1157 645 1303 674 suggerere
1316 638 1419 670 debuit,
1431 638 1550 672 pessima
1568 637 1726 666 hominibus

933 684 1059 719 eligenda
1089 684 1184 718 offert,
1210 685 1248 711 ita
1269 687 1299 711 ut
1320 683 1392 711 haud
1409 683 1487 710 aliter
1507 691 1569 711 cum
1598 682 1727 710 felicitate

933 729 1041 762 vivere,
1056 734 1111 756 non
1125 727 1220 756 urbem
1231 747 1239 761 ,
1262 732 1386 763 gentem,
1412 727 1525 755 domum
1546 728 1726 759 constituero,

934 782 995 810 qua:
1010 774 1170 807 consistent,
1188 774 1313 809 possint:
1335 774 1391 801 imo
1413 774 1504 802 nullos
1526 774 1639 801 omnino
1661 781 1726 808 pro-

934 825 1045 853 gressus
1060 819 1161 851 facere,
1187 818 1210 846 si
1228 826 1294 850 non,
1310 819 1357 854 qui
1373 818 1508 847 debebant
1528 819 1651 847 omnium
1666 826 1728 847 esse

933 864 1044 900 optimi,
1069 864 1180 899 pessimi
1206 865 1330 892 omnium
1356 864 1444 892 velint
1468 872 1540 892 esse.
1567 863 1627 892 Huc
1652 864 1727 893 enim

932 914 1036 945 spectat
1050 910 1138 945 ipsius
1157 914 1183 938 et
1207 910 1353 938 consilium
1369 914 1397 938 et
1412 910 1505 945 politia
1516 931 1523 943 ,
1548 917 1596 945 per
1608 910 1728 938 insolen-

933 955 997 982 tiam
1012 959 1107 982 contra
1120 955 1278 983 mandatum
1294 955 1430 988 divinum,
1443 963 1492 990 per
1507 955 1607 991 linguae
1621 955 1727 990 diasyr-

931 1008 992 1028 mos
1009 1005 1036 1028 et
1057 1001 1203 1036 praeclaras
1220 1001 1425 1029 conclusiones.
1444 1000 1508 1033 Sed,
1527 1001 1564 1028 mi
1587 1001 1681 1032 homo,
1702 1002 1726 1028 si

932 1051 1023 1074 tamen
1045 1045 1114 1073 nihil
1129 1045 1215 1078 aliud,
1233 1053 1317 1074 canes
1332 1046 1394 1073 illos
1409 1049 1481 1078 tuos,
1497 1053 1567 1081 quos
1583 1046 1624 1073 sic
1638 1045 1728 1078 admi-

931 1092 1013 1124 raris,
1029 1091 1190 1126 Diogenem,
1204 1092 1406 1125 Antisthenem,
1424 1092 1574 1125 Cratetem,
1596 1096 1726 1120 caeteros-

931 1146 984 1173 que
1001 1137 1132 1173 prmclaro
1145 1137 1192 1164 illo
1206 1145 1349 1171 consessu,
1374 1137 1494 1166 recolere
1508 1141 1535 1166 et
1549 1138 1725 1166 verecundari

931 1184 1077 1212 debueras.
1093 1182 1133 1210 Illi
1159 1187 1298 1219 utcunque
1323 1191 1371 1219 per
1398 1191 1497 1212 vanam
1514 1184 1725 1215 ostentationem

931 1238 1003 1258 vera:
1018 1231 1189 1266 paupertatis
1204 1230 1392 1258 characterem
1407 1230 1597 1258 adulterahant
1613 1239 1620 1257 :
1636 1235 1726 1258 tamen

932 1283 1053 1303 amorem
1071 1276 1229 1303 divitiarum
1247 1275 1465 1308 detestabantur,
1491 1283 1552 1304 cum
1571 1276 1654 1303 videri
1670 1277 1726 1303 vcl-

932 1321 989 1350 lent
1019 1321 1146 1356 amplecti
1176 1321 1285 1356 inopem
1314 1325 1340 1348 et
1365 1321 1515 1349 immunem
1548 1321 1582 1349 ab
1611 1322 1726 1350 avaritia

932 1368 1006 1395 omni
1027 1368 1121 1395 vitam.
1142 1367 1221 1402 Apud
1235 1367 1297 1395 illos
1310 1372 1430 1403 poteras,
1445 1374 1514 1402 quos
1528 1367 1639 1400 adoras,
1658 1367 1726 1395 eﬂ'u-

932 1415 984 1441 tire
999 1414 1161 1449 praeclarum
1179 1413 1245 1441 illud
1268 1418 1344 1442 tuum
1363 1413 1577 1449 apopltthcgma,
1593 1415 1615 1442 si
1629 1422 1726 1442 omnes

931 1459 1030 1487 vellent
1053 1459 1131 1487 vobis
1147 1459 1347 1494 obtemperare,
1371 1467 1426 1487 non
1444 1459 1533 1487 adhuc
1548 1467 1624 1494 gens.
1649 1460 1725 1491 urbs.

931 1504 1030 1532 domus
1052 1505 1225 1532 subsisteret.
1260 1503 1322 1532 Haec
1347 1509 1387 1532 est
1401 1505 1473 1532 enim
1495 1504 1541 1532 illa
1559 1510 1605 1532 tua
1621 1505 1724 1532 vomitu

933 1550 1061 1579 futdanda
1080 1551 1112 1578 ad
1136 1555 1301 1586 prmceptum
1328 1551 1458 1586 qua‘stio,
1482 1550 1527 1578 illa
1549 1553 1680 1586 praeclara
1697 1555 1726 1578 ut

933 1597 1040 1625 videtur
1064 1597 1124 1624 tibi.
1141 1595 1282 1630 Quomodo
1307 1597 1404 1625 domus
1420 1597 1462 1625 vel
1486 1597 1617 1626 habitatio
1635 1596 1726 1625 subsi-

933 1643 1002 1671 stet?
1015 1643 1068 1670 Sed
1082 1647 1121 1676 tu,
1132 1643 1178 1678 qui
1191 1643 1249 1670 hac
1258 1643 1372 1671 canibus
1380 1643 1434 1671 tuis
1449 1642 1569 1678 objicere
1579 1643 1722 1676 debueras,

933 1690 994 1717 illos
1008 1689 1171 1721 admiratus,
1190 1689 1302 1716 oracula
1319 1693 1409 1717 autem
1437 1689 1481 1716 illa
1508 1689 1599 1716 divina
1623 1689 1724 1717 derisui

934 1736 1027 1769 habes,
1045 1743 1105 1771 quae
1118 1735 1197 1770 longe
1213 1735 1354 1762 meliOrem
1367 1734 1476 1762 vivendi
1492 1734 1625 1762 rationem
1650 1739 1679 1761 et
1690 1734 1725 1760 ah

933 1781 1105 1816 improbitate
1124 1780 1315 1808 abhorrentem
1345 1781 1533 1808 introducunt.
1559 1779 1629 1813 Quid
1660 1781 1725 1808 est9

933 1822 1005 1862 quod
1020 1828 1045 1855 in
1062 1827 1141 1854 istam
1158 1827 1347 1855 tantummodo
1364 1826 1517 1855 doctrinam
1533 1827 1724 1855 conclusiones

932 1878 986 1900 tua:
1009 1872 1161 1900 virulentiaa
1186 1873 1324 1905 intendas,
1340 1877 1367 1900 et
1387 1873 1574 1908 dispositionis
1593 1872 1725 1907 improbae

929 1918 1020 1954 jacula
1040 1919 1149 1947 incussa
1168 1918 1302 1946 violenter
1329 1918 1459 1953 stringas,
1484 1925 1546 1945 cum
1563 1924 1617 1945 non
1631 1917 1723 1944 minus

932 1969 1028 1992 contra
1051 1964 1103 1991 alia
1124 1971 1207 1999 quam
1222 1964 1284 1997 Ista,
1299 1963 1323 1991 si
1338 1964 1445 1996 liberet,
1463 1963 1597 1990 blaterare
1611 1963 1721 1992 debeas.

935 2021 944 2038 ι
964 2011 1064 2039 Luccat
1077 2009 1116 2038 sic
1127 2010 1173 2037 lux
1189 2013 1279 2038 vestra
1288 2017 1381 2037 coram
1394 2009 1562 2042 hominibus,
1572 2013 1602 2036 ut
1614 2009 1723 2037 videant

931 2057 1003 2084 bona
1026 2060 1117 2084 vestra
1139 2063 1222 2091 opera
1244 2060 1271 2083 et
1296 2056 1448 2091 gloriﬁcent
1471 2055 1578 2083 Patrem
1600 2059 1722 2083 vestrum

931 2103 976 2140 qui
991 2107 1032 2133 est
1047 2103 1074 2130 in
1098 2103 1219 2131 uelis“.
1235 2113 1245 2130 ι
1264 2103 1342 2136 Quod
1366 2102 1388 2130 si
1404 2109 1500 2130 omnes
1524 2106 1551 2129 et
1570 2101 1668 2137 singuli
1683 2102 1724 2129 sit:

931 2149 1063 2181 lucereut,
1079 2148 1124 2176 ubi
1143 2153 1224 2176 erunt
1240 2149 1287 2184 qui
1298 2148 1418 2180 videant,
1444 2152 1471 2175 et
1488 2147 1583 2180 Deum,
1605 2155 1655 2183 pro
1669 2147 1723 2174 illis

78 2187 190 2235 τὸν
207 2189 285 2223 Θεὸν,
300 2191 344 2226 ἐφ’
355 2190 396 2224 οἷς
408 2193 473 2227 ἴδον,
487 2195 532 2222 διὰ
549 2195 629 2231 δόξης
644 2196 817 2233 θεραπεύσωνΔ

979 2203 989 2222 e
1003 2194 1105 2227 vident,
1119 2194 1288 2230 gloriﬁcent?
1302 2204 1311 2220 t
1327 2194 1401 2226 Date,
1411 2198 1438 2221 et
1452 2193 1560 2221 dabitur
1571 2193 1698 2225 vobis’“;
1710 2202 1718 2218 ι

80 2241 91 2258 ι
108 2233 216 2266 Δίόοτε.
232 2235 280 2262 καὶ
292 2235 434 2273 δοθήσεται
447 2239 522 2274 ὒμῐνο
537 2250 546 2267 ι
563 2241 587 2267 εί
603 2241 703 2274 πάντες
715 2241 818 2270 ἕλοιντο
834 2233 874 2271 διέ

77 2277 156 2304 Vivat
167 2298 176 2312 ,
193 2279 236 2311 τίς
250 2280 264 2306 δ
278 2280 447 2317 ληψόμενοςς
467 2293 476 2310 ι
496 2285 614 2320 Ἀφίετε,
631 2288 679 2314 καὶ
705 2287 873 2324 ἀφεθήσεται

78 2325 161 2359 ὑμῖν·
181 2335 193 2352 ι
223 2327 248 2353 εί
274 2327 374 2361 πάντες
400 2331 518 2365 ἀφῶσιν,
537 2332 610 2365 τίνες
636 2331 677 2366 οἷς
702 2334 873 2370 ἀφήσουσιν;

80 2381 90 2396 ι
101 2372 245 2405 Ἀγαπᾶτε
258 2374 321 2407 τοὺς
334 2375 450 2412 ἐχθροὺς
464 2377 540 2413 ὑμῶν
551 2387 558 2394 ·
577 2388 586 2405 ι
605 2380 630 2407 εἰ
647 2380 748 2413 πάντες
762 2383 874 2418 ἀγαπή-

77 2425 169 2451 σουσι,
186 2418 237 2446 ποῦ
251 2420 276 2446 οἱ
293 2420 399 2459 ἐχθρῶς
418 2422 542 2458 ἔχοντες
561 2434 570 2450 ι
588 2425 620 2452 Et
633 2425 732 2458 πάντες
748 2428 805 2458 τοῖς
824 2427 874 2462 τὴν

77 2465 197 2498 σιαγόνα
212 2465 325 2493 παίουσι
337 2467 386 2503 τὴν
401 2468 502 2502 δεξιὰν,
516 2471 563 2497 καὶ
574 2470 623 2507 τὴν
638 2471 722 2508 ἀλλην
739 2473 779 2504 εἰς
793 2472 873 2508 ὓϐριν

75 2510 142 2544 [σην
161 2512 331 2547 ἐκδώσουσι,
355 2514 407 2541 ποῦ
423 2516 447 2542 οἱ
461 2517 664 2552 τυπτήσοντες;
685 2527 694 2543 ι
710 2519 765 2545 Καὶ
788 2519 875 2554 μυρία

74 2556 166 2584 ἄλλα·
198 2559 300 2594 μᾶλλον
316 2560 377 2594 δὲ’,
399 2561 438 2593 ὡς
454 2561 520 2594 ἔπος
544 2563 643 2596 εἰπεῖν,
669 2564 785 2600 οὐδεμία
813 2565 873 2592 θεία

73 2604 254 2638 παραίνεσις,
279 2607 308 2632 ἐν
324 2607 357 2644 τῇ
380 2607 451 2642 πρὸς
474 2608 568 2644 ἕτερον
592 2609 639 2636 ἀφ’
655 2610 750 2637 έτέοου
768 2610 868 2646 πράξει

112 2693 135 2709 τί
159 2693 254 2723 Matth.
271 2703 297 2727 v,
314 2695 357 2722 16.
396 2696 430 2712 ⁷³⁸
446 2695 512 2724 Luc.
523 2705 559 2730 vr,
574 2697 618 2724 '58.

657 2699 680 2713 τ’
693 2697 788 2725 Matth.
804 2706 880 2733 xvut,
901 2699 946 2727 35.

929 2240 952 2268 si
965 2248 1060 2268 omnes
1087 2240 1222 2272 dederint,
1245 2240 1307 2275 quis
1334 2238 1466 2274 accipiet?
1493 2247 1503 2264 ι
1520 2237 1670 2271 Remittite,
1694 2243 1722 2265 et

929 2286 1125 2318 remittetur";
1146 2295 1155 2312 ι
1184 2286 1208 2314 si
1232 2293 1328 2313 omnes
1352 2284 1541 2319 indulgentes,
1570 2284 1615 2311 ubi
1640 2290 1722 2312 erunt

928 2332 1027 2367 quibus
1043 2331 1220 2367 indulgetur?
1246 2341 1255 2358 ι
1276 2331 1383 2367 Diligite
1400 2331 1526 2358 inimicos
1543 2331 1690 2363 vestros";
1709 2340 1717 2355 ι

929 2379 952 2406 si
967 2385 1064 2406 omnes
1077 2378 1202 2413 diligant,
1215 2378 1260 2405 tibi
1278 2378 1474 2412 comparebunt
1485 2377 1531 2412 qui
1547 2380 1613 2404 sunt
1625 2377 1718 2403 animo

928 2424 1059 2451 inimico?
1075 2431 1084 2449 t
1095 2422 1123 2450 Si
1137 2430 1233 2451 omnes
1246 2422 1334 2450 aﬂ'ceti
1346 2422 1521 2454 contumelia,
1533 2422 1656 2449 dextram
1671 2429 1717 2456 ει·-

928 2479 990 2498 nam
1002 2474 1029 2498 et
1039 2470 1178 2498 sinistram
1191 2471 1333 2498 obvertere
1343 2470 1472 2498 debent“
1482 2479 1491 2495 ›
1505 2469 1610 2503 injurite
1626 2469 1716 2500 illatua,

929 2517 975 2545 ubi
1000 2521 1081 2544 erunt
1103 2516 1149 2551 qui
1168 2516 1273 2552 plagam
1297 2515 1439 2551 inﬂigcnt?
1463 2514 1533 2542 Sunt
1560 2514 1716 2549 huiusmodi

927 2563 1032 2592 inﬁnita
1050 2572 1056 2590 :
1070 2567 1098 2591 et
1112 2568 1141 2590 ut
1154 2570 1210 2590 uno
1224 2563 1307 2590 verbo
1326 2561 1468 2596 expediam
1492 2560 1595 2592 omnia,
1611 2559 1716 2587 nullum

926 2609 1007 2645 plane
1019 2609 1071 2637 erit
1083 2608 1205 2639 divinum
1222 2607 1392 2639 mandatum,
1418 2605 1490 2635 nulla
1507 2605 1660 2633 exhortatio
1673 2605 1717 2632 in-

987 2699 1010 2715 ”¹³
1025 2697 1118 2726 Matth.
1136 2706 1162 2730 γ,
1183 2697 1228 2724 Η.
1264 2695 1285 2712 ⁷⁸
1300 2695 1366 2723 lbitl.
1379 2695 1424 2723 39.

742 2766 859 2795 VARle
868 2766 1081 2796 'LECTIONES.

71 2835 89 2850 ἰ
108 2830 141 2859 C.
152 2831 187 2859 Μ.
204 2832 308 2867 ἔλεγεν.
367 2839 380 2853 '
394 2835 424 2863 C.
444 2834 479 2862 Μ.
496 2835 545 2862 οὑκ
557 2834 641 2863 ἔστιν.
