1873 3063
170 127 224 160 623
549 134 597 149 ’τι

747 127 878 157 PHOTII
894 127 1145 159 PATRIARCII/E
1165 129 1218 160 ΟΡ.

1749 128 1816 159 624

172 187 212 210 ter
240 182 364 210 homines
388 180 569 213 observanda,
596 188 652 216 quo
676 188 730 208 non
758 182 889 216 pervadat
904 188 957 208 nam

1049 184 1218 219 τοροουμένῃ
1232 203 1239 216 ,
1266 183 1326 210 καθ’
1343 180 1377 220 ἧς
1393 183 1443 210 οὐκ
1465 182 1539 209 ἐστιν
1555 182 1619 209 ίδεϊν
1635 182 1683 218 τὴν
1698 182 1815 216 ἄλογον

170 229 252 257 stulta
277 233 303 254 ct
320 235 334 254 a
350 227 455 254 ratione
468 227 558 254 aliena
574 225 777 260 improperatio.

205 274 256 306 Qui
275 273 347 299 enim
364 273 415 300 iSIa
441 271 538 299 dividit
554 280 568 298 a
599 276 694 299 mutuo
714 271 785 298 inter
814 279 844 299 se
862 271 957 298 habitu

171 328 203 348 ac
219 319 402 352 connexione,
425 326 486 353 qua
513 318 540 345 in
561 325 742 353 personarum
762 318 860 353 copula
881 325 959 345 man-

170 366 264 393 datum
283 365 465 397 constituunt,
494 369 521 392 et
541 363 577 392 ita
602 364 660 391 vult
681 363 812 391 omnibus
842 364 957 399 pedibus

170 411 322 439 concedere
339 412 365 438 in
382 411 496 437 alteram
518 414 623 445 partem
647 409 804 440 divisionis,
820 417 881 444 quae
898 414 959 444 post

169 456 250 483 talem
267 455 454 490 operationem
480 453 665 487 constituitur,
684 453 729 481 ille
748 454 823 481 nullo
851 454 959 489 negotio

171 501 204 529 ad
219 501 383 528 abolendum
407 500 566 528 mandatum
584 499 611 526 id
627 500 701 535 quod
726 500 867 527 residuum
894 500 957 533 erit,

171 550 303 578 assumet,
321 545 546 580 consequentiam
572 545 671 572 falsam
702 545 834 572 eliciendo
858 548 884 572 et
908 544 958 572 ab-

171 593 284 620 surdam
302 592 371 626 cjus,
388 600 469 627 quam
493 591 724 624 comminiscitur,
750 591 956 626 propositionis,

170 638 384 673 quaestionisque
398 644 451 666 tam
464 638 597 666 fastnosaz.
611 646 673 665 cum
683 638 771 666 ironia
781 642 809 665 et
820 637 959 665 inﬂatione

171 691 241 710 vana
257 683 421 717 conjunctm.
439 683 467 710 Si
480 691 574 711 omnes
589 684 690 711 etenim
702 684 900 719 operabuntur,
911 683 957 710 ubi

170 728 233 759 erit,
252 727 278 754 in
297 735 376 762 quem
393 727 486 754 tendat
510 727 658 763 operatio?
682 728 722 754 Ad
746 726 820 754 hunc
845 727 957 754 modum

170 772 250 800 facile
264 773 316 800 erit
340 773 468 807 impetum
486 773 575 801 facere
593 773 620 800 in
635 781 744 800 onmem
763 772 882 808 Spiritus
907 773 958 800 do-

168 819 298 851 ctrinam,
314 827 362 854 per
389 819 422 846 de
443 819 505 847 loco
520 820 654 854 superiori
666 820 814 846 violentam
828 819 956 846 incursa-

169 865 281 897 tioncm,
315 865 385 892 unde
409 866 464 898 liet,
500 869 530 892 ut
546 865 572 892 in
588 865 718 900 pleraque
735 865 757 892 si
776 872 830 891 non
848 864 874 891 in
895 872 956 891 om-
972 849 995 880 Β

168 911 233 944 nia,
252 911 297 938 tali
325 910 405 938 modo
420 911 472 938 hoc
491 916 568 938 tuum
595 919 708 939 examen
731 910 872 939 incussisti
888 920 895 938 :
909 910 957 938 sed

169 956 241 984 intra
257 956 339 983 unius
350 955 471 983 mandati
482 955 680 991 exceptionem,
695 963 757 991 quae
771 961 817 984 tua
833 956 884 983 fuit
898 955 957 990 pie-

169 1007 210 1030 tas
223 1007 250 1029 et
269 1002 377 1029 devotio
392 1002 571 1030 conclusisti:
597 1006 672 1030 certe
698 1002 736 1031 ita
765 1002 853 1039 magis
869 1001 958 1029 admi-

168 1055 263 1076 ramur
277 1048 389 1075 modum
419 1052 472 1076 ture
496 1048 613 1076 actionis
637 1052 694 1076 tam
715 1048 822 1076 facilem
846 1053 874 1076 et
893 1055 956 1082 pro,

168 1093 293 1121 fundum.
313 1093 367 1121 Sed
383 1098 444 1121 erat
463 1094 522 1122 lucc
537 1101 552 1121 a
577 1094 681 1121 malitia
697 1099 742 1121 tua
767 1093 860 1128 potius
873 1101 956 1128 quam

169 1139 350 1174 imprudentia
367 1139 488 1174 profecta
501 1139 677 1167 machinatio.
689 1139 863 1175 lntelligebas
871 1139 956 1172 enim,

168 1186 191 1214 si
206 1186 327 1213 eamdem
346 1185 529 1220 objectionem
547 1187 574 1213 in
595 1186 710 1221 quodvis
738 1186 862 1214 divinum
877 1193 957 1213 man-

168 1231 261 1258 datum
287 1231 438 1266 ejaculatus
470 1239 557 1263 esses,
573 1230 653 1259 facile
682 1231 805 1266 potuisse
832 1231 957 1258 animad-

168 1277 236 1304 verti
264 1277 401 1311 inceptum
420 1276 486 1303 illud
516 1281 570 1303 tam
595 1277 742 1311 ineptum;
768 1276 856 1303 cuivis
882 1276 955 1303 enim

169 1326 241 1350 esset
254 1323 440 1359 perspicuum,
458 1322 531 1357 quod
554 1322 646 1350 omnia
670 1322 718 1350 Dei
739 1323 867 1350 mandata
881 1330 957 1350 eam-

169 1368 230 1394 dem
257 1368 400 1395 arrodendi
437 1367 599 1395 cxhiberent
633 1368 808 1395 occasionem
841 1367 956 1394 innova-

169 1415 263 1442 tionis.
283 1414 360 1448 Quod
378 1415 399 1442 si
420 1415 585 1442 calumniam
615 1415 641 1442 in
663 1423 718 1442 uno
750 1415 842 1450 aliquo
860 1415 956 1442 termi-

169 1465 258 1492 narct,
277 1461 362 1487 multo
389 1468 419 1488 se
450 1461 549 1488 melius
576 1461 717 1489 latiturum
738 1465 765 1488 ct
789 1461 956 1496 paratiorem

1009 230 1111 265 ταύτην
1127 230 1173 256 καὶ
1192 229 1287 266 μωρὰν
1304 230 1437 264 ἐπήρειαν
1450 228 1654 255 διαῦαίνουσαν.

1045 275 1101 309 Τῆς
1119 274 1172 310 γὰρ
1187 274 1302 310 ἐχούσης
1313 273 1434 308 ἐντολῆς,
1448 274 1477 300 ὲν
1498 272 1613 306 συζυγίᾳ
1629 271 1812 308 προσώπων,

1009 321 1058 357 τὴν
1076 321 1203 356 ὓπαρξιν,
1224 322 1238 347 ὁ
1260 319 1405 355 διασχίζων
1430 319 1516 346 ταῦτα
1540 319 1590 354 τῆς
1603 318 1672 354 πρὸς
1693 318 1814 353 ἄλληλα.

1011 367 1157 402 συναφείας
1171 367 1218 394 καὶ
1233 366 1362 402 σχέσεως,
1376 363 1435 392 εἷτα
1451 365 1555 396 πάντας
1568 364 1650 396 ἀξιῶν
1665 364 1705 396 είς
1719 363 1815 391 Θατέ-

1010 420 1060 448 ραν
1087 412 1217 438 συνωθεῖν
1246 412 1343 447 μοῖραν
1372 409 1421 437 τοῦ
1447 410 1606 446 τμήματος,
1629 407 1684 436 οἷον
1708 409 1743 441 ἐξ
1773 406 1814 444 ἧς

1009 456 1190 493 προϐάλλεται
1214 457 1231 491 ἡ
1255 456 1397 492 ἐνέργεια·
1424 452 1502 487 οὗτός
1522 463 1554 488 γε
1576 454 1625 490 τὴν
1650 454 1814 481 ὑπόλοιπον

1011 504 1121 535 πάντως
1150 502 1271 538 εὐχερῶς
1305 503 1346 534 εἰς
1381 501 1576 537 καταστροφὴν
1603 501 1653 536 τῆς
1685 501 1813 536 ἐντολῆς

1009 548 1213 585 παραλήψεται,
1225 548 1319 583 ψευδεῖ
1335 547 1383 574 καὶ
1396 547 1491 582 ἀτόπῳ
1503 548 1536 583 τῇ
1550 548 1615 583 παρ’
1628 546 1710 574 αὐτοῦ
1726 555 1766 573 συ
1772 556 1812 582 μ-

1010 595 1160 631 πλασθείσῃ
1181 593 1265 626 θέσει,
1288 592 1436 620 ἀκόλουθον
1460 592 1516 628 ἔχω
1538 592 1569 619 τὸ
1588 593 1812 628 περαινόμενον.

1009 642 1056 668 καὶ
1078 640 1237 675 διερωτήσει
1254 647 1285 673 γε
1304 638 1377 674 μάλα
1393 638 1498 674 σεμνῶς
1513 658 1520 671 ,
1540 639 1587 665 σὺν
1603 638 1732 674 εξρωνεῂ
1756 638 1814 664 καὶ

1008 687 1125 722 διακένῳ
1138 686 1279 720 φυσήματι
1290 693 1296 699 ·
1310 684 1343 712 Et
1359 683 1458 715 πάντες
1475 683 1665 719 ὲνεργήσουσι,
1682 683 1763 715 τίνες
1777 684 1812 709 ὲν

1009 729 1050 763 οἷς
1065 732 1082 767 ἡ
1096 731 1238 766 ὲνέργεια;
1252 729 1330 756 Οὕτω
1345 728 1489 765 τοιγαροῦν
1507 728 1600 764 ῥᾳδίας
1613 727 1695 763 οὔσης
1714 729 1810 764 φέρε-

1010 778 1072 805 σθαι
1088 776 1160 804 κατὰ
1172 776 1262 812 πάσης
1275 775 1368 811 σχεδὸν
1386 774 1436 809 τῆς
1455 774 1630 806 διδασκαλίας
1643 773 1690 800 τοῦ
1709 773 1811 801 Πνεύ-

1012 831 1106 857 ματος,
1134 821 1184 856 τῆς
1211 819 1316 855 ὑψηλῆς
1350 827 1397 845 σου
1427 818 1529 853 ταύτης
1557 818 1603 844 καὶ
1629 817 1809 853 δραστηρίου

1010 866 1196 903 καταδρομῆς,
1211 866 1270 897 πῶς
1286 866 1310 892 εί
1327 865 1375 891 καὶ
1394 864 1431 900 μὴ
1443 864 1490 890 ἐπὶ
1503 862 1609 895 πασῶν,
1619 862 1688 890 ἀλλά
1697 871 1730 896 γε
1745 861 1810 889 τῶν

1010 913 1155 944 πλείστων,
1168 912 1217 939 οὐκ
1232 910 1343 946 ἀφῆκας
1357 909 1406 945 τὴν
1420 908 1587 944 τηλικαύτην
1604 917 1651 935 σου
1667 908 1807 943 βάσανον·

1011 960 1060 996 μιᾷ.
1088 959 1117 986 δὲ
1140 957 1209 995 μόνῃ
1229 957 1283 984 τῶν
1301 955 1426 989 ἐντολῶν,
1456 955 1508 982 ὑπο
1532 954 1633 990 πολλῆς
1655 954 1810 986 εὐλαϐείας

1010 1003 1242 1039 συγκατέκλεισας
1253 1011 1261 1035 ;
1272 1001 1344 1029 οὕτω
1356 1001 1410 1037 γὰρ
1431 1001 1464 1028 ἄν
1481 1009 1527 1027 σου
1544 999 1598 1026 τῶν
1612 999 1809 1035 ἐπιχειρημά-

1008 1061 1062 1079 των
1082 1051 1112 1078 τὸ
1134 1050 1251 1084 εῠπορον
1269 1048 1317 1075 καὶ
1333 1048 1400 1083 βαθὺ
1427 1047 1527 1083 μᾶλλον
1551 1045 1806 1079 ἀπεθαυμάζομεν.

1015 1097 1086 1125 Ἀλλ’
1112 1094 1146 1132 ἦν
1172 1096 1218 1123 καὶ
1241 1094 1321 1121 τοῦτο
1345 1093 1513 1128 κακουργίας
1534 1091 1634 1128 μᾶλλον
1659 1091 1676 1127 ἢ
1705 1091 1809 1122 ἀνοίας

1009 1141 1198 1178 ἐπιτέχνασμα
1209 1149 1216 1156 ·
1232 1140 1291 1177 ᾔδει
1311 1139 1376 1175 γὰρΙ
1395 1139 1454 1175 ᾔδει
1469 1138 1540 1165 κατὰ.
1556 1138 1665 1164 πάντων
1681 1137 1731 1172 μὲν
1745 1136 1808 1163 τῶν

1008 1189 1183 1217 Δεσποτικῶν
1205 1187 1425 1224 προσταγμάτων
1444 1185 1493 1220 τὴν
1517 1184 1602 1220 αὐτὴν
1627 1184 1807 1220 κατάρῥησιν

1009 1235 1245 1272 προϐαλλόμενος,
1264 1232 1423 1267 εὐφώρατον
1445 1231 1517 1263 ἕξειν
1538 1230 1568 1257 τὸ
1594 1229 1806 1266 ῥᾳδιούργημα,

1010 1284 1058 1310 ἅτε
1073 1279 1225 1316 δυναμένου
1248 1279 1295 1306 καὶ
1314 1277 1362 1304 τοῦ
1385 1277 1512 1312 τυχόντος
1534 1276 1661 1310 συνορᾷν,
1685 1274 1722 1306 ὡς
1749 1274 1806 1300 οὐκ

1009 1328 1043 1355 ἂν
1055 1327 1126 1354 οὕτω
1140 1335 1172 1361 γε
1189 1325 1279 1352 πάντα
1293 1324 1327 1350 τὰ
1341 1323 1464 1358 σωτήρια
1490 1321 1710 1357 παραγγέλματα
1720 1339 1727 1352 ,
1750 1319 1807 1354 τὴν

1009 1374 1095 1409 αὐτὴν
1113 1373 1244 1408 παρεῖχεν
1264 1370 1365 1401 αἰτίαν,
1391 1369 1437 1396 τοῦ
1453 1368 1487 1395 δι’
1504 1367 1610 1395 ἑαυτῶν
1633 1365 1806 1402 περιτρέπε-

1010 1421 1091 1448 σθαι-
1115 1420 1161 1446 ἐπὶ
1186 1419 1251 1455 μιᾶς
1271 1417 1300 1444 δὲ
1326 1415 1424 1451 μᾶλλον
1438 1414 1535 1450 ἤλπισε
1553 1412 1656 1444 λαθεῖν,
1678 1412 1702 1438 εί
1720 1419 1806 1446 περι-

1008 1467 1110 1503 γράψοι
1121 1466 1151 1492 τὸ
1167 1464 1365 1498 συκοφάντημα
1375 1471 1381 1477 ·
1392 1461 1439 1488 καὶ
1453 1460 1485 1487 τὸ
1498 1460 1598 1486 οἰκεῖον
1613 1457 1807 1493 κακούργημα

169 1507 274 1534 aditum
304 1507 478 1534 inventurum
510 1507 649 1542 nequitiae,
667 1514 715 1542 per
734 1515 814 1542 quem
843 1507 957 1542 impetee

1051 1511 1187 1548 ρείσδυσιν
1203 1509 1274 1536 οὕτω
1296 1507 1377 1534 πλέον
1392 1506 1481 1541 εὑρεῖν
1499 1505 1538 1536 είς
1554 1504 1637 1539 ψόγον
1650 1503 1805 1548 τῶναάμω-

170 1557 276 1584 rrntur,
293 1559 354 1586 quae
369 1551 502 1578 vacabant
516 1552 604 1586 capita
630 1553 720 1587 culpa,
737 1552 773 1579 ita
801 1552 829 1579 in
857 1553 957 1588 quibus

170 1598 278 1626 latitare
306 1597 404 1630 voluit,
438 1597 495 1632 ipse
523 1598 600 1632 quasi
626 1598 652 1624 in
680 1598 848 1633 triumphum
879 1598 959 1625 duxit

170 1652 284 1672 suorum
299 1651 459 1671 sermonum
478 1642 582 1670 futilem
600 1643 813 1678 improbitatem.

207 1690 259 1717 Sed
282 1697 332 1725 par
356 1689 479 1725 proiecto
500 1689 561 1722 fuit,
583 1694 611 1716 ut
628 1689 661 1721 is,
685 1689 733 1724 qui
766 1689 957 1716 oblectabatur

169 1737 324 1771 istiusmodi
344 1736 442 1771 ineptis
458 1740 484 1764 et
496 1736 598 1771 putidis
609 1736 837 1770 sophismatihus,
847 1736 959 1763 minime

169 1792 203 1811 ex
219 1783 332 1810 adversa
351 1782 439 1809 fronte
453 1783 480 1810 in
493 1782 685 1810 contumeliam
701 1789 882 1817 personarum
909 1782 958 1809 de-

170 1830 331 1863 scenderet;
349 1829 395 1856 sed
405 1830 500 1856 eadem
519 1829 619 1856 mentis
642 1829 793 1863 celeritate,
813 1834 841 1857 et
866 1829 959 1856 animo

166 1877 197 1907 in
214 1881 304 1912 partes
319 1876 441 1916 versatili
459 1876 645 1903 addubitando
666 1876 770 1903 diceret
785 1886 792 1903 :
813 1876 835 1903 si
863 1883 959 1904 omnes

169 1923 231 1949 loco
255 1922 420 1949 venditionis
449 1922 616 1956 emptionem
654 1921 808 1954 instituant,
845 1922 971 1957 quinam-

169 1971 250 1995 erunt
265 1966 519 1994 vendentes?l\‘am
550 1966 614 2000 quid
644 1966 757 1994 interest
793 1967 864 1993 inter
895 1974 957 1994 eum

169 2013 216 2047 qui
245 2013 272 2040 in
299 2017 404 2047 partem
431 2012 607 2039 vendentium
639 2020 735 2040 omnes
756 2012 913 2047 compingit,
932 2016 959 2039 et

169 2059 245 2085 illum
263 2059 309 2092 qui
335 2062 472 2092 emptores
492 2058 614 2092 quaerit?
634 2062 680 2085 aut
705 2066 719 2085 e
735 2063 830 2087 contra
852 2059 878 2084 in
898 2057 958 2085 lici-

167 2103 257 2129 tantcs
271 2100 446 2133 referentem,
461 2108 507 2127 eos
526 2101 701 2136 investigare,
720 2102 767 2137 qui
786 2103 870 2129 velint
894 2110 958 2130 vcn-

168 2146 251 2174 dere?
268 2146 368 2174 Verutn
386 2147 499 2174 missum
531 2147 583 2175 hoc
601 2147 744 2176 faciamus.
770 2147 861 2181 Quid?
875 2157 910 2176 an
929 2154 956 2176 lu

167 2194 209 2221 vis
223 2201 320 2220 onmes
335 2193 462 2221 homines
488 2193 586 2226 bonos,
605 2194 735 2222 honestos
752 2200 779 2222 et
801 2195 871 2231 frugi
888 2197 956 2229 ficri,

168 2246 219 2266 nec
244 2238 367 2273 lapsibus
385 2238 545 2274 subjectos?
559 2247 592 2267 an
620 2240 672 2268 hoc
687 2240 734 2267 tibi
749 2241 839 2275 potius
861 2242 958 2276 displi-

168 2290 211 2312 cet
223 2284 234 2311 l'
248 2284 325 2318 Quod
343 2285 364 2312 si
380 2292 475 2313 omnes
488 2292 580 2314 essent
595 2287 686 2322 probi,
697 2288 768 2314 nulla
785 2288 853 2316 foret
866 2289 955 2324 legum

167 2332 334 2365 necessitas,
362 2332 572 2367 lcgumlatorum
602 2342 679 2366 cura,
706 2335 838 2368 studium,
863 2337 956 2370 provi—

166 2377 273 2405 dentia:
287 2382 314 2405 et
327 2383 429 2412 tamen,
447 2384 476 2406 ut
493 2379 561 2407 tales
576 2379 681 2413 ﬁerent,
697 2380 769 2416 leges
787 2381 824 2408 illi
843 2382 954 2416 provide

165 2425 368 2452 condiderunt:
386 2424 495 2453 Justitia
511 2434 544 2453 an
562 2434 614 2453 non
633 2426 660 2453 in
671 2427 856 2462 Tragelaphus
866 2433 957 2457 trans-

165 2471 225 2502 ibit,
244 2476 270 2498 et
290 2471 476 2506 Scindapsos?
504 2473 549 2499 ubi
565 2473 637 2500 enim
654 2473 830 2509 δικαιοσύνης
850 2475 872 2502 si
900 2483 955 2503 non

165 2516 200 2544 sit
213 2516 286 2551 δίκη,
301 2517 346 2544 ubi
378 2517 450 2545 illa?
472 2517 496 2545 si
521 2526 602 2545 nemo
626 2518 755 2552 injuriam
782 2519 902 2548 inferat:
932 2521 955 2549 si

165 2562 265 2596 singuli
284 2563 310 2589 in
330 2563 427 2591 melius
440 2564 669 2598 immutabuntur,
684 2573 737 2592 una
747 2573 857 2601 quoque
870 2567 957 2595 abibit.

164 2614 191 2635 ct
206 2610 409 2637 mansuetudo:
433 2619 495 2637 nam
514 2611 564 2639 nisi
592 2611 628 2638 sit
657 2612 799 2639 iracundia
827 2620 951 2645 movens,

165 2662 220 2681 non
247 2659 289 2682 est
317 2657 518 2684 mansuetudo:
539 2657 584 2684 ulni
605 2657 657 2685 erit
687 2658 732 2685 ille
762 2666 877 2686 movens
906 2660 953 2694 qui

166 2699 350 2729 irritabitide
366 2710 419 2737 qua
435 2711 530 2737 causa,
548 2712 602 2731 non
621 2705 693 2732 enim
707 2706 729 2733 si
757 2706 821 2733 velit
836 2706 953 2734 maxime

165 2746 206 2774 vir
221 2747 309 2776 bonus
326 2748 353 2775 in
367 2749 468 2777 bonum
486 2750 648 2783 irritabitur.
670 2759 722 2779 non
740 2756 831 2779 autem
856 2753 901 2780 ille
917 2753 954 2780 ita

167 2796 240 2828 velit,
257 2796 297 2823 sic
312 2803 405 2823 secum
423 2796 489 2824 dum
521 2797 760 2832 improbissimum
785 2800 872 2827 isihoc
887 2800 954 2828 deli-

166 2845 332 2875 ramentum,
349 2840 429 2876 culpa
446 2849 500 2869 non
525 2849 612 2878 vacat,
631 2843 677 2881 qui
694 2848 800 2872 tenetur
821 2844 952 2878 maxima,

1012 1544 1104 1594 μήτων
1123 1553 1446 1590 ἀντιπεριενεχθήσεσθαι
1459 1559 1466 1566 ·
1489 1550 1561 1577 ὥστε
1584 1549 1631 1576 καὶ
1647 1548 1680 1575 δι’
1694 1544 1731 1574 ὧν
1751 1547 1805 1574 λα-

1010 1592 1066 1632 θείν
1083 1602 1242 1638 ἐμελέτησε,
1267 1600 1298 1627 τδ
1319 1596 1535 1633 φιλοκακουργδν
1557 1595 1604 1622 καὶ
1627 1593 1727 1629 σαθρὸν
1745 1592 1805 1620 τῶν

1009 1651 1096 1684 λόγων
1113 1648 1166 1675 τῶν
1181 1646 1262 1677 αὐτος
1276 1644 1360 1672 αὑτοῦ
1374 1643 1582 1679 ἐθριάμϐευσεν.

1051 1695 1149 1731 Ἐχρῆν
1171 1693 1200 1720 δὲ
1220 1691 1358 1723 τοιαύταις
1380 1690 1472 1722 αὐτὸν,
1500 1688 1670 1715 ἐκδεδωκότα
1685 1686 1803 1721 λέσχαις

1011 1743 1058 1770 καὶ
1081 1739 1261 1775 κακοσχόλοις
1275 1738 1444 1773 σοφίσμασι,
1461 1736 1528 1771 μηδὲ
1546 1735 1596 1770 τὴν
1609 1734 1655 1761 διὰ
1674 1733 1723 1768 τῆς
1741 1732 1805 1759 ἐτέ-

1012 1797 1062 1825 ρας
1088 1787 1184 1823 μοίρας
1212 1785 1266 1812 τῶν
1291 1783 1446 1819 προσώπων
1470 1782 1602 1817 ἐπήρειαν
1631 1779 1804 1815 παρελθεῖν·

1010 1834 1068 1861 ἀλλ’
1092 1833 1122 1865 ἐξ
1145 1831 1238 1866 ὁμοίου
1263 1829 1363 1865 τάχους
1385 1827 1516 1859 διανοίας,
1543 1827 1592 1853 καὶ
1616 1824 1804 1861 ὰγχιστρόφου

1011 1879 1182 1916 φρονήματος
1204 1875 1367 1910 ἑπαπορεῖν,
1391 1874 1436 1900 καί
1460 1873 1569 1907 λέγε.νο
1588 1872 1620 1899 Εί
1644 1871 1672 1897 δὲ
1687 1870 1805 1916 πάντες,

1010 1915 1070 1951 ἀντὶ
1082 1924 1130 1950 τοῦ
1146 1921 1323 1957 πιπράσκειν,
1349 1920 1452 1946 ἕλοιντο
1477 1917 1616 1949 ὠνεῖσθαι,
1634 1916 1706 1947 τίνες
1726 1915 1762 1942 ἂν
1778 1915 1805 1940 οἱ

1010 1969 1163 2000 πωλοῦντες
1186 1966 1258 1997 εἴεν;
1279 1966 1311 1992 Τί
1334 1965 1388 2000 γὰρ
1411 1964 1554 1999 διαφέρει,
1578 1963 1682 1993 πάντας
1695 1962 1735 1993 είς
1750 1960 1805 1997 τὴν

1009 2015 1064 2042 τῶν
1076 2013 1266 2049 ἀγοραζὸντων
1282 2012 1379 2047 μοῖραν
1397 2009 1605 2041 συνελαύνοντα,
1617 2008 1680 2039 τοὺς
1694 2007 1804 2041 ὠνησο-

1011 2060 1108 2096 μένους
1133 2057 1284 2092 ἐπιζητεῖν,
1316 2056 1332 2091 ἣ
1361 2055 1514 2087 ἀνάπαλιν,
1547 2055 1586 2085 εἰς
1614 2052 1804 2088 ἀγοράζοντας

1009 2105 1195 2141 ἀναφέροντα,
1221 2103 1282 2134 τοὺς
1304 2102 1405 2128 πωλεῖν
1432 2101 1572 2130 ἐθέλοντας
1596 2099 1802 2136 διερευνᾶσθαι,

1011 2153 1058 2180 καὶ
1071 2149 1299 2187 περιεργάζεσθαι
1313 2157 1320 2182 ;
1342 2148 1411 2175 Ἀλλ’
1427 2148 1516 2175 ἐάσθω
1531 2147 1620 2174 τοῦτο.
1643 2146 1676 2173 Τί
1698 2146 1727 2172 δὲ
1746 2145 1800 2179 σὺ;

1012 2196 1067 2234 ἆρα
1085 2197 1175 2232 βούλει
1192 2196 1294 2226 πάντας
1316 2194 1475 2229 ἀνθρώπους
1500 2193 1600 2225 καλοὺς
1615 2193 1663 2219 καὶ
1678 2191 1802 2227 ἀγαθοὺς

1012 2242 1093 2275 εἶναι,
1105 2242 1153 2268 καὶ
1166 2241 1344 2276 πταισμάτων
1361 2239 1520 2274 κρείττους;
1535 2238 1551 2273 ἦ
1566 2237 1719 2271 ἀπαρέσκει
1737 2245 1797 2269 σοι;

1018 2289 1100 2320 Ἀλλ’,
1113 2288 1136 2314 εί
1152 2287 1253 2318 πάντες
1269 2286 1345 2312 καλοὶ
1359 2285 1406 2311 καὶ
1418 2284 1526 2319 ἀγαθοὶ,
1543 2284 1594 2310 ποῦ
1607 2285 1624 2319 ὴ
1639 2283 1696 2310 τῶν
1708 2284 1802 2319 νόμων

1011 2334 1091 2370 χρεία
1105 2342 1112 2367 ;
1130 2333 1181 2359 ποῦ
1196 2332 1224 2358 δὲ
1239 2332 1293 2358 τῶν
1307 2330 1461 2366 νομοθετῶν
1477 2331 1491 2357 ὁ
1507 2330 1597 2361 πόνος,
1623 2330 1669 2356 καὶ
1683 2330 1700 2365 ἡ
1717 2337 1802 2355 σπου-

1010 2382 1054 2416 δὴ,
1069 2381 1115 2407 καὶ
1132 2381 1148 2415 ἡ
1163 2379 1293 2414 πρόνοια;
1310 2378 1432 2412 καίτοιγε
1456 2376 1521 2403 αὐτὸ
1538 2375 1618 2403 τοῦτο
1634 2375 1734 2406 καλοὺς
1754 2375 1801 2402 καὶ

1007 2427 1127 2462 ἀγαθοὺς
1150 2423 1222 2452 εἶναι
1242 2425 1304 2456 τοὺς
1329 2423 1493 2458 ἀνθρώπους
1521 2421 1716 2458 προνοούμενοι
1737 2421 1800 2451 τοὺς

1006 2475 1107 2510 νόμους
1124 2473 1263 2499 ἐτίθεσαψ
1284 2473 1301 2506 ὴ
1316 2470 1475 2504 δικαιοσύνη
1490 2469 1519 2495 δὲ
1533 2469 1576 2503 ἄρ’
1593 2469 1643 2494 οὐκ
1657 2468 1698 2499 είς
1712 2475 1799 2502 τραγ-

1005 2521 1123 2555 ελάφους
1159 2528 1200 2546 σοι
1235 2520 1283 2545 καὶ
1308 2517 1472 2551 σκινδάψους
1502 2515 1715 2550 περιστήσεται;
1742 2511 1798 2539 Ποῦ

1006 2567 1060 2603 γὰρ
1075 2565 1245 2600 δικαιοσύνη,
1264 2564 1342 2599 δίκης
1358 2565 1407 2590 οὐκ
1421 2562 1520 2598 οὔσης
1538 2560 1589 2588 ποῦ
1606 2560 1634 2587 δὲ
1651 2560 1725 2594 δίκη,
1745 2568 1798 2594 μη-

1009 2614 1084 2646 δενὸς
1106 2613 1281 2643 ἀδικοῦντος;
1297 2609 1397 2637 ἀδικῶν
1418 2609 1446 2634 δὲ
1462 2608 1515 2640 τίς,
1533 2607 1642 2634 πάντων
1665 2607 1705 2637 εἰς
1721 2605 1800 2639 ἀμεί-

1009 2669 1071 2691 νους
1097 2657 1346 2694 μεταταξαμένων;
1365 2655 1424 2690 οὐχὶ
1440 2654 1467 2680 δὲ
1483 2654 1531 2680 καὶ
1546 2654 1563 2688 ἠ
1586 2652 1709 2688 πραότης
1735 2659 1799 2678 συν-

1009 2708 1165 2743 οιχήσεται;
1187 2705 1240 2731 τινὶ
1253 2704 1307 2739 γὰρ
1330 2703 1426 2738 πρᾶος,
1450 2701 1500 2728 οὐκ
1513 2700 1590 2732 ὄντος
1601 2699 1648 2726 τοῦ
1666 2698 1799 2734 παροργί-

1010 2753 1121 2786 ζοντος;
1138 2753 1190 2779 ποῦ
1203 2753 1231 2779 δὲ
1244 2753 1258 2778 ὀ
1274 2751 1452 2787 παροργίζων
1470 2752 1518 2778 καὶ
1530 2750 1590 2777 τίνα
1603 2758 1610 2780 ς
1629 2748 1678 2776 καὶ
1693 2749 1710 2784 ἡ
1726 2747 1798 2774 αἰτία

1009 2799 1095 2832 ποία;
1119 2799 1215 2834 ἁγαθῴ
1232 2799 1286 2833 γὰρ
1301 2798 1415 2832 ἀγαθὸς,
1431 2798 1480 2824 οὐκ
1506 2797 1579 2823 ἔστιν
1597 2796 1639 2830 ἐφ’
1662 2796 1727 2830 ὅτῳ,
1746 2794 1797 2821 κᾶν

1011 2844 1138 2882 βουληθῇ.
1155 2846 1347 2882 παροργίσειεν
1359 2854 1365 2861 ·
1383 2844 1463 2881 δῆλον
1477 2844 1506 2871 δὲ
1517 2863 1525 2878 ,
1540 2842 1577 2875 ὼς
1591 2842 1651 2869 οὐδὲ
1669 2841 1797 2878 βουλήσε-
