1873 3063
207 164 223 195 ί
225 165 260 199 2'1

787 160 918 191 PHOTII
934 158 1186 190 PATRIARCH/E
1206 158 1260 189 (ΞΡ.

1791 149 1845 180 623

208 231 256 259 per
272 219 387 249 ironiam
415 218 548 251 cavillari,
572 217 646 253 quod
675 217 819 250 poltttcum
848 217 886 243 nil
911 216 1018 251 sapiat;

1117 215 1150 252 ἦν
1177 215 1326 251 λογισμὸς,
1343 213 1396 241 κᾶν
1416 211 1481 247 γοῦν
1501 211 1530 237 ἑν
1556 211 1616 241 ταῖς
1647 208 1847 244 συκοφαντίαις

208 267 310 296 Christi
336 272 446 294 sermo:
464 264 511 291 sed
533 263 606 298 quod
623 262 685 290 vitae
707 262 781 289 illius
797 266 824 289 et
854 268 1001 290 conversa-

209 313 292 340 tionis
318 312 419 339 fundus
437 309 659 345 philosophicam
683 308 768 335 vitam
791 315 847 335 non
873 308 999 342 attingat.

208 361 301 391 Actu,
327 359 353 386 in
366 357 469 393 quibus
486 355 601 383 minime
618 355 814 389 vituperandus
837 354 897 390 ejus
911 361 1001 382 sermo

211 406 311 437 fuerat.
328 412 446 432 accusas
463 408 576 430 tamen:
602 401 651 428 tibi
677 408 797 436 namque
827 400 1000 435 propositum

209 454 264 481 fuit
288 452 405 486 ineptias
421 449 539 480 ell‘utire,
556 448 631 475 nulla
651 447 723 475 illius
749 447 849 483 injecta
866 447 1004 474 mentione

209 500 282 535 quod
308 497 459 525 concedere
482 496 510 522 in
534 493 701 529 vituperium
727 493 858 528 praecepti
885 495 1002 527 poterat.

210 545 250 573 lta
267 544 414 571 invalidam
431 546 458 569 et
487 541 601 568 ﬂuidam
619 540 754 576 protulisti
777 540 923 571 rationem,
942 546 1004 573 qua).

211 594 331 617 mentem
346 589 393 616 tibi
409 586 598 614 calumniandi
622 586 729 612 avidam
750 584 941 612 malefaciendi
956 592 1004 611 cu-

211 634 302 671 pidam
317 639 344 662 et
359 633 492 669 putridam
509 632 631 660 declaras
646 640 653 658 :
679 636 706 658 et
722 634 752 658 ut
777 638 832 657 non
852 634 950 665 sponte
964 634 1005 657 ta-

212 689 275 708 men
292 679 462 711 mandatum,
472 679 542 706 ultra
552 685 661 705 omnem
674 677 801 712 vituperii
818 682 845 704 et
860 677 1005 704 calumniae

212 726 300 753 aleam
328 725 457 760 positum.
474 723 582 751 Videsis
598 723 724 754 ulterius,
750 722 869 756 qualiter
896 721 941 748 ille
957 721 1005 756 qui

213 772 267 800 sibi
288 771 457 806 impossibile
479 773 664 805 proposuerat
679 767 758 796 aliter
779 768 888 794 videtur
906 774 1006 794 conse-

214 823 301 851 quens
320 815 469 842 absurdum
496 813 608 841 inferre.
626 812 695 840 Nam
707 820 769 839 cum
779 812 897 844 dixerat,
913 811 936 839 si
947 819 1006 839 om-

213 869 263 889 nes
278 861 407 894 vendant,
425 861 487 895 quis
503 859 671 894 eritemptor
684 868 692 892 ;
710 865 758 894 per
773 858 862 886 thesin
877 857 1005 892 impossi-

213 907 296 934 bilem
317 907 465 934 absurdum
480 906 552 941 quod
567 910 610 933 est
629 905 713 933 infert
736 914 743 932 :
765 904 894 940 opinatur
912 909 1004 931 autem

214 961 270 981 non
285 953 405 988 ejusdem
422 960 482 980 esse
507 951 640 982 stultitiae,
660 951 765 978 crimen
790 950 938 978 calumniis
958 957 1005 984 pe-

215 999 295 1027 titum
323 999 482 1027 mandatum
498 998 578 1034 quasi
609 997 696 1032 culpae
729 1005 853 1025 causam.
878 995 937 1024 Non
963 1001 1007 1024 est

213 1046 305 1079 enim,
320 1045 384 1073 licet
407 1045 534 1072 Christus
560 1043 625 1071 illud
646 1043 727 1071 toties
753 1041 1005 1074 commonefecerit,

215 1091 282 1118 licet
298 1091 392 1118 multis
412 1090 493 1117 minis
517 1089 683 1122 devinxerit,
702 1089 766 1116 licet
796 1087 924 1123 fulgetra,
953 1087 1007 1114 ful-

216 1138 302 1169 mina,
318 1137 449 1170 tonitrua,
468 1136 561 1163 hiatus
585 1139 666 1163 terra:
682 1134 858 1162 sermonibus
883 1133 942 1161 suis
960 1133 1008 1160 ad-

213 1183 358 1220 junxerit,
378 1191 432 1210 non
459 1187 502 1210 est
521 1181 662 1218 possibile,
677 1185 709 1209 ut
733 1187 829 1208 omnes
858 1187 906 1215 per
936 1180 1008 1208 idem

215 1235 384 1257 momentum
399 1229 516 1257 vendere
538 1229 634 1262 velint,
658 1230 696 1256 ita
712 1232 742 1255 ut
761 1235 842 1255 nemo
866 1235 967 1255 avarus
983 1231 1011 1258 et

215 1277 373 1304 divitiarum
402 1276 519 1310 cupidus
537 1275 726 1310 relinquatur;
759 1282 868 1309 semper
883 1274 956 1302 enim
983 1278 1011 1301 et

217 1322 319 1357 ubique
332 1322 401 1349 tales
412 1321 559 1348 exsistunt.
572 1320 632 1348 Non
654 1324 696 1347 est
717 1320 805 1347 virtus
818 1319 947 1347 omnibus
961 1327 1011 1354 pa-

216 1368 312 1396 rabilis
327 1376 334 1394 :
355 1366 456 1394 sullicit
470 1367 493 1394 si
513 1374 574 1394 eam
589 1366 712 1393 ambiant
727 1365 819 1399 plures
846 1365 986 1400 sigillatim
1002 1373 1009 1392 :

218 1415 267 1442 sed
284 1421 335 1441 nec
349 1413 416 1440 illud
430 1412 551 1444 obviam,
573 1419 622 1439 nec
640 1411 667 1438 in
681 1411 774 1446 aliqua
791 1411 892 1437 virtute
916 1410 1012 1438 obser-

217 1460 363 1492 vandum;
397 1459 539 1494 pauciores
572 1459 700 1486 virtutem
742 1465 825 1493 quam
863 1457 928 1485 vitia
962 1458 1011 1485 ad-

220 1509 325 1532 amant.
344 1504 399 1531 Nee
425 1508 513 1531 tamen
537 1503 616 1530 debet
643 1503 755 1530 humani
782 1502 890 1538 generis
918 1511 1011 1530 curam

1055 263 1188 299 μελετῶν,
1215 263 1360 297 φυλάττειν
1374 260 1406 287 τὺ
1422 258 1581 290 ἀκόλουθον,
1602 257 1640 292 μὴ
1658 256 1700 283 ὅτι
1716 256 1768 282 οὑκ
1788 255 1847 281 ἐστι

1053 308 1183 344 πολιτικὴ
1196 308 1213 343 ἡ
1230 306 1383 341 Δεσποτικὴ
1401 305 1496 339 ἐντολὴ
1521 305 1550 330 ὲν
1574 303 1667 338 εῐρωνι
1696 301 1768 336 λόγῳ
1787 301 1848 327 δια-

1053 353 1239 391 θρύπτεσθαιτ
1254 352 1311 380 ἀλλ’
1334 353 1375 378 ὃτι
1398 351 1429 378 οὺ
1453 350 1599 384 φιλόσοφος
1621 347 1681 374 οὐδὲ
1697 346 1848 381 φιλοσόφου

1054 401 1112 436 βίου
1129 400 1234 436 κρηπίς
1245 407 1252 414 ·
1267 398 1299 425 σὺ
1315 398 1355 430 δὲ,
1373 397 1402 430 ἐξ
1418 394 1455 422 ὧν
1476 395 1526 431 μὲν
1548 394 1641 428 εκείνη
1655 393 1739 428 ψόγον
1759 392 1790 418 οὒ
1805 392 1850 418 δέ·

1053 456 1143 483 χεται,
1166 446 1246 473 τοῦτο
1260 438 1471 478 αἰτιασάμενος(
1492 441 1580 468 καίτοι
1604 440 1657 466 κάν
1688 439 1778 474 τούτῳ
1795 446 1850 472 μα-

1053 493 1204 527 ταιολογεῖν
1228 489 1480 527 προεληλεγμένος·
1508 487 1543 514 δι’
1569 483 1607 513 ὧν
1636 486 1659 512 δ’
1688 485 1722 512 ἂν
1750 484 1848 519 ἐντολὴ

1054 539 1168 575 τοιαύτη
1184 537 1310 575 ψεχθείη,
1329 535 1396 572 μηδὲ
1420 532 1575 570 μεμνῆσθαι
1590 531 1735 567 θαρρήσας
1751 531 1801 557 καὶ
1819 530 1850 556 τὸ

1055 585 1105 620 τῆς
1130 583 1181 618 σῆς
1202 582 1316 617 γνώμης
1335 580 1471 615 φιλαίτιον
1490 578 1538 605 καὶ
1563 575 1782 612 φιλοκακοῦργον
1803 576 1851 602 καὶ

1057 629 1157 664 σαθρὸν
1175 629 1274 663 ἀμάχῳ
1303 627 1375 661 λόγῳ
1389 624 1546 660 διήλεγξαι·
1563 622 1612 649 καὶ
1629 622 1660 648 τὸ
1675 621 1724 656 τῆς
1737 621 1853 656 ἐντολῆς

1055 677 1179 711 κρεῖττον
1211 673 1308 709 μώμου
1332 672 1380 699 καὶ
1406 670 1534 705 διαϐολῆς
1561 669 1670 702 ἀπάσης
1697 667 1744 694 καὶ
1775 667 1854 694 ἄκων

1057 719 1334 756 προσεμαρτύρησας.
1363 717 1435 753 Ὅρα
1460 716 1489 743 δὲ
1521 714 1636 747 λοιπὸν,
1662 714 1737 744 ὅπως
1767 712 1855 743 αὐτὸς

1057 764 1149 800 ἑαυτῷ
1166 763 1333 798 ὑποθέμενος
1359 761 1391 789 τὸ
1413 761 1544 788 ἀδύνατον
1569 759 1633 786 καθ’
1651 758 1746 794 ἑτέρου
1775 757 1857 784 δοκεῖ

1059 811 1186 845 συνάγειν
1200 809 1230 836 τὺ
1246 809 1378 844 ἑπόμενον
1391 807 1501 835 ἄτοπον.
1526 806 1623 839 Λέγων
1639 804 1704 839 γὰρ,
1720 804 1763 830 ὅτι
1787 803 1855 829 Πω-

1057 857 1177 884 λούντων
1189 855 1327 888 ἀπάντων,
1349 853 1391 885 τίς
1409 854 1423 880 ὁ
1444 852 1634 888 ὠνησόμενος;
1661 849 1786 884 ἀδυνάτῳ
1802 849 1856 884 μὲν

1058 904 1140 936 αὐτὸς
1153 903 1227 930 θέσει
1240 902 1290 936 τὴν
1303 901 1420 929 ἀτοπίαν
1436 899 1581 934 ἐφέλκεται
1591 907 1599 913 ·
1613 898 1700 924 οἴεται
1713 896 1741 922 δὲ
1757 895 1790 922 οὐ
1802 896 1857 930 τῆς

1057 950 1139 978 αὐτοῦ
1156 949 1333 986 ῥᾳδιουργίας
1347 944 1420 974 εἶναι
1436 946 1468 972 τὸ
1486 944 1613 980 ἔγκλημα
1636 943 1685 978 τὴν
1699 941 1859 977 ἐπηρεαζο-

1059 996 1144 1032 μένην
1158 995 1180 1021 δ’
1193 994 1304 1029 ἐντολὴν
1329 992 1462 1028 παρέχειν
1477 991 1508 1018 τὸ
1524 990 1620 1017 αῐτιον.
1638 989 1675 1016 Οὐ
1693 988 1747 1023 γὰρ
1766 987 1857 1019 ἐστιν,

1058 1042 1109 1069 οὐκ
1122 1041 1196 1068 ἔστιν
1211 1040 1263 1068 κᾶν
1275 1038 1406 1070 πολλάκις
1421 1037 1501 1064 τοῦτο
1511 1035 1629 1072 Χριστὸς
1645 1033 1858 1069 παραινέσειεν,

1058 1089 1112 1116 κᾶν
1138 1088 1250 1124 μυρίαις
1273 1086 1399 1118 ἀπειλαῖς
1416 1085 1607 1120 καταδήσειεν,
1633 1082 1685 1110 κᾶν
1708 1081 1861 1116 ἀστραπὰς

1059 1135 1106 1163 καὶ
1127 1134 1242 1171 βροντὰς
1263 1133 1312 1160 καὶ
1328 1131 1480 1168 κεραυνοὺς
1498 1131 1545 1157 καὶ
1560 1129 1612 1164 γῆς
1648 1129 1778 1163 χάσματα
1796 1127 1859 1157 τοῖς

1059 1183 1150 1217 λόγοις
1167 1179 1404 1214 συνεπαφήσειεν·
1432 1176 1484 1203 οὐκ
1505 1175 1564 1202 ἔστι
1590 1174 1702 1201 δυνατὸν
1727 1173 1861 1203 ἅπαντας

1062 1227 1112 1263 μὲν
1128 1225 1173 1260 ὑφ’
1188 1225 1237 1252 ἕνα
1250 1223 1349 1259 καιρὸν
1364 1221 1474 1250 ἑλέσθαι
1488 1221 1602 1252 πωλεῖν,
1616 1219 1713 1246 οὐδένα
1735 1217 1764 1244 δὲ
1788 1218 1863 1244 ὐπο-

1060 1272 1201 1308 λελεῖφθαι
1214 1272 1260 1298 τὸν
1273 1269 1421 1306 φιλοκερδῆ
1438 1268 1485 1295 καὶ
1493 1267 1671 1303 φιλόπλουτον
1682 1273 1689 1281 ·
1707 1264 1761 1291 εἰσὶ
1786 1264 1861 1299 γὰρ,

1062 1320 1114 1347 εἰσί
1127 1318 1199 1346 κατά
1212 1317 1303 1345 πάντα
1325 1316 1421 1351 καιρὸν
1438 1311 1511 1342 οὗτοί
1525 1322 1555 1340 τε
1582 1312 1721 1339 κάκεῖνοι·
1738 1310 1865 1345 βάσιμος

1061 1365 1090 1392 δὲ
1104 1363 1233 1391 οὐδέποτε
1251 1362 1337 1389 πᾶσιν
1354 1360 1412 1396 ἃμα
1424 1361 1441 1394 ὴ
1454 1358 1539 1394 ἀρετὴ
1555 1356 1709 1391 ἀγαπητὸν,
1734 1354 1783 1381 διει
1804 1355 1865 1381 κᾶν

1062 1412 1087 1438 οἱ
1110 1410 1220 1441 πλείους
1243 1409 1291 1435 καὶ
1313 1407 1365 1435 ἀνά
1387 1406 1485 1442 μέρος·
1508 1404 1565 1431 ἀλλ’
1582 1403 1643 1430 οὐδὲ
1668 1402 1748 1428 τοῦτο
1777 1401 1863 1436 ῥᾷον,

1063 1458 1117 1485 οὐδ’
1134 1457 1181 1484 ὲπί
1194 1465 1266 1488 τινος
1283 1455 1357 1481 ἐστιν
1374 1454 1437 1480 ίδεῐν
1452 1452 1554 1487 ἀρετῆς
1571 1459 1577 1466 ·
1592 1450 1719 1480 ἐλάττους
1737 1447 1794 1484 γὰρ
1816 1449 1867 1474 ἀεὶ

1063 1504 1165 1538 ταύτης
1181 1503 1196 1538 ἢ
1212 1503 1236 1528 οἱ
1256 1501 1305 1536 τῆς
1327 1499 1424 1530 κακίας
1440 1497 1564 1533 ἐρασταί.
1579 1495 1618 1524 Οὐ
1638 1495 1691 1531 μὴν
1714 1494 1760 1521 διά
1780 1493 1867 1520 τοῦτο

221 1550 386 1585 suscipiens,
402 1549 547 1577 consilium
560 1550 686 1576 omittere
697 1549 815 1576 dandum
827 1554 874 1576 aut
889 1548 1018 1577 informa-

1090 1549 1206 1584 ροσήκει
1227 1546 1274 1574 τοῦ
1299 1545 1470 1580 ἀνθρωπίνου
1492 1543 1588 1577 γένους
1613 1540 1775 1577 προνοητῇ1³
1795 1540 1868 1585 τοίς

222 1596 292 1624 tioni
310 1596 500 1631 supersedere,
529 1595 603 1630 quod
623 1603 676 1622 non
691 1603 787 1623 omnes
800 1595 1011 1630 obtemperant:

223 1643 277 1670 Sed
294 1641 368 1677 quod
382 1642 459 1669 multi
474 1641 509 1668 ab
530 1641 582 1669 hoc
598 1646 659 1669 ortu
675 1641 801 1676 profecti,
819 1641 925 1668 malum
939 1641 1014 1676 quod

221 1693 265 1717 est
278 1689 395 1723 fugiunt,
420 1688 522 1715 bonum
541 1688 653 1723 eligant,
674 1687 776 1715 ideirco
791 1687 941 1722 generatim
966 1688 1015 1715 ad-

222 1733 351 1762 monendi
373 1737 438 1762 sunt
453 1741 549 1762 omnes
576 1737 606 1760 ut
630 1733 758 1760 virtutem
786 1733 888 1761 colant.
911 1733 964 1761 Sed
988 1736 1016 1760 et

223 1780 291 1808 illud
307 1780 406 1807 intueri
419 1780 500 1807 etiam
513 1780 588 1811 licet,
604 1779 676 1814 quod
696 1779 818 1814 prudens
835 1779 887 1806 iste
904 1784 931 1807 et
950 1787 1016 1806 acu-

223 1831 269 1854 tus
282 1827 307 1854 in
333 1826 516 1854 discernenda
537 1825 607 1852 nihil
635 1825 754 1858 videbat,
787 1833 849 1852 cum
878 1825 1016 1859 proferret

223 1873 290 1902 illud
301 1873 406 1900 dictum
418 1881 426 1899 :
443 1872 586 1905 Quomodo
597 1878 692 1899 omnes
707 1871 847 1899 vendent?
861 1871 902 1898 An
917 1879 1015 1900 omnes

224 1919 336 1952 divites,
353 1926 402 1946 nec
414 1918 560 1953 quisquam
575 1925 691 1952 pauper,
705 1917 796 1945 nullus
818 1917 864 1953 qui
879 1918 938 1945 suis
949 1925 1017 1945 con-

224 1970 318 1994 tentus
350 1965 434 1992 vivit?
457 1971 521 1992 cum
542 1963 636 1992 videas
669 1963 820 1999 plerosque
853 1963 882 1991 in
913 1963 1016 1992 talibus

224 2020 328 2040 Vivere.

261 2100 364 2128 Divites
389 2100 476 2128 multo
497 2099 642 2135 pauciores
663 2104 752 2128 sunt:
769 2099 815 2127 ubi
835 2107 901 2135 ergo
921 2107 1018 2128 omnes

227 2146 378 2181 locupletes
393 2147 525 2178 invenies,
543 2146 618 2174 unde
638 2146 686 2174 tibi
700 2151 755 2173 tam
773 2146 968 2181 obsequentes,
987 2151 1017 2173 ut

228 2200 274 2221 res
297 2201 362 2221 suas
377 2193 514 2220 vendant?
535 2192 589 2220 Sed
605 2192 708 2220 videris
724 2192 775 2219 ista
793 2199 810 2219 e
829 2191 949 2220 Platonis
967 2191 1020 2219 lte-

1068 1583 1258 1628 νουθετηρίους
1274 1591 1372 1624 λόγους
1388 1589 1515 1624 ἀφαιρεῖν
1540 1587 1587 1613 καὶ
1609 1586 1658 1621 τὴν
1680 1583 1867 1612 διδασκαλίαν

1068 1639 1226 1675 προελεῖνα,
1247 1637 1314 1664 διότι
1336 1635 1373 1671 μὴ
1392 1634 1497 1665 πάντας
1513 1632 1691 1667 πειθομένους
1704 1630 1761 1666 ἔχοι
1774 1637 1781 1644 ·
1802 1630 1868 1656 ἀλλ’

1068 1687 1109 1713 ὅτι
1125 1684 1232 1715 πολλοῖς
1255 1682 1393 1717 ἐγγίνεται
1408 1681 1441 1707 δι’
1459 1679 1564 1711 αὐτῶν,
1582 1677 1655 1712 φυγὴ
1673 1677 1721 1712 μὲν
1734 1675 1783 1702 τοῦ
1804 1677 1870 1711 χεί-

1071 1740 1157 1768 ρονος,
1174 1731 1280 1766 αἵρεσις
1295 1728 1324 1755 δὲ
1338 1727 1385 1754 τοῦ
1401 1725 1546 1762 βελτίονος,
1561 1723 1606 1751 διὰ
1625 1723 1705 1750 τοῦτο
1729 1723 1770 1748 δεῖ
1793 1723 1871 1751 πάν-

1069 1786 1119 1809 τας
1141 1776 1185 1804 ὲπ’
1210 1774 1310 1810 ἀρετὴν
1340 1771 1522 1807 παρακαλεῖν.
1549 1770 1668 1797 Κάκεῖνο
1696 1768 1725 1794 δὲ
1748 1770 1871 1810 σκοπεῖν

1070 1822 1186 1854 ἔξεστιν,
1201 1809 1275 1850 ὅπως
1292 1817 1376 1853 μηδὲν
1398 1814 1590 1851 προορώμενος
1610 1815 1624 1840 ὁ
1648 1812 1758 1844 συνετὸς
1785 1809 1872 1845 οὗτος

1071 1867 1119 1895 καὶ
1132 1866 1218 1901 ταχὺς
1232 1865 1260 1891 ὲν
1274 1862 1386 1899 θεωρίᾳ.⁷
1400 1862 1432 1888 τὸ
1446 1860 1523 1888 ὲπιὺν
1536 1859 1624 1893 λέγοι·
1646 1858 1709 1890 Πῶς
1724 1857 1780 1894 γάρ
1793 1858 1873 1886 πάν-

1071 1922 1117 1945 τες
1135 1912 1317 1947 πωλήσωσιν;
1331 1907 1407 1944 τΑριι.
1432 1907 1533 1938 πάντες
1554 1905 1688 1937 πλούσιοι,
1705 1904 1752 1931 καὶ
1779 1904 1873 1940 πένης

1072 1959 1176 1992 οὺδείς;
1192 1957 1281 1988 οὐδεὶς
1295 1956 1325 1983 δὲ
1339 1954 1401 1982 οὐδὲ
1416 1953 1472 1980 τῶν
1483 1954 1512 1979 ἒν
1526 1951 1678 1986 αὐταρκείᾳ
1692 1950 1762 1986 μόνῃ
1779 1949 1873 1985 βιούν-

1072 2013 1144 2037 των;
1161 2002 1258 2030 Καίτοι
1272 2002 1302 2028 τὸ
1317 2000 1447 2027 πλεῖστον
1465 1998 1521 2025 τῶν
1535 1997 1691 2033 ἀνθρώπων
1720 1996 1750 2022 ὲν
1773 1997 1873 2023 τοιού-

1071 2060 1129 2083 τοις
1145 2049 1254 2086 ὁρῶμεν
1269 2047 1475 2082 ἐξεταζόμενον.
1784 2078 1790 2083 ν

1109 2096 1236 2124 Πλούσιοι
1247 2095 1275 2122 δὲ
1291 2093 1366 2129 παρὰ
1377 2092 1445 2120 πολὺ
1456 2090 1509 2118 τῶν
1521 2090 1609 2118 ἄλλων
1619 2089 1760 2120 ἐλάττους.
1780 2088 1873 2115 Πόθεν

1073 2143 1119 2173 οὖν
1136 2144 1241 2175 πάντας
1253 2141 1414 2177 ἀνθρώπους
1428 2138 1573 2169 πλουσίους
1590 2133 1681 2172 εὗρες,
1697 2135 1745 2162 καὶ
1765 2136 1873 2162 πωλεῖν

1075 2191 1173 2222 αὐτοὺς
1195 2189 1231 2216 τὰ
1250 2188 1407 2223 ὑπάρχοντα
1429 2183 1588 2220 πειθηνίους
1611 2182 1709 2218 ἐσχες;
1732 2181 1821 2214 Ἀλλ’,
1837 2183 1873 2214 ὡς

228 2239 337 2275 publica
368 2239 533 2274 collegisse,
561 2246 660 2273 nempe
691 2237 788 2265 nullibi
817 2237 1018 2269 inveniendos,

1090 2248 1171 2272 οικεν,
1183 2239 1215 2266 ἐκ
1223 2237 1271 2273 τῆς
1282 2236 1426 2266 Πλάτωνος
1438 2233 1551 2265 τούτους
1568 2230 1701 2263 συνελέξω
1716 2230 1873 2265 πολιτείας,

228 2293 362 2321 nusquam
375 2285 524 2313 exsistente
538 2283 585 2311 tali
599 2283 749 2319 republica.
762 2282 791 2310 Si
804 2282 867 2317 quis
880 2282 1020 2317 egregium

229 2336 308 2359 tuum
338 2331 391 2358 hoc
417 2335 444 2358 et
468 2330 609 2357 curiosum
638 2336 773 2361 examen,
801 2333 828 2356 et
856 2328 1021 2364 exquisitam

230 2378 394 2414 ignorantia:
413 2377 500 2413 legem
518 2377 544 2404 in
559 2378 617 2412 ipsa
631 2377 735 2404 sancita
747 2375 813 2403 velit
827 2376 977 2408 remittere.
996 2380 1024 2403 et

231 2424 404 2453 admirabilia
422 2425 568 2452 doctorum
584 2427 612 2450 et
626 2422 761 2458 majorum
779 2421 1023 2458 apophthegmata,

231 2472 305 2500 risus
325 2476 351 2499 et
365 2470 478 2498 ludibrii
496 2474 689 2505 argumentum
705 2469 813 2497 abunde
829 2469 1022 2504 suppeditare-

215 2524 277 2559 ‘tur
291 2527 299 2548 ;
313 2525 428 2545 examen
450 2517 516 2544 illud
544 2521 621 2544 tuum
647 2517 676 2544 in
699 2524 751 2544 nos
777 2515 926 2549 collatum,
955 2515 1025 2543 nihil

232 2567 331 2599 praeter
343 2563 470 2591 hostilem
484 2562 662 2595 calumniam,
674 2561 850 2590 ambitionem
867 2561 1023 2596 gloriosuli,

212 2604 216 2608 ”
234 2609 302 2637 nihil
315 2609 375 2637 sani
389 2614 515 2645 suggeret
531 2617 538 2638 :
552 2609 625 2644 quod
641 2609 665 2636 si
682 2609 709 2636 in
723 2612 852 2636 auctores
868 2611 1022 2642 regeratur,

210 2657 213 2661 ’
234 2656 276 2683 lex
293 2655 345 2683 erit
359 2656 475 2684 amantis
491 2655 554 2689 viri,
568 2655 703 2690 judicium
722 2653 876 2682 inimicitiis
892 2661 1026 2685 vacuum,

206 2958 226 2971 δ’

233 2700 390 2737 redargutio
411 2709 486 2735 vera,
505 2709 555 2729 nec
569 2701 682 2737 injuria.
702 2700 761 2728 Tua
778 2700 847 2728 scita
864 2699 960 2735 igitur,
978 2706 1026 2733 per

233 2752 280 2776 tua
295 2748 370 2783 scita
387 2752 559 2782 evertuntur,
584 2752 612 2776 et
626 2746 820 2775 dill‘untluntur
844 2746 925 2773 irrisa
939 2753 946 2778 ;
963 2752 1026 2772 eum

1070 2289 1102 2314 ὲκ
1115 2286 1166 2321 τῆς
1180 2283 1293 2321 μηδαμῆ
1317 2280 1449 2318 μηδαμῶς
1469 2278 1640 2314 ὑφεστώσης,
1655 2277 1719 2308 τοὺς
1737 2277 1868 2312 οὐδαμοῦ

1071 2330 1294 2368 εὑρισκομένους.
1311 2328 1343 2355 El
1360 2327 1391 2353 δέ
1407 2334 1449 2358 τις
1464 2325 1514 2360 τὴν
1528 2324 1616 2358 καλήν
1634 2331 1681 2349 σου
1701 2322 1810 2356 ταύτην
1828 2323 1873 2349 κα]

1072 2367 1218 2414 περίεργον
1234 2375 1348 2411 βάσανον
1360 2372 1409 2399 καὶ
1423 2371 1470 2398 τὸν
1485 2369 1587 2406 ἀκριϐῆ
1607 2368 1657 2403 τῆς
1671 2367 1766 2414 ἀνοίας
1777 2368 1873 2402 νὸμοψ

1074 2412 1121 2451 ὲπλ.
1135 2422 1184 2454 τὰς
1199 2421 1250 2453 σὰς
1267 2418 1405 2454 ὲπαφὴσει
1422 2415 1596 2452 νομοθεσίας,
1609 2413 1657 2441 καὶ
1680 2413 1716 2439 τὰ
1731 2412 1873 2448 θαυμαζό-

1078 2469 1146 2506 μενά
1159 2477 1199 2495 σοι
1212 2467 1266 2494 τῶν
1280 2464 1447 2493 διδασκάλων
1458 2462 1506 2490 καὶ
1516 2460 1644 2496 πατέρων
1654 2459 1870 2494 ἀποφθέγματα

1076 2513 1120 2550 ἄρ’
1136 2514 1210 2541 ἔστιν
1225 2512 1240 2539 ὃ
1258 2512 1296 2548 μὴ
1312 2510 1431 2545 γέλωτος
1456 2508 1504 2535 καὶ
1518 2507 1619 2543 χλεύης
1640 2505 1772 2537 ὑπόθεσις
1794 2507 1873 2541 εὺρει

1076 2560 1154 2594 θείης
1171 2557 1260 2585 καίτοι
1283 2554 1344 2582 καθ’
1361 2553 1441 2590 ἡμῶν
1458 2550 1666 2589 προϐαλλομένη
1683 2558 1731 2576 σου
1750 2551 1768 2584 ὴ
1787 2550 1873 2584 βᾶσαι

1076 2614 1132 2638 νος,
1150 2603 1247 2640 ἐχθροῦ
1262 2600 1389 2636 διαϐολὴν
1402 2599 1449 2627 καὶ
1460 2598 1596 2634 φιλαιτίου
1611 2595 1691 2629 δόξαν
1704 2595 1818 2630 ἀνδρὸς,
1833 2596 1873 2623 κά

1075 2654 1169 2688 ἕτερον
1189 2650 1263 2685 ὑγιὲς
1281 2649 1359 2676 οὐδὲν
1378 2646 1476 2683 μηνύει
1488 2653 1495 2660 ’
1518 2643 1589 2672 κατὰ
1606 2642 1636 2670 δὲ
1658 2641 1714 2669 τῶν
1729 2641 1808 2669 ἰδίων
1832 2644 1871 2668 ὲπ

1079 2687 1225 2733 αφιεμένη,
1242 2694 1381 2730 φιλοῦντος
1395 2692 1488 2728 νόμος,
1501 2690 1548 2718 καὶ
1564 2688 1656 2726 κρίσις
1670 2687 1773 2722 ἔχθρας
1787 2697 1873 2724 κεχωη

1081 2745 1209 2781 ρισμένη,
1225 2743 1272 2770 καὶ
1288 2740 1392 2778 ἀληθὴς
1412 2739 1533 2774 ἐλεγχος,
1549 2736 1597 2764 καὶ
1613 2734 1686 2770 μάλα
1706 2733 1826 2767 δικαίως
1850 2736 1873 2761 ᾰ·

870 2837 989 2866 VARIIE
1007 2833 1211 2867 LECTIONES.

289 2928 304 2945 ⁸
317 2921 405 2960 Cum:
419 2921 563 2958 ἀγαπητον
578 2919 618 2949 δέο
674 2921 687 2942 ³³
705 2920 736 2951 C.
755 2920 779 2949 M
807 2920 904 2956 γένους
918 2920 955 2956 τῷ
974 2920 1123 2956 προνοητῇ.
1180 2924 1191 2938 υ
1207 2916 1237 2945 G.
1259 2914 1296 2943 ili.
1313 2912 1462 2950 περιελεῖν.
