1873 3063
395 162 406 176 ,,

26 192 97 225 629

27 248 208 284 νομισθείη.
228 249 310 275 Ὥστε
324 249 359 275 τὰ
375 249 425 284 μὲν
440 249 484 282 σὰ,
501 251 546 278 διὰ
560 252 614 279 τῶν
631 254 686 281 σῶν
701 255 852 292 ἀνατέτραη

25 303 107 321 πται
125 295 180 321 καὶ
188 295 397 322 διαπέπαικταν
411 295 466 322 τῶν
478 296 500 324 δ’
512 298 653 335 ἡμετέρων
669 301 700 328 οὐ
713 302 792 336 μόνον
803 303 849 329 οὒ-

24 340 120 371 save;
135 339 323 372 καθάπτεται,
335 340 403 367 ἀλλὰ
414 341 461 368 καὶ
473 343 564 375 ἀνοίας
579 345 628 371 καὶ
637 345 756 381 Θράσους
768 347 801 374 δι’
811 346 848 375 ὧν

25 386 151 420 ἔφθασε
169 387 359 419 συκοφαντεῖν,
375 386 485 422 ἔλεγχον
495 389 601 425 ὑπέχει.
623 390 692 418 Ἀλλ’
707 393 732 418 εί
747 393 849 426 πάντες

24 431 220 466 πωλήσειαν,
236 432 312 463 ποῖος
332 430 406 464 οἶκος
437 433 546 468 ἔντιμος
572 433 641 462 εἶναι
670 436 794 471 δύναται;
812 436 847 465 Ὦ

21 478 226 512 διαλεκτικῆς
246 478 390 513 ἀκριϐείας
413 480 460 505 καὶ
477 480 646 515 δεινότητοςί
669 482 769 517 βαϐαίί
797 485 847 519 τῆς

24 523 201 558 ρητςιρικῆς
230 531 276 549 σου
291 523 471 559 πιθανότητος
484 525 530 552 καὶ
544 526 724 562 δριμύτητοςί
738 530 752 555 6
763 529 846 562 πολὺς

23 569 119 603 ὁρᾷν,
141 569 195 595 καὶ
209 568 365 604 πόρρωθεν,
376 569 406 596 τὸ
419 571 565 606 ἐπόμενονῐ
581 573 595 598 6
609 575 665 605 τοῖς
677 575 782 609 ῥήμασι
800 584 846 602 σο-

24 613 139 649 δαρὸς,
169 614 219 640 καὶ
239 614 300 645 ταῖς
319 614 489 650 ἀνατροπαῖς
508 617 707 650 ἀνυπόστατος]
730 620 744 646 6
760 620 794 647 τὰ
812 621 845 647 ὲκ

23 660 152 694 τριόδου
179 660 371 692 κατονειδίζων
395 662 478 696 ὴμῖνί
494 661 568 698 ’Ἆρα
589 664 677 698 γραῦς
702 665 732 693 ὲν
747 666 845 701 τριόδῳ

22 705 59 731 ἐκ
84 705 273 739 παννυχίδων
288 706 393 740 ἥκουσα
409 706 463 732 τῶν
481 706 535 733 σῶν
551 706 629 740 θεῶν,
645 708 692 735 καὶ
705 709 768 745 οἴνῳ
783 710 844 737 διά-

23 751 154 786 βροχος,
174 750 234 785 οὐχὶ
253 750 356 777 τούτων
373 752 570 788 ὲντρεχέστερά
580 762 609 780 τε
627 754 675 781 καὶ
685 755 844 792 ἁστειότερα

21 797 216 830 φθέγξαι-ιω
232 796 311 828 Ποίος
320 794 393 828 οἶκος
405 796 513 832 ἔντιμος
527 796 596 825 εἶναι
610 799 737 834 δύναταις
753 801 808 828 Καὶ
817 802 844 828 τί

22 844 78 877 τῆς
99 842 248 877 ἰσότητος,
262 842 323 868 είπέ
339 851 395 877 μοι,
411 845 468 875 τοῖς
485 844 607 880 ἰσότιμον
619 845 733 881 λαχοῦσι
750 847 841 881 φύσιν,

21 887 227 922 τιμιώτεροπ
243 887 302 915 τίδ’
313 889 354 920 εἰς
368 889 475 924 αἵρεσιν
490 890 612 925 ἄμεινον,
636 889 676 923 οἷς
691 893 741 927 τὴν
756 893 842 929 αὐτὴν

23 935 115 960 πόλιν
131 933 252 968 γέγονεν
266 935 362 968 οίκεῖν,
376 935 447 970 ὑπὲρ
462 935 509 963 τοῦ
525 937 618 972 κοινῆς
633 938 779 965 ἀπολαύειν
794 940 841 967 καὶ
855 929 879 958 Β

22 981 136 1015 ὁμοίας
173 979 331 1014 mutatae;
352 981 422 1008 Ἀλλ’
440 983 456 1016 ἡ
474 982 615 1015 πλεονεξία
629 983 653 1016 ἀ,
679 985 696 1019 ἡ
714 986 842 1020 τυραννίς

21 1034 68 1052 σοι
86 1026 129 1052 τὰ
143 1025 258 1060 ἔντιμα,
272 1026 288 1062 ἢ
306 1027 331 1053 οῑ
342 1026 413 1054 δόλοι
428 1028 475 1054 καὶ
490 1029 526 1056 τὰ
542 1029 597 1056 τῶν
624 1029 840 1067 παλιγκαπήλων

20 1073 75 1098 καὶ
94 1071 282 1106 μεταὸολὲων
303 1073 431 1108 ὲπὰρατα
444 1074 513 1100 κατὰ
530 1074 585 1101 τῶν
614 1075 727 1110 πλησίον
751 1085 842 1112 μηχα-

21 1119 56 1152 νή
62 1126 152 1152 ματα
169 1117 218 1144 καὶ
231 1118 407 1153 τεχνάσματα
420 1127 427 1135 '
448 1120 502 1151 πᾶς
514 1120 570 1155 γὰρ
588 1121 627 1152 ὡς
641 1122 743 1149 ἐπίπαν
758 1123 839 1151 πλοῦ-

20 1172 70 1195 τος
84 1163 105 1198 ἦ
128 1163 310 1198 προσφάτους
325 1164 341 1199 ἢ
356 1165 520 1201 παλαιτέρας
535 1167 636 1200 ταύτας
652 1169 708 1204 ἔχει
721 1170 770 1202 τὰς
787 1180 839 1206 πη-

19 1209 79 1242 γὰς
102 1209 164 1244 τῆς
184 1208 331 1242 γενέσεως,
344 1209 378 1236 δι’
391 1207 428 1237 ὧν
439 1211 453 1237 6
468 1212 631 1248 παραϐάτης
639 1213 838 1249 ἀποσεμνύνειν

18 1255 102 1288 ἔγνω
114 1255 150 1281 τὸ
172 1254 291 1289 ἔντιμον.
310 1255 379 1282 Ἀλλ’
396 1256 464 1288 ὅλως
476 1257 621 1292 ἠγνόηκεν,
638 1258 733 1295 ὥσπερ
749 1259 837 1287 ἄπαν-

18 1309 67 1333 τα,
86 1300 120 1327 τί
141 1299 196 1334 μὲν
210 1300 241 1326 τὸ
251 1300 368 1336 ἀληθῶς,
386 1303 432 1328 καὶ
448 1302 524 1337 παρᾶ
540 1303 600 1338 Θεῷ
615 1304 713 1339 τίμιον,
726 1306 754 1332 τί
767 1306 795 1332 δὲ
807 1307 837 1333 τὸ

19 1346 63 1382 μὴ
80 1346 183 1377 οὕτως
199 1345 270 1381 ἕχον.
288 1347 444 1382 ’Δνορωποι
462 1348 512 1382 μὲν
524 1349 588 1384 γὰρ,
610 1350 657 1377 καὶ
670 1351 701 1377 τό
720 1360 750 1378 τε
766 1352 790 1378 οἱ
808 1353 836 1386 ἐξ

16 1391 150 1427 ἀγέλης·
181 1391 213 1417 οὐ
237 1391 291 1427 γὰρ
309 1391 342 1419 ἃν
366 1392 394 1419 οἵ
414 1401 446 1427 γε
467 1394 626 1429 φιλοσοφίας
649 1396 769 1432 καθαρὸν
790 1397 837 1425 τὸν

17 1439 127 1472 ἔρωτα
147 1438 380 1474 συντηρήσαντες,
398 1440 466 1475 πρὸς
487 1440 516 1468 ἓν
546 1442 625 1475 μόνον
649 1442 694 1469 τὸν
710 1443 833 1476 πλοῦτον,

18 1486 74 1512 καὶ
93 1484 154 1519 τὴν
173 1484 203 1516 ἐξ
224 1485 306 1511 αὑτοῦ
327 1485 435 1521 τρυφὴν
452 1486 498 1513 καὶ
517 1487 597 1519 δόξαν
612 1488 767 1524 κεχηνότες,
783 1489 835 1516 κᾶν

20 1531 152 1566 μυρὶοις
171 1531 185 1555 ὀ
198 1530 366 1565 κεκτημένος
383 1531 452 1566 βρύῃ
468 1533 573 1564 κακοῖς,
588 1533 678 1568 τίμιον
691 1534 773 1561 αὐτὸν
787 1535 836 1562 καὶ

21 1576 181 1611 μακάριον
197 1574 338 1609 ἡγοῦνται.
352 1575 418 1607 Θεὸς
440 1575 469 1602 δὲ
494 1576 539 1602 τὸν
563 1577 663 1613 εὑσεὸἧ
685 1579 763 1614 τιμᾷ,
786 1581 833 1606 καὶ
849 1595 870 1626 C

19 1623 88 1653 τοῖς
107 1620 269 1655 φιλαρέτοις
282 1620 312 1647 τὸ
325 1621 435 1653 εὐκλεὲς
451 1622 593 1656 ἀπονέμει,
607 1624 659 1650 κᾶν
673 1625 686 1650 ὸ
699 1624 753 1651 τῶν
766 1634 834 1661 χρη-

22 1668 134 1702 μάτων
153 1666 254 1697 αὐτοὺς
276 1665 359 1700 ὄγκος
385 1667 416 1693 οὐ
435 1667 608 1703 φλεγμαίνει,
629 1669 683 1695 οὐδ’
699 1671 714 1696 6
730 1671 835 1698 ἐκεῖθεν

19 1714 122 1748 τῦφος
149 1712 198 1738 καὶ
222 1713 238 1748 ἡ
253 1713 343 1748 τρυφὴ
360 1713 560 1748 περιϐλέπτους
575 1716 658 1742 ποιεῖ.
684 1716 792 1743 Μᾶλλον
807 1717 836 1744 δὲ

18 1757 69 1790 οἷς
91 1759 113 1793 ἡ
129 1757 196 1789 δόξα
217 1757 261 1783 διὰ
276 1758 388 1790 τούτων,
401 1759 455 1785 οὐδ’
471 1759 485 1785 ὸ
497 1760 547 1794 τῆς
562 1760 662 1795 ἀρετῆς
677 1761 766 1788 ἐθέλει
787 1762 835 1789 πό-

20 1805 91 1836 οος,
111 1803 170 1829 οὐδ’
184 1803 199 1829 6
213 1803 262 1838 τῆς
278 1804 418 1836 εὺσεὸείας
435 1804 515 1840 ζῆλος
531 1807 678 1841 περιεῖναι.
696 1807 770 1834 Ἔδει
781 1817 834 1834 τοι-

18 1849 157 1886 γαροῦν,
177 1849 241 1880 ἔδει,
262 1850 328 1876 Θεὸν
352 1850 415 1876 ὂντα
434 1851 478 1877 τὸν
500 1851 601 1886 Κύριον
624 1852 703 1887 ἡμῶν
731 1853 835 1888 Ἰησοῦν

18 1895 172 1931 Χριστὸν,
180 1894 226 1920 τὸν
238 1895 284 1921 ἐπὶ
295 1895 418 1931 σωτηρίᾳ
431 1895 478 1922 τοῦ
494 1897 588 1930 γένους
603 1897 760 1924 κενώσαντα
770 1899 834 1925 ἑαυο

18 1944 76 1969 τὸν
91 1941 147 1968 καὶ
164 1941 364 1977 παραπλησίως
379 1942 445 1977 ἡμῖν
459 1943 560 1977 σαρκὸς
578 1944 624 1970 καὶ
639 1943 756 1978 αἵματος
778 1953 834 1971 κοι-

19 1989 212 2023 νωνήσαντα,
227 1987 264 2022 μὴ
278 1988 347 2022 πρὸς
358 1987 388 2013 τὸ
400 1987 449 2023 ἡδὺ
465 1989 507 2014 καὶ
522 1990 719 2024 κεχαρισμένον
731 1993 787 2022 τοῖς
800 1991 835 2018 τὰ

19 2035 150 2069 ἐπίγεια
172 2033 317 2068 φρονοῦσιν
336 2033 409 2065 ίδεῖν,
427 2034 489 2069 μηδ’
503 2035 556 2061 ὅσα
580 2036 680 2063 κακίαν
696 2037 758 2071 φύει
773 2037 834 2064 τού-

19 2090 85 2108 των
110 2081 155 2111 εὶς
177 2079 256 2115 ῥίζας
279 2081 420 2116 περιορᾷν,
436 2081 484 2107 καὶ
502 2082 609 2117 καρπὸν
630 2081 665 2108 τὰ
688 2083 834 2119 σπέρματα

19 2125 205 2154 διαδίδοσθαι
215 2134 223 2140 ·
237 2126 330 2152 ἐκεῖνα
341 2126 370 2153 δὲ
382 2126 465 2161 νόμον
478 2127 525 2153 καὶ
538 2127 722 2164 παράγγελμα
735 2131 832 2162 ποιεῖν,

20 2174 60 2200 δι’
77 2169 121 2200 ὧν
138 2171 279 2207 πρόρῥυζα
300 2171 348 2206 μὲν
371 2172 500 2207 τέμνεται
520 2173 555 2199 τὰ
583 2173 669 2209 πάθη,
689 2175 790 2210 ἀρετῆς
805 2176 833 2202 δὲ

21 2221 127 2251 πάσης
150 2218 200 2244 καὶ
215 2218 333 2253 Θεωρίας
345 2218 510 2253 εἰλικρινοῦς
527 2219 712 2255 κατορθοῦτας
727 2226 739 2240 ε
759 2222 776 2256 ή
789 2230 832 2247 τε-

20 2267 145 2296 λείωσις
157 2272 166 2280 ⁸
184 2261 222 2290 ὧν
237 2264 366 2298 οὐδεμιᾶς
384 2264 465 2297 ἐνδεῖ,
483 2264 584 2299 μᾶλλον
600 2265 628 2292 δὲ
643 2266 785 2299 πλειόνων,
801 2266 832 2300 ἐξ
849 2264 870 2292 ῐ)

19 2309 64 2340 ὧν
87 2312 216 2346 εἴρηται,
243 2309 274 2336 τὸ
297 2310 398 2344 κράτος
423 2310 516 2345 ὲπέχει
542 2312 589 2338 καὶ
614 2312 631 2346 ή
659 2313 830 2350 προκειμένη

20 2357 208 2393 παραίνεσις.
233 2355 302 2382 Ἀλλ’
318 2356 372 2391 ἄρα
387 2357 494 2392 μήποτε
510 2357 627 2393 ῥηθῆναι
642 2358 691 2393 μὲν
705 2359 722 2394 ἡ
737 2359 830 2395 ἐντολὴ

20 2405 106 2431 ἅπαν
127 2402 274 2436 διαφεύγει
288 2403 455 2438 παράλογον,
470 2404 579 2438 καὶτῆς
592 2405 624 2431 ἑκ
639 2405 725 2439 λόγων
743 2406 829 2442 λαϐῆς

19 2451 151 2484 ἕπηκεν
167 2447 334 2483 ὑψηλοτέρα·
346 2449 521 2485 παραχρῆναι
534 2450 562 2477 δὲ
575 2450 624 2485 οὐχ
638 2451 734 2485 ὁμοίαν
749 2451 828 2487 ἔλαχε

19 2496 114 2530 φύσιν
126 2503 134 2510 ³
151 2494 223 2520 ἐνδεῖ
232 2494 259 2520 δὲ
277 2494 327 2528 τῆς
342 2496 371 2522 ἐν
383 2495 501 2530 ῥήμασιν
516 2497 713 2532 ἁκολουθίας,ὴ
728 2499 757 2525 ἐν
769 2499 828 2530 ταῖς

20 2540 170 2575 πράξεσιν
185 2539 314 2574 ὖτιαρξις,
332 2541 379 2567 καί
394 2549 436 2573 τις
447 2541 533 2574 οὕτως
546 2543 609 2577 ἔσχε
626 2543 659 2570 δι’
671 2544 760 2571 αὐτῶν
774 2545 827 2571 τῶν

19 2587 120 2620 ἔργων
139 2585 345 2619 ἐναργεστάτην
364 2588 516 2621 παρασχεῖν
533 2587 582 2622 τὴν
599 2588 759 2621 ὑπόστασιν,
779 2589 827 2616 καὶ

18 2632 53 2657 τδ
68 2632 102 2657 ὲν
117 2629 212 2662 λόγοις
226 2629 374 2656 ἀκόλουῡον
385 2631 515 2666 ὁμόλογον
526 2633 559 2667 τῇ
576 2635 713 2669 πρακτικῇ
730 2634 827 2661 οὑσιώ-

20 2685 67 2703 σει
84 2675 292 2707 ἐπιδείξασθαι.
318 2677 394 2703 Ἐπεὶ
409 2678 462 2713 γὰρ
482 2679 498 2713 ἡ
517 2679 652 2714 σωτήριος
669 2680 737 2715 αὑτὴ
757 2689 828 2716 παρη

19 2722 135 2753 αίνεσις
161 2721 205 2748 διὰ
226 2722 281 2748 τῶν
305 2723 479 2751 Δεσποτικῶν
498 2725 546 2751 καὶ
558 2725 700 2760 ἁχράντων
717 2727 827 2762 χειλέων

20 2767 231 2804 προελήλυθεν,
247 2768 276 2801 ἐξ
294 2769 399 2796 ἐκείνου
415 2770 496 2805 μέχρι
519 2770 566 2798 νῦν
581 2772 632 2798 οὐκ
652 2772 709 2799 ἔστι
732 2773 826 2809 χρόνον

22 2813 132 2849 εὑρεῖν,
153 2814 182 2839 ἐν
200 2809 224 2847 ᾧ
237 2813 289 2840 οὐκ
301 2814 360 2841 ἐστι
372 2815 474 2850 ταύτην
492 2817 555 2843 ἰδεῖν
581 2817 611 2843 ὲν
629 2819 689 2850 ταῖς
711 2819 764 2846 τῶν
782 2820 827 2846 ἀν-

596 200 647 244 AD_
656 201 954 236 AMPHILOCHIUM
965 207 1138 243 QUIESTIO
1156 210 1204 240 Cl.

1637 211 1689 243 630

865 259 888 288 Α
905 265 999 289 uestra
1017 263 1091 291 nullo
1106 264 1204 292 borum
1216 264 1398 300 impetantur;
1415 265 1462 293 sed
1477 265 1686 301 impudentiam,

902 307 1056 339 audaciam,
1070 309 1234 336 calumniam
1251 310 1422 337 accusatoris
1436 311 1614 338 convincunt.
1632 311 1686 339 Sed

902 352 925 379 si
941 359 1036 380 omnes
1055 353 1219 387 venderent,
1245 363 1305 390 quas
1320 355 1419 382 domus
1444 360 1491 382 aut
1516 357 1604 390 pretio
1616 377 1623 388 ,
1640 362 1688 384 aut

900 397 992 425 valere
1017 406 1068 425 suo
1090 404 1217 427 constare
1240 401 1349 434 posset?
1373 400 1439 427 Hem
1469 404 1543 427 tuam
1568 409 1688 428 exaccu-

900 445 988 468 ratam
1008 442 1195 470 dialecticam!
1220 444 1254 471 oh
1282 445 1458 478 gravitatem!
1480 444 1575 478 Papzei
1598 445 1686 478 Quam

899 487 1035 515 rhetorica
1058 489 1210 522 persuasio,
1237 498 1318 524 quam
1346 490 1480 517 severitas
1499 490 1556 517 haec
1579 491 1685 526 pungit,

898 537 927 560 et
951 540 1033 568 saepe,
1050 539 1077 562 et
1089 535 1167 569 longe
1184 543 1198 562 a
1225 536 1421 570 consequentia
1442 537 1580 563 intueturl
1604 544 1686 571 quam

898 578 1047 606 verborum
1064 587 1191 614 pompam
1210 580 1236 607 in
1252 580 1397 607 refutando
1419 589 1474 615 prae
1494 589 1523 608 se
1541 581 1609 608 fert!
1626 589 1687 615 quae

895 623 1020 651 convicia
1042 624 1075 651 de
1092 625 1172 651 trivio
1194 631 1301 660 arrepta
1323 625 1349 652 in
1369 633 1419 653 nos
1441 626 1586 661 congerit!
1607 627 1686 654 Certe

897 669 1055 697 triobolaris
1077 678 1148 697 anus
1170 671 1204 698 de
1229 671 1331 706 vigiliis
1355 671 1469 698 deorum
1497 676 1607 699 tuorum
1637 680 1686 707 per

896 716 1015 750 compita
1031 723 1185 750 permeans,
1199 717 1263 743 vino
1287 717 1455 748 madefacta,
1476 725 1509 744 an
1528 725 1581 744 non
1597 718 1684 753 magis

896 760 1020 795 apposite
1050 765 1077 787 et
1092 765 1188 788 exacte
1211 762 1410 796 responderet?
1423 762 1490 794 Quae
1505 762 1603 790 domus
1618 770 1682 797 pres

896 804 934 831 tio
955 809 1083 832 constare
1105 806 1225 840 poterit?
1248 810 1276 834 et
1295 807 1425 841 quidnam
1453 807 1540 842 magis
1566 807 1683 834 honora-

895 855 965 883 tum,
983 859 1065 886 quam
1083 851 1226 886 aequalitas
1247 853 1318 879 inter
1336 860 1385 879 eos
1401 853 1500 887 quibus
1522 858 1564 881 est
1584 859 1683 880 natura

893 896 1025 931 :equalis?
1039 896 1104 932 quid
1117 897 1204 932 magis
1217 897 1344 932 optabile,
1358 905 1440 933 quam
1454 903 1483 925 ut
1498 899 1545 933 qui
1560 899 1682 926 eamdem

893 942 1035 970 civitatem
1052 943 1158 975 colunt,
1180 943 1277 978 aequali
1299 949 1371 971 statu
1395 948 1422 971 et
1443 944 1601 972 conditione
1620 953 1682 980 per-

892 987 1038 1016 fruantur?
1055 988 1107 1016 Sed
1124 989 1310 1024 inaequalitas,
1326 990 1373 1017 sed
1391 990 1514 1024 tyrannis
1526 991 1596 1025 apud
1612 995 1638 1017 te
1653 991 1681 1017 in

892 1035 992 1069 pretio,
1011 1034 1054 1062 vel
1068 1034 1134 1067 doli,
1164 1035 1210 1062 sed
1229 1035 1443 1070 cauponantium
1467 1040 1495 1062 et
1514 1036 1680 1063 licitatorum

891 1080 920 1108 in
938 1080 1044 1109 vicinos
1063 1081 1197 1109 machime
1220 1086 1248 1109 et
1270 1082 1427 1109 artificiosae
1440 1082 1560 1110 fraudes.
1577 1081 1680 1110 Omnes

891 1128 962 1155 enim
980 1135 1057 1162 opes,
1079 1128 1121 1155 vel
1141 1135 1239 1160 novos,
1255 1129 1297 1155 vel
1323 1129 1449 1164 antiquos
1465 1128 1552 1156 fontes
1569 1129 1679 1156 eosdem

890 1173 1003 1205 habent,
1021 1181 1068 1207 per
1080 1181 1150 1208 quos
1163 1177 1287 1208 apostata
1305 1182 1384 1201 suum
1399 1175 1556 1201 honorabile
1572 1174 1679 1210 magni-

890 1218 972 1246 ficare
987 1219 1054 1246 vult.
1069 1218 1121 1252 Qui
1133 1220 1223 1253 plane,
1242 1224 1271 1246 ut
1285 1223 1312 1246 et
1329 1224 1425 1247 caetera
1443 1220 1595 1254 ignorabat,
1612 1221 1678 1255 quid

889 1265 961 1300 apud
987 1264 1072 1292 Deum
1099 1265 1279 1294 honoriﬁcum
1303 1270 1376 1294 esset
1405 1267 1529 1299 veritate,
1554 1274 1586 1294 ac
1612 1267 1677 1300 quid

888 1318 954 1338 non.
977 1310 1107 1338 Homines
1123 1311 1208 1345 enim,
1222 1311 1286 1338 licet
1302 1320 1354 1338 non
1378 1312 1507 1346 gregarii,
1531 1312 1578 1338 sed
1592 1311 1678 1346 philo-

888 1357 978 1391 sophi,
1003 1357 1050 1392 qui
1072 1357 1205 1384 illibatum
1228 1361 1392 1384 conservant
1420 1364 1553 1387 amorem.
1578 1357 1674 1385 unica!

887 1407 992 1430 tantum
1019 1403 1128 1431 divitias
1157 1411 1306 1438 earumque
1331 1403 1452 1431 lautitias
1481 1408 1507 1430 et
1529 1403 1672 1438 gloriolam

887 1449 1004 1481 inhiant,
1018 1453 1044 1476 ct
1061 1454 1199 1484 utcunque
1215 1449 1261 1484 qui
1281 1456 1327 1476 eas
1344 1449 1483 1484 possident
1499 1457 1565 1484 opes
1580 1450 1672 1478 multis

886 1494 964 1521 malls
982 1499 1115 1527 scateant,
1139 1494 1329 1521 honorandum
1348 1499 1438 1521 tamen
1464 1499 1491 1522 et
1505 1495 1612 1521 beatum
1630 1494 1676 1530 ju-

886 1536 990 1565 dicant.
1007 1539 1077 1566 Deus
1099 1539 1201 1573 pietate
1214 1539 1344 1574 praeditos
1359 1539 1489 1573 honorat,
1512 1544 1538 1567 et
1561 1540 1674 1575 gloriam

888 1583 933 1611 dat
947 1584 1075 1612 virtutem
1101 1585 1288 1619 diligentibus,
1307 1585 1370 1613 licet
1392 1594 1473 1621 opum
1499 1587 1561 1614 illos
1585 1591 1676 1614 tumor

888 1639 941 1658 non
958 1630 1042 1663 inﬂet,
1057 1639 1106 1659 nec
1117 1631 1216 1667 typhus
1227 1637 1275 1659 aut
1290 1632 1372 1660 luxus
1387 1634 1565 1661 observabilis
1581 1633 1675 1662 fuerit.

886 1676 953 1704 Nam
967 1677 1014 1712 qui
1031 1677 1146 1711 gloriam
1164 1678 1227 1705 inde
1239 1683 1421 1711 aucupantur,
1439 1687 1489 1706 nec
1504 1679 1614 1707 virtutis
1631 1680 1676 1707 de-

886 1723 1006 1755 siderio.
1045 1731 1095 1750 nec
1134 1724 1244 1758 pietatis
1272 1724 1364 1758 aliquo
1402 1729 1553 1760 tanguntur
1593 1726 1672 1757 zelo;

885 1777 994 1803 aequum
1007 1773 1066 1796 erat
1081 1777 1156 1804 ergo,
1172 1775 1202 1797 ut
1213 1769 1345 1797 Dominus
1358 1775 1385 1797 et
1399 1770 1471 1798 Deus
1486 1775 1579 1798 noster
1594 1770 1674 1799 .lcsus

885 1814 1023 1845 Christus.
1040 1815 1087 1850 qui
1103 1816 1138 1842 ob
1152 1815 1261 1850 generis
1276 1816 1362 1842 nostri
1379 1816 1494 1843 salutem
1515 1823 1545 1844 se
1559 1824 1674 1843 evacua-

886 1866 962 1888 verat
975 1866 1001 1888 et
1015 1861 1106 1888 carnis
1120 1865 1221 1888 nostra:
1237 1866 1318 1896 atque
1331 1862 1472 1896 sanguinis
1491 1861 1573 1889 ﬁebat
1587 1862 1673 1896 parti-

885 1914 960 1941 ceps,
982 1913 1036 1933 non
1061 1906 1086 1933 id
1104 1906 1175 1940 quod
1197 1914 1281 1933 suave
1300 1911 1327 1933 et
1348 1912 1488 1941 acceptum
1513 1912 1555 1934 est
1577 1907 1611 1934 iis
1626 1908 1672 1942 qui

886 1957 993 1979 terrena
1014 1953 1134 1986 sapiunt,
1150 1957 1198 1978 aut
1219 1959 1281 1986 qua
1292 1952 1441 1987 nequitiam
1454 1953 1670 1987 progerminant,

885 2006 979 2025 eorum
1015 1998 1120 2025 radices
1154 1997 1357 2030 consideraret,
1386 2003 1412 2025 et
1438 1998 1543 2025 semina
1569 2003 1673 2025 sereret

885 2043 1019 2077 ejusmodi
1043 2045 1162 2071 fructum
1189 2043 1384 2079 producentia;
1410 2043 1468 2076 sed,
1493 2048 1523 2070 ut
1549 2044 1623 2079 leges
1645 2049 1672 2071 et

885 2087 973 2114 cdicta
1000 2087 1045 2114 illa
1073 2087 1180 2115 sancire
1207 2095 1255 2122 per
1282 2096 1344 2123 qua:
1374 2088 1506 2115 radicitus
1530 2089 1672 2122 passiones

884 2134 1049 2166 evelluntur.
1066 2134 1176 2162 virtutis
1201 2138 1228 2161 et
1241 2133 1480 2168 contemplationis
1497 2142 1572 2170 purae
1584 2135 1672 2169 perfe-

883 2181 938 2208 ctio
963 2185 1170 2208 consummatur
1198 2180 1301 2208 :nullo
1327 2181 1437 2208 illorum
1461 2181 1582 2216 indiget,
1616 2181 1673 2208 imo

884 2227 1071 2262 multipliciter
1097 2234 1130 2254 ea
1159 2226 1283 2254 continet
1312 2235 1433 2261 prazsens
1463 2227 1614 2254 admonitio
1645 2231 1673 2254 ct

885 2272 1042 2299 consilium.
1064 2272 1116 2298 Sed
1132 2270 1260 2299 fortassis
1283 2272 1351 2299 nihil
1373 2277 1415 2299 est
1436 2271 1463 2298 in
1485 2271 1538 2298 hoc
1554 2271 1671 2298 consilio

885 2317 1018 2345 absonum
1051 2321 1098 2344 aut
1119 2317 1278 2349 absurdum,
1293 2324 1343 2344 nec
1358 2324 1451 2344 ansam
1467 2316 1538 2351 quod
1552 2316 1671 2351 praebeat

882 2363 955 2398 juste
974 2362 1112 2397 carpendi.
1132 2362 1185 2389 Sed
1205 2370 1260 2390 nou
1276 2367 1331 2390 tam
1349 2362 1426 2390 facile
1449 2368 1545 2389 natura
1561 2361 1623 2394 fert,
1642 2365 1670 2388 at

885 2411 941 2442 fiat,
956 2414 983 2436 et
1003 2409 1109 2436 actione
1126 2409 1298 2443 compleatur
1311 2409 1400 2436 deﬁcit
1416 2413 1504 2441 actus,
1528 2416 1578 2435 nec
1595 2407 1668 2443 aspi-

883 2462 925 2483 rat
940 2455 974 2483 ad
991 2455 1126 2482 orationis
1150 2455 1300 2490 scquelam,
1320 2462 1370 2481 nec
1391 2456 1452 2489 quis
1472 2462 1553 2489 opere
1578 2454 1669 2481 subsi-

881 2507 997 2530 stentem
1022 2501 1157 2528 acliouem
1183 2503 1320 2535 suggeret,
1346 2504 1393 2526 aut
1413 2499 1581 2527 conformem
1611 2506 1668 2526 ser-

882 2548 967 2575 moni.
990 2547 1141 2575 Consilium
1170 2547 1222 2574 hoc
1248 2545 1420 2574 salutiferum
1444 2553 1491 2580 per
1519 2545 1667 2580 purissima

882 2594 988 2622 Domini
1000 2593 1071 2620 labia
1087 2593 1233 2628 prolatum,
1248 2593 1282 2620 ab
1295 2593 1370 2620 omni
1383 2592 1518 2627 praeterita
1535 2592 1667 2619 memoria

881 2639 913 2665 ad
929 2639 1002 2666 hunc
1025 2646 1112 2673 usque
1134 2638 1206 2665 diem
1229 2645 1338 2672 semper
1353 2637 1484 2665 animitus
1509 2636 1667 2664 hominibus

881 2684 1042 2717 radicatum,
1070 2687 1098 2711 et
1125 2683 1271 2718 profunde,
1297 2684 1360 2716 late,
1387 2683 1465 2719 longe
1487 2687 1662 2718 augmentum

879 2729 999 2764 capiens,
1018 2729 1134 2758 virtutes
1160 2734 1273 2758 caeteras
1289 2730 1425 2765 perfectas
1442 2729 1665 2760 consummavit;

878 2779 919 2801 ter
934 2774 1007 2802 mille
1029 2774 1175 2810 quinquies
1193 2774 1267 2801 mille
1287 2775 1363 2807 olim,
1382 2780 1409 2802 et
1426 2778 1520 2809 postea
1541 2774 1667 2801 innume-

877 2821 973 2849 rabilis
998 2821 1140 2848 hominum
1157 2820 1315 2855 tnultitudo,
1343 2821 1371 2849 in
1393 2828 1540 2849 commune
1564 2828 1665 2849 conve‘

638 2876 754 2904 VARIAZ
781 2877 984 2907 LECTIONES.

80 2916 97 2939 αι
114 2917 161 2944 ἶσ.
266 2922 277 2936 ε
295 2918 325 2946 C.
339 2918 374 2949 Μ,
396 2919 592 2956 κατορθοῦσαν.
