  <div class='ocr_page' id='page_1' title='image "/cluster/home/n/w/nwhite01/storage/ocr_20150623/101/njp.32101077772877/399.png"; bbox 0 0 1873 3063; ppageno 0'>
   <div class='ocr_carea' id='block_1_1' title="bbox 247 155 298 190">
    <p class='ocr_par' dir='ltr' id='par_1_1' title="bbox 247 155 298 190">
     <span class='ocr_line' id='line_1_1' title="bbox 247 155 298 190; baseline 0.02 -1"><span class='ocrx_word' id='word_1_1' title='bbox 247 155 298 190; x_wconf 69' lang='lat'><strong>631</strong></span> 
     </span>
    </p>
   </div>
   <div class='ocr_carea' id='block_1_2' title="bbox 825 151 1861 186">
    <p class='ocr_par' dir='ltr' id='par_1_2' title="bbox 825 151 1861 186">
     <span class='ocr_line' id='line_1_2' title="bbox 825 151 1861 186; baseline -0.011 0"><span class='ocrx_word' id='word_1_2' title='bbox 825 155 959 186; x_wconf 82' lang='lat' dir='ltr'><strong>PHOTII</strong></span> <span class='ocrx_word' id='word_1_3' title='bbox 974 151 1229 184; x_wconf 62' lang='lat' dir='ltr'><strong>PATRIARCHE</strong></span> <span class='ocrx_word' id='word_1_4' title='bbox 1247 151 1302 182; x_wconf 89' lang='lat' dir='ltr'><strong>CP.</strong></span> <span class='ocrx_word' id='word_1_5' title='bbox 1829 153 1861 184; x_wconf 80' lang='lat'><strong>(,3</strong></span> 
     </span>
    </p>
   </div>
   <div class='ocr_carea' id='block_1_3' title="bbox 247 204 986 246">
    <p class='ocr_par' dir='ltr' id='par_1_3' title="bbox 247 208 986 246">
     <span class='ocr_line' id='line_1_3' title="bbox 247 208 986 246; baseline -0.005 -6"><span class='ocrx_word' id='word_1_6' title='bbox 247 214 374 245; x_wconf 87' lang='lat' dir='ltr'><strong>nientcs,</strong></span> <span class='ocrx_word' id='word_1_7' title='bbox 398 216 425 238; x_wconf 91' lang='lat' dir='ltr'><strong>et</strong></span> <span class='ocrx_word' id='word_1_8' title='bbox 457 210 490 239; x_wconf 79' lang='lat' dir='ltr'><strong>de</strong></span> <span class='ocrx_word' id='word_1_9' title='bbox 516 210 636 246; x_wconf 84' lang='lat' dir='ltr'><strong>propriis</strong></span> <span class='ocrx_word' id='word_1_10' title='bbox 665 208 847 242; x_wconf 74' lang='lat' dir='ltr'><strong>accedentes,</strong></span> <span class='ocrx_word' id='word_1_11' title='bbox 882 216 986 236; x_wconf 87' lang='lat' dir='ltr'><strong>commu</strong></span> 
     </span>
    </p>
   </div>
   <div class='ocr_carea' id='block_1_4' title="bbox 1122 204 1861 246">
    <p class='ocr_par' dir='ltr' id='par_1_4' title="bbox 1122 204 1861 241">
     <span class='ocr_line' id='line_1_4' title="bbox 1122 204 1861 241; baseline 0.005 -10"><span class='ocrx_word' id='word_1_12' title='bbox 1122 206 1210 233; x_wconf 67' lang='grc' dir='ltr'>,ώπων</span> <span class='ocrx_word' id='word_1_13' title='bbox 1227 205 1329 241; x_wconf 79' lang='grc' dir='ltr'><strong>ψυχαῖς</strong></span> <span class='ocrx_word' id='word_1_14' title='bbox 1345 204 1584 241; x_wconf 63' lang='grc' dir='ltr'>διαί-ῥιζουμενην,</span> <span class='ocrx_word' id='word_1_15' title='bbox 1604 206 1653 232; x_wconf 71' lang='grc' dir='ltr'><strong>καὶ</strong></span> <span class='ocrx_word' id='word_1_16' title='bbox 1667 206 1861 241; x_wconf 67' lang='grc' dir='ltr'>ἓμδαθύνουσαι</span> 
     </span>
    </p>
   </div>
   <div class='ocr_carea' id='block_1_5' title="bbox 248 255 1039 291">
    <p class='ocr_par' dir='ltr' id='par_1_5' title="bbox 248 255 1039 291">
     <span class='ocr_line' id='line_1_5' title="bbox 248 255 1039 291; baseline -0.003 -8"><span class='ocrx_word' id='word_1_17' title='bbox 248 258 393 285; x_wconf 86' lang='lat' dir='ltr'><strong>voluerunt</strong></span> <span class='ocrx_word' id='word_1_18' title='bbox 420 265 482 285; x_wconf 89' lang='lat' dir='ltr'><strong>esse</strong></span> <span class='ocrx_word' id='word_1_19' title='bbox 506 264 567 291; x_wconf 69' lang='grc' dir='ltr'>ιιιιω</span> <span class='ocrx_word' id='word_1_20' title='bbox 588 255 787 290; x_wconf 83' lang='lat' dir='ltr'><strong>possidebant,</strong></span> <span class='ocrx_word' id='word_1_21' title='bbox 817 263 868 282; x_wconf 89' lang='lat' dir='ltr'><strong>nec</strong></span> <span class='ocrx_word' id='word_1_22' title='bbox 895 255 967 282; x_wconf 87' lang='lat' dir='ltr'><strong>inter</strong></span> <span class='ocrx_word' id='word_1_23' title='bbox 992 261 1039 281; x_wconf 90' lang='lat' dir='ltr'><strong>eos</strong></span> 
     </span>
    </p>
   </div>
   <div class='ocr_carea' id='block_1_6' title="bbox 246 298 1038 339">
    <p class='ocr_par' dir='ltr' id='par_1_6' title="bbox 246 298 1038 339">
     <span class='ocr_line' id='line_1_6' title="bbox 246 298 1038 339; baseline -0.005 -9"><span class='ocrx_word' id='word_1_24' title='bbox 246 303 383 339; x_wconf 79' lang='lat' dir='ltr'><strong>quispiam</strong></span> <span class='ocrx_word' id='word_1_25' title='bbox 406 310 510 338; x_wconf 89' lang='lat' dir='ltr'><strong>pauper</strong></span> <span class='ocrx_word' id='word_1_26' title='bbox 532 307 592 329; x_wconf 85' lang='lat' dir='ltr'><strong>erat</strong></span> <span class='ocrx_word' id='word_1_27' title='bbox 606 302 676 336; x_wconf 83' lang='lat' dir='ltr'><strong>(eral</strong></span> <span class='ocrx_word' id='word_1_28' title='bbox 693 301 751 328; x_wconf 69' lang='lat' dir='ltr'><strong>haec</strong></span> <span class='ocrx_word' id='word_1_29' title='bbox 770 300 904 327; x_wconf 82' lang='lat' dir='ltr'><strong>mirabilis</strong></span> <span class='ocrx_word' id='word_1_30' title='bbox 925 298 1038 334; x_wconf 65' lang='lat' dir='ltr'><strong>aequali-</strong></span> 
     </span>
    </p>
   </div>
   <div class='ocr_carea' id='block_1_7' title="bbox 247 345 1040 383">
    <p class='ocr_par' dir='ltr' id='par_1_7' title="bbox 247 345 1040 383">
     <span class='ocr_line' id='line_1_7' title="bbox 247 345 1040 383; baseline -0.005 -7"><span class='ocrx_word' id='word_1_31' title='bbox 247 354 300 381; x_wconf 87' lang='lat' dir='ltr'><strong>tas,</strong></span> <span class='ocrx_word' id='word_1_32' title='bbox 321 356 372 376; x_wconf 84' lang='lat' dir='ltr'><strong>nec</strong></span> <span class='ocrx_word' id='word_1_33' title='bbox 391 348 526 383; x_wconf 88' lang='lat' dir='ltr'><strong>speranda</strong></span> <span class='ocrx_word' id='word_1_34' title='bbox 549 348 601 375; x_wconf 84' lang='lat' dir='ltr'><strong>nisi</strong></span> <span class='ocrx_word' id='word_1_35' title='bbox 618 355 681 374; x_wconf 90' lang='lat' dir='ltr'><strong>cum</strong></span> <span class='ocrx_word' id='word_1_36' title='bbox 702 346 900 380; x_wconf 76' lang='lat' dir='ltr'><strong>adhiberetur),</strong></span> <span class='ocrx_word' id='word_1_37' title='bbox 921 345 968 373; x_wconf 82' lang='lat' dir='ltr'><strong>sed</strong></span> <span class='ocrx_word' id='word_1_38' title='bbox 990 352 1040 372; x_wconf 83' lang='lat' dir='ltr'><strong>nec</strong></span> 
     </span>
    </p>
   </div>
   <div class='ocr_carea' id='block_1_8' title="bbox 246 391 1039 428">
    <p class='ocr_par' dir='ltr' id='par_1_8' title="bbox 246 391 1039 428">
     <span class='ocr_line' id='line_1_8' title="bbox 246 391 1039 428; baseline -0.003 -8"><span class='ocrx_word' id='word_1_39' title='bbox 246 394 334 421; x_wconf 79' lang='lat' dir='ltr'><strong>dives.</strong></span> <span class='ocrx_word' id='word_1_40' title='bbox 350 403 360 419; x_wconf 77' lang='grc' dir='ltr'><strong>ι</strong></span> <span class='ocrx_word' id='word_1_41' title='bbox 377 393 540 428; x_wconf 62' lang='lat' dir='ltr'><strong>Quicunque</strong></span> <span class='ocrx_word' id='word_1_42' title='bbox 561 393 644 425; x_wconf 85' lang='lat' dir='ltr'><strong>enim,</strong></span> <span class='ocrx_word' id='word_1_43' title='bbox 661 401 670 418; x_wconf 77' lang='grc' dir='ltr'>ι</span> <span class='ocrx_word' id='word_1_44' title='bbox 691 392 729 418; x_wconf 90' lang='lat' dir='ltr'><strong>ait</strong></span> <span class='ocrx_word' id='word_1_45' title='bbox 747 391 900 426; x_wconf 74' lang='lat' dir='ltr'><strong>Scriptura,</strong></span> <span class='ocrx_word' id='word_1_46' title='bbox 919 401 928 416; x_wconf 79' lang='grc' dir='ltr'>ι</span> <span class='ocrx_word' id='word_1_47' title='bbox 943 391 1039 418; x_wconf 90' lang='lat' dir='ltr'><strong>domos</strong></span> 
     </span>
    </p>
   </div>
   <div class='ocr_carea' id='block_1_9' title="bbox 246 435 1040 473">
    <p class='ocr_par' dir='ltr' id='par_1_9' title="bbox 246 435 1040 473">
     <span class='ocr_line' id='line_1_9' title="bbox 246 435 1040 473; baseline -0.004 -7"><span class='ocrx_word' id='word_1_48' title='bbox 246 439 289 466; x_wconf 89' lang='lat' dir='ltr'><strong>vel</strong></span> <span class='ocrx_word' id='word_1_49' title='bbox 305 445 387 473; x_wconf 72' lang='lat' dir='ltr'><strong>agros</strong></span> <span class='ocrx_word' id='word_1_50' title='bbox 408 437 596 472; x_wconf 80' lang='lat' dir='ltr'><strong>possidebant.</strong></span> <span class='ocrx_word' id='word_1_51' title='bbox 618 437 783 469; x_wconf 86' lang='lat' dir='ltr'><strong>vendebant,</strong></span> <span class='ocrx_word' id='word_1_52' title='bbox 804 441 831 463; x_wconf 89' lang='lat' dir='ltr'><strong>et</strong></span> <span class='ocrx_word' id='word_1_53' title='bbox 850 436 966 472; x_wconf 89' lang='lat' dir='ltr'><strong>pretium</strong></span> <span class='ocrx_word' id='word_1_54' title='bbox 989 435 1040 463; x_wconf 88' lang='lat' dir='ltr'><strong>ad-</strong></span> 
     </span>
    </p>
   </div>
   <div class='ocr_carea' id='block_1_10' title="bbox 247 481 1039 518">
    <p class='ocr_par' dir='ltr' id='par_1_10' title="bbox 247 481 1039 518">
     <span class='ocr_line' id='line_1_10' title="bbox 247 481 1039 518; baseline -0.003 -8"><span class='ocrx_word' id='word_1_55' title='bbox 247 484 361 511; x_wconf 87' lang='lat' dir='ltr'><strong>ductutn</strong></span> <span class='ocrx_word' id='word_1_56' title='bbox 373 483 406 510; x_wconf 87' lang='lat' dir='ltr'><strong>ad</strong></span> <span class='ocrx_word' id='word_1_57' title='bbox 418 483 501 518; x_wconf 89' lang='lat' dir='ltr'><strong>pedes</strong></span> <span class='ocrx_word' id='word_1_58' title='bbox 513 482 700 517; x_wconf 72' lang='lat' dir='ltr'><strong>apostolorum</strong></span> <span class='ocrx_word' id='word_1_59' title='bbox 710 482 896 517; x_wconf 86' lang='lat' dir='ltr'><strong>deponcbant,</strong></span> <span class='ocrx_word' id='word_1_60' title='bbox 907 486 933 509; x_wconf 92' lang='lat' dir='ltr'><strong>et</strong></span> <span class='ocrx_word' id='word_1_61' title='bbox 944 481 1039 509; x_wconf 90' lang='lat' dir='ltr'><strong>distri-</strong></span> 
     </span>
    </p>
   </div>
   <div class='ocr_carea' id='block_1_11' title="bbox 248 526 1040 563">
    <p class='ocr_par' dir='ltr' id='par_1_11' title="bbox 248 526 1040 563">
     <span class='ocr_line' id='line_1_11' title="bbox 248 526 1040 563; baseline -0.001 -8"><span class='ocrx_word' id='word_1_62' title='bbox 248 529 382 556; x_wconf 87' lang='lat' dir='ltr'><strong>buebatur</strong></span> <span class='ocrx_word' id='word_1_63' title='bbox 411 528 511 563; x_wconf 83' lang='lat' dir='ltr'><strong>cuique</strong></span> <span class='ocrx_word' id='word_1_64' title='bbox 533 532 613 562; x_wconf 92' lang='lat' dir='ltr'><strong>prout</strong></span> <span class='ocrx_word' id='word_1_65' title='bbox 637 528 775 562; x_wconf 77' lang='lat' dir='ltr'><strong>indigebat</strong></span> <span class='ocrx_word' id='word_1_66' title='bbox 785 528 818 554; x_wconf 76' lang='grc'><strong>⁷⁵.</strong></span> <span class='ocrx_word' id='word_1_67' title='bbox 838 536 847 552; x_wconf 69' lang='grc' dir='ltr'>ι</span> <span class='ocrx_word' id='word_1_68' title='bbox 874 526 972 560; x_wconf 80' lang='lat' dir='ltr'><strong>Audis,</strong></span> <span class='ocrx_word' id='word_1_69' title='bbox 987 526 1040 554; x_wconf 85' lang='lat' dir='ltr'><strong>Ju-</strong></span> 
     </span>
    </p>
   </div>
   <div class='ocr_carea' id='block_1_12' title="bbox 248 573 1040 609">
    <p class='ocr_par' dir='ltr' id='par_1_12' title="bbox 248 573 1040 609">
     <span class='ocr_line' id='line_1_12' title="bbox 248 573 1040 609; baseline -0.003 -7"><span class='ocrx_word' id='word_1_70' title='bbox 248 574 321 602; x_wconf 86' lang='lat' dir='ltr'><strong>liaue</strong></span> <span class='ocrx_word' id='word_1_71' title='bbox 343 583 350 602; x_wconf 87' lang='lat'>:</span> <span class='ocrx_word' id='word_1_72' title='bbox 372 573 424 607; x_wconf 88' lang='lat' dir='ltr'><strong>Qui</strong></span> <span class='ocrx_word' id='word_1_73' title='bbox 450 581 624 609; x_wconf 82' lang='lat' dir='ltr'><strong>possessores</strong></span> <span class='ocrx_word' id='word_1_74' title='bbox 649 578 738 607; x_wconf 86' lang='lat' dir='ltr'><strong>erant,</strong></span> <span class='ocrx_word' id='word_1_75' title='bbox 758 573 922 601; x_wconf 74' lang='lat' dir='ltr'><strong>vendebant.</strong></span> <span class='ocrx_word' id='word_1_76' title='bbox 941 573 1040 600; x_wconf 86' lang='lat' dir='ltr'><strong>Nonne</strong></span> 
     </span>
    </p>
   </div>
   <div class='ocr_carea' id='block_1_13' title="bbox 249 619 1040 648">
    <p class='ocr_par' dir='ltr' id='par_1_13' title="bbox 249 619 1040 648">
     <span class='ocr_line' id='line_1_13' title="bbox 249 619 1040 648; baseline 0 -2"><span class='ocrx_word' id='word_1_77' title='bbox 249 620 365 647; x_wconf 88' lang='lat' dir='ltr'><strong>omnes?</strong></span> <span class='ocrx_word' id='word_1_78' title='bbox 392 620 439 647; x_wconf 89' lang='lat' dir='ltr'><strong>sed</strong></span> <span class='ocrx_word' id='word_1_79' title='bbox 466 624 524 647; x_wconf 90' lang='lat' dir='ltr'><strong>tum</strong></span> <span class='ocrx_word' id='word_1_80' title='bbox 552 620 587 648; x_wconf 87' lang='lat' dir='ltr'><strong>ab</strong></span> <span class='ocrx_word' id='word_1_81' title='bbox 613 620 691 647; x_wconf 85' lang='lat' dir='ltr'><strong>initio</strong></span> <span class='ocrx_word' id='word_1_82' title='bbox 714 620 872 647; x_wconf 84' lang='lat' dir='ltr'><strong>mandatum</strong></span> <span class='ocrx_word' id='word_1_83' title='bbox 904 619 970 646; x_wconf 91' lang='lat' dir='ltr'><strong>illud</strong></span> <span class='ocrx_word' id='word_1_84' title='bbox 1004 619 1040 646; x_wconf 87' lang='lat' dir='ltr'><strong>ita</strong></span> 
     </span>
    </p>
   </div>
   <div class='ocr_carea' id='block_1_14' title="bbox 252 665 1041 701">
    <p class='ocr_par' dir='ltr' id='par_1_14' title="bbox 252 665 1041 701">
     <span class='ocr_line' id='line_1_14' title="bbox 252 665 1041 701; baseline 0 -9"><span class='ocrx_word' id='word_1_85' title='bbox 252 665 397 700; x_wconf 72' lang='lat' dir='ltr'><strong>splendide</strong></span> <span class='ocrx_word' id='word_1_86' title='bbox 414 665 561 698; x_wconf 79' lang='lat' dir='ltr'><strong>ferebatur,</strong></span> <span class='ocrx_word' id='word_1_87' title='bbox 581 671 610 693; x_wconf 91' lang='lat' dir='ltr'><strong>nt</strong></span> <span class='ocrx_word' id='word_1_88' title='bbox 625 673 706 701; x_wconf 88' lang='lat' dir='ltr'><strong>opere</strong></span> <span class='ocrx_word' id='word_1_89' title='bbox 722 666 832 693; x_wconf 84' lang='lat' dir='ltr'><strong>ﬂoreret</strong></span> <span class='ocrx_word' id='word_1_90' title='bbox 849 675 856 693; x_wconf 90' lang='lat'><strong>:</strong></span> <span class='ocrx_word' id='word_1_91' title='bbox 872 666 913 693; x_wconf 82' lang='lat' dir='ltr'><strong>Ab</strong></span> <span class='ocrx_word' id='word_1_92' title='bbox 924 673 957 693; x_wconf 88' lang='lat' dir='ltr'><strong>eo</strong></span> <span class='ocrx_word' id='word_1_93' title='bbox 973 669 1041 692; x_wconf 81' lang='lat' dir='ltr'><strong>tem-</strong></span> 
     </span>
    </p>
   </div>
   <div class='ocr_carea' id='block_1_15' title="bbox 249 710 1040 745">
    <p class='ocr_par' dir='ltr' id='par_1_15' title="bbox 249 710 1040 745">
     <span class='ocr_line' id='line_1_15' title="bbox 249 710 1040 745; baseline 0 -8"><span class='ocrx_word' id='word_1_94' title='bbox 249 718 316 745; x_wconf 89' lang='lat' dir='ltr'><strong>p0re</strong></span> <span class='ocrx_word' id='word_1_95' title='bbox 343 711 376 738; x_wconf 88' lang='lat' dir='ltr'><strong>ad</strong></span> <span class='ocrx_word' id='word_1_96' title='bbox 412 711 485 738; x_wconf 90' lang='lat' dir='ltr'><strong>hunc</strong></span> <span class='ocrx_word' id='word_1_97' title='bbox 518 719 604 745; x_wconf 88' lang='lat' dir='ltr'><strong>usque</strong></span> <span class='ocrx_word' id='word_1_98' title='bbox 631 711 714 743; x_wconf 89' lang='lat' dir='ltr'><strong>diem,</strong></span> <span class='ocrx_word' id='word_1_99' title='bbox 751 719 806 738; x_wconf 91' lang='lat' dir='ltr'><strong>non</strong></span> <span class='ocrx_word' id='word_1_100' title='bbox 835 710 918 738; x_wconf 89' lang='lat' dir='ltr'><strong>modo</strong></span> <span class='ocrx_word' id='word_1_101' title='bbox 945 710 1040 738; x_wconf 86' lang='lat' dir='ltr'><strong>ﬂorem</strong></span> 
     </span>
    </p>
   </div>
   <div class='ocr_carea' id='block_1_16' title="bbox 249 756 1040 789">
    <p class='ocr_par' dir='ltr' id='par_1_16' title="bbox 249 756 1040 789">
     <span class='ocr_line' id='line_1_16' title="bbox 249 756 1040 789; baseline 0 -6"><span class='ocrx_word' id='word_1_102' title='bbox 249 764 357 784; x_wconf 84' lang='lat' dir='ltr'><strong>summe</strong></span> <span class='ocrx_word' id='word_1_103' title='bbox 390 756 646 784; x_wconf 82' lang='lat' dir='ltr'><strong>iminarccscihilem</strong></span> <span class='ocrx_word' id='word_1_104' title='bbox 671 760 865 784; x_wconf 79' lang='lat' dir='ltr'><strong>conservatum</strong></span> <span class='ocrx_word' id='word_1_105' title='bbox 895 756 1040 789; x_wconf 82' lang='lat' dir='ltr'><strong>videmus,</strong></span> 
     </span>
    </p>
   </div>
   <div class='ocr_carea' id='block_1_17' title="bbox 250 801 1042 836">
    <p class='ocr_par' dir='ltr' id='par_1_17' title="bbox 250 801 1042 836">
     <span class='ocr_line' id='line_1_17' title="bbox 250 801 1042 836; baseline 0 -8"><span class='ocrx_word' id='word_1_106' title='bbox 250 802 323 828; x_wconf 90' lang='lat' dir='ltr'><strong>unde</strong></span> <span class='ocrx_word' id='word_1_107' title='bbox 342 801 441 828; x_wconf 65' lang='lat' dir='ltr'><strong>anima!</strong></span> <span class='ocrx_word' id='word_1_108' title='bbox 468 801 611 828; x_wconf 89' lang='lat' dir='ltr'><strong>hominum</strong></span> <span class='ocrx_word' id='word_1_109' title='bbox 628 801 798 829; x_wconf 80' lang='lat' dir='ltr'><strong>circumfuso</strong></span> <span class='ocrx_word' id='word_1_110' title='bbox 818 801 903 829; x_wconf 88' lang='lat' dir='ltr'><strong>odore</strong></span> <span class='ocrx_word' id='word_1_111' title='bbox 924 801 1042 836; x_wconf 67' lang='lat' dir='ltr'><strong>perfusas</strong></span> 
     </span>
    </p>
   </div>
   <div class='ocr_carea' id='block_1_18' title="bbox 251 847 1041 876">
    <p class='ocr_par' dir='ltr' id='par_1_18' title="bbox 251 847 1041 876">
     <span class='ocr_line' id='line_1_18' title="bbox 251 847 1041 876; baseline 0.001 -2"><span class='ocrx_word' id='word_1_112' title='bbox 251 847 284 875; x_wconf 88' lang='lat' dir='ltr'><strong>ad</strong></span> <span class='ocrx_word' id='word_1_113' title='bbox 301 847 431 874; x_wconf 88' lang='lat' dir='ltr'><strong>virtutum</strong></span> <span class='ocrx_word' id='word_1_114' title='bbox 444 848 569 874; x_wconf 91' lang='lat' dir='ltr'><strong>omnium</strong></span> <span class='ocrx_word' id='word_1_115' title='bbox 582 847 753 875; x_wconf 78' lang='lat' dir='ltr'><strong>salutiferam</strong></span> <span class='ocrx_word' id='word_1_116' title='bbox 779 852 806 876; x_wconf 85' lang='lat' dir='ltr'><strong>et</strong></span> <span class='ocrx_word' id='word_1_117' title='bbox 828 847 964 876; x_wconf 82' lang='lat' dir='ltr'><strong>viviﬁcam</strong></span> <span class='ocrx_word' id='word_1_118' title='bbox 984 847 1041 875; x_wconf 82' lang='lat' dir='ltr'><strong>fra-</strong></span> 
     </span>
    </p>
   </div>
   <div class='ocr_carea' id='block_1_19' title="bbox 1091 251 1862 287">
    <p class='ocr_par' dir='ltr' id='par_1_19' title="bbox 1091 251 1862 287">
     <span class='ocr_line' id='line_1_19' title="bbox 1091 251 1862 287; baseline 0.003 -8"><span class='ocrx_word' id='word_1_119' title='bbox 1091 252 1137 279; x_wconf 70' lang='grc' dir='ltr'>καὶ</span> <span class='ocrx_word' id='word_1_120' title='bbox 1152 253 1192 283; x_wconf 82' lang='grc' dir='ltr'><strong>εἰς</strong></span> <span class='ocrx_word' id='word_1_121' title='bbox 1205 252 1305 283; x_wconf 83' lang='grc' dir='ltr'>πλάτος</span> <span class='ocrx_word' id='word_1_122' title='bbox 1327 251 1375 278; x_wconf 75' lang='grc' dir='ltr'>καὶ</span> <span class='ocrx_word' id='word_1_123' title='bbox 1397 251 1484 286; x_wconf 83' lang='grc' dir='ltr'>μῆκος</span> <span class='ocrx_word' id='word_1_124' title='bbox 1504 251 1684 284; x_wconf 76' lang='grc' dir='ltr'>αὖξάνουσαν.</span> <span class='ocrx_word' id='word_1_125' title='bbox 1699 253 1862 287; x_wconf 75' lang='grc' dir='ltr'>συναύξουσά</span> 
     </span>
    </p>
   </div>
   <div class='ocr_carea' id='block_1_20' title="bbox 1090 297 1862 334">
    <p class='ocr_par' dir='ltr' id='par_1_20' title="bbox 1090 297 1862 334">
     <span class='ocr_line' id='line_1_20' title="bbox 1090 297 1862 334; baseline 0.005 -10"><span class='ocrx_word' id='word_1_126' title='bbox 1090 307 1118 325; x_wconf 83' lang='grc' dir='ltr'><strong>τε</strong></span> <span class='ocrx_word' id='word_1_127' title='bbox 1139 298 1187 329; x_wconf 81' lang='grc' dir='ltr'><strong>τὰς</strong></span> <span class='ocrx_word' id='word_1_128' title='bbox 1208 298 1293 329; x_wconf 82' lang='grc' dir='ltr'>ἄλλας</span> <span class='ocrx_word' id='word_1_129' title='bbox 1310 298 1412 333; x_wconf 78' lang='grc' dir='ltr'>ἀρετὰς</span> <span class='ocrx_word' id='word_1_130' title='bbox 1436 297 1484 324; x_wconf 76' lang='grc' dir='ltr'>καὶ</span> <span class='ocrx_word' id='word_1_131' title='bbox 1502 298 1775 334; x_wconf 78' lang='grc' dir='ltr'>συναπαρτίζουσαν·</span> <span class='ocrx_word' id='word_1_132' title='bbox 1800 301 1831 327; x_wconf 84' lang='grc' dir='ltr'>τό</span> <span class='ocrx_word' id='word_1_133' title='bbox 1851 311 1862 328; x_wconf 75' lang='grc' dir='ltr'><strong>τ</strong></span> 
     </span>
    </p>
   </div>
   <div class='ocr_carea' id='block_1_21' title="bbox 1092 343 1862 382">
    <p class='ocr_par' dir='ltr' id='par_1_21' title="bbox 1092 343 1862 382">
     <span class='ocr_line' id='line_1_21' title="bbox 1092 343 1862 382; baseline 0.003 -12"><span class='ocrx_word' id='word_1_134' title='bbox 1092 344 1143 379; x_wconf 81' lang='grc' dir='ltr'><strong>μὲν</strong></span> <span class='ocrx_word' id='word_1_135' title='bbox 1153 345 1207 379; x_wconf 80' lang='grc' dir='ltr'>γὰρ</span> <span class='ocrx_word' id='word_1_136' title='bbox 1220 344 1363 380; x_wconf 74' lang='grc' dir='ltr'><strong>τρισχίλιοι</strong></span> <span class='ocrx_word' id='word_1_137' title='bbox 1378 345 1424 370; x_wconf 85' lang='grc' dir='ltr'>καὶ</span> <span class='ocrx_word' id='word_1_138' title='bbox 1441 345 1666 380; x_wconf 77' lang='grc' dir='ltr'><strong>πεντακισχίλιοι,</strong></span> <span class='ocrx_word' id='word_1_139' title='bbox 1681 343 1739 372; x_wconf 80' lang='grc' dir='ltr'>εἶτα</span> <span class='ocrx_word' id='word_1_140' title='bbox 1751 346 1799 372; x_wconf 75' lang='grc' dir='ltr'>καὶ</span> <span class='ocrx_word' id='word_1_141' title='bbox 1815 347 1862 382; x_wconf 59' lang='lat' dir='ltr'><strong>ﬁli</strong></span> 
     </span>
    </p>
   </div>
   <div class='ocr_carea' id='block_1_22' title="bbox 1091 389 1863 427">
    <p class='ocr_par' dir='ltr' id='par_1_22' title="bbox 1091 389 1863 427">
     <span class='ocr_line' id='line_1_22' title="bbox 1091 389 1863 427; baseline 0.004 -11"><span class='ocrx_word' id='word_1_142' title='bbox 1091 389 1136 421; x_wconf 88' lang='grc' dir='ltr'><strong>θος</strong></span> <span class='ocrx_word' id='word_1_143' title='bbox 1153 389 1287 424; x_wconf 79' lang='grc' dir='ltr'>ὲκφεῦγον</span> <span class='ocrx_word' id='word_1_144' title='bbox 1304 389 1354 424; x_wconf 84' lang='grc' dir='ltr'>τὴν</span> <span class='ocrx_word' id='word_1_145' title='bbox 1371 389 1572 425; x_wconf 73' lang='grc' dir='ltr'><strong>ἀπαρίθμησιν,</strong></span> <span class='ocrx_word' id='word_1_146' title='bbox 1592 391 1729 423; x_wconf 82' lang='grc' dir='ltr'><strong>συνιόντες</strong></span> <span class='ocrx_word' id='word_1_147' title='bbox 1744 391 1863 427; x_wconf 68' lang='grc' dir='ltr'>ἀλλήλοις</span> 
     </span>
    </p>
   </div>
   <div class='ocr_carea' id='block_1_23' title="bbox 1091 435 1863 473">
    <p class='ocr_par' dir='ltr' id='par_1_23' title="bbox 1091 435 1863 473">
     <span class='ocr_line' id='line_1_23' title="bbox 1091 435 1863 473; baseline 0.003 -11"><span class='ocrx_word' id='word_1_148' title='bbox 1091 436 1139 462; x_wconf 76' lang='grc' dir='ltr'>καὶ</span> <span class='ocrx_word' id='word_1_149' title='bbox 1157 435 1213 462; x_wconf 83' lang='grc' dir='ltr'>τῶν</span> <span class='ocrx_word' id='word_1_150' title='bbox 1233 435 1306 462; x_wconf 83' lang='grc' dir='ltr'><strong>ἰδίων</strong></span> <span class='ocrx_word' id='word_1_151' title='bbox 1321 435 1501 471; x_wconf 73' lang='grc' dir='ltr'><strong>ἐξιστάμενοι,</strong></span> <span class='ocrx_word' id='word_1_152' title='bbox 1516 436 1595 463; x_wconf 80' lang='grc' dir='ltr'>κοινὰ</span> <span class='ocrx_word' id='word_1_153' title='bbox 1611 436 1646 464; x_wconf 82' lang='grc' dir='ltr'><strong>τὰ</strong></span> <span class='ocrx_word' id='word_1_154' title='bbox 1659 436 1724 464; x_wconf 84' lang='grc' dir='ltr'>ὅντα</span> <span class='ocrx_word' id='word_1_155' title='bbox 1737 438 1863 473; x_wconf 82' lang='grc' dir='ltr'>προῦτίθε</span> 
     </span>
    </p>
   </div>
   <div class='ocr_carea' id='block_1_24' title="bbox 1092 480 1863 519">
    <p class='ocr_par' dir='ltr' id='par_1_24' title="bbox 1092 480 1863 519">
     <span class='ocr_line' id='line_1_24' title="bbox 1092 480 1863 519; baseline 0.004 -11"><span class='ocrx_word' id='word_1_156' title='bbox 1092 490 1151 513; x_wconf 83' lang='grc' dir='ltr'>σαν.</span> <span class='ocrx_word' id='word_1_157' title='bbox 1167 483 1215 508; x_wconf 83' lang='grc' dir='ltr'>καὶ</span> <span class='ocrx_word' id='word_1_158' title='bbox 1228 482 1314 518; x_wconf 81' lang='grc' dir='ltr'>πένης</span> <span class='ocrx_word' id='word_1_159' title='bbox 1327 480 1360 518; x_wconf 82' lang='grc' dir='ltr'>ἦν</span> <span class='ocrx_word' id='word_1_160' title='bbox 1373 481 1461 514; x_wconf 77' lang='grc' dir='ltr'>οὐδεὶς</span> <span class='ocrx_word' id='word_1_161' title='bbox 1472 483 1500 508; x_wconf 73' lang='grc' dir='ltr'>ἐν</span> <span class='ocrx_word' id='word_1_162' title='bbox 1514 483 1607 514; x_wconf 83' lang='grc' dir='ltr'>αὐτοῖς</span> <span class='ocrx_word' id='word_1_163' title='bbox 1619 483 1653 518; x_wconf 82' lang='grc' dir='ltr'><strong>(ὣ</strong></span> <span class='ocrx_word' id='word_1_164' title='bbox 1664 483 1820 519; x_wconf 79' lang='grc' dir='ltr'><strong>θαυμασίας</strong></span> <span class='ocrx_word' id='word_1_165' title='bbox 1833 485 1863 511; x_wconf 67' lang='lat' dir='ltr'><strong>tot</strong></span> 
     </span>
    </p>
   </div>
   <div class='ocr_carea' id='block_1_25' title="bbox 1093 527 1863 565">
    <p class='ocr_par' dir='ltr' id='par_1_25' title="bbox 1093 527 1863 565">
     <span class='ocr_line' id='line_1_25' title="bbox 1093 527 1863 565; baseline 0.004 -12"><span class='ocrx_word' id='word_1_166' title='bbox 1093 527 1202 562; x_wconf 86' lang='grc' dir='ltr'>μοιρίας</span> <span class='ocrx_word' id='word_1_167' title='bbox 1215 527 1259 554; x_wconf 74' lang='grc' dir='ltr'>καὶ</span> <span class='ocrx_word' id='word_1_168' title='bbox 1273 528 1337 562; x_wconf 77' lang='grc' dir='ltr'>πρὶν</span> <span class='ocrx_word' id='word_1_169' title='bbox 1351 527 1509 562; x_wconf 79' lang='grc' dir='ltr'>πραχθῆναι</span> <span class='ocrx_word' id='word_1_170' title='bbox 1523 529 1585 563; x_wconf 81' lang='grc' dir='ltr'><strong>μηδ’</strong></span> <span class='ocrx_word' id='word_1_171' title='bbox 1599 528 1808 565; x_wconf 76' lang='grc' dir='ltr'>ἐλπιζομένης),</span> <span class='ocrx_word' id='word_1_172' title='bbox 1822 529 1863 556; x_wconf 75' lang='grc' dir='ltr'>οὐδ</span> 
     </span>
    </p>
   </div>
   <div class='ocr_carea' id='block_1_26' title="bbox 1093 572 1844 610">
    <p class='ocr_par' dir='ltr' id='par_1_26' title="bbox 1093 572 1844 610">
     <span class='ocr_line' id='line_1_26' title="bbox 1093 572 1844 610; baseline 0.004 -12"><span class='ocrx_word' id='word_1_173' title='bbox 1093 572 1230 604; x_wconf 81' lang='grc' dir='ltr'>πλούσιος.</span> <span class='ocrx_word' id='word_1_174' title='bbox 1249 582 1258 598; x_wconf 77' lang='grc' dir='ltr'><strong>ι</strong></span> <span class='ocrx_word' id='word_1_175' title='bbox 1284 572 1365 599; x_wconf 85' lang='grc' dir='ltr'>Ὅσοι</span> <span class='ocrx_word' id='word_1_176' title='bbox 1380 573 1446 608; x_wconf 83' lang='grc' dir='ltr'>γὰρ,</span> <span class='ocrx_word' id='word_1_177' title='bbox 1470 573 1547 607; x_wconf 79' lang='grc' dir='ltr'>φησὶ,</span> <span class='ocrx_word' id='word_1_178' title='bbox 1578 574 1710 608; x_wconf 80' lang='grc' dir='ltr'><strong>κτήτορες</strong></span> <span class='ocrx_word' id='word_1_179' title='bbox 1735 574 1844 610; x_wconf 81' lang='grc' dir='ltr'><strong>χωρίων</strong></span> 
     </span>
    </p>
   </div>
   <div class='ocr_carea' id='block_1_27' title="bbox 1092 617 1864 654">
    <p class='ocr_par' dir='ltr' id='par_1_27' title="bbox 1092 617 1864 654">
     <span class='ocr_line' id='line_1_27' title="bbox 1092 617 1864 654; baseline 0.001 -9"><span class='ocrx_word' id='word_1_180' title='bbox 1092 618 1185 645; x_wconf 78' lang='grc' dir='ltr'>οἰκιῶν</span> <span class='ocrx_word' id='word_1_181' title='bbox 1209 617 1343 654; x_wconf 78' lang='grc' dir='ltr'><strong>ὑπῆρχον,</strong></span> <span class='ocrx_word' id='word_1_182' title='bbox 1367 617 1522 650; x_wconf 81' lang='grc' dir='ltr'>πωλοῦντες</span> <span class='ocrx_word' id='word_1_183' title='bbox 1537 618 1636 654; x_wconf 78' lang='grc' dir='ltr'>ἔφερον</span> <span class='ocrx_word' id='word_1_184' title='bbox 1657 618 1707 651; x_wconf 86' lang='grc' dir='ltr'>τὰς</span> <span class='ocrx_word' id='word_1_185' title='bbox 1727 619 1813 654; x_wconf 82' lang='grc' dir='ltr'>τιμὰς</span> <span class='ocrx_word' id='word_1_186' title='bbox 1830 620 1864 646; x_wconf 78' lang='grc' dir='ltr'>τῶ</span> 
     </span>
    </p>
   </div>
   <div class='ocr_carea' id='block_1_28' title="bbox 1093 663 1864 700">
    <p class='ocr_par' dir='ltr' id='par_1_28' title="bbox 1093 663 1864 700">
     <span class='ocr_line' id='line_1_28' title="bbox 1093 663 1864 700; baseline 0.001 -9"><span class='ocrx_word' id='word_1_187' title='bbox 1093 665 1337 699; x_wconf 78' lang='grc' dir='ltr'>πιπρασκομένων,</span> <span class='ocrx_word' id='word_1_188' title='bbox 1362 664 1410 691; x_wconf 84' lang='grc' dir='ltr'>καὶ</span> <span class='ocrx_word' id='word_1_189' title='bbox 1435 663 1540 691; x_wconf 74' lang='grc' dir='ltr'>ἐτίθουν</span> <span class='ocrx_word' id='word_1_190' title='bbox 1557 664 1633 700; x_wconf 79' lang='grc' dir='ltr'>παρὰ</span> <span class='ocrx_word' id='word_1_191' title='bbox 1650 666 1712 697; x_wconf 85' lang='grc' dir='ltr'>τοὺς</span> <span class='ocrx_word' id='word_1_192' title='bbox 1729 665 1816 699; x_wconf 81' lang='grc' dir='ltr'><strong>πόδας</strong></span> <span class='ocrx_word' id='word_1_193' title='bbox 1830 665 1864 692; x_wconf 83' lang='grc' dir='ltr'>τῶ</span> 
     </span>
    </p>
   </div>
   <div class='ocr_carea' id='block_1_29' title="bbox 1093 709 1864 746">
    <p class='ocr_par' dir='ltr' id='par_1_29' title="bbox 1093 709 1864 746">
     <span class='ocr_line' id='line_1_29' title="bbox 1093 709 1864 746; baseline 0.003 -10"><span class='ocrx_word' id='word_1_194' title='bbox 1093 710 1261 741; x_wconf 84' lang='grc' dir='ltr'>ἀποστόλων,</span> <span class='ocrx_word' id='word_1_195' title='bbox 1285 709 1412 737; x_wconf 78' lang='grc' dir='ltr'><strong>διεδέδοτο</strong></span> <span class='ocrx_word' id='word_1_196' title='bbox 1427 709 1456 736; x_wconf 72' lang='grc' dir='ltr'><strong>δὲ</strong></span> <span class='ocrx_word' id='word_1_197' title='bbox 1476 710 1595 745; x_wconf 71' lang='grc' dir='ltr'>ἑκάστῳ,</span> <span class='ocrx_word' id='word_1_198' title='bbox 1618 711 1680 737; x_wconf 83' lang='grc' dir='ltr'>καθ’</span> <span class='ocrx_word' id='word_1_199' title='bbox 1696 711 1710 737; x_wconf 92' lang='grc' dir='ltr'><strong>ὅ</strong></span> <span class='ocrx_word' id='word_1_200' title='bbox 1728 720 1771 743; x_wconf 83' lang='grc' dir='ltr'><strong>τις</strong></span> <span class='ocrx_word' id='word_1_201' title='bbox 1790 712 1864 746; x_wconf 81' lang='grc' dir='ltr'><strong>χρεία</strong></span> 
     </span>
    </p>
   </div>
   <div class='ocr_carea' id='block_1_30' title="bbox 1093 753 1865 793">
    <p class='ocr_par' dir='ltr' id='par_1_30' title="bbox 1093 753 1865 793">
     <span class='ocr_line' id='line_1_30' title="bbox 1093 753 1865 793; baseline 0.003 -11"><span class='ocrx_word' id='word_1_202' title='bbox 1093 753 1176 790; x_wconf 82' lang='grc' dir='ltr'>εἶχεν.</span> <span class='ocrx_word' id='word_1_203' title='bbox 1193 765 1203 782; x_wconf 73' lang='grc' dir='ltr'>ι</span> <span class='ocrx_word' id='word_1_204' title='bbox 1229 755 1362 788; x_wconf 70' lang='grc' dir='ltr'>Ἀκούεις,</span> <span class='ocrx_word' id='word_1_205' title='bbox 1392 756 1528 788; x_wconf 75' lang='grc' dir='ltr'>Ἰουλιανὲ,</span> <span class='ocrx_word' id='word_1_206' title='bbox 1558 757 1615 783; x_wconf 85' lang='grc' dir='ltr'>ὅσοι</span> <span class='ocrx_word' id='word_1_207' title='bbox 1640 758 1783 793; x_wconf 80' lang='grc' dir='ltr'><strong>κτήτορες,</strong></span> <span class='ocrx_word' id='word_1_208' title='bbox 1812 755 1865 785; x_wconf 65' lang='grc' dir='ltr'>οὒτε</span> 
     </span>
    </p>
   </div>
   <div class='ocr_carea' id='block_1_31' title="bbox 1093 801 1865 839">
    <p class='ocr_par' dir='ltr' id='par_1_31' title="bbox 1093 801 1865 839">
     <span class='ocr_line' id='line_1_31' title="bbox 1093 801 1865 839; baseline 0.003 -11"><span class='ocrx_word' id='word_1_209' title='bbox 1093 801 1226 829; x_wconf 75' lang='grc' dir='ltr'><strong>ἐπώλουν.</strong></span> <span class='ocrx_word' id='word_1_210' title='bbox 1253 801 1321 837; x_wconf 78' lang='grc' dir='ltr'><strong>Οὐχὶ</strong></span> <span class='ocrx_word' id='word_1_211' title='bbox 1342 802 1477 836; x_wconf 82' lang='grc' dir='ltr'>ἆπαντες;</span> <span class='ocrx_word' id='word_1_212' title='bbox 1505 802 1574 830; x_wconf 78' lang='grc' dir='ltr'>ἀλλὰ</span> <span class='ocrx_word' id='word_1_213' title='bbox 1597 803 1657 829; x_wconf 78' lang='grc' dir='ltr'>τότε</span> <span class='ocrx_word' id='word_1_214' title='bbox 1685 804 1735 839; x_wconf 78' lang='grc' dir='ltr'><strong>μὲν</strong></span> <span class='ocrx_word' id='word_1_215' title='bbox 1754 804 1784 837; x_wconf 81' lang='grc' dir='ltr'><strong>ὲξ</strong></span> <span class='ocrx_word' id='word_1_216' title='bbox 1800 805 1865 839; x_wconf 78' lang='grc' dir='ltr'>αὐτῆ</span> 
     </span>
    </p>
   </div>
   <div class='ocr_carea' id='block_1_32' title="bbox 1093 847 1865 885">
    <p class='ocr_par' dir='ltr' id='par_1_32' title="bbox 1093 847 1865 885">
     <span class='ocr_line' id='line_1_32' title="bbox 1093 847 1865 885; baseline 0.003 -11"><span class='ocrx_word' id='word_1_217' title='bbox 1093 847 1182 883; x_wconf 81' lang='grc' dir='ltr'>ἀρχῆς</span> <span class='ocrx_word' id='word_1_218' title='bbox 1201 847 1288 880; x_wconf 81' lang='grc' dir='ltr'>οὓτως</span> <span class='ocrx_word' id='word_1_219' title='bbox 1299 848 1339 880; x_wconf 82' lang='grc' dir='ltr'>εἰς</span> <span class='ocrx_word' id='word_1_220' title='bbox 1357 848 1459 884; x_wconf 88' lang='grc' dir='ltr'>πλῆθος</span> <span class='ocrx_word' id='word_1_221' title='bbox 1472 849 1488 883; x_wconf 85' lang='grc' dir='ltr'>ὴ</span> <span class='ocrx_word' id='word_1_222' title='bbox 1500 849 1596 883; x_wconf 75' lang='grc' dir='ltr'>ἐντολὴ</span> <span class='ocrx_word' id='word_1_223' title='bbox 1609 849 1865 885; x_wconf 80' lang='grc' dir='ltr'>τελεσιουργουμένι</span> 
     </span>
    </p>
   </div>
   <div class='ocr_carea' id='block_1_33' title="bbox 251 884 990 932">
    <p class='ocr_par' dir='ltr' id='par_1_33' title="bbox 251 894 988 930">
     <span class='ocr_line' id='line_1_33' title="bbox 251 894 988 930; baseline -0.001 -8"><span class='ocrx_word' id='word_1_224' title='bbox 251 895 386 930; x_wconf 75' lang='lat' dir='ltr'><strong>grantiam</strong></span> <span class='ocrx_word' id='word_1_225' title='bbox 410 895 561 921; x_wconf 90' lang='lat' dir='ltr'><strong>trahuntur</strong></span> <span class='ocrx_word' id='word_1_226' title='bbox 585 901 600 921; x_wconf 86' lang='lat' dir='ltr'><strong>a</strong></span> <span class='ocrx_word' id='word_1_227' title='bbox 629 898 760 928; x_wconf 87' lang='lat' dir='ltr'><strong>corrupta</strong></span> <span class='ocrx_word' id='word_1_228' title='bbox 789 894 950 929; x_wconf 84' lang='lat' dir='ltr'><strong>passionum</strong></span> <span class='ocrx_word' id='word_1_229' title='bbox 974 902 988 921; x_wconf 80' lang='grc' dir='ltr'><strong>ιι</strong></span> 
     </span>
    </p>
   </div>
   <div class='ocr_carea' id='block_1_34' title="bbox 1125 884 1864 932">
    <p class='ocr_par' dir='ltr' id='par_1_34' title="bbox 1125 894 1864 932">
     <span class='ocr_line' id='line_1_34' title="bbox 1125 894 1864 932; baseline 0 -11"><span class='ocrx_word' id='word_1_230' title='bbox 1125 894 1228 930; x_wconf 84' lang='grc' dir='ltr'>,μπρῶς</span> <span class='ocrx_word' id='word_1_231' title='bbox 1242 894 1362 922; x_wconf 74' lang='grc' dir='ltr'><strong>ἐπεδίδου</strong></span> <span class='ocrx_word' id='word_1_232' title='bbox 1377 895 1425 922; x_wconf 79' lang='grc' dir='ltr'>καὶ</span> <span class='ocrx_word' id='word_1_233' title='bbox 1439 895 1599 930; x_wconf 83' lang='grc' dir='ltr'>ὺφειστὴκει</span> <span class='ocrx_word' id='word_1_234' title='bbox 1609 897 1669 927; x_wconf 85' lang='grc' dir='ltr'>ταῖς</span> <span class='ocrx_word' id='word_1_235' title='bbox 1681 896 1835 932; x_wconf 78' lang='grc' dir='ltr'><strong>ἐνεργείαις</strong></span> <span class='ocrx_word' id='word_1_236' title='bbox 1845 897 1864 922; x_wconf 71' lang='grc' dir='ltr'><strong>ἐι</strong></span> 
     </span>
    </p>
   </div>
   <div class='ocr_carea' id='block_1_35' title="bbox 251 940 1042 976">
    <p class='ocr_par' dir='ltr' id='par_1_35' title="bbox 251 940 1042 976">
     <span class='ocr_line' id='line_1_35' title="bbox 251 940 1042 976; baseline 0 -8"><span class='ocrx_word' id='word_1_237' title='bbox 251 941 365 973; x_wconf 83' lang='lat' dir='ltr'><strong>ctione,</strong></span> <span class='ocrx_word' id='word_1_238' title='bbox 395 948 457 976; x_wconf 81' lang='lat' dir='ltr'><strong>quae</strong></span> <span class='ocrx_word' id='word_1_239' title='bbox 485 941 604 975; x_wconf 86' lang='lat' dir='ltr'><strong>plurima</strong></span> <span class='ocrx_word' id='word_1_240' title='bbox 628 940 801 968; x_wconf 86' lang='lat' dir='ltr'><strong>maleolentia</strong></span> <span class='ocrx_word' id='word_1_241' title='bbox 835 941 946 969; x_wconf 81' lang='lat' dir='ltr'><strong>exhalat</strong></span> <span class='ocrx_word' id='word_1_242' title='bbox 970 942 1042 969; x_wconf 89' lang='lat' dir='ltr'><strong>:scd</strong></span> 
     </span>
    </p>
   </div>
   <div class='ocr_carea' id='block_1_36' title="bbox 251 986 1041 1022">
    <p class='ocr_par' dir='ltr' id='par_1_36' title="bbox 251 986 1041 1022">
     <span class='ocr_line' id='line_1_36' title="bbox 251 986 1041 1022; baseline 0 -8"><span class='ocrx_word' id='word_1_243' title='bbox 251 994 348 1014; x_wconf 82' lang='lat' dir='ltr'><strong>omnes</strong></span> <span class='ocrx_word' id='word_1_244' title='bbox 377 992 512 1014; x_wconf 88' lang='lat' dir='ltr'><strong>terrarum</strong></span> <span class='ocrx_word' id='word_1_245' title='bbox 543 987 624 1015; x_wconf 86' lang='lat' dir='ltr'><strong>orbes</strong></span> <span class='ocrx_word' id='word_1_246' title='bbox 649 991 710 1014; x_wconf 83' lang='lat' dir='ltr'><strong>acta</strong></span> <span class='ocrx_word' id='word_1_247' title='bbox 732 986 830 1014; x_wconf 66' lang='lat' dir='ltr'><strong>dilfusa</strong></span> <span class='ocrx_word' id='word_1_248' title='bbox 855 987 1041 1022; x_wconf 84' lang='lat' dir='ltr'><strong>pertransivit,</strong></span> 
     </span>
    </p>
   </div>
   <div class='ocr_carea' id='block_1_37' title="bbox 252 1031 1040 1067">
    <p class='ocr_par' dir='ltr' id='par_1_37' title="bbox 252 1031 1040 1067">
     <span class='ocr_line' id='line_1_37' title="bbox 252 1031 1040 1067; baseline 0 -8"><span class='ocrx_word' id='word_1_249' title='bbox 252 1040 306 1059; x_wconf 91' lang='lat' dir='ltr'><strong>non</strong></span> <span class='ocrx_word' id='word_1_250' title='bbox 332 1037 438 1059; x_wconf 90' lang='lat' dir='ltr'><strong>tantum</strong></span> <span class='ocrx_word' id='word_1_251' title='bbox 458 1031 572 1064; x_wconf 80' lang='lat' dir='ltr'><strong>viritim,</strong></span> <span class='ocrx_word' id='word_1_252' title='bbox 597 1033 644 1060; x_wconf 89' lang='lat' dir='ltr'><strong>sed</strong></span> <span class='ocrx_word' id='word_1_253' title='bbox 669 1032 832 1067; x_wconf 90' lang='lat' dir='ltr'><strong>populatim,</strong></span> <span class='ocrx_word' id='word_1_254' title='bbox 853 1038 879 1060; x_wconf 90' lang='lat' dir='ltr'><strong>ct</strong></span> <span class='ocrx_word' id='word_1_255' title='bbox 905 1032 1040 1060; x_wconf 82' lang='lat' dir='ltr'><strong>inﬁnitam</strong></span> 
     </span>
    </p>
   </div>
   <div class='ocr_carea' id='block_1_38' title="bbox 251 1078 1041 1114">
    <p class='ocr_par' dir='ltr' id='par_1_38' title="bbox 251 1078 1041 1114">
     <span class='ocr_line' id='line_1_38' title="bbox 251 1078 1041 1114; baseline 0.001 -9"><span class='ocrx_word' id='word_1_256' title='bbox 251 1078 331 1114; x_wconf 82' lang='lat' dir='ltr'><strong>plane</strong></span> <span class='ocrx_word' id='word_1_257' title='bbox 358 1078 561 1106; x_wconf 87' lang='lat' dir='ltr'><strong>multitudinem</strong></span> <span class='ocrx_word' id='word_1_258' title='bbox 588 1078 732 1105; x_wconf 88' lang='lat' dir='ltr'><strong>hominum</strong></span> <span class='ocrx_word' id='word_1_259' title='bbox 761 1078 952 1110; x_wconf 84' lang='lat' dir='ltr'><strong>monasticam,</strong></span> <span class='ocrx_word' id='word_1_260' title='bbox 987 1079 1041 1106; x_wconf 87' lang='lat' dir='ltr'><strong>hoc</strong></span> 
     </span>
    </p>
   </div>
   <div class='ocr_carea' id='block_1_39' title="bbox 251 1124 1042 1159">
    <p class='ocr_par' dir='ltr' id='par_1_39' title="bbox 251 1124 1042 1159">
     <span class='ocr_line' id='line_1_39' title="bbox 251 1124 1042 1159; baseline -0.001 -7"><span class='ocrx_word' id='word_1_261' title='bbox 251 1130 293 1159; x_wconf 76' lang='lat' dir='ltr'><strong>cat</strong></span> <span class='ocrx_word' id='word_1_262' title='bbox 312 1124 452 1152; x_wconf 74' lang='lat' dir='ltr'><strong>cmlestem</strong></span> <span class='ocrx_word' id='word_1_263' title='bbox 479 1124 563 1151; x_wconf 80' lang='lat' dir='ltr'><strong>vitam</strong></span> <span class='ocrx_word' id='word_1_264' title='bbox 581 1124 805 1159; x_wconf 84' lang='lat' dir='ltr'><strong>amplcctentiutn</strong></span> <span class='ocrx_word' id='word_1_265' title='bbox 826 1131 909 1158; x_wconf 82' lang='lat' dir='ltr'><strong>super</strong></span> <span class='ocrx_word' id='word_1_266' title='bbox 928 1128 1042 1156; x_wconf 84' lang='lat' dir='ltr'><strong>terram,</strong></span> 
     </span>
    </p>
   </div>
   <div class='ocr_carea' id='block_1_40' title="bbox 251 1169 1042 1205">
    <p class='ocr_par' dir='ltr' id='par_1_40' title="bbox 251 1169 1042 1205">
     <span class='ocr_line' id='line_1_40' title="bbox 251 1169 1042 1205; baseline 0.001 -9"><span class='ocrx_word' id='word_1_267' title='bbox 251 1169 297 1205; x_wconf 82' lang='lat' dir='ltr'><strong>qui</strong></span> <span class='ocrx_word' id='word_1_268' title='bbox 315 1177 396 1205; x_wconf 82' lang='lat' dir='ltr'><strong>opera</strong></span> <span class='ocrx_word' id='word_1_269' title='bbox 417 1177 467 1197; x_wconf 90' lang='lat' dir='ltr'><strong>sua</strong></span> <span class='ocrx_word' id='word_1_270' title='bbox 483 1169 676 1201; x_wconf 79' lang='lat' dir='ltr'><strong>extenderunt,</strong></span> <span class='ocrx_word' id='word_1_271' title='bbox 692 1174 719 1197; x_wconf 90' lang='lat' dir='ltr'><strong>et</strong></span> <span class='ocrx_word' id='word_1_272' title='bbox 741 1170 899 1204; x_wconf 60' lang='lat' dir='ltr'><strong>praiscripto</strong></span> <span class='ocrx_word' id='word_1_273' title='bbox 921 1169 1042 1197; x_wconf 83' lang='lat' dir='ltr'><strong>mandati</strong></span> 
     </span>
    </p>
   </div>
   <div class='ocr_carea' id='block_1_41' title="bbox 250 1215 1044 1250">
    <p class='ocr_par' dir='ltr' id='par_1_41' title="bbox 250 1215 1044 1250">
     <span class='ocr_line' id='line_1_41' title="bbox 250 1215 1044 1250; baseline 0.001 -8"><span class='ocrx_word' id='word_1_274' title='bbox 250 1223 313 1242; x_wconf 88' lang='lat' dir='ltr'><strong>eum</strong></span> <span class='ocrx_word' id='word_1_275' title='bbox 341 1223 449 1243; x_wconf 89' lang='lat' dir='ltr'><strong>summa</strong></span> <span class='ocrx_word' id='word_1_276' title='bbox 476 1216 600 1243; x_wconf 91' lang='lat' dir='ltr'><strong>omnium</strong></span> <span class='ocrx_word' id='word_1_277' title='bbox 625 1215 706 1243; x_wconf 87' lang='lat' dir='ltr'><strong>laude</strong></span> <span class='ocrx_word' id='word_1_278' title='bbox 724 1220 750 1243; x_wconf 90' lang='lat' dir='ltr'><strong>et</strong></span> <span class='ocrx_word' id='word_1_279' title='bbox 771 1216 965 1250; x_wconf 68' lang='lat' dir='ltr'><strong>praedicatione</strong></span> <span class='ocrx_word' id='word_1_280' title='bbox 982 1225 989 1243; x_wconf 85' lang='lat'><strong><em>:</em></strong></span> <span class='ocrx_word' id='word_1_281' title='bbox 1006 1216 1044 1243; x_wconf 84' lang='lat' dir='ltr'><strong>ita</strong></span> 
     </span>
    </p>
   </div>
   <div class='ocr_carea' id='block_1_42' title="bbox 251 1260 1044 1297">
    <p class='ocr_par' dir='ltr' id='par_1_42' title="bbox 251 1260 1044 1297">
     <span class='ocr_line' id='line_1_42' title="bbox 251 1260 1044 1297; baseline 0 -9"><span class='ocrx_word' id='word_1_282' title='bbox 251 1261 360 1288; x_wconf 89' lang='lat' dir='ltr'><strong>Domini</strong></span> <span class='ocrx_word' id='word_1_283' title='bbox 381 1261 468 1289; x_wconf 88' lang='lat' dir='ltr'><strong>nostri</strong></span> <span class='ocrx_word' id='word_1_284' title='bbox 489 1261 570 1288; x_wconf 89' lang='lat' dir='ltr'><strong>verba</strong></span> <span class='ocrx_word' id='word_1_285' title='bbox 594 1260 715 1288; x_wconf 86' lang='lat' dir='ltr'><strong>eliieacia</strong></span> <span class='ocrx_word' id='word_1_286' title='bbox 739 1266 766 1288; x_wconf 86' lang='lat' dir='ltr'><strong>et</strong></span> <span class='ocrx_word' id='word_1_287' title='bbox 790 1266 902 1289; x_wconf 85' lang='lat' dir='ltr'><strong>actuosa</strong></span> <span class='ocrx_word' id='word_1_288' title='bbox 929 1269 1044 1297; x_wconf 74' lang='lat' dir='ltr'><strong>magno-</strong></span> 
     </span>
    </p>
   </div>
   <div class='ocr_carea' id='block_1_43' title="bbox 250 1306 1043 1342">
    <p class='ocr_par' dir='ltr' id='par_1_43' title="bbox 250 1306 1043 1342">
     <span class='ocr_line' id='line_1_43' title="bbox 250 1306 1043 1342; baseline 0.001 -8"><span class='ocrx_word' id='word_1_289' title='bbox 250 1314 316 1341; x_wconf 85' lang='lat' dir='ltr'><strong>pere</strong></span> <span class='ocrx_word' id='word_1_290' title='bbox 341 1311 416 1339; x_wconf 91' lang='lat' dir='ltr'><strong>sunt,</strong></span> <span class='ocrx_word' id='word_1_291' title='bbox 442 1306 477 1334; x_wconf 90' lang='lat' dir='ltr'><strong>ob</strong></span> <span class='ocrx_word' id='word_1_292' title='bbox 498 1307 551 1334; x_wconf 91' lang='lat' dir='ltr'><strong>hoc</strong></span> <span class='ocrx_word' id='word_1_293' title='bbox 572 1307 672 1342; x_wconf 89' lang='lat' dir='ltr'><strong>ipsum,</strong></span> <span class='ocrx_word' id='word_1_294' title='bbox 696 1307 895 1341; x_wconf 82' lang='lat' dir='ltr'><strong>admirationis,</strong></span> <span class='ocrx_word' id='word_1_295' title='bbox 925 1308 1043 1341; x_wconf 89' lang='lat' dir='ltr'><strong>animas,</strong></span> 
     </span>
    </p>
   </div>
   <div class='ocr_carea' id='block_1_44' title="bbox 251 1352 1044 1387">
    <p class='ocr_par' dir='ltr' id='par_1_44' title="bbox 251 1352 1044 1387">
     <span class='ocr_line' id='line_1_44' title="bbox 251 1352 1044 1387; baseline 0.005 -9"><span class='ocrx_word' id='word_1_296' title='bbox 251 1352 396 1379; x_wconf 91' lang='lat' dir='ltr'><strong>hominum</strong></span> <span class='ocrx_word' id='word_1_297' title='bbox 414 1352 577 1380; x_wconf 87' lang='lat' dir='ltr'><strong>meritorum</strong></span> <span class='ocrx_word' id='word_1_298' title='bbox 601 1353 635 1380; x_wconf 90' lang='lat' dir='ltr'><strong>ad</strong></span> <span class='ocrx_word' id='word_1_299' title='bbox 659 1361 690 1381; x_wconf 89' lang='lat' dir='ltr'><strong>se</strong></span> <span class='ocrx_word' id='word_1_300' title='bbox 711 1353 911 1387; x_wconf 86' lang='lat' dir='ltr'><strong>convertentia,</strong></span> <span class='ocrx_word' id='word_1_301' title='bbox 927 1358 955 1382; x_wconf 90' lang='lat' dir='ltr'><strong>et</strong></span> <span class='ocrx_word' id='word_1_302' title='bbox 969 1355 1044 1382; x_wconf 85' lang='lat' dir='ltr'><strong>verbi</strong></span> 
     </span>
    </p>
   </div>
   <div class='ocr_carea' id='block_1_45' title="bbox 252 1398 1043 1434">
    <p class='ocr_par' dir='ltr' id='par_1_45' title="bbox 252 1398 1043 1434">
     <span class='ocr_line' id='line_1_45' title="bbox 252 1398 1043 1434; baseline 0.005 -9"><span class='ocrx_word' id='word_1_303' title='bbox 252 1405 348 1426; x_wconf 86' lang='lat' dir='ltr'><strong>semen</strong></span> <span class='ocrx_word' id='word_1_304' title='bbox 374 1398 560 1434; x_wconf 75' lang='lat' dir='ltr'><strong>inspergentia</strong></span> <span class='ocrx_word' id='word_1_305' title='bbox 585 1399 653 1426; x_wconf 89' lang='lat' dir='ltr'><strong>satis</strong></span> <span class='ocrx_word' id='word_1_306' title='bbox 678 1399 811 1434; x_wconf 74' lang='lat' dir='ltr'><strong>profunde</strong></span> <span class='ocrx_word' id='word_1_307' title='bbox 832 1399 948 1433; x_wconf 81' lang='lat' dir='ltr'><strong>faciunt,</strong></span> <span class='ocrx_word' id='word_1_308' title='bbox 972 1406 1002 1428; x_wconf 92' lang='lat' dir='ltr'><strong>ut</strong></span> <span class='ocrx_word' id='word_1_309' title='bbox 1028 1409 1043 1429; x_wconf 87' lang='lat' dir='ltr'><strong>a</strong></span> 
     </span>
    </p>
   </div>
   <div class='ocr_carea' id='block_1_46' title="bbox 252 1443 1046 1480">
    <p class='ocr_par' dir='ltr' id='par_1_46' title="bbox 252 1443 1046 1480">
     <span class='ocr_line' id='line_1_46' title="bbox 252 1443 1046 1480; baseline 0.004 -10"><span class='ocrx_word' id='word_1_310' title='bbox 252 1443 390 1471; x_wconf 79' lang='lat' dir='ltr'><strong>fructibus</strong></span> <span class='ocrx_word' id='word_1_311' title='bbox 410 1444 494 1470; x_wconf 89' lang='lat' dir='ltr'><strong>arbor</strong></span> <span class='ocrx_word' id='word_1_312' title='bbox 517 1448 723 1478; x_wconf 84' lang='lat' dir='ltr'><strong>cognoscatur:</strong></span> <span class='ocrx_word' id='word_1_313' title='bbox 744 1449 771 1472; x_wconf 87' lang='lat' dir='ltr'><strong>et</strong></span> <span class='ocrx_word' id='word_1_314' title='bbox 795 1452 843 1480; x_wconf 89' lang='lat' dir='ltr'><strong>per</strong></span> <span class='ocrx_word' id='word_1_315' title='bbox 863 1445 981 1472; x_wconf 80' lang='lat' dir='ltr'><strong>fructum</strong></span> <span class='ocrx_word' id='word_1_316' title='bbox 1005 1451 1046 1474; x_wconf 90' lang='lat' dir='ltr'><strong>at-</strong></span> 
     </span>
    </p>
   </div>
   <div class='ocr_carea' id='block_1_47' title="bbox 253 1488 1044 1525">
    <p class='ocr_par' dir='ltr' id='par_1_47' title="bbox 253 1488 1044 1525">
     <span class='ocr_line' id='line_1_47' title="bbox 253 1488 1044 1525; baseline 0.005 -10"><span class='ocrx_word' id='word_1_317' title='bbox 253 1496 306 1523; x_wconf 86' lang='lat' dir='ltr'><strong>que</strong></span> <span class='ocrx_word' id='word_1_318' title='bbox 322 1488 449 1516; x_wconf 86' lang='lat' dir='ltr'><strong>arborem</strong></span> <span class='ocrx_word' id='word_1_319' title='bbox 467 1489 604 1516; x_wconf 84' lang='lat' dir='ltr'><strong>hortulani</strong></span> <span class='ocrx_word' id='word_1_320' title='bbox 621 1489 744 1524; x_wconf 87' lang='lat' dir='ltr'><strong>potentia</strong></span> <span class='ocrx_word' id='word_1_321' title='bbox 761 1495 789 1518; x_wconf 90' lang='lat' dir='ltr'><strong>et</strong></span> <span class='ocrx_word' id='word_1_322' title='bbox 801 1491 934 1525; x_wconf 82' lang='lat' dir='ltr'><strong>sapientia</strong></span> <span class='ocrx_word' id='word_1_323' title='bbox 949 1492 1044 1520; x_wconf 85' lang='lat' dir='ltr'><strong>laude-</strong></span> 
     </span>
    </p>
   </div>
   <div class='ocr_carea' id='block_1_48' title="bbox 253 1536 1081 1581">
    <p class='ocr_par' dir='ltr' id='par_1_48' title="bbox 253 1536 1081 1581">
     <span class='ocr_line' id='line_1_48' title="bbox 253 1536 1081 1581; baseline 0.006 -19"><span class='ocrx_word' id='word_1_324' title='bbox 253 1541 308 1567; x_wconf 88' lang='lat' dir='ltr'><strong>tur,</strong></span> <span class='ocrx_word' id='word_1_325' title='bbox 329 1536 409 1570; x_wconf 84' lang='lat' dir='ltr'><strong>cujus</strong></span> <span class='ocrx_word' id='word_1_326' title='bbox 434 1536 523 1564; x_wconf 87' lang='lat' dir='ltr'><strong>laudis</strong></span> <span class='ocrx_word' id='word_1_327' title='bbox 543 1536 702 1571; x_wconf 91' lang='lat' dir='ltr'><strong>opulentum</strong></span> <span class='ocrx_word' id='word_1_328' title='bbox 720 1537 789 1564; x_wconf 88' lang='lat' dir='ltr'><strong>satis</strong></span> <span class='ocrx_word' id='word_1_329' title='bbox 807 1543 926 1573; x_wconf 74' lang='lat' dir='ltr'><strong>segetem</strong></span> <span class='ocrx_word' id='word_1_330' title='bbox 948 1547 1081 1581; x_wconf 66' lang='grc' dir='ltr'><strong>θυεερ-ρ</strong></span> 
     </span>
    </p>
   </div>
   <div class='ocr_carea' id='block_1_49' title="bbox 252 1583 1045 1618">
    <p class='ocr_par' dir='ltr' id='par_1_49' title="bbox 252 1583 1045 1618">
     <span class='ocr_line' id='line_1_49' title="bbox 252 1583 1045 1618; baseline 0.008 -11"><span class='ocrx_word' id='word_1_331' title='bbox 252 1585 328 1614; x_wconf 84' lang='lat' dir='ltr'><strong>runt,</strong></span> <span class='ocrx_word' id='word_1_332' title='bbox 351 1585 379 1608; x_wconf 89' lang='lat' dir='ltr'><strong>et</strong></span> <span class='ocrx_word' id='word_1_333' title='bbox 398 1586 488 1609; x_wconf 89' lang='lat' dir='ltr'><strong>tamen</strong></span> <span class='ocrx_word' id='word_1_334' title='bbox 512 1583 634 1609; x_wconf 92' lang='lat' dir='ltr'><strong>nondum</strong></span> <span class='ocrx_word' id='word_1_335' title='bbox 652 1590 699 1618; x_wconf 89' lang='lat' dir='ltr'><strong>per</strong></span> <span class='ocrx_word' id='word_1_336' title='bbox 716 1583 775 1611; x_wconf 75' lang='lat' dir='ltr'><strong>hzec</strong></span> <span class='ocrx_word' id='word_1_337' title='bbox 785 1588 826 1611; x_wconf 87' lang='lat' dir='ltr'><strong>tot</strong></span> <span class='ocrx_word' id='word_1_338' title='bbox 846 1589 874 1611; x_wconf 86' lang='lat' dir='ltr'><strong>et</strong></span> <span class='ocrx_word' id='word_1_339' title='bbox 901 1585 966 1613; x_wconf 89' lang='lat' dir='ltr'><strong>talia</strong></span> <span class='ocrx_word' id='word_1_340' title='bbox 997 1593 1045 1613; x_wconf 90' lang='lat' dir='ltr'><strong>en—</strong></span> 
     </span>
    </p>
   </div>
   <div class='ocr_carea' id='block_1_50' title="bbox 253 1627 1047 1664">
    <p class='ocr_par' dir='ltr' id='par_1_50' title="bbox 253 1627 1047 1664">
     <span class='ocr_line' id='line_1_50' title="bbox 253 1627 1047 1664; baseline 0.006 -9"><span class='ocrx_word' id='word_1_341' title='bbox 253 1627 353 1660; x_wconf 81' lang='lat' dir='ltr'><strong>eomia,</strong></span> <span class='ocrx_word' id='word_1_342' title='bbox 367 1628 500 1656; x_wconf 82' lang='lat' dir='ltr'><strong>naturalis</strong></span> <span class='ocrx_word' id='word_1_343' title='bbox 524 1629 597 1656; x_wconf 89' lang='lat' dir='ltr'><strong>enim</strong></span> <span class='ocrx_word' id='word_1_344' title='bbox 615 1629 818 1664; x_wconf 80' lang='lat' dir='ltr'><strong>magniﬁcentia</strong></span> <span class='ocrx_word' id='word_1_345' title='bbox 842 1632 910 1659; x_wconf 84' lang='lat' dir='ltr'><strong>satis</strong></span> <span class='ocrx_word' id='word_1_346' title='bbox 938 1632 1047 1660; x_wconf 84' lang='lat' dir='ltr'><strong>abunde</strong></span> 
     </span>
    </p>
   </div>
   <div class='ocr_carea' id='block_1_51' title="bbox 253 1673 1046 1710">
    <p class='ocr_par' dir='ltr' id='par_1_51' title="bbox 253 1673 1046 1710">
     <span class='ocr_line' id='line_1_51' title="bbox 253 1673 1046 1710; baseline 0.004 -10"><span class='ocrx_word' id='word_1_347' title='bbox 253 1673 461 1707; x_wconf 81' lang='lat' dir='ltr'><strong>manifestatur;</strong></span> <span class='ocrx_word' id='word_1_348' title='bbox 486 1681 549 1700; x_wconf 92' lang='lat' dir='ltr'><strong>nam</strong></span> <span class='ocrx_word' id='word_1_349' title='bbox 574 1675 726 1702; x_wconf 90' lang='lat' dir='ltr'><strong>multarum</strong></span> <span class='ocrx_word' id='word_1_350' title='bbox 754 1680 886 1710; x_wconf 71' lang='lat' dir='ltr'><strong>praeterea</strong></span> <span class='ocrx_word' id='word_1_351' title='bbox 913 1675 1046 1703; x_wconf 89' lang='lat' dir='ltr'><strong>virtutum</strong></span> 
     </span>
    </p>
   </div>
   <div class='ocr_carea' id='block_1_52' title="bbox 254 1720 1046 1757">
    <p class='ocr_par' dir='ltr' id='par_1_52' title="bbox 254 1720 1046 1757">
     <span class='ocr_line' id='line_1_52' title="bbox 254 1720 1046 1757; baseline 0.005 -11"><span class='ocrx_word' id='word_1_352' title='bbox 254 1720 462 1747; x_wconf 87' lang='lat' dir='ltr'><strong>subsistentiam</strong></span> <span class='ocrx_word' id='word_1_353' title='bbox 488 1724 625 1748; x_wconf 82' lang='lat' dir='ltr'><strong>sustentat</strong></span> <span class='ocrx_word' id='word_1_354' title='bbox 645 1725 672 1748; x_wconf 88' lang='lat' dir='ltr'><strong>et</strong></span> <span class='ocrx_word' id='word_1_355' title='bbox 687 1722 878 1757; x_wconf 89' lang='lat' dir='ltr'><strong>complectitur</strong></span> <span class='ocrx_word' id='word_1_356' title='bbox 896 1731 902 1749; x_wconf 88' lang='lat'>:</span> <span class='ocrx_word' id='word_1_357' title='bbox 919 1727 947 1750; x_wconf 89' lang='lat' dir='ltr'><strong>et</strong></span> <span class='ocrx_word' id='word_1_358' title='bbox 962 1727 1046 1756; x_wconf 88' lang='lat' dir='ltr'><strong>certe,</strong></span> 
     </span>
    </p>
   </div>
   <div class='ocr_carea' id='block_1_53' title="bbox 254 1764 1047 1801">
    <p class='ocr_par' dir='ltr' id='par_1_53' title="bbox 254 1764 1047 1801">
     <span class='ocr_line' id='line_1_53' title="bbox 254 1764 1047 1801; baseline 0.003 -10"><span class='ocrx_word' id='word_1_359' title='bbox 254 1765 310 1792; x_wconf 88' lang='lat' dir='ltr'><strong>nisi</strong></span> <span class='ocrx_word' id='word_1_360' title='bbox 325 1765 387 1799; x_wconf 90' lang='lat' dir='ltr'><strong>quis</strong></span> <span class='ocrx_word' id='word_1_361' title='bbox 403 1765 460 1800; x_wconf 85' lang='lat' dir='ltr'><strong>pari</strong></span> <span class='ocrx_word' id='word_1_362' title='bbox 481 1773 544 1792; x_wconf 90' lang='lat' dir='ltr'><strong>cum</strong></span> <span class='ocrx_word' id='word_1_363' title='bbox 561 1764 670 1793; x_wconf 67' lang='lat' dir='ltr'><strong>Iuliano</strong></span> <span class='ocrx_word' id='word_1_364' title='bbox 685 1766 790 1801; x_wconf 87' lang='lat' dir='ltr'><strong>judicio</strong></span> <span class='ocrx_word' id='word_1_365' title='bbox 817 1766 910 1794; x_wconf 91' lang='lat' dir='ltr'><strong>divino</strong></span> <span class='ocrx_word' id='word_1_366' title='bbox 927 1774 1047 1794; x_wconf 72' lang='lat' dir='ltr'><strong>occa&#39;ca-</strong></span> 
     </span>
    </p>
   </div>
   <div class='ocr_carea' id='block_1_54' title="bbox 256 1811 1049 1846">
    <p class='ocr_par' dir='ltr' id='par_1_54' title="bbox 256 1811 1049 1846">
     <span class='ocr_line' id='line_1_54' title="bbox 256 1811 1049 1846; baseline 0.003 -9"><span class='ocrx_word' id='word_1_367' title='bbox 256 1815 322 1844; x_wconf 89' lang='lat' dir='ltr'><strong>tus,</strong></span> <span class='ocrx_word' id='word_1_368' title='bbox 355 1811 383 1838; x_wconf 90' lang='lat' dir='ltr'><strong>in</strong></span> <span class='ocrx_word' id='word_1_369' title='bbox 413 1811 568 1838; x_wconf 85' lang='lat' dir='ltr'><strong>clarissima</strong></span> <span class='ocrx_word' id='word_1_370' title='bbox 591 1812 653 1838; x_wconf 85' lang='lat' dir='ltr'><strong>luce</strong></span> <span class='ocrx_word' id='word_1_371' title='bbox 679 1812 838 1843; x_wconf 87' lang='lat' dir='ltr'><strong>aberrabit,</strong></span> <span class='ocrx_word' id='word_1_372' title='bbox 872 1819 1049 1846; x_wconf 83' lang='lat' dir='ltr'><strong>summopere</strong></span> 
     </span>
    </p>
   </div>
   <div class='ocr_carea' id='block_1_55' title="bbox 255 1857 1048 1892">
    <p class='ocr_par' dir='ltr' id='par_1_55' title="bbox 255 1857 1048 1892">
     <span class='ocr_line' id='line_1_55' title="bbox 255 1857 1048 1892; baseline 0 -7"><span class='ocrx_word' id='word_1_373' title='bbox 255 1857 442 1885; x_wconf 83' lang='lat' dir='ltr'><strong>admiraturus</strong></span> <span class='ocrx_word' id='word_1_374' title='bbox 474 1862 517 1885; x_wconf 88' lang='lat' dir='ltr'><strong>est</strong></span> <span class='ocrx_word' id='word_1_375' title='bbox 547 1858 701 1885; x_wconf 87' lang='lat' dir='ltr'><strong>naturalem</strong></span> <span class='ocrx_word' id='word_1_376' title='bbox 727 1857 788 1892; x_wconf 86' lang='lat' dir='ltr'><strong>ejus</strong></span> <span class='ocrx_word' id='word_1_377' title='bbox 812 1859 876 1890; x_wconf 81' lang='lat' dir='ltr'><strong>vim,</strong></span> <span class='ocrx_word' id='word_1_378' title='bbox 903 1859 1048 1886; x_wconf 87' lang='lat' dir='ltr'><strong>sublimem</strong></span> 
     </span>
    </p>
   </div>
   <div class='ocr_carea' id='block_1_56' title="bbox 255 1903 1050 1937">
    <p class='ocr_par' dir='ltr' id='par_1_56' title="bbox 255 1903 1050 1937">
     <span class='ocr_line' id='line_1_56' title="bbox 255 1903 1050 1937; baseline 0.003 -7"><span class='ocrx_word' id='word_1_379' title='bbox 255 1903 330 1930; x_wconf 84' lang='lat' dir='ltr'><strong>illam</strong></span> <span class='ocrx_word' id='word_1_380' title='bbox 349 1907 376 1931; x_wconf 89' lang='lat' dir='ltr'><strong>et</strong></span> <span class='ocrx_word' id='word_1_381' title='bbox 398 1904 593 1931; x_wconf 70' lang='lat' dir='ltr'><strong>salutiferam?</strong></span> <span class='ocrx_word' id='word_1_382' title='bbox 624 1903 676 1937; x_wconf 87' lang='lat' dir='ltr'><strong>Qui</strong></span> <span class='ocrx_word' id='word_1_383' title='bbox 699 1905 837 1931; x_wconf 82' lang='lat' dir='ltr'><strong>ccclestcm</strong></span> <span class='ocrx_word' id='word_1_384' title='bbox 862 1905 1050 1932; x_wconf 85' lang='lat' dir='ltr'><strong>conversatio-</strong></span> 
     </span>
    </p>
   </div>
   <div class='ocr_carea' id='block_1_57' title="bbox 255 1950 1049 1985">
    <p class='ocr_par' dir='ltr' id='par_1_57' title="bbox 255 1950 1049 1985">
     <span class='ocr_line' id='line_1_57' title="bbox 255 1950 1049 1985; baseline 0.003 -8"><span class='ocrx_word' id='word_1_385' title='bbox 255 1958 317 1978; x_wconf 90' lang='lat' dir='ltr'><strong>nem</strong></span> <span class='ocrx_word' id='word_1_386' title='bbox 345 1951 469 1978; x_wconf 87' lang='lat' dir='ltr'><strong>terrestri</strong></span> <span class='ocrx_word' id='word_1_387' title='bbox 494 1959 543 1978; x_wconf 90' lang='lat' dir='ltr'><strong>sua</strong></span> <span class='ocrx_word' id='word_1_388' title='bbox 559 1951 616 1978; x_wconf 83' lang='lat' dir='ltr'><strong>vita</strong></span> <span class='ocrx_word' id='word_1_389' title='bbox 647 1955 855 1985; x_wconf 64' lang='lat' dir='ltr'><strong>reprazsentant,</strong></span> <span class='ocrx_word' id='word_1_390' title='bbox 879 1950 898 1977; x_wconf 91' lang='lat' dir='ltr'><strong>ii</strong></span> <span class='ocrx_word' id='word_1_391' title='bbox 930 1951 1049 1979; x_wconf 88' lang='lat' dir='ltr'><strong>discerni</strong></span> 
     </span>
    </p>
   </div>
   <div class='ocr_carea' id='block_1_58' title="bbox 255 1996 1048 2031">
    <p class='ocr_par' dir='ltr' id='par_1_58' title="bbox 255 1996 1048 2031">
     <span class='ocr_line' id='line_1_58' title="bbox 255 1996 1048 2031; baseline 0 -7"><span class='ocrx_word' id='word_1_392' title='bbox 255 1996 336 2024; x_wconf 78' lang='lat' dir='ltr'><strong>facile</strong></span> <span class='ocrx_word' id='word_1_393' title='bbox 354 2002 479 2031; x_wconf 88' lang='lat' dir='ltr'><strong>possunt,</strong></span> <span class='ocrx_word' id='word_1_394' title='bbox 505 1997 557 2024; x_wconf 91' lang='lat' dir='ltr'><strong>hoc</strong></span> <span class='ocrx_word' id='word_1_395' title='bbox 583 1996 764 2023; x_wconf 83' lang='lat' dir='ltr'><strong>fundamento</strong></span> <span class='ocrx_word' id='word_1_396' title='bbox 788 1996 914 2031; x_wconf 91' lang='lat' dir='ltr'><strong>inprimis</strong></span> <span class='ocrx_word' id='word_1_397' title='bbox 937 1997 1048 2025; x_wconf 84' lang='lat' dir='ltr'><strong>innixt:</strong></span> 
     </span>
    </p>
   </div>
   <div class='ocr_carea' id='block_1_59' title="bbox 259 2041 1046 2077">
    <p class='ocr_par' dir='ltr' id='par_1_59' title="bbox 259 2041 1046 2077">
     <span class='ocr_line' id='line_1_59' title="bbox 259 2041 1046 2077; baseline 0.003 -9"><span class='ocrx_word' id='word_1_398' title='bbox 259 2052 268 2068; x_wconf 83' lang='lat' dir='ltr'><strong>I</strong></span> <span class='ocrx_word' id='word_1_399' title='bbox 286 2041 398 2069; x_wconf 89' lang='lat' dir='ltr'><strong>Vendite</strong></span> <span class='ocrx_word' id='word_1_400' title='bbox 413 2049 475 2076; x_wconf 71' lang='lat' dir='ltr'><strong>quae</strong></span> <span class='ocrx_word' id='word_1_401' title='bbox 492 2042 652 2077; x_wconf 86' lang='lat' dir='ltr'><strong>possidetis,</strong></span> <span class='ocrx_word' id='word_1_402' title='bbox 675 2046 703 2070; x_wconf 88' lang='lat' dir='ltr'><strong>et</strong></span> <span class='ocrx_word' id='word_1_403' title='bbox 718 2042 921 2077; x_wconf 81' lang='lat' dir='ltr'><strong>eleemosyuam</strong></span> <span class='ocrx_word' id='word_1_404' title='bbox 937 2042 1010 2070; x_wconf 86' lang='lat' dir='ltr'><strong>date.</strong></span> <span class='ocrx_word' id='word_1_405' title='bbox 1036 2052 1046 2069; x_wconf 74' lang='grc' dir='ltr'>ι</span> 
     </span>
    </p>
   </div>
   <div class='ocr_carea' id='block_1_60' title="bbox 256 2078 1070 2123">
    <p class='ocr_par' dir='ltr' id='par_1_60' title="bbox 256 2078 1070 2123">
     <span class='ocr_line' id='line_1_60' title="bbox 256 2078 1070 2123; baseline 0.004 -9"><span class='ocrx_word' id='word_1_406' title='bbox 256 2088 308 2115; x_wconf 84' lang='lat' dir='ltr'><strong>Cui</strong></span> <span class='ocrx_word' id='word_1_407' title='bbox 325 2088 366 2115; x_wconf 88' lang='lat' dir='ltr'><strong>sic</strong></span> <span class='ocrx_word' id='word_1_408' title='bbox 385 2088 471 2122; x_wconf 81' lang='lat' dir='ltr'><strong>jacto,</strong></span> <span class='ocrx_word' id='word_1_409' title='bbox 499 2092 613 2115; x_wconf 82' lang='lat' dir='ltr'><strong>caeteras</strong></span> <span class='ocrx_word' id='word_1_410' title='bbox 638 2092 834 2123; x_wconf 88' lang='lat' dir='ltr'><strong>superstruunt</strong></span> <span class='ocrx_word' id='word_1_411' title='bbox 861 2090 987 2123; x_wconf 77' lang='lat' dir='ltr'><strong>virtutes,</strong></span> <span class='ocrx_word' id='word_1_412' title='bbox 1013 2078 1070 2117; x_wconf 18' lang='lat' dir='ltr'><strong>ita!</strong></span> 
     </span>
    </p>
   </div>
   <div class='ocr_carea' id='block_1_61' title="bbox 257 2134 1050 2169">
    <p class='ocr_par' dir='ltr' id='par_1_61' title="bbox 257 2134 1050 2169">
     <span class='ocr_line' id='line_1_61' title="bbox 257 2134 1050 2169; baseline 0.001 -7"><span class='ocrx_word' id='word_1_413' title='bbox 257 2139 287 2162; x_wconf 91' lang='lat' dir='ltr'><strong>ut</strong></span> <span class='ocrx_word' id='word_1_414' title='bbox 301 2134 360 2162; x_wconf 84' lang='lat' dir='ltr'><strong>sine</strong></span> <span class='ocrx_word' id='word_1_415' title='bbox 377 2134 423 2161; x_wconf 92' lang='lat' dir='ltr'><strong>illo</strong></span> <span class='ocrx_word' id='word_1_416' title='bbox 451 2134 602 2162; x_wconf 80' lang='lat' dir='ltr'><strong>subsistere</strong></span> <span class='ocrx_word' id='word_1_417' title='bbox 618 2142 673 2161; x_wconf 90' lang='lat' dir='ltr'><strong>non</strong></span> <span class='ocrx_word' id='word_1_418' title='bbox 689 2142 770 2169; x_wconf 90' lang='lat' dir='ltr'><strong>posse</strong></span> <span class='ocrx_word' id='word_1_419' title='bbox 788 2142 856 2169; x_wconf 90' lang='lat' dir='ltr'><strong>pure</strong></span> <span class='ocrx_word' id='word_1_420' title='bbox 872 2135 924 2162; x_wconf 72' lang='lat' dir='ltr'><strong>illa:</strong></span> <span class='ocrx_word' id='word_1_421' title='bbox 937 2135 1050 2163; x_wconf 87' lang='lat' dir='ltr'><strong>videan-</strong></span> 
     </span>
    </p>
   </div>
   <div class='ocr_carea' id='block_1_62' title="bbox 257 2180 1049 2216">
    <p class='ocr_par' dir='ltr' id='par_1_62' title="bbox 257 2180 1049 2216">
     <span class='ocr_line' id='line_1_62' title="bbox 257 2180 1049 2216; baseline 0.003 -10"><span class='ocrx_word' id='word_1_422' title='bbox 257 2185 312 2207; x_wconf 88' lang='lat' dir='ltr'><strong>tur.</strong></span> <span class='ocrx_word' id='word_1_423' title='bbox 331 2180 467 2214; x_wconf 85' lang='lat' dir='ltr'><strong>Quocirca</strong></span> <span class='ocrx_word' id='word_1_424' title='bbox 483 2187 546 2207; x_wconf 92' lang='lat' dir='ltr'><strong>cum</strong></span> <span class='ocrx_word' id='word_1_425' title='bbox 567 2180 747 2207; x_wconf 87' lang='lat' dir='ltr'><strong>vendideritis</strong></span> <span class='ocrx_word' id='word_1_426' title='bbox 770 2180 860 2215; x_wconf 90' lang='lat' dir='ltr'><strong>primo</strong></span> <span class='ocrx_word' id='word_1_427' title='bbox 876 2189 938 2216; x_wconf 72' lang='lat' dir='ltr'><strong>qua:</strong></span> <span class='ocrx_word' id='word_1_428' title='bbox 959 2181 1049 2216; x_wconf 84' lang='lat' dir='ltr'><strong>possi—</strong></span> 
     </span>
    </p>
   </div>
   <div class='ocr_carea' id='block_1_63' title="bbox 1093 940 1866 978">
    <p class='ocr_par' dir='ltr' id='par_1_63' title="bbox 1093 940 1866 978">
     <span class='ocr_line' id='line_1_63' title="bbox 1093 940 1866 978; baseline 0.004 -11"><span class='ocrx_word' id='word_1_429' title='bbox 1093 940 1256 976; x_wconf 82' lang='grc' dir='ltr'>ακμὰξουσα</span> <span class='ocrx_word' id='word_1_430' title='bbox 1268 949 1275 956; x_wconf 94' lang='grc'><strong>·</strong></span> <span class='ocrx_word' id='word_1_431' title='bbox 1294 940 1304 960; x_wconf 78' lang='grc' dir='ltr'><strong>ί</strong></span> <span class='ocrx_word' id='word_1_432' title='bbox 1328 940 1427 975; x_wconf 71' lang='grc' dir='ltr'>ἑφεξῆς</span> <span class='ocrx_word' id='word_1_433' title='bbox 1442 940 1471 967; x_wconf 77' lang='grc' dir='ltr'><strong>δὲ</strong></span> <span class='ocrx_word' id='word_1_434' title='bbox 1488 940 1569 976; x_wconf 81' lang='grc' dir='ltr'><strong>μέχρι</strong></span> <span class='ocrx_word' id='word_1_435' title='bbox 1586 941 1645 974; x_wconf 85' lang='grc' dir='ltr'>νῦν,</span> <span class='ocrx_word' id='word_1_436' title='bbox 1659 942 1709 968; x_wconf 83' lang='grc' dir='ltr'>οὒκ</span> <span class='ocrx_word' id='word_1_437' title='bbox 1727 942 1866 978; x_wconf 80' lang='grc' dir='ltr'>ἁμάραντι</span> 
     </span>
    </p>
   </div>
   <div class='ocr_carea' id='block_1_64' title="bbox 1095 983 1866 1020">
    <p class='ocr_par' dir='ltr' id='par_1_64' title="bbox 1095 983 1866 1020">
     <span class='ocr_line' id='line_1_64' title="bbox 1095 983 1866 1020; baseline 0.001 -8"><span class='ocrx_word' id='word_1_438' title='bbox 1095 985 1176 1020; x_wconf 84' lang='grc' dir='ltr'>μόνον</span> <span class='ocrx_word' id='word_1_439' title='bbox 1191 984 1222 1011; x_wconf 81' lang='grc' dir='ltr'>τὸ</span> <span class='ocrx_word' id='word_1_440' title='bbox 1235 985 1285 1020; x_wconf 81' lang='grc' dir='ltr'>τῆς</span> <span class='ocrx_word' id='word_1_441' title='bbox 1299 984 1392 1020; x_wconf 81' lang='grc' dir='ltr'>ἀκμῆς</span> <span class='ocrx_word' id='word_1_442' title='bbox 1404 984 1484 1016; x_wconf 79' lang='grc' dir='ltr'>ἄνθος</span> <span class='ocrx_word' id='word_1_443' title='bbox 1499 985 1657 1018; x_wconf 73' lang='grc' dir='ltr'>διεσώσατο,</span> <span class='ocrx_word' id='word_1_444' title='bbox 1676 986 1710 1013; x_wconf 79' lang='grc' dir='ltr'><strong>δι’</strong></span> <span class='ocrx_word' id='word_1_445' title='bbox 1729 983 1761 1013; x_wconf 78' lang='grc' dir='ltr'><strong>οὗ</strong></span> <span class='ocrx_word' id='word_1_446' title='bbox 1773 987 1825 1018; x_wconf 73' lang='grc' dir='ltr'><strong>τὰς</strong></span> <span class='ocrx_word' id='word_1_447' title='bbox 1839 989 1866 1015; x_wconf 75' lang='grc' dir='ltr'>ἀν</span> 
     </span>
    </p>
   </div>
   <div class='ocr_carea' id='block_1_65' title="bbox 1095 1030 1866 1067">
    <p class='ocr_par' dir='ltr' id='par_1_65' title="bbox 1095 1030 1866 1067">
     <span class='ocr_line' id='line_1_65' title="bbox 1095 1030 1866 1067; baseline 0.004 -10"><span class='ocrx_word' id='word_1_448' title='bbox 1095 1031 1234 1066; x_wconf 77' lang='grc' dir='ltr'>θρωπίνας</span> <span class='ocrx_word' id='word_1_449' title='bbox 1246 1031 1336 1066; x_wconf 80' lang='grc' dir='ltr'>ψυχὰς</span> <span class='ocrx_word' id='word_1_450' title='bbox 1353 1030 1575 1066; x_wconf 80' lang='grc' dir='ltr'>περιανθίζουσα,</span> <span class='ocrx_word' id='word_1_451' title='bbox 1593 1032 1648 1059; x_wconf 81' lang='grc' dir='ltr'><strong>ἀπὸ</strong></span> <span class='ocrx_word' id='word_1_452' title='bbox 1660 1034 1710 1067; x_wconf 86' lang='grc' dir='ltr'>τῆς</span> <span class='ocrx_word' id='word_1_453' title='bbox 1721 1033 1776 1060; x_wconf 87' lang='grc' dir='ltr'>τῶν</span> <span class='ocrx_word' id='word_1_454' title='bbox 1794 1034 1866 1061; x_wconf 77' lang='grc' dir='ltr'>παθιῖ</span> 
     </span>
    </p>
   </div>
   <div class='ocr_carea' id='block_1_66' title="bbox 1094 1076 1866 1114">
    <p class='ocr_par' dir='ltr' id='par_1_66' title="bbox 1094 1076 1866 1114">
     <span class='ocr_line' id='line_1_66' title="bbox 1094 1076 1866 1114; baseline 0.004 -11"><span class='ocrx_word' id='word_1_455' title='bbox 1094 1077 1240 1112; x_wconf 80' lang='grc' dir='ltr'>σηπεδόνος</span> <span class='ocrx_word' id='word_1_456' title='bbox 1254 1077 1322 1104; x_wconf 84' lang='grc' dir='ltr'>πολὺ</span> <span class='ocrx_word' id='word_1_457' title='bbox 1345 1076 1377 1103; x_wconf 80' lang='grc' dir='ltr'>τὸ</span> <span class='ocrx_word' id='word_1_458' title='bbox 1395 1076 1513 1109; x_wconf 81' lang='grc' dir='ltr'><strong>δυσῶδες</strong></span> <span class='ocrx_word' id='word_1_459' title='bbox 1527 1078 1761 1114; x_wconf 78' lang='grc' dir='ltr'>ὲναποπνεούσης,</span> <span class='ocrx_word' id='word_1_460' title='bbox 1777 1080 1825 1106; x_wconf 74' lang='grc' dir='ltr'><strong>ἐπὶ</strong></span> <span class='ocrx_word' id='word_1_461' title='bbox 1838 1080 1866 1106; x_wconf 69' lang='grc' dir='ltr'>τὶ</span> 
     </span>
    </p>
   </div>
   <div class='ocr_carea' id='block_1_67' title="bbox 1094 1122 1866 1160">
    <p class='ocr_par' dir='ltr' id='par_1_67' title="bbox 1094 1122 1866 1160">
     <span class='ocr_line' id='line_1_67' title="bbox 1094 1122 1866 1160; baseline 0.004 -10"><span class='ocrx_word' id='word_1_462' title='bbox 1094 1123 1148 1150; x_wconf 85' lang='grc' dir='ltr'><strong>τῶν</strong></span> <span class='ocrx_word' id='word_1_463' title='bbox 1158 1122 1263 1158; x_wconf 83' lang='grc' dir='ltr'><strong>ἀρετῶν</strong></span> <span class='ocrx_word' id='word_1_464' title='bbox 1272 1124 1406 1159; x_wconf 76' lang='grc' dir='ltr'>σωτήριον</span> <span class='ocrx_word' id='word_1_465' title='bbox 1418 1123 1466 1150; x_wconf 87' lang='grc' dir='ltr'>καὶ</span> <span class='ocrx_word' id='word_1_466' title='bbox 1480 1123 1612 1155; x_wconf 83' lang='grc' dir='ltr'>ζωοποιὺν</span> <span class='ocrx_word' id='word_1_467' title='bbox 1626 1124 1741 1152; x_wconf 83' lang='grc' dir='ltr'>εὐωδίαν</span> <span class='ocrx_word' id='word_1_468' title='bbox 1755 1127 1866 1160; x_wconf 63' lang='grc' dir='ltr'>συνεφὲλ</span> 
     </span>
    </p>
   </div>
   <div class='ocr_carea' id='block_1_68' title="bbox 1094 1168 1867 1206">
    <p class='ocr_par' dir='ltr' id='par_1_68' title="bbox 1094 1168 1867 1206">
     <span class='ocr_line' id='line_1_68' title="bbox 1094 1168 1867 1206; baseline 0.003 -10"><span class='ocrx_word' id='word_1_469' title='bbox 1094 1176 1188 1196; x_wconf 84' lang='grc' dir='ltr'>κεται·</span> <span class='ocrx_word' id='word_1_470' title='bbox 1205 1168 1274 1197; x_wconf 82' lang='grc' dir='ltr'><strong>ἀλλά</strong></span> <span class='ocrx_word' id='word_1_471' title='bbox 1299 1177 1332 1204; x_wconf 85' lang='grc' dir='ltr'><strong>γε</strong></span> <span class='ocrx_word' id='word_1_472' title='bbox 1355 1169 1387 1205; x_wconf 85' lang='grc' dir='ltr'><strong>δὴ</strong></span> <span class='ocrx_word' id='word_1_473' title='bbox 1418 1169 1466 1196; x_wconf 77' lang='grc' dir='ltr'>καὶ</span> <span class='ocrx_word' id='word_1_474' title='bbox 1487 1171 1578 1197; x_wconf 79' lang='grc' dir='ltr'>πάντα</span> <span class='ocrx_word' id='word_1_475' title='bbox 1594 1169 1645 1206; x_wconf 81' lang='grc' dir='ltr'>τῆς</span> <span class='ocrx_word' id='word_1_476' title='bbox 1669 1171 1836 1206; x_wconf 76' lang='grc' dir='ltr'><strong>οἰκουμένης</strong></span> <span class='ocrx_word' id='word_1_477' title='bbox 1857 1181 1867 1198; x_wconf 79' lang='grc' dir='ltr'><strong>τ</strong></span> 
     </span>
    </p>
   </div>
   <div class='ocr_carea' id='block_1_69' title="bbox 1095 1215 1867 1254">
    <p class='ocr_par' dir='ltr' id='par_1_69' title="bbox 1095 1215 1867 1254">
     <span class='ocr_line' id='line_1_69' title="bbox 1095 1215 1867 1254; baseline 0.005 -13"><span class='ocrx_word' id='word_1_478' title='bbox 1095 1216 1212 1252; x_wconf 77' lang='grc' dir='ltr'>πέρατα,</span> <span class='ocrx_word' id='word_1_479' title='bbox 1229 1216 1289 1247; x_wconf 83' lang='grc' dir='ltr'>ταῖς</span> <span class='ocrx_word' id='word_1_480' title='bbox 1304 1215 1456 1251; x_wconf 76' lang='grc' dir='ltr'><strong>ἐνεργείαις</strong></span> <span class='ocrx_word' id='word_1_481' title='bbox 1470 1216 1656 1252; x_wconf 74' lang='grc' dir='ltr'>περιλαϐοῦσα</span> <span class='ocrx_word' id='word_1_482' title='bbox 1669 1217 1717 1245; x_wconf 76' lang='grc' dir='ltr'>καὶ</span> <span class='ocrx_word' id='word_1_483' title='bbox 1728 1218 1867 1254; x_wconf 79' lang='grc' dir='ltr'>ὅιατρέχοι</span> 
     </span>
    </p>
   </div>
   <div class='ocr_carea' id='block_1_70' title="bbox 1096 1261 1867 1299">
    <p class='ocr_par' dir='ltr' id='par_1_70' title="bbox 1096 1261 1867 1299">
     <span class='ocr_line' id='line_1_70' title="bbox 1096 1261 1867 1299; baseline 0.005 -12"><span class='ocrx_word' id='word_1_484' title='bbox 1096 1269 1140 1293; x_wconf 85' lang='grc' dir='ltr'><strong>σα,</strong></span> <span class='ocrx_word' id='word_1_485' title='bbox 1157 1261 1188 1287; x_wconf 72' lang='grc' dir='ltr'>οὗ</span> <span class='ocrx_word' id='word_1_486' title='bbox 1206 1261 1266 1287; x_wconf 83' lang='grc' dir='ltr'>κατ’</span> <span class='ocrx_word' id='word_1_487' title='bbox 1282 1261 1367 1295; x_wconf 82' lang='grc' dir='ltr'>ἄνδρα</span> <span class='ocrx_word' id='word_1_488' title='bbox 1383 1261 1475 1296; x_wconf 81' lang='grc' dir='ltr'>μόνον,</span> <span class='ocrx_word' id='word_1_489' title='bbox 1501 1262 1552 1297; x_wconf 78' lang='grc' dir='ltr'><strong>ήδη</strong></span> <span class='ocrx_word' id='word_1_490' title='bbox 1571 1261 1600 1289; x_wconf 76' lang='grc' dir='ltr'><strong>δὲ</strong></span> <span class='ocrx_word' id='word_1_491' title='bbox 1622 1263 1671 1289; x_wconf 87' lang='grc' dir='ltr'>καὶ</span> <span class='ocrx_word' id='word_1_492' title='bbox 1692 1263 1762 1290; x_wconf 82' lang='grc' dir='ltr'>κατὰ</span> <span class='ocrx_word' id='word_1_493' title='bbox 1787 1264 1867 1299; x_wconf 78' lang='grc' dir='ltr'><strong>δήμυι</strong></span> 
     </span>
    </p>
   </div>
   <div class='ocr_carea' id='block_1_71' title="bbox 1095 1307 1868 1345">
    <p class='ocr_par' dir='ltr' id='par_1_71' title="bbox 1095 1307 1868 1345">
     <span class='ocr_line' id='line_1_71' title="bbox 1095 1307 1868 1345; baseline 0.006 -12"><span class='ocrx_word' id='word_1_494' title='bbox 1095 1307 1182 1339; x_wconf 82' lang='grc' dir='ltr'>ὅλους,</span> <span class='ocrx_word' id='word_1_495' title='bbox 1198 1307 1245 1334; x_wconf 79' lang='grc' dir='ltr'>καὶ</span> <span class='ocrx_word' id='word_1_496' title='bbox 1258 1307 1377 1342; x_wconf 80' lang='grc' dir='ltr'>ἀριθμοῦ</span> <span class='ocrx_word' id='word_1_497' title='bbox 1392 1308 1518 1342; x_wconf 80' lang='grc' dir='ltr'><strong>κρείττω,</strong></span> <span class='ocrx_word' id='word_1_498' title='bbox 1534 1310 1695 1345; x_wconf 83' lang='grc' dir='ltr'>συστήματα</span> <span class='ocrx_word' id='word_1_499' title='bbox 1706 1310 1760 1337; x_wconf 82' lang='grc' dir='ltr'>τῶν</span> <span class='ocrx_word' id='word_1_500' title='bbox 1777 1310 1818 1341; x_wconf 78' lang='grc' dir='ltr'>ὡς</span> <span class='ocrx_word' id='word_1_501' title='bbox 1828 1311 1868 1339; x_wconf 84' lang='grc' dir='ltr'><strong>ἁλι</strong></span> 
     </span>
    </p>
   </div>
   <div class='ocr_carea' id='block_1_72' title="bbox 1096 1353 1868 1389">
    <p class='ocr_par' dir='ltr' id='par_1_72' title="bbox 1096 1353 1868 1389">
     <span class='ocr_line' id='line_1_72' title="bbox 1096 1353 1868 1389; baseline 0.006 -10"><span class='ocrx_word' id='word_1_502' title='bbox 1096 1353 1150 1384; x_wconf 88' lang='grc' dir='ltr'>θῶς</span> <span class='ocrx_word' id='word_1_503' title='bbox 1167 1353 1268 1388; x_wconf 71' lang='grc' dir='ltr'>μονάδι</span> <span class='ocrx_word' id='word_1_504' title='bbox 1283 1353 1339 1388; x_wconf 85' lang='grc' dir='ltr'>βίον</span> <span class='ocrx_word' id='word_1_505' title='bbox 1355 1353 1402 1380; x_wconf 74' lang='grc' dir='ltr'><strong>καὶ</strong></span> <span class='ocrx_word' id='word_1_506' title='bbox 1416 1354 1544 1389; x_wconf 85' lang='grc' dir='ltr'>οὐράνιον</span> <span class='ocrx_word' id='word_1_507' title='bbox 1562 1355 1711 1388; x_wconf 77' lang='grc' dir='ltr'>πολίζουσά</span> <span class='ocrx_word' id='word_1_508' title='bbox 1726 1365 1756 1382; x_wconf 87' lang='grc' dir='ltr'><strong>τε</strong></span> <span class='ocrx_word' id='word_1_509' title='bbox 1772 1358 1832 1388; x_wconf 82' lang='grc' dir='ltr'>τοῖς</span> <span class='ocrx_word' id='word_1_510' title='bbox 1847 1358 1868 1384; x_wconf 73' lang='grc' dir='ltr'><strong>ὲι</strong></span> 
     </span>
    </p>
   </div>
   <div class='ocr_carea' id='block_1_73' title="bbox 1095 1397 1868 1436">
    <p class='ocr_par' dir='ltr' id='par_1_73' title="bbox 1095 1397 1868 1436">
     <span class='ocr_line' id='line_1_73' title="bbox 1095 1397 1868 1436; baseline 0.008 -13"><span class='ocrx_word' id='word_1_511' title='bbox 1095 1398 1158 1433; x_wconf 83' lang='grc' dir='ltr'>γῆς,</span> <span class='ocrx_word' id='word_1_512' title='bbox 1179 1398 1226 1424; x_wconf 82' lang='grc' dir='ltr'>καὶ</span> <span class='ocrx_word' id='word_1_513' title='bbox 1255 1397 1427 1426; x_wconf 83' lang='grc' dir='ltr'>πλατύνουσα</span> <span class='ocrx_word' id='word_1_514' title='bbox 1455 1399 1489 1426; x_wconf 81' lang='grc' dir='ltr'><strong>δι’</strong></span> <span class='ocrx_word' id='word_1_515' title='bbox 1507 1399 1597 1427; x_wconf 81' lang='grc' dir='ltr'>αὐτῶν</span> <span class='ocrx_word' id='word_1_516' title='bbox 1621 1400 1675 1426; x_wconf 82' lang='grc' dir='ltr'><strong>τῶν</strong></span> <span class='ocrx_word' id='word_1_517' title='bbox 1701 1400 1806 1436; x_wconf 75' lang='grc' dir='ltr'>ἔργων,</span> <span class='ocrx_word' id='word_1_518' title='bbox 1832 1402 1868 1429; x_wconf 83' lang='grc' dir='ltr'>ὅσι</span> 
     </span>
    </p>
   </div>
   <div class='ocr_carea' id='block_1_74' title="bbox 1096 1443 1858 1482">
    <p class='ocr_par' dir='ltr' id='par_1_74' title="bbox 1096 1443 1858 1482">
     <span class='ocr_line' id='line_1_74' title="bbox 1096 1443 1858 1482; baseline 0.007 -13"><span class='ocrx_word' id='word_1_519' title='bbox 1096 1444 1169 1470; x_wconf 77' lang='grc' dir='ltr'>ἐστὶν</span> <span class='ocrx_word' id='word_1_520' title='bbox 1187 1443 1272 1478; x_wconf 64' lang='grc' dir='ltr'>αὐτῆς</span> <span class='ocrx_word' id='word_1_521' title='bbox 1292 1444 1323 1470; x_wconf 79' lang='grc' dir='ltr'>τὸ</span> <span class='ocrx_word' id='word_1_522' title='bbox 1341 1445 1370 1471; x_wconf 76' lang='grc' dir='ltr'>ἐν</span> <span class='ocrx_word' id='word_1_523' title='bbox 1390 1445 1447 1477; x_wconf 85' lang='grc' dir='ltr'>τοῖς</span> <span class='ocrx_word' id='word_1_524' title='bbox 1465 1445 1557 1479; x_wconf 82' lang='grc' dir='ltr'>λόγοις</span> <span class='ocrx_word' id='word_1_525' title='bbox 1578 1446 1726 1473; x_wconf 82' lang='grc' dir='ltr'>ἀκόλουθον</span> <span class='ocrx_word' id='word_1_526' title='bbox 1742 1448 1858 1482; x_wconf 79' lang='grc' dir='ltr'>μᾶλλον,</span> 
     </span>
    </p>
   </div>
   <div class='ocr_carea' id='block_1_75' title="bbox 1095 1489 1869 1528">
    <p class='ocr_par' dir='ltr' id='par_1_75' title="bbox 1095 1489 1869 1528">
     <span class='ocr_line' id='line_1_75' title="bbox 1095 1489 1869 1528; baseline 0.006 -12"><span class='ocrx_word' id='word_1_527' title='bbox 1095 1489 1140 1516; x_wconf 80' lang='grc' dir='ltr'>διὰ</span> <span class='ocrx_word' id='word_1_528' title='bbox 1152 1490 1201 1526; x_wconf 84' lang='grc' dir='ltr'>τῆς</span> <span class='ocrx_word' id='word_1_529' title='bbox 1216 1490 1287 1517; x_wconf 88' lang='grc' dir='ltr'>κατὰ</span> <span class='ocrx_word' id='word_1_530' title='bbox 1301 1490 1347 1517; x_wconf 77' lang='grc' dir='ltr'>τὸν</span> <span class='ocrx_word' id='word_1_531' title='bbox 1360 1490 1439 1525; x_wconf 84' lang='grc' dir='ltr'>λόγον</span> <span class='ocrx_word' id='word_1_532' title='bbox 1455 1491 1620 1525; x_wconf 77' lang='grc' dir='ltr'>ἀκολουθίας</span> <span class='ocrx_word' id='word_1_533' title='bbox 1633 1492 1664 1520; x_wconf 79' lang='grc' dir='ltr'><strong>τὸ</strong></span> <span class='ocrx_word' id='word_1_534' title='bbox 1675 1493 1795 1528; x_wconf 69' lang='grc' dir='ltr'>ὑφεστδς</span> <span class='ocrx_word' id='word_1_535' title='bbox 1810 1493 1869 1521; x_wconf 79' lang='grc' dir='ltr'><strong>αὺτὶ</strong></span> 
     </span>
    </p>
   </div>
   <div class='ocr_carea' id='block_1_76' title="bbox 1097 1536 1869 1575">
    <p class='ocr_par' dir='ltr' id='par_1_76' title="bbox 1097 1536 1869 1575">
     <span class='ocr_line' id='line_1_76' title="bbox 1097 1536 1869 1575; baseline 0.006 -13"><span class='ocrx_word' id='word_1_536' title='bbox 1097 1537 1192 1568; x_wconf 74' lang='grc' dir='ltr'>ἐντοῖς</span> <span class='ocrx_word' id='word_1_537' title='bbox 1205 1536 1295 1571; x_wconf 79' lang='grc' dir='ltr'>ἔργοις</span> <span class='ocrx_word' id='word_1_538' title='bbox 1311 1537 1357 1563; x_wconf 80' lang='grc' dir='ltr'><strong>καὶ</strong></span> <span class='ocrx_word' id='word_1_539' title='bbox 1373 1537 1530 1572; x_wconf 78' lang='grc' dir='ltr'>περιούσιον</span> <span class='ocrx_word' id='word_1_540' title='bbox 1545 1539 1679 1575; x_wconf 82' lang='grc' dir='ltr'>λαμπρῶς</span> <span class='ocrx_word' id='word_1_541' title='bbox 1695 1539 1869 1567; x_wconf 63' lang='grc' dir='ltr'>ὲπιδείκνυσν</span> 
     </span>
    </p>
   </div>
   <div class='ocr_carea' id='block_1_77' title="bbox 1099 1583 1869 1621">
    <p class='ocr_par' dir='ltr' id='par_1_77' title="bbox 1099 1583 1869 1621">
     <span class='ocr_line' id='line_1_77' title="bbox 1099 1583 1869 1621; baseline 0.003 -11"><span class='ocrx_word' id='word_1_542' title='bbox 1099 1583 1136 1610; x_wconf 76' lang='grc' dir='ltr'><strong>Οὐ</strong></span> <span class='ocrx_word' id='word_1_543' title='bbox 1152 1583 1205 1618; x_wconf 84' lang='grc' dir='ltr'><strong>μὴν</strong></span> <span class='ocrx_word' id='word_1_544' title='bbox 1221 1584 1233 1603; x_wconf 67' lang='grc' dir='ltr'><strong>ε</strong></span> <span class='ocrx_word' id='word_1_545' title='bbox 1253 1583 1322 1610; x_wconf 78' lang='grc' dir='ltr'>ἀλλά</span> <span class='ocrx_word' id='word_1_546' title='bbox 1337 1591 1369 1618; x_wconf 88' lang='grc' dir='ltr'><strong>γε</strong></span> <span class='ocrx_word' id='word_1_547' title='bbox 1389 1584 1505 1610; x_wconf 77' lang='grc' dir='ltr'>καὶτῶν</span> <span class='ocrx_word' id='word_1_548' title='bbox 1527 1585 1703 1612; x_wconf 77' lang='grc' dir='ltr'>Δεσποτικῶν</span> <span class='ocrx_word' id='word_1_549' title='bbox 1718 1586 1869 1621; x_wconf 75' lang='grc' dir='ltr'>ρημάτωνι</span> 
     </span>
    </p>
   </div>
   <div class='ocr_carea' id='block_1_78' title="bbox 1099 1628 1869 1667">
    <p class='ocr_par' dir='ltr' id='par_1_78' title="bbox 1099 1628 1869 1667">
     <span class='ocr_line' id='line_1_78' title="bbox 1099 1628 1869 1667; baseline 0.006 -13"><span class='ocrx_word' id='word_1_550' title='bbox 1099 1629 1220 1664; x_wconf 70' lang='grc' dir='ltr'>ἐνεργὸν,</span> <span class='ocrx_word' id='word_1_551' title='bbox 1247 1629 1295 1656; x_wconf 71' lang='grc' dir='ltr'>καὶ</span> <span class='ocrx_word' id='word_1_552' title='bbox 1321 1629 1371 1665; x_wconf 77' lang='grc' dir='ltr'>τὴν</span> <span class='ocrx_word' id='word_1_553' title='bbox 1397 1629 1514 1666; x_wconf 83' lang='grc' dir='ltr'>δύναμιν</span> <span class='ocrx_word' id='word_1_554' title='bbox 1539 1630 1615 1657; x_wconf 72' lang='grc' dir='ltr'>οὐδὲν</span> <span class='ocrx_word' id='word_1_555' title='bbox 1637 1628 1719 1667; x_wconf 80' lang='grc' dir='ltr'>ἦττον</span> <span class='ocrx_word' id='word_1_556' title='bbox 1741 1631 1777 1658; x_wconf 81' lang='grc' dir='ltr'><strong>δι’</strong></span> <span class='ocrx_word' id='word_1_557' title='bbox 1796 1633 1869 1659; x_wconf 81' lang='grc' dir='ltr'>ἑαυτὶ</span> 
     </span>
    </p>
   </div>
   <div class='ocr_carea' id='block_1_79' title="bbox 1099 1674 1869 1714">
    <p class='ocr_par' dir='ltr' id='par_1_79' title="bbox 1099 1674 1869 1714">
     <span class='ocr_line' id='line_1_79' title="bbox 1099 1674 1869 1714; baseline 0.005 -14"><span class='ocrx_word' id='word_1_558' title='bbox 1099 1674 1214 1710; x_wconf 82' lang='grc' dir='ltr'>παρέχει</span> <span class='ocrx_word' id='word_1_559' title='bbox 1235 1674 1441 1710; x_wconf 77' lang='grc' dir='ltr'>θαυμάζεσθαι·</span> <span class='ocrx_word' id='word_1_560' title='bbox 1456 1675 1508 1708; x_wconf 82' lang='grc' dir='ltr'><strong>τὰς</strong></span> <span class='ocrx_word' id='word_1_561' title='bbox 1523 1676 1577 1712; x_wconf 89' lang='grc' dir='ltr'>γὰρ</span> <span class='ocrx_word' id='word_1_562' title='bbox 1593 1676 1769 1712; x_wconf 78' lang='grc' dir='ltr'>ἀνθρωπίνας</span> <span class='ocrx_word' id='word_1_563' title='bbox 1795 1678 1869 1714; x_wconf 68' lang='grc' dir='ltr'>ψυχὰ</span> 
     </span>
    </p>
   </div>
   <div class='ocr_carea' id='block_1_80' title="bbox 1098 1720 1869 1758">
    <p class='ocr_par' dir='ltr' id='par_1_80' title="bbox 1098 1720 1869 1758">
     <span class='ocr_line' id='line_1_80' title="bbox 1098 1720 1869 1758; baseline 0.003 -11"><span class='ocrx_word' id='word_1_564' title='bbox 1098 1721 1160 1747; x_wconf 80' lang='grc' dir='ltr'>ὅσαι</span> <span class='ocrx_word' id='word_1_565' title='bbox 1179 1720 1264 1754; x_wconf 74' lang='grc' dir='ltr'>ἄξιαι,</span> <span class='ocrx_word' id='word_1_566' title='bbox 1282 1721 1352 1758; x_wconf 74' lang='grc' dir='ltr'>πρὸς</span> <span class='ocrx_word' id='word_1_567' title='bbox 1372 1721 1476 1757; x_wconf 81' lang='grc' dir='ltr'>ἑαυτὴν</span> <span class='ocrx_word' id='word_1_568' title='bbox 1493 1723 1709 1758; x_wconf 71' lang='grc' dir='ltr'>ἐπιστρέφουσα,</span> <span class='ocrx_word' id='word_1_569' title='bbox 1724 1723 1775 1750; x_wconf 78' lang='grc' dir='ltr'>καὶ</span> <span class='ocrx_word' id='word_1_570' title='bbox 1790 1725 1839 1751; x_wconf 79' lang='grc' dir='ltr'>τὸν</span> <span class='ocrx_word' id='word_1_571' title='bbox 1851 1733 1869 1750; x_wconf 81' lang='grc' dir='ltr'>τι</span> 
     </span>
    </p>
   </div>
   <div class='ocr_carea' id='block_1_81' title="bbox 1099 1766 1869 1802">
    <p class='ocr_par' dir='ltr' id='par_1_81' title="bbox 1099 1766 1869 1802">
     <span class='ocr_line' id='line_1_81' title="bbox 1099 1766 1869 1802; baseline 0.003 -10"><span class='ocrx_word' id='word_1_572' title='bbox 1099 1766 1178 1800; x_wconf 84' lang='grc' dir='ltr'>λόγου</span> <span class='ocrx_word' id='word_1_573' title='bbox 1196 1766 1297 1802; x_wconf 87' lang='grc' dir='ltr'>σπόρον</span> <span class='ocrx_word' id='word_1_574' title='bbox 1319 1767 1423 1794; x_wconf 80' lang='grc' dir='ltr'>ὲνιεῖσά</span> <span class='ocrx_word' id='word_1_575' title='bbox 1436 1775 1467 1794; x_wconf 83' lang='grc' dir='ltr'><strong>τε</strong></span> <span class='ocrx_word' id='word_1_576' title='bbox 1487 1767 1536 1794; x_wconf 74' lang='grc' dir='ltr'>καὶ</span> <span class='ocrx_word' id='word_1_577' title='bbox 1550 1767 1753 1802; x_wconf 78' lang='grc' dir='ltr'>ἐμϐαθύνουσα,</span> <span class='ocrx_word' id='word_1_578' title='bbox 1778 1769 1835 1796; x_wconf 79' lang='grc' dir='ltr'><strong>ἀπὸ</strong></span> <span class='ocrx_word' id='word_1_579' title='bbox 1850 1778 1869 1795; x_wconf 76' lang='grc' dir='ltr'>τι</span> 
     </span>
    </p>
   </div>
   <div class='ocr_carea' id='block_1_82' title="bbox 1099 1812 1869 1848">
    <p class='ocr_par' dir='ltr' id='par_1_82' title="bbox 1099 1812 1869 1848">
     <span class='ocr_line' id='line_1_82' title="bbox 1099 1812 1869 1848; baseline 0.004 -9"><span class='ocrx_word' id='word_1_580' title='bbox 1099 1812 1207 1847; x_wconf 76' lang='grc' dir='ltr'>καρποῦ</span> <span class='ocrx_word' id='word_1_581' title='bbox 1220 1813 1250 1838; x_wconf 83' lang='grc' dir='ltr'>τὸ</span> <span class='ocrx_word' id='word_1_582' title='bbox 1263 1812 1371 1848; x_wconf 84' lang='grc' dir='ltr'>δένδρον</span> <span class='ocrx_word' id='word_1_583' title='bbox 1384 1812 1625 1847; x_wconf 81' lang='grc' dir='ltr'>ὲπιγινώσκεσθαι,</span> <span class='ocrx_word' id='word_1_584' title='bbox 1637 1814 1685 1840; x_wconf 78' lang='grc' dir='ltr'>καὶ</span> <span class='ocrx_word' id='word_1_585' title='bbox 1697 1814 1731 1841; x_wconf 85' lang='grc' dir='ltr'><strong>δι’</strong></span> <span class='ocrx_word' id='word_1_586' title='bbox 1742 1815 1839 1842; x_wconf 82' lang='grc' dir='ltr'>αὐτῶν</span> <span class='ocrx_word' id='word_1_587' title='bbox 1851 1824 1869 1842; x_wconf 83' lang='grc' dir='ltr'><strong>τι</strong></span> 
     </span>
    </p>
   </div>
   <div class='ocr_carea' id='block_1_83' title="bbox 1100 1857 1869 1895">
    <p class='ocr_par' dir='ltr' id='par_1_83' title="bbox 1100 1857 1869 1895">
     <span class='ocr_line' id='line_1_83' title="bbox 1100 1857 1869 1895; baseline 0.004 -12"><span class='ocrx_word' id='word_1_588' title='bbox 1100 1857 1257 1893; x_wconf 81' lang='grc' dir='ltr'>φυτοκὸμου</span> <span class='ocrx_word' id='word_1_589' title='bbox 1275 1857 1355 1884; x_wconf 84' lang='grc' dir='ltr'>πάλιν</span> <span class='ocrx_word' id='word_1_590' title='bbox 1370 1858 1421 1894; x_wconf 83' lang='grc' dir='ltr'>τὴν</span> <span class='ocrx_word' id='word_1_591' title='bbox 1435 1858 1512 1893; x_wconf 79' lang='grc' dir='ltr'>ἰσχὺν</span> <span class='ocrx_word' id='word_1_592' title='bbox 1531 1858 1578 1886; x_wconf 82' lang='grc' dir='ltr'>καὶ</span> <span class='ocrx_word' id='word_1_593' title='bbox 1596 1859 1692 1893; x_wconf 85' lang='grc' dir='ltr'>σοφίαν</span> <span class='ocrx_word' id='word_1_594' title='bbox 1707 1859 1869 1895; x_wconf 71' lang='grc' dir='ltr'>ὲξυμνεῖσοα</span> 
     </span>
    </p>
   </div>
   <div class='ocr_carea' id='block_1_84' title="bbox 1100 1904 1868 1941">
    <p class='ocr_par' dir='ltr' id='par_1_84' title="bbox 1100 1904 1868 1941">
     <span class='ocr_line' id='line_1_84' title="bbox 1100 1904 1868 1941; baseline 0.004 -11"><span class='ocrx_word' id='word_1_595' title='bbox 1100 1904 1280 1940; x_wconf 83' lang='grc' dir='ltr'>παρασκευὴν</span> <span class='ocrx_word' id='word_1_596' title='bbox 1305 1905 1406 1940; x_wconf 87' lang='grc' dir='ltr'>πολλὴν</span> <span class='ocrx_word' id='word_1_597' title='bbox 1421 1904 1604 1941; x_wconf 78' lang='grc' dir='ltr'>συνεξεύρατο</span> <span class='ocrx_word' id='word_1_598' title='bbox 1616 1913 1622 1921; x_wconf 84' lang='lat'><strong>&#39;</strong></span> <span class='ocrx_word' id='word_1_599' title='bbox 1640 1906 1686 1932; x_wconf 74' lang='grc' dir='ltr'><strong>καὶ</strong></span> <span class='ocrx_word' id='word_1_600' title='bbox 1705 1905 1786 1933; x_wconf 72' lang='grc' dir='ltr'>οὔπω</span> <span class='ocrx_word' id='word_1_601' title='bbox 1803 1915 1836 1941; x_wconf 88' lang='grc' dir='ltr'><strong>γε</strong></span> <span class='ocrx_word' id='word_1_602' title='bbox 1855 1907 1868 1933; x_wconf 79' lang='grc' dir='ltr'><strong>ὅ</strong></span> 
     </span>
    </p>
   </div>
   <div class='ocr_carea' id='block_1_85' title="bbox 1100 1950 1869 1988">
    <p class='ocr_par' dir='ltr' id='par_1_85' title="bbox 1100 1950 1869 1988">
     <span class='ocr_line' id='line_1_85' title="bbox 1100 1950 1869 1988; baseline 0.004 -12"><span class='ocrx_word' id='word_1_603' title='bbox 1100 1950 1214 1982; x_wconf 81' lang='grc' dir='ltr'>τούτων,</span> <span class='ocrx_word' id='word_1_604' title='bbox 1230 1950 1333 1985; x_wconf 87' lang='grc' dir='ltr'>καίπερ</span> <span class='ocrx_word' id='word_1_605' title='bbox 1352 1950 1522 1986; x_wconf 77' lang='grc' dir='ltr'>τηλικούτων</span> <span class='ocrx_word' id='word_1_606' title='bbox 1536 1951 1631 1983; x_wconf 79' lang='grc' dir='ltr'>ὅντων,</span> <span class='ocrx_word' id='word_1_607' title='bbox 1650 1952 1694 1986; x_wconf 64' lang='grc' dir='ltr'><strong>ὲφ*</strong></span> <span class='ocrx_word' id='word_1_608' title='bbox 1709 1951 1774 1978; x_wconf 85' lang='grc' dir='ltr'>ὅσον</span> <span class='ocrx_word' id='word_1_609' title='bbox 1787 1954 1852 1988; x_wconf 77' lang='grc' dir='ltr'>ἥκει</span> <span class='ocrx_word' id='word_1_610' title='bbox 1867 1962 1869 1967; x_wconf 67' lang='grc' dir='ltr'><strong>ι</strong></span> 
     </span>
    </p>
   </div>
   <div class='ocr_carea' id='block_1_86' title="bbox 1102 1996 1869 2033">
    <p class='ocr_par' dir='ltr' id='par_1_86' title="bbox 1102 1996 1869 2033">
     <span class='ocr_line' id='line_1_86' title="bbox 1102 1996 1869 2033; baseline 0.003 -11"><span class='ocrx_word' id='word_1_611' title='bbox 1102 1996 1246 2031; x_wconf 85' lang='grc' dir='ltr'>μεγαλεῖον</span> <span class='ocrx_word' id='word_1_612' title='bbox 1273 1996 1322 2031; x_wconf 83' lang='grc' dir='ltr'>τῆς</span> <span class='ocrx_word' id='word_1_613' title='bbox 1353 1997 1462 2031; x_wconf 84' lang='grc' dir='ltr'>φύσεως</span> <span class='ocrx_word' id='word_1_614' title='bbox 1495 1997 1581 2032; x_wconf 80' lang='grc' dir='ltr'>αὐτῆς</span> <span class='ocrx_word' id='word_1_615' title='bbox 1614 1997 1799 2033; x_wconf 76' lang='grc' dir='ltr'>ἐμφανίζεται</span> <span class='ocrx_word' id='word_1_616' title='bbox 1816 2007 1823 2014; x_wconf 72' lang='grc' dir='ltr'><strong>ο</strong></span> <span class='ocrx_word' id='word_1_617' title='bbox 1842 1999 1869 2025; x_wconf 74' lang='grc' dir='ltr'>ἀλ</span> 
     </span>
    </p>
   </div>
   <div class='ocr_carea' id='block_1_87' title="bbox 1100 2040 1867 2079">
    <p class='ocr_par' dir='ltr' id='par_1_87' title="bbox 1100 2040 1867 2079">
     <span class='ocr_line' id='line_1_87' title="bbox 1100 2040 1867 2079; baseline 0.005 -13"><span class='ocrx_word' id='word_1_618' title='bbox 1100 2041 1141 2067; x_wconf 84' lang='grc' dir='ltr'><strong>ὅτι</strong></span> <span class='ocrx_word' id='word_1_619' title='bbox 1150 2040 1258 2068; x_wconf 78' lang='grc' dir='ltr'>καὶτῶν</span> <span class='ocrx_word' id='word_1_620' title='bbox 1266 2040 1338 2068; x_wconf 78' lang='grc' dir='ltr'>ἄλλω</span> <span class='ocrx_word' id='word_1_621' title='bbox 1346 2041 1466 2077; x_wconf 83' lang='grc' dir='ltr'>νάρετῶν</span> <span class='ocrx_word' id='word_1_622' title='bbox 1480 2041 1527 2068; x_wconf 72' lang='grc' dir='ltr'>καὶ</span> <span class='ocrx_word' id='word_1_623' title='bbox 1541 2042 1764 2077; x_wconf 81' lang='grc' dir='ltr'>κατορθωμάτων</span> <span class='ocrx_word' id='word_1_624' title='bbox 1779 2043 1867 2079; x_wconf 81' lang='grc' dir='ltr'>ὑπερε</span> 
     </span>
    </p>
   </div>
   <div class='ocr_carea' id='block_1_88' title="bbox 1099 2087 1869 2124">
    <p class='ocr_par' dir='ltr' id='par_1_88' title="bbox 1099 2087 1869 2124">
     <span class='ocr_line' id='line_1_88' title="bbox 1099 2087 1869 2124; baseline 0.003 -11"><span class='ocrx_word' id='word_1_625' title='bbox 1099 2087 1138 2113; x_wconf 88' lang='grc' dir='ltr'>δει</span> <span class='ocrx_word' id='word_1_626' title='bbox 1159 2095 1189 2113; x_wconf 85' lang='grc' dir='ltr'><strong>τε</strong></span> <span class='ocrx_word' id='word_1_627' title='bbox 1209 2087 1257 2113; x_wconf 72' lang='grc' dir='ltr'>καὶ</span> <span class='ocrx_word' id='word_1_628' title='bbox 1278 2087 1385 2122; x_wconf 82' lang='grc' dir='ltr'>συνέχει</span> <span class='ocrx_word' id='word_1_629' title='bbox 1410 2087 1459 2122; x_wconf 77' lang='grc' dir='ltr'>τὴν</span> <span class='ocrx_word' id='word_1_630' title='bbox 1489 2087 1620 2123; x_wconf 80' lang='grc' dir='ltr'>ὓπαρξιν.</span> <span class='ocrx_word' id='word_1_631' title='bbox 1649 2088 1722 2121; x_wconf 82' lang='grc' dir='ltr'>Πῶς,</span> <span class='ocrx_word' id='word_1_632' title='bbox 1747 2089 1773 2115; x_wconf 75' lang='grc' dir='ltr'>εξ</span> <span class='ocrx_word' id='word_1_633' title='bbox 1797 2090 1838 2124; x_wconf 79' lang='grc' dir='ltr'><strong>μή</strong></span> <span class='ocrx_word' id='word_1_634' title='bbox 1858 2098 1869 2115; x_wconf 87' lang='grc' dir='ltr'><strong>τ</strong></span> 
     </span>
    </p>
   </div>
   <div class='ocr_carea' id='block_1_89' title="bbox 1108 2132 1869 2170">
    <p class='ocr_par' dir='ltr' id='par_1_89' title="bbox 1108 2132 1869 2170">
     <span class='ocr_line' id='line_1_89' title="bbox 1108 2132 1869 2170; baseline 0.001 -10"><span class='ocrx_word' id='word_1_635' title='bbox 1108 2132 1244 2168; x_wconf 76' lang='grc' dir='ltr'>Ἰουλιανῷ</span> <span class='ocrx_word' id='word_1_636' title='bbox 1267 2133 1318 2169; x_wconf 82' lang='grc' dir='ltr'>τὴν</span> <span class='ocrx_word' id='word_1_637' title='bbox 1336 2133 1397 2169; x_wconf 77' lang='grc' dir='ltr'>ἴσην</span> <span class='ocrx_word' id='word_1_638' title='bbox 1420 2134 1500 2169; x_wconf 82' lang='grc' dir='ltr'>δίκην</span> <span class='ocrx_word' id='word_1_639' title='bbox 1517 2135 1626 2169; x_wconf 76' lang='grc' dir='ltr'>ὑπέχων</span> <span class='ocrx_word' id='word_1_640' title='bbox 1644 2135 1744 2168; x_wconf 81' lang='grc' dir='ltr'>τυφλὸς</span> <span class='ocrx_word' id='word_1_641' title='bbox 1766 2135 1808 2170; x_wconf 79' lang='grc' dir='ltr'>τῷ</span> <span class='ocrx_word' id='word_1_642' title='bbox 1831 2144 1869 2170; x_wconf 65' lang='lat' dir='ltr'><strong>qui</strong></span> 
     </span>
    </p>
   </div>
   <div class='ocr_carea' id='block_1_90' title="bbox 1102 2178 1868 2215">
    <p class='ocr_par' dir='ltr' id='par_1_90' title="bbox 1102 2178 1868 2215">
     <span class='ocr_line' id='line_1_90' title="bbox 1102 2178 1868 2215; baseline 0.003 -10"><span class='ocrx_word' id='word_1_643' title='bbox 1102 2178 1346 2214; x_wconf 79' lang='grc' dir='ltr'>περιπλανώμενος</span> <span class='ocrx_word' id='word_1_644' title='bbox 1369 2178 1546 2215; x_wconf 75' lang='grc' dir='ltr'>διελέγχοιτο,</span> <span class='ocrx_word' id='word_1_645' title='bbox 1570 2181 1620 2206; x_wconf 80' lang='grc' dir='ltr'>οὐκ</span> <span class='ocrx_word' id='word_1_646' title='bbox 1639 2179 1672 2207; x_wconf 80' lang='grc' dir='ltr'>ἂν</span> <span class='ocrx_word' id='word_1_647' title='bbox 1688 2181 1868 2215; x_wconf 82' lang='grc' dir='ltr'>ὑπεραγασοε</span> 
     </span>
    </p>
   </div>
   <div class='ocr_carea' id='block_1_91' title="bbox 257 2223 996 2261">
    <p class='ocr_par' dir='ltr' id='par_1_91' title="bbox 257 2225 970 2261">
     <span class='ocr_line' id='line_1_91' title="bbox 257 2225 970 2261; baseline 0 -7"><span class='ocrx_word' id='word_1_648' title='bbox 257 2226 339 2258; x_wconf 87' lang='lat' dir='ltr'><strong>detis,</strong></span> <span class='ocrx_word' id='word_1_649' title='bbox 368 2231 396 2254; x_wconf 86' lang='lat' dir='ltr'><strong>et</strong></span> <span class='ocrx_word' id='word_1_650' title='bbox 409 2226 596 2261; x_wconf 76' lang='lat' dir='ltr'><strong>indigentibus</strong></span> <span class='ocrx_word' id='word_1_651' title='bbox 620 2225 828 2258; x_wconf 84' lang='lat' dir='ltr'><strong>dislribueritis,</strong></span> <span class='ocrx_word' id='word_1_652' title='bbox 859 2227 970 2254; x_wconf 89' lang='lat' dir='ltr'><strong>omnino</strong></span> 
     </span>
    </p>
   </div>
   <div class='ocr_carea' id='block_1_92' title="bbox 1129 2223 1868 2261">
    <p class='ocr_par' dir='ltr' id='par_1_92' title="bbox 1129 2225 1868 2261">
     <span class='ocr_line' id='line_1_92' title="bbox 1129 2225 1868 2261; baseline 0.005 -11"><span class='ocrx_word' id='word_1_653' title='bbox 1129 2235 1133 2250; x_wconf 75' lang='grc' dir='ltr'>ι</span> <span class='ocrx_word' id='word_1_654' title='bbox 1151 2225 1181 2251; x_wconf 86' lang='grc' dir='ltr'>ὲν</span> <span class='ocrx_word' id='word_1_655' title='bbox 1195 2226 1228 2260; x_wconf 85' lang='grc' dir='ltr'>τῇ</span> <span class='ocrx_word' id='word_1_656' title='bbox 1248 2226 1328 2259; x_wconf 86' lang='grc' dir='ltr'>φύσει</span> <span class='ocrx_word' id='word_1_657' title='bbox 1347 2226 1448 2260; x_wconf 75' lang='grc' dir='ltr'>κράτος</span> <span class='ocrx_word' id='word_1_658' title='bbox 1464 2226 1549 2259; x_wconf 81' lang='grc' dir='ltr'>αὐτῆς</span> <span class='ocrx_word' id='word_1_659' title='bbox 1564 2226 1611 2252; x_wconf 77' lang='grc' dir='ltr'>καὶ</span> <span class='ocrx_word' id='word_1_660' title='bbox 1624 2225 1724 2261; x_wconf 75' lang='grc' dir='ltr'>ὑψηλὸν</span> <span class='ocrx_word' id='word_1_661' title='bbox 1746 2227 1796 2253; x_wconf 78' lang='grc' dir='ltr'>καὶ</span> <span class='ocrx_word' id='word_1_662' title='bbox 1812 2235 1868 2254; x_wconf 87' lang='grc' dir='ltr'><strong>σωτ</strong></span> 
     </span>
    </p>
   </div>
   <div class='ocr_carea' id='block_1_93' title="bbox 256 2272 1051 2308">
    <p class='ocr_par' dir='ltr' id='par_1_93' title="bbox 256 2272 1051 2308">
     <span class='ocr_line' id='line_1_93' title="bbox 256 2272 1051 2308; baseline 0 -8"><span class='ocrx_word' id='word_1_663' title='bbox 256 2273 360 2301; x_wconf 87' lang='lat' dir='ltr'><strong>Christi</strong></span> <span class='ocrx_word' id='word_1_664' title='bbox 376 2273 537 2304; x_wconf 86' lang='lat' dir='ltr'><strong>consilium.</strong></span> <span class='ocrx_word' id='word_1_665' title='bbox 555 2277 585 2301; x_wconf 84' lang='lat' dir='ltr'><strong>ut</strong></span> <span class='ocrx_word' id='word_1_666' title='bbox 602 2272 649 2299; x_wconf 91' lang='lat' dir='ltr'><strong>Dei</strong></span> <span class='ocrx_word' id='word_1_667' title='bbox 669 2280 748 2307; x_wconf 85' lang='lat' dir='ltr'><strong>opus,</strong></span> <span class='ocrx_word' id='word_1_668' title='bbox 765 2276 795 2299; x_wconf 92' lang='lat' dir='ltr'><strong>ut</strong></span> <span class='ocrx_word' id='word_1_669' title='bbox 808 2272 978 2307; x_wconf 82' lang='lat' dir='ltr'><strong>humanitate</strong></span> <span class='ocrx_word' id='word_1_670' title='bbox 993 2273 1051 2308; x_wconf 84' lang='lat' dir='ltr'><strong>ple-</strong></span> 
     </span>
    </p>
   </div>
   <div class='ocr_carea' id='block_1_94' title="bbox 257 2317 1049 2349">
    <p class='ocr_par' dir='ltr' id='par_1_94' title="bbox 257 2317 1049 2349">
     <span class='ocr_line' id='line_1_94' title="bbox 257 2317 1049 2349; baseline 0.001 -4"><span class='ocrx_word' id='word_1_671' title='bbox 257 2326 336 2349; x_wconf 89' lang='lat' dir='ltr'><strong>num,</strong></span> <span class='ocrx_word' id='word_1_672' title='bbox 354 2318 548 2346; x_wconf 87' lang='lat' dir='ltr'><strong>celebrabitur.</strong></span> <span class='ocrx_word' id='word_1_673' title='bbox 576 2318 616 2344; x_wconf 84' lang='lat' dir='ltr'><strong>Ad</strong></span> <span class='ocrx_word' id='word_1_674' title='bbox 635 2317 709 2344; x_wconf 92' lang='lat' dir='ltr'><strong>hunc</strong></span> <span class='ocrx_word' id='word_1_675' title='bbox 724 2317 835 2345; x_wconf 84' lang='lat' dir='ltr'><strong>modotu</strong></span> <span class='ocrx_word' id='word_1_676' title='bbox 857 2318 921 2345; x_wconf 91' lang='lat' dir='ltr'><strong>nudi</strong></span> <span class='ocrx_word' id='word_1_677' title='bbox 937 2318 1049 2346; x_wconf 88' lang='lat' dir='ltr'><strong>demum</strong></span> 
     </span>
    </p>
   </div>
   <div class='ocr_carea' id='block_1_95' title="bbox 257 2364 1050 2399">
    <p class='ocr_par' dir='ltr' id='par_1_95' title="bbox 257 2364 1050 2399">
     <span class='ocr_line' id='line_1_95' title="bbox 257 2364 1050 2399; baseline 0 -7"><span class='ocrx_word' id='word_1_678' title='bbox 257 2365 395 2397; x_wconf 84' lang='lat' dir='ltr'><strong>homines,</strong></span> <span class='ocrx_word' id='word_1_679' title='bbox 411 2364 510 2399; x_wconf 85' lang='lat' dir='ltr'><strong>opibus</strong></span> <span class='ocrx_word' id='word_1_680' title='bbox 531 2369 558 2392; x_wconf 89' lang='lat' dir='ltr'><strong>et</strong></span> <span class='ocrx_word' id='word_1_681' title='bbox 573 2364 750 2399; x_wconf 87' lang='lat' dir='ltr'><strong>passionibus</strong></span> <span class='ocrx_word' id='word_1_682' title='bbox 770 2364 849 2391; x_wconf 85' lang='lat' dir='ltr'><strong>vacui</strong></span> <span class='ocrx_word' id='word_1_683' title='bbox 871 2365 999 2396; x_wconf 90' lang='lat' dir='ltr'><strong>terrenis,</strong></span> <span class='ocrx_word' id='word_1_684' title='bbox 1016 2364 1050 2392; x_wconf 87' lang='lat' dir='ltr'><strong>ad</strong></span> 
     </span>
    </p>
   </div>
   <div class='ocr_carea' id='block_1_96' title="bbox 258 2410 1050 2445">
    <p class='ocr_par' dir='ltr' id='par_1_96' title="bbox 258 2410 1050 2445">
     <span class='ocr_line' id='line_1_96' title="bbox 258 2410 1050 2445; baseline 0.001 -8"><span class='ocrx_word' id='word_1_685' title='bbox 258 2411 410 2437; x_wconf 85' lang='lat' dir='ltr'><strong>certamina</strong></span> <span class='ocrx_word' id='word_1_686' title='bbox 434 2410 565 2437; x_wconf 89' lang='lat' dir='ltr'><strong>athletica</strong></span> <span class='ocrx_word' id='word_1_687' title='bbox 585 2417 615 2437; x_wconf 90' lang='lat' dir='ltr'><strong>se</strong></span> <span class='ocrx_word' id='word_1_688' title='bbox 629 2415 809 2445; x_wconf 89' lang='lat' dir='ltr'><strong>componunt,</strong></span> <span class='ocrx_word' id='word_1_689' title='bbox 827 2410 853 2437; x_wconf 91' lang='lat' dir='ltr'><strong>in</strong></span> <span class='ocrx_word' id='word_1_690' title='bbox 870 2410 937 2438; x_wconf 87' lang='lat' dir='ltr'><strong>illud</strong></span> <span class='ocrx_word' id='word_1_691' title='bbox 960 2411 1050 2438; x_wconf 88' lang='lat' dir='ltr'><strong>solum</strong></span> 
     </span>
    </p>
   </div>
   <div class='ocr_carea' id='block_1_97' title="bbox 257 2456 1049 2491">
    <p class='ocr_par' dir='ltr' id='par_1_97' title="bbox 257 2456 1049 2491">
     <span class='ocr_line' id='line_1_97' title="bbox 257 2456 1049 2491; baseline 0 -7"><span class='ocrx_word' id='word_1_692' title='bbox 257 2461 350 2484; x_wconf 88' lang='lat' dir='ltr'><strong>mente</strong></span> <span class='ocrx_word' id='word_1_693' title='bbox 365 2456 476 2487; x_wconf 83' lang='lat' dir='ltr'><strong>intenti,</strong></span> <span class='ocrx_word' id='word_1_694' title='bbox 495 2461 521 2483; x_wconf 85' lang='lat' dir='ltr'><strong>et</strong></span> <span class='ocrx_word' id='word_1_695' title='bbox 542 2464 654 2491; x_wconf 88' lang='lat' dir='ltr'><strong>scopum</strong></span> <span class='ocrx_word' id='word_1_696' title='bbox 671 2456 806 2483; x_wconf 86' lang='lat' dir='ltr'><strong>directum</strong></span> <span class='ocrx_word' id='word_1_697' title='bbox 822 2456 963 2488; x_wconf 79' lang='lat' dir='ltr'><strong>habentes,</strong></span> <span class='ocrx_word' id='word_1_698' title='bbox 978 2456 1049 2491; x_wconf 90' lang='lat' dir='ltr'><strong>quod</strong></span> 
     </span>
    </p>
   </div>
   <div class='ocr_carea' id='block_1_98' title="bbox 257 2501 1052 2536">
    <p class='ocr_par' dir='ltr' id='par_1_98' title="bbox 257 2501 1052 2536">
     <span class='ocr_line' id='line_1_98' title="bbox 257 2501 1052 2536; baseline 0 -7"><span class='ocrx_word' id='word_1_699' title='bbox 257 2501 344 2530; x_wconf 86' lang='lat' dir='ltr'><strong>Paulo</strong></span> <span class='ocrx_word' id='word_1_700' title='bbox 366 2501 490 2528; x_wconf 88' lang='lat' dir='ltr'><strong>dicitur:</strong></span> <span class='ocrx_word' id='word_1_701' title='bbox 514 2510 523 2526; x_wconf 81' lang='grc' dir='ltr'>ι</span> <span class='ocrx_word' id='word_1_702' title='bbox 537 2501 624 2536; x_wconf 87' lang='lat' dir='ltr'><strong>Cupio</strong></span> <span class='ocrx_word' id='word_1_703' title='bbox 649 2501 780 2534; x_wconf 86' lang='lat' dir='ltr'><strong>dissolvi,</strong></span> <span class='ocrx_word' id='word_1_704' title='bbox 802 2506 830 2528; x_wconf 92' lang='lat' dir='ltr'><strong>et</strong></span> <span class='ocrx_word' id='word_1_705' title='bbox 854 2510 917 2529; x_wconf 91' lang='lat' dir='ltr'><strong>cum</strong></span> <span class='ocrx_word' id='word_1_706' title='bbox 942 2502 1052 2530; x_wconf 89' lang='lat' dir='ltr'><strong>Christo</strong></span> 
     </span>
    </p>
   </div>
   <div class='ocr_carea' id='block_1_99' title="bbox 259 2546 1052 2583">
    <p class='ocr_par' dir='ltr' id='par_1_99' title="bbox 259 2546 1052 2583">
     <span class='ocr_line' id='line_1_99' title="bbox 259 2546 1052 2583; baseline 0 -9"><span class='ocrx_word' id='word_1_707' title='bbox 259 2548 377 2575; x_wconf 70' lang='lat' dir='ltr'><strong>csse’“.</strong></span> <span class='ocrx_word' id='word_1_708' title='bbox 394 2557 403 2573; x_wconf 72' lang='grc' dir='ltr'>ι</span> <span class='ocrx_word' id='word_1_709' title='bbox 431 2546 509 2575; x_wconf 91' lang='lat' dir='ltr'><strong>Unde</strong></span> <span class='ocrx_word' id='word_1_710' title='bbox 534 2548 605 2575; x_wconf 88' lang='lat' dir='ltr'><strong>visio</strong></span> <span class='ocrx_word' id='word_1_711' title='bbox 619 2553 747 2583; x_wconf 88' lang='lat' dir='ltr'><strong>paterna,</strong></span> <span class='ocrx_word' id='word_1_712' title='bbox 773 2548 800 2574; x_wconf 93' lang='lat' dir='ltr'><strong>in</strong></span> <span class='ocrx_word' id='word_1_713' title='bbox 826 2547 929 2583; x_wconf 88' lang='lat' dir='ltr'><strong>Spiritu</strong></span> <span class='ocrx_word' id='word_1_714' title='bbox 955 2552 1052 2575; x_wconf 89' lang='lat' dir='ltr'><strong>sancto</strong></span> 
     </span>
    </p>
   </div>
   <div class='ocr_carea' id='block_1_100' title="bbox 261 2592 1052 2629">
    <p class='ocr_par' dir='ltr' id='par_1_100' title="bbox 261 2592 1052 2629">
     <span class='ocr_line' id='line_1_100' title="bbox 261 2592 1052 2629; baseline 0.001 -9"><span class='ocrx_word' id='word_1_715' title='bbox 261 2592 338 2628; x_wconf 78' lang='lat' dir='ltr'><strong>(felix</strong></span> <span class='ocrx_word' id='word_1_716' title='bbox 355 2594 468 2628; x_wconf 85' lang='lat' dir='ltr'><strong>omnino</strong></span> <span class='ocrx_word' id='word_1_717' title='bbox 482 2593 574 2629; x_wconf 86' lang='lat' dir='ltr'><strong>visio),</strong></span> <span class='ocrx_word' id='word_1_718' title='bbox 589 2593 719 2629; x_wconf 80' lang='lat' dir='ltr'><strong>perfecta,</strong></span> <span class='ocrx_word' id='word_1_719' title='bbox 733 2598 761 2620; x_wconf 85' lang='lat' dir='ltr'><strong>et</strong></span> <span class='ocrx_word' id='word_1_720' title='bbox 776 2594 835 2621; x_wconf 87' lang='lat' dir='ltr'><strong>sine</strong></span> <span class='ocrx_word' id='word_1_721' title='bbox 848 2594 959 2629; x_wconf 86' lang='lat' dir='ltr'><strong>speculo</strong></span> <span class='ocrx_word' id='word_1_722' title='bbox 975 2601 1052 2621; x_wconf 90' lang='lat' dir='ltr'><strong>reve-</strong></span> 
     </span>
    </p>
   </div>
   <div class='ocr_carea' id='block_1_101' title="bbox 260 2639 1052 2678">
    <p class='ocr_par' dir='ltr' id='par_1_101' title="bbox 260 2639 1052 2678">
     <span class='ocr_line' id='line_1_101' title="bbox 260 2639 1052 2678; baseline 0.004 -12"><span class='ocrx_word' id='word_1_723' title='bbox 260 2639 326 2672; x_wconf 88' lang='lat' dir='ltr'><strong>lata,</strong></span> <span class='ocrx_word' id='word_1_724' title='bbox 340 2644 367 2667; x_wconf 89' lang='lat' dir='ltr'><strong>et</strong></span> <span class='ocrx_word' id='word_1_725' title='bbox 389 2640 513 2668; x_wconf 84' lang='lat' dir='ltr'><strong>revelans</strong></span> <span class='ocrx_word' id='word_1_726' title='bbox 531 2641 667 2668; x_wconf 91' lang='lat' dir='ltr'><strong>bonorum</strong></span> <span class='ocrx_word' id='word_1_727' title='bbox 683 2640 814 2678; x_wconf 69' lang='lat' dir='ltr'><strong>primum,</strong></span> <span class='ocrx_word' id='word_1_728' title='bbox 831 2644 859 2669; x_wconf 86' lang='lat' dir='ltr'><strong>et</strong></span> <span class='ocrx_word' id='word_1_729' title='bbox 881 2640 1052 2669; x_wconf 82' lang='lat' dir='ltr'><strong>desiderato-</strong></span> 
     </span>
    </p>
   </div>
   <div class='ocr_carea' id='block_1_102' title="bbox 297 2728 847 2764">
    <p class='ocr_par' dir='ltr' id='par_1_102' title="bbox 297 2728 847 2764">
     <span class='ocr_line' id='line_1_102' title="bbox 297 2728 847 2764; baseline 0 -8"><span class='ocrx_word' id='word_1_730' title='bbox 297 2728 390 2758; x_wconf 79' lang='lat' dir='ltr'><strong>&quot;Act.</strong></span> <span class='ocrx_word' id='word_1_731' title='bbox 407 2737 444 2761; x_wconf 80' lang='lat' dir='ltr'><strong>tv,</strong></span> <span class='ocrx_word' id='word_1_732' title='bbox 457 2730 503 2762; x_wconf 59' lang='lat'><strong>54,</strong></span> <span class='ocrx_word' id='word_1_733' title='bbox 519 2730 564 2757; x_wconf 79' lang='lat'><strong>35.</strong></span> <span class='ocrx_word' id='word_1_734' title='bbox 603 2730 637 2745; x_wconf 74' lang='grc' dir='ltr'><strong>π’</strong></span> <span class='ocrx_word' id='word_1_735' title='bbox 649 2729 748 2764; x_wconf 82' lang='lat' dir='ltr'><strong>Philip.</strong></span> <span class='ocrx_word' id='word_1_736' title='bbox 764 2737 784 2761; x_wconf 78' lang='grc' dir='ltr'>ι,</span> <span class='ocrx_word' id='word_1_737' title='bbox 801 2729 847 2757; x_wconf 74' lang='grc'><strong>23.</strong></span> 
     </span>
    </p>
   </div>
   <div class='ocr_carea' id='block_1_103' title="bbox 1103 2270 1869 2306">
    <p class='ocr_par' dir='ltr' id='par_1_103' title="bbox 1103 2270 1869 2306">
     <span class='ocr_line' id='line_1_103' title="bbox 1103 2270 1869 2306; baseline 0.004 -10"><span class='ocrx_word' id='word_1_738' title='bbox 1103 2279 1178 2306; x_wconf 82' lang='grc' dir='ltr'>ριον;</span> <span class='ocrx_word' id='word_1_739' title='bbox 1194 2270 1250 2296; x_wconf 79' lang='grc' dir='ltr'><strong>Καὶ</strong></span> <span class='ocrx_word' id='word_1_740' title='bbox 1264 2270 1318 2305; x_wconf 80' lang='grc' dir='ltr'><strong>γὰρ</strong></span> <span class='ocrx_word' id='word_1_741' title='bbox 1335 2270 1393 2297; x_wconf 87' lang='grc' dir='ltr'>ὅσοι</span> <span class='ocrx_word' id='word_1_742' title='bbox 1417 2271 1467 2306; x_wconf 82' lang='grc' dir='ltr'>τὴν</span> <span class='ocrx_word' id='word_1_743' title='bbox 1492 2271 1618 2306; x_wconf 77' lang='grc' dir='ltr'>οὐράνιον</span> <span class='ocrx_word' id='word_1_744' title='bbox 1642 2271 1794 2303; x_wconf 78' lang='grc' dir='ltr'>πολιτείαν,</span> <span class='ocrx_word' id='word_1_745' title='bbox 1817 2272 1869 2299; x_wconf 76' lang='grc' dir='ltr'>δι⁷ι</span> 
     </span>
    </p>
   </div>
   <div class='ocr_carea' id='block_1_104' title="bbox 1102 2317 1869 2354">
    <p class='ocr_par' dir='ltr' id='par_1_104' title="bbox 1102 2317 1869 2354">
     <span class='ocr_line' id='line_1_104' title="bbox 1102 2317 1869 2354; baseline 0.004 -11"><span class='ocrx_word' id='word_1_746' title='bbox 1102 2317 1207 2352; x_wconf 80' lang='grc' dir='ltr'>βιοῦσιν</span> <span class='ocrx_word' id='word_1_747' title='bbox 1217 2317 1263 2343; x_wconf 77' lang='grc' dir='ltr'><strong>ἐπὶ</strong></span> <span class='ocrx_word' id='word_1_748' title='bbox 1276 2317 1331 2351; x_wconf 67' lang='grc' dir='ltr'>γῆς,</span> <span class='ocrx_word' id='word_1_749' title='bbox 1342 2317 1542 2352; x_wconf 59' lang='grc' dir='ltr'>ὑπογράφουσι,</span> <span class='ocrx_word' id='word_1_750' title='bbox 1554 2317 1666 2349; x_wconf 86' lang='grc' dir='ltr'>τούτους</span> <span class='ocrx_word' id='word_1_751' title='bbox 1676 2318 1719 2354; x_wconf 83' lang='grc' dir='ltr'>δὴ,</span> <span class='ocrx_word' id='word_1_752' title='bbox 1729 2318 1846 2351; x_wconf 79' lang='grc' dir='ltr'>τούτους</span> <span class='ocrx_word' id='word_1_753' title='bbox 1861 2319 1869 2345; x_wconf 82' lang='grc' dir='ltr'>ἓ</span> 
     </span>
    </p>
   </div>
   <div class='ocr_carea' id='block_1_105' title="bbox 1103 2362 1869 2399">
    <p class='ocr_par' dir='ltr' id='par_1_105' title="bbox 1103 2362 1869 2399">
     <span class='ocr_line' id='line_1_105' title="bbox 1103 2362 1869 2399; baseline 0.004 -10"><span class='ocrx_word' id='word_1_754' title='bbox 1103 2371 1176 2389; x_wconf 84' lang='grc' dir='ltr'>εστιν</span> <span class='ocrx_word' id='word_1_755' title='bbox 1201 2363 1267 2398; x_wconf 83' lang='grc' dir='ltr'>ὁρᾷν</span> <span class='ocrx_word' id='word_1_756' title='bbox 1288 2362 1355 2389; x_wconf 77' lang='grc' dir='ltr'>αὐτὸ</span> <span class='ocrx_word' id='word_1_757' title='bbox 1376 2363 1455 2389; x_wconf 81' lang='grc' dir='ltr'>τοῦτο</span> <span class='ocrx_word' id='word_1_758' title='bbox 1478 2363 1598 2399; x_wconf 81' lang='grc' dir='ltr'>πρῶτον,</span> <span class='ocrx_word' id='word_1_759' title='bbox 1621 2363 1758 2399; x_wconf 79' lang='grc' dir='ltr'>θεμέλιον,</span> <span class='ocrx_word' id='word_1_760' title='bbox 1776 2362 1836 2392; x_wconf 76' lang='grc' dir='ltr'>οἷον</span> <span class='ocrx_word' id='word_1_761' title='bbox 1854 2374 1869 2391; x_wconf 87' lang='grc' dir='ltr'><strong>κ</strong></span> 
     </span>
    </p>
   </div>
   <div class='ocr_carea' id='block_1_106' title="bbox 1103 2406 1869 2445">
    <p class='ocr_par' dir='ltr' id='par_1_106' title="bbox 1103 2406 1869 2445">
     <span class='ocr_line' id='line_1_106' title="bbox 1103 2406 1869 2445; baseline 0.004 -10"><span class='ocrx_word' id='word_1_762' title='bbox 1103 2409 1268 2443; x_wconf 81' lang='grc' dir='ltr'>ὑπόϐαθρον,</span> <span class='ocrx_word' id='word_1_763' title='bbox 1288 2408 1329 2441; x_wconf 76' lang='grc' dir='ltr'><strong>τὸ,</strong></span> <span class='ocrx_word' id='word_1_764' title='bbox 1348 2418 1357 2434; x_wconf 78' lang='grc' dir='ltr'>ι</span> <span class='ocrx_word' id='word_1_765' title='bbox 1375 2406 1523 2445; x_wconf 81' lang='grc' dir='ltr'>Πωλήσατε</span> <span class='ocrx_word' id='word_1_766' title='bbox 1540 2409 1575 2436; x_wconf 85' lang='grc' dir='ltr'><strong>τὰ</strong></span> <span class='ocrx_word' id='word_1_767' title='bbox 1590 2409 1759 2445; x_wconf 83' lang='grc' dir='ltr'>ὑπάρχοντα,</span> <span class='ocrx_word' id='word_1_768' title='bbox 1778 2412 1827 2438; x_wconf 75' lang='grc' dir='ltr'>καὶ</span> <span class='ocrx_word' id='word_1_769' title='bbox 1843 2411 1869 2438; x_wconf 67' lang='grc' dir='ltr'><strong>δέ</strong></span> 
     </span>
    </p>
   </div>
   <div class='ocr_carea' id='block_1_107' title="bbox 1104 2455 1869 2491">
    <p class='ocr_par' dir='ltr' id='par_1_107' title="bbox 1104 2455 1869 2491">
     <span class='ocr_line' id='line_1_107' title="bbox 1104 2455 1869 2491; baseline 0.004 -10"><span class='ocrx_word' id='word_1_770' title='bbox 1104 2455 1301 2491; x_wconf 77' lang='grc' dir='ltr'>ἐλεημοσύνην,</span> <span class='ocrx_word' id='word_1_771' title='bbox 1316 2465 1326 2481; x_wconf 70' lang='grc' dir='ltr'>ι</span> <span class='ocrx_word' id='word_1_772' title='bbox 1342 2455 1593 2491; x_wconf 76' lang='grc' dir='ltr'>ὑποϐαλλομὲνους·</span> <span class='ocrx_word' id='word_1_773' title='bbox 1610 2457 1657 2483; x_wconf 71' lang='grc' dir='ltr'>καὶ</span> <span class='ocrx_word' id='word_1_774' title='bbox 1668 2456 1740 2484; x_wconf 80' lang='grc' dir='ltr'>οὕτω</span> <span class='ocrx_word' id='word_1_775' title='bbox 1752 2457 1805 2490; x_wconf 84' lang='grc' dir='ltr'><strong>τὰς</strong></span> <span class='ocrx_word' id='word_1_776' title='bbox 1819 2458 1869 2486; x_wconf 76' lang='grc' dir='ltr'>ἄλλ</span> 
     </span>
    </p>
   </div>
   <div class='ocr_carea' id='block_1_108' title="bbox 1105 2501 1867 2538">
    <p class='ocr_par' dir='ltr' id='par_1_108' title="bbox 1105 2501 1867 2538">
     <span class='ocr_line' id='line_1_108' title="bbox 1105 2501 1867 2538; baseline 0.001 -10"><span class='ocrx_word' id='word_1_777' title='bbox 1105 2502 1206 2537; x_wconf 75' lang='grc' dir='ltr'>ἀρετὰς</span> <span class='ocrx_word' id='word_1_778' title='bbox 1221 2501 1468 2537; x_wconf 78' lang='grc' dir='ltr'>ἐποικοδομοῦντας</span> <span class='ocrx_word' id='word_1_779' title='bbox 1478 2510 1485 2517; x_wconf 84' lang='lat'><strong>&#39;</strong></span> <span class='ocrx_word' id='word_1_780' title='bbox 1503 2502 1541 2534; x_wconf 82' lang='grc' dir='ltr'>ὡς</span> <span class='ocrx_word' id='word_1_781' title='bbox 1558 2502 1620 2530; x_wconf 80' lang='grc' dir='ltr'>ἄνευ</span> <span class='ocrx_word' id='word_1_782' title='bbox 1635 2502 1748 2538; x_wconf 78' lang='grc' dir='ltr'>ταύτης,</span> <span class='ocrx_word' id='word_1_783' title='bbox 1762 2503 1867 2538; x_wconf 80' lang='grc' dir='ltr'><strong>μηδεμι</strong></span> 
     </span>
    </p>
   </div>
   <div class='ocr_carea' id='block_1_109' title="bbox 1106 2547 1869 2584">
    <p class='ocr_par' dir='ltr' id='par_1_109' title="bbox 1106 2547 1869 2584">
     <span class='ocr_line' id='line_1_109' title="bbox 1106 2547 1869 2584; baseline -0.001 -9"><span class='ocrx_word' id='word_1_784' title='bbox 1106 2548 1190 2583; x_wconf 77' lang='grc' dir='ltr'>ἄλλης</span> <span class='ocrx_word' id='word_1_785' title='bbox 1208 2547 1357 2582; x_wconf 80' lang='grc' dir='ltr'>ὑφεστάναι</span> <span class='ocrx_word' id='word_1_786' title='bbox 1372 2547 1501 2583; x_wconf 85' lang='grc' dir='ltr'>καθαρῶς</span> <span class='ocrx_word' id='word_1_787' title='bbox 1517 2548 1632 2584; x_wconf 86' lang='grc' dir='ltr'>δύναμιν</span> <span class='ocrx_word' id='word_1_788' title='bbox 1644 2548 1771 2583; x_wconf 79' lang='grc' dir='ltr'><strong>ἐχούσης.</strong></span> <span class='ocrx_word' id='word_1_789' title='bbox 1785 2548 1834 2575; x_wconf 80' lang='grc' dir='ltr'><strong>Διὸ</strong></span> <span class='ocrx_word' id='word_1_790' title='bbox 1846 2558 1869 2575; x_wconf 74' lang='grc' dir='ltr'>πε</span> 
     </span>
    </p>
   </div>
   <div class='ocr_carea' id='block_1_110' title="bbox 1106 2593 1869 2630">
    <p class='ocr_par' dir='ltr' id='par_1_110' title="bbox 1106 2593 1869 2630">
     <span class='ocr_line' id='line_1_110' title="bbox 1106 2593 1869 2630; baseline -0.001 -9"><span class='ocrx_word' id='word_1_791' title='bbox 1106 2594 1215 2626; x_wconf 80' lang='grc' dir='ltr'>λοῦντες</span> <span class='ocrx_word' id='word_1_792' title='bbox 1228 2593 1361 2630; x_wconf 77' lang='grc' dir='ltr'>πρότερον</span> <span class='ocrx_word' id='word_1_793' title='bbox 1375 2594 1410 2620; x_wconf 75' lang='grc' dir='ltr'><strong>τὰ</strong></span> <span class='ocrx_word' id='word_1_794' title='bbox 1428 2594 1595 2630; x_wconf 76' lang='grc' dir='ltr'>ὑπάρχοντα,</span> <span class='ocrx_word' id='word_1_795' title='bbox 1617 2594 1664 2621; x_wconf 76' lang='grc' dir='ltr'>καὶ</span> <span class='ocrx_word' id='word_1_796' title='bbox 1685 2595 1741 2626; x_wconf 82' lang='grc' dir='ltr'>τοῖς</span> <span class='ocrx_word' id='word_1_797' title='bbox 1762 2594 1869 2629; x_wconf 82' lang='grc' dir='ltr'>δεομένι</span> 
     </span>
    </p>
   </div>
   <div class='ocr_carea' id='block_1_111' title="bbox 1106 2637 1869 2674">
    <p class='ocr_par' dir='ltr' id='par_1_111' title="bbox 1106 2637 1869 2674">
     <span class='ocr_line' id='line_1_111' title="bbox 1106 2637 1869 2674; baseline -0.003 -8"><span class='ocrx_word' id='word_1_798' title='bbox 1106 2640 1290 2674; x_wconf 75' lang='grc' dir='ltr'>διανέμοντες,</span> <span class='ocrx_word' id='word_1_799' title='bbox 1304 2639 1362 2670; x_wconf 83' lang='grc' dir='ltr'><strong>πῶς</strong></span> <span class='ocrx_word' id='word_1_800' title='bbox 1377 2638 1410 2666; x_wconf 77' lang='grc' dir='ltr'>ἄν</span> <span class='ocrx_word' id='word_1_801' title='bbox 1424 2647 1465 2671; x_wconf 82' lang='grc' dir='ltr'><strong>τις</strong></span> <span class='ocrx_word' id='word_1_802' title='bbox 1478 2638 1560 2671; x_wconf 55' lang='grc' dir='ltr'>ἀξίως</span> <span class='ocrx_word' id='word_1_803' title='bbox 1575 2638 1714 2674; x_wconf 80' lang='grc' dir='ltr'>εξυμνήσῃ</span> <span class='ocrx_word' id='word_1_804' title='bbox 1725 2637 1756 2665; x_wconf 81' lang='grc' dir='ltr'>τὸ</span> <span class='ocrx_word' id='word_1_805' title='bbox 1768 2639 1842 2665; x_wconf 83' lang='grc' dir='ltr'>θεῖον</span> <span class='ocrx_word' id='word_1_806' title='bbox 1856 2646 1869 2664; x_wconf 81' lang='grc' dir='ltr'><strong>κ</strong></span> 
     </span>
    </p>
   </div>
   <div class='ocr_carea' id='block_1_112' title="bbox 942 2806 1282 2836">
    <p class='ocr_par' dir='ltr' id='par_1_112' title="bbox 942 2806 1282 2836">
     <span class='ocr_line' id='line_1_112' title="bbox 942 2806 1282 2836; baseline -0.003 0"><span class='ocrx_word' id='word_1_807' title='bbox 942 2807 1060 2836; x_wconf 67' lang='lat' dir='ltr'><strong>VARUS</strong></span> <span class='ocrx_word' id='word_1_808' title='bbox 1079 2806 1282 2836; x_wconf 82' lang='lat' dir='ltr'><strong>LECTIONES.</strong></span> 
     </span>
    </p>
   </div>
   <div class='ocr_carea' id='block_1_113' title="bbox 282 2866 547 2902">
    <p class='ocr_par' dir='ltr' id='par_1_113' title="bbox 282 2866 547 2902">
     <span class='ocr_line' id='line_1_113' title="bbox 282 2866 547 2902; baseline -0.008 -7"><span class='ocrx_word' id='word_1_809' title='bbox 282 2866 352 2895; x_wconf 75' lang='grc' dir='ltr'>ίισ.</span> <span class='ocrx_word' id='word_1_810' title='bbox 376 2867 406 2901; x_wconf 67' lang='grc' dir='ltr'><strong>ἒξ</strong></span> <span class='ocrx_word' id='word_1_811' title='bbox 430 2866 547 2902; x_wconf 69' lang='grc' dir='ltr'>ἐκείνης.</span> 
     </span>
    </p>
   </div>
   <div class='ocr_carea' id='block_1_114' title="bbox 266 2929 279 2939">
    <p class='ocr_par' dir='ltr' id='par_1_114' title="bbox 266 2929 279 2939">
     <span class='ocr_line' id='line_1_114' title="bbox 266 2929 279 2939; baseline 0 0"><span class='ocrx_word' id='word_1_812' title='bbox 266 2929 279 2939; x_wconf 66' lang='grc' dir='ltr'><em>α</em></span> 
     </span>
    </p>
   </div>
   <div class='ocr_carea' id='block_1_115' title="bbox 606 2866 842 2901">
    <p class='ocr_par' dir='ltr' id='par_1_115' title="bbox 606 2866 842 2901">
     <span class='ocr_line' id='line_1_115' title="bbox 606 2866 842 2901; baseline -0.013 -7"><span class='ocrx_word' id='word_1_813' title='bbox 606 2868 617 2888; x_wconf 76' lang='grc' dir='ltr'>ε</span> <span class='ocrx_word' id='word_1_814' title='bbox 630 2866 660 2895; x_wconf 86' lang='lat' dir='ltr'><strong>C.</strong></span> <span class='ocrx_word' id='word_1_815' title='bbox 681 2866 713 2894; x_wconf 80' lang='grc' dir='ltr'><strong>Μ.</strong></span> <span class='ocrx_word' id='word_1_816' title='bbox 730 2867 760 2893; x_wconf 67' lang='grc' dir='ltr'>οὐ</span> <span class='ocrx_word' id='word_1_817' title='bbox 780 2866 842 2901; x_wconf 57' lang='grc' dir='ltr'><strong>μῂν.</strong></span> 
     </span>
    </p>
   </div>
  </div>
