1873 3063
27 139 60 169 6i3

28 188 145 225 θεουργικδν
162 187 207 214 καὶ
222 185 416 221 φιλάνθρωπον
431 189 480 220 της
495 184 701 220 παραινέσεως;
715 182 770 210 01i-
784 184 809 213 Α

27 247 50 264 τω
65 236 142 271 γυμνοὶ
166 234 256 261 λοιπὸν
283 234 330 260 καὶ
346 232 498 268 χρημάτων
512 232 560 259 καὶ
578 230 768 267 προσπαοείας

27 282 81 316 ἄλλης
97 279 195 316 γητνηςζ
209 281 272 312 τοὺς
291 279 459 314 ἀσκητικοὺς
481 279 580 310 ἄθλους
597 278 768 309 ὑποδύονται,

27 328 69 361 πρὸς
81 327 102 352 ἓν
113 327 184 361 μόνον
192 325 238 352 τὸν
252 324 314 351 νοῦν
327 323 540 359 ὰνατεινόμενοι,
554 324 602 350 καὶ⁸
613 323 662 358 τὴν
677 323 770 357 ἔφεσιν

27 374 107 406 ἔχοντες,
125 373 160 402 εἰς
180 371 210 397 τὸ
233 371 305 397 κατὰ
326 368 444 401 Παῦλον,
471 379 480 395 ι
496 369 630 396 ἀναλῦσαι
651 369 700 395 καὶ
722 368 771 394 σὺν

27 417 101 452 Χριστῷ
119 415 191 444 εἶναι.
211 426 221 442 ι
241 417 279 443 Δι’
292 413 334 448 οὗ,
348 415 395 442 τοῦ
416 414 524 450 Πατρὺς
545 416 574 441 ὲν
595 415 666 449 ἁγίῳ
687 413 772 440 Πνεύ-

28 460 98 497 ματιιῶ
107 462 231 498 μακαρίου
244 462 378 497 θεάματος
388 462 394 488 ί
405 461 415 496 )
426 462 442 496 ἡ
452 460 618 496 τελειοτέρα,
632 460 678 487 καί
687 459 772 494 χωρὶς

27 509 60 534 τῶν
80 509 203 543 ἐσόπτρων
224 507 337 542 γνῶσις,
361 506 657 541 συνανακαλυπτομένη
674 513 704 531 τε
724 503 773 531 καὶ

27 555 260 590 ωναναιιτράπτουσα
278 554 310 580 τὺ
324 554 432 589 πρῶτον
449 552 552 587 ἀγαθὸν
568 553 608 583 εἰς
622 551 773 578 ἀπόλαυσιν

26 602 62 631 τοῖς
72 600 172 632 θεαταῖς,
186 600 234 627 καὶ
250 599 305 626 τῶν
319 598 424 634 ἐφετῶν
443 598 586 634 χαρίζεται
605 597 635 624 τδ
654 597 774 632 ἀκρότα-

26 647 133 673 την.οὖτω
144 646 186 681 δὴ,
201 646 288 677 οὕτως
305 646 321 680 ὴ
337 645 470 680 σωτήριος
487 644 555 679 αῦτη
568 644 615 670 καὶ
623 641 775 678 Δεσποτικὴ

26 691 88 727 ἐντολὴ
97 692 122 718 οὐ
137 691 251 727 ῥηθῆναι
269 691 348 726 μόνον
366 690 396 716 τὸ
406 689 518 724 εὔλογόν
531 697 560 715 τε
571 688 619 715 καὶ
630 687 775 715 ἀκόλουθον

26 737 81 772 πολλῇ
88 737 190 772 δυνάμει
203 737 401 763 συνδιεσώσατο
413 736 486 762 ἅπαν
501 734 656 769 μαχόμενον
670 733 717 760 καὶ
732 742 778 759 πο-

26 781 87 816 ὶεμεῖν
98 783 210 818 ἠρμένον
220 781 380 818 τρεψαμένη
396 789 426 806 τε
442 779 512 808 κατὰ
523 779 636 814 κράτος.
652 779 700 805 καὶ
711 787 778 805 κατ-

26 827 133 861 militum
143 836 149 842 -
164 827 235 854 ἀλλὰ
249 827 295 853 καὶ
308 826 376 852 πολὺ
393 834 426 860 γε
442 825 524 851 πλέον
542 823 588 850 τὸν
610 823 706 859 εἱρμὸν
723 823 777 849 τῶν

26 871 89 905 λόγων,
99 873 197 909 καὶτῆς
210 871 322 907 γνώμης
334 871 366 898 τὸ
380 871 573 905 ἀνεπίληπτον,
587 868 630 896 διὰ
643 868 694 903 τῆς
705 868 776 895 κατὰ
793 877 814 904 Β

25 919 55 948 τὶς
81 919 212 954 ἐνεργείας
256 916 436 953 περιφανείας
472 924 502 942 τε
546 915 593 942 καὶ
633 913 777 948 ὑπάρξεως

493 132 543 162 AD
557 128 855 161 AMPHILOCHIUM
867 128 1040 164 QUIESTIO
1056 127 1120 158 CII.

1559 127 1612 160 634.

823 189 886 209 rum
904 189 1044 209 summum
1064 181 1235 209 intuentibus
1251 182 1408 214 fruendum.
1423 188 1613 218 repraesentat.

820 228 910 263 Atque
927 228 964 254 ita
983 226 1139 255 Servatoris
1153 227 1260 255 Domini
1277 229 1448 260 mandatum,
1465 237 1520 257 non
1533 230 1616 258 modo

821 273 895 301 dictu
918 273 1083 300 rationabile
1105 277 1132 300 et
1151 280 1326 308 consequens
1348 275 1457 302 videtur
1479 283 1562 306 esse.
1588 279 1617 303 et

821 319 907 346 multa
927 318 1044 346 veritate
1062 317 1200 351 fulcitum,
1223 319 1270 346 sed
1292 320 1425 355 quidquid
1448 321 1481 348 ad
1503 321 1615 356 opposi-

822 369 880 392 tum
895 368 1039 400 repugnat,
1056 365 1132 399 fugat
1148 365 1319 400 prmvalendo
1342 370 1369 393 et
1391 367 1494 401 pudore
1510 367 1616 394 suffun-

822 410 884 438 dit:
901 410 948 437 sed
969 414 996 438 ct
1011 410 1098 437 multo
1121 410 1210 445 magis
1226 410 1325 437 seriem
1341 411 1488 438 verborum
1504 416 1531 438 et
1552 419 1616 439 sen-

823 456 971 482 tentiarum
984 462 1101 482 censura
1117 462 1245 488 vacuam,
1257 463 1305 490 per
1317 455 1491 490 operationes
1502 457 1617 485 eximias

824 506 851 529 ct
865 500 1074 529 subsistentiam
1090 501 1247 528 universam
1263 501 1315 528 sub
1331 502 1389 529 sole
1402 502 1620 529 consummatio-

824 555 882 575 rem
898 552 924 575 et
939 547 1175 575 admirabiliorem
1191 548 1323 580 ostendit,
1339 553 1420 583 atque
1434 548 1506 575 ultra
1522 548 1577 575 vim
1593 552 1621 575 et

825 598 955 620 naturam
977 593 1210 627 epiclterematum
1228 613 1236 625 ,
1261 593 1299 620 ita
1322 597 1352 620 ut
1375 593 1508 621 audentes
1532 593 1621 628 ipsum

825 639 931 666 violare
960 638 1081 666 dedecus
1110 645 1174 665 cum
1205 638 1310 674 pudore
1347 639 1441 666 subire
1470 639 1620 674 coegerint.

826 685 914 719 Atque
934 684 992 712 haec
1010 685 1153 718 hactenus,
1171 692 1206 712 ex
1228 685 1262 713 iis
1279 693 1341 720 quae
1354 685 1457 713 oblivio
1476 693 1530 714 non
1550 693 1622 721 prte-

826 731 911 764 venit,
924 735 1020 758 contra
1031 731 1170 759 Julianum
1182 731 1343 766 Apostotam
1361 733 1487 767 nequiter
1498 737 1525 760 et
1538 732 1624 766 impie

828 780 924 803 contra
939 776 1084 803 veritatem
1104 776 1315 804 insolescentem
1337 776 1411 804 dicta
1432 781 1526 804 sunto.
1547 775 1622 807 Tibi.

828 821 951 849 discendi
966 823 1079 857 cupido,
1094 827 1122 849 et
1137 823 1229 850 divina
1244 822 1368 855 oracula,
1386 827 1415 850 ut
1426 822 1527 850 divinis
1541 822 1624 850 rebus

829 869 970 900 convenit.
988 869 1097 901 edocto,
1113 869 1197 897 etiam
1213 876 1301 904 pauca
1321 877 1337 897 e
1355 869 1448 902 dictis,
1467 868 1534 902 scio,
1548 867 1625 896 suﬁi—

831 914 904 941 cient
918 914 952 941 ad
968 914 1131 949 quaestionis
1147 914 1325 942 solutionem.

24 963 54 998 τῆς
70 965 110 992 ἀνὰ
131 966 219 992 πᾶσαν
241 964 291 1000 τὴν
312 963 358 998 ὑφ’
384 963 453 999 ἡλίῳ
478 961 666 996 ὲντελὲστερόν
684 969 713 987 τε
731 960 780 987 καὶ
796 961 1023 996 θαυμασιιίντερον
1039 961 1206 994 ἐπεδείξατο,
1222 962 1269 988 καὶ
1291 963 1415 997 κρεῖττον
1431 961 1447 997 ἢ
1464 961 1525 988 κατ’
1547 959 1625 995 ἰσχύν

25 1016 42 1034 τε
56 1010 89 1035 καὶ
103 1010 176 1044 φύσιν
191 1010 430 1046 ἐπιχειρημάτων,
441 1008 505 1040 τοὺς
521 1007 725 1043 τετολμηκότας
743 1007 828 1043 αὐτὴν
847 1007 1001 1043 ἐξυϐρίζειν
1020 1007 1070 1043 τῆς
1087 1007 1263 1043 μηχανούσης
1275 1008 1406 1043 αἰσχύνης
1419 1007 1448 1034 τὸ
1464 1006 1628 1043 σκυθρωπὸν

25 1056 110 1083 ὑπελθεῖν
128 1057 253 1094 ἐρύθημα
269 1057 471 1093 κατεπράξατο.
495 1056 580 1083 Ἀλλὰ
597 1055 720 1082 τοσαῦτα
737 1055 798 1090 μὲν,

822 1054 852 1087 ἐξ
865 1052 903 1082 ὧν
927 1056 943 1091 ὴ
967 1055 1038 1091 λήθη
1055 1056 1093 1091 μὴ
1110 1055 1300 1090 προκατέλαὸε
1318 1056 1386 1091 πρδς
1412 1055 1558 1082 Ἰουλιανὺν
1576 1054 1623 1082 τὸν

28 1101 156 1139 Ἀποστάτην
168 1104 377 1139 κακουργοῦντά
390 1112 420 1130 τε
433 1103 480 1130 καὶ
496 1102 567 1130 κατὰ
584 1103 632 1138 τῆς
649 1102 792 1134 εὐσεϐείας
808 1102 886 1138 ἡμῶν
902 1102 1104 1138 θρασυνόμενον
1119 1103 1239 1138 εἴρηται.
1251 1103 1297 1129 Σοὶ
1314 1102 1342 1129 δὲ
1354 1102 1561 1137 φιλομαθοῦντι,
1576 1103 1625 1130 καὶ

25 1148 104 1177 desim
116 1151 276 1187 θεοπρεπῶς
286 1150 454 1186 δργιάζοντι,
468 1151 516 1177 καὶ
530 1149 610 1185 ὀλίγα
622 1149 678 1176 τῶν
691 1149 848 1185 εἰρημένων
878 1149 1040 1185 ἐξαρκέσειν
1052 1146 1129 1184 οἶμαι
1143 1148 1212 1185 πρὸς
1223 1150 1273 1184 τὴν
1292 1149 1341 1185 τῆς
1359 1149 1477 1183 ἀπορίας
1490 1148 1626 1176 ἐπίλυσιν.

256 1207 424 1234 ΕΡΩΤΙΙΣΙΣ
438 1207 500 1234 PB’.

233 1253 265 1281 Τί
275 1253 366 1288 δηλοῖ
378 1253 412 1280 τὸ
425 1253 540 1288 spatia;

851 1205 1015 1240 QUAESTIO
1031 1205 1086 1234 Cll.
1115 1205 1208 1242 [CoisL
1228 1205 1353 1234 CCLXV.
1385 1205 1468 1233 Taur.
1484 1204 1610 1241 CCLVI.]

1063 1252 1134 1285 Quid
1149 1252 1277 1288 signiﬁcet
1288 1252 1370 1287 eplwd
1382 1252 1395 1278 9

404 1312 476 1338 Edita
489 1320 504 1338 a
516 1313 677 1345 Montacutio,
692 1320 734 1345 ep.
748 1313 804 1345 192,
815 1312 847 1338 ad
859 1311 1020 1343 Gatatonem.,
1030 1319 1054 1343 p.
1072 1312 1186 1337 291-292.

21 1399 23 1401 _
43 1361 67 1388 Τὸ
79 1363 161 1397 ὲφοὺδ,
176 1363 242 1398 περὶ
256 1359 287 1390 οὗ
302 1362 400 1396 μαθεῖν
416 1362 630 1400 περιεζήτησας,
647 1364 710 1400 τρία
727 1373 777 1400 aq—

19 1408 104 1447 μίνειν,
119 1409 146 1442 ἐξ
159 1406 198 1437 ὧν
213 1410 385 1445 ἀνέγνωμεν,
398 1409 530 1446 εὕρομεν·
548 1410 578 1437 ἓν
594 1411 655 1446 μὲν,
671 1411 723 1446 τὴν
738 1412 777 1437 ἰε-

21 1455 103 1490 μτικὴν
118 1457 162 1483 καὶ
180 1456 263 1491 ἁγίαν
279 1457 387 1492 στολὴν,
436 1457 587 1492 κεχρῆσθαι
604 1457 714 1493 θεμιτὸν
728 1457 778 1484 οὐκ

60 1501 108 1548 ἀλλ’
120 1503 134 1538 ἦ
148 1504 204 1534 τοῖς
222 1503 441 1548 ἱερεῦσι-μόνοις.
470 1503 612 1539 Ἐδηλοῦτο
630 1503 659 1530 δὲ
673 1503 706 1530 δι’
725 1503 776 1530 αὺ-
793 1517 815 1548 c

20 1544 53 1578 τῆς
66 1547 90 1574 τὸ
103 1548 245 1583 πρακτέον,
263 1549 306 1583 ἐφ’
323 1546 362 1576 ὧν
379 1549 538 1585 ἀνθρωπίνη
556 1549 648 1585 κρίσις
663 1549 693 1576 τὺ
709 1557 779 1583 συμ-

21 1589 78 1624 φέρον
90 1592 147 1619 ἰδεῖν
170 1593 323 1628 ἑξησθὲνει,
338 1590 393 1620 οἷον
416 1594 572 1629 ἐκεχειρίαν
589 1593 685 1621 θέσθαι
701 1594 782 1620 πολε-

22 1635 80 1668 μὶθας.
94 1637 108 1672 ῆ
125 1638 161 1673 τῷ
173 1638 268 1674 δόρατι
282 1639 332 1675 τὴν
347 1639 395 1666 τοῦ
411 1640 530 1675 πολέμου
556 1639 648 1674 κρίσιν
669 1640 781 1675 ἐπιτρέ-

20 1676 62 1711 ιὲπί,
74 1682 112 1708 καὶ
123 1683 148 1709 εἴ
158 1692 184 1710 τι
200 1683 265 1711 ἄλλο
278 1684 481 1720 παραπλήσιον.
502 1684 584 1711 Ἀλλὰ
600 1684 709 1720 πρῶτον
733 1685 785 1720 μὲν

20 1727 188 1762 σημαινόμενον
202 1728 251 1755 τοῦ
269 1729 351 1763 ἐφοὺδ
365 1729 455 1756 τοῦτο.
478 1729 593 1764 Ἕτερον
615 1730 643 1757 δὲ
663 1730 784 1766 σχήματί

19 1776 62 1801 πως
72 1771 104 1807 τῷ
117 1774 253 1809 εἰρημένῳ
267 1775 425 1810 παρεοικὸς,
437 1775 526 1802 κοινὸν
540 1775 578 1807 δὲ,
593 1775 639 1803 καὶ
650 1776 700 1812 οὐχ
712 1776 786 1811 ἰερα-

19 1816 89 1841 ςικόν·
115 1818 128 1844 ὅ
150 1821 276 1853 φαίνεται
301 1821 348 1846 καὶ
373 1821 455 1848 Δασὶδ
475 1821 692 1857 ἀμπισχόμενος.
725 1821 786 1848 Ἐπὶ

19 1862 58 1896 rip
67 1864 149 1898 Δαόὶδ,
167 1866 262 1901 φησὶν,
282 1867 379 1901 Ἐφοὺδ
395 1867 485 1902 μόνον·
499 1867 585 1894 ὂὲνιοι
602 1867 714 1904 (βύσσου
732 1869 786 1903 γὰρ

19 1908 154 1946 ἐπεποίητο·
171 1912 255 1946 φυτὸν
272 1913 300 1939 δὲ
315 1914 331 1949 ή
349 1912 458 1949 βύσσος)
488 1914 585 1949 στολὴν
601 1915 634 1941 ὲκ
655 1915 705 1950 τῆς
721 1914 787 1950 ὕλης

19 1952 135 1989 ὠνόμασαν
157 1957 288 1993 βυσσίνην
300 1967 308 1975 θ
325 1959 351 1985 οἱ
375 1958 403 1985 δὲ
429 1958 468 1994 τῷ
482 1959 576 1995 τρόπῳ
599 1961 648 1995 τῆς
662 1960 787 1995 χρήσεως

20 1998 55 2033 τὴν
71 2003 168 2035 γένεσιν
184 2005 305 2036 διδόντες
319 2004 367 2031 τοῦ
388 2005 519 2041 ὀνόματος
536 2006 661 2041 ἐπωμίδα
686 2015 716 2033 τε
740 2006 788 2033 καὶ

20 2046 140 2083 ἐπὲνδυμα.
167 2051 247 2086 Παρὰ
271 2051 301 2077 δὲ
321 2051 428 2085 ταῦτα,
456 2051 512 2078 ἐστι
535 2052 583 2079 καὶ
603 2052 696 2088 τρίτον
723 2052 788 2079 ἰδεῖν

21 2095 205 2131 σημαινόμενον.
222 2097 254 2123 Ol
270 2098 324 2133 γὰρ
334 2097 388 2124 τῶν
399 2097 516 2125 εἰδώλων
527 2098 705 2134 θεραπευταὶ,
717 2098 790 2126 κατὰ

23 2139 113 2174 μίμησιν
126 2143 179 2169 τῶν
197 2143 294 2179 ἱερέων
308 2143 356 2169 τοῦ
367 2143 446 2177 Θεοῦ,
458 2146 514 2176 τοῖς
526 2144 601 2179 σφῶν
614 2144 716 2180 ἱερεῦσι
729 2154 789 2172 στο·

22 2182 55 2216 λάς
64 2186 251 2224 ἀφωρισμένας
269 2189 390 2216 ἐτίθεντο
406 2190 446 2222 εἰς
465 2190 559 2226 σχῆμα
580 2190 628 2217 τοῦ
648 2191 740 2226 ἐφοὺδ,
757 2192 788 2218 τὸ
803 2188 825 2216 Ιὶ

23 2228 109 2268 ginta:
123 2236 352 2271 περιγράφοντες,
368 2236 416 2262 καὶ
425 2236 475 2272 τὴν
490 2237 586 2272 κλῆσιν
601 2237 706 2264 ἐκεῖθεν
721 2237 787 2273 μεθ-

22 2274 128 2314 ελκῡντες,
143 2281 228 2316 ἑφοὺδ
244 2282 291 2309 καὶ
300 2281 367 2309 αὐτὸ
384 2283 599 2318 προσηγόρευον.
624 2283 787 2319 Ἐκέχρηντό

21 2329 43 2348 τε
59 2325 91 2360 τῷ
108 2329 260 2363 μιμήματι,
277 2328 311 2355 δι’
323 2328 407 2355 αὑτοῦ
421 2328 455 2356 τὰ
471 2329 613 2365 δαιμόνια·
637 2329 684 2356 καὶ
710 2329 788 2356 αὐτοὶ

23 2368 188 2406 ὲπερωτῶντες
205 2375 247 2406 εἰς
262 2375 311 2410 τὴν
328 2374 382 2402 τῶν
398 2375 542 2410 πρακτέων
561 2375 725 2410 κατάληψιν,
743 2375 791 2402 καὶ

22 2419 92 2444 καινόν
116 2421 206 2448 οὐδέν’
225 2421 320 2457 ὥσπερ
344 2421 398 2457 γὰρ
423 2422 464 2454 τὸ,
487 2421 564 2454 Θεὸς,
581 2421 677 2457 ὄνομα,
695 2422 742 2449 καὶ
760 2421 790 2448 τὸ

22 2461 104 2498 ἀληθῶς
119 2466 155 2502 [ο.
173 2467 228 2503 ωξι
239 2467 304 2495 ὗντα
324 2468 462 2504 σημαίνει,
479 2468 592 2504 ἐφέρετο
607 2468 635 2495 δὲ
650 2468 698 2495 καὶ
718 2468 790 2496 κατὰ

21 2508 60 2534 τῶν
71 2511 249 2548 ψευδωνύμων
264 2514 410 2548 δαιμονίων
423 2522 430 2530 υ
445 2513 516 2540 οὕτω
530 2514 578 2541 καὶ
595 2514 625 2541 τὺ
646 2514 728 2549 ἐφοὺδ
751 2515 792 2546 εἰς

19 2551 113 2592 ηδιάἓῡρα
126 2558 271 2594 διαιρεῖται
289 2560 489 2595 σημαινόμενα.
505 2560 542 2587 οὺ
553 2560 594 2593 τὸ,
608 2560 685 2593 Θεὸς,
700 2560 729 2586 δὲ
744 2560 791 2595 μό-

21 2605 52 2624 νω
65 2602 144 2638 ὄνομα
160 2604 230 2640 πρὸς
239 2605 369 2631 τάναντία
387 2604 539 2640 μερίζεται,
557 2605 625 2632 ἀλλὰ
639 2605 686 2632 καὶ
698 2604 729 2631 τὸ
743 2606 790 2631 ’⁸ον

19 2639 56 2672 διαὶ
68 2648 95 2674 τὸ
109 2639 259 2686 κόιδδήσιμ⁸
275 2650 378 2677 τούτων
389 2639 447 2687 νγᾶρ
461 2651 602 2686 ἑκάτερον,
618 2651 664 2677 καὶ
679 2651 725 2676 τὸν
740 2659 790 2676 κυ-

867 1363 941 1391 Inter
971 1363 1115 1398 legendum
1143 1363 1353 1391 observavimus
1380 1363 1481 1399 ephod,
1511 1363 1545 1390 de
1573 1370 1629 1398 qua

830 1418 898 1438 voce
913 1410 1080 1443 interrogas,
1098 1409 1151 1436 tria
1169 1409 1346 1444 signiﬁcare:
1363 1409 1500 1445 imprimis
1517 1416 1628 1437 sacram

832 1460 859 1484 et
872 1455 1059 1491 pontiﬁcalem
1087 1455 1199 1487 stolam,
1225 1462 1281 1490 qua
1308 1455 1346 1482 uti
1368 1455 1437 1482 nulli
1463 1455 1551 1488 licuit,
1574 1455 1630 1484 nisi

832 1501 978 1530 sacerdoti.
995 1501 1043 1528 illa
1060 1501 1269 1536 signiﬁcabatur
1286 1501 1359 1536 quod
1374 1501 1508 1536 agendum
1527 1506 1586 1530 erat
1601 1502 1629 1529 in

834 1549 869 1576 iis
881 1548 976 1580 rebus,
999 1556 1054 1583 quo
1070 1548 1215 1576 consilium
1235 1548 1385 1575 humanum
1402 1548 1558 1584 pertingere
1573 1556 1629 1575 nou

834 1599 953 1631 poterat.
970 1602 1078 1630 nempe,
1097 1602 1131 1622 an
1148 1602 1163 1622 a
1179 1594 1258 1622 bellis
1269 1594 1433 1622 cessandum
1446 1614 1453 1627 ,
1480 1602 1514 1621 an
1534 1595 1631 1630 prelio

834 1647 893 1670 erat
905 1641 1114 1675 decertandum,
1128 1645 1155 1668 et
1181 1640 1305 1668 similia?
1334 1640 1368 1668 Et
1386 1640 1444 1668 haec
1474 1641 1632 1676 principalis

834 1687 926 1722 ephod
937 1686 1112 1721 signiﬁcatio.
1129 1685 1268 1718 Secunda,
1284 1686 1450 1721 praecedenti
1464 1686 1521 1714 fere
1534 1687 1631 1715 eadem

835 1737 896 1761 erat
910 1731 998 1760 forma
1010 1732 1116 1766 ephod,
1129 1740 1197 1759 usus
1212 1732 1377 1765 communis,
1393 1737 1420 1759 ct
1434 1740 1489 1760 non
1503 1733 1633 1760 sacerdo-

838 1780 900 1808 talis
924 1789 931 1807 :
962 1787 995 1808 eo
1023 1780 1141 1807 amictus
1179 1780 1289 1807 videtur
1315 1779 1417 1813 David;
1449 1780 1488 1807 ait
1521 1781 1596 1807 enim
1623 1789 1631 1806 :

836 1825 931 1861 Ephod
955 1829 1016 1853 erat
1048 1833 1133 1860 super
1152 1825 1246 1857 David,
1266 1825 1339 1860 quod
1365 1833 1381 1853 c
1414 1826 1496 1861 bysso
1514 1826 1595 1853 ﬁebat
1610 1826 1633 1842 ⁷⁸

838 1873 909 1907 (erat
935 1876 1026 1899 autem
1055 1871 1153 1906 hyssus
1183 1871 1302 1906 planta)";
1334 1871 1434 1898 stolam
1451 1879 1485 1898 ex
1512 1871 1558 1899 illa
1572 1879 1633 1898 ma-

838 1918 908 1946 teria
934 1917 1087 1945 confectam
1108 1917 1249 1952 byssinam
1273 1917 1454 1945 nominabant
1484 1925 1492 1945 :
1525 1921 1553 1945 at
1581 1918 1630 1953 qui

839 1963 959 1991 nominis
975 1963 1122 1998 originem,
1140 1970 1207 1991 usus
1222 1963 1305 1991 modo
1317 1967 1344 1990 ct
1364 1963 1460 1990 [οι-[ηαξ
1479 1963 1632 1998 ascribunt,

840 2014 940 2038 vocant
954 2009 1092 2045 epomida,
1109 2013 1137 2036 et
1149 2011 1315 2044 ependuma.
1341 2009 1390 2037 Est
1405 2014 1431 2037 et
1447 2010 1527 2036 tertia
1543 2010 1635 2037 adhuc

839 2057 914 2084 illius
929 2056 1095 2092 signiﬁcatio
1115 2065 1122 2083 :
1154 2055 1293 2083 idolorum
1312 2056 1444 2089 cultores,
1461 2056 1488 2083 in
1502 2056 1634 2084 imitatio-

840 2109 902 2129 nem
920 2102 1094 2129 sacerdotum
1113 2100 1173 2132 Dei,
1198 2100 1388 2128 sacerdotibus
1401 2100 1485 2127 etiam
1501 2100 1559 2128 suis
1579 2106 1637 2128 sto-

840 2148 881 2176 las
910 2147 1166 2183 appropriaverunt,
1194 2152 1329 2175 texturam
1354 2155 1449 2175 earum
1478 2148 1505 2174 in
1521 2147 1636 2183 ﬁguram

841 2194 930 2229 ephod
950 2193 1169 2224 conformantes,
1193 2200 1250 2220 rem
1270 2201 1380 2228 quoque
1400 2194 1486 2228 ipsam
1503 2199 1637 2221 vocarunt

840 2238 940 2273 ephod.
965 2237 1045 2265 Hauc
1064 2238 1245 2265 imitationem
1270 2237 1456 2265 adhibuerunt
1471 2238 1609 2266 daemones
1626 2247 1634 2266 :

840 2284 887 2319 qui
904 2284 973 2311 nihil
985 2283 1047 2311 novi
1060 2283 1093 2311 ad
1106 2291 1163 2311 rem
1181 2283 1387 2318 intelligendam
1410 2284 1586 2312 attulerunt:
1605 2288 1636 2312 ut

840 2338 952 2363 nomen,
963 2331 1047 2364 Deus,
1059 2337 1123 2357 vere
1137 2329 1315 2358 exsistentem
1332 2330 1478 2366 signiﬁcat,
1492 2335 1520 2358 at
1532 2330 1565 2358 de
1577 2330 1634 2358 dae-

842 2377 972 2405 monibus
996 2376 1075 2404 falsis
1101 2375 1156 2403 diis
1183 2381 1333 2411 usurpatur
1348 2397 1355 2409 ,
1383 2377 1424 2404 sic
1449 2381 1476 2404 et
1497 2377 1585 2411 ephod
1607 2377 1634 2404 in

846 2423 922 2450 varia
947 2422 1100 2457 signiﬁcata
1132 2422 1316 2450 distribuitur.
1339 2422 1434 2457 Neque
1445 2430 1544 2450 nomen
1557 2422 1633 2456 illud,

842 2466 924 2499 Deus,
942 2470 1049 2494 tantum
1069 2467 1096 2494 in
1122 2467 1306 2502 discrepantia
1331 2467 1473 2499 dividitur,
1496 2468 1543 2494 sed
1560 2466 1590 2494 όν
1608 2471 1637 2494 et

842 2512 980 2548 κὰδδησιμ
1007 2516 1122 2547 utraque
1148 2521 1211 2544 vox,
1241 2518 1268 2540 et
1284 2513 1394 2548 proprie
1409 2521 1470 2546 ens,
1481 2518 1510 2540 et
1525 2513 1640 2548 proprie

843 2564 969 2587 sanctum
999 2559 1137 2594 signiﬁcat
1154 2567 1160 2586 :
1188 2564 1215 2586 et
1237 2566 1293 2586 non
1308 2559 1388 2587 aliter
1405 2567 1487 2594 quam
1503 2558 1603 2594 ephnd,
1617 2566 1635 2586 ο

847 2605 1029 2633 servientibus
1042 2605 1186 2632 daemoniis
1208 2604 1242 2632 ad
1267 2605 1401 2632 honorem
1414 2613 1510 2633 corum
1526 2606 1572 2640 qui
1588 2613 1636 2633 co-

846 2650 940 2678 luntur
956 2651 1085 2678 trahitur.
1102 2649 1143 2678 Tu
1159 2654 1251 2677 autetn
1270 2658 1385 2685 corpore
1404 2656 1431 2678 et
1443 2651 1534 2678 attima
1565 2651 1633 2678 vale.

24 2693 71 2725 ἓίως
83 2697 143 2725 ὅντα
153 2719 160 2730 ,
192 2700 238 2726 καὶ
269 2699 373 2734 κυρίως
387 2699 475 2734 ἅγιον,
502 2699 593 2735 δηλοῖ·
608 2699 656 2727 καὶ
670 2700 725 2730 τοῖς
744 2698 904 2734 λατρευταίς
922 2698 976 2725 τῶν
997 2698 1145 2733 δαιμόνων,
1163 2699 1211 2725 ἐπὶ
1224 2699 1291 2734 τιμῇ
1303 2700 1358 2725 τῶν
1370 2698 1477 2726 οἰκείων
1493 2698 1638 2734 σεϐασμά-

23 2743 70 2772 των,
82 2741 140 2768 καθ’
150 2743 180 2769 ὃν
193 2742 225 2778 δὴ
254 2744 355 2779 τρόπον
387 2744 436 2771 καὶ
466 2744 498 2771 τὸ
516 2744 609 2779 ὲφοὺδ,
641 2744 826 2779 μετενήνεκτα

19 2788 22 2806 ν

19 2850 28 2875 ὶ
50 2842 191 2874 τέΙΙΡοηΙ.
209 2856 252 2881 xv,
269 2848 303 2875 27

829 2752 848 2771 ι.
867 2743 903 2770 Σὺ
917 2743 947 2771 δέ
962 2752 1008 2779 μοι
1022 2743 1095 2780 ψυχῇ
1109 2744 1155 2772 καὶ
1169 2744 1275 2780 σώματι
1287 2744 1400 2780 ἔρρωσο.
