1873 3063
242 150 296 183 635

244 252 380 286 Quomodo
403 258 455 276 non
478 253 517 276 est
544 249 708 275 contrarium
810 256 819 274 :
833 256 842 273 ι
855 247 967 286 Oculum
982 255 1030 286 pro

278 286 352 314 oculo
367 289 392 312 et
407 285 511 312 dentem
532 292 580 317 pro
605 285 691 315 dente,
707 292 716 309 i
732 283 772 309 illi
786 283 921 309 sententiw
938 290 947 309 :
968 292 978 307 ‹
999 282 1030 309 Si

277 322 336 356 quis
351 325 376 347 te
390 320 549 356 percufserit
564 319 591 345 in
607 326 687 345 unum
698 318 851 350 maxillam,
866 318 970 352 porrige
988 317 1029 344 illi

277 353 302 383 ἐι
321 353 434 383 alierum
456 353 524 389 (20).
548 363 557 379 ι

818 140 951 176 ΡΗΟΤΪῙ
965 139 1218 174 PATRIARCH/E
1237 143 1291 174 ΟΡ.

261 203 427 240 ουλεδτιο
441 202 498 232 Clll
523 202 618 239 [σοὶεί.
633 201 760 229 CCLXVI
775 201 858 229 Tuur.
875 201 1012 237 CCLVII].
1045 204 1068 232 Α

1817 143 1867 174 636

1354 197 1522 226 ΕΡΩΤΗΣΙΣ
1538 198 1595 226 PI".

1083 245 1150 278 Πῶς
1172 246 1228 272 οὐκ
1258 244 1345 271 ἐστιν
1368 244 1508 270 ἐναντίον
1528 243 1562 269 τὸ
1590 253 1599 269 ι
1614 243 1782 278 Ὀφθαλμὸν
1806 243 1870 270 ἀντὶ

1119 279 1276 315 ὀφθαλμοῦ
1304 279 1365 315 καὶ,
1381 278 1494 315 ὀδόντα
1518 278 1585 315 ἀντὶ
1612 278 1747 315 ᾄδοντος,
1771 287 1782 304 ι
1800 280 1873 315 ,πρὸς

1119 313 1162 347 τὸ,
1174 313 1290 347 «Ὅστις
1305 314 1473 348 σεραπισει
1483 313 1533 340 ἐπὶ
1546 313 1604 348 τὴν
1615 313 1720 346 δεξιὰν
1729 313 1866 347 σιαγόνα,

1119 350 1255 384 στρέψον
1273 349 1322 376 καὶ
1337 350 1395 383 τὴν
1409 349 1519 382 ἄλλην.
1544 358 1553 374 ι

578 409 649 434 Edita
661 415 674 433 a
688 406 845 438 Montacutio,
858 414 898 438 ep.
913 407 968 436 196,
981 407 1013 432 ad
1026 407 1159 436 Constant,
1173 411 1198 436 p.
1210 404 1264 429 29L
1278 403 1306 428 In
1319 404 1405 428 Matth.
1418 410 1441 433 ν,
1452 403 1491 433 58,
1502 403 1541 428 59.

278 465 333 492 Lex
361 463 407 491 illa
429 470 482 498 qua
500 463 671 498 praecipitur,
691 471 700 487 ι
720 461 824 489 Oculus
835 469 884 496 pro
898 462 990 495 oculo,
1007 466 1034 489 et

242 511 311 538 dens
330 516 380 544 pro
395 508 476 535 deme
495 516 519 541 ι,
536 515 590 535 non
609 508 777 540 adversatur,
792 511 821 534 ut
834 507 953 542 imperiti
971 507 1032 542 qui-

241 555 305 582 dam
321 554 500 586 arbitrantur,
515 554 564 585 illi,
582 562 591 579 ι
613 552 641 580 Si
658 553 721 588 quis
744 556 770 579 te
784 553 811 580 in
828 560 911 580 unam
929 553 1030 580 malam

242 601 419 635 percusserit,
436 601 548 628 obverte
574 599 612 626 illi
633 604 660 626 ct
679 599 820 630 alteram,»
838 603 866 626 et
887 606 948 634 qua
968 603 1032 626 sunt

242 646 304 682 ejus
322 646 441 681 generis.
454 645 524 673 vHaac
538 647 612 674 enim
630 645 751 679 judicein
769 649 841 672 recte
853 644 987 679 disponit,
1005 649 1032 672 et

243 691 301 726 lege
316 692 369 719 lata
384 692 511 725 intendit,
526 695 556 719 ut
571 690 735 727 impartialis
749 691 785 718 sit
799 698 863 725 erga
883 690 1031 726 litigantes,

1123 460 1180 486 Οὐκ
1196 459 1270 486 ἐστιν
1281 459 1413 489 ἐναντίον,
1430 458 1468 489 ὼς
1485 457 1558 491 ἔδοξέ
1573 466 1629 484 τισι
1644 458 1698 485 τῶν
1717 458 1754 494 μὴ
1771 467 1873 494 σωφρο-

1085 505 1213 536 νούντων,
1233 505 1260 540 ὴ,
1282 514 1291 530 ι
1316 503 1472 539 Ὀφθαλμὸν
1489 504 1549 530 dvﬁ.
1564 503 1716 539 ὀφθαλμοῦ,
1727 505 1775 531 καὶ
1786 505 1873 532 ὀδόντα

1084 552 1270 584 ἀντὶόδόντος,
1283 560 1293 577 i
1310 550 1474 586 ζημιοῦσθαι
1494 551 1704 586 προστάσσουσα
1721 551 1873 586 νομοθεσία,

1086 598 1154 632 πρὸς
1170 597 1220 632 τὴν
1231 596 1360 632 γνώμην·
1375 596 1488 627 (Ὅστις
1501 604 1531 622 σε
1544 595 1655 631 ραπίσει
1670 596 1716 622 ἐπὶ
1725 596 1775 632 τὴν
1790 596 1873 628 δεξιὰν

1087 640 1209 674 σιαγόνα,
1234 639 1350 675 στρέψον
1378 639 1453 674 αὐτῷ
1473 639 1518 666 κα1
1535 639 1585 673 τὴν
1605 640 1700 675 ἀλλην,
1720 650 1729 665 i
1749 641 1796 667 καὶ
1821 641 1873 667 ὅσαι

1085 685 1172 721 ταύτῃ
1199 685 1399 720 παραπλήσιοι.
1411 684 1442 710 Ὶι
1462 684 1512 719 μὲν
1528 685 1581 720 γὰρ
1602 685 1647 711 τὸν
1667 686 1764 720 κριτὴν
1780 686 1873 720 ῥυθμί-

243 742 270 765 et
285 738 413 773 injuriam
438 746 520 773 passo
541 743 570 765 ut
593 738 721 770 satisﬁat.
746 736 794 771 qui
819 743 928 770 pinnam
945 737 1031 771 poscit

1104 740 1138 764 ει,
1165 731 1213 758 καὶ
1229 730 1298 764 πρὸς
1326 731 1408 757 αὑτὸν
1432 731 1617 762 ἀποτείνεται,
1633 731 1785 758 ἀδέκαστον
1800 732 1873 758 αὐτοι

243 783 418 819 inﬂigendam
448 784 577 812 allicienti
600 784 714 818 injuria.
732 783 826 809 Altera
841 789 892 809 nec
908 781 1031 816 judicem

243 830 364 865 respicit,
380 837 468 865 neque
490 830 534 857 lex
545 834 603 862 est;
620 830 657 856 ita
671 829 744 856 enim
760 830 967 862 contrairetur;
985 828 1033 856 sed

243 875 371 910 iujuriam
382 875 428 910 qui
440 875 552 910 patitur,
569 874 602 902 ad
618 874 777 902 comitatem
792 874 899 908 incitat,
912 879 940 902 et
954 882 1033 902 com-

242 921 400 955 passionem
425 920 581 948 informat:
604 920 687 955 idque
712 921 779 956 agit,
806 925 836 948 ut
862 921 1034 948 iracundiam

242 971 354 1000 superet
376 971 404 993 et
424 966 558 1000 furorem,
590 966 737 994 consilium
764 966 982 1002 pliilosophicum
1008 970 1035 993 et

243 1012 453 1039 accommodum
481 1012 626 1040 adhibens.
657 1011 725 1039 Nam
750 1012 792 1039 vel
812 1019 866 1039 non
891 1015 1036 1046 recuperat

243 1059 316 1093 quod
340 1058 463 1086 ablatum
485 1062 528 1086 est
553 1058 588 1086 ab
611 1066 668 1086 eo:
691 1062 740 1085 aut
754 1058 776 1085 si
794 1062 948 1093 recuperct,
963 1057 1035 1084 haud

243 1103 394 1139 possidebit
418 1105 479 1140 plus
507 1112 589 1139 quam
615 1104 648 1131 ab
674 1104 751 1131 initio
767 1104 894 1131 habebat.
922 1103 974 1131 Sed
989 1103 1036 1139 qui

243 1158 293 1186 per
308 1150 478 1178 tolerantiam
492 1169 500 1183 ,
536 1152 690 1178 comitatem
707 1171 714 1184 ,
745 1155 773 1178 et
795 1150 1014 1185 compassiouem
1027 1169 1035 1182 ,

244 1195 387 1224 inimicum
409 1201 532 1232 superat,
555 1201 616 1231 post
644 1196 799 1227 victoriam,
827 1200 1035 1223 monumentum

243 1244 295 1270 sibi
330 1243 445 1271 suscitat
467 1243 621 1271 immortale
642 1243 751 1270 virtutis
767 1250 842 1273 sum.
869 1245 896 1270 ct
912 1241 1037 1269 Judicein

245 1289 428 1316 universalcm
459 1288 608 1323 propitium
636 1287 688 1315 sibi
719 1292 746 1314 et
776 1287 912 1322 placatum
936 1286 1037 1320 reddit,

245 1333 358 1368 dignum
370 1342 399 1360 se
412 1341 569 1367 praeparans
578 1333 623 1368 qui
635 1333 754 1368 patiatur
765 1333 823 1365 illa,
837 1340 898 1368 qua:
908 1332 934 1359 in
949 1331 1040 1367 proxi-

245 1385 320 1404 mum
345 1377 513 1404 intendebat.

1084 777 1140 808 τοῖς
1157 776 1328 812 κρινομένοις
1342 775 1476 811 παρέχειν
1490 776 1676 811 νομοθετοῦσα
1686 795 1693 808 ,
1704 777 1805 811 καὶτῷ
1823 778 1873 804 ἀδι-

1084 822 1209 856 κουμένῳ
1235 823 1378 857 τιμωρεῖν,
1394 821 1445 857 τὴν
1462 822 1524 857 ῐσην
1536 822 1706 849 ἀπαιτοῦντα
1717 823 1819 858 ποινὴν
1834 823 1873 849 τὸν

1084 868 1244 903 ἠδικηκότα.
1266 868 1297 894 'll
1314 867 1353 900 δὲ,
1371 867 1400 894 οὺ
1425 867 1475 903 μὲν
1497 865 1545 894 οὖν
1567 868 1619 895 οὐκ
1641 867 1715 894 ἔστιν
1739 869 1810 904 πρὸς
1836 869 1873 895 τὼ

1085 914 1193 949 κριτὴν,
1212 913 1272 940 οὐδὲ
1297 913 1390 948 νόμος,
1409 913 1469 940 οὐδὲ
1499 913 1597 941 πολλοῦ
1623 922 1654 948 γε
1678 915 1727 941 καὶ
1739 914 1798 940 δεῖ·
1811 915 1873 941 οὕτω

1085 959 1140 995 γὰρ
1151 959 1184 986 ἂν
1197 957 1232 994 ἦν
1244 959 1366 986 ἐναντίον
1377 967 1384 974 ³
1401 959 1469 986 ἀλλὰ
1491 959 1536 986 τὸν
1561 960 1725 995 ἀδικηθέντα
1751 969 1868 995 παραινε

1087 1005 1127 1037 εἰς
1135 1004 1289 1032 ἐπιείκειαν
1300 1005 1347 1031 καὶ
1360 1004 1532 1039 συμπάθειαν
1544 1005 1730 1039 ἐπαλείφουσα
1742 1006 1788 1031 καὶ
1796 1007 1873 1040 κρεὲτι

1086 1060 1151 1079 τονα
1167 1046 1417 1087 παρασκευάζουσα
1437 1050 1523 1085 ὀργῆς
1552 1051 1600 1077 καὶ
1622 1050 1710 1085 θυμοῦ
1728 1051 1873 1086 φιλοσόφως

1087 1099 1149 1126 λίαν
1163 1099 1211 1125 καὶ
1225 1097 1370 1133 ὠφελίμως
1386 1096 1570 1132 είοηγουμένη
1589 1097 1639 1132 τὴν
1663 1097 1827 1132 συμϐουλήν.
1844 1098 1873 1123 TE

1089 1145 1139 1179 μὲν
1157 1144 1211 1178 γὰρ
1227 1143 1389 1179 στερηθένῆ
1403 1143 1453 1169 οὐκ
1472 1142 1546 1168 ἐστιν
1565 1142 1712 1169 ἀναλαϐεῖν
1723 1163 1730 1175 ,
1747 1143 1763 1178 ἣ
1781 1143 1873 1169 ἀναλα-

1088 1191 1171 1217 ϐόντα
1186 1190 1261 1217 οὐδὲν
1277 1190 1357 1216 πλέον
1371 1189 1446 1215 ἐστὶν
1459 1188 1506 1215 τοῦ
1523 1188 1642 1223 ἐξαρχῆς
1657 1188 1833 1224 προσλαϐεῖν.
1853 1188 1873 1215 'C

1088 1236 1117 1263 δὲ
1128 1236 1162 1263 δι’
1180 1236 1331 1267 ἐπιεικείας
1345 1236 1394 1262 καὶ
1419 1234 1581 1270 συμπαθοῦς
1607 1233 1720 1269 γνώμης
1737 1235 1873 1270 περιγεγόη

1089 1282 1143 1315 νὼς
1156 1282 1203 1309 τοῦ
1219 1281 1330 1317 ἐχθροῦ,
1350 1281 1419 1316 μετά
1434 1280 1481 1307 τοῦ
1499 1281 1610 1316 νικῆσαι
1621 1280 1757 1316 λαμπρῶς
1768 1282 1817 1308 καὶ
1826 1281 1873 1307 ἀείι

1092 1336 1214 1364 μνηστον
1232 1328 1281 1362 τῆς
1296 1327 1398 1362 ἀρετῆς
1415 1326 1519 1362 ἐγείρει
1537 1328 1681 1362 μνημεῖον,
1698 1327 1744 1354 καὶ
1761 1327 1808 1352 τὸν
1826 1335 1873 1353 κοι-

1091 1375 1135 1401 νὸν
1146 1374 1243 1409 κριτὴν
1256 1374 1380 1400 εὺῖλατον
1391 1373 1482 1407 ἐαυτῷ
1492 1373 1540 1399 καὶ
1552 1373 1654 1408 εὐμενῆ
1662 1373 1873 1409 παρασκευάζει,

245 1422 338 1448 ἐκεῖνα
351 1422 449 1448 παθεῖν
462 1422 559 1449 ἑαυτὸν
567 1422 641 1455 ἄξιον
651 1422 827 1458 εὐτρεπίσας,
839 1421 858 1449 ἂ
871 1420 1034 1458 προσλαϐὼν
1052 1421 1135 1452 αὐτὸς
1149 1420 1188 1455 τῷ
1201 1419 1317 1455 πλησίον
1335 1418 1502 1452 ἐπεδείξατο.

246 1467 412 1501 QUIESTIO
426 1467 482 1495 civ
499 1468 593 1505 [CoisL
613 1467 762 1498 cccxvu.
781 1467 863 1495 Tuur.
879 1468 1032 1505 CCLVIII].

1370 1465 1540 1493 ΕΡΩΊῊΣΙΣ
1553 1467 1613 1494 ΡΔ’.

247 1525 318 1551 Edita
338 1533 352 1550 a
371 1525 536 1557 Montacutio,
554 1532 595 1557 ep.
617 1526 677 1556 205,
694 1526 726 1550 ad
740 1525 863 1552 Tlieodor.
882 1526 993 1582 hegnm.i
1009 1525 1186 1588 p.l50?é|550|.
1208 1525 1246 1551 De
1266 1525 1345 1550 Abcle
1358 1525 1426 1556 justo
1446 1528 1504 1550 ante
1516 1529 1673 1557 peccatorem
1695 1525 1820 1552 Adamum
1835 1528 1872 1553 rit:

993 1565 1041 1582 uuc
1053 1565 1067 1582 υ
1141 1576 1147 1581 .

993 1565 1067 1582 uncto
1086 1565 1122 1582 (ΖΙ
1131 1565 1147 1582 l.

289 1609 426 1637 Secretior
437 1610 528 1638 omnis
547 1615 574 1638 et
593 1609 754 1645 profundior
764 1619 853 1639 causa;
867 1612 949 1644 ratio,
963 1612 1036 1647 apud
1051 1613 1073 1644 C

248 1655 334 1684 Deum
354 1661 503 1691 seponatur
517 1665 524 1683 :
538 1656 585 1684 sed
603 1656 630 1683 in
648 1661 782 1692 quantum
809 1657 930 1685 humano
945 1657 1037 1693 captui

248 1703 533 1738 comprehendendam
548 1703 613 1730 dare
629 1703 724 1736 voluit,
738 1703 810 1730 illam
821 1711 871 1739 ego
881 1704 1036 1738 attulerim;

246 1750 321 1785 quod
334 1749 435 1777 idcirco
446 1749 556 1777 Abclem
567 1750 655 1776 virum
670 1749 786 1785 justum,
796 1750 900 1778 Adamn
908 1751 1037 1786 priorem,

248 1803 311 1824 cum
338 1799 429 1823 tamen
445 1796 573 1830 princeps
589 1795 613 1823 is
629 1800 800 1830 peccaverat,
829 1801 856 1823 et
872 1796 1038 1824 sententiam

247 1842 308 1870 ideo
324 1841 421 1868 mortis
433 1845 587 1876 acceperat,
598 1841 678 1868 morti
691 1841 822 1870 traditum
835 1843 933 1876 voluit,
949 1843 1037 1878 utqui

247 1889 334 1917 reatui
351 1889 521 1924 sulijacebat,
549 1896 598 1924 per
608 1892 637 1916 et
654 1889 681 1916 in
695 1889 752 1917 lilio
765 1897 816 1918 suo
829 1890 967 1925 inculpata
980 1899 1040 1918 ina-

246 1935 336 1970 jorem
361 1935 500 1962 tristitiam
527 1935 683 1970 conciperet
709 1935 821 1968 animo,
852 1940 879 1963 et
905 1936 1038 1971 majorem

248 1985 415 2008 monstraret
438 1981 648 2016 paenitentiam;
673 1981 710 2008 ita
733 1985 764 2008 ut
784 1988 847 2008 cum
862 1981 988 2013 minimo,
1010 1981 1037 2008 in

248 2031 382 2061 quantum
408 2025 465 2053 ﬁeri
482 2026 582 2060 potuit,
611 2026 841 2061 transgressionis
866 2026 958 2053 debito
974 2026 1038 2054 hinc

248 2073 381 2100 transiret
400 2080 406 2098 :
433 2071 532 2099 deinde
548 2077 577 2099 ut
590 2076 702 2107 puteum
722 2072 797 2099 illuni
812 2072 909 2100 mortis
923 2072 1038 2107 profun-

248 2118 325 2150 dum,
341 2125 388 2153 per
400 2117 467 2152 justi
482 2118 601 2146 hominis
613 2125 646 2145 eo
672 2118 814 2145 introitum
829 2117 928 2152 injuria
947 2119 1037 2146 allecti

249 2168 389 2198 receptum
416 2163 543 2191 redderet
568 2163 709 2199 putridum
732 2169 759 2190 et
775 2163 894 2192 inanem.
923 2164 1000 2197 Quod
1014 2165 1037 2192 si

249 2217 312 2237 eum
339 2209 385 2243 qui
411 2215 523 2244 peccato
547 2217 610 2237 reus
639 2209 692 2236 l'uit
708 2209 859 2244 principem
875 2211 1035 2245 recepisset,

248 2256 357 2282 tirniiim
377 2255 540 2290 subjecissct
559 2255 584 2282 ei
608 2255 811 2282 ﬁrmamentum
829 2264 835 2281 :
860 2257 906 2284 sed
922 2257 1036 2291 abrepto

1134 1610 1164 1637 '0
1184 1609 1235 1645 μὲν
1256 1610 1477 1646 ἁπορρητότερος
1490 1609 1538 1636 καὶ
1553 1609 1701 1646 βαθύτερος
1719 1611 1768 1646 τῆς
1798 1613 1869 1646 αἰτία

1090 1657 1169 1691 λόγος
1182 1656 1300 1683 ἀνείσθω
1314 1645 1384 1692 νΘεῷ
1397 1664 1404 1672 ·
1421 1657 1451 1690 ἐξ
1469 1653 1506 1683 ὦν
1529 1665 1561 1691 γε
1583 1656 1703 1689 διανοίας
1729 1645 1872 1693 ἀνῢριίνπωη

1091 1703 1176 1730 ἔδωκε
1188 1704 1315 1738 γενέσθαι
1328 1703 1429 1740 ληπτὰ,
1441 1705 1542 1739 φαμὲν,
1551 1703 1588 1734 ὡς
1596 1704 1640 1731 διὰ
1650 1703 1729 1730 τοῦτο
1740 1704 1790 1730 τὸν
1806 1705 1872 1731 ’Λίιέ

1089 1750 1194 1777 δίκαιον
1219 1751 1292 1784 ὄντα,
1318 1753 1371 1787 πρὸ
1398 1752 1444 1779 τοῦ
1469 1751 1694 1788 ἐξημαρτηκότος
1716 1753 1824 1788 Ἀδὰμ,
1842 1763 1871 1780 xu

1088 1797 1140 1832 τὴν
1168 1797 1307 1832 ἀπόφασιν
1332 1797 1481 1833 δεξαμένου
1491 1819 1498 1831 ,
1514 1798 1705 1834 συνεχώρησεν
1716 1799 1757 1830 εἰς
1769 1799 1870 1826 θάνακ

1089 1842 1177 1869 ἐλθεῖν
1191 1851 1199 1859 ·
1215 1843 1259 1869 ἵνα
1275 1843 1370 1878 μαθὼν
1380 1844 1394 1870 δ
1407 1843 1536 1874 ὑπόδικος
1550 1845 1579 1870 ἐν
1603 1843 1641 1879 τῷ
1656 1844 1798 1880 ἀνευθύνῳ
1813 1846 1871 1872 παιὸ

1089 1887 1247 1923 τὸιφοὸερδν
1263 1887 1310 1915 τοῦ
1332 1889 1471 1924 ἐπιτιμίου
1492 1889 1539 1915 καὶ
1557 1888 1687 1923 ἄφυκτον,
1707 1889 1793 1916 πλέον
1817 1900 1847 1917 τε
1859 1900 1871 1916 τ

1090 1931 1172 1966 ἄλγος
1199 1932 1364 1967 είσδέξηται,
1381 1933 1427 1959 καὶ
1453 1934 1502 1968 τὴν
1523 1934 1668 1968 μετάνοιαν
1695 1934 1866 1970 ἐπιδείξηται.

1090 1977 1218 2004 κάκεῖθεν
1235 1977 1345 2004 ἔλαττον
1369 1977 1476 2013 ἀπέλθῃ
1502 1979 1553 2013 τῆς
1578 1978 1763 2014 παραὸάσεως
1798 1989 1870 2016 χρεω

1091 2024 1161 2050 στῶν
1178 2031 1186 2040 ο
1218 2023 1259 2050 ἔτι
1282 2023 1322 2056 δὲ,
1335 2024 1381 2050 καὶ
1407 2024 1451 2050 ἵνα
1466 2024 1513 2050 τοῦ
1529 2023 1647 2051 θανάτου
1667 2025 1699 2052 τὸ
1713 2025 1831 2061 βάθρον,
1844 2027 1870 2053 11‘.

1089 2069 1256 2104 ἠδικημένον
1270 2069 1378 2105 πρῶτον
1394 2070 1543 2105 δεξάμενον
1558 2071 1659 2106 σαθρὸν
1670 2074 1808 2108 καταστῇ.
1823 2073 1870 2098 “tle

1091 2124 1144 2151 περ
1159 2116 1213 2150 γὰρ
1227 2117 1250 2142 εἰ
1264 2116 1311 2142 τὸν
1327 2117 1481 2143 ὑπεύθυνον
1503 2117 1612 2152 πρῶτον
1632 2117 1756 2149 ἐδέξατο,
1773 2120 1870 2154 atq/{lii

1091 2161 1124 2188 ἂν
1143 2161 1269 2196 θεμέλιον
1291 2161 1462 2188 ὑπεϐάλετου
1477 2161 1550 2188 οὕτω
1574 2162 1620 2188 τὸν
1635 2162 1739 2189 δίκαιον
1758 2164 1869 2199 ἁρπασ.ὶ

1092 2217 1183 2244 μενος,
1215 2208 1319 2244 σαθρὰν
1351 2208 1447 2235 ἐαυτὸν
1486 2207 1566 2234 ἔλαθε
1593 2209 1641 2234 καὶ
1669 2201 1869 2244 εὐπερίτρεπτα

1089 2254 1140 2288 τὴν
1154 2254 1260 2281 οἰκείαν
1277 2254 1398 2289 κρηπῖδα
1411 2253 1570 2288 πηξάμενος
1584 2254 1609 2280 li.
1626 2253 1661 2280 Σὺ
1679 2253 1708 2280 δέ
1719 2262 1764 2288 μοι
1779 2257 1869 2281 cxi-:51

247 2301 313 2328 illuc
322 2301 382 2328 viro
394 2301 483 2336 justo,
494 2301 633 2335 putridum
651 2301 801 2328 solumnec
813 2300 956 2329 difﬁculter
971 2302 1031 2330 sub-

1104 2299 1139 2325 ιαὶ
1155 2299 1180 2325 εἴ
1194 2307 1253 2331 πως
1270 2299 1277 2318 ί
1295 2300 1308 2325 ὁ
1319 2299 1368 2334 τῆς
1383 2299 1558 2330 ἀναστάσεως
1578 2299 1622 2325 διὰ
1634 2299 1731 2325 τούτου
1749 2307 1869 2334 προκατπ

247 2348 393 2379 ruenduin,
404 2348 530 2375 nesciens
542 2351 632 2374 tamen
646 2346 772 2375 confecit.
798 2346 838 2374 Tu
849 2352 938 2375 autem
956 2355 1037 2383 porro

247 2395 275 2422 in
290 2399 408 2422 mentem
420 2394 523 2421 advoca
536 2393 690 2428 cogitando,
707 2401 741 2420 an
756 2401 810 2421 non
826 2398 913 2422 status
925 2399 953 2421 et
966 2395 1036 2422 ratio

248 2438 482 2470 resurrectionis,
512 2443 567 2465 tam
593 2437 674 2472 longo
700 2437 871 2472 praecedente
893 2438 1036 2465 intervallo

246 2489 439 2520 przesti-uatur,
460 2488 487 2510 et
504 2491 553 2518 per
567 2482 726 2518 mysterium
742 2483 990 2517 praesigniticetur?
1007 2483 1036 2511 Si

246 2531 318 2558 enim
334 2530 422 2557 bonus
444 2537 476 2557 ac
491 2530 584 2565 justus
609 2529 681 2557 Deus
704 2529 796 2562 fuerit,
823 2534 870 2557 aut
893 2530 1036 2565 utriusque

247 2576 340 2611 potius
364 2575 428 2603 fons
455 2579 482 2602 et
506 2576 606 2611 origo,
635 2575 707 2603 haud
735 2575 950 2602 immuneratum
972 2575 1036 2602 hinc

249 2622 326 2650 abire
341 2623 428 2650 virum
453 2622 558 2658 justum
582 2630 616 2650 ne
641 2622 675 2650 ad
700 2622 806 2650 horulze
820 2621 902 2649 unius
917 2622 1035 2656 spatium

1093 2344 1222 2371 ὗάλλεται
1253 2344 1302 2371 καὶ
1325 2346 1546 2379 μυσταγωγεῖται
1562 2344 1652 2378 λόγος.
1672 2345 1704 2370 Εἰ
1715 2345 1772 2379 γὰρ
1783 2347 1868 2379 ἀγαθή

1091 2392 1138 2418 καὶ
1151 2391 1257 2422 δίκαιος
1267 2391 1280 2416 ὸ
1292 2391 1370 2422 Θεὸς,
1385 2389 1485 2425 μᾶλλον
1497 2390 1531 2416 δι’
1543 2390 1713 2425 ἀγαθότητος
1726 2392 1776 2417 καὶ⁵
1783 2392 1868 2418 δικαιηι

1093 2438 1176 2472 σύνης
1195 2437 1282 2472 πηγὴ,
1312 2437 1362 2464 οὐκ
1385 2437 1419 2464 ἂν
1440 2437 1594 2472 ἀγέραστον
1618 2437 1748 2464 ἀπελθεῖν
1771 2439 1821 2464 καὶ
1836 2447 1868 2474 πε

1092 2484 1168 2520 ὥρας
1195 2483 1242 2511 τὸν
1260 2484 1365 2511 δίκαιον
1393 2484 1484 2510 εἴασεν
1502 2484 1597 2511 ¹Δ6ελ.
1616 2485 1671 2511 Καὶ
1691 2485 1717 2510 τί
1735 2484 1810 2519 λέγω
1823 2484 1868 2518 ἀγέ

1095 2539 1210 2566 ραστον;
1226 2531 1283 2557 ἀλλ’
1298 2531 1348 2557 οὐκ
1362 2530 1396 2557 ἂν
1409 2530 1513 2562 ἀδίκως
1533 2531 1580 2557 καὶ
1600 2530 1631 2557 τὸ
1656 2531 1749 2566 μεῖζον
1776 2531 1837 2558 ἀνθ’
1851 2527 1868 2557 ἐξ

1091 2576 1170 2612 ὤφθη
1185 2577 1325 2612 θεοφιλὴς,
1345 2577 1395 2603 οὐκ
1408 2576 1442 2603 ἂν
1457 2576 1611 2611 ὑπερείδειν
1634 2576 1850 2612 ἀναιρούμενον·
1864 2585 1867 2603 l

1095 2623 1131 2657 μή
1154 2631 1196 2655 τις
1224 2622 1330 2649 ἐκεῖθεν
1352 2621 1421 2657 ἀλλη
1454 2621 1631 2654 κατάστασις,
1657 2621 1705 2648 καὶ
1724 2621 1783 2657 βίος
1808 2622 1867 2648 ἄλλο

889 2687 1006 2715 VARUS
1027 2688 1230 2718 LECTIUNES.

299 2725 314 2746 h
328 2725 357 2752 ιι.
381 2725 419 2753 Μ.
436 2725 592 2761 δεξάμενος.

631 2726 639 2745 ῑ
660 2725 702 2751 ισ.
721 2724 830 2756 μήπως.
846 2723 877 2752 C.
901 2723 936 2751 Μ.
959 2723 986 2750 εἴ
1001 2732 1068 2756 πως.

1010 2768 1127 2797 NOTAE.

283 2815 340 2852 ('20)
357 2816 425 2844 Cum
455 2817 504 2843 liac
528 2816 678 2852 quaestione
706 2815 878 2852 confercndm
913 2820 976 2844 sunt
1002 2823 1036 2843 ex

246 2850 464 2888 précedeiitilius
472 2860 518 2887 qq.
535 2850 656 2880 XXXVI!
668 2856 695 2880 ct
711 2850 803 2879 XLVI.

1092 2856 1101 2878 ι
1127 2817 1182 2853 (21)
1201 2817 1272 2845 Ideni
1297 2822 1489 2853 argumentum
1507 2817 1658 2853 qumstionc
1680 2815 1715 2843 XI
1733 2822 1866 2852 perimet“

1104 2859 1147 2878 ur.

1104 2859 1147 2879 ur.
