1873 3063
42 162 91 194 63³1

485 161 536 191 AD
553 157 854 190 AMPHILOCHIUM
872 157 1048 195 QUIESTIO
1071 158 1212 190 CIII-CV.

1629 162 1682 193 638

42 221 181 252 ἀπέκειτο,
195 219 225 250 ὲν
241 215 264 254 ᾧ
280 219 335 246 τῶν
351 218 500 254 πρακτέων
513 219 563 249 τὰς
578 217 709 253 ἀμοιὸὰς,
722 217 770 244 καὶ
784 216 834 248 τὰς
848 216 873 245 Δ
887 215 943 251 pati
960 216 1023 243 debt

925 215 943 243 ti
960 216 1064 244 debuit.
1082 215 1153 249 Quid
1166 220 1258 243 autem
1276 215 1493 244 immuneratum
1507 217 1592 245 dico?
1608 225 1683 246 certe

41 268 203 299 ἀντιδόσεις,
221 267 320 302 ἀφάτῳ
335 266 444 302 πλούτῳ
461 266 591 302 προνοίας
605 265 772 300 εὐτρεπίσας
789 273 839 292 ταν

43 313 142 349 μιεὺει.
158 312 266 340 οὐκοῦν
284 312 377 339 οὐκέτι
391 310 648 346 διαμφισϐητήσεις,
661 310 707 337 διὰ
717 310 745 336 τί
760 309 836 345 πρῶ-

41 369 84 392 τος
103 359 199 390 Ἅϐελ,
219 358 294 393 φίλος
315 357 489 392 δικαιοσύνης
514 357 633 392 γεγονὼς
645 377 653 390 ,
672 356 781 392 πρῶτος
797 355 836 391 τῷ

41 405 148 439 θανάτῳ
175 404 397 439 ὲλειτούργησεν.
423 404 456 430 Ei
478 403 506 430 δὲ
531 405 580 431 καὶ
600 402 669 438 πρὸς
680 402 726 429 τὸν
747 400 835 436 Ἑνὼχ

41 450 216 485 ἀποϐλέψεις,
233 450 406 477 δικαιότατον
430 449 562 484 γεγονότα
574 470 582 482 ,
603 449 686 476 πλέον
705 448 778 481 ἕξεις
800 449 834 476 δι’

40 492 76 521 ὢν
96 496 126 522 οὐ
140 496 281 530 ζητήσεις,
294 495 352 526 πῶς
364 495 420 522 τῶν
434 495 558 529 δικαίων,
577 495 678 530 μᾶλλον
693 495 710 530 ἢ
722 494 776 521 τῶν
787 495 834 521 ὑπ’

41 541 141 573 αἰτίαν,
161 541 176 567 ό
192 541 307 572 θάνατος
336 541 511 576 ἐκυρίευσεν·
528 541 666 576 ἀνώτερος
687 540 741 576 γὰρ
756 536 835 571 οὗτος

42 585 69 617 ἐξ
84 585 187 621 ἀρετῆς
202 586 251 613 καὶ
266 585 424 620 φιλοτιμίας
436 585 505 614 Θεοῦ
533 585 595 621 (καὶ
609 586 652 612 ἵνα
671 585 709 620 μὴ
729 584 759 611 τὸ
770 584 835 611 δυσ-

42 631 179 667 θεώρητον
197 632 296 667 ἔχωσιν
313 634 341 659 αἱ
368 633 414 659 σαὶ
435 632 559 668 ἀπορίαι)
581 632 635 660 τῶν
654 632 702 659 τοῦ
717 631 834 659 θανάτου

41 676 146 712 βρόχων
157 677 205 704 καὶ
215 677 264 712 τῆς
278 677 435 713 τυραννίδος
457 677 655 712 ἐχρημάτισεν.

885 261 958 289 haud
974 261 1073 290 fuisset
1099 269 1198 297 passus
1224 262 1326 297 injuste
1356 263 1476 298 aliquem
1495 264 1566 296 tolli,
1581 264 1683 292 nedum

888 306 978 334 virum
994 306 1037 334 sui
1053 311 1203 340 amantem,
1229 307 1251 334 si
1266 314 1320 334 non
1340 307 1412 335 alius
1424 308 1485 336 vitae
1499 313 1599 342 status,
1615 316 1683 336 con-

889 353 957 381 ditio
969 352 1023 381 alia
1037 354 1157 388 reposita
1174 353 1270 382 fuisset
1287 354 1336 386 illi,
1354 354 1401 382 ubi
1419 362 1511 383 rerum
1522 363 1537 382 a
1550 363 1580 383 se
1589 362 1683 391 gesta-

889 407 950 427 rum
968 400 1178 428 retributionem
1204 404 1231 427 et
1263 401 1515 428 remunerationem
1533 409 1581 436 per
1605 402 1683 429 inex-

889 445 1030 480 plicabiles
1046 446 1145 474 divinae
1170 446 1349 481 providentiae
1374 446 1485 474 divitias
1499 453 1681 482 praeparatam

887 492 1072 527 disposuerat.
1100 493 1234 526 Quocirca
1250 501 1304 520 non
1321 497 1363 521 est
1379 501 1430 520 cur
1444 498 1472 521 tu
1488 494 1579 521 adhuc
1597 495 1682 522 addu-

887 537 970 572 bites,
996 538 1069 566 unde
1083 539 1185 566 factum
1204 543 1234 566 ut
1247 539 1314 566 Abel
1325 540 1439 574 justitizc
1455 539 1544 567 cultor
1557 539 1680 567 omnium

888 584 1032 613 hominum
1050 585 1175 620 princeps
1189 590 1306 613 mortem
1327 585 1520 614 famularetur.
1548 585 1626 619 Quod
1657 586 1681 613 si

887 631 1043 666 respexeris
1057 631 1090 659 ad
1105 631 1247 659 Enochum
1263 632 1309 668 qui
1321 636 1348 660 et
1361 632 1418 667 ipse
1430 632 1601 667 iustissimus
1619 631 1681 664 fuit,

887 677 950 712 plus
975 677 1066 705 adhuc
1094 677 1142 705 tibi
1171 683 1342 713 suggeretur,
1373 686 1423 705 cur
1447 686 1501 706 non
1523 678 1681 710 addubites,

41 725 112 752 unde
134 724 238 752 factum
264 729 294 752 ut
319 732 396 752 mors
420 724 497 760 prius
519 725 546 751 in
571 723 661 759 justos
675 731 758 759 quam
777 723 804 751 in
824 731 887 752 reos
903 725 1057 753 dominium
1083 730 1224 753 exerceret
1245 734 1252 753 :
1272 725 1401 761 superior
1420 726 1493 753 enim
1521 726 1614 760 justus
1640 729 1682 753 est

40 777 153 808 propter
181 773 310 801 virtutem
341 777 369 801 et
395 780 517 800 amorem
549 772 599 800 Dei
629 772 761 799 eximium
790 772 836 807 (ne
853 771 936 800 dubia
953 781 968 800 a
985 778 1011 801 te
1042 773 1182 809 proposita
1216 772 1362 801 dilﬁculter
1375 773 1557 809 explicentur)
1573 774 1682 810 laqueis

40 818 138 846 mortis
150 817 276 846 irretitus
300 822 328 846 et
343 817 404 853 ejus
416 816 589 853 tyrannidem
604 820 736 852 expertus
750 815 834 845 fuisse
853 817 965 846 dicitur.

309 875 478 903 ΕΡΩΤΗΣΙΣ
497 875 559 904 PE'.

253 921 323 956 Περὶ
346 921 402 949 τιιῖι-
423 922 596 957 περιτομῆς.

957 877 1118 911 QUESTIO
1134 877 1189 906 CV.
1207 877 1300 914 LCoisl.
1319 883 1344 906 et
1361 878 1444 906 Taur.
1458 878 1601 907 CXXVII.‘

1146 922 1185 951 De
1200 924 1409 951 circumcisione.

441 979 514 1004 Edita
523 987 537 1004 a
549 979 708 1011 Montacutio,
725 985 766 1010 ep.
780 979 836 1009 ωδ,
845 978 878 1003 ad
894 978 1015 1004 Theodor.
1027 979 1132 1011 liegum.,
1146 986 1163 1010 p
1183 979 1298 1005 302404.

79 1032 114 1059 Ἦ
129 1031 269 1067 περιτομὴ
278 1031 342 1067 τρία
355 1031 417 1058 τινὰ
429 1032 676 1068 πραγματεύεσθαι
687 1041 733 1067 μοι
746 1032 834 1059 δοκεῖ’

40 1077 70 1104 ἓν
87 1078 149 1114 μὲν,
166 1077 250 1104 οἱονεὶ
262 1077 371 1112 σημείῳ
386 1077 441 1104 τινὶ
457 1078 504 1104 καὶ
529 1078 658 1112 σφραγῖδι
676 1078 738 1109 τοὺς
755 1077 836 1111 ἐκγό-

41 1132 103 1155 νους
125 1122 255 1158 ’Δὸραὰμ
269 1122 449 1158 ἀφορίζουσα,
467 1123 514 1149 καὶ
528 1123 582 1150 τῶν
595 1123 696 1150 λοιπῶν
714 1123 837 1150 διαστέλ-

40 1170 125 1195 laesa
152 1168 255 1194 ἐθνῶν·
271 1167 398 1202 δεύτερον
416 1168 454 1201 δὲ,
470 1169 498 1195 ὲν
523 1169 606 1205 ἑαυτῇ
633 1170 683 1205 τὴν
699 1170 745 1197 τοῦ
763 1170 835 1196 θείου

41 1216 233 1250 βαπτίσματος
253 1215 479 1250 προδιατυποῦσα
494 1216 542 1243 καὶ
553 1217 836 1252 προανακηρύττουσα

40 1262 120 1297 χάριν
145 1262 193 1288 καὶ
209 1261 452 1297 δυνάμιν.Ὣσπερ
477 1262 532 1298 γὰρ
558 1263 572 1290 ὁ
589 1263 834 1299 περιτεμνόμενος,

42 1308 80 1339 εἰς
94 1307 161 1334 λαὸν
178 1306 248 1334 Θεοῦ
262 1307 307 1334 διὰ
317 1308 368 1343 τῆς
382 1309 532 1344 σφραγῖδος
541 1309 627 1337 πάλαι
635 1310 834 1346 ἐχρημάτιζενο

41 1352 129 1384 οὕτως
142 1352 157 1378 ὁ
174 1351 384 1387 βαπτιζόμενος,
410 1353 549 1388 σφραγῖδα
571 1353 618 1380 τοῦ
644 1353 784 1390 Χριστοῦὶ
806 1355 835 1381 ἐν

41 1398 132 1432 ἑαυτῷ
146 1399 356 1434 τυπωσάμενος,
372 1400 413 1430 εἰς
428 1399 566 1426 υἱοθεσίαν
591 1399 660 1427 Θεοῦ
675 1401 834 1436 ἀναγράφε-

41 1452 97 1470 ται.
113 1443 170 1469 Καὶ
183 1443 287 1478 τρίτον,
303 1443 440 1479 σύμϐολον
452 1444 506 1471 τῶν
518 1445 547 1471 ὲν
557 1446 589 1480 τῇ
598 1445 690 1481 χάριτι
702 1445 834 1472 καθιστα-

42 1489 133 1524 μένων
148 1489 264 1522 πιστῶν,
283 1489 308 1516 οί
319 1489 374 1516 τῶν
396 1490 537 1526 σαρκικῶν
550 1491 654 1526 ἡδονῶν
668 1492 717 1519 καὶ
740 1492 834 1519 παθῶν

40 1535 88 1567 τὰς
105 1536 317 1569 ὶπαναστάσεις,
332 1536 370 1571 τῷ
394 1537 533 1572 τιμητικῷ
558 1537 608 1573 τῆς
626 1538 744 1571 πίστεως
762 1538 834 1575 λόγῳ

41 1582 87 1608 καὶ
94 1581 188 1614 πόνοις
201 1582 362 1617 ἁσκητικοίς
372 1583 532 1618 ὲκτέμνουσι
556 1584 603 1610 καὶ
615 1583 813 1620 ἀπονεκροῦσιν
824 1592 832 1600 '

41 1627 71 1652 οὐ
95 1627 177 1662 σῶμα
201 1627 361 1662 τέμνοντες,
379 1627 448 1654 ἀλλὰ
466 1628 515 1663 τὴν
538 1628 668 1664 καρδίαν·
687 1629 735 1656 καὶ
751 1629 833 1656 πνεύ-

925 1030 990 1059 Tria
1006 1039 1063 1067 prae
1073 1039 1102 1059 se
1114 1031 1186 1060 ferre
1197 1032 1304 1060 videtur
1320 1032 1389 1060 mihi
1412 1033 1605 1062 circumcisio:
1623 1036 1680 1070 pri-

887 1083 976 1108 mum,
991 1075 1065 1110 quod
1081 1079 1213 1110 tanquam
1228 1076 1337 1112 signum
1357 1081 1385 1104 et
1398 1077 1516 1112 sigillum
1528 1078 1678 1107 Abrahami

888 1122 1046 1157 progeniem
1072 1126 1223 1156 separaret,
1241 1126 1268 1149 et
1287 1130 1302 1149 a
1318 1123 1424 1150 caeteris
1439 1124 1567 1158 gentibus
1580 1125 1679 1153 distin-

888 1171 984 1202 gueret
1003 1175 1010 1194 :
1031 1167 1182 1195 secundum
1197 1187 1206 1201 ,
1226 1167 1253 1194 in
1275 1175 1304 1195 se
1320 1168 1406 1195 divini
1428 1168 1601 1204 baptismatis
1618 1179 1681 1205 gra-

887 1213 952 1239 tiam
970 1217 998 1240 et
1012 1212 1161 1240 eﬂicaciam
1183 1221 1232 1248 per
1252 1213 1367 1248 figuram
1391 1215 1565 1248 praedicabat.
1589 1215 1677 1244 Veluti

886 1258 959 1286 enim
979 1257 1045 1285 olim
1062 1258 1255 1291 circumcisus,
1274 1266 1322 1293 per
1337 1258 1455 1294 sigillum
1471 1259 1498 1287 in
1515 1259 1562 1288 Dei
1576 1261 1677 1296 populo

886 1304 1058 1337 censebatur,
1073 1305 1114 1332 sic
1127 1309 1155 1332 et
1168 1305 1332 1340 baptizatus,
1347 1304 1448 1333 Christi
1460 1306 1487 1333 iu
1509 1313 1539 1334 se
1556 1307 1677 1341 sigillum

886 1357 1049 1385 expressum
1064 1351 1180 1384 habens,
1196 1351 1341 1386 adoptatus
1359 1351 1519 1380 inscribitur
1540 1352 1587 1380 Dei
1607 1353 1678 1381 lilio~

886 1405 947 1424 rum
958 1397 1039 1424 albo:
1052 1397 1173 1429 tertium,
1191 1397 1344 1432 symbolum
1359 1402 1419 1426 erat
1433 1398 1555 1426 fidelium
1571 1399 1598 1426 in
1614 1407 1677 1435 gra-

887 1442 923 1469 tia
937 1442 1140 1474 exsistentium,
1156 1442 1205 1477 qui
1222 1442 1375 1470 carnalium
1390 1443 1559 1478 voluptatum
1571 1448 1597 1471 et
1610 1452 1680 1479 pas-

886 1487 993 1515 sionum
1012 1488 1230 1516 insurrectiones
1258 1488 1443 1517 tumultuosas
1464 1490 1600 1518 excisorio
1616 1491 1678 1519 lidei

885 1540 1023 1568 sermone,
1040 1538 1066 1561 et
1082 1535 1209 1563 asceticis
1224 1535 1365 1564 laboribus
1377 1535 1542 1564 abscindunt
1561 1541 1588 1564 et
1604 1545 1678 1565 mor-

886 1579 990 1606 tiﬁcant
1002 1588 1011 1607 :
1025 1587 1078 1608 non
1093 1588 1195 1615 corpus
1211 1581 1350 1614 scindunt,
1366 1582 1414 1610 sed
1429 1589 1476 1610 cor
1491 1591 1497 1610 :
1514 1591 1564 1611 nec
1578 1591 1677 1611 secun-

885 1624 950 1652 dum
965 1624 1083 1652 litteram
1098 1625 1145 1652 sed
1161 1625 1286 1660 spiritum
1299 1626 1676 1663 circumciduntur:quorum

44 1681 119 1707 ματι,
139 1673 172 1700 οὐ
196 1673 342 1708 γράμματι
376 1675 622 1710 περιτεμνόμενοι*
644 1671 682 1702 ὧν
712 1675 761 1703 καὶ
785 1676 831 1703 τὸν
845 1664 869 1696 c
884 1670 1006 1698 Ῑειυάίλῑίο

925 1670 1006 1698 Idatio
1025 1678 1078 1698 non
1101 1671 1182 1699 habet
1199 1679 1268 1706 opus
1290 1673 1408 1700 humano
1424 1673 1561 1708 praeconio
1572 1695 1580 1708 ,
1596 1674 1642 1702 sed
1660 1681 1677 1702 a

43 1719 154 1745 ἔπαινον
175 1719 225 1745 οὐκ
252 1719 428 1756 ἀνθρωπίνης
451 1720 617 1756 ἐπικρίσεως
635 1721 749 1754 δεῖσθαι,
766 1721 836 1748 ἀλλὰ

41 1763 90 1798 τῆς
106 1763 213 1791 ἄνωθεν
239 1763 377 1800 ἠρτῆσθαι
401 1765 506 1800 ψήφου,
527 1764 633 1797 Παῦλος
648 1765 662 1791 ὁ
680 1765 762 1798 θεῖος,
776 1766 790 1792 ὁ
801 1766 836 1793 τὰ

42 1809 152 1835 τοιαῦτα
164 1809 355 1844 μυσταγωγὸς,
369 1809 486 1845 λαμπρᾷ
499 1811 533 1846 τῇ
551 1812 626 1846 φωνῇ
647 1810 834 1847 διαμαρτύρε-

41 1862 93 1882 ται.
109 1855 141 1881 Ei
158 1854 188 1881 δὲ
209 1862 248 1890 τῳ
268 1855 380 1882 κάκεῖνο
395 1856 407 1875 ¹ι
425 1855 508 1888 δοκεῖ,
528 1856 566 1888 ὡς
590 1856 686 1890 γένους
699 1857 749 1891 μὲν
762 1857 836 1884 Χαλ-

41 1899 122 1927 δαίων
150 1898 338 1935 ἐχρημάτιζεν
359 1900 486 1937 Ἀϐραάμ
499 1909 506 1917 δ
521 1901 552 1927 τὸ
573 1901 612 1934 δὲ,
641 1902 688 1928 καὶ
714 1903 835 1938 μητράσι

40 1946 86 1972 καὶ
105 1946 260 1981 θυγατράσι
280 1947 328 1973 καὶ
342 1946 473 1982 ἀδελφαῖς
500 1947 627 1984 ὲκθέσμῳ
643 1948 718 1984 νόμῳ
736 1957 834 1976 συναν-

41 1991 229 2026 εφύρετο.Ἱνα
241 1988 287 2018 οὖν
304 1991 341 2027 μὴ
357 1993 414 2024 τοῖς
441 1992 580 2028 πατρῴοις
606 1993 681 2020 ἔθεσι
701 1995 770 2029 μήτε
784 1994 834 2020 αὑ-

41 2037 94 2070 τὸς,
106 2037 177 2072 μήτε
193 2037 225 2063 τὸ
239 2037 268 2070 ἐξ
284 2036 367 2064 αὑτοῦ
378 2039 468 2071 γένος,
494 2039 714 2073 καταμιαίνοιτο,
737 2039 836 2074 τέμνε-

41 2090 93 2114 ται,
109 2082 190 2117 φασὶ,
206 2083 256 2116 τὴν
271 2083 456 2118 ὰκροὸυστίαν
469 2083 510 2115 είς
531 2083 660 2119 ἀθέτησιν
675 2084 725 2120 τῆς
741 2084 833 2112 τοιαύ-

40 2137 86 2164 της
100 2128 314 2165 ἀρῤητοποιίας,
325 2129 374 2156 καὶ
389 2129 496 2163 γίνεται
506 2129 583 2165 αὺτῷ
592 2130 642 2165 τῆς
653 2130 758 2162 οἰκείας
768 2139 834 2166 σαρ-

41 2173 85 2206 1b;
100 2175 117 2210 ἡ
130 2174 282 2209 περιτομὴ,
293 2174 426 2210 διαίρεσις
439 2175 490 2210 τῆς
502 2175 655 2211 προσεχοῦς
671 2176 833 2210 συγγενείας

41 2219 85 2245 καὶ
110 2220 286 2254 ἀποστροφὴ,
308 2219 358 2246 ὅσα
377 2227 410 2253 γε
425 2220 465 2251 είς
488 2220 598 2255 ὁμιλίαν
615 2220 750 2256 γαμικήν.
764 2220 833 2247 Οὐδὲ

41 2265 92 2300 γὰρ
104 2265 163 2292 οὐδ’
176 2263 212 2300 ἦν
226 2266 352 2300 φωρᾶσαι
375 2265 447 2297 τινὰ,
465 2266 535 2300 μετὰ
554 2265 604 2301 τὴν
619 2266 786 2301 περιτομὴν,
803 2266 832 2292 ὲν

39 2313 93 2343 τοῖς
109 2311 140 2344 ἐξ
156 2311 276 2346 αἵματος
295 2311 422 2347 Ἀϐραὰμ
441 2313 501 2343 ταῖς
520 2311 660 2344 τοιαύταις
683 2311 831 2347 ἑνισχημέ-

40 2366 82 2384 νον
98 2358 318 2394 ἀρῤητουργίαις
329 2365 337 2373 ο
353 2358 403 2393 τῆς
417 2358 573 2393 Χαλδαῖκῆς
592 2358 728 2394 ἀκρασίας
743 2358 831 2390 ἀδεῶς

40 2403 85 2430 καὶ
105 2403 333 2438 ἁνεπαισχύντως
353 2404 479 2439 μακροῖς,
498 2404 547 2430 καὶ
566 2403 635 2438 μετὰ
646 2402 744 2436 ταῦτα,
765 2403 830 2438 χρό-

38 2458 92 2481 νοις
106 2449 144 2476 τὰ
159 2448 275 2476 τοιαῦτα
294 2449 567 2485 δραματουργούσης.
587 2449 667 2476 Ἀλλὰ
686 2449 766 2476 τοῦτο
780 2449 831 2484 μὲν

37 2493 73 2526 ὡς
86 2494 166 2529 φίλον
183 2495 292 2530 ἑκάστῳ
305 2495 352 2521 καὶ
363 2494 498 2530 νομιζέτω
511 2503 518 2510 ο
531 2495 714 2531 ἀφορισθῆναι
739 2495 830 2530 μέντοι

38 2540 67 2567 τδ
88 2540 218 2575 Ἀϐραὰμ
246 2541 299 2568 ἔδει
330 2541 426 2575 γένος·
445 2541 553 2577 πρῶτον
574 2541 633 2576 μὲν,
651 2541 695 2567 ἵνα
719 2541 757 2577 μὴ
773 2542 830 2573 τοῖς

39 2586 129 2619 ἄλλοις
144 2586 253 2613 ἔθνεσιν
268 2587 496 2623 ἐπιμιγνύμενον,
516 2587 563 2613 καὶ
582 2587 655 2614 κατὰ
668 2587 766 2624 μικρὸν
775 2588 831 2619 τοῖς

39 2632 152 2659 ἐκείνων
168 2631 280 2664 τρόποις
295 2632 511 2668 ὑποωρόμενον,
535 2631 584 2666 τῆς
605 2639 636 2657 τε
658 2630 762 2661 οίκείας
787 2631 832 2657 εὑ-

41 2677 149 2710 σεὸείας
178 2677 362 2714 παρατροπὴν
399 2677 485 2713 πάθῃ,
514 2677 562 2704 καὶ
581 2677 637 2708 τοῖς
657 2676 769 2703 ἐκείνων
786 2675 833 2703 λα-

40 2726 142 2762 τρεὺσῃ
159 2726 343 2762 βδελύγμασιν
355 2734 362 2742 ·
377 2726 485 2759 ἒπειτα,
499 2727 543 2753 ἵνα
558 2726 607 2762 τῆς
626 2726 702 2758 θείας
715 2726 832 2761 ὑποσχέκ

886 1713 933 1741 Dei
949 1714 1054 1741 calculo
1071 1714 1215 1749 dependet,
1238 1720 1267 1742 ut
1282 1714 1384 1743 Paulus
1397 1716 1494 1744 harum
1511 1725 1603 1745 rerum
1617 1726 1677 1754 my-

885 1763 1017 1795 stagogus
1034 1759 1107 1787 clara
1123 1768 1190 1788 voce
1211 1765 1336 1789 testatur.
1351 1761 1489 1794 Ulterius,
1501 1767 1528 1790 et
1542 1763 1607 1790 illud
1621 1763 1677 1791 l'or-

887 1805 970 1832 tassis
983 1805 1108 1832 arriserit
1123 1806 1225 1838 alicui,
1245 1807 1318 1841 quod
1337 1815 1352 1834 c
1365 1812 1445 1842 gente
1461 1808 1587 1836 Chaldaca
1603 1810 1676 1838 orie-

887 1851 967 1878 batur
977 1851 1127 1884 Abraham,
1137 1851 1183 1879 ubi
1197 1852 1340 1885 matribus,
1359 1853 1477 1887 ﬁliabus,
1495 1859 1522 1882 et
1535 1856 1676 1884 sororibus

885 1897 919 1925 de
950 1898 1149 1925 consuetudine
1180 1898 1263 1933 impia
1301 1899 1447 1927 carnaliter
1478 1901 1675 1932 miscebantur.

884 1944 1037 1978 Quocirca,
1060 1951 1093 1972 ne
1107 1951 1156 1980 per
1176 1945 1283 1980 patulos
1307 1953 1396 1974 mores
1415 1947 1458 1974 vel
1474 1947 1588 1982 ipsemet
1607 1948 1670 1984 pol—

884 1990 1017 2023 lueretur.
1034 1991 1076 2019 vel
1092 1991 1127 2019 ab
1142 1991 1189 2019 illo
1204 1991 1411 2026 descendentes,
1427 1993 1676 2023 circumcidebatur

884 2037 909 2065 ei
921 2038 1096 2073 praeputium,
1113 2046 1169 2073 quo
1182 2038 1223 2066 sic
1237 2038 1363 2067 aboletur
1379 2040 1538 2075 hujusmodi
1556 2041 1675 2070 nefanda

885 2081 1046 2116 turpitudo,
1068 2086 1150 2118 atquc
1174 2084 1211 2111 ita
1233 2084 1408 2112 accrescebat
1428 2085 1454 2113 ei
1478 2093 1535 2114 sua:
1558 2087 1676 2122 propria:

884 2128 977 2155 carnis
994 2128 1170 2157 circumcisio
1181 2149 1188 2163 ,
1207 2133 1236 2157 ut
1257 2130 1358 2158 divisio
1374 2131 1409 2159 ab
1429 2131 1556 2161 amnibus
1568 2133 1627 2161 suis
1649 2138 1678 2161 et

884 2174 1096 2210 consanguineis
1106 2195 1113 2208 ,
1136 2183 1169 2203 ac
1184 2181 1316 2211 quantum
1331 2177 1364 2205 ad
1382 2178 1535 2206 maritalem
1550 2180 1675 2215 copulam

884 2220 1035 2254 spectabat,
1051 2221 1171 2249 aversio.
1196 2220 1255 2249 Non
1271 2221 1343 2249 enim
1369 2223 1410 2250 vel
1427 2222 1520 2250 furtim
1535 2225 1598 2259 quis
1615 2229 1677 2260 post

884 2267 1123 2294 circumcisionem
1134 2275 1150 2295 e
1157 2268 1291 2303 sanguine
1300 2268 1438 2296 Abraham
1448 2268 1568 2297 infandis
1579 2270 1675 2298 istius-

885 2313 958 2341 modi
978 2313 1177 2348 impediebatur
1191 2322 1198 2340 :
1216 2321 1279 2341 cum
1296 2314 1488 2341 Chaldaeorum
1505 2314 1617 2342 lascivia
1633 2316 1676 2343 af-

885 2359 962 2387 fatim
994 2363 1022 2388 et
1044 2360 1216 2396 impudenter
1238 2361 1272 2388 ad
1300 2361 1385 2388 multa
1410 2365 1472 2396 post
1495 2361 1554 2390 haec
1575 2363 1675 2390 sacula

885 2406 1105 2442 prostitueretur.
1122 2405 1174 2434 Sed
1187 2406 1295 2434 fruatur
1309 2407 1353 2434 hic
1364 2408 1481 2442 quisque
1490 2407 1593 2443 judicio
1605 2416 1673 2437 suo:

884 2458 958 2479 certe
975 2454 1034 2479 erat
1047 2459 1160 2480 necesse
1183 2455 1213 2479 ut
1228 2452 1376 2480 Abrahami
1396 2453 1540 2489 progenies
1563 2460 1674 2488 separa-

885 2502 961 2525 retur
981 2506 988 2525 :
1014 2498 1139 2533 inprimis
1152 2517 1161 2531 ,
1189 2505 1223 2526 ne
1241 2499 1371 2533 permista
1393 2499 1501 2527 caeteris
1517 2499 1675 2528 nationibus

884 2544 992 2573 illarum
1011 2545 1135 2573 moribus
1155 2545 1287 2580 paulatim
1307 2544 1507 2577 abduceretur,
1525 2545 1594 2573 l‘acta
1615 2547 1675 2582 pie.-

884 2591 950 2618 tatis
969 2591 1115 2627 cultusque
1130 2591 1283 2619 mutatione
1294 2611 1302 2623 ,
1320 2595 1347 2619 et
1363 2590 1400 2618 ita
1422 2591 1599 2618 exsecrandis
1615 2592 1665 2618 illa-

885 2644 946 2664 rum
970 2637 1057 2664 sacris
1079 2637 1240 2670 inserviret;
1263 2636 1400 2670 secundo,
1424 2640 1455 2664 ut
1480 2636 1676 2671 promissionis

885 2681 986 2709 divina:
997 2689 1132 2717 apparens
1153 2686 1181 2710 ct
1195 2682 1352 2718 cuicunque
1365 2681 1544 2718 intelligibilis
1565 2681 1627 2709 linis
1648 2686 1676 2709 et

885 2726 1017 2762 perfectio
1032 2727 1202 2762 redderetur,
1211 2727 1360 2766 Abrahami
1373 2727 1478 2756 semine
1503 2726 1532 2755 in
1550 2727 1677 2755 innumev

691 2815 810 2844 VARUS
831 2817 1033 2847 LECTIONES.

95 2871 104 2892 l
125 2866 156 2895 C.
173 2865 209 2896 Μ.
229 2867 276 2894 τὸν
288 2867 417 2902 Χριστόν.
457 2866 469 2886 ll
481 2867 513 2895 C.
534 2867 568 2894 Μ.
586 2866 680 2894 είδετω
698 2866 816 2894 κάκεῖνο.
