1873 3063
195 162 248 193 639

775 161 908 192 PIIOTII
927 161 997 192 PAT
1002 161 1180 192 RIARCHXE
1197 162 1250 192 (ΣΡ.

1779 163 1834 196 640

196 219 312 247 rabilem
327 218 526 246 multitudinem
548 219 732 254 multiplicato
759 223 787 246 et
802 224 977 247 excrescente

1086 228 1111 252 ος
1127 221 1251 254 ἐναργὲς,
1269 219 1315 246 καὶ
1331 220 1399 246 πᾶσι
1418 220 1558 255 γνώριμον
1580 219 1610 246 τὺ
1633 219 1720 256 πέρας
1737 219 1832 256 δειχθῇ

196 264 273 299 Quod
292 265 314 292 si
337 272 399 292 cum
422 258 529 292 caeteris
552 264 711 292 nationibus
728 265 852 299 permisti
871 265 990 293 mansiso

197 317 268 346 sent,
283 312 386 339 veritas
407 311 600 346 promissionis
617 311 764 346 adimplela
782 319 837 339 non
858 319 989 346 agnosce-

195 361 287 389 retur,
311 365 362 385 nec
383 356 529 384 multitudo
544 360 627 383 tanta:
643 360 716 383 esset
731 356 925 388 admirationi,
941 356 989 383 ubi

196 403 343 437 separatim
371 403 394 429 si
422 407 555 437 agerent,
583 406 611 429 ct
637 402 829 436 rempublicam
854 402 988 438 privatam

197 451 347 474 tuerentur.
363 445 468 478 Tertio,
486 446 559 480 quod
574 450 638 473 ante
656 446 723 473 alias
737 453 837 474 causas
848 450 987 479 censetur,

197 491 420 527 quandoquidem
430 491 476 519 Dei
492 492 590 519 dilecto
605 496 632 520 et
645 491 767 527 diligenti
777 491 990 520 Deum~Abraha3

147 577 149 579 η
195 536 306 574 pactum
328 538 416 566 fuerat
437 547 444 565 :
461 547 470 563 ι
482 537 510 565 In
527 539 632 566 semine
646 543 696 566 tuo
715 539 909 567 benedicentur
925 539 989 566 uni-

196 591 283 611 versa:
298 584 393 610 mundi
411 583 536 611 nationes
546 583 607 610 ⁷⁵⁸.»
620 583 676 611 Hoc
685 589 793 619 pactum
809 592 824 611 a
836 584 910 611 nullo
925 591 989 619 pro-

197 630 272 666 gredi
288 634 405 664 poterat,
420 638 506 665 quam
527 639 541 658 a
556 630 704 658 Conditore
715 651 722 662 ,
742 635 769 657 et
785 630 914 660 ineﬁ‘abili
939 638 988 658 sua

196 676 366 711 providentia
385 675 488 711 ubique
513 675 612 703 diﬁusa
639 681 665 703 et
688 676 867 704 disseminata
893 684 989 704 omnes

197 723 393 758 complectente
407 732 414 750 :
431 723 586 750 communis
605 722 677 750 enim
690 722 835 749 Formator
848 722 921 750 solus
938 730 988 757 po—

198 773 267 796 terat
304 773 357 796 tam
385 776 559 796 communem
593 768 808 796 benedictionem
842 768 987 802 impertiri.

199 815 365 848 Enimvero,
390 823 453 842 eum
477 815 527 842 hoc
553 814 644 850 ipsum
664 814 836 842 Provisorem
860 814 936 841 illum
954 814 988 841 ad

198 862 418 890 incarnationem
433 881 441 894 ,
466 861 540 897 quod
569 861 719 889 maximum
739 866 802 894 est,
816 861 987 894 destinaret;

1042 266 1082 298 εἰς
1097 265 1284 302 ἀναρίθμητον
1298 265 1402 301 πλῆθος
1417 265 1463 293 τοῦ
1477 266 1508 298 ἐξ
1527 266 1656 301 Ἀϐραὰμ
1674 266 1834 302 σπέρματος

1041 310 1246 347 πληθυνομένου
1262 312 1309 338 καὶ
1324 310 1461 344 αὕξοντος.
1476 311 1514 338 Οὐ
1532 310 1588 347 γὰρ
1602 313 1636 338 ἂν
1660 311 1761 346 ὁμοίως
1775 313 1835 343 τοῖς

1041 354 1132 386 ἄλλοις
1147 355 1237 381 ἔθνεσι
1255 356 1475 391 συμφυρομένων
1491 356 1521 382 τό
1536 364 1567 382 τε
1593 356 1643 391 τῆς
1666 356 1836 391 ἐπαγγελίας

1040 400 1156 434 ἀψευδὲς
1177 400 1352 435 ἐγινώσκετο,
1368 401 1415 427 καὶ
1428 401 1459 427 τὸ
1473 401 1520 428 τοῦ
1547 401 1667 438 πλήθους
1679 404 1835 438 παράδοξον

1041 446 1223 482 ἐθαυμάζετο,
1237 447 1331 482 ὥσπερ
1345 447 1408 474 καθ’
1425 447 1539 479 ἑαυτοὺς
1568 449 1616 475 καὶ
1642 449 1835 485 ἀφορισμένην

1041 493 1091 527 τὴν
1107 492 1244 519 πολιτείαν
1256 494 1382 528 ἑχόντων.
1400 494 1455 521 Καὶ
1470 494 1573 529 τρίτον,
1591 494 1605 520 ὃ
1618 494 1665 521 καὶ
1677 495 1732 521 τῶν
1743 495 1834 522 ἄλλων

1041 537 1115 563 ἔστιν
1146 537 1210 564 ίδετν
1237 538 1418 570 αἰτιώτατον,
1442 539 1558 575 ἐπείπερ
1583 540 1775 575 ὑπεσχημένον
1799 539 1836 576 ἦν

1041 582 1080 618 τῷ
1091 582 1212 617 θεοφιλεῖ
1235 584 1371 619 Ἀδραὰμ,
1388 585 1417 610 ὲν
1430 585 1470 620 τῷ
1486 586 1624 620 σπέρματι
1640 586 1723 613 αὑτοῦ
1744 586 1838 614 πάντα

1039 628 1075 655 τὰ
1098 629 1162 664 ἔθνη
1182 629 1423 665 εὐλογηθήσεσθαι.
1451 630 1537 657 Τοῦτο
1551 630 1580 657 δὲ
1592 631 1625 657 δι’
1640 632 1837 663 οὐδενὸς-ἄλλου

1039 674 1152 701 δυνατὸν
1162 673 1196 710 ἦν
1212 674 1365 710 προελθεῖν,
1382 675 1438 702 ἀλλ’
1456 675 1473 711 ἢ
1487 675 1522 701 δι’
1537 675 1620 702 αὑτοῦ
1637 677 1683 703 τοῦ
1697 678 1744 704 καὶ
1761 678 1837 705 πλᾶ-

1040 729 1146 753 σαντος,
1163 721 1210 747 καὶ
1226 722 1256 747 τὸ
1267 722 1316 757 τῆς
1331 722 1461 757 προνοίας
1481 722 1601 756 ἄφατον,
1620 723 1701 758 μέχρι
1719 723 1767 750 καὶ
1784 724 1838 750 αὑο

1039 766 1094 793 τῶν
1128 767 1182 794 τῶν
1209 768 1256 794 ἐπὶ
1285 768 1336 802 γῆς
1352 768 1493 800 καθιέντος
1508 770 1555 795 καὶ
1574 769 1715 804 ἐκχέοντος
1725 778 1731 784 ·
1747 771 1761 797 ὀ
1777 770 1836 804 γὰρ

1040 814 1129 845 κοινὸς
1141 815 1266 850 Πλάστης
1282 814 1363 847 αὐτὸς
1375 815 1493 848 ,δυνατὸς
1510 817 1589 851 μόνος
1605 817 1653 843 καὶ
1673 817 1766 852 κοινὴν
1783 818 1837 853 τὴν

1041 860 1168 895 εὐλογίαν
1181 861 1354 896 χαρίζεσθαι.
1379 861 1462 894 ⁸Αλλ¹,
1487 863 1581 898 ἐπειδὴ
1606 863 1684 890 τοῦτο
1707 865 1789 891 πάλιν
1805 866 1838 891 ea

200 908 290 944 (quod
308 909 342 936 ab
359 908 434 936 omni
458 896 532 936 retro
546 907 699 935 atteruitate
715 907 809 935 divino
826 912 853 935 et
875 908 977 935 ahseon

1086 915 1174 941 γιστον
1186 907 1236 942 τῆς
1253 908 1317 942 περὶ
1330 908 1404 943 ἡμᾶς
1419 910 1549 945 προνοίας
1568 896 1608 942 είς
1624 910 1838 946 ἐνανθρώπησιν

197 955 256 982 dito
273 958 340 982 nutu
356 954 537 982 ordinabatur
551 953 570 990 :)
592 954 653 982 ideo
673 961 760 989 genus
775 954 891 981 Abrahae
911 961 990 988 sepa-

198 1005 285 1033 ratur,
301 1005 329 1028 et
341 1008 356 1028 a
370 1001 564 1028 commistione
577 1000 706 1028 eximitur
716 1000 831 1028 aliarum
848 999 970 1035 gentium
982 1008 989 1026 :

198 1052 228 1075 ut
242 1047 356 1075 Greater
379 1052 406 1075 et
430 1047 564 1075 Dominus
585 1051 714 1075 naturam
740 1051 861 1074 nostram
887 1055 921 1074 ex
945 1047 990 1074 illa

198 1093 283 1128 stirpe
300 1097 466 1124 assumeret,
480 1097 508 1120 et
520 1093 646 1120 sitniliter
662 1101 695 1120 ac
711 1100 760 1120 nos
774 1093 866 1120 carnis
882 1097 910 1119 et
925 1101 991 1120 san-

198 1139 289 1174 guinis
304 1139 440 1174 particeps
456 1139 552 1172 ﬁeret,
572 1147 628 1173 quo
642 1139 714 1174 pacti
729 1143 755 1166 et
775 1139 903 1173 promissi
918 1138 988 1166 veri-

197 1191 238 1214 tas
253 1186 380 1213 omnibus
394 1186 528 1218 numeris,
542 1186 614 1220 apud
627 1193 722 1213 omnes
733 1189 988 1213 consummaretur:

197 1240 296 1266 nempe
311 1232 421 1260 Christo
439 1232 493 1259 Deo
517 1236 632 1263 nostro,
655 1231 682 1258 in
706 1239 762 1267 quo
782 1237 874 1267 gentes
895 1239 990 1259 omnes

198 1278 398 1307 benedictionis
416 1286 464 1313 per
479 1278 596 1313 gratiam
612 1277 761 1313 participes
778 1278 865 1310 ﬁunt,
885 1285 901 1305 e
917 1278 991 1304 lum-

193 1324 241 1361 Ibis
255 1324 327 1352 illius
344 1332 391 1359 per
410 1324 546 1359 principia
577 1324 760 1358 generationis
787 1324 914 1351 humana:
941 1323 991 1350 dc-

194 1360 354 1397 iiscendente.
371 1368 460 1404 Atque
478 1368 534 1396 ιιωο
550 1368 658 1403 quidem
676 1368 819 1401 hactenus,
837 1368 988 1396 secundum

198 1415 308 1451 pietatis
329 1422 439 1442 sensum
457 1423 463 1441 :
492 1414 559 1450 quin
572 1419 599 1442 et
619 1414 684 1442 illud
705 1414 754 1441 tibi
777 1414 859 1441 etiam
887 1413 992 1448 liquere

198 1461 327 1491 arbitror,
339 1460 412 1495 quod
424 1460 597 1488 circumcisio
608 1459 701 1487 divino
712 1459 771 1487 viro
781 1459 898 1486 Abrahae
907 1466 991 1486 causa

199 1513 372 1541 nequaquam
387 1506 450 1533 ﬁdei
467 1505 567 1538 fuerat,
581 1513 632 1533 nec
644 1505 690 1533 illa
707 1505 858 1533 secundum
873 1504 934 1532 lidei
947 1512 991 1531 or-

1041 952 1086 979 τὸν
1105 953 1262 989 Προνοητὴν
1286 954 1380 980 ὲκὰλει
1402 954 1484 990 (οὕτω
1508 956 1563 991 γὰρ
1593 956 1696 983 ἄνωθεν
1717 958 1766 983 καὶ
1779 957 1838 992 πρὸ

1040 999 1095 1025 τῶν
1111 999 1217 1027 αἰώνων
1226 1001 1282 1031 τοῖς
1307 1000 1391 1034 θείοις
1422 1001 1470 1028 καὶ
1492 1002 1662 1038 ἀπορρήτοις
1677 1003 1839 1037 προώριστο

1041 1045 1189 1081 νεύμασι).
1208 1046 1252 1073 διὰ
1277 1047 1359 1074 τοῦτο
1378 1047 1408 1074 τὸ
1431 1047 1611 1083 Ἀϐραμιαῖον
1635 1049 1714 1082 γένος
1737 1049 1838 1084 ἀφορί-

1042 1091 1127 1123 ζεται.
1148 1090 1196 1117 καὶ
1212 1091 1267 1117 τῶν
1282 1091 1369 1118 ὲθνῶν
1383 1091 1438 1118 τῶν
1454 1091 1541 1118 ἄλλων
1552 1092 1602 1126 τῆς
1618 1092 1760 1127 ἐπιμιξίας
1775 1092 1837 1119 δια-

1041 1136 1184 1172 κρίνεται·
1201 1136 1244 1162 ἵνα
1256 1135 1302 1162 τοῦ
1315 1136 1490 1172 Δημιουργοῦ
1502 1137 1548 1163 καὶ
1558 1137 1694 1163 Δεσπότου
1705 1136 1755 1172 τὴν
1763 1138 1838 1172 ἠμε-

1040 1182 1124 1218 τέραν
1142 1182 1222 1218 φύσιν
1237 1183 1268 1215 ἐξ
1287 1182 1368 1210 αὑτοῦ
1387 1183 1662 1219 προσλαμϐάνοντος,
1679 1184 1727 1210 καὶ
1740 1191 1838 1218 παρα-

1042 1228 1165 1264 πλησίως
1185 1230 1252 1265 ἡμῖν
1282 1230 1384 1265 σαρκὸς
1417 1230 1611 1262 κοινωνοῦντος
1634 1230 1681 1256 καὶ
1705 1230 1840 1264 αἵματος,

1042 1274 1170 1310 ἐπίδηλόν
1187 1284 1216 1301 τε
1231 1275 1291 1302 λίαν
1316 1275 1364 1302 καὶ
1386 1276 1537 1310 περιφανὲς
1558 1276 1645 1302 ἅπασι
1660 1276 1691 1302 τὸ
1703 1276 1754 1312 τῆς
1769 1277 1842 1303 ὑπο-

1043 1321 1163 1357 σχέσεως
1178 1321 1295 1356 ὰψευδὲς
1313 1323 1447 1358 καταστῇ.
1468 1323 1524 1350 Καὶ
1552 1323 1594 1350 ὅτι
1618 1323 1736 1358 Χριστὸς
1768 1323 1842 1355 Θεὸς

1041 1367 1131 1404 ἡμῶν,
1147 1369 1175 1395 ὲν
1189 1365 1211 1402 ᾧ
1227 1369 1316 1396 πάντα
1332 1369 1367 1395 τὰ
1382 1369 1445 1404 ἔθνη
1465 1370 1515 1405 τῆς
1530 1370 1558 1396 ὲν
1586 1369 1680 1405 χάριτι
1703 1370 1840 1404 εὐλογίας

1042 1413 1264 1449 κατηξιώθησαν,
1280 1415 1313 1441 ἐκ
1334 1415 1382 1450 τῆς
1397 1415 1499 1450 ὀσφύος
1523 1415 1628 1442 ἐκείνου
1656 1415 1705 1447 τὰς
1723 1415 1842 1451 πρώτας

1041 1460 1089 1487 καὶ
1111 1460 1286 1495 ἀνθρωπίνας
1316 1461 1403 1496 ἀρχὰς
1418 1462 1468 1489 οὐκ
1494 1461 1652 1497 ἀπηξίωσεν
1665 1461 1741 1497 αὐτῷ
1758 1462 1842 1496 γενέ-

1043 1505 1104 1532 σθαι
1118 1506 1168 1541 τῆς
1182 1506 1254 1533 κατὰ
1272 1506 1362 1541 σάρκα
1383 1508 1548 1542 γεννήσεως.
1569 1507 1650 1536 ’Λλλὰ
1675 1507 1765 1535 ταῦτα
1785 1508 1842 1543 μὲν

201 1552 293 1580 dinem
309 1552 415 1580 censeri
431 1552 546 1584 debeat;
563 1552 640 1587 prius
654 1551 808 1579 crediderat
825 1554 852 1578 et
866 1559 928 1578 cum
945 1551 980 1578 ill:

1086 1562 1090 1578 ι
1103 1551 1137 1579 τὰ
1149 1552 1271 1585 τοιαῦτα,
1289 1553 1315 1579 οἱ
1328 1553 1451 1585 εὐσεϐεῖς
1464 1554 1601 1589 λογισμοί.
1619 1555 1736 1581 Κάκεῖνο
1751 1555 1780 1581 δέ
1796 1564 1843 1582 σοι

199 1599 266 1626 ﬁdes
303 1598 423 1626 anterior
460 1598 530 1633 apud
566 1598 641 1625 illum
674 1598 840 1631 resedisset,
870 1597 990 1632 sigillum

199 1645 251 1672 hoc
278 1644 442 1680 impressum
469 1644 586 1678 accepit.
614 1642 757 1670 AlIirmare
786 1644 888 1679 igitur,
915 1644 988 1678 quod

200 1689 303 1717 idcirco
324 1690 487 1725 praeputium
511 1689 743 1722 abseindebatur,
760 1693 790 1716 ut
803 1689 921 1717 nudatus
941 1697 990 1716 na-

200 1737 337 1764 turalibus
355 1736 540 1767 ornamentis,
556 1735 654 1764 sordes
669 1735 796 1770 genitalis
813 1735 859 1765 illa
873 1736 990 1768 clueret,

197 1783 256 1810 scio
277 1789 397 1818 paganos
413 1786 440 1809 et
458 1781 569 1809 Judams
593 1790 600 1808 :
619 1781 665 1808 sed
689 1781 869 1808 deblaterant.
885 1781 989 1808 Contra
1004 1783 1007 1786 ‘

197 1835 266 1864 quos
274 1836 337 1855 eum
350 1828 432 1855 multa
441 1827 507 1854 mihi
520 1827 631 1855 dicenda
645 1831 801 1862 suppetant,
811 1834 872 1862 qua:
881 1827 989 1854 abunde

198 1873 325 1901 refellant
349 1875 420 1913 bapc
441 1873 589 1901 absurdam
607 1873 766 1908 opinionem
779 1893 787 1905 ,
806 1874 857 1901 hoc
876 1874 988 1901 unicum

197 1921 368 1958 edisseram,
385 1921 458 1955 quod
479 1927 532 1947 non
553 1919 689 1947 illibenter
710 1920 832 1947 audirem
852 1919 888 1947 ita
906 1919 988 1947 dicti-

198 1971 298 2000 tantes,
313 1967 337 1994 si
351 1970 446 1993 eontra
469 1965 571 1993 fontem
588 1965 743 1993 ellluxionis
761 1965 914 1997 seminalis,
925 1966 983 2000 gla-

197 2013 271 2040 dium
288 2012 328 2038 vel
345 2011 488 2039 cultellum
505 2010 658 2038 adhibitum
672 2011 814 2043 vidissent,
832 2011 874 2037 vel
892 2015 988 2038 contra

197 2063 320 2087 ventrem
333 2078 339 2090 ,
361 2065 444 2091 quem
463 2058 580 2092 plurima
600 2057 789 2090 tmmunditie,
805 2060 832 2083 et
846 2056 989 2084 abomina»

197 2107 244 2134 bili
268 2106 358 2132 adhuc
389 2105 476 2140 magis
515 2105 649 2132 repletum
671 2108 699 2131 et
731 2104 885 2138 subjectum
919 2108 989 2132 ster-

198 2156 276 2179 ιιυιιι.

1041 1598 1121 1634 δῆλον
1149 1597 1227 1634 οἶμαι
1255 1598 1434 1632 καθεστάναι,
1455 1599 1494 1632 ὡς
1516 1601 1566 1636 τὴν
1588 1600 1740 1636 περιτομὴν
1756 1602 1771 1628 6
1792 1601 1843 1629 θε-

1042 1644 1155 1675 σπέσιος
1175 1644 1312 1680 ’Λὸραὰμ,
1338 1643 1401 1671 οὔτε
1428 1644 1548 1677 πίστεως
1569 1645 1649 1680 ἔσχεν
1671 1645 1775 1677 αἰτίαν,
1807 1647 1841 1673 οὺ

1042 1690 1096 1726 μὴν
1114 1689 1168 1715 οὐδ’
1182 1689 1248 1716 αὺτὸ
1265 1698 1296 1724 γε
1312 1689 1392 1716 τοῦτο
1414 1689 1490 1722 τάξιν
1509 1690 1662 1726 ἐπέχουσαν
1690 1691 1816 1720 πίστεως
1827 1701 1836 1707 ·

1041 1735 1241 1771 προεπίστευσε
1270 1736 1334 1771 γὰρ,
1352 1735 1421 1763 ἀλλὰ
1443 1736 1495 1771 τῆς
1514 1736 1733 1772 προῦπαρξὰσης
1760 1737 1844 1772 αὑτῷ

1044 1783 1126 1818 μόνον
1152 1783 1289 1819 σφραγίδα
1312 1783 1414 1818 ταύτην
1437 1782 1558 1815 ἐδέξατο.
1575 1783 1611 1809 Τὸ
1628 1783 1720 1818 μέντοι
1735 1791 1769 1817 γε
1793 1783 1843 1810 λέ-

1042 1837 1113 1864 γειν,
1127 1828 1165 1860 ὼς
1180 1829 1224 1856 διὰ
1237 1829 1316 1856 τοῦτο
1327 1828 1503 1864 περιετμήθη
1520 1828 1571 1863 τὴν
1585 1829 1784 1863 ἀκροϐυστίαν,
1802 1831 1845 1862 ὡς

1042 1874 1075 1901 ἂν
1090 1875 1196 1909 γυμνὸν
1212 1874 1331 1909 γεγονὼς
1345 1875 1400 1902 τῶν
1427 1876 1458 1901 ὲκ
1475 1875 1583 1909 φύσεως
1609 1875 1843 1911 περιϐλημάτων,

1040 1919 1072 1946 τὺ
1095 1920 1253 1954 παιδογόνον
1276 1921 1331 1947 τῶν
1345 1921 1451 1947 ἐκεῖθεν
1472 1920 1567 1955 eam.»
1590 1921 1739 1958 καθαρεὺοι
1752 1942 1760 1954 ,
1779 1921 1846 1951 οἶδα

1044 1967 1094 2001 μὲν
1113 1966 1251 2002 Ἑλλήνων
1269 1968 1358 1999 παισὶ,
1375 1967 1421 1994 καί
1436 1976 1508 1994 τισιν
1527 1968 1662 1995 Ἰουδαίων
1676 1969 1846 2006 πεφλυαρη-

1044 2013 1135 2047 μένον.
1152 2012 1208 2038 Καὶ
1228 2012 1313 2047 μυρία
1331 2012 1423 2046 λέγειν
1433 2012 1502 2047 ἔχων
1514 2013 1583 2047 πρὸς
1594 2012 1695 2044 αὐτοὺς
1706 2013 1758 2048 τῆς
1773 2015 1844 2040 5:16-

1044 2068 1094 2086 που
1122 2058 1211 2094 δόξης,
1240 2059 1271 2085 τὸ
1300 2059 1353 2084 τῶν
1376 2058 1495 2093 ἐλέγχων
1514 2058 1630 2092 ἄφθονον
1651 2059 1843 2095 χορηγούσης,

1043 2106 1131 2132 ἐκεῖνο
1144 2105 1224 2140 μόνον
1239 2105 1303 2139 ἐρω,
1321 2104 1359 2135 ὡς
1374 2104 1459 2139 ἡδέως
1476 2106 1509 2131 ἂν
1528 2104 1618 2130 αὐτῶν
1628 2105 1726 2139 ἤκουον
1758 2106 1843 2132 τοῦτο

1044 2149 1190 2184 λεγόντων,
1203 2149 1227 2175 εί
1240 2149 1299 2176 κατ’
1312 2149 1398 2184 αὐτῆς
1413 2149 1468 2176 τῶν
1479 2148 1675 2184 σπερματικῶν
1688 2150 1842 2184 ῥευμάτων

197 2199 247 2234 τῆς
276 2199 379 2233 πηγῆς,
396 2198 504 2234 πρῶτον
530 2198 561 2225 τὺ
580 2197 656 2232 ξίιξος
681 2197 795 2224 ἔϐλεπον
813 2197 987 2233 φέροντας,ἢ
1009 2197 1079 2224 κατὰ
1092 2197 1245 2232 γαστέρων,
1256 2195 1290 2228 ἃς
1319 2196 1398 2223 αὐτοὶ
1425 2197 1531 2228 ἑαυτοῖς
1550 2197 1598 2223 καὶ
1621 2197 1752 2224 πλειόνων
1766 2198 1842 2224 ἀκα-

197 2247 317 2283 οαρπιῶν
332 2247 378 2273 καὶ
392 2246 468 2281 βδελυ
475 2246 602 2282 ρωτὲρων
614 2245 767 2280 ὑπονόμους
781 2245 981 2280 ὑπεστήσαντο.

250 2317 415 2351 ΩΗᾹΞΞΤΙΟ
435 2316 492 2345 CVI
524 2316 620 2353 [CoisL
638 2320 665 2343 ct
680 2315 763 2342 Taur.
780 2314 935 2350 CXXVIII].

222 2365 293 2398 Quid
314 2365 448 2400 signiﬁcat
477 2363 655 2390 redundantia
681 2362 753 2390 verbi
772 2362 830 2396 εἰμί
854 2361 968 2396 (suum?

1307 2315 1477 2343 sperum}:
1498 2316 1567 2348 ῐιςι.

1167 2363 1198 2391 Τί
1212 2362 1355 2397 σημαίνει
1370 2362 1389 2395 ὴ
1404 2360 1456 2387 τοῦ
1476 2359 1533 2395 εἰμὶ
1552 2359 1689 2394 παρολκή
1703 2367 1714 2391 ;

436 2421 507 2446 Edita
522 2427 536 2445 a
546 2420 705 2450 Montacutio,
719 2427 760 2450 ep.
772 2420 828 2450 208,
841 2420 873 2443 ad
894 2421 993 2445 Leonem
1004 2420 1103 2453 philos,
1115 2429 1139 2453 p.
1153 2421 1267 2446 505506.
1286 2421 1398 2451 Quaestio
1408 2419 1574 2451 grammatica.

231 2475 407 2502 Abumlantia
434 2474 510 2502 vocis
531 2473 602 2510 ειμι,
618 2482 686 2507 sum,
712 2474 738 2500 in
763 2474 916 2509 composita
931 2482 992 2502 ora-

199 2524 282 2555 tione,
297 2530 358 2550 cum
371 2523 532 2557 pronomine
542 2530 588 2557 ego
600 2521 784 2557 przecedente;
806 2521 936 2557 frequens
950 2526 993 2550 est

197 2570 225 2597 in
241 2569 342 2597 divinis
359 2568 482 2602 Litteris,
503 2576 554 2597 nec
571 2573 661 2596 tamen
688 2568 791 2596 crimen
808 2569 884 2596 subit
909 2569 992 2596 selte-

197 2616 277 2645 cismi
300 2625 306 2642 :
331 2615 354 2643 si
377 2615 410 2643 de
431 2615 483 2643 hoc
497 2615 617 2648 dubites,
648 2615 781 2652 recogita,
797 2614 884 2642 Ἔνιοί
908 2623 990 2647 τινες·

197 2664 272 2697 Σφᾶς
296 2662 417 2695 αὐτούς’
442 2662 578 2698 ’Δπῆλθεν
602 2661 683 2698 ἔχων,
700 2670 762 2697 qua:
784 2660 940 2689 redundant
962 2661 990 2688 in

197 2709 354 2737 Graecorum
371 2708 459 2741 libris,
485 2713 513 2737 et
527 2709 564 2736 ita
581 2709 682 2736 desiste
696 2707 861 2735 addubitare
884 2714 891 2733 :
917 2710 992 2742 patet

196 2755 280 2788 enim,
293 2756 364 2791 quod
373 2756 449 2788 ἔνιοι,
464 2763 525 2783 cum
541 2763 608 2784 voce
622 2755 704 2787 τινές,
716 2755 797 2789 σφᾶς,
810 2761 871 2781 cum
881 2754 991 2786 αὐτοὺς,

198 2809 252 2829 non
276 2802 380 2837 aliquid
405 2802 481 2829 aliud
507 2802 675 2838 signiﬁcant,
697 2808 780 2836 quam
797 2800 870 2836 quod
895 2799 993 2835 primis

231 2894 263 2911 "‘
280 2894 349 2922 Gen.
363 2901 412 2927 ιιι,
426 2893 454 2920 3.

1086 2476 1118 2503 'il
1134 2475 1181 2502 τοῦ
1195 2475 1254 2510 ειμι
1272 2474 1398 2511 παρολκὴ
1409 2494 1416 2507 ,
1434 2474 1482 2509 τῆς
1498 2472 1556 2507 ἐγὼ
1572 2471 1749 2506 ἁντωνυμίας
1769 2472 1845 2499 κατὰ

1045 2522 1172 2550 σύνθεσιν
1185 2521 1419 2559 προηγησαμένης
1429 2542 1436 2553 ,
1451 2519 1566 2555 σύνηθες
1581 2519 1631 2554 μέν
1649 2519 1707 2545 ὲστι
1725 2520 1759 2554 τῇ
1778 2519 1846 2554 θείᾳ

1045 2569 1160 2605 Γραφῇ,
1183 2569 1241 2595 ἀλλ’
1258 2567 1387 2603 οὐδεμίαν
1411 2567 1455 2594 διὰ
1471 2566 1551 2593 τοῦτο
1565 2565 1685 2592 σολοίκου
1711 2564 1846 2599 γλώσσης

1050 2614 1138 2641 αἰτίαν
1155 2614 1316 2650 παρέχεται.
1329 2614 1359 2640 Εἰ
1375 2613 1404 2640 δέ
1422 2621 1454 2647 γε
1466 2612 1676 2647 διαμφισϐητείς
1686 2632 1693 2644 ,
1707 2611 1845 2646 ἐννοήσας

1046 2661 1075 2688 τὸ
1089 2682 1096 2693 ,
1123 2661 1209 2687 Ἔνιοί
1235 2668 1307 2692 τινες
1324 2667 1331 2674 ·
1350 2660 1397 2686 καὶ
1414 2660 1462 2692 τὸ,
1488 2659 1561 2692 Σφᾶς
1585 2658 1699 2689 αὐτοὺς,
1714 2657 1763 2683 καὶ
1790 2656 1841 2690 τὺ,

1051 2707 1186 2742 ’Λπῆλθεν
1198 2706 1267 2741 ἔχων
1277 2726 1284 2738 ,
1296 2706 1314 2733 ὃ.
1330 2707 1387 2738 τοῖς
1408 2705 1572 2740 Ἑλληνικοῖς
1589 2703 1734 2735 πλεονάζει
1747 2703 1843 2737 γραμ-

1048 2761 1115 2788 μασι
1130 2773 1137 2786 ,
1163 2752 1261 2788 στῆσον
1279 2753 1377 2779 σαυτὸν
1387 2752 1439 2785 τῆς
1456 2750 1665 2786 ἁμιρισὸήσεως.
1682 2749 1769 2783 Δῆλον
1783 2747 1842 2782 γὰρ

1046 2798 1083 2831 ὡς
1097 2799 1144 2832 τὸ,
1163 2798 1260 2832 τινὲς,
1278 2799 1347 2834 μετὰ
1364 2797 1411 2824 τοῦ
1426 2797 1500 2825 ἔνιοι
1512 2817 1519 2830 ,
1542 2796 1588 2823 καὶ
1601 2796 1631 2822 τὸ
1645 2793 1729 2830 σφᾶς
1740 2815 1747 2828 ,
1770 2795 1842 2830 μετὰ
