1873 3063
51 138 100 171 ὃὶί

475 134 526 167 AD
539 134 836 168 AMPHILOCHIUM
850 126 1023 172 QUJEST'IO
1037 132 1246 167 CXVI-CVIII;

1636 138 1691 169 642

53 196 100 223 τοῦ
114 194 228 228 αὐτοὺς
241 215 248 227 ,
260 194 336 221 οὐδὲν
348 194 441 229 ἕτερον
455 214 465 225 ,
477 193 535 220 ἀλλ’
549 195 616 230 ὅπερ
631 194 742 229 ἐδήλουν
757 193 848 221 αὐτῶν
863 199 886 225 Α
900 193 976 221 νοςῆ

928 193 1015 221 >cibus
1028 193 1234 229 designabatur.
1245 193 1279 221 Et
1288 198 1362 229 patet
1375 194 1446 222 hanc
1462 202 1545 222 unam
1561 195 1621 223 esse
1630 203 1698 229 spe-9

26 235 32 246 ¹
50 245 77 270 al
89 242 313 278 προτεταγμέναι
324 241 488 276 σημαίνουσι
502 240 599 273 λέξεις.
613 240 650 266 Τὸ
662 241 690 266 δὲ
704 239 849 267 τοιούτων¹

50 288 162 322 εὔδηλον
174 307 182 318 ,
207 287 245 318 ὡς
263 287 313 322 μία
326 287 368 318 τίς
392 287 466 312 ἔστιν
485 286 541 313 ἰδέα
560 287 611 322 τῆς
633 286 775 321 παρολκῆς
802 286 850 313 καὶ

52 335 144 369 σχῆμα
155 334 247 368 λόγου,
260 332 318 360 ἀλλ’
335 333 365 359 οὐ
382 333 503 364 σόλοικος
517 331 614 366 ἄγνοια
625 340 634 348 '
645 333 693 359 καὶ
708 332 740 359 τὸ
749 352 756 364 ,
771 333 850 366 ἔχων

50 382 77 408 δὲ
95 380 226 411 πολλάκις
242 380 310 414 μετὰ
324 379 371 406 τοῦ
390 379 539 412 ἀπῆλθες,
563 379 580 415 ἥ
595 378 643 406 τοῦ
664 379 808 412 βαδίζεις,
831 379 848 415 ἢ

50 427 96 453 τοῦ
111 426 266 459 σπεύδεις,
279 426 326 452 καὶ
342 426 412 461 μετὰ
423 425 555 452 πλειόνων
566 424 669 457 ἄλλων,
680 426 710 452 ὲν
725 424 848 461 ὑποταγῇ

51 472 254 507 συντιθέμενον,
264 472 339 506 παρὰ
352 474 407 503 τοῖς
416 473 472 504 σοῖς
483 473 624 506 σοφισταῖς
634 471 711 498 οὐδὲν
719 471 788 503 ὅλως
799 479 849 507 σῃ·-

53 521 152 554 μαῖνον
166 519 335 553 εὑρίσκεται,
353 518 409 544 ἀλλ’
420 517 488 544 αὐτὸ
501 517 582 544 τοῦτο
597 517 738 554 παρολκῆς
751 516 849 552 ἐπέχον

52 565 142 591 τόπον.
150 563 182 590 Εἰ
188 564 216 590 δὲ
223 565 271 590 καὶ
282 565 379 598 ἐγγυτέ
384 570 432 598 ρας
442 563 531 599 βούλει
542 562 787 598 κατασιωηθῆναι
793 564 849 594 τοῖς

51 610 275 646 παραδείγμασιν
288 630 295 640 .
310 610 371 636 οὐδὲ
385 610 464 636 τοῦτο
482 611 610 644 παρήσω.
627 609 716 636 Αὑτοῦ
733 610 787 644 γὰρ
799 609 846 636 τοῦ

51 657 110 691 ειμὶ
133 656 184 691 τὴν
198 656 398 691 ἀπαρέμτρατον
413 655 536 690 ἔγκλισιν
549 675 556 688 ,
570 656 618 683 καὶ
628 657 678 692 τὴν
693 656 771 683 ἑκὼν
786 664 848 690 μετ-

51 702 117 738 οχὴν
131 722 139 733 ,
164 703 206 733 εἰς
226 703 337 737 μνήμην
364 701 518 737 ἀνειληφὼς
541 702 663 738 (καίπερ
685 702 771 736 ὀλίγοι
793 702 848 728 τῶν

59 747 238 773 Ἀττικιστῶν
249 767 257 778 ,
273 745 313 778 οἷς
337 747 387 773 οὐκ
406 746 464 773 ἔστι
479 747 509 773 τὸ
526 745 604 774 ἑκὼν
616 745 693 774 εἶναι
710 748 766 774 τῶν
781 756 847 782 συγ-

51 793 228 828 γραμμάτων
239 797 269 819 ὲν
286 793 368 829 μοίρᾳ
387 794 516 829 λαμπρσῦ
533 794 781 829 καλλωπίσματος)
792 816 799 827 ,
816 794 847 821 εὖ

51 838 101 866 οἶδ⁴
114 840 157 866 ὅτι
173 839 271 866 σαυτὸν
287 841 398 876 αἰτιάσῃ
409 861 416 873 ,
432 841 473 867 ὃτι
487 842 545 872 τοῖς
563 841 676 869 ἐκείνων
691 841 784 873 πόνοις
804 842 847 868 ὲν-

901 241 972 267 ciem
987 240 1116 274 parolcia:
1129 248 1176 268 seu
1194 241 1391 268 redundantias.
1407 241 1507 276 Figura
1525 247 1567 269 est
1590 243 1694 270 oratio-

900 286 954 318 nis,
979 292 1033 312 non
1061 286 1162 313 soloeca
1195 286 1357 321 ignoratio:
1377 293 1404 312 (ιι
1428 294 1500 322 stepe
1531 287 1601 322 ἔχων
1629 296 1691 316 cum

899 329 1021 365 ἀπῆλθες
1039 330 1179 357 substrata
1192 338 1246 357 vox
1257 330 1283 357 in
1296 331 1496 365 compositione
1506 333 1577 366 apud
1603 333 1692 366 sophi-

901 382 959 404 stas
983 381 1046 402 tnos
1070 377 1139 403 nihil
1159 376 1233 404 aliud
1255 381 1332 404 notat.
1355 384 1437 411 quam
1455 376 1580 412 βαδίζεις,
1607 377 1693 405 σπεύ-

898 423 965 455 δεις,
982 428 1047 457 etc.,
1064 423 1097 450 ad
1120 422 1237 450 formant
1255 422 1383 449 nimirum
1399 423 1548 458 παρολκῆς.
1575 423 1624 451 Sin
1641 432 1694 463 per

899 470 1034 498 viciniora
1048 470 1174 504 exempla
1194 471 1236 496 vis
1261 475 1290 496 ut
1305 469 1446 497 silentium
1461 469 1510 496 tibi
1525 469 1692 504 imponatur,

901 517 928 544 id
954 525 1008 544 non
1035 517 1252 552 praetermittam.
1270 515 1350 544 Vocis
1365 516 1424 551 εἰμὶ
1440 515 1606 543 inﬁnitivum
1629 524 1692 543 eum

899 563 1045 599 participio
1067 564 1093 590 in
1112 563 1275 590 memoriam
1290 570 1423 589 revocans
1440 562 1513 597 (licet
1535 563 1615 597 pauci
1637 563 1694 590 sint

899 611 970 637 inter
985 610 1138 642 Atticistas,
1152 609 1199 644 qui
1218 617 1271 636 non
1290 608 1361 635 ἑκὼν
1379 606 1460 640 εἶναι,
1482 613 1512 636 ut
1528 614 1693 636 ornamento

898 657 1030 684 orationis
1044 656 1182 690 utuntur),
1193 657 1262 688 scio,
1271 656 1389 691 teipsum
1398 657 1532 692 culpabis,
1545 657 1619 692 quod
1630 667 1693 685 cum

898 703 925 730 in
944 710 1040 730 eorum
1057 702 1169 737 scriptis
1184 707 1309 729 versatus
1326 702 1422 735 fueris,
1440 704 1485 730 ubi
1504 701 1575 730 εἶναι
1598 705 1693 739 serpis-

898 749 967 777 sime
977 749 1129 776 redundare
1138 749 1324 784 deprehendes
1334 749 1571 784 manifestissime,
1579 759 1630 778 nec
1643 751 1694 778 ali-

898 796 963 831 quid
979 795 1092 823 omnino
1102 795 1258 831 signiﬂcare
1269 815 1277 828 ,
1293 804 1378 824 ausus
1399 796 1484 824 fueris
1505 798 1692 825 solmcismum

899 842 933 870 iis
949 842 1094 877 imputare,
1111 842 1200 869 autin
1224 842 1283 878 ejus
1301 843 1395 870 venire
1410 843 1595 878 suspicionem
1610 843 1622 869 ?
1638 843 1694 871 Cur

51 885 157 920 ομιλῶν
168 905 175 917 ,
192 886 240 912 καὶ
254 885 284 912 τὸ
296 884 374 913 εἶναι
391 886 497 921 βλέπων
511 887 648 923 παρέλκον
661 887 752 919 αὐτοῖς
762 907 770 919 ,
783 894 849 922 τραέ
865 881 885 908 Β
900 888 976 923 igitm

929 888 1044 916 iturnon
1056 888 1177 915 metuisti
1191 894 1301 923 propter
1319 889 1394 916 vocis
1411 889 1470 924 ειμι
1484 889 1693 916 redundantiam

51 930 106 962 νῶς
124 930 268 966 πολλαχοῦ
283 952 290 965 ,
314 931 361 957 καὶ
387 931 465 958 οὐδὲν
482 932 578 967 νοῆσαι
600 941 607 947 -
628 932 768 968 τολμήσας
782 933 847 960 ποτὲ

50 977 206 1013 ὀνειδισμὸν
223 978 344 1005 σολοίκου
368 979 480 1014 φωνῆς,
496 979 513 1014 ἢ
543 980 672 1007 ὑπόνοιαν
697 981 789 1012 αὐτοῖς
816 979 847 1006 τὸ

50 1023 175 1049 τοιοῦτον
192 1024 336 1058 ὲμποιεῖν;
356 1025 414 1051 Οὐκ
439 1025 637 1061 ἑδυσωπήοης,
656 1026 701 1052 διὰ
724 1026 774 1061 τὴν
799 1026 846 1053 τοῦ

50 1069 111 1104 ειμι
129 1070 271 1105 παρολκὴν
281 1090 289 1102 ,
302 1070 350 1106 τὴν
361 1071 370 1106 (
380 1071 459 1107 ετπερ
474 1070 508 1108 ἦν
523 1073 610 1099 ταῦτα
631 1072 757 1108 γλώσσης
786 1073 846 1100 Ἐλσ

51 1115 159 1150 ληνίδος
175 1116 347 1153 ἁμάρτημα)
361 1117 462 1153 ὁμοίως
478 1117 620 1154 ἑκατέροις
636 1119 846 1155 ὲφαρμόζουσαν

50 1161 98 1187 τοῦ
128 1162 290 1195 σολοικίζειν
316 1165 442 1199 γραφὴν,
460 1164 554 1201 ὥσπερ
573 1167 605 1192 ἐκ
627 1165 765 1202 βαρϐάρου
784 1168 846 1194 ἐπι-

50 1207 193 1242 τάγματος
207 1210 279 1235 κατὰ
292 1210 376 1246 μόνης
388 1211 439 1246 τῆς
455 1211 531 1244 Θείας
543 1212 622 1247 ἡμῶν
636 1213 683 1239 καὶ
696 1213 846 1248 ἱερωτάτης

52 1254 89 1288 μὴ
105 1255 346 1289 καταψηφίζεσθαι
362 1257 489 1292 Γραφῆς;
509 1258 579 1284 Ἀλλ’
596 1256 643 1285 οὖν
658 1258 736 1290 εἰδώς
751 1267 798 1286 σου
815 1260 845 1285 τὸ

50 1300 98 1334 τῆς
113 1299 226 1335 γνώμης
239 1301 402 1334 ἀδέκαστον,
416 1302 528 1336 εὔελπίς
545 1304 604 1339 εἰμι
618 1304 665 1330 τοῦ
679 1304 773 1331 λοιποῦ
787 1324 795 1336 ,
812 1304 843 1330 οὐ

51 1346 132 1380 μόνον
149 1346 249 1381 μηκέτι
265 1356 294 1374 σε
309 1349 344 1375 τὰ
359 1349 472 1376 τοιαῦτα
489 1350 536 1376 ὑπ’
559 1350 651 1377 αἰτίαν
666 1351 733 1386 ὁρᾷ-ι
748 1359 755 1366 ·
772 1350 840 1378 ἀλλὰ

901 935 935 970 (si
949 938 1023 962 esset
1037 934 1065 961 in
1077 941 1206 962 sermone
1218 934 1314 962 ϐιαίου
1322 935 1489 970 peccatum),
1499 943 1559 970 quze
1570 936 1693 970 utrisqtte

900 981 1041 1016 competit,
1054 989 1086 1009 ac
1095 981 1118 1008 si
1136 981 1252 1009 barbare
1269 982 1438 1017 loqueretur,
1454 990 1561 1010 sacram
1579 984 1606 1008 et
1620 982 1693 1009 divi-

900 1035 964 1054 nam
982 1026 1153 1063 Scripturam
1170 1027 1321 1054 incusare?
1335 1027 1386 1055 Sed
1402 1036 1464 1055 cuin
1487 1026 1636 1062 intelligam
1650 1026 1693 1053 in-

900 1079 1062 1107 corruptum
1078 1077 1156 1100 tuum
1168 1080 1229 1100 esse
1242 1073 1388 1107 judicium,
1402 1081 1464 1108 spes
1473 1077 1597 1100 metenet
1608 1072 1690 1105 bona,

899 1123 925 1146 te
942 1119 1099 1154 ltujusmodi
1111 1119 1279 1146 locutionem
1293 1120 1394 1147 dehinc
1411 1128 1465 1147 non
1481 1120 1690 1146 incusaturum;

896 1166 944 1193 sed
964 1167 986 1193 si
1011 1166 1058 1201 qui
1077 1166 1131 1192 sint
1149 1166 1196 1200 qui
1211 1165 1278 1193 illud
1292 1166 1352 1194 ausi
1369 1166 1481 1199 fuerint,
1501 1171 1527 1193 te
1548 1165 1629 1193 facile
1644 1174 1691 1193 eos

898 1212 1048 1239 instructos
1062 1211 1089 1239 in
1103 1212 1175 1239 viam
1190 1212 1380 1245 reducturum,
1405 1220 1522 1245 quorum
1538 1212 1693 1247 ignorantia

897 1258 972 1294 (nam
989 1257 1111 1285 audacia:
1128 1261 1216 1285 mater
1233 1262 1276 1286 est
1296 1258 1460 1294 ignorantia)
1478 1258 1512 1285 ad
1537 1258 1589 1285 hoc
1609 1258 1692 1285 modo

896 1303 1112 1339 delinquendum
1142 1305 1216 1339 ipsos
1240 1304 1381 1337 excitavit,
1410 1309 1438 1331 et
1466 1304 1546 1339 quasi
1566 1304 1618 1331 alis
1649 1303 1693 1331 in-

895 1351 1004 1378 struxit.

50 1392 98 1419 καὶ
110 1393 137 1418 εί
150 1402 224 1425 τινες
239 1394 363 1430 τολμῴεν
379 1396 578 1432 παραπλησίως
595 1397 795 1433 ἐξαμαρτάνειν
810 1415 818 1428 ,
838 1397 937 1432 ῥᾳδίως
947 1397 1048 1429 αὐτοὺς
1066 1397 1221 1432 μεθέλκειν,
1235 1398 1280 1424 καὶ
1296 1397 1486 1424 ἀναδιδάσκειν
1508 1394 1545 1424 ὧν
1564 1398 1581 1426 ἡ
1597 1397 1692 1431 ἄγνοια

51 1434 179 1474 (θράσους
193 1441 249 1477 γὰρ
260 1442 366 1478 ἀμαθία
395 1443 510 1479 μήτηρ),
528 1445 568 1476 εἰς
581 1444 612 1471 τὸ
626 1443 798 1480 πλημμελεῖν
813 1445 912 1476 αὐτοὺς
927 1445 976 1471 ἁνε
987 1445 1088 1479 πτέρου
1103 1445 1150 1471 καὶ
1168 1445 1338 1481 ἀνηρέθιζεν.

329 1500 497 1529 ΕΡΩἸἩΣΙΣ
514 1502 576 1530 ΡΖ’.

51 1545 102 1573 Διὰ
112 1545 142 1573 τί
157 1545 368 1589 τῷιτληπαθεῐ
387 1547 528 1589 Ἠρακλεῖ
545 1548 579 1575 τὸ
591 1548 647 1589 τῇς
667 1548 845 1583 Ἀμαλθείας

175 1581 266 1615 κέρας
291 1583 319 1608 ol
338 1581 460 1616 ποιηταὶ
486 1581 722 1619 ἐγχειρίζουσιὴ

972 1502 1137 1536 ΟυΛΕΞΤΙΟ
1155 1502 1225 1530 CVII
1251 1502 1359 1538 [Coisl.,
1384 1501 1466 1530 Taur.
1498 1501 1630 1538 CXXIX].

920 1548 1120 1577 Curlabarioso
1140 1548 1251 1577 Herculi
1273 1554 1357 1581 νοεια·
1377 1549 1524 1576 Amuli/tete
1549 1549 1676 1576 cornuin

1165 1585 1288 1612 manibus
1303 1589 1402 1620 ponant
1415 1585 1427 1611 ?

183 1657 254 1682 Edita
267 1664 281 1682 a
293 1657 322 1683 Β.
337 1657 369 1682 de
380 1657 546 1687 Montfaucon,
558 1655 674 1682 Bibliotlt.
692 1655 767 1681 Coisl.
780 1662 804 1687 p.
816 1655 872 1685 567,
888 1655 916 1679 et
926 1661 940 1679 a
956 1654 1118 1684 Montaculio.
1132 1662 1174 1686 ep.
1184 1655 1241 1686 209,
1251 1655 1284 1679 ad
1299 1656 1408 1686 Leonem,
1422 1662 1446 1686 p.
1460 1655 1515 1685 506,
1527 1655 1580 1681 507.

91 1708 161 1736 Ἴσθι
174 1709 214 1741 ὡς
241 1710 270 1736 οὐ
293 1710 374 1745 μόνον
388 1710 427 1746 τῷ
443 1710 577 1746 τληπαθεῖ
610 1710 760 1746 Ἡρακλεῖ,
779 1710 847 1737 ἀλλὰ

55 1756 101 1782 καὶ
119 1755 160 1791 τῷ
175 1756 260 1792 λογίῳ
285 1756 372 1793 Ἐρμῇ
391 1757 421 1783 τὸ
446 1757 496 1791 τῆς
517 1755 682 1792 Ἀμαλθείας
706 1756 792 1792 κέρας
821 1756 846 1782 oi.

54 1803 163 1838 ποιηταὶ
186 1804 381 1839 ἐγχειρίζουσι.
401 1803 448 1839 Μὴ
461 1803 552 1830 τοίνυν
567 1803 722 1840 στρατείαις
737 1803 784 1830 καὶ
798 1795 849 1830 πόέ

53 1855 107 1880 νοις
133 1850 301 1884 σωματικοῖς
327 1849 387 1876 ὅλον
412 1850 525 1877 σεαυτὸν
541 1850 648 1882 διδοὺς,
675 1849 729 1876 τῶν
755 1849 848 1877 καλῶν

54 1895 224 1931 μαθημάτων
239 1895 375 1929 ἀφίστασο
388 1916 396 1926 .
412 1895 518 1923 ἐκεῖθέν
532 1904 574 1923 σοι
591 1896 686 1932 ῥεῦσαι
706 1896 787 1932 μόνον
797 1896 847 1931 τὴν

53 1942 224 1977 εὐδαιμονίαν
245 1942 292 1969 τοῦ
308 1942 366 1978 βίου
381 1943 505 1978 οἰόμενος
519 1950 527 1958 ο
546 1943 614 1970 ἀλλὰ
637 1944 684 1970 καὶ
698 1944 759 1975 ταῖς
775 1943 846 1977 ἡμε-

52 1987 142 2022 τέραις
152 1987 277 2021 εὐγενέσι
292 1987 419 2022 μούσαιςε
431 1988 460 2015 αἶ
477 1989 532 2015 τῶν
550 1988 710 2023 Ἐλληνίδων
719 1989 846 2016 τοσοῦτον

52 2033 243 2070 διαφέρουσιν,
268 2036 330 2062 ὅσον
373 2035 510 2070 ἐλεύθεροι
529 2035 624 2069 φύσεις
643 2036 744 2063 δούλων
769 2035 844 2071 nec»,

53 2081 96 2106 καὶ
110 2081 259 2112 κολακείας
273 2081 390 2116 ἀλήθεια
399 2101 407 2114 ,
417 2081 489 2108 δίδου
503 2081 555 2108 κᾶν
564 2083 593 2108 ὲν
615 2082 692 2117 μέρει
710 2082 743 2109 τὰ
756 2082 845 2117 σεμνὰ

52 2127 96 2152 καὶ
110 2127 179 2162 ἡδέα
194 2126 250 2153 τῶν
262 2126 394 2162 ᾀσμάτων
409 2127 574 2164 κατεπᾴδειν
595 2136 647 2154 σοι.
668 2128 704 2155 Τὸ
725 2128 774 2163 μὲν
789 2129 842 2164 γὰρ

58 2173 224 2207 ¹Λμαλθείιις
253 2173 337 2207 κέρας
359 2173 406 2199 καὶ
431 2173 470 2208 τῷ
487 2170 614 2209 Ἀχελῴῳ
638 2174 754 2209 ποταμῷ
770 2194 777 2206 ,
803 2175 844 2201 ὃτι

51 2220 97 2254 τὴν
112 2220 300 2254 ὑποκειμένην
317 2220 471 2256 περιῤῥέων
484 2219 578 2256 χώραν
597 2221 742 2256 πάμφορον
760 2220 844 2257 ἐργά-

50 2266 141 2298 ζεται,
170 2267 202 2293 τὸ
229 2275 350 2301 ποιητων
375 2267 525 2302 αὐτόνομον
536 2267 612 2299 ἔθνος
627 2268 744 2302 ἑτοίμως
767 2269 844 2303 χαρί-

49 2313 150 2344 ζονται.
166 2313 223 2339 Καὶ
246 2313 323 2339 οὐδὲν
337 2313 475 2348 ἀνθρώπῳ
491 2312 564 2348 μέγα
580 2314 674 2348 τυχεῖν
691 2310 728 2340 ὧν
742 2314 773 2340 ἐκ
794 2313 844 2348 φύ-

50 2367 115 2390 σεως
133 2360 191 2394 ἔχει
206 2359 254 2384 καὶ
268 2358 302 2384 τὰ
316 2357 419 2393 ἄψυχα.
435 2358 491 2393 Τὴν
505 2358 528 2384 δ’
544 2358 633 2394 ἀληθῆ
648 2359 695 2385 καὶ
709 2359 784 2385 θείαν
799 2359 843 2385 εὑ-

936 1709 1026 1742 Nosli,
1041 1718 1097 1737 non
1112 1710 1200 1737 solum
1221 1710 1360 1737 laborioso
1384 1709 1505 1742 llerculi,
1531 1710 1578 1737 sed
1605 1711 1689 1738 etiam

900 1757 1010 1784 erudito
1024 1756 1161 1784 Mercurio
1176 1753 1327 1784 Amalthea:
1348 1763 1434 1783 cornu
1445 1763 1540 1792 poetas
1555 1757 1581 1783 in
1599 1757 1690 1785 mani—

898 1801 949 1829 bus
964 1810 1076 1837 ponere.
1104 1801 1145 1829 Ne
1174 1802 1257 1837 igitur
1284 1803 1388 1830 militia:
1406 1803 1602 1838 laboribusque
1627 1811 1689 1830 cora

898 1848 989 1883 poreis
1004 1853 1091 1875 totum
1105 1852 1130 1875 te
1141 1847 1254 1881 dedens,
1273 1849 1376 1876 abonis
1387 1848 1541 1883 disciplinis
1557 1848 1687 1881 absislas.

897 1898 973 1920 ratus
991 1892 1067 1921 illine
1091 1896 1198 1919 tantum
1217 1893 1264 1920 tibi
1282 1891 1417 1920 orituram
1433 1894 1496 1920 vita:
1506 1893 1663 1921 felicitatem
1680 1902 1687 1922 :

896 1940 944 1967 sed
962 1939 1045 1966 etiam
1062 1939 1203 1966 nobilibus
1228 1940 1316 1968 musis
1333 1941 1445 1972 nostris,
1462 1949 1523 1975 quae
1552 1946 1656 1968 tantum
1673 1950 1689 1970 ει

897 1986 1068 2014 Grmcanicis
1083 1986 1138 2013 illis
1153 1985 1295 2021 ditl'erunt,
1312 1991 1446 2022 quantum
1472 1988 1565 2015 libera:
1586 1992 1689 2016 natura:

895 2040 911 2060 a
937 2033 1084 2061 servilibus
1107 2033 1255 2067 moribus,
1282 2038 1310 2060 et
1334 2033 1368 2061 ab
1397 2033 1553 2062 adulatione
1575 2035 1688 2066 veritas.

895 2080 1017 2107 concede
1033 2084 1062 2107 ut
1074 2079 1114 2106 vel
1132 2088 1164 2107 ex
1183 2085 1262 2115 parte
1276 2080 1390 2108 honesta
1408 2080 1559 2117 dulciaque
1579 2081 1688 2109 cantica

895 2125 943 2152 tibi
977 2125 1164 2153 modulantur.
1197 2126 1266 2153 Nam
1293 2125 1446 2153 Amalthea:
1484 2134 1571 2154 cornu
1604 2128 1688 2155 etiam

898 2172 1018 2200 Acheloo
1040 2171 1137 2205 ﬂuvio,
1165 2173 1230 2207 quia
1259 2171 1413 2207 subjectam
1443 2176 1542 2200 terram
1571 2173 1690 2201 circum-

894 2219 982 2246 ﬂuens
996 2219 1119 2246 feracem
1138 2219 1239 2250 reddit,
1253 2219 1336 2245 libera
1352 2223 1495 2254 poetarum
1512 2219 1587 2246 natio
1601 2219 1689 2246 libert-

895 2271 937 2293 ter
950 2265 1087 2293 attribuit.
1105 2265 1198 2301 Neque
1222 2265 1315 2301 magni
1334 2265 1465 2292 momenti
1484 2265 1588 2292 homini
1607 2274 1689 2300 repu-

895 2316 979 2344 tatur,
995 2319 1026 2339 ea
1048 2311 1157 2347 assequi
1174 2318 1235 2346 quae
1249 2311 1291 2337 vel
1309 2310 1458 2338 inanimata
1471 2310 1529 2345 ipsa
1541 2319 1573 2337 ex
1589 2316 1688 2339 natura

895 2357 1007 2385 habent.
1022 2357 1120 2385 Veram
1150 2362 1254 2388 autem,
1278 2356 1398 2384 divinam
1415 2361 1441 2384 et
1460 2357 1564 2383 homini
1579 2365 1686 2385 conve-

48 2404 191 2440 δαιμονίαν
209 2404 258 2430 καὶ
272 2404 410 2440 ἀνθρώπῳ
425 2404 599 2440 πρέπουσαν,
620 2405 667 2431 καὶ
683 2405 751 2440 πρὸς
775 2405 809 2439 ἢν
824 2405 841 2440 ἡ
859 2411 881 2439 ι)
898 2405 976 2432 ιιὶεηιι

928 2410 1017 2433 entetn
1038 2405 1210 2438 felicitatem,
1220 2407 1265 2432 cui
1282 2410 1442 2439 comparata
1457 2404 1600 2431 Amalthea
1614 2413 1688 2431 mor-

53 2449 203 2484 Ὰμάλθεια
214 2450 421 2485 παρατιθεμένη
432 2450 509 2481 νόσος
517 2450 566 2476 καὶ
578 2450 658 2477 πενία
672 2450 840 2486 εὑρίσκεται,

46 2495 74 2522 ἐκ
101 2496 193 2530 μόνων
206 2495 281 2522 ἐστιν
297 2495 352 2522 τῶν
379 2495 459 2522 θείων
479 2497 585 2530 Λογίων
603 2497 648 2523 καὶ
668 2497 718 2532 τῆς
738 2497 842 2523 ἐκεῖθεν

47 2542 182 2577 γεωργίας
208 2542 378 2578 ἀμήσασθαι.

323 2597 492 2625 ΕΡΩΤΗΣΙΣ
508 2598 571 2626 PH’.

46 2644 74 2670 Τί
85 2644 155 2671 ἐστι
171 2643 208 2671 τὸ
230 2643 380 2676 ἐξουσίαν
394 2644 551 2715 ἐχῗέήτὴν
564 2645 693 2680 γυναῖκα
716 2645 766 2672 ἐπὶ
781 2645 845 2680 tim

379 2688 435 2714 κερ
500 2689 519 2706 ν
527 2689 537 2712 ;

379 2688 537 2714 uagantur;

896 2451 949 2478 bus
971 2457 997 2478 et
1011 2456 1160 2486 paupertas
1184 2458 1246 2478 esse
1260 2450 1487 2485 deprehenditur,
1516 2458 1548 2477 ex
1570 2451 1635 2477 solts
1646 2451 1688 2478 di-

896 2498 968 2525 vinis
982 2497 1117 2533 EIOquiis,
1145 2505 1234 2532 exque
1257 2497 1426 2531 agricultura
1442 2497 1505 2524 inde
1516 2501 1624 2532 sumpta
1640 2497 1688 2524 de-

895 2550 996 2572 metere
1007 2545 1081 2573 licet.

963 2601 1130 2636 QUIESTIO
1149 2600 1229 2628 cvm
1249 2601 1344 2637 [CoisL
1357 2606 1381 2628 ei
1395 2600 1479 2626 Tuur.
1495 2598 1615 2635 exn].

892 2648 964 2682 Quid
976 2654 1014 2676 ιιςι
1029 2648 1165 2676 mulierem
1174 2647 1269 2674 habere
1283 2651 1439 2682 potestatem
1456 2646 1484 2673 in
1497 2652 1576 2672 caput
1587 2653 1665 2673 suum
1675 2646 1688 2672 ?

306 2725 379 2751 Edita
390 2733 404 2751 a
415 2727 573 2757 Montaeutio,
585 2734 624 2758 ep.
638 2727 693 2758 210,
705 2727 737 2753 ad
751 2727 875 2760 Eulamp.,
885 2735 911 2760 p.
922 2727 1037 2752 507-309.
1045 2726 1194 2758 Explauatio
1204 2727 1230 2750 in
1241 2725 1251 2750 ῐ
1262 2725 1318 2750 Cor.
1333 2732 1368 2754 ιι,
1379 2724 1418 2748 ιο.

76 2770 125 2803 Τὸ,
147 2770 278 2804 ἐξουσίαν
293 2769 367 2806 ἐχειν
399 2771 449 2806 τὴν
467 2772 586 2805 γυναῖκα
607 2771 653 2798 ἐπὶ
675 2772 724 2806 τὴν
752 2780 836 2806 κεφα-

930 2771 1010 2803 lllud,
1026 2780 1036 2796 ε
1054 2771 1196 2798 mulierem
1208 2769 1307 2797 habere
1322 2768 1419 2804 capitis
1436 2768 1477 2796 sui
1493 2771 1682 2804 potestatem.»

696 2829 813 2859 VARI/ﬁ
831 2828 1034 2859 LECTIONES.

96 2886 153 2915 ιο.
173 2886 209 2914 Μ.
226 2887 280 2914 555
298 2887 318 2914 ί.
339 2888 389 2914 130
417 2888 550 2914 munitm.

162 2933 302 2963 Ριιτιιοι..
323 2935 381 2964 t‘m.
400 2933 446 2963 Cl.

1505 2929 1540 2958 2i
