1873 3063
202 123 253 155 61.3

773 120 904 151 PHOTII
921 120 1172 150 PATRIARCHAE
1187 121 1241 150 (ΣΡ.

1764 113 1816 147 6H

201 187 267 210 non,
281 183 311 205 ut
336 176 422 212 prima
445 175 512 202 facie
525 175 608 202 verba
635 181 734 203 sonare
746 175 884 207 videntur,
905 175 940 202 ita

1077 184 1094 207 ι,
1124 175 1174 210 οὐχ
1191 174 1230 206 ὡς
1263 174 1294 200 τδ
1313 173 1457 210 ⁴;τρόχειρον
1480 171 1533 198 τῶν
1553 170 1682 207 ῥημάτων
1697 170 1768 196 νοεῖν
1780 169 1816 195 δί-

200 223 325 260 praesenti
350 227 463 256 usurpat
489 221 598 248 divinus
623 220 734 248 Paulus.
749 220 816 248 Cum
845 220 982 250 audimus,

204 279 214 296 ι
233 272 391 304 potestatem
421 267 531 300 habere,
570 276 579 292 ι
607 266 681 294 forte
704 266 917 294 dominationem
958 269 985 292 et

201 316 382 351 principatum
406 313 518 349 quidam
532 313 684 349 intelligent
707 321 714 340 :
735 317 764 340 at
777 312 822 340 ille
843 312 887 339 hic
906 321 915 338 ι
933 319 984 346 po-

198 366 326 390 testatem
352 360 453 387 habere
483 368 492 386 ι
523 359 600 394 ponit
625 367 675 394 pro
698 368 708 385 ι
737 359 815 387 subdi
839 364 867 386 et
889 357 985 392 subjici

201 406 339 442 potestati.
359 414 368 430 ι
387 404 478 439 thue
490 405 562 439 quod
575 405 674 432 dicitur
689 404 862 431 manifestius
885 403 943 436 fiat,
958 406 986 430 et

202 452 235 480 ad
254 452 369 479 aliorum
387 458 449 485 qua:
467 450 569 478 abiude
584 451 723 482 oriuntur,
743 450 927 477 dubitationes
941 457 986 476 so-

202 499 270 526 lutio
295 498 469 532 expediatur,
492 496 633 524 dicendum
653 505 659 523 :
684 495 775 523 Mundi
799 495 894 522 doctor
913 495 987 522 viros

203 546 275 571 inter
290 543 423 570 orandum
440 547 467 570 et
485 542 701 577 prophetandum
723 549 778 568 non
800 541 896 568 velatis
911 541 988 575 capi—

204 591 280 618 tibus
299 596 360 616 esse
379 588 446 621 vult,
473 588 601 615 mulieres
625 592 715 614 autem
742 586 847 614 velatis.
872 586 986 614 Causam

205 636 282 663 atl'ert
301 635 450 670 geminam,
472 642 521 661 cur
541 633 592 661 hoc
619 632 759 668 praecipiat
777 642 784 659 :
805 641 813 658 ι
834 631 881 659 Vir
907 636 989 667 caput

204 688 283 709 suum
300 679 396 711 tondit,
421 683 468 706 aut
493 679 575 706 etiam
605 678 687 709 radit,
705 686 714 703 ι
743 680 870 705 neutrum
899 676 989 704 facere

205 725 313 754 mulieri
329 725 506 760 permittitur.
533 725 574 751 ita
590 731 644 751 non
668 723 781 758 perinde
797 722 906 749 mulieri
927 722 990 749 licet

205 772 351 799 iuvclatum
367 774 458 805 caput,
475 775 504 797 ut
527 769 584 796 viro
618 769 690 796 licet.
712 767 761 795 Vir
777 777 787 794 ι
802 775 836 795 ne
851 772 929 802 caput
942 767 990 794 de-

205 817 324 848 decoret,
347 825 355 842 ι
375 823 428 842 non
443 815 518 850 tegit.
541 813 601 842 Non
629 818 672 841 est
698 814 772 840 enim
789 820 852 841 cum
885 812 990 840 ratione

206 862 392 897 conjunctum,
409 866 438 888 ut
450 868 512 888 cum
536 866 614 887 coma
634 859 756 891 tollatur,
782 865 865 894 quam
891 863 990 885 natura

206 907 290 938 dedit,
307 911 448 933 externum
471 905 622 932 asciscatur
643 904 844 939 operimentum
861 912 868 930 τ
882 902 991 930 mulieri

205 952 297 979 decori
325 956 367 979 est
395 951 614 986 operimentum;
641 954 722 984 caput
752 949 912 976 dehonestat
936 955 990 975 non

207 998 288 1025 modo
299 1002 388 1031 tonsa,
420 1004 494 1028 rasa,
516 997 564 1024 sed
589 996 671 1023 etiam
705 1003 759 1023 non
789 994 888 1022 velata.
915 993 992 1021 Licet

208 1043 281 1070 enim
295 1042 361 1070 illud
373 1047 471 1070 natura
487 1042 654 1075 institutum,
671 1041 723 1069 hoc
743 1045 833 1068 autem
863 1049 878 1067 a
900 1041 992 1068 mode-

210 1089 262 1116 stia
285 1093 313 1116 et
327 1089 430 1124 pudore
445 1089 481 1116 sit
498 1097 504 1116 :
518 1093 665 1123 utrumque
685 1092 774 1115 tamen
789 1087 885 1122 capitis
902 1087 993 1122 operi-

210 1139 330 1163 mentum
344 1139 385 1162 est
402 1144 409 1162 :
430 1139 458 1161 et
475 1134 557 1161 veluti
579 1141 640 1161 rasa
660 1133 785 1161 naturale
803 1133 914 1168 deponit
929 1139 993 1168 ope-

211 1182 359 1209 rimentum
373 1201 380 1213 ,
403 1180 443 1208 sic
463 1180 586 1215 inoperta
608 1179 718 1214 pudoris
741 1179 863 1206 velamen
887 1182 914 1206 et
934 1186 993 1205 mo-

190 1218 192 1220 I
213 1228 307 1256 destiae
319 1226 399 1258 tollit,
413 1231 509 1261 «atque
524 1226 560 1252 ita
577 1226 636 1260 pari
648 1229 756 1252 constat
769 1229 841 1252 statu
853 1231 916 1251 cum
932 1231 994 1251 era-

208 1281 251 1302 sa.
270 1283 279 1300 ›
292 1272 350 1301 Una
366 1272 447 1308 igitur
460 1275 488 1300 et
498 1271 593 1299 eadem
610 1271 724 1298 habetur
738 1277 831 1303 causa,
845 1277 894 1297 cur
909 1269 993 1297 velari

209 1319 307 1346 debeat
323 1317 388 1349 illa,
407 1317 459 1344 iste
478 1323 533 1343 non
553 1315 709 1348 item.lmo,
728 1322 757 1342 re
773 1319 912 1351 perspecta
932 1315 994 1342 dili-

209 1368 319 1399 genter,
338 1362 409 1389 haud
427 1362 480 1389 ista
501 1362 594 1389 subire
615 1368 704 1388 causae
720 1361 856 1388 rationem
872 1361 994 1394 dabunt;

211 1409 403 1437 refutationem
428 1415 492 1435 vero
506 1411 533 1435 et
551 1408 721 1442 negationem
733 1407 873 1435 continere
888 1415 993 1439 eorum,

213 1455 261 1490 qui
275 1458 406 1481 statutum
430 1453 585 1488 vituperare
605 1453 710 1486 volunt,
727 1456 754 1479 ct
772 1452 847 1487 paria
866 1452 995 1479 mulieres

217 1507 279 1527 cum
297 1498 363 1525 viris
380 1498 505 1525 factitare
527 1498 639 1530 volunt,
656 1502 798 1533 propterea
817 1497 889 1532 quod
912 1497 996 1524 utris-

216 1553 269 1580 que
282 1545 318 1572 sit
339 1549 440 1571 natura
463 1544 617 1571 communis
639 1553 645 1571 :
667 1544 713 1571 sed
735 1544 792 1571 sive
817 1551 928 1571 causam
956 1543 998 1570 in-

220 1592 332 1623 ducant,
347 1598 395 1617 seu
410 1589 628 1624 rcdargutioncm
641 1589 790 1617 tollentium
805 1589 924 1621 illorum,
940 1588 998 1616 haec

218 1643 309 1662 tamen
329 1642 362 1662 eo
376 1642 458 1661 sensu
469 1634 607 1661 dicuntur.
621 1633 787 1661 Sententiam
803 1633 915 1661 alteram
928 1633 998 1660 hanc

216 1684 341 1707 statuunt
357 1689 363 1707 :
381 1679 483 1707 Natura
501 1685 554 1707 stat
569 1684 599 1707 ut
621 1680 719 1707 mulier
733 1680 769 1708 sit
783 1680 905 1715 subjecta
917 1680 976 1707 viro
990 1689 997 1707 :

215 1733 278 1753 nam
296 1725 330 1752 ab
346 1726 394 1752 illo
413 1725 548 1760 originem
564 1729 642 1752 ortus
659 1725 701 1752 sui
717 1733 749 1753 ea
770 1725 883 1753 derivat.
907 1724 999 1752 Multis

214 1772 324 1808 quidem
337 1771 397 1799 aliis
409 1772 548 1806 imperitat
563 1772 605 1798 vir
619 1780 626 1798 ι
641 1771 857 1799 illustrissimum
874 1771 934 1806 ejus
949 1771 997 1798 ima

215 1820 321 1854 perium
341 1823 367 1845 ct
393 1822 517 1853 potestas
536 1817 636 1845 eximia
651 1823 694 1845 est
714 1817 741 1844 in
763 1818 914 1845 mulierem.
944 1816 1001 1845 lloc

215 1871 296 1892 sensu
314 1863 414 1892 dicitur
430 1872 438 1891 :
459 1863 532 1892 «Viri
553 1864 638 1899 gloria
652 1863 750 1892 mulier
766 1870 833 1892 est.)
852 1864 919 1892 Cum
936 1871 1001 1899 ergo

215 1912 386 1947 principatus
406 1910 458 1938 viri
481 1918 550 1945 apex
567 1910 667 1938 mulier
689 1910 743 1944 sit,
767 1910 885 1937 debitrix
905 1914 948 1937 est
970 1917 1001 1938 ea

215 1956 316 1988 facere,
333 1963 504 1991 quaecunque
520 1955 621 1989 virum,
636 1960 667 1982 ut
678 1955 839 1991 principem,
856 1955 1000 1982 honorent.

215 2003 309 2030 Faciet
329 2007 420 2029 autem
445 2001 548 2029 habens
568 2006 732 2036 potestatem
751 2001 838 2036 ipsius
855 2008 938 2035 super
958 2009 1003 2028 ca-

216 2053 286 2085 put,
303 2051 330 2074 et
348 2047 490 2073 declarans
505 2046 705 2081 subjectionem
716 2067 724 2079 ,
748 2046 775 2073 in
796 2053 829 2073 eo
845 2045 919 2080 quod
936 2053 1002 2080 pro-

216 2095 309 2130 prium
323 2097 403 2127 caput
415 2092 495 2125 velet,
515 2092 591 2119 illum
608 2097 700 2119 autem
714 2088 822 2126 reptitet
836 2091 896 2126 ejus
909 2096 1002 2126 caput,

217 2144 245 2167 et
267 2140 294 2166 in
317 2146 378 2166 eum
395 2138 554 2165 omnimodo
571 2143 701 2173 tanquam
724 2143 823 2172 caput,
840 2137 1002 2164 relationem

1034 221 1126 252 δωσιν,
1141 220 1212 246 οὕτω
1226 219 1273 246 νῦν
1285 220 1300 246 ὁ
1316 218 1458 249 θεσπέσιος
1476 217 1582 247 Παῦλος
1607 216 1740 251 ὲξείληφε.
1763 214 1817 241 Καὶ

1035 265 1100 300 γὰρ,
1124 264 1246 297 ἐξουσίαν
1263 263 1344 300 ἔχειν,
1372 261 1574 295 ἁκούοντεςάτδ
1600 260 1818 293 κατεξουσιάζειν

1036 311 1083 336 καὶ
1096 310 1233 346 κυριεύειν
1248 311 1312 341 ἴσως
1329 309 1400 340 τινὲς
1414 308 1588 342 ἐξακούουσιν
1601 315 1608 322 ⁸
1623 307 1705 337 αὐτὸς
1716 306 1745 332 δὲ
1759 305 1817 336 νῦν,

1036 355 1159 388 ἐξουσίαν
1168 357 1254 391 ἔχειν,
1280 355 1402 392 φησὶτὴν
1424 356 1552 389 γυναῖκα,
1575 354 1606 380 τὺ
1627 353 1671 380 ὑπ’
1694 351 1819 384 ἐξουσίαν

1038 402 1184 428 τάττεσθαι
1197 403 1244 429 καὶ
1260 403 1357 428 τελεῖν.
1377 401 1431 428 Καὶ
1445 401 1488 428 ἵνα
1510 400 1675 435 σαφέστερον
1704 398 1819 431 γένηται

1036 445 1066 472 τὸ
1082 444 1237 480 λεγόμενον,
1259 446 1306 473 καὶ
1320 446 1373 472 τῶν
1387 445 1475 472 ἄλλων
1491 445 1520 471 αἱ
1532 444 1635 475 λύσεις,
1651 443 1668 470 ά
1682 451 1723 469 σοι
1749 441 1820 468 κατά

1037 488 1068 514 τὸ
1096 489 1161 515 αὐτὸ
1179 489 1278 524 χωρίον
1306 489 1528 525 συνδιηπόρηται,
1550 489 1645 524 ῥητέον
1674 486 1819 513 ἐντεῦθεν·

1037 534 1107 566 Τοὺς
1119 534 1216 570 ἄνδρας
1225 535 1240 561 ὁ
1251 535 1298 570 τῆς
1308 535 1470 570 οἰκουμένης
1478 534 1636 566 διδάσκαλος
1648 533 1822 564 ἀκαλύπτους

1038 579 1110 614 ἔχειν
1124 579 1173 611 τὰς
1183 581 1304 614 κεφαλὰς
1317 582 1347 607 ὲν
1356 581 1395 616 τῷ
1417 580 1598 615 προφητεύειν
1614 588 1645 606 τε
1665 579 1711 605 καὶ
1735 587 1822 613 προσ-

1039 625 1166 660 εύχεσθαι
1179 625 1363 657 διατάσσεται,
1383 626 1432 656 τὰς
1452 626 1583 660 γυναῖκας
1596 625 1624 651 δὲ
1645 624 1825 658 κεκαλυμμέ-

1039 679 1098 702 νας.
1120 671 1173 697 Καὶ
1189 670 1296 706 τίθησιν
1309 671 1398 703 αίτίας
1411 670 1444 697 δι’
1458 670 1490 702 ἃς
1510 669 1589 697 τοῦτο
1607 668 1824 704 παρακελεύεται

1039 715 1131 748 διττάς
1143 724 1150 732 ·
1170 725 1179 741 ι
1200 716 1229 743 '0
1243 716 1322 751 ἀνὴρ,
1340 716 1419 751 φησὶ.
1434 715 1556 751 κείρεται
1571 715 1621 751 τὴν
1640 715 1762 749 κεφαλὴν
1778 715 1828 741 καὶ

1042 761 1155 796 ξυρᾶται
1168 769 1175 776 ·
1193 770 1202 786 ›
1220 761 1332 795 γυναικὶ
1346 761 1374 788 δὲ
1388 761 1441 787 οὐδ’
1453 761 1548 796 ἕτερον
1563 760 1665 787 τούτων
1681 761 1767 786 ποιεῖν
1781 759 1828 786 Θέ-

1043 816 1099 842 μις.
1125 806 1220 839 Οὕτως
1240 805 1286 834 οὖν
1307 808 1332 834 εί
1347 807 1394 833 καὶ
1419 808 1432 834 ὁ
1450 807 1518 842 ἀνὴρ
1539 806 1694 834 ἀκάλυπτον
1706 805 1763 840 ἔχοι
1777 805 1830 839 τὴν

1007 850 1029 878 Β
1041 853 1174 888 κεφαλὴν,
1189 853 1247 879 ἀλλ’
1262 853 1356 880 οὐκέτι
1368 852 1415 879 καὶ
1434 852 1545 887 γυναικὶ
1561 852 1720 887 τολμητέον.
1735 852 1764 878 '0
1778 852 1830 886 μὲν

1041 898 1106 934 γὰρ,
1123 898 1168 925 ἴνα
1188 898 1226 934 μὴ
1240 898 1342 934 ταύτην
1363 898 1496 933 αἰσχύνῃ,
1511 897 1641 933 φυλάττει
1659 897 1829 924 ἁκάλυπτον.

1041 944 1079 971 Οὐ
1094 943 1148 980 γὰρ
1159 944 1237 978 λόγον
1249 944 1305 979 ἔχει
1320 944 1369 979 τὴν
1383 944 1431 979 μὲν
1451 944 1552 979 κόμην,
1567 944 1600 978 ἢν
1618 943 1634 978 ἡ
1650 943 1731 978 φύσις
1751 943 1831 970 δίδω-

1047 999 1101 1022 σιν,
1123 991 1264 1027 ἁφαιρεῖνζ·
1281 990 1381 1022 ἔξωθεν
1393 990 1422 1017 δὲ
1439 989 1609 1025 περιϐόλαιον
1632 990 1765 1016 ἐπινοεῖν·
1779 997 1828 1022 γυ-

1042 1038 1117 1064 ναικὶ
1139 1036 1168 1063 δὲ
1182 1037 1261 1072 χρέος
1276 1036 1307 1062 τὸ
1326 1036 1475 1071 κάλυμμα·
1503 1034 1679 1070 καταισχύνει
1701 1035 1756 1070 γὰρ
1779 1036 1829 1070 τὴν

1043 1083 1165 1118 κεφαλὴν
1180 1083 1275 1118 αὐτῆς,
1289 1082 1384 1117 ὥσπερ
1397 1081 1540 1117 ξυρωμένη
1554 1090 1584 1108 τε
1604 1082 1651 1108 καὶ
1670 1081 1828 1117 κειρομένη,

1043 1128 1114 1155 οὕτω
1131 1128 1163 1164 δὴ
1179 1128 1226 1155 καὶ
1240 1128 1277 1164 μὴ
1298 1127 1501 1163 καλυπτομένη.
1523 1129 1554 1154 Et
1566 1128 1619 1162 γάρ
1636 1127 1682 1154 καὶ
1699 1127 1729 1153 τὺ
1746 1126 1796 1161 μὲν
1813 1128 1831 1162 ἡ

1044 1174 1125 1209 φύσις
1158 1174 1340 1210 προϐάλλεται
1354 1182 1361 1189 ·
1377 1174 1408 1201 τδ
1431 1174 1470 1205 δὲ,
1490 1175 1507 1209 ἡ
1522 1173 1638 1209 σώφρων
1657 1172 1737 1204 αἰδώς
1748 1181 1754 1186 ’
1771 1172 1831 1200 ἀλλ’

1043 1217 1090 1246 οὖν
1104 1220 1188 1255 ἄμφω
1199 1219 1322 1255 κεφαλῆς
1339 1219 1499 1255 περιῦόλαια
1510 1228 1517 1235 ·
1532 1218 1579 1245 καὶ
1592 1218 1686 1253 ὥσπερ
1698 1219 1715 1253 ἡ
1732 1217 1834 1252 ἐξυρη-

1045 1264 1114 1299 μένη
1130 1265 1162 1291 τὸ
1178 1263 1295 1298 φυσικὸν
1314 1264 1432 1291 ἀπέθετο
1457 1263 1649 1298 περιϐόλαιον,
1666 1262 1738 1289 οὕτω
1751 1263 1799 1290 καὶ
1815 1263 1833 1299 ἠ

1044 1309 1200 1341 ἀκάλυπτος
1216 1310 1266 1344 τῆς
1279 1310 1416 1345 σώφρονος
1430 1309 1520 1341 αἰδοῦς
1541 1310 1663 1345 περιεῖλε
1677 1310 1708 1336 τὸ
1725 1310 1833 1345 ἀμφία-

1046 1364 1112 1391 σμα,
1129 1355 1291 1389 καὶγίνεται
1307 1356 1378 1382 κατὰ
1397 1355 1477 1382 τοῦτο
1492 1356 1588 1382 ταυτὸν
1604 1357 1637 1392 τῇ
1660 1355 1831 1392 ἐξυρημένῃ.

1045 1401 1104 1428 Μία
1124 1401 1173 1436 μὲν
1187 1400 1233 1428 οὖν
1255 1402 1330 1428 αίτία
1350 1401 1398 1428 τοῦ
1420 1401 1469 1437 τὴν
1484 1401 1534 1437 μὲν
1549 1402 1604 1429 δεῖν
1624 1402 1836 1429 κατακαλύπτε-

1047 1450 1118 1483 σθαι,
1146 1450 1192 1476 τὸν
1218 1450 1246 1476 δὲ
1260 1449 1377 1484 μηκέτι,
1391 1449 1471 1484 αὕτη.
1490 1449 1599 1476 Μᾶλλον
1613 1450 1641 1476 δέ
1655 1459 1696 1481 τις
1711 1450 1837 1486 ἀκριϐῶς

1047 1495 1214 1527 ἐπισκοπῶν,
1243 1495 1304 1521 οὐδὲ
1327 1495 1416 1527 αἰτίας
1442 1495 1568 1523 ἀπόδοσιν
1578 1497 1637 1530 ὲρεῖ
1651 1495 1756 1522 ταῦτα·
1773 1497 1839 1523 ἀνα-

1048 1541 1151 1576 τροπὴν
1169 1541 1197 1568 δὲ
1228 1541 1274 1568 καὶ
1293 1541 1432 1576 ἀναίρεσιν
1448 1541 1502 1568 τῶν
1519 1541 1656 1568 αἰτιᾶσθαι
1683 1542 1733 1578 τὴν
1755 1551 1841 1578 νομο-

1050 1588 1143 1615 θεσίαν
1168 1587 1378 1623 ἐπιχειρούντων
1391 1607 1398 1620 ,
1414 1588 1461 1614 καὶ
1483 1587 1518 1614 τὰ
1536 1588 1605 1614 αὐτὰ
1627 1589 1683 1619 τοῖς
1705 1588 1841 1624 ἀνδράσιν

1049 1633 1196 1667 ἀξιούντων
1211 1634 1259 1661 καὶ
1280 1635 1309 1660 ὲν
1339 1634 1444 1665 τούτοις
1469 1633 1599 1669 πράττειν
1625 1635 1674 1665 τὰς
1703 1636 1842 1668 γυναῖκας

1049 1680 1094 1707 διὰ
1106 1680 1155 1714 τὴν
1168 1680 1312 1707 κοινωνίαν
1325 1679 1375 1715 τῆς
1394 1679 1512 1714 φύσεως.
1531 1680 1602 1706 Ἀλλ’
1618 1680 1672 1707 εἴτε
1685 1681 1771 1714 αἰτία,
1783 1682 1842 1708 εἴτε

1050 1726 1105 1753 τῶν
1124 1726 1293 1761 αἰτιωμένων
1310 1726 1431 1761 ἔλεγχος,
1450 1726 1564 1762 τοιαύτη
1579 1726 1612 1753 ἂν
1627 1727 1643 1762 ἡ
1659 1726 1762 1753 διάνοια
1784 1729 1842 1763 εἴη.

1051 1772 1186 1808 Δευτέραν
1209 1771 1236 1798 δὲ
1254 1772 1346 1807 τίρησι
1366 1773 1493 1807 τοιαύτην
1505 1780 1512 1788 ·
1530 1772 1562 1798 Ἢ
1581 1771 1660 1807 γυνὴ,
1677 1772 1754 1808 φησὶ,
1788 1774 1843 1800 ὑπὸ

1051 1818 1100 1854 τὴν
1111 1817 1236 1850 ἐξουσίαν
1250 1818 1355 1853 πέφυκε
1366 1818 1451 1845 τελεῖν
1462 1818 1509 1845 τοῦ
1520 1818 1617 1854 ἀνδρὸς
1627 1827 1635 1835 ·
1649 1818 1679 1851 ἐξ
1689 1819 1772 1846 αὑτοῦ
1787 1820 1843 1856 γάρ

1051 1864 1115 1899 ἔσχε
1130 1864 1201 1891 κατὰ
1217 1863 1329 1899 πρώτας
1344 1864 1392 1895 τὰς
1409 1863 1568 1898 σωματικὰς
1590 1864 1676 1899 ἀρχὰς
1694 1864 1744 1899 τῆς
1761 1865 1842 1898 γενέ·

1053 1918 1122 1940 σεως
1133 1917 1141 1924 ·
1158 1910 1205 1936 καὶ
1219 1908 1326 1935 πολλῶν
1340 1909 1391 1943 μὲν
1401 1909 1552 1941 ἐξουσιάζει
1568 1910 1615 1936 καὶ
1625 1909 1713 1936 ἄλλων
1723 1909 1737 1934 ὁ
1748 1909 1804 1944 ἁνή
1809 1919 1825 1945 ρ
1836 1918 1844 1924 ·

1052 1955 1082 1981 τὺ
1096 1955 1126 1981 δὲ
1138 1954 1306 1990 ἐνδοξότερον
1323 1953 1405 1981 αὐτοῦ
1431 1955 1479 1981 καὶ
1506 1954 1669 1991 τιμιώτερον
1693 1954 1744 1989 τῆς
1766 1955 1845 1988 ἐξου-

1054 2000 1115 2032 σίας
1128 1999 1175 2026 καὶ
1184 1999 1281 2034 ἀρχῆς,
1298 1999 1391 2035 ὴγυνή
1403 2000 1472 2026 ἐστι.
1485 1999 1569 2026 Τοῦτο
1581 2000 1635 2035 γὰρ
1645 1999 1735 2034 λέγει·
1747 2009 1757 2025 ι
1769 2000 1845 2035 Γυνὴ

1053 2045 1152 2078 δὲδόξα
1160 2045 1255 2080 ἀνδρός
1269 2046 1352 2072 ἐστιν.
1373 2054 1383 2071 ι
1407 2045 1483 2071 Ἐπεὶ
1491 2043 1538 2072 οὖν
1562 2045 1593 2072 τὸ
1609 2045 1780 2081 ἐνδοξότερον
1797 2048 1845 2073 καὶ

1054 2091 1253 2127 ὲπισ-ημέτερον
1267 2092 1316 2127 τῆς
1330 2091 1377 2118 τοῦ
1394 2091 1490 2127 ἀνδρὸς
1510 2091 1620 2127 ἁρχῆςή
1633 2092 1701 2126 γυνή
1716 2092 1787 2122 ἐστι,
1801 2101 1846 2118 κε-

1055 2137 1228 2173 χρεώστηκεν
1253 2137 1303 2163 ὅσα
1325 2137 1452 2171 τιμῶσιν,
1480 2136 1517 2168 ὡς
1547 2136 1645 2172 ἀρχὴν,
1678 2136 1724 2163 τὸν
1755 2137 1846 2172 ἄνδρα

218 2183 332 2211 habens.
350 2181 494 2218 lmpudens
507 2187 581 2210 certe
595 2187 623 2210 et
639 2183 776 2217 ingratqu
792 2190 861 2218 opus
877 2187 930 2216 est,
948 2191 957 2210 Ι’

1105 2183 1195 2210 ἱττειν.
1213 2183 1330 2218 Πράττοι
1344 2182 1366 2208 δ’
1382 2182 1415 2209 ἆν
1429 2183 1528 2217 ἔχουσα
1545 2183 1594 2217 τὴν
1612 2183 1737 2216 ἐξουσίαν
1758 2183 1844 2210 αὐτο-Ξ

218 2237 365 2266 agnoscere
386 2230 462 2257 illum
479 2230 648 2265 principium
665 2232 692 2256 et
713 2236 824 2256 causam
845 2237 903 2256 sua:
928 2230 1002 2256 exsi-

219 2276 325 2304 stentia:
337 2296 353 2308 ,.
364 2281 390 2303 et
410 2279 439 2303 ut
457 2275 576 2310 principi
592 2275 726 2302 honorem
744 2274 882 2302 tribuere:
898 2275 922 2302 si
937 2275 1005 2302 nihil

219 2323 306 2356 aliud,
324 2330 386 2358 quae
404 2323 489 2350 multa
505 2325 585 2354 sunt,
601 2322 747 2356 recogitet,
768 2321 791 2349 si
804 2321 937 2349 detractet
954 2322 1005 2349 viri

219 2370 246 2396 in
270 2377 299 2396 se
321 2368 483 2403 imperium,
508 2371 536 2394 et
560 2375 637 2395 suam
657 2367 864 2402 subjectionem.
887 2368 923 2395 At
940 2375 1005 2396 vero

220 2415 345 2448 angelos,
357 2413 445 2448 inquit
457 2433 465 2446 ,
484 2417 568 2440 testes
582 2421 639 2440 suae
656 2421 672 2440 a
682 2414 743 2440 viro
757 2413 881 2448 originis,
896 2421 1004 2448 aequum

219 2464 262 2488 est
274 2464 304 2487 ut
326 2464 429 2486 metuat
443 2466 475 2485 ac
490 2464 657 2492 revereatur,
678 2464 706 2487 et
726 2463 837 2494 propter
854 2460 916 2487 illos
931 2461 1005 2487 vela~

219 2511 341 2533 mentum
349 2504 446 2539 capitis
459 2509 567 2540 gestare
579 2505 606 2532 in
621 2507 728 2541 signum
744 2512 800 2533 suae
814 2506 1004 2540 subjectionis.

221 2549 289 2576 Nam
305 2549 357 2576 hoc
373 2548 513 2576 declarant
536 2549 605 2576 illa:
628 2549 779 2582 «Quocirca
805 2549 886 2576 debet
907 2550 1006 2577 mulier

222 2598 388 2630 potestatem
404 2594 504 2622 habere
521 2595 548 2622 in
565 2595 655 2630 capite
665 2616 672 2629 ,
685 2600 796 2630 propter
810 2595 932 2630 angelos.
946 2604 955 2620 ι
970 2595 1005 2623 At

221 2648 276 2668 non
297 2639 410 2675 perinde
431 2641 474 2668 vir
485 2641 580 2669 eadem
599 2642 657 2676 lege
673 2641 852 2676 subjectionis
875 2645 1003 2668 tenetur:

220 2691 276 2712 non
293 2689 334 2712 est
347 2692 416 2720 opus
432 2694 496 2721 ergo
514 2692 544 2714 ut
557 2692 639 2722 caput
653 2691 735 2723 tegat.
755 2687 811 2714 lmo
824 2694 899 2720 vero,
917 2688 1006 2722 inquit

221 2731 292 2766 quis,
309 2738 358 2758 cur
377 2731 435 2764 vir,
451 2733 498 2768 qui
516 2739 597 2768 caput.
611 2741 690 2760 suum
706 2733 846 2760 Christum
869 2733 965 2766 habet,
979 2738 1007 2761 et

218 2785 282 2804 cum
306 2777 344 2805 sit
366 2778 426 2812 ejus
450 2780 623 2814 principatus
649 2786 713 2814 pars
729 2779 928 2813 gloriosissima
954 2779 1007 2810 (est

216 2824 292 2851 enim
307 2824 349 2852 vir
369 2823 459 2860 imago
476 2831 503 2853 et
525 2825 613 2861 gloria
628 2824 674 2852 Dei
686 2845 694 2857 ,
719 2828 748 2852 ut
762 2828 789 2852 et
804 2824 902 2852 mulier
916 2824 1002 2859 ipsius

1055 2231 1102 2256 ἐπὶ
1115 2229 1246 2264 κεφαλῆς,
1266 2230 1313 2256 καὶ
1335 2228 1511 2255 ἐπιδεικνῦσα
1534 2229 1583 2264 τὴν
1595 2229 1735 2264 ὑποταγὴν
1754 2230 1786 2256 ὲν
1806 2230 1846 2265 τῷ

1055 2275 1204 2302 καλύπτειν
1220 2274 1270 2310 μὲν
1287 2274 1335 2310 τὴν
1354 2273 1421 2302 ἰδίαν
1434 2282 1440 2289 ·
1454 2275 1557 2301 ἐκεῖνον
1575 2274 1604 2301 δὲ
1620 2275 1742 2310 κεφαλὴν
1757 2276 1846 2310 αὐτῆς

1055 2321 1188 2357 νομίζειν,
1207 2321 1254 2348 καὶ
1272 2321 1312 2352 είς
1337 2321 1441 2347 ἐκεῖνον
1462 2320 1525 2356 ὃλην
1539 2320 1638 2356 ἑαυτὴν
1654 2320 1692 2352 ὡς
1706 2322 1747 2350 εἰς
1761 2330 1846 2356 κεφα-

1054 2367 1103 2402 λὴν
1114 2367 1303 2403 ἀναφέρουσαν
1325 2366 1492 2393 ἀνατιθέναι.
1516 2366 1706 2402 ’Δναίσχυντον
1718 2367 1774 2403 γὰρ
1797 2369 1846 2394 καὶ

1055 2412 1211 2448 ἀχάριστον,
1230 2412 1266 2447 μὴ
1282 2412 1342 2447 οὖχὶ
1354 2411 1451 2438 τοῦτον
1464 2412 1551 2447 ἀρχὴν
1568 2413 1616 2438 καὶ¹
1633 2412 1779 2447 παραίτιον
1794 2414 1846 2448 τῆς

1055 2457 1199 2493 ὑπάρξεως
1217 2457 1326 2488 εἰδέναι,
1337 2458 1384 2483 καὶ⁸
1395 2457 1444 2492 τὴν
1456 2458 1573 2493 άρχικὴν
1584 2457 1667 2492 τιμὴν
1682 2457 1845 2492 ἀπονέμειν.

1055 2504 1087 2530 Et
1103 2505 1156 2538 γὰρ
1178 2503 1224 2530 καὶ
1246 2503 1330 2539 μηδὲν
1351 2503 1456 2538 ἕτερον,
1479 2502 1583 2529 πολλῶν
1605 2503 1700 2535 ὄντων,
1715 2503 1847 2538 ὑπολογί-

1057 2549 1139 2583 ζοιτο,
1158 2549 1226 2585 μηδι
1251 2558 1326 2581 τινας
1341 2549 1500 2584 ,ἀνθρώπων
1521 2549 1676 2584 αίσχὺνοιτο
1692 2549 1743 2584 τὴν
1756 2551 1847 2586 ἀρχὴν

1056 2597 1149 2629 αὑτοῦ,
1163 2596 1211 2622 καὶ
1224 2597 1255 2623 τὺ
1271 2596 1453 2631 ὑποτετάχθαι
1473 2596 1676 2631 παραιτουμένη
1685 2603 1692 2611 ·
1704 2596 1774 2623 ἀλλὰ
1782 2597 1846 2627 τοὺς

1055 2642 1121 2676 γοῦν
1137 2642 1280 2676 ἀγγέλους,
1297 2643 1390 2677 φησὶν,
1405 2642 1430 2668 οῖ
1442 2641 1557 2668 ἐπόπται
1571 2642 1618 2669 καὶ
1638 2643 1776 2677 μάρτυρές
1791 2643 1846 2668 εὶσι

1056 2688 1106 2723 τῆς
1123 2688 1152 2721 ἐξ
1165 2688 1260 2724 ἀνδρὸς
1275 2688 1409 2722 γενέσεως
1423 2688 1509 2723 αὐτῆς
1531 2688 1578 2714 καὶ
1605 2688 1720 2723 προόδου
1730 2708 1738 2720 ,
1753 2688 1846 2715 δίκαια

1058 2734 1091 2762 ἂν
1103 2735 1144 2770 εἴη
1160 2734 1341 2761 δυσωπεῖσθαι
1355 2735 1401 2761 καῖ⁸
1426 2734 1601 2769 αἰσχύνεσθαι
1614 2753 1622 2766 ,
1639 2734 1800 2760 ὑπόκεισθαί
1816 2742 1845 2759 τε

1058 2779 1103 2807 διὰ
1119 2779 1199 2807 τοῦτο
1209 2779 1248 2815 τῷ
1260 2780 1348 2817 ἀνδρὶ,
1370 2780 1418 2807 καὶ
1434 2780 1484 2815 τῆς
1508 2779 1648 2814 ὑποταγῆς
1670 2779 1803 2815 σύμϐολα.
1815 2779 1847 2805 τὸ

1058 2826 1105 2853 ἐπὶ
1117 2826 1166 2861 τῆς
1181 2826 1303 2862 κεφαλῆς
1319 2826 1451 2862 κάλυμμα
1474 2826 1576 2862 φέρειν.
1597 2825 1683 2853 Τοῦτο
1705 2826 1761 2861 γὰρ
1782 2825 1847 2861 ἐδή-
