  <div class='ocr_page' id='page_1' title='image "/cluster/home/n/w/nwhite01/storage/ocr_20150623/101/njp.32101077772877/406.png"; bbox 0 0 1873 3063; ppageno 0'>
   <div class='ocr_carea' id='block_1_1' title="bbox 46 139 97 170">
    <p class='ocr_par' dir='ltr' id='par_1_1' title="bbox 46 139 97 170">
     <span class='ocr_line' id='line_1_1' title="bbox 46 139 97 170; baseline 0 0"><span class='ocrx_word' id='word_1_1' title='bbox 46 139 97 170; x_wconf 68' lang='grc'><strong>645</strong></span> 
     </span>
    </p>
   </div>
   <div class='ocr_carea' id='block_1_2' title="bbox 469 135 1237 177">
    <p class='ocr_par' dir='ltr' id='par_1_2' title="bbox 469 135 1237 177">
     <span class='ocr_line' id='line_1_2' title="bbox 469 135 1237 177; baseline 0 -11"><span class='ocrx_word' id='word_1_2' title='bbox 469 137 519 166; x_wconf 82' lang='grc' dir='ltr'><strong>ΑΒ</strong></span> <span class='ocrx_word' id='word_1_3' title='bbox 537 136 836 167; x_wconf 82' lang='lat' dir='ltr'><strong>AMPH-ILOCHIUM</strong></span> <span class='ocrx_word' id='word_1_4' title='bbox 857 136 1031 177; x_wconf 66' lang='lat' dir='ltr'><strong>QUIESTIO</strong></span> <span class='ocrx_word' id='word_1_5' title='bbox 1047 135 1151 173; x_wconf 77' lang='lat' dir='ltr'><strong>CVIII,</strong></span> <span class='ocrx_word' id='word_1_6' title='bbox 1165 136 1237 166; x_wconf 80' lang='lat' dir='ltr'><strong>CIX.</strong></span> 
     </span>
    </p>
   </div>
   <div class='ocr_carea' id='block_1_3' title="bbox 1620 136 1672 170">
    <p class='ocr_par' dir='ltr' id='par_1_3' title="bbox 1620 136 1672 170">
     <span class='ocr_line' id='line_1_3' title="bbox 1620 136 1672 170; baseline 0.038 -2"><span class='ocrx_word' id='word_1_7' title='bbox 1620 136 1672 170; x_wconf 76' lang='grc'>646</span> 
     </span>
    </p>
   </div>
   <div class='ocr_carea' id='block_1_4' title="bbox 46 191 785 228">
    <p class='ocr_par' dir='ltr' id='par_1_4' title="bbox 46 191 785 228">
     <span class='ocr_line' id='line_1_4' title="bbox 46 191 785 228; baseline -0.004 -6"><span class='ocrx_word' id='word_1_8' title='bbox 46 196 130 222; x_wconf 77' lang='grc' dir='ltr'>λωσεν</span> <span class='ocrx_word' id='word_1_9' title='bbox 145 192 243 226; x_wconf 81' lang='grc' dir='ltr'>εἰπὼν,</span> <span class='ocrx_word' id='word_1_10' title='bbox 258 201 268 218; x_wconf 79' lang='grc' dir='ltr'><strong>ι</strong></span> <span class='ocrx_word' id='word_1_11' title='bbox 285 191 335 218; x_wconf 78' lang='grc' dir='ltr'><strong>Διὰ</strong></span> <span class='ocrx_word' id='word_1_12' title='bbox 350 192 430 219; x_wconf 80' lang='grc' dir='ltr'>τοῦτο</span> <span class='ocrx_word' id='word_1_13' title='bbox 445 193 462 228; x_wconf 79' lang='grc' dir='ltr'><strong>ὴ</strong></span> <span class='ocrx_word' id='word_1_14' title='bbox 486 193 556 228; x_wconf 83' lang='grc' dir='ltr'>γυνὴ</span> <span class='ocrx_word' id='word_1_15' title='bbox 582 192 684 227; x_wconf 80' lang='grc' dir='ltr'><strong>ὀφείλει</strong></span> <span class='ocrx_word' id='word_1_16' title='bbox 709 192 785 225; x_wconf 74' lang='grc' dir='ltr'>ὶξουα</span> 
     </span>
    </p>
   </div>
   <div class='ocr_carea' id='block_1_5' title="bbox 932 191 1671 228">
    <p class='ocr_par' dir='ltr' id='par_1_5' title="bbox 932 192 1671 228">
     <span class='ocr_line' id='line_1_5' title="bbox 932 192 1671 228; baseline 0.001 -9"><span class='ocrx_word' id='word_1_17' title='bbox 932 193 960 226; x_wconf 70' lang='lat' dir='ltr'><strong>l,</strong></span> <span class='ocrx_word' id='word_1_18' title='bbox 975 200 1028 219; x_wconf 91' lang='lat' dir='ltr'><strong>non</strong></span> <span class='ocrx_word' id='word_1_19' title='bbox 1059 197 1087 220; x_wconf 88' lang='lat' dir='ltr'><strong>et</strong></span> <span class='ocrx_word' id='word_1_20' title='bbox 1101 193 1160 227; x_wconf 84' lang='lat' dir='ltr'><strong>ipse</strong></span> <span class='ocrx_word' id='word_1_21' title='bbox 1183 199 1264 219; x_wconf 88' lang='lat' dir='ltr'><strong>suum</strong></span> <span class='ocrx_word' id='word_1_22' title='bbox 1288 197 1370 227; x_wconf 81' lang='lat' dir='ltr'><strong>caput</strong></span> <span class='ocrx_word' id='word_1_23' title='bbox 1392 192 1477 228; x_wconf 76' lang='lat' dir='ltr'><strong>tegit?</strong></span> <span class='ocrx_word' id='word_1_24' title='bbox 1495 192 1545 220; x_wconf 90' lang='lat' dir='ltr'><strong>Cui</strong></span> <span class='ocrx_word' id='word_1_25' title='bbox 1558 201 1671 228; x_wconf 85' lang='lat' dir='ltr'><strong>respon-</strong></span> 
     </span>
    </p>
   </div>
   <div class='ocr_carea' id='block_1_6' title="bbox 46 238 833 275">
    <p class='ocr_par' dir='ltr' id='par_1_6' title="bbox 46 238 833 275">
     <span class='ocr_line' id='line_1_6' title="bbox 46 238 833 275; baseline -0.003 -9"><span class='ocrx_word' id='word_1_26' title='bbox 46 241 115 275; x_wconf 73' lang='grc' dir='ltr'>ἔχειν</span> <span class='ocrx_word' id='word_1_27' title='bbox 133 240 181 266; x_wconf 77' lang='grc' dir='ltr'><strong>ἐπὶ</strong></span> <span class='ocrx_word' id='word_1_28' title='bbox 195 239 244 273; x_wconf 79' lang='grc' dir='ltr'>τῆς</span> <span class='ocrx_word' id='word_1_29' title='bbox 260 239 391 273; x_wconf 73' lang='grc' dir='ltr'>κεφαλῆς,</span> <span class='ocrx_word' id='word_1_30' title='bbox 403 238 447 265; x_wconf 81' lang='grc' dir='ltr'><strong>διὰ</strong></span> <span class='ocrx_word' id='word_1_31' title='bbox 465 239 528 270; x_wconf 76' lang='grc' dir='ltr'>τοὺς</span> <span class='ocrx_word' id='word_1_32' title='bbox 544 238 688 273; x_wconf 78' lang='grc' dir='ltr'><strong>ἀγγέλους.</strong></span> <span class='ocrx_word' id='word_1_33' title='bbox 705 247 715 264; x_wconf 74' lang='grc' dir='ltr'><strong>ι</strong></span> <span class='ocrx_word' id='word_1_34' title='bbox 730 238 759 265; x_wconf 87' lang='grc' dir='ltr'><strong>Ὃ</strong></span> <span class='ocrx_word' id='word_1_35' title='bbox 769 238 833 274; x_wconf 80' lang='grc' dir='ltr'><strong>μὲν-</strong></span> 
     </span>
    </p>
   </div>
   <div class='ocr_carea' id='block_1_7' title="bbox 47 285 835 321">
    <p class='ocr_par' dir='ltr' id='par_1_7' title="bbox 47 285 835 321">
     <span class='ocr_line' id='line_1_7' title="bbox 47 285 835 321; baseline -0.003 -8"><span class='ocrx_word' id='word_1_36' title='bbox 47 296 86 314; x_wconf 79' lang='grc' dir='ltr'><strong>τοι</strong></span> <span class='ocrx_word' id='word_1_37' title='bbox 109 295 142 319; x_wconf 82' lang='grc' dir='ltr'>τε</span> <span class='ocrx_word' id='word_1_38' title='bbox 156 286 237 321; x_wconf 84' lang='grc' dir='ltr'>ἀνὴρ.</span> <span class='ocrx_word' id='word_1_39' title='bbox 254 286 344 312; x_wconf 84' lang='grc' dir='ltr'>οὐκέτι</span> <span class='ocrx_word' id='word_1_40' title='bbox 359 285 398 320; x_wconf 82' lang='grc' dir='ltr'>τῷ</span> <span class='ocrx_word' id='word_1_41' title='bbox 414 285 489 319; x_wconf 69' lang='grc' dir='ltr'>αὐτῷ</span> <span class='ocrx_word' id='word_1_42' title='bbox 502 285 553 320; x_wconf 79' lang='grc' dir='ltr'><strong>τῆς</strong></span> <span class='ocrx_word' id='word_1_43' title='bbox 571 285 710 320; x_wconf 81' lang='grc' dir='ltr'><strong>ὑποταγῆς</strong></span> <span class='ocrx_word' id='word_1_44' title='bbox 722 285 835 311; x_wconf 85' lang='grc' dir='ltr'>ὑπόκει-</span> 
     </span>
    </p>
   </div>
   <div class='ocr_carea' id='block_1_8' title="bbox 46 330 836 366">
    <p class='ocr_par' dir='ltr' id='par_1_8' title="bbox 46 330 836 366">
     <span class='ocr_line' id='line_1_8' title="bbox 46 330 836 366; baseline -0.003 -8"><span class='ocrx_word' id='word_1_45' title='bbox 46 341 92 359; x_wconf 81' lang='grc' dir='ltr'><strong>ται</strong></span> <span class='ocrx_word' id='word_1_46' title='bbox 106 332 183 366; x_wconf 81' lang='grc' dir='ltr'>νόμῳ</span> <span class='ocrx_word' id='word_1_47' title='bbox 196 339 203 346; x_wconf 69' lang='grc' dir='ltr'>θ</span> <span class='ocrx_word' id='word_1_48' title='bbox 224 331 264 357; x_wconf 77' lang='grc' dir='ltr'>διὸ</span> <span class='ocrx_word' id='word_1_49' title='bbox 290 331 351 357; x_wconf 70' lang='grc' dir='ltr'>οὐδὲ</span> <span class='ocrx_word' id='word_1_50' title='bbox 367 331 462 366; x_wconf 81' lang='grc' dir='ltr'><strong>χρείαν</strong></span> <span class='ocrx_word' id='word_1_51' title='bbox 474 330 531 365; x_wconf 78' lang='grc' dir='ltr'>ἔχει</span> <span class='ocrx_word' id='word_1_52' title='bbox 542 330 727 357; x_wconf 78' lang='grc' dir='ltr'><strong>καλύπτεσθαι</strong></span> <span class='ocrx_word' id='word_1_53' title='bbox 736 331 786 365; x_wconf 84' lang='grc' dir='ltr'>τὴν</span> <span class='ocrx_word' id='word_1_54' title='bbox 794 338 836 356; x_wconf 85' lang='grc' dir='ltr'>κε-</span> 
     </span>
    </p>
   </div>
   <div class='ocr_carea' id='block_1_9' title="bbox 46 376 836 412">
    <p class='ocr_par' dir='ltr' id='par_1_9' title="bbox 46 376 836 412">
     <span class='ocr_line' id='line_1_9' title="bbox 46 376 836 412; baseline -0.003 -8"><span class='ocrx_word' id='word_1_55' title='bbox 46 377 143 412; x_wconf 63' lang='grc' dir='ltr'>φαλήν.</span> <span class='ocrx_word' id='word_1_56' title='bbox 153 376 243 409; x_wconf 74' lang='grc' dir='ltr'>Ἀλλὰ,</span> <span class='ocrx_word' id='word_1_57' title='bbox 260 377 325 409; x_wconf 74' lang='grc' dir='ltr'>Ναὶ,</span> <span class='ocrx_word' id='word_1_58' title='bbox 343 377 437 412; x_wconf 77' lang='grc' dir='ltr'>φησὶν,</span> <span class='ocrx_word' id='word_1_59' title='bbox 454 376 525 402; x_wconf 76' lang='grc' dir='ltr'>εἴποι</span> <span class='ocrx_word' id='word_1_60' title='bbox 535 376 568 403; x_wconf 78' lang='grc' dir='ltr'>ἄν</span> <span class='ocrx_word' id='word_1_61' title='bbox 583 384 636 409; x_wconf 78' lang='grc' dir='ltr'>τις,</span> <span class='ocrx_word' id='word_1_62' title='bbox 650 376 730 403; x_wconf 77' lang='grc' dir='ltr'>διὰτί</span> <span class='ocrx_word' id='word_1_63' title='bbox 740 377 756 402; x_wconf 84' lang='grc' dir='ltr'><strong>ό</strong></span> <span class='ocrx_word' id='word_1_64' title='bbox 766 376 836 412; x_wconf 81' lang='grc' dir='ltr'>ἀνὴρ</span> 
     </span>
    </p>
   </div>
   <div class='ocr_carea' id='block_1_10' title="bbox 45 422 836 458">
    <p class='ocr_par' dir='ltr' id='par_1_10' title="bbox 45 422 836 458">
     <span class='ocr_line' id='line_1_10' title="bbox 45 422 836 458; baseline -0.001 -8"><span class='ocrx_word' id='word_1_65' title='bbox 45 423 167 458; x_wconf 68' lang='grc' dir='ltr'>κεφαλὴν</span> <span class='ocrx_word' id='word_1_66' title='bbox 184 423 254 458; x_wconf 70' lang='grc' dir='ltr'>ἔχων</span> <span class='ocrx_word' id='word_1_67' title='bbox 267 423 312 450; x_wconf 81' lang='grc' dir='ltr'><strong>τὸν</strong></span> <span class='ocrx_word' id='word_1_68' title='bbox 325 423 454 458; x_wconf 82' lang='grc' dir='ltr'>Χριστὸν,</span> <span class='ocrx_word' id='word_1_69' title='bbox 470 423 518 450; x_wconf 76' lang='grc' dir='ltr'>καὶ</span> <span class='ocrx_word' id='word_1_70' title='bbox 533 423 584 458; x_wconf 84' lang='grc' dir='ltr'><strong>τῆς</strong></span> <span class='ocrx_word' id='word_1_71' title='bbox 604 424 693 458; x_wconf 77' lang='grc' dir='ltr'>ἀρχῆς</span> <span class='ocrx_word' id='word_1_72' title='bbox 707 423 792 449; x_wconf 79' lang='grc' dir='ltr'>αὑτοῦ</span> <span class='ocrx_word' id='word_1_73' title='bbox 805 422 836 449; x_wconf 84' lang='grc' dir='ltr'>τὸ</span> 
     </span>
    </p>
   </div>
   <div class='ocr_carea' id='block_1_11' title="bbox 45 469 837 505">
    <p class='ocr_par' dir='ltr' id='par_1_11' title="bbox 45 469 837 505">
     <span class='ocr_line' id='line_1_11' title="bbox 45 469 837 505; baseline 0 -9"><span class='ocrx_word' id='word_1_74' title='bbox 45 470 215 502; x_wconf 76' lang='grc' dir='ltr'><strong>ἐνδοξότατον</strong></span> <span class='ocrx_word' id='word_1_75' title='bbox 230 469 362 504; x_wconf 80' lang='grc' dir='ltr'><strong>ὑπάρχων</strong></span> <span class='ocrx_word' id='word_1_76' title='bbox 383 469 476 505; x_wconf 71' lang='grc' dir='ltr'>(εἰκὼν</span> <span class='ocrx_word' id='word_1_77' title='bbox 488 469 542 504; x_wconf 85' lang='grc' dir='ltr'>γὰρ</span> <span class='ocrx_word' id='word_1_78' title='bbox 553 470 601 496; x_wconf 77' lang='grc' dir='ltr'>καὶ</span> <span class='ocrx_word' id='word_1_79' title='bbox 613 470 677 502; x_wconf 74' lang='grc' dir='ltr'>δόξα</span> <span class='ocrx_word' id='word_1_80' title='bbox 689 469 770 502; x_wconf 81' lang='grc' dir='ltr'>Θεοῦ,</span> <span class='ocrx_word' id='word_1_81' title='bbox 784 477 837 504; x_wconf 75' lang='grc' dir='ltr'><strong>φη-</strong></span> 
     </span>
    </p>
   </div>
   <div class='ocr_carea' id='block_1_12' title="bbox 49 514 837 551">
    <p class='ocr_par' dir='ltr' id='par_1_12' title="bbox 49 514 837 551">
     <span class='ocr_line' id='line_1_12' title="bbox 49 514 837 551; baseline -0.001 -9"><span class='ocrx_word' id='word_1_82' title='bbox 49 517 100 547; x_wconf 78' lang='grc' dir='ltr'>σὶν,</span> <span class='ocrx_word' id='word_1_83' title='bbox 117 515 214 551; x_wconf 83' lang='grc' dir='ltr'>ὥσπερ</span> <span class='ocrx_word' id='word_1_84' title='bbox 228 516 276 542; x_wconf 70' lang='lat' dir='ltr'><strong>xa‘t</strong></span> <span class='ocrx_word' id='word_1_85' title='bbox 287 514 370 541; x_wconf 79' lang='grc' dir='ltr'>αὑτοῦ</span> <span class='ocrx_word' id='word_1_86' title='bbox 381 515 548 550; x_wconf 75' lang='grc' dir='ltr'><strong>χρηματίζει</strong></span> <span class='ocrx_word' id='word_1_87' title='bbox 573 516 590 551; x_wconf 85' lang='grc' dir='ltr'><strong>ή</strong></span> <span class='ocrx_word' id='word_1_88' title='bbox 604 515 694 551; x_wconf 77' lang='grc' dir='ltr'>γυνὴ),</span> <span class='ocrx_word' id='word_1_89' title='bbox 714 515 775 550; x_wconf 77' lang='grc' dir='ltr'>οὐχὶ</span> <span class='ocrx_word' id='word_1_90' title='bbox 789 515 837 542; x_wconf 81' lang='grc' dir='ltr'>καὶ</span> 
     </span>
    </p>
   </div>
   <div class='ocr_carea' id='block_1_13' title="bbox 46 559 837 596">
    <p class='ocr_par' dir='ltr' id='par_1_13' title="bbox 46 559 837 596">
     <span class='ocr_line' id='line_1_13' title="bbox 46 559 837 596; baseline -0.001 -8"><span class='ocrx_word' id='word_1_91' title='bbox 46 562 127 593; x_wconf 75' lang='grc' dir='ltr'>αὐτὸς</span> <span class='ocrx_word' id='word_1_92' title='bbox 153 560 359 588; x_wconf 72' lang='grc' dir='ltr'><strong>κατακαλύπτει</strong></span> <span class='ocrx_word' id='word_1_93' title='bbox 383 559 435 596; x_wconf 79' lang='grc' dir='ltr'>τὴν</span> <span class='ocrx_word' id='word_1_94' title='bbox 459 560 598 596; x_wconf 83' lang='grc' dir='ltr'>κεφαλήν;</span> <span class='ocrx_word' id='word_1_95' title='bbox 613 561 685 596; x_wconf 85' lang='grc' dir='ltr'><strong>Πρὸς</strong></span> <span class='ocrx_word' id='word_1_96' title='bbox 711 561 741 587; x_wconf 81' lang='grc' dir='ltr'>ὃν</span> <span class='ocrx_word' id='word_1_97' title='bbox 763 560 837 588; x_wconf 74' lang='grc' dir='ltr'>ἔστιν</span> 
     </span>
    </p>
   </div>
   <div class='ocr_carea' id='block_1_14' title="bbox 45 605 837 641">
    <p class='ocr_par' dir='ltr' id='par_1_14' title="bbox 45 605 837 641">
     <span class='ocr_line' id='line_1_14' title="bbox 45 605 837 641; baseline 0 -9"><span class='ocrx_word' id='word_1_98' title='bbox 45 608 144 639; x_wconf 77' lang='grc' dir='ltr'>εἰπεῖν,</span> <span class='ocrx_word' id='word_1_99' title='bbox 158 607 200 632; x_wconf 84' lang='grc' dir='ltr'>ὃτι</span> <span class='ocrx_word' id='word_1_100' title='bbox 216 606 252 633; x_wconf 85' lang='grc' dir='ltr'>δι’</span> <span class='ocrx_word' id='word_1_101' title='bbox 270 606 335 632; x_wconf 72' lang='grc' dir='ltr'>αὐτὸ</span> <span class='ocrx_word' id='word_1_102' title='bbox 357 605 406 641; x_wconf 80' lang='grc' dir='ltr'>μὲν</span> <span class='ocrx_word' id='word_1_103' title='bbox 426 605 505 631; x_wconf 85' lang='grc' dir='ltr'>τοῦτο</span> <span class='ocrx_word' id='word_1_104' title='bbox 534 605 636 640; x_wconf 85' lang='grc' dir='ltr'>μᾶλλον</span> <span class='ocrx_word' id='word_1_105' title='bbox 660 606 709 632; x_wconf 87' lang='grc' dir='ltr'>οὑκ</span> <span class='ocrx_word' id='word_1_106' title='bbox 736 606 837 640; x_wconf 76' lang='grc' dir='ltr'><strong>ὀφείλει</strong></span> 
     </span>
    </p>
   </div>
   <div class='ocr_carea' id='block_1_15' title="bbox 45 650 837 686">
    <p class='ocr_par' dir='ltr' id='par_1_15' title="bbox 45 650 837 686">
     <span class='ocr_line' id='line_1_15' title="bbox 45 650 837 686; baseline 0 -8"><span class='ocrx_word' id='word_1_107' title='bbox 45 652 281 683; x_wconf 74' lang='grc' dir='ltr'><strong>κατακαλύπτειν,</strong></span> <span class='ocrx_word' id='word_1_108' title='bbox 293 651 336 678; x_wconf 77' lang='grc' dir='ltr'>ἵνα</span> <span class='ocrx_word' id='word_1_109' title='bbox 352 650 400 677; x_wconf 72' lang='grc' dir='ltr'>καὶ</span> <span class='ocrx_word' id='word_1_110' title='bbox 413 651 493 682; x_wconf 74' lang='grc' dir='ltr'>αὐτὸς</span> <span class='ocrx_word' id='word_1_111' title='bbox 504 651 533 677; x_wconf 85' lang='grc' dir='ltr'>ὲν</span> <span class='ocrx_word' id='word_1_112' title='bbox 542 651 581 686; x_wconf 82' lang='grc' dir='ltr'>τῷ</span> <span class='ocrx_word' id='word_1_113' title='bbox 591 651 685 686; x_wconf 84' lang='grc' dir='ltr'>ἄρχειν</span> <span class='ocrx_word' id='word_1_114' title='bbox 698 651 745 678; x_wconf 76' lang='grc' dir='ltr'>καὶ</span> <span class='ocrx_word' id='word_1_115' title='bbox 760 651 837 684; x_wconf 75' lang='grc' dir='ltr'>ἐξου-</span> 
     </span>
    </p>
   </div>
   <div class='ocr_carea' id='block_1_16' title="bbox 46 697 838 732">
    <p class='ocr_par' dir='ltr' id='par_1_16' title="bbox 46 697 838 732">
     <span class='ocr_line' id='line_1_16' title="bbox 46 697 838 732; baseline 0 -8"><span class='ocrx_word' id='word_1_116' title='bbox 46 698 162 730; x_wconf 76' lang='grc' dir='ltr'>σιὰζειν,</span> <span class='ocrx_word' id='word_1_117' title='bbox 180 697 249 724; x_wconf 85' lang='grc' dir='ltr'><strong>ἀλλὰ</strong></span> <span class='ocrx_word' id='word_1_118' title='bbox 266 697 304 732; x_wconf 86' lang='grc' dir='ltr'>μὴ</span> <span class='ocrx_word' id='word_1_119' title='bbox 322 697 410 723; x_wconf 82' lang='grc' dir='ltr'>τελεῖν</span> <span class='ocrx_word' id='word_1_120' title='bbox 422 697 466 731; x_wconf 72' lang='grc' dir='ltr'>ὑφ’</span> <span class='ocrx_word' id='word_1_121' title='bbox 484 697 594 732; x_wconf 76' lang='grc' dir='ltr'>ἑτέρους</span> <span class='ocrx_word' id='word_1_122' title='bbox 607 697 654 724; x_wconf 84' lang='grc' dir='ltr'><strong>τδν</strong></span> <span class='ocrx_word' id='word_1_123' title='bbox 663 697 753 724; x_wconf 83' lang='grc' dir='ltr'>κοινὸν</span> <span class='ocrx_word' id='word_1_124' title='bbox 766 699 838 724; x_wconf 87' lang='grc' dir='ltr'>εἰκο-</span> 
     </span>
    </p>
   </div>
   <div class='ocr_carea' id='block_1_17' title="bbox 44 739 838 779">
    <p class='ocr_par' dir='ltr' id='par_1_17' title="bbox 44 739 838 779">
     <span class='ocr_line' id='line_1_17' title="bbox 44 739 838 779; baseline -0.001 -8"><span class='ocrx_word' id='word_1_125' title='bbox 44 745 127 776; x_wconf 78' lang='grc' dir='ltr'>νίζων</span> <span class='ocrx_word' id='word_1_126' title='bbox 142 743 283 778; x_wconf 84' lang='grc' dir='ltr'>Δεσπότην</span> <span class='ocrx_word' id='word_1_127' title='bbox 295 743 402 779; x_wconf 69' lang='grc' dir='ltr'>δειχθῇί·</span> <span class='ocrx_word' id='word_1_128' title='bbox 413 739 499 778; x_wconf 77' lang='grc' dir='ltr'>οὗπερ</span> <span class='ocrx_word' id='word_1_129' title='bbox 509 742 620 776; x_wconf 73' lang='grc' dir='ltr'>ἔνδειξίς</span> <span class='ocrx_word' id='word_1_130' title='bbox 627 745 685 770; x_wconf 73' lang='grc' dir='ltr'>ἐστι</span> <span class='ocrx_word' id='word_1_131' title='bbox 698 743 729 770; x_wconf 84' lang='grc' dir='ltr'>τὸ</span> <span class='ocrx_word' id='word_1_132' title='bbox 745 744 838 779; x_wconf 74' lang='grc' dir='ltr'>φέρειν</span> 
     </span>
    </p>
   </div>
   <div class='ocr_carea' id='block_1_18' title="bbox 44 788 838 825">
    <p class='ocr_par' dir='ltr' id='par_1_18' title="bbox 44 788 838 825">
     <span class='ocr_line' id='line_1_18' title="bbox 44 788 838 825; baseline -0.001 -9"><span class='ocrx_word' id='word_1_133' title='bbox 44 790 203 816; x_wconf 79' lang='grc' dir='ltr'>ἁκάλυπτον</span> <span class='ocrx_word' id='word_1_134' title='bbox 228 789 277 824; x_wconf 80' lang='grc' dir='ltr'>τὴν</span> <span class='ocrx_word' id='word_1_135' title='bbox 300 789 434 824; x_wconf 80' lang='grc' dir='ltr'>κεφαλήν.</span> <span class='ocrx_word' id='word_1_136' title='bbox 449 788 510 816; x_wconf 74' lang='grc' dir='ltr'><strong>Ὀτι</strong></span> <span class='ocrx_word' id='word_1_137' title='bbox 534 789 584 824; x_wconf 83' lang='grc' dir='ltr'>μὲν</span> <span class='ocrx_word' id='word_1_138' title='bbox 602 789 656 825; x_wconf 84' lang='grc' dir='ltr'><strong>γὰρ</strong></span> <span class='ocrx_word' id='word_1_139' title='bbox 672 789 751 824; x_wconf 72' lang='grc' dir='ltr'>ἄρχει</span> <span class='ocrx_word' id='word_1_140' title='bbox 772 789 838 822; x_wconf 81' lang='grc' dir='ltr'><strong>Θεὸς</strong></span> 
     </span>
    </p>
   </div>
   <div class='ocr_carea' id='block_1_19' title="bbox 45 834 840 871">
    <p class='ocr_par' dir='ltr' id='par_1_19' title="bbox 45 834 840 871">
     <span class='ocr_line' id='line_1_19' title="bbox 45 834 840 871; baseline 0 -9"><span class='ocrx_word' id='word_1_141' title='bbox 45 836 94 862; x_wconf 76' lang='grc' dir='ltr'><strong>καὶ</strong></span> <span class='ocrx_word' id='word_1_142' title='bbox 111 835 250 871; x_wconf 81' lang='grc' dir='ltr'><strong>κυριεύει,</strong></span> <span class='ocrx_word' id='word_1_143' title='bbox 264 834 370 870; x_wconf 71' lang='grc' dir='ltr'>κεφαλὴ</span> <span class='ocrx_word' id='word_1_144' title='bbox 398 835 527 870; x_wconf 79' lang='grc' dir='ltr'>πεφηνὼς</span> <span class='ocrx_word' id='word_1_145' title='bbox 541 834 589 862; x_wconf 78' lang='grc' dir='ltr'>τοῦ</span> <span class='ocrx_word' id='word_1_146' title='bbox 606 835 714 871; x_wconf 82' lang='grc' dir='ltr'>ἀνδρὸς,</span> <span class='ocrx_word' id='word_1_147' title='bbox 726 836 777 862; x_wconf 85' lang='grc' dir='ltr'>οὐκ</span> <span class='ocrx_word' id='word_1_148' title='bbox 791 836 840 862; x_wconf 79' lang='grc' dir='ltr'>αὑ-</span> 
     </span>
    </p>
   </div>
   <div class='ocr_carea' id='block_1_20' title="bbox 888 238 1675 275">
    <p class='ocr_par' dir='ltr' id='par_1_20' title="bbox 888 238 1675 275">
     <span class='ocr_line' id='line_1_20' title="bbox 888 238 1675 275; baseline 0.003 -10"><span class='ocrx_word' id='word_1_149' title='bbox 888 239 1019 269; x_wconf 82' lang='lat' dir='ltr'><strong>dendum,</strong></span> <span class='ocrx_word' id='word_1_150' title='bbox 1036 238 1109 272; x_wconf 81' lang='lat' dir='ltr'><strong>quod</strong></span> <span class='ocrx_word' id='word_1_151' title='bbox 1129 238 1164 265; x_wconf 88' lang='lat' dir='ltr'><strong>ob</strong></span> <span class='ocrx_word' id='word_1_152' title='bbox 1180 238 1233 266; x_wconf 77' lang='lat' dir='ltr'><strong>hac</strong></span> <span class='ocrx_word' id='word_1_153' title='bbox 1250 238 1339 272; x_wconf 90' lang='lat' dir='ltr'><strong>ipsum</strong></span> <span class='ocrx_word' id='word_1_154' title='bbox 1363 240 1509 274; x_wconf 77' lang='lat' dir='ltr'><strong>tegendum</strong></span> <span class='ocrx_word' id='word_1_155' title='bbox 1528 239 1568 266; x_wconf 86' lang='lat' dir='ltr'><strong>illi</strong></span> <span class='ocrx_word' id='word_1_156' title='bbox 1591 244 1675 275; x_wconf 81' lang='lat' dir='ltr'><strong>caput</strong></span> 
     </span>
    </p>
   </div>
   <div class='ocr_carea' id='block_1_21' title="bbox 888 283 1673 318">
    <p class='ocr_par' dir='ltr' id='par_1_21' title="bbox 888 283 1673 318">
     <span class='ocr_line' id='line_1_21' title="bbox 888 283 1673 318; baseline 0.001 -8"><span class='ocrx_word' id='word_1_157' title='bbox 888 291 944 310; x_wconf 86' lang='lat' dir='ltr'><strong>non</strong></span> <span class='ocrx_word' id='word_1_158' title='bbox 961 288 1020 314; x_wconf 86' lang='lat' dir='ltr'><strong>est.</strong></span> <span class='ocrx_word' id='word_1_159' title='bbox 1040 289 1070 310; x_wconf 91' lang='lat' dir='ltr'><strong>nt</strong></span> <span class='ocrx_word' id='word_1_160' title='bbox 1087 283 1117 310; x_wconf 88' lang='lat' dir='ltr'><strong>in</strong></span> <span class='ocrx_word' id='word_1_161' title='bbox 1134 283 1295 318; x_wconf 84' lang='lat' dir='ltr'><strong>imperando</strong></span> <span class='ocrx_word' id='word_1_162' title='bbox 1309 288 1337 310; x_wconf 88' lang='lat' dir='ltr'><strong>et</strong></span> <span class='ocrx_word' id='word_1_163' title='bbox 1357 289 1518 318; x_wconf 80' lang='lat' dir='ltr'><strong>potestatem</strong></span> <span class='ocrx_word' id='word_1_164' title='bbox 1536 284 1673 315; x_wconf 78' lang='lat' dir='ltr'><strong>habendo.</strong></span> 
     </span>
    </p>
   </div>
   <div class='ocr_carea' id='block_1_22' title="bbox 888 329 1674 364">
    <p class='ocr_par' dir='ltr' id='par_1_22' title="bbox 888 329 1674 364">
     <span class='ocr_line' id='line_1_22' title="bbox 888 329 1674 364; baseline 0 -8"><span class='ocrx_word' id='word_1_165' title='bbox 888 336 943 356; x_wconf 90' lang='lat' dir='ltr'><strong>non</strong></span> <span class='ocrx_word' id='word_1_166' title='bbox 959 329 1129 364; x_wconf 72' lang='lat' dir='ltr'><strong>subiiciendo</strong></span> <span class='ocrx_word' id='word_1_167' title='bbox 1142 335 1172 356; x_wconf 89' lang='lat' dir='ltr'><strong>se</strong></span> <span class='ocrx_word' id='word_1_168' title='bbox 1189 329 1263 363; x_wconf 88' lang='lat' dir='ltr'><strong>aliis,</strong></span> <span class='ocrx_word' id='word_1_169' title='bbox 1281 336 1456 357; x_wconf 86' lang='lat' dir='ltr'><strong>communem</strong></span> <span class='ocrx_word' id='word_1_170' title='bbox 1465 330 1612 357; x_wconf 88' lang='lat' dir='ltr'><strong>Dominum</strong></span> <span class='ocrx_word' id='word_1_171' title='bbox 1625 338 1674 357; x_wconf 64' lang='lat' dir='ltr'><strong>exa</strong></span> 
     </span>
    </p>
   </div>
   <div class='ocr_carea' id='block_1_23' title="bbox 889 376 1699 413">
    <p class='ocr_par' dir='ltr' id='par_1_23' title="bbox 889 376 1699 413">
     <span class='ocr_line' id='line_1_23' title="bbox 889 376 1699 413; baseline 0.002 -10"><span class='ocrx_word' id='word_1_172' title='bbox 889 376 1007 412; x_wconf 86' lang='lat' dir='ltr'><strong>primere</strong></span> <span class='ocrx_word' id='word_1_173' title='bbox 1021 376 1200 410; x_wconf 85' lang='lat' dir='ltr'><strong>ostendatur;</strong></span> <span class='ocrx_word' id='word_1_174' title='bbox 1220 382 1263 404; x_wconf 90' lang='lat' dir='ltr'><strong>est</strong></span> <span class='ocrx_word' id='word_1_175' title='bbox 1283 377 1343 412; x_wconf 82' lang='lat' dir='ltr'><strong>ejus</strong></span> <span class='ocrx_word' id='word_1_176' title='bbox 1359 378 1480 405; x_wconf 86' lang='lat' dir='ltr'><strong>ostensio</strong></span> <span class='ocrx_word' id='word_1_177' title='bbox 1497 382 1578 413; x_wconf 84' lang='lat' dir='ltr'><strong>caput</strong></span> <span class='ocrx_word' id='word_1_178' title='bbox 1593 386 1675 406; x_wconf 87' lang='lat' dir='ltr'><strong>suum</strong></span> <span class='ocrx_word' id='word_1_179' title='bbox 1695 383 1699 386; x_wconf 77' lang='lat'><strong><em>&#39;</em></strong></span> 
     </span>
    </p>
   </div>
   <div class='ocr_carea' id='block_1_24' title="bbox 889 423 1674 459">
    <p class='ocr_par' dir='ltr' id='par_1_24' title="bbox 889 423 1674 459">
     <span class='ocr_line' id='line_1_24' title="bbox 889 423 1674 459; baseline 0.003 -9"><span class='ocrx_word' id='word_1_180' title='bbox 889 429 1014 459; x_wconf 88' lang='lat' dir='ltr'><strong>opertum</strong></span> <span class='ocrx_word' id='word_1_181' title='bbox 1029 424 1140 452; x_wconf 79' lang='lat' dir='ltr'><strong>habere.</strong></span> <span class='ocrx_word' id='word_1_182' title='bbox 1160 423 1238 457; x_wconf 84' lang='lat' dir='ltr'><strong>Quod</strong></span> <span class='ocrx_word' id='word_1_183' title='bbox 1250 423 1321 451; x_wconf 79' lang='lat' dir='ltr'><strong>Deus</strong></span> <span class='ocrx_word' id='word_1_184' title='bbox 1337 424 1452 459; x_wconf 87' lang='lat' dir='ltr'><strong>imperet</strong></span> <span class='ocrx_word' id='word_1_185' title='bbox 1468 429 1495 452; x_wconf 89' lang='lat' dir='ltr'><strong>et</strong></span> <span class='ocrx_word' id='word_1_186' title='bbox 1508 425 1674 457; x_wconf 82' lang='lat' dir='ltr'><strong>dominetur,</strong></span> 
     </span>
    </p>
   </div>
   <div class='ocr_carea' id='block_1_25' title="bbox 891 469 1675 505">
    <p class='ocr_par' dir='ltr' id='par_1_25' title="bbox 891 469 1675 505">
     <span class='ocr_line' id='line_1_25' title="bbox 891 469 1675 505; baseline -0.001 -7"><span class='ocrx_word' id='word_1_187' title='bbox 891 471 1003 505; x_wconf 91' lang='lat' dir='ltr'><strong>utquod</strong></span> <span class='ocrx_word' id='word_1_188' title='bbox 1020 475 1102 505; x_wconf 88' lang='lat' dir='ltr'><strong>caput</strong></span> <span class='ocrx_word' id='word_1_189' title='bbox 1113 471 1166 497; x_wconf 87' lang='lat' dir='ltr'><strong>viri</strong></span> <span class='ocrx_word' id='word_1_190' title='bbox 1185 470 1231 503; x_wconf 84' lang='lat' dir='ltr'><strong>sit,</strong></span> <span class='ocrx_word' id='word_1_191' title='bbox 1245 477 1300 497; x_wconf 92' lang='lat' dir='ltr'><strong>non</strong></span> <span class='ocrx_word' id='word_1_192' title='bbox 1319 470 1371 497; x_wconf 88' lang='lat' dir='ltr'><strong>viri</strong></span> <span class='ocrx_word' id='word_1_193' title='bbox 1388 470 1485 503; x_wconf 84' lang='lat' dir='ltr'><strong>solius,</strong></span> <span class='ocrx_word' id='word_1_194' title='bbox 1507 469 1554 497; x_wconf 87' lang='lat' dir='ltr'><strong>sed</strong></span> <span class='ocrx_word' id='word_1_195' title='bbox 1575 474 1599 497; x_wconf 92' lang='lat' dir='ltr'><strong>et</strong></span> <span class='ocrx_word' id='word_1_196' title='bbox 1614 475 1675 497; x_wconf 80' lang='lat' dir='ltr'><strong>0m-&#39;</strong></span> 
     </span>
    </p>
   </div>
   <div class='ocr_carea' id='block_1_26' title="bbox 890 515 1676 550">
    <p class='ocr_par' dir='ltr' id='par_1_26' title="bbox 890 515 1676 550">
     <span class='ocr_line' id='line_1_26' title="bbox 890 515 1676 550; baseline -0.001 -7"><span class='ocrx_word' id='word_1_197' title='bbox 890 516 967 543; x_wconf 90' lang='lat' dir='ltr'><strong>nium</strong></span> <span class='ocrx_word' id='word_1_198' title='bbox 982 524 1096 549; x_wconf 88' lang='lat' dir='ltr'><strong>rerum,</strong></span> <span class='ocrx_word' id='word_1_199' title='bbox 1120 523 1174 543; x_wconf 91' lang='lat' dir='ltr'><strong>non</strong></span> <span class='ocrx_word' id='word_1_200' title='bbox 1195 520 1237 543; x_wconf 89' lang='lat' dir='ltr'><strong>est</strong></span> <span class='ocrx_word' id='word_1_201' title='bbox 1257 516 1284 542; x_wconf 91' lang='lat' dir='ltr'><strong>in</strong></span> <span class='ocrx_word' id='word_1_202' title='bbox 1306 516 1435 550; x_wconf 79' lang='lat' dir='ltr'><strong>ambiguo</strong></span> <span class='ocrx_word' id='word_1_203' title='bbox 1449 516 1579 550; x_wconf 90' lang='lat' dir='ltr'><strong>positum.</strong></span> <span class='ocrx_word' id='word_1_204' title='bbox 1595 515 1676 548; x_wconf 86' lang='lat' dir='ltr'><strong>Quo-</strong></span> 
     </span>
    </p>
   </div>
   <div class='ocr_carea' id='block_1_27' title="bbox 890 549 1676 596">
    <p class='ocr_par' dir='ltr' id='par_1_27' title="bbox 890 549 1676 596">
     <span class='ocr_line' id='line_1_27' title="bbox 890 549 1676 596; baseline 0 -8"><span class='ocrx_word' id='word_1_205' title='bbox 890 560 963 588; x_wconf 88' lang='lat' dir='ltr'><strong>circa</strong></span> <span class='ocrx_word' id='word_1_206' title='bbox 974 581 982 593; x_wconf 90' lang='lat'><strong>,</strong></span> <span class='ocrx_word' id='word_1_207' title='bbox 999 569 1050 589; x_wconf 88' lang='lat' dir='ltr'><strong>nec</strong></span> <span class='ocrx_word' id='word_1_208' title='bbox 1065 569 1080 588; x_wconf 88' lang='lat' dir='ltr'><strong>a</strong></span> <span class='ocrx_word' id='word_1_209' title='bbox 1102 561 1236 596; x_wconf 82' lang='lat' dir='ltr'><strong>symbolis</strong></span> <span class='ocrx_word' id='word_1_210' title='bbox 1252 568 1321 596; x_wconf 89' lang='lat' dir='ltr'><strong>opus</strong></span> <span class='ocrx_word' id='word_1_211' title='bbox 1335 566 1377 588; x_wconf 84' lang='lat' dir='ltr'><strong>est</strong></span> <span class='ocrx_word' id='word_1_212' title='bbox 1391 549 1512 588; x_wconf 72' lang='lat' dir='ltr'><strong>indicare</strong></span> <span class='ocrx_word' id='word_1_213' title='bbox 1529 561 1676 596; x_wconf 59' lang='lat' dir='ltr'><strong>subjectioa-</strong></span> 
     </span>
    </p>
   </div>
   <div class='ocr_carea' id='block_1_28' title="bbox 891 606 1677 642">
    <p class='ocr_par' dir='ltr' id='par_1_28' title="bbox 891 606 1677 642">
     <span class='ocr_line' id='line_1_28' title="bbox 891 606 1677 642; baseline -0.001 -8"><span class='ocrx_word' id='word_1_214' title='bbox 891 615 964 639; x_wconf 89' lang='lat' dir='ltr'><strong>nem,</strong></span> <span class='ocrx_word' id='word_1_215' title='bbox 976 614 1039 634; x_wconf 91' lang='lat' dir='ltr'><strong>cum</strong></span> <span class='ocrx_word' id='word_1_216' title='bbox 1055 611 1209 642; x_wconf 86' lang='lat' dir='ltr'><strong>opponatur</strong></span> <span class='ocrx_word' id='word_1_217' title='bbox 1219 607 1289 642; x_wconf 85' lang='lat' dir='ltr'><strong>apud</strong></span> <span class='ocrx_word' id='word_1_218' title='bbox 1301 614 1397 634; x_wconf 86' lang='lat' dir='ltr'><strong>omnes</strong></span> <span class='ocrx_word' id='word_1_219' title='bbox 1410 607 1437 633; x_wconf 92' lang='lat' dir='ltr'><strong>in</strong></span> <span class='ocrx_word' id='word_1_220' title='bbox 1451 606 1577 634; x_wconf 79' lang='lat' dir='ltr'><strong>confesso</strong></span> <span class='ocrx_word' id='word_1_221' title='bbox 1592 606 1677 640; x_wconf 80' lang='lat' dir='ltr'><strong>ipsius</strong></span> 
     </span>
    </p>
   </div>
   <div class='ocr_carea' id='block_1_29' title="bbox 890 652 1676 688">
    <p class='ocr_par' dir='ltr' id='par_1_29' title="bbox 890 652 1676 688">
     <span class='ocr_line' id='line_1_29' title="bbox 890 652 1676 688; baseline -0.001 -8"><span class='ocrx_word' id='word_1_222' title='bbox 890 657 1020 688; x_wconf 80' lang='lat' dir='ltr'><strong>potestas,</strong></span> <span class='ocrx_word' id='word_1_223' title='bbox 1050 658 1077 680; x_wconf 88' lang='lat' dir='ltr'><strong>et</strong></span> <span class='ocrx_word' id='word_1_224' title='bbox 1104 652 1256 680; x_wconf 78' lang='lat' dir='ltr'><strong>dominatio</strong></span> <span class='ocrx_word' id='word_1_225' title='bbox 1282 652 1440 687; x_wconf 80' lang='lat' dir='ltr'><strong>principalis</strong></span> <span class='ocrx_word' id='word_1_226' title='bbox 1468 660 1551 687; x_wconf 87' lang='lat' dir='ltr'><strong>super</strong></span> <span class='ocrx_word' id='word_1_227' title='bbox 1572 652 1676 679; x_wconf 83' lang='lat' dir='ltr'><strong>omnia.</strong></span> 
     </span>
    </p>
   </div>
   <div class='ocr_carea' id='block_1_30' title="bbox 891 698 1676 734">
    <p class='ocr_par' dir='ltr' id='par_1_30' title="bbox 891 698 1676 734">
     <span class='ocr_line' id='line_1_30' title="bbox 891 698 1676 734; baseline 0 -8"><span class='ocrx_word' id='word_1_228' title='bbox 891 700 951 732; x_wconf 80' lang='lat' dir='ltr'><strong>Ast,</strong></span> <span class='ocrx_word' id='word_1_229' title='bbox 971 698 1044 734; x_wconf 88' lang='lat' dir='ltr'><strong>quod</strong></span> <span class='ocrx_word' id='word_1_230' title='bbox 1069 699 1168 726; x_wconf 87' lang='lat' dir='ltr'><strong>mulier</strong></span> <span class='ocrx_word' id='word_1_231' title='bbox 1182 698 1279 726; x_wconf 83' lang='lat' dir='ltr'><strong>debeat</strong></span> <span class='ocrx_word' id='word_1_232' title='bbox 1293 699 1352 726; x_wconf 87' lang='lat' dir='ltr'><strong>viro</strong></span> <span class='ocrx_word' id='word_1_233' title='bbox 1370 700 1502 734; x_wconf 87' lang='lat' dir='ltr'><strong>supponi,</strong></span> <span class='ocrx_word' id='word_1_234' title='bbox 1516 707 1571 726; x_wconf 87' lang='lat' dir='ltr'><strong>non</strong></span> <span class='ocrx_word' id='word_1_235' title='bbox 1585 704 1627 727; x_wconf 90' lang='lat' dir='ltr'><strong>est</strong></span> <span class='ocrx_word' id='word_1_236' title='bbox 1643 705 1676 727; x_wconf 70' lang='lat' dir='ltr'><strong>cx</strong></span> 
     </span>
    </p>
   </div>
   <div class='ocr_carea' id='block_1_31' title="bbox 891 743 1676 780">
    <p class='ocr_par' dir='ltr' id='par_1_31' title="bbox 891 743 1676 780">
     <span class='ocr_line' id='line_1_31' title="bbox 891 743 1676 780; baseline 0 -8"><span class='ocrx_word' id='word_1_237' title='bbox 891 751 971 779; x_wconf 62' lang='lat' dir='ltr'><strong>aequo</strong></span> <span class='ocrx_word' id='word_1_238' title='bbox 985 744 1112 771; x_wconf 85' lang='lat' dir='ltr'><strong>omnibus</strong></span> <span class='ocrx_word' id='word_1_239' title='bbox 1124 743 1241 776; x_wconf 87' lang='lat' dir='ltr'><strong>clarum,</strong></span> <span class='ocrx_word' id='word_1_240' title='bbox 1257 744 1345 779; x_wconf 88' lang='lat' dir='ltr'><strong>ipsam</strong></span> <span class='ocrx_word' id='word_1_241' title='bbox 1360 752 1425 772; x_wconf 88' lang='lat' dir='ltr'><strong>vero</strong></span> <span class='ocrx_word' id='word_1_242' title='bbox 1448 745 1501 772; x_wconf 91' lang='lat' dir='ltr'><strong>boc</strong></span> <span class='ocrx_word' id='word_1_243' title='bbox 1516 744 1596 772; x_wconf 78' lang='lat' dir='ltr'><strong>fateri</strong></span> <span class='ocrx_word' id='word_1_244' title='bbox 1607 753 1676 780; x_wconf 88' lang='lat' dir='ltr'><strong>opus</strong></span> 
     </span>
    </p>
   </div>
   <div class='ocr_carea' id='block_1_32' title="bbox 890 790 1678 826">
    <p class='ocr_par' dir='ltr' id='par_1_32' title="bbox 890 790 1678 826">
     <span class='ocr_line' id='line_1_32' title="bbox 890 790 1678 826; baseline 0 -8"><span class='ocrx_word' id='word_1_245' title='bbox 890 796 943 824; x_wconf 86' lang='lat' dir='ltr'><strong>est,</strong></span> <span class='ocrx_word' id='word_1_246' title='bbox 958 795 985 818; x_wconf 89' lang='lat' dir='ltr'><strong>et</strong></span> <span class='ocrx_word' id='word_1_247' title='bbox 998 798 1046 826; x_wconf 84' lang='lat' dir='ltr'><strong>per</strong></span> <span class='ocrx_word' id='word_1_248' title='bbox 1058 790 1180 826; x_wconf 77' lang='lat' dir='ltr'><strong>symbola</strong></span> <span class='ocrx_word' id='word_1_249' title='bbox 1192 790 1263 817; x_wconf 89' lang='lat' dir='ltr'><strong>idem</strong></span> <span class='ocrx_word' id='word_1_250' title='bbox 1279 790 1428 818; x_wconf 83' lang='lat' dir='ltr'><strong>declarare.</strong></span> <span class='ocrx_word' id='word_1_251' title='bbox 1447 790 1517 818; x_wconf 87' lang='lat' dir='ltr'><strong>Sunt</strong></span> <span class='ocrx_word' id='word_1_252' title='bbox 1527 791 1600 818; x_wconf 88' lang='lat' dir='ltr'><strong>enim</strong></span> <span class='ocrx_word' id='word_1_253' title='bbox 1616 797 1678 826; x_wconf 68' lang='lat' dir='ltr'><strong>qur:</strong></span> 
     </span>
    </p>
   </div>
   <div class='ocr_carea' id='block_1_33' title="bbox 891 836 1679 872">
    <p class='ocr_par' dir='ltr' id='par_1_33' title="bbox 891 836 1679 872">
     <span class='ocr_line' id='line_1_33' title="bbox 891 836 1679 872; baseline -0.001 -7"><span class='ocrx_word' id='word_1_254' title='bbox 891 844 955 865; x_wconf 90' lang='lat' dir='ltr'><strong>cum</strong></span> <span class='ocrx_word' id='word_1_255' title='bbox 976 837 1054 872; x_wconf 72' lang='lat' dir='ltr'><strong>signa</strong></span> <span class='ocrx_word' id='word_1_256' title='bbox 1069 843 1101 864; x_wconf 90' lang='lat' dir='ltr'><strong>ea</strong></span> <span class='ocrx_word' id='word_1_257' title='bbox 1122 836 1341 870; x_wconf 80' lang='lat' dir='ltr'><strong>circumferant,</strong></span> <span class='ocrx_word' id='word_1_258' title='bbox 1355 844 1371 863; x_wconf 85' lang='lat' dir='ltr'><strong>a</strong></span> <span class='ocrx_word' id='word_1_259' title='bbox 1386 836 1480 864; x_wconf 87' lang='lat' dir='ltr'><strong>multis</strong></span> <span class='ocrx_word' id='word_1_260' title='bbox 1497 837 1634 871; x_wconf 85' lang='lat' dir='ltr'><strong>resiliunt,</strong></span> <span class='ocrx_word' id='word_1_261' title='bbox 1651 842 1679 864; x_wconf 86' lang='lat' dir='ltr'><strong>et</strong></span> 
     </span>
    </p>
   </div>
   <div class='ocr_carea' id='block_1_34' title="bbox 44 881 783 917">
    <p class='ocr_par' dir='ltr' id='par_1_34' title="bbox 44 881 783 917">
     <span class='ocr_line' id='line_1_34' title="bbox 44 881 783 917; baseline -0.001 -9"><span class='ocrx_word' id='word_1_262' title='bbox 44 882 92 908; x_wconf 72' lang='grc' dir='ltr'><strong>¹ξοῦ</strong></span> <span class='ocrx_word' id='word_1_263' title='bbox 110 882 202 916; x_wconf 86' lang='grc' dir='ltr'>μόνον,</span> <span class='ocrx_word' id='word_1_264' title='bbox 215 881 284 908; x_wconf 80' lang='grc' dir='ltr'><strong>ἀλλὰ</strong></span> <span class='ocrx_word' id='word_1_265' title='bbox 299 882 347 908; x_wconf 78' lang='grc' dir='ltr'>καὶ</span> <span class='ocrx_word' id='word_1_266' title='bbox 370 882 549 916; x_wconf 83' lang='grc' dir='ltr'><strong>συμπάντων,</strong></span> <span class='ocrx_word' id='word_1_267' title='bbox 565 881 654 913; x_wconf 75' lang='grc' dir='ltr'>οὐδεὶς</span> <span class='ocrx_word' id='word_1_268' title='bbox 675 881 783 917; x_wconf 75' lang='grc' dir='ltr'>ἀμφιὸοῙ</span> 
     </span>
    </p>
   </div>
   <div class='ocr_carea' id='block_1_35' title="bbox 938 881 1677 917">
    <p class='ocr_par' dir='ltr' id='par_1_35' title="bbox 938 882 1677 914">
     <span class='ocr_line' id='line_1_35' title="bbox 938 882 1677 914; baseline 0.001 -5"><span class='ocrx_word' id='word_1_269' title='bbox 938 883 1014 911; x_wconf 50' lang='grc' dir='ltr'>ηἰηοιιι</span> <span class='ocrx_word' id='word_1_270' title='bbox 1038 883 1198 914; x_wconf 84' lang='lat' dir='ltr'><strong>invertunt,</strong></span> <span class='ocrx_word' id='word_1_271' title='bbox 1221 883 1293 909; x_wconf 88' lang='lat' dir='ltr'><strong>unde</strong></span> <span class='ocrx_word' id='word_1_272' title='bbox 1313 882 1401 910; x_wconf 67' lang='lat' dir='ltr'><strong>turbae</strong></span> <span class='ocrx_word' id='word_1_273' title='bbox 1419 887 1446 910; x_wconf 88' lang='lat' dir='ltr'><strong>et</strong></span> <span class='ocrx_word' id='word_1_274' title='bbox 1465 885 1600 910; x_wconf 83' lang='lat' dir='ltr'><strong>tumultus</strong></span> <span class='ocrx_word' id='word_1_275' title='bbox 1622 891 1677 911; x_wconf 90' lang='lat' dir='ltr'><strong>non</strong></span> 
     </span>
    </p>
   </div>
   <div class='ocr_carea' id='block_1_36' title="bbox 45 927 839 966">
    <p class='ocr_par' dir='ltr' id='par_1_36' title="bbox 45 927 839 966">
     <span class='ocr_line' id='line_1_36' title="bbox 45 927 839 966; baseline 0.003 -12"><span class='ocrx_word' id='word_1_276' title='bbox 45 928 136 962; x_wconf 83' lang='grc' dir='ltr'>λόγος.</span> <span class='ocrx_word' id='word_1_277' title='bbox 155 928 257 963; x_wconf 80' lang='grc' dir='ltr'><strong>Διόπερ</strong></span> <span class='ocrx_word' id='word_1_278' title='bbox 282 927 342 954; x_wconf 74' lang='grc' dir='ltr'>οὐδὲ</span> <span class='ocrx_word' id='word_1_279' title='bbox 371 927 515 963; x_wconf 73' lang='grc' dir='ltr'>συμϐόλων</span> <span class='ocrx_word' id='word_1_280' title='bbox 537 929 578 960; x_wconf 88' lang='grc' dir='ltr'><strong>είς</strong></span> <span class='ocrx_word' id='word_1_281' title='bbox 592 927 672 955; x_wconf 82' lang='grc' dir='ltr'>τοῦτο</span> <span class='ocrx_word' id='word_1_282' title='bbox 685 929 839 966; x_wconf 84' lang='grc' dir='ltr'>καθέστηκε</span> 
     </span>
    </p>
   </div>
   <div class='ocr_carea' id='block_1_37' title="bbox 44 974 839 1010">
    <p class='ocr_par' dir='ltr' id='par_1_37' title="bbox 44 974 839 1010">
     <span class='ocr_line' id='line_1_37' title="bbox 44 974 839 1010; baseline 0.003 -10"><span class='ocrx_word' id='word_1_283' title='bbox 44 975 140 1010; x_wconf 76' lang='grc' dir='ltr'>χρεία,</span> <span class='ocrx_word' id='word_1_284' title='bbox 158 975 208 1009; x_wconf 81' lang='grc' dir='ltr'>τὴν</span> <span class='ocrx_word' id='word_1_285' title='bbox 229 974 372 1009; x_wconf 82' lang='grc' dir='ltr'>ὑποταγὴν</span> <span class='ocrx_word' id='word_1_286' title='bbox 396 974 708 1009; x_wconf 69' lang='grc' dir='ltr'>ἐνδεικνυμένωνυπᾶσι</span> <span class='ocrx_word' id='word_1_287' title='bbox 729 975 784 1010; x_wconf 86' lang='grc' dir='ltr'><strong>γὰρ</strong></span> <span class='ocrx_word' id='word_1_288' title='bbox 808 975 839 1002; x_wconf 80' lang='grc' dir='ltr'>τὸ</span> 
     </span>
    </p>
   </div>
   <div class='ocr_carea' id='block_1_38' title="bbox 45 1020 836 1056">
    <p class='ocr_par' dir='ltr' id='par_1_38' title="bbox 45 1020 836 1056">
     <span class='ocr_line' id='line_1_38' title="bbox 45 1020 836 1056; baseline 0.001 -10"><span class='ocrx_word' id='word_1_289' title='bbox 45 1020 120 1046; x_wconf 78' lang='grc' dir='ltr'>κατὰ</span> <span class='ocrx_word' id='word_1_290' title='bbox 144 1020 256 1046; x_wconf 81' lang='grc' dir='ltr'>πάντων</span> <span class='ocrx_word' id='word_1_291' title='bbox 281 1020 364 1046; x_wconf 78' lang='grc' dir='ltr'>αὑτοῦ</span> <span class='ocrx_word' id='word_1_292' title='bbox 382 1020 493 1055; x_wconf 74' lang='grc' dir='ltr'>κράτος,</span> <span class='ocrx_word' id='word_1_293' title='bbox 517 1020 565 1047; x_wconf 84' lang='grc' dir='ltr'>καὶ</span> <span class='ocrx_word' id='word_1_294' title='bbox 586 1021 603 1055; x_wconf 87' lang='grc' dir='ltr'>ὴ</span> <span class='ocrx_word' id='word_1_295' title='bbox 624 1020 777 1056; x_wconf 84' lang='grc' dir='ltr'>Δεσποτικὴ</span> <span class='ocrx_word' id='word_1_296' title='bbox 792 1022 836 1048; x_wconf 70' lang='grc' dir='ltr'><strong>ἀνα</strong></span> 
     </span>
    </p>
   </div>
   <div class='ocr_carea' id='block_1_39' title="bbox 45 1066 839 1103">
    <p class='ocr_par' dir='ltr' id='par_1_39' title="bbox 45 1066 839 1103">
     <span class='ocr_line' id='line_1_39' title="bbox 45 1066 839 1103; baseline 0.003 -11"><span class='ocrx_word' id='word_1_297' title='bbox 45 1066 224 1102; x_wconf 73' lang='grc' dir='ltr'>ωμολάγηται</span> <span class='ocrx_word' id='word_1_298' title='bbox 249 1067 388 1102; x_wconf 80' lang='grc' dir='ltr'>κυριότης.</span> <span class='ocrx_word' id='word_1_299' title='bbox 422 1067 484 1093; x_wconf 83' lang='grc' dir='ltr'>Ὀτι</span> <span class='ocrx_word' id='word_1_300' title='bbox 506 1067 535 1093; x_wconf 80' lang='grc' dir='ltr'>δὲ</span> <span class='ocrx_word' id='word_1_301' title='bbox 563 1068 681 1101; x_wconf 83' lang='grc' dir='ltr'>γυναῖκα</span> <span class='ocrx_word' id='word_1_302' title='bbox 707 1067 760 1094; x_wconf 81' lang='grc' dir='ltr'>ὑπὸ</span> <span class='ocrx_word' id='word_1_303' title='bbox 789 1067 839 1103; x_wconf 83' lang='grc' dir='ltr'>τὴν</span> 
     </span>
    </p>
   </div>
   <div class='ocr_carea' id='block_1_40' title="bbox 45 1112 838 1148">
    <p class='ocr_par' dir='ltr' id='par_1_40' title="bbox 45 1112 838 1148">
     <span class='ocr_line' id='line_1_40' title="bbox 45 1112 838 1148; baseline 0.001 -9"><span class='ocrx_word' id='word_1_304' title='bbox 45 1113 175 1145; x_wconf 77' lang='grc' dir='ltr'><strong>ἐξουσίαν</strong></span> <span class='ocrx_word' id='word_1_305' title='bbox 192 1113 234 1139; x_wconf 82' lang='grc' dir='ltr'><strong>δεῖ</strong></span> <span class='ocrx_word' id='word_1_306' title='bbox 245 1113 374 1148; x_wconf 80' lang='grc' dir='ltr'>τετάχθαι</span> <span class='ocrx_word' id='word_1_307' title='bbox 388 1113 435 1139; x_wconf 80' lang='grc' dir='ltr'>τοῦ</span> <span class='ocrx_word' id='word_1_308' title='bbox 446 1113 553 1148; x_wconf 78' lang='grc' dir='ltr'>ἀνδρὸς,</span> <span class='ocrx_word' id='word_1_309' title='bbox 565 1112 627 1139; x_wconf 80' lang='grc' dir='ltr'>οὔτε</span> <span class='ocrx_word' id='word_1_310' title='bbox 643 1114 725 1140; x_wconf 80' lang='grc' dir='ltr'>πᾶσιν</span> <span class='ocrx_word' id='word_1_311' title='bbox 737 1113 838 1148; x_wconf 83' lang='grc' dir='ltr'>ὁμοίως</span> 
     </span>
    </p>
   </div>
   <div class='ocr_carea' id='block_1_41' title="bbox 46 1159 838 1195">
    <p class='ocr_par' dir='ltr' id='par_1_41' title="bbox 46 1159 838 1195">
     <span class='ocr_line' id='line_1_41' title="bbox 46 1159 838 1195; baseline 0.001 -10"><span class='ocrx_word' id='word_1_312' title='bbox 46 1159 179 1194; x_wconf 72' lang='grc' dir='ltr'>φανερὸν,</span> <span class='ocrx_word' id='word_1_313' title='bbox 192 1159 277 1193; x_wconf 82' lang='grc' dir='ltr'>αὑτήν</span> <span class='ocrx_word' id='word_1_314' title='bbox 288 1168 318 1186; x_wconf 85' lang='grc' dir='ltr'><strong>τε</strong></span> <span class='ocrx_word' id='word_1_315' title='bbox 335 1159 435 1186; x_wconf 78' lang='grc' dir='ltr'>εἰδέναι</span> <span class='ocrx_word' id='word_1_316' title='bbox 448 1159 567 1194; x_wconf 81' lang='grc' dir='ltr'>μάλιστα</span> <span class='ocrx_word' id='word_1_317' title='bbox 579 1160 712 1195; x_wconf 82' lang='grc' dir='ltr'>προσήκει</span> <span class='ocrx_word' id='word_1_318' title='bbox 723 1160 838 1191; x_wconf 77' lang='grc' dir='ltr'>καὶτοῖς</span> 
     </span>
    </p>
   </div>
   <div class='ocr_carea' id='block_1_42' title="bbox 47 1204 837 1241">
    <p class='ocr_par' dir='ltr' id='par_1_42' title="bbox 47 1204 837 1241">
     <span class='ocr_line' id='line_1_42' title="bbox 47 1204 837 1241; baseline 0.001 -11"><span class='ocrx_word' id='word_1_319' title='bbox 47 1205 198 1239; x_wconf 72' lang='grc' dir='ltr'>συμϐόλοις</span> <span class='ocrx_word' id='word_1_320' title='bbox 215 1204 412 1232; x_wconf 78' lang='grc' dir='ltr'>ἐπιδεικνύναι.</span> <span class='ocrx_word' id='word_1_321' title='bbox 430 1205 520 1232; x_wconf 88' lang='grc' dir='ltr'>Ἐνιαι</span> <span class='ocrx_word' id='word_1_322' title='bbox 534 1205 588 1241; x_wconf 86' lang='grc' dir='ltr'><strong>γὰρ</strong></span> <span class='ocrx_word' id='word_1_323' title='bbox 608 1205 655 1232; x_wconf 80' lang='grc' dir='ltr'>καὶ</span> <span class='ocrx_word' id='word_1_324' title='bbox 664 1205 699 1232; x_wconf 86' lang='grc' dir='ltr'><strong>τὰ</strong></span> <span class='ocrx_word' id='word_1_325' title='bbox 714 1204 837 1240; x_wconf 75' lang='grc' dir='ltr'>σύμϐολα</span> 
     </span>
    </p>
   </div>
   <div class='ocr_carea' id='block_1_43' title="bbox 47 1251 837 1287">
    <p class='ocr_par' dir='ltr' id='par_1_43' title="bbox 47 1251 837 1287">
     <span class='ocr_line' id='line_1_43' title="bbox 47 1251 837 1287; baseline 0.003 -11"><span class='ocrx_word' id='word_1_326' title='bbox 47 1251 254 1287; x_wconf 78' lang='grc' dir='ltr'>περιφέρουσαι</span> <span class='ocrx_word' id='word_1_327' title='bbox 278 1251 385 1278; x_wconf 86' lang='grc' dir='ltr'>πολλῶν</span> <span class='ocrx_word' id='word_1_328' title='bbox 410 1260 441 1278; x_wconf 86' lang='grc' dir='ltr'><strong>τε</strong></span> <span class='ocrx_word' id='word_1_329' title='bbox 458 1251 710 1284; x_wconf 78' lang='grc' dir='ltr'>κατεξανίστανται,</span> <span class='ocrx_word' id='word_1_330' title='bbox 727 1252 774 1278; x_wconf 84' lang='grc' dir='ltr'>καὶ</span> <span class='ocrx_word' id='word_1_331' title='bbox 788 1253 837 1287; x_wconf 86' lang='grc' dir='ltr'><strong>τὴν</strong></span> 
     </span>
    </p>
   </div>
   <div class='ocr_carea' id='block_1_44' title="bbox 889 928 1679 965">
    <p class='ocr_par' dir='ltr' id='par_1_44' title="bbox 889 928 1679 965">
     <span class='ocr_line' id='line_1_44' title="bbox 889 928 1679 965; baseline 0 -9"><span class='ocrx_word' id='word_1_332' title='bbox 889 929 1010 965; x_wconf 83' lang='lat' dir='ltr'><strong>privatas</strong></span> <span class='ocrx_word' id='word_1_333' title='bbox 1027 929 1118 956; x_wconf 87' lang='lat' dir='ltr'><strong>solum</strong></span> <span class='ocrx_word' id='word_1_334' title='bbox 1133 929 1216 961; x_wconf 59' lang='lat' dir='ltr'><strong>aedes,</strong></span> <span class='ocrx_word' id='word_1_335' title='bbox 1232 928 1279 956; x_wconf 86' lang='lat' dir='ltr'><strong>sed</strong></span> <span class='ocrx_word' id='word_1_336' title='bbox 1300 929 1384 956; x_wconf 84' lang='lat' dir='ltr'><strong>urbes</strong></span> <span class='ocrx_word' id='word_1_337' title='bbox 1397 929 1569 964; x_wconf 82' lang='lat' dir='ltr'><strong>repleverunt</strong></span> <span class='ocrx_word' id='word_1_338' title='bbox 1585 930 1679 964; x_wconf 77' lang='lat' dir='ltr'><strong>:qiiod</strong></span> 
     </span>
    </p>
   </div>
   <div class='ocr_carea' id='block_1_45' title="bbox 890 975 1675 1012">
    <p class='ocr_par' dir='ltr' id='par_1_45' title="bbox 890 975 1675 1012">
     <span class='ocr_line' id='line_1_45' title="bbox 890 975 1675 1012; baseline 0 -8"><span class='ocrx_word' id='word_1_339' title='bbox 890 977 944 1004; x_wconf 86' lang='lat' dir='ltr'><strong>nisi</strong></span> <span class='ocrx_word' id='word_1_340' title='bbox 964 977 1002 1004; x_wconf 86' lang='lat' dir='ltr'><strong>ita</strong></span> <span class='ocrx_word' id='word_1_341' title='bbox 1016 980 1100 1008; x_wconf 87' lang='lat' dir='ltr'><strong>esset,</strong></span> <span class='ocrx_word' id='word_1_342' title='bbox 1117 981 1148 1004; x_wconf 94' lang='lat' dir='ltr'><strong>ut</strong></span> <span class='ocrx_word' id='word_1_343' title='bbox 1158 975 1356 1010; x_wconf 73' lang='lat' dir='ltr'><strong>subiectionem</strong></span> <span class='ocrx_word' id='word_1_344' title='bbox 1376 984 1487 1005; x_wconf 77' lang='lat' dir='ltr'><strong>servare</strong></span> <span class='ocrx_word' id='word_1_345' title='bbox 1499 977 1675 1012; x_wconf 63' lang='lat' dir='ltr'><strong>juberentut&#39;,</strong></span> 
     </span>
    </p>
   </div>
   <div class='ocr_carea' id='block_1_46' title="bbox 890 1022 1678 1058">
    <p class='ocr_par' dir='ltr' id='par_1_46' title="bbox 890 1022 1678 1058">
     <span class='ocr_line' id='line_1_46' title="bbox 890 1022 1678 1058; baseline 0 -9"><span class='ocrx_word' id='word_1_346' title='bbox 890 1023 956 1058; x_wconf 89' lang='lat' dir='ltr'><strong>quid</strong></span> <span class='ocrx_word' id='word_1_347' title='bbox 977 1029 1033 1049; x_wconf 93' lang='lat' dir='ltr'><strong>non</strong></span> <span class='ocrx_word' id='word_1_348' title='bbox 1052 1022 1208 1050; x_wconf 79' lang='lat' dir='ltr'><strong>accideret?</strong></span> <span class='ocrx_word' id='word_1_349' title='bbox 1241 1022 1374 1056; x_wconf 85' lang='lat' dir='ltr'><strong>Quocirca</strong></span> <span class='ocrx_word' id='word_1_350' title='bbox 1397 1029 1459 1050; x_wconf 91' lang='lat' dir='ltr'><strong>cum</strong></span> <span class='ocrx_word' id='word_1_351' title='bbox 1481 1022 1587 1049; x_wconf 78' lang='lat' dir='ltr'><strong>ratione</strong></span> <span class='ocrx_word' id='word_1_352' title='bbox 1609 1029 1678 1050; x_wconf 91' lang='lat' dir='ltr'><strong>con-</strong></span> 
     </span>
    </p>
   </div>
   <div class='ocr_carea' id='block_1_47' title="bbox 886 1067 1678 1103">
    <p class='ocr_par' dir='ltr' id='par_1_47' title="bbox 886 1067 1678 1103">
     <span class='ocr_line' id='line_1_47' title="bbox 886 1067 1678 1103; baseline -0.001 -8"><span class='ocrx_word' id='word_1_353' title='bbox 886 1069 1012 1103; x_wconf 88' lang='lat' dir='ltr'><strong>junctum</strong></span> <span class='ocrx_word' id='word_1_354' title='bbox 1025 1088 1033 1100; x_wconf 86' lang='lat'><strong>,</strong></span> <span class='ocrx_word' id='word_1_355' title='bbox 1049 1072 1076 1095; x_wconf 91' lang='lat' dir='ltr'><strong>et</strong></span> <span class='ocrx_word' id='word_1_356' title='bbox 1090 1075 1104 1095; x_wconf 92' lang='lat' dir='ltr'><strong>e</strong></span> <span class='ocrx_word' id='word_1_357' title='bbox 1123 1068 1262 1095; x_wconf 90' lang='lat' dir='ltr'><strong>communi</strong></span> <span class='ocrx_word' id='word_1_358' title='bbox 1278 1067 1392 1095; x_wconf 81' lang='lat' dir='ltr'><strong>utilitate</strong></span> <span class='ocrx_word' id='word_1_359' title='bbox 1412 1067 1530 1100; x_wconf 82' lang='lat' dir='ltr'><strong>Paulus,</strong></span> <span class='ocrx_word' id='word_1_360' title='bbox 1546 1075 1608 1095; x_wconf 88' lang='lat' dir='ltr'><strong>cum</strong></span> <span class='ocrx_word' id='word_1_361' title='bbox 1625 1067 1678 1095; x_wconf 59' lang='grc' dir='ltr'>οὕὲ</span> 
     </span>
    </p>
   </div>
   <div class='ocr_carea' id='block_1_48' title="bbox 888 1113 1676 1148">
    <p class='ocr_par' dir='ltr' id='par_1_48' title="bbox 888 1113 1676 1148">
     <span class='ocr_line' id='line_1_48' title="bbox 888 1113 1676 1148; baseline -0.001 -7"><span class='ocrx_word' id='word_1_362' title='bbox 888 1114 963 1142; x_wconf 84' lang='lat' dir='ltr'><strong>dedit</strong></span> <span class='ocrx_word' id='word_1_363' title='bbox 979 1115 1006 1141; x_wconf 89' lang='lat' dir='ltr'><strong>in</strong></span> <span class='ocrx_word' id='word_1_364' title='bbox 1022 1114 1170 1147; x_wconf 82' lang='lat' dir='ltr'><strong>mandatis,</strong></span> <span class='ocrx_word' id='word_1_365' title='bbox 1185 1118 1212 1141; x_wconf 88' lang='lat' dir='ltr'><strong>et</strong></span> <span class='ocrx_word' id='word_1_366' title='bbox 1226 1113 1366 1148; x_wconf 62' lang='lat' dir='ltr'><strong>sapientia:</strong></span> <span class='ocrx_word' id='word_1_367' title='bbox 1382 1113 1481 1148; x_wconf 86' lang='lat' dir='ltr'><strong>plenis,</strong></span> <span class='ocrx_word' id='word_1_368' title='bbox 1497 1120 1551 1140; x_wconf 92' lang='lat' dir='ltr'><strong>non</strong></span> <span class='ocrx_word' id='word_1_369' title='bbox 1569 1117 1676 1140; x_wconf 77' lang='lat' dir='ltr'><strong>tantum</strong></span> 
     </span>
    </p>
   </div>
   <div class='ocr_carea' id='block_1_49' title="bbox 889 1159 1676 1196">
    <p class='ocr_par' dir='ltr' id='par_1_49' title="bbox 889 1159 1676 1196">
     <span class='ocr_line' id='line_1_49' title="bbox 889 1159 1676 1196; baseline -0.001 -8"><span class='ocrx_word' id='word_1_370' title='bbox 889 1160 1018 1196; x_wconf 73' lang='lat' dir='ltr'><strong>physicae,</strong></span> <span class='ocrx_word' id='word_1_371' title='bbox 1034 1160 1081 1188; x_wconf 88' lang='lat' dir='ltr'><strong>sed</strong></span> <span class='ocrx_word' id='word_1_372' title='bbox 1095 1165 1123 1188; x_wconf 90' lang='lat' dir='ltr'><strong>et</strong></span> <span class='ocrx_word' id='word_1_373' title='bbox 1137 1160 1255 1195; x_wconf 72' lang='lat' dir='ltr'><strong>politicae</strong></span> <span class='ocrx_word' id='word_1_374' title='bbox 1270 1159 1466 1195; x_wconf 84' lang='lat' dir='ltr'><strong>entbymcmasi</strong></span> <span class='ocrx_word' id='word_1_375' title='bbox 1487 1160 1595 1187; x_wconf 81' lang='lat' dir='ltr'><strong>deﬁnita</strong></span> <span class='ocrx_word' id='word_1_376' title='bbox 1619 1160 1676 1187; x_wconf 80' lang='lat' dir='ltr'><strong>cir-</strong></span> 
     </span>
    </p>
   </div>
   <div class='ocr_carea' id='block_1_50' title="bbox 889 1205 1677 1241">
    <p class='ocr_par' dir='ltr' id='par_1_50' title="bbox 889 1205 1677 1241">
     <span class='ocr_line' id='line_1_50' title="bbox 889 1205 1677 1241; baseline -0.001 -8"><span class='ocrx_word' id='word_1_377' title='bbox 889 1206 1075 1241; x_wconf 86' lang='lat' dir='ltr'><strong>cumscripsit,</strong></span> <span class='ocrx_word' id='word_1_378' title='bbox 1088 1206 1188 1240; x_wconf 81' lang='lat' dir='ltr'><strong>quibus</strong></span> <span class='ocrx_word' id='word_1_379' title='bbox 1203 1205 1393 1232; x_wconf 87' lang='lat' dir='ltr'><strong>vir-nudatum</strong></span> <span class='ocrx_word' id='word_1_380' title='bbox 1408 1209 1500 1241; x_wconf 87' lang='lat' dir='ltr'><strong>caput,</strong></span> <span class='ocrx_word' id='word_1_381' title='bbox 1514 1205 1614 1233; x_wconf 85' lang='lat' dir='ltr'><strong>mulier</strong></span> <span class='ocrx_word' id='word_1_382' title='bbox 1626 1208 1677 1232; x_wconf 55' lang='lat' dir='ltr'><strong>ana</strong></span> 
     </span>
    </p>
   </div>
   <div class='ocr_carea' id='block_1_51' title="bbox 891 1251 1333 1286">
    <p class='ocr_par' dir='ltr' id='par_1_51' title="bbox 891 1251 1333 1286">
     <span class='ocr_line' id='line_1_51' title="bbox 891 1251 1333 1286; baseline -0.002 -7"><span class='ocrx_word' id='word_1_383' title='bbox 891 1257 945 1279; x_wconf 81' lang='lat' dir='ltr'><strong>tem</strong></span> <span class='ocrx_word' id='word_1_384' title='bbox 961 1252 1081 1279; x_wconf 82' lang='lat' dir='ltr'><strong>velatum</strong></span> <span class='ocrx_word' id='word_1_385' title='bbox 1095 1252 1196 1279; x_wconf 80' lang='lat' dir='ltr'><strong>habere</strong></span> <span class='ocrx_word' id='word_1_386' title='bbox 1209 1251 1333 1286; x_wconf 75' lang='lat' dir='ltr'><strong>iubetur.</strong></span> 
     </span>
    </p>
   </div>
   <div class='ocr_carea' id='block_1_52' title="bbox 46 1292 1683 1333">
    <p class='ocr_par' dir='ltr' id='par_1_52' title="bbox 46 1292 1683 1333">
     <span class='ocr_line' id='line_1_52' title="bbox 46 1292 1683 1333; baseline -0.001 -9"><span class='ocrx_word' id='word_1_387' title='bbox 46 1298 157 1325; x_wconf 66' lang='grc' dir='ltr'>οἰκείαν</span> <span class='ocrx_word' id='word_1_388' title='bbox 172 1297 250 1330; x_wconf 79' lang='grc' dir='ltr'>τάξιν</span> <span class='ocrx_word' id='word_1_389' title='bbox 283 1298 446 1333; x_wconf 79' lang='grc' dir='ltr'>ἁμείὸουσαι</span> <span class='ocrx_word' id='word_1_390' title='bbox 471 1297 594 1333; x_wconf 76' lang='grc' dir='ltr'>θορύϐων</span> <span class='ocrx_word' id='word_1_391' title='bbox 617 1299 665 1324; x_wconf 78' lang='grc' dir='ltr'>καὶ</span> <span class='ocrx_word' id='word_1_392' title='bbox 689 1297 810 1333; x_wconf 82' lang='grc' dir='ltr'>ταραχῆς</span> <span class='ocrx_word' id='word_1_393' title='bbox 829 1298 860 1326; x_wconf 81' lang='grc' dir='ltr'>οὐ</span> <span class='ocrx_word' id='word_1_394' title='bbox 880 1299 930 1330; x_wconf 75' lang='grc' dir='ltr'>τὰς</span> <span class='ocrx_word' id='word_1_395' title='bbox 961 1298 1051 1330; x_wconf 81' lang='grc' dir='ltr'>οίκίας</span> <span class='ocrx_word' id='word_1_396' title='bbox 1080 1298 1170 1333; x_wconf 86' lang='grc' dir='ltr'>μόνον,</span> <span class='ocrx_word' id='word_1_397' title='bbox 1195 1293 1264 1325; x_wconf 78' lang='grc' dir='ltr'><strong>ἀλλὰ</strong></span> <span class='ocrx_word' id='word_1_398' title='bbox 1286 1295 1333 1325; x_wconf 73' lang='grc' dir='ltr'>καὶ</span> <span class='ocrx_word' id='word_1_399' title='bbox 1356 1297 1448 1329; x_wconf 84' lang='grc' dir='ltr'>πόλεις</span> <span class='ocrx_word' id='word_1_400' title='bbox 1462 1296 1635 1333; x_wconf 70' lang='grc' dir='ltr'>ἐπλήρωσαν.</span> <span class='ocrx_word' id='word_1_401' title='bbox 1649 1292 1683 1323; x_wconf 78' lang='lat' dir='ltr'><strong>El</strong></span> 
     </span>
    </p>
   </div>
   <div class='ocr_carea' id='block_1_53' title="bbox 47 1342 1681 1380">
    <p class='ocr_par' dir='ltr' id='par_1_53' title="bbox 47 1342 1681 1380">
     <span class='ocr_line' id='line_1_53' title="bbox 47 1342 1681 1380; baseline -0.001 -10"><span class='ocrx_word' id='word_1_402' title='bbox 47 1344 76 1370; x_wconf 80' lang='grc' dir='ltr'>δὲ</span> <span class='ocrx_word' id='word_1_403' title='bbox 91 1344 133 1380; x_wconf 75' lang='grc' dir='ltr'>μὴ</span> <span class='ocrx_word' id='word_1_404' title='bbox 148 1344 231 1371; x_wconf 84' lang='grc' dir='ltr'>τοῦτο</span> <span class='ocrx_word' id='word_1_405' title='bbox 242 1342 288 1379; x_wconf 83' lang='grc' dir='ltr'>ἦν,</span> <span class='ocrx_word' id='word_1_406' title='bbox 303 1345 351 1372; x_wconf 78' lang='grc' dir='ltr'>καὶ</span> <span class='ocrx_word' id='word_1_407' title='bbox 373 1344 423 1379; x_wconf 82' lang='grc' dir='ltr'>τὴν</span> <span class='ocrx_word' id='word_1_408' title='bbox 435 1344 575 1380; x_wconf 81' lang='grc' dir='ltr'>ὑποταγὴν</span> <span class='ocrx_word' id='word_1_409' title='bbox 588 1344 626 1380; x_wconf 84' lang='grc' dir='ltr'>μὴ</span> <span class='ocrx_word' id='word_1_410' title='bbox 638 1345 842 1380; x_wconf 78' lang='grc' dir='ltr'>προσετέτακτο</span> <span class='ocrx_word' id='word_1_411' title='bbox 862 1345 1017 1379; x_wconf 80' lang='grc' dir='ltr'>φυλάττειν,</span> <span class='ocrx_word' id='word_1_412' title='bbox 1033 1345 1059 1372; x_wconf 86' lang='grc' dir='ltr'><strong>τί</strong></span> <span class='ocrx_word' id='word_1_413' title='bbox 1090 1344 1123 1372; x_wconf 79' lang='grc' dir='ltr'>ἂν</span> <span class='ocrx_word' id='word_1_414' title='bbox 1140 1345 1261 1379; x_wconf 76' lang='grc' dir='ltr'>ἐγεγόνει</span> <span class='ocrx_word' id='word_1_415' title='bbox 1275 1353 1282 1378; x_wconf 88' lang='grc'>;</span> <span class='ocrx_word' id='word_1_416' title='bbox 1314 1345 1439 1379; x_wconf 79' lang='grc' dir='ltr'>Εὑλὸγως</span> <span class='ocrx_word' id='word_1_417' title='bbox 1458 1343 1512 1380; x_wconf 76' lang='grc' dir='ltr'>ἄρα</span> <span class='ocrx_word' id='word_1_418' title='bbox 1522 1344 1569 1371; x_wconf 72' lang='grc' dir='ltr'>καὶ</span> <span class='ocrx_word' id='word_1_419' title='bbox 1580 1344 1681 1379; x_wconf 60' lang='grc' dir='ltr'>βιωφέέ</span> 
     </span>
    </p>
   </div>
   <div class='ocr_carea' id='block_1_54' title="bbox 49 1386 1679 1426">
    <p class='ocr_par' dir='ltr' id='par_1_54' title="bbox 49 1386 1679 1426">
     <span class='ocr_line' id='line_1_54' title="bbox 49 1386 1679 1426; baseline -0.002 -8"><span class='ocrx_word' id='word_1_420' title='bbox 49 1390 107 1423; x_wconf 84' lang='grc' dir='ltr'>λῶς</span> <span class='ocrx_word' id='word_1_421' title='bbox 122 1392 137 1418; x_wconf 81' lang='grc' dir='ltr'><strong>ὁ</strong></span> <span class='ocrx_word' id='word_1_422' title='bbox 154 1390 292 1426; x_wconf 83' lang='grc' dir='ltr'>μακάριος</span> <span class='ocrx_word' id='word_1_423' title='bbox 312 1389 467 1425; x_wconf 67' lang='grc' dir='ltr'>Παῦλοςιτά</span> <span class='ocrx_word' id='word_1_424' title='bbox 490 1399 521 1417; x_wconf 88' lang='grc' dir='ltr'><strong>τε</strong></span> <span class='ocrx_word' id='word_1_425' title='bbox 538 1390 607 1418; x_wconf 75' lang='grc' dir='ltr'>ἄλλα</span> <span class='ocrx_word' id='word_1_426' title='bbox 626 1390 782 1425; x_wconf 80' lang='grc' dir='ltr'>διωρίσατο,</span> <span class='ocrx_word' id='word_1_427' title='bbox 798 1390 846 1416; x_wconf 83' lang='grc' dir='ltr'>καὶ</span> <span class='ocrx_word' id='word_1_428' title='bbox 865 1391 958 1425; x_wconf 77' lang='grc' dir='ltr'>σοφοῖς</span> <span class='ocrx_word' id='word_1_429' title='bbox 971 1399 1002 1417; x_wconf 87' lang='grc' dir='ltr'><strong>τε</strong></span> <span class='ocrx_word' id='word_1_430' title='bbox 1014 1390 1061 1417; x_wconf 79' lang='grc' dir='ltr'>καὶ</span> <span class='ocrx_word' id='word_1_431' title='bbox 1074 1389 1209 1426; x_wconf 72' lang='grc' dir='ltr'>φυσικοῖς,</span> <span class='ocrx_word' id='word_1_432' title='bbox 1225 1386 1293 1418; x_wconf 78' lang='grc' dir='ltr'><strong>ἀλλὰ</strong></span> <span class='ocrx_word' id='word_1_433' title='bbox 1316 1390 1363 1417; x_wconf 75' lang='grc' dir='ltr'>και</span> <span class='ocrx_word' id='word_1_434' title='bbox 1395 1390 1544 1422; x_wconf 75' lang='grc' dir='ltr'>πολιτικοῖς</span> <span class='ocrx_word' id='word_1_435' title='bbox 1559 1391 1679 1424; x_wconf 63' lang='grc' dir='ltr'>συγκαίει</span> 
     </span>
    </p>
   </div>
   <div class='ocr_carea' id='block_1_55' title="bbox 48 1436 1682 1474">
    <p class='ocr_par' dir='ltr' id='par_1_55' title="bbox 48 1436 1682 1474">
     <span class='ocr_line' id='line_1_55' title="bbox 48 1436 1682 1474; baseline -0.001 -8"><span class='ocrx_word' id='word_1_436' title='bbox 48 1439 223 1466; x_wconf 82' lang='grc' dir='ltr'>εσκευάσατο</span> <span class='ocrx_word' id='word_1_437' title='bbox 238 1438 438 1474; x_wconf 75' lang='grc' dir='ltr'>ἐνθυμήμασιν,</span> <span class='ocrx_word' id='word_1_438' title='bbox 473 1438 511 1470; x_wconf 82' lang='grc' dir='ltr'>ὡς</span> <span class='ocrx_word' id='word_1_439' title='bbox 524 1438 602 1474; x_wconf 83' lang='grc' dir='ltr'>ἀνδρὶ</span> <span class='ocrx_word' id='word_1_440' title='bbox 623 1438 673 1474; x_wconf 79' lang='grc' dir='ltr'>μὲν</span> <span class='ocrx_word' id='word_1_441' title='bbox 688 1438 843 1465; x_wconf 82' lang='grc' dir='ltr'>ἀκάλυπτον</span> <span class='ocrx_word' id='word_1_442' title='bbox 862 1438 934 1474; x_wconf 76' lang='grc' dir='ltr'>ἔχειν</span> <span class='ocrx_word' id='word_1_443' title='bbox 962 1439 1011 1474; x_wconf 79' lang='grc' dir='ltr'>τὴν</span> <span class='ocrx_word' id='word_1_444' title='bbox 1028 1438 1161 1474; x_wconf 80' lang='grc' dir='ltr'>κεφαλὴν,</span> <span class='ocrx_word' id='word_1_445' title='bbox 1173 1439 1282 1472; x_wconf 80' lang='grc' dir='ltr'>γυναικὶ</span> <span class='ocrx_word' id='word_1_446' title='bbox 1294 1436 1322 1465; x_wconf 70' lang='grc' dir='ltr'>δὲ</span> <span class='ocrx_word' id='word_1_447' title='bbox 1336 1437 1396 1473; x_wconf 74' lang='grc' dir='ltr'>οὐχὶ</span> <span class='ocrx_word' id='word_1_448' title='bbox 1424 1437 1533 1474; x_wconf 72' lang='grc' dir='ltr'>θεμιτόν</span> <span class='ocrx_word' id='word_1_449' title='bbox 1547 1438 1585 1473; x_wconf 81' lang='grc' dir='ltr'>μὴ</span> <span class='ocrx_word' id='word_1_450' title='bbox 1595 1440 1682 1465; x_wconf 73' lang='grc' dir='ltr'>κατὰ·</span> 
     </span>
    </p>
   </div>
   <div class='ocr_carea' id='block_1_56' title="bbox 49 1483 254 1512">
    <p class='ocr_par' dir='ltr' id='par_1_56' title="bbox 49 1483 254 1512">
     <span class='ocr_line' id='line_1_56' title="bbox 49 1483 254 1512; baseline -0.01 0"><span class='ocrx_word' id='word_1_451' title='bbox 49 1483 254 1512; x_wconf 69' lang='grc' dir='ltr'>καλύπτεσθαι.</span> 
     </span>
    </p>
   </div>
   <div class='ocr_carea' id='block_1_57' title="bbox 329 1541 879 1574">
    <p class='ocr_par' dir='ltr' id='par_1_57' title="bbox 329 1541 879 1574">
     <span class='ocr_line' id='line_1_57' title="bbox 329 1541 879 1574; baseline 0 -6"><span class='ocrx_word' id='word_1_452' title='bbox 329 1541 497 1568; x_wconf 77' lang='grc' dir='ltr'><strong>ΕΡΩΊῊΣῙΣ</strong></span> <span class='ocrx_word' id='word_1_453' title='bbox 514 1541 574 1568; x_wconf 89' lang='grc' dir='ltr'><strong>ΡΘ¹.</strong></span> <span class='ocrx_word' id='word_1_454' title='bbox 858 1545 879 1574; x_wconf 85' lang='lat' dir='ltr'>c</span> 
     </span>
    </p>
   </div>
   <div class='ocr_carea' id='block_1_58' title="bbox 88 1585 806 1621">
    <p class='ocr_par' dir='ltr' id='par_1_58' title="bbox 88 1585 806 1621">
     <span class='ocr_line' id='line_1_58' title="bbox 88 1585 806 1621; baseline -0.001 -8"><span class='ocrx_word' id='word_1_455' title='bbox 88 1586 124 1614; x_wconf 82' lang='grc' dir='ltr'>Τί</span> <span class='ocrx_word' id='word_1_456' title='bbox 151 1586 242 1621; x_wconf 70' lang='grc' dir='ltr'>δηλοῖ</span> <span class='ocrx_word' id='word_1_457' title='bbox 270 1585 321 1618; x_wconf 83' lang='grc' dir='ltr'>τὸ,</span> <span class='ocrx_word' id='word_1_458' title='bbox 344 1595 353 1612; x_wconf 79' lang='grc' dir='ltr'><strong>ι</strong></span> <span class='ocrx_word' id='word_1_459' title='bbox 378 1587 439 1613; x_wconf 82' lang='grc' dir='ltr'><strong>Οὐκ</strong></span> <span class='ocrx_word' id='word_1_460' title='bbox 466 1586 505 1613; x_wconf 79' lang='grc' dir='ltr'>ἂν</span> <span class='ocrx_word' id='word_1_461' title='bbox 524 1585 618 1620; x_wconf 80' lang='grc' dir='ltr'><strong>ὀρθῶς</strong></span> <span class='ocrx_word' id='word_1_462' title='bbox 643 1585 806 1620; x_wconf 79' lang='grc' dir='ltr'>προσενέγ-</span> 
     </span>
    </p>
   </div>
   <div class='ocr_carea' id='block_1_59' title="bbox 361 1621 589 1656">
    <p class='ocr_par' dir='ltr' id='par_1_59' title="bbox 361 1621 589 1656">
     <span class='ocr_line' id='line_1_59' title="bbox 361 1621 589 1656; baseline 0 -8"><span class='ocrx_word' id='word_1_463' title='bbox 361 1630 429 1656; x_wconf 78' lang='grc' dir='ltr'>κῃς,</span> <span class='ocrx_word' id='word_1_464' title='bbox 443 1631 452 1647; x_wconf 81' lang='grc' dir='ltr'><strong>ι</strong></span> <span class='ocrx_word' id='word_1_465' title='bbox 471 1630 499 1648; x_wconf 86' lang='grc' dir='ltr'>κ.</span> <span class='ocrx_word' id='word_1_466' title='bbox 514 1630 530 1648; x_wconf 89' lang='grc' dir='ltr'><strong>τ</strong></span> <span class='ocrx_word' id='word_1_467' title='bbox 547 1621 589 1654; x_wconf 89' lang='grc' dir='ltr'><strong>.λ;</strong></span> 
     </span>
    </p>
   </div>
   <div class='ocr_carea' id='block_1_60' title="bbox 958 1537 1610 1576">
    <p class='ocr_par' dir='ltr' id='par_1_60' title="bbox 958 1537 1610 1576">
     <span class='ocr_line' id='line_1_60' title="bbox 958 1537 1610 1576; baseline -0.003 -8"><span class='ocrx_word' id='word_1_468' title='bbox 958 1539 1122 1574; x_wconf 62' lang='grc' dir='ltr'>ρυιεετιο</span> <span class='ocrx_word' id='word_1_469' title='bbox 1138 1539 1195 1568; x_wconf 80' lang='lat' dir='ltr'><strong>CIX</strong></span> <span class='ocrx_word' id='word_1_470' title='bbox 1209 1540 1304 1576; x_wconf 72' lang='lat' dir='ltr'><strong>[CoisL</strong></span> <span class='ocrx_word' id='word_1_471' title='bbox 1327 1545 1351 1567; x_wconf 81' lang='lat' dir='ltr'><strong>et</strong></span> <span class='ocrx_word' id='word_1_472' title='bbox 1371 1539 1456 1567; x_wconf 86' lang='lat' dir='ltr'><strong>Taur.</strong></span> <span class='ocrx_word' id='word_1_473' title='bbox 1477 1537 1610 1576; x_wconf 75' lang='lat' dir='ltr'><strong>CXXXI].</strong></span> 
     </span>
    </p>
   </div>
   <div class='ocr_carea' id='block_1_61' title="bbox 897 1585 1682 1621">
    <p class='ocr_par' dir='ltr' id='par_1_61' title="bbox 897 1585 1682 1621">
     <span class='ocr_line' id='line_1_61' title="bbox 897 1585 1682 1621; baseline -0.003 -7"><span class='ocrx_word' id='word_1_474' title='bbox 897 1587 967 1621; x_wconf 82' lang='lat' dir='ltr'><strong>Quid</strong></span> <span class='ocrx_word' id='word_1_475' title='bbox 983 1588 1033 1614; x_wconf 71' lang='lat' dir='ltr'><strong>sibi</strong></span> <span class='ocrx_word' id='word_1_476' title='bbox 1050 1588 1104 1614; x_wconf 82' lang='lat' dir='ltr'><strong>vult</strong></span> <span class='ocrx_word' id='word_1_477' title='bbox 1119 1587 1208 1613; x_wconf 84' lang='lat' dir='ltr'><strong>illud:</strong></span> <span class='ocrx_word' id='word_1_478' title='bbox 1227 1595 1236 1612; x_wconf 83' lang='grc' dir='ltr'><strong>ι</strong></span> <span class='ocrx_word' id='word_1_479' title='bbox 1253 1587 1314 1613; x_wconf 83' lang='lat' dir='ltr'><strong>Non</strong></span> <span class='ocrx_word' id='word_1_480' title='bbox 1328 1586 1352 1613; x_wconf 74' lang='lat' dir='ltr'><strong>si</strong></span> <span class='ocrx_word' id='word_1_481' title='bbox 1368 1591 1436 1613; x_wconf 81' lang='lat' dir='ltr'><strong>recte</strong></span> <span class='ocrx_word' id='word_1_482' title='bbox 1447 1585 1583 1618; x_wconf 64' lang='lat' dir='ltr'><strong>obtulerit,</strong></span> <span class='ocrx_word' id='word_1_483' title='bbox 1603 1595 1612 1612; x_wconf 72' lang='grc' dir='ltr'><strong>ι</strong></span> <span class='ocrx_word' id='word_1_484' title='bbox 1628 1591 1682 1613; x_wconf 77' lang='lat' dir='ltr'><strong>etc.</strong></span> 
     </span>
    </p>
   </div>
   <div class='ocr_carea' id='block_1_62' title="bbox 52 1670 1684 1736">
    <p class='ocr_par' dir='ltr' id='par_1_62' title="bbox 52 1670 1684 1736">
     <span class='ocr_line' id='line_1_62' title="bbox 52 1670 1684 1736; baseline -0.002 -34"><span class='ocrx_word' id='word_1_485' title='bbox 52 1678 125 1703; x_wconf 77' lang='lat' dir='ltr'><strong>Edita</strong></span> <span class='ocrx_word' id='word_1_486' title='bbox 141 1685 157 1703; x_wconf 84' lang='lat' dir='ltr'><strong>a</strong></span> <span class='ocrx_word' id='word_1_487' title='bbox 170 1675 331 1707; x_wconf 71' lang='lat' dir='ltr'><strong>Honlamtio,</strong></span> <span class='ocrx_word' id='word_1_488' title='bbox 354 1683 395 1708; x_wconf 92' lang='lat' dir='ltr'><strong>ep.</strong></span> <span class='ocrx_word' id='word_1_489' title='bbox 408 1675 463 1707; x_wconf 79' lang='lat' dir='ltr'><strong>2H,</strong></span> <span class='ocrx_word' id='word_1_490' title='bbox 477 1675 510 1701; x_wconf 86' lang='lat' dir='ltr'><strong>ad</strong></span> <span class='ocrx_word' id='word_1_491' title='bbox 533 1676 669 1706; x_wconf 60' lang='lat' dir='ltr'><strong>Constant,</strong></span> <span class='ocrx_word' id='word_1_492' title='bbox 689 1683 713 1707; x_wconf 92' lang='lat' dir='ltr'><strong>p.</strong></span> <span class='ocrx_word' id='word_1_493' title='bbox 739 1674 1012 1736; x_wconf 49' lang='grc' dir='ltr'><strong>δοθ-ἱίῗότιὲὥὶοηοιὶο</strong></span> <span class='ocrx_word' id='word_1_494' title='bbox 1035 1675 1061 1699; x_wconf 89' lang='lat' dir='ltr'><strong>in</strong></span> <span class='ocrx_word' id='word_1_495' title='bbox 1073 1673 1163 1699; x_wconf 79' lang='lat' dir='ltr'><strong>Cenes.</strong></span> <span class='ocrx_word' id='word_1_496' title='bbox 1178 1680 1210 1704; x_wconf 82' lang='lat' dir='ltr'><strong>tv,</strong></span> <span class='ocrx_word' id='word_1_497' title='bbox 1238 1674 1252 1698; x_wconf 90' lang='lat'><strong>7</strong></span> <span class='ocrx_word' id='word_1_498' title='bbox 1271 1673 1351 1704; x_wconf 76' lang='lat' dir='ltr'><strong>(juxta</strong></span> <span class='ocrx_word' id='word_1_499' title='bbox 1371 1670 1606 1704; x_wconf 73' lang='lat' dir='ltr'><strong>interpretationem</strong></span> <span class='ocrx_word' id='word_1_500' title='bbox 1623 1674 1684 1699; x_wconf 73' lang='lat' dir='ltr'><strong>LXX</strong></span> 
     </span>
     <span class='ocr_line' id='line_1_63' title="bbox 820 1714 935 1730; baseline -0.009 0"><span class='ocrx_word' id='word_1_501' title='bbox 820 1714 828 1730; x_wconf 88' lang='grc'><strong>1</strong></span> <span class='ocrx_word' id='word_1_502' title='bbox 929 1723 935 1729; x_wconf 95' lang='grc'>.</span> 
     </span>
    </p>
   </div>
   <div class='ocr_carea' id='block_1_63' title="bbox 805 1713 935 1730">
    <p class='ocr_par' dir='ltr' id='par_1_63' title="bbox 805 1713 935 1730">
     <span class='ocr_line' id='line_1_64' title="bbox 805 1713 935 1730; baseline 0 0"><span class='ocrx_word' id='word_1_503' title='bbox 805 1713 912 1730; x_wconf 72' lang='grc' dir='ltr'>νιτοτικυ</span> <span class='ocrx_word' id='word_1_504' title='bbox 917 1713 923 1730; x_wconf 88' lang='lat' dir='ltr'><strong>l</strong></span> <span class='ocrx_word' id='word_1_505' title='bbox 929 1723 935 1729; x_wconf 83' lang='lat'>.</span> 
     </span>
    </p>
   </div>
   <div class='ocr_carea' id='block_1_64' title="bbox 88 1745 827 1786">
    <p class='ocr_par' dir='ltr' id='par_1_64' title="bbox 88 1749 827 1786">
     <span class='ocr_line' id='line_1_65' title="bbox 88 1749 827 1786; baseline -0.004 -8"><span class='ocrx_word' id='word_1_506' title='bbox 88 1751 155 1783; x_wconf 83' lang='grc' dir='ltr'>Τοῖς</span> <span class='ocrx_word' id='word_1_507' title='bbox 182 1749 379 1786; x_wconf 77' lang='grc' dir='ltr'>φιλομαθοῦσιν</span> <span class='ocrx_word' id='word_1_508' title='bbox 398 1750 487 1784; x_wconf 73' lang='grc' dir='ltr'>ἔγωγε</span> <span class='ocrx_word' id='word_1_509' title='bbox 508 1749 579 1785; x_wconf 86' lang='grc' dir='ltr'>(πῶς</span> <span class='ocrx_word' id='word_1_510' title='bbox 593 1749 827 1784; x_wconf 85' lang='grc' dir='ltr'>ἀνεπιφθονώτερο</span> 
     </span>
    </p>
   </div>
   <div class='ocr_carea' id='block_1_65' title="bbox 944 1745 1683 1786">
    <p class='ocr_par' dir='ltr' id='par_1_65' title="bbox 947 1745 1683 1782">
     <span class='ocr_line' id='line_1_66' title="bbox 947 1745 1683 1782; baseline 0 -8"><span class='ocrx_word' id='word_1_511' title='bbox 947 1755 963 1774; x_wconf 91' lang='lat' dir='ltr'><strong>n</strong></span> <span class='ocrx_word' id='word_1_512' title='bbox 977 1754 1025 1774; x_wconf 88' lang='lat' dir='ltr'><strong>eos</strong></span> <span class='ocrx_word' id='word_1_513' title='bbox 1044 1745 1091 1781; x_wconf 90' lang='lat' dir='ltr'><strong>qui</strong></span> <span class='ocrx_word' id='word_1_514' title='bbox 1109 1745 1233 1774; x_wconf 88' lang='lat' dir='ltr'><strong>discendi</strong></span> <span class='ocrx_word' id='word_1_515' title='bbox 1245 1750 1309 1773; x_wconf 89' lang='lat' dir='ltr'><strong>sunt</strong></span> <span class='ocrx_word' id='word_1_516' title='bbox 1322 1745 1413 1780; x_wconf 86' lang='lat' dir='ltr'><strong>cupidi</strong></span> <span class='ocrx_word' id='word_1_517' title='bbox 1427 1765 1435 1778; x_wconf 89' lang='lat'><strong>,</strong></span> <span class='ocrx_word' id='word_1_518' title='bbox 1463 1746 1540 1773; x_wconf 83' lang='lat' dir='ltr'><strong>valde</strong></span> <span class='ocrx_word' id='word_1_519' title='bbox 1561 1746 1683 1782; x_wconf 87' lang='lat' dir='ltr'><strong>(nequid</strong></span> 
     </span>
    </p>
   </div>
   <div class='ocr_carea' id='block_1_66' title="bbox 54 1794 846 1832">
    <p class='ocr_par' dir='ltr' id='par_1_66' title="bbox 54 1794 846 1832">
     <span class='ocr_line' id='line_1_67' title="bbox 54 1794 846 1832; baseline -0.004 -9"><span class='ocrx_word' id='word_1_520' title='bbox 54 1799 127 1824; x_wconf 75' lang='grc' dir='ltr'>εἴπω</span> <span class='ocrx_word' id='word_1_521' title='bbox 139 1798 161 1832; x_wconf 87' lang='grc'><strong>;)</strong></span> <span class='ocrx_word' id='word_1_522' title='bbox 175 1797 285 1832; x_wconf 83' lang='grc' dir='ltr'>χαρίεις</span> <span class='ocrx_word' id='word_1_523' title='bbox 299 1796 368 1832; x_wconf 89' lang='grc' dir='ltr'>είμί.</span> <span class='ocrx_word' id='word_1_524' title='bbox 386 1797 426 1823; x_wconf 86' lang='grc' dir='ltr'><strong>Δι’</strong></span> <span class='ocrx_word' id='word_1_525' title='bbox 442 1796 457 1823; x_wconf 83' lang='grc' dir='ltr'><strong>ὃ</strong></span> <span class='ocrx_word' id='word_1_526' title='bbox 468 1796 523 1823; x_wconf 82' lang='grc' dir='ltr'>τῶν</span> <span class='ocrx_word' id='word_1_527' title='bbox 536 1796 719 1831; x_wconf 75' lang='grc' dir='ltr'>ἠπορημένων</span> <span class='ocrx_word' id='word_1_528' title='bbox 739 1804 781 1822; x_wconf 86' lang='grc' dir='ltr'><strong>σοι</strong></span> <span class='ocrx_word' id='word_1_529' title='bbox 795 1794 846 1829; x_wconf 76' lang='grc' dir='ltr'>τὴν</span> 
     </span>
    </p>
   </div>
   <div class='ocr_carea' id='block_1_67' title="bbox 54 1841 846 1879">
    <p class='ocr_par' dir='ltr' id='par_1_67' title="bbox 54 1841 846 1879">
     <span class='ocr_line' id='line_1_68' title="bbox 54 1841 846 1879; baseline -0.003 -10"><span class='ocrx_word' id='word_1_530' title='bbox 54 1843 147 1875; x_wconf 78' lang='grc' dir='ltr'>λύσιν,</span> <span class='ocrx_word' id='word_1_531' title='bbox 163 1844 234 1877; x_wconf 82' lang='grc' dir='ltr'>μετὰ</span> <span class='ocrx_word' id='word_1_532' title='bbox 248 1842 296 1870; x_wconf 82' lang='grc' dir='ltr'><strong>τοῦ</strong></span> <span class='ocrx_word' id='word_1_533' title='bbox 310 1843 402 1879; x_wconf 71' lang='grc' dir='ltr'>ῥᾳδίου</span> <span class='ocrx_word' id='word_1_534' title='bbox 414 1842 546 1878; x_wconf 86' lang='grc' dir='ltr'>σύντομον</span> <span class='ocrx_word' id='word_1_535' title='bbox 558 1842 694 1878; x_wconf 84' lang='grc' dir='ltr'>εὑρήσεις.</span> <span class='ocrx_word' id='word_1_536' title='bbox 707 1842 744 1868; x_wconf 84' lang='grc' dir='ltr'><strong>Τὸ</strong></span> <span class='ocrx_word' id='word_1_537' title='bbox 757 1841 846 1868; x_wconf 89' lang='grc' dir='ltr'>τοίνυν</span> 
     </span>
    </p>
   </div>
   <div class='ocr_carea' id='block_1_68' title="bbox 53 1886 845 1924">
    <p class='ocr_par' dir='ltr' id='par_1_68' title="bbox 53 1886 845 1924">
     <span class='ocr_line' id='line_1_69' title="bbox 53 1886 845 1924; baseline -0.003 -10"><span class='ocrx_word' id='word_1_538' title='bbox 53 1889 125 1924; x_wconf 70' lang='grc' dir='ltr'>πρὸς</span> <span class='ocrx_word' id='word_1_539' title='bbox 151 1888 197 1914; x_wconf 81' lang='grc' dir='ltr'>τὸν</span> <span class='ocrx_word' id='word_1_540' title='bbox 227 1888 349 1923; x_wconf 81' lang='grc' dir='ltr'>ἀρχηγὸν</span> <span class='ocrx_word' id='word_1_541' title='bbox 375 1887 426 1922; x_wconf 80' lang='grc' dir='ltr'>τῆς</span> <span class='ocrx_word' id='word_1_542' title='bbox 453 1887 662 1922; x_wconf 76' lang='grc' dir='ltr'>ἀδελφοκτονίας</span> <span class='ocrx_word' id='word_1_543' title='bbox 691 1886 845 1922; x_wconf 85' lang='grc' dir='ltr'>εἰρημένον,</span> 
     </span>
    </p>
   </div>
   <div class='ocr_carea' id='block_1_69' title="bbox 54 1932 845 1969">
    <p class='ocr_par' dir='ltr' id='par_1_69' title="bbox 54 1932 845 1969">
     <span class='ocr_line' id='line_1_70' title="bbox 54 1932 845 1969; baseline -0.003 -9"><span class='ocrx_word' id='word_1_544' title='bbox 54 1943 65 1960; x_wconf 76' lang='grc' dir='ltr'><strong>ι</strong></span> <span class='ocrx_word' id='word_1_545' title='bbox 77 1935 138 1961; x_wconf 71' lang='grc' dir='ltr'>Οὐκ</span> <span class='ocrx_word' id='word_1_546' title='bbox 156 1933 189 1960; x_wconf 84' lang='grc' dir='ltr'>ἂν</span> <span class='ocrx_word' id='word_1_547' title='bbox 204 1933 293 1968; x_wconf 80' lang='grc' dir='ltr'>ὀρθῶς</span> <span class='ocrx_word' id='word_1_548' title='bbox 310 1933 508 1968; x_wconf 81' lang='grc' dir='ltr'>προσενέγκῃς,</span> <span class='ocrx_word' id='word_1_549' title='bbox 530 1933 618 1969; x_wconf 82' lang='grc' dir='ltr'>ὀρθῶς</span> <span class='ocrx_word' id='word_1_550' title='bbox 637 1933 666 1960; x_wconf 84' lang='grc' dir='ltr'>δὲ</span> <span class='ocrx_word' id='word_1_551' title='bbox 687 1935 723 1968; x_wconf 82' lang='grc' dir='ltr'>μὴ</span> <span class='ocrx_word' id='word_1_552' title='bbox 745 1932 845 1968; x_wconf 86' lang='grc' dir='ltr'>διέλῃς,</span> 
     </span>
    </p>
   </div>
   <div class='ocr_carea' id='block_1_70' title="bbox 52 1978 847 2014">
    <p class='ocr_par' dir='ltr' id='par_1_70' title="bbox 52 1978 847 2014">
     <span class='ocr_line' id='line_1_71' title="bbox 52 1978 847 2014; baseline 0 -9"><span class='ocrx_word' id='word_1_553' title='bbox 52 1980 196 2014; x_wconf 78' lang='grc' dir='ltr'>ἥμαρτες,</span> <span class='ocrx_word' id='word_1_554' title='bbox 211 1978 360 2014; x_wconf 81' lang='grc' dir='ltr'>ὴσὺχασον,</span> <span class='ocrx_word' id='word_1_555' title='bbox 378 1988 388 2004; x_wconf 70' lang='grc' dir='ltr'><strong>ι</strong></span> <span class='ocrx_word' id='word_1_556' title='bbox 406 1979 552 2013; x_wconf 82' lang='grc' dir='ltr'>διαφόρους</span> <span class='ocrx_word' id='word_1_557' title='bbox 570 1979 625 2005; x_wconf 83' lang='grc' dir='ltr'>ίσθι</span> <span class='ocrx_word' id='word_1_558' title='bbox 641 1979 789 2014; x_wconf 79' lang='grc' dir='ltr'>δυνάμενον</span> <span class='ocrx_word' id='word_1_559' title='bbox 804 1978 847 2005; x_wconf 85' lang='grc' dir='ltr'><strong>δέ-</strong></span> 
     </span>
    </p>
   </div>
   <div class='ocr_carea' id='block_1_71' title="bbox 53 2024 847 2060">
    <p class='ocr_par' dir='ltr' id='par_1_71' title="bbox 53 2024 847 2060">
     <span class='ocr_line' id='line_1_72' title="bbox 53 2024 847 2060; baseline 0 -9"><span class='ocrx_word' id='word_1_560' title='bbox 53 2025 158 2056; x_wconf 77' lang='grc' dir='ltr'>ξασθαι</span> <span class='ocrx_word' id='word_1_561' title='bbox 180 2024 231 2056; x_wconf 82' lang='grc' dir='ltr'>τὰς</span> <span class='ocrx_word' id='word_1_562' title='bbox 259 2024 434 2057; x_wconf 80' lang='grc' dir='ltr'>ἀναπτύξεις.</span> <span class='ocrx_word' id='word_1_563' title='bbox 455 2024 485 2051; x_wconf 80' lang='grc'><strong>’0</strong></span> <span class='ocrx_word' id='word_1_564' title='bbox 515 2026 565 2060; x_wconf 78' lang='grc' dir='ltr'>μὲν</span> <span class='ocrx_word' id='word_1_565' title='bbox 583 2025 638 2060; x_wconf 83' lang='grc' dir='ltr'>γὰρ</span> <span class='ocrx_word' id='word_1_566' title='bbox 656 2024 847 2060; x_wconf 85' lang='grc' dir='ltr'>ἁποφαντικῶς</span> 
     </span>
    </p>
   </div>
   <div class='ocr_carea' id='block_1_72' title="bbox 52 2071 849 2106">
    <p class='ocr_par' dir='ltr' id='par_1_72' title="bbox 52 2071 849 2106">
     <span class='ocr_line' id='line_1_73' title="bbox 52 2071 849 2106; baseline 0 -9"><span class='ocrx_word' id='word_1_567' title='bbox 52 2072 122 2097; x_wconf 78' lang='grc' dir='ltr'>αὒτδ</span> <span class='ocrx_word' id='word_1_568' title='bbox 137 2071 267 2106; x_wconf 84' lang='grc' dir='ltr'>εἰρῆσθαι</span> <span class='ocrx_word' id='word_1_569' title='bbox 279 2071 447 2106; x_wconf 76' lang='grc' dir='ltr'>ὑπειληφὼς,</span> <span class='ocrx_word' id='word_1_570' title='bbox 466 2071 588 2098; x_wconf 78' lang='grc' dir='ltr'>τοιοῦτόν</span> <span class='ocrx_word' id='word_1_571' title='bbox 610 2080 671 2097; x_wconf 82' lang='grc' dir='ltr'>τινα</span> <span class='ocrx_word' id='word_1_572' title='bbox 687 2072 733 2098; x_wconf 77' lang='grc' dir='ltr'>τὸν</span> <span class='ocrx_word' id='word_1_573' title='bbox 758 2072 788 2097; x_wconf 82' lang='grc' dir='ltr'>ὲν</span> <span class='ocrx_word' id='word_1_574' title='bbox 804 2071 849 2097; x_wconf 81' lang='grc' dir='ltr'>αύ-</span> 
     </span>
    </p>
   </div>
   <div class='ocr_carea' id='block_1_73' title="bbox 52 2117 842 2153">
    <p class='ocr_par' dir='ltr' id='par_1_73' title="bbox 52 2117 842 2153">
     <span class='ocr_line' id='line_1_74' title="bbox 52 2117 842 2153; baseline 0.001 -11"><span class='ocrx_word' id='word_1_575' title='bbox 52 2117 91 2152; x_wconf 78' lang='grc' dir='ltr'>τῷ</span> <span class='ocrx_word' id='word_1_576' title='bbox 99 2117 253 2151; x_wconf 80' lang='grc' dir='ltr'>θεωρήσειε</span> <span class='ocrx_word' id='word_1_577' title='bbox 268 2118 345 2144; x_wconf 81' lang='grc' dir='ltr'><strong>νοῦν⁶</strong></span> <span class='ocrx_word' id='word_1_578' title='bbox 357 2118 414 2144; x_wconf 77' lang='grc' dir='ltr'>Οὐκ</span> <span class='ocrx_word' id='word_1_579' title='bbox 425 2117 458 2144; x_wconf 83' lang='grc' dir='ltr'>ἂν</span> <span class='ocrx_word' id='word_1_580' title='bbox 470 2117 560 2153; x_wconf 71' lang='grc' dir='ltr'>ὀρθῶς</span> <span class='ocrx_word' id='word_1_581' title='bbox 573 2118 778 2153; x_wconf 68' lang='grc' dir='ltr'>προσενέγκοις,</span> <span class='ocrx_word' id='word_1_582' title='bbox 791 2117 842 2143; x_wconf 82' lang='grc' dir='ltr'>ὄτι-</span> 
     </span>
    </p>
   </div>
   <div class='ocr_carea' id='block_1_74' title="bbox 53 2162 848 2199">
    <p class='ocr_par' dir='ltr' id='par_1_74' title="bbox 53 2162 848 2199">
     <span class='ocr_line' id='line_1_75' title="bbox 53 2162 848 2199; baseline 0 -11"><span class='ocrx_word' id='word_1_583' title='bbox 53 2171 110 2197; x_wconf 78' lang='grc' dir='ltr'>περ</span> <span class='ocrx_word' id='word_1_584' title='bbox 127 2162 199 2197; x_wconf 70' lang='grc' dir='ltr'>μηδὲ</span> <span class='ocrx_word' id='word_1_585' title='bbox 214 2162 312 2194; x_wconf 85' lang='grc' dir='ltr'>διεῖλες</span> <span class='ocrx_word' id='word_1_586' title='bbox 324 2162 422 2199; x_wconf 85' lang='grc' dir='ltr'>ὀρθῶς.</span> <span class='ocrx_word' id='word_1_587' title='bbox 435 2163 688 2195; x_wconf 76' lang='grc' dir='ltr'>Τουτέστιν.;¹Επε“ι</span> <span class='ocrx_word' id='word_1_588' title='bbox 706 2163 742 2198; x_wconf 80' lang='grc' dir='ltr'>μὴ</span> <span class='ocrx_word' id='word_1_589' title='bbox 753 2163 848 2194; x_wconf 84' lang='grc' dir='ltr'>διεῖλες</span> 
     </span>
    </p>
   </div>
   <div class='ocr_carea' id='block_1_75' title="bbox 52 2207 848 2244">
    <p class='ocr_par' dir='ltr' id='par_1_75' title="bbox 52 2207 848 2244">
     <span class='ocr_line' id='line_1_76' title="bbox 52 2207 848 2244; baseline -0.001 -10"><span class='ocrx_word' id='word_1_590' title='bbox 52 2207 160 2243; x_wconf 73' lang='grc' dir='ltr'>ὀρθῶς,</span> <span class='ocrx_word' id='word_1_591' title='bbox 173 2208 236 2234; x_wconf 80' lang='grc' dir='ltr'>οὐδὲ</span> <span class='ocrx_word' id='word_1_592' title='bbox 253 2210 440 2244; x_wconf 81' lang='grc' dir='ltr'>προσήνεγκες</span> <span class='ocrx_word' id='word_1_593' title='bbox 453 2209 553 2244; x_wconf 80' lang='grc' dir='ltr'><strong>ὀρθῶς·</strong></span> <span class='ocrx_word' id='word_1_594' title='bbox 572 2209 589 2244; x_wconf 80' lang='grc' dir='ltr'>ἡ</span> <span class='ocrx_word' id='word_1_595' title='bbox 606 2208 659 2244; x_wconf 83' lang='grc' dir='ltr'>γὰρ</span> <span class='ocrx_word' id='word_1_596' title='bbox 679 2208 746 2244; x_wconf 80' lang='grc' dir='ltr'>ὀρθὴ</span> <span class='ocrx_word' id='word_1_597' title='bbox 764 2216 848 2244; x_wconf 87' lang='grc' dir='ltr'>προσ-</span> 
     </span>
    </p>
   </div>
   <div class='ocr_carea' id='block_1_76' title="bbox 53 2253 849 2290">
    <p class='ocr_par' dir='ltr' id='par_1_76' title="bbox 53 2253 849 2290">
     <span class='ocr_line' id='line_1_77' title="bbox 53 2253 849 2290; baseline -0.001 -10"><span class='ocrx_word' id='word_1_598' title='bbox 53 2255 148 2287; x_wconf 81' lang='grc' dir='ltr'>ένεξις</span> <span class='ocrx_word' id='word_1_599' title='bbox 166 2253 217 2288; x_wconf 81' lang='grc' dir='ltr'>τῆς</span> <span class='ocrx_word' id='word_1_600' title='bbox 229 2254 313 2289; x_wconf 80' lang='grc' dir='ltr'><strong>ὀρθῆς</strong></span> <span class='ocrx_word' id='word_1_601' title='bbox 329 2254 428 2290; x_wconf 69' lang='grc' dir='ltr'>ᾕρηται</span> <span class='ocrx_word' id='word_1_602' title='bbox 446 2259 465 2270; x_wconf 87' lang='grc'><strong><em>“</em></strong></span> <span class='ocrx_word' id='word_1_603' title='bbox 479 2255 639 2289; x_wconf 82' lang='grc' dir='ltr'>διαιρέσεως</span> <span class='ocrx_word' id='word_1_604' title='bbox 658 2262 665 2269; x_wconf 93' lang='grc'><strong>·</strong></span> <span class='ocrx_word' id='word_1_605' title='bbox 681 2254 715 2281; x_wconf 82' lang='grc' dir='ltr'>δι’</span> <span class='ocrx_word' id='word_1_606' title='bbox 732 2254 746 2280; x_wconf 80' lang='grc' dir='ltr'><strong>ὃ</strong></span> <span class='ocrx_word' id='word_1_607' title='bbox 758 2254 849 2289; x_wconf 81' lang='grc' dir='ltr'>ἥμαρ-</span> 
     </span>
    </p>
   </div>
   <div class='ocr_carea' id='block_1_77' title="bbox 53 2299 850 2336">
    <p class='ocr_par' dir='ltr' id='par_1_77' title="bbox 53 2299 850 2336">
     <span class='ocr_line' id='line_1_78' title="bbox 53 2299 850 2336; baseline -0.001 -10"><span class='ocrx_word' id='word_1_608' title='bbox 53 2309 113 2332; x_wconf 82' lang='grc' dir='ltr'>τες,</span> <span class='ocrx_word' id='word_1_609' title='bbox 135 2300 286 2335; x_wconf 86' lang='grc' dir='ltr'>ήσύχασον.</span> <span class='ocrx_word' id='word_1_610' title='bbox 303 2302 334 2328; x_wconf 82' lang='grc' dir='ltr'><strong>Εἰ</strong></span> <span class='ocrx_word' id='word_1_611' title='bbox 362 2302 390 2328; x_wconf 77' lang='grc' dir='ltr'><strong>δέ</strong></span> <span class='ocrx_word' id='word_1_612' title='bbox 412 2310 455 2333; x_wconf 88' lang='grc' dir='ltr'><strong>τις</strong></span> <span class='ocrx_word' id='word_1_613' title='bbox 473 2302 523 2328; x_wconf 78' lang='grc' dir='ltr'>οὐκ</span> <span class='ocrx_word' id='word_1_614' title='bbox 544 2301 774 2336; x_wconf 81' lang='grc' dir='ltr'>ἀποφαινόμενον,</span> <span class='ocrx_word' id='word_1_615' title='bbox 792 2299 850 2326; x_wconf 78' lang='grc' dir='ltr'><strong>ἀλλ’</strong></span> 
     </span>
    </p>
   </div>
   <div class='ocr_carea' id='block_1_78' title="bbox 52 2345 850 2381">
    <p class='ocr_par' dir='ltr' id='par_1_78' title="bbox 52 2345 850 2381">
     <span class='ocr_line' id='line_1_79' title="bbox 52 2345 850 2381; baseline 0 -10"><span class='ocrx_word' id='word_1_616' title='bbox 52 2347 81 2371; x_wconf 81' lang='grc' dir='ltr'>ὲν</span> <span class='ocrx_word' id='word_1_617' title='bbox 102 2345 187 2380; x_wconf 82' lang='grc' dir='ltr'>τύπῳ</span> <span class='ocrx_word' id='word_1_618' title='bbox 198 2347 434 2381; x_wconf 81' lang='grc' dir='ltr'>προενηνεγμένον</span> <span class='ocrx_word' id='word_1_619' title='bbox 451 2347 610 2381; x_wconf 79' lang='grc' dir='ltr'>ἐρωτήσεως</span> <span class='ocrx_word' id='word_1_620' title='bbox 625 2346 670 2372; x_wconf 83' lang='grc' dir='ltr'>τὸν</span> <span class='ocrx_word' id='word_1_621' title='bbox 677 2345 756 2380; x_wconf 81' lang='grc' dir='ltr'>λόγον</span> <span class='ocrx_word' id='word_1_622' title='bbox 771 2345 850 2371; x_wconf 76' lang='grc' dir='ltr'>ἐκλά-</span> 
     </span>
    </p>
   </div>
   <div class='ocr_carea' id='block_1_79' title="bbox 897 1791 1685 1827">
    <p class='ocr_par' dir='ltr' id='par_1_79' title="bbox 897 1791 1685 1827">
     <span class='ocr_line' id='line_1_80' title="bbox 897 1791 1685 1827; baseline 0 -7"><span class='ocrx_word' id='word_1_623' title='bbox 897 1793 984 1827; x_wconf 77' lang='lat' dir='ltr'><strong>magis</strong></span> <span class='ocrx_word' id='word_1_624' title='bbox 1005 1791 1171 1819; x_wconf 86' lang='lat' dir='ltr'><strong>invidiosum</strong></span> <span class='ocrx_word' id='word_1_625' title='bbox 1192 1791 1292 1826; x_wconf 86' lang='lat' dir='ltr'><strong>dicam)</strong></span> <span class='ocrx_word' id='word_1_626' title='bbox 1316 1798 1366 1826; x_wconf 77' lang='lat' dir='ltr'><strong>ego</strong></span> <span class='ocrx_word' id='word_1_627' title='bbox 1390 1791 1527 1825; x_wconf 81' lang='lat' dir='ltr'><strong>gratiosus</strong></span> <span class='ocrx_word' id='word_1_628' title='bbox 1549 1797 1574 1820; x_wconf 90' lang='lat' dir='ltr'><strong>et</strong></span> <span class='ocrx_word' id='word_1_629' title='bbox 1592 1793 1626 1820; x_wconf 86' lang='lat' dir='ltr'><strong>ab</strong></span> <span class='ocrx_word' id='word_1_630' title='bbox 1649 1793 1685 1821; x_wconf 79' lang='lat' dir='ltr'><strong>iis</strong></span> 
     </span>
    </p>
   </div>
   <div class='ocr_carea' id='block_1_80' title="bbox 896 1838 1684 1874">
    <p class='ocr_par' dir='ltr' id='par_1_80' title="bbox 896 1838 1684 1874">
     <span class='ocr_line' id='line_1_81' title="bbox 896 1838 1684 1874; baseline -0.001 -7"><span class='ocrx_word' id='word_1_631' title='bbox 896 1843 1025 1874; x_wconf 86' lang='lat' dir='ltr'><strong>acceptus</strong></span> <span class='ocrx_word' id='word_1_632' title='bbox 1038 1846 1100 1866; x_wconf 89' lang='lat' dir='ltr'><strong>sum</strong></span> <span class='ocrx_word' id='word_1_633' title='bbox 1123 1846 1130 1864; x_wconf 88' lang='lat'><strong><em>:</em></strong></span> <span class='ocrx_word' id='word_1_634' title='bbox 1153 1838 1283 1872; x_wconf 89' lang='lat' dir='ltr'><strong>quocirca</strong></span> <span class='ocrx_word' id='word_1_635' title='bbox 1306 1839 1488 1872; x_wconf 69' lang='lat' dir='ltr'><strong>qumstionum</strong></span> <span class='ocrx_word' id='word_1_636' title='bbox 1504 1846 1519 1865; x_wconf 72' lang='grc' dir='ltr'><strong>α</strong></span> <span class='ocrx_word' id='word_1_637' title='bbox 1536 1843 1562 1866; x_wconf 83' lang='lat' dir='ltr'><strong>te</strong></span> <span class='ocrx_word' id='word_1_638' title='bbox 1582 1846 1684 1874; x_wconf 84' lang='lat' dir='ltr'><strong>propo-</strong></span> 
     </span>
    </p>
   </div>
   <div class='ocr_carea' id='block_1_81' title="bbox 897 1883 1685 1917">
    <p class='ocr_par' dir='ltr' id='par_1_81' title="bbox 897 1883 1685 1917">
     <span class='ocr_line' id='line_1_82' title="bbox 897 1883 1685 1917; baseline 0 -5"><span class='ocrx_word' id='word_1_639' title='bbox 897 1885 1012 1912; x_wconf 84' lang='lat' dir='ltr'><strong>sitarum</strong></span> <span class='ocrx_word' id='word_1_640' title='bbox 1038 1883 1213 1917; x_wconf 85' lang='lat' dir='ltr'><strong>solutionem,</strong></span> <span class='ocrx_word' id='word_1_641' title='bbox 1230 1889 1257 1911; x_wconf 89' lang='lat' dir='ltr'><strong>et</strong></span> <span class='ocrx_word' id='word_1_642' title='bbox 1283 1883 1389 1911; x_wconf 78' lang='lat' dir='ltr'><strong>facilem</strong></span> <span class='ocrx_word' id='word_1_643' title='bbox 1411 1889 1439 1911; x_wconf 89' lang='lat' dir='ltr'><strong>et</strong></span> <span class='ocrx_word' id='word_1_644' title='bbox 1457 1884 1596 1912; x_wconf 85' lang='lat' dir='ltr'><strong>concisam</strong></span> <span class='ocrx_word' id='word_1_645' title='bbox 1614 1885 1685 1912; x_wconf 54' lang='lat' dir='ltr'><strong>reci.</strong></span> 
     </span>
    </p>
   </div>
   <div class='ocr_carea' id='block_1_82' title="bbox 896 1922 1712 1966">
    <p class='ocr_par' dir='ltr' id='par_1_82' title="bbox 896 1922 1712 1966">
     <span class='ocr_line' id='line_1_83' title="bbox 896 1922 1712 1966; baseline -0.002 -9"><span class='ocrx_word' id='word_1_646' title='bbox 896 1931 965 1966; x_wconf 91' lang='lat' dir='ltr'><strong>pies.</strong></span> <span class='ocrx_word' id='word_1_647' title='bbox 981 1929 1060 1962; x_wconf 87' lang='lat' dir='ltr'><strong>Illud,</strong></span> <span class='ocrx_word' id='word_1_648' title='bbox 1075 1929 1109 1956; x_wconf 88' lang='lat' dir='ltr'><strong>ad</strong></span> <span class='ocrx_word' id='word_1_649' title='bbox 1125 1936 1186 1957; x_wconf 86' lang='lat' dir='ltr'><strong>eum</strong></span> <span class='ocrx_word' id='word_1_650' title='bbox 1201 1928 1248 1964; x_wconf 89' lang='lat' dir='ltr'><strong>qui</strong></span> <span class='ocrx_word' id='word_1_651' title='bbox 1265 1929 1390 1963; x_wconf 83' lang='lat' dir='ltr'><strong>princeps</strong></span> <span class='ocrx_word' id='word_1_652' title='bbox 1406 1928 1587 1956; x_wconf 76' lang='lat' dir='ltr'><strong>fratricidium</strong></span> <span class='ocrx_word' id='word_1_653' title='bbox 1606 1928 1683 1956; x_wconf 82' lang='lat' dir='ltr'><strong>inve-</strong></span> <span class='ocrx_word' id='word_1_654' title='bbox 1708 1922 1712 1929; x_wconf 76' lang='grc'><em>’</em></span> 
     </span>
    </p>
   </div>
   <div class='ocr_carea' id='block_1_83' title="bbox 898 1973 1686 2009">
    <p class='ocr_par' dir='ltr' id='par_1_83' title="bbox 898 1973 1686 2009">
     <span class='ocr_line' id='line_1_84' title="bbox 898 1973 1686 2009; baseline -0.005 -6"><span class='ocrx_word' id='word_1_655' title='bbox 898 1976 939 2003; x_wconf 87' lang='lat' dir='ltr'><strong>nit</strong></span> <span class='ocrx_word' id='word_1_656' title='bbox 951 1996 958 2009; x_wconf 86' lang='lat'><strong>,</strong></span> <span class='ocrx_word' id='word_1_657' title='bbox 976 1975 1081 2003; x_wconf 86' lang='lat' dir='ltr'><strong>dictum</strong></span> <span class='ocrx_word' id='word_1_658' title='bbox 1099 1983 1106 2002; x_wconf 91' lang='lat'><strong>:</strong></span> <span class='ocrx_word' id='word_1_659' title='bbox 1127 1974 1172 2001; x_wconf 69' lang='lat' dir='ltr'><strong>«Si</strong></span> <span class='ocrx_word' id='word_1_660' title='bbox 1195 1978 1269 2001; x_wconf 82' lang='lat' dir='ltr'><strong>recte</strong></span> <span class='ocrx_word' id='word_1_661' title='bbox 1286 1973 1429 2005; x_wconf 86' lang='lat' dir='ltr'><strong>obtuleris,</strong></span> <span class='ocrx_word' id='word_1_662' title='bbox 1445 1981 1499 2000; x_wconf 92' lang='lat' dir='ltr'><strong>non</strong></span> <span class='ocrx_word' id='word_1_663' title='bbox 1524 1978 1597 2001; x_wconf 85' lang='lat' dir='ltr'><strong>recte</strong></span> <span class='ocrx_word' id='word_1_664' title='bbox 1616 1973 1686 2000; x_wconf 87' lang='lat' dir='ltr'><strong>divi-</strong></span> 
     </span>
    </p>
   </div>
   <div class='ocr_carea' id='block_1_84' title="bbox 899 2019 1684 2056">
    <p class='ocr_par' dir='ltr' id='par_1_84' title="bbox 899 2019 1684 2056">
     <span class='ocr_line' id='line_1_85' title="bbox 899 2019 1684 2056; baseline -0.003 -7"><span class='ocrx_word' id='word_1_665' title='bbox 899 2023 978 2054; x_wconf 82' lang='lat' dir='ltr'><strong>seris,</strong></span> <span class='ocrx_word' id='word_1_666' title='bbox 997 2021 1126 2056; x_wconf 82' lang='lat' dir='ltr'><strong>peccasti,</strong></span> <span class='ocrx_word' id='word_1_667' title='bbox 1140 2019 1251 2055; x_wconf 85' lang='lat' dir='ltr'><strong>quiesce</strong></span> <span class='ocrx_word' id='word_1_668' title='bbox 1266 2029 1290 2046; x_wconf 76' lang='grc' dir='ltr'><strong>ς»</strong></span> <span class='ocrx_word' id='word_1_669' title='bbox 1307 2019 1486 2054; x_wconf 76' lang='lat' dir='ltr'><strong>multiplices,</strong></span> <span class='ocrx_word' id='word_1_670' title='bbox 1502 2019 1583 2046; x_wconf 80' lang='lat' dir='ltr'><strong>velim</strong></span> <span class='ocrx_word' id='word_1_671' title='bbox 1600 2020 1684 2052; x_wconf 79' lang='lat' dir='ltr'><strong>scias,</strong></span> 
     </span>
    </p>
   </div>
   <div class='ocr_carea' id='block_1_85' title="bbox 899 2065 1683 2101">
    <p class='ocr_par' dir='ltr' id='par_1_85' title="bbox 899 2065 1683 2101">
     <span class='ocr_line' id='line_1_86' title="bbox 899 2065 1683 2101; baseline -0.003 -6"><span class='ocrx_word' id='word_1_672' title='bbox 899 2068 1024 2095; x_wconf 86' lang='lat' dir='ltr'><strong>admittet</strong></span> <span class='ocrx_word' id='word_1_673' title='bbox 1041 2067 1237 2101; x_wconf 76' lang='lat' dir='ltr'><strong>expositiOnes.</strong></span> <span class='ocrx_word' id='word_1_674' title='bbox 1254 2065 1306 2098; x_wconf 86' lang='lat' dir='ltr'><strong>Qui</strong></span> <span class='ocrx_word' id='word_1_675' title='bbox 1324 2066 1429 2093; x_wconf 86' lang='lat' dir='ltr'><strong>dictum</strong></span> <span class='ocrx_word' id='word_1_676' title='bbox 1450 2070 1527 2100; x_wconf 85' lang='lat' dir='ltr'><strong>putat</strong></span> <span class='ocrx_word' id='word_1_677' title='bbox 1542 2066 1683 2098; x_wconf 80' lang='lat' dir='ltr'><strong>asscrtive,</strong></span> 
     </span>
    </p>
   </div>
   <div class='ocr_carea' id='block_1_86' title="bbox 899 2111 1686 2147">
    <p class='ocr_par' dir='ltr' id='par_1_86' title="bbox 899 2111 1686 2147">
     <span class='ocr_line' id='line_1_87' title="bbox 899 2111 1686 2147; baseline -0.004 -6"><span class='ocrx_word' id='word_1_678' title='bbox 899 2114 980 2141; x_wconf 85' lang='lat' dir='ltr'><strong>talem</strong></span> <span class='ocrx_word' id='word_1_679' title='bbox 990 2113 1153 2141; x_wconf 77' lang='lat' dir='ltr'><strong>sententiam</strong></span> <span class='ocrx_word' id='word_1_680' title='bbox 1164 2112 1292 2139; x_wconf 85' lang='lat' dir='ltr'><strong>latentem</strong></span> <span class='ocrx_word' id='word_1_681' title='bbox 1304 2111 1431 2139; x_wconf 78' lang='lat' dir='ltr'><strong>extundet</strong></span> <span class='ocrx_word' id='word_1_682' title='bbox 1448 2120 1455 2138; x_wconf 92' lang='lat'><strong>:</strong></span> <span class='ocrx_word' id='word_1_683' title='bbox 1468 2111 1686 2147; x_wconf 83' lang='lat' dir='ltr'><strong>Haudquaquam</strong></span> 
     </span>
    </p>
   </div>
   <div class='ocr_carea' id='block_1_87' title="bbox 899 2156 1687 2194">
    <p class='ocr_par' dir='ltr' id='par_1_87' title="bbox 899 2156 1687 2194">
     <span class='ocr_line' id='line_1_88' title="bbox 899 2156 1687 2194; baseline -0.005 -6"><span class='ocrx_word' id='word_1_684' title='bbox 899 2165 973 2188; x_wconf 87' lang='lat' dir='ltr'><strong>recte</strong></span> <span class='ocrx_word' id='word_1_685' title='bbox 987 2159 1085 2187; x_wconf 79' lang='lat' dir='ltr'><strong>oﬂ‘erre</strong></span> <span class='ocrx_word' id='word_1_686' title='bbox 1099 2162 1176 2194; x_wconf 80' lang='lat' dir='ltr'><strong>potes</strong></span> <span class='ocrx_word' id='word_1_687' title='bbox 1188 2177 1195 2190; x_wconf 85' lang='lat'><strong>,</strong></span> <span class='ocrx_word' id='word_1_688' title='bbox 1219 2158 1283 2192; x_wconf 85' lang='lat' dir='ltr'><strong>quia</strong></span> <span class='ocrx_word' id='word_1_689' title='bbox 1307 2165 1362 2184; x_wconf 87' lang='lat' dir='ltr'><strong>non</strong></span> <span class='ocrx_word' id='word_1_690' title='bbox 1383 2161 1456 2185; x_wconf 85' lang='lat' dir='ltr'><strong>recte</strong></span> <span class='ocrx_word' id='word_1_691' title='bbox 1478 2156 1596 2184; x_wconf 81' lang='lat' dir='ltr'><strong>divisisti</strong></span> <span class='ocrx_word' id='word_1_692' title='bbox 1611 2165 1618 2184; x_wconf 91' lang='lat'>:</span> <span class='ocrx_word' id='word_1_693' title='bbox 1635 2157 1687 2184; x_wconf 86' lang='lat' dir='ltr'><strong>hoc</strong></span> 
     </span>
    </p>
   </div>
   <div class='ocr_carea' id='block_1_88' title="bbox 899 2206 1687 2240">
    <p class='ocr_par' dir='ltr' id='par_1_88' title="bbox 899 2206 1687 2240">
     <span class='ocr_line' id='line_1_89' title="bbox 899 2206 1687 2240; baseline -0.004 -4"><span class='ocrx_word' id='word_1_694' title='bbox 899 2210 942 2236; x_wconf 85' lang='lat' dir='ltr'><strong>est</strong></span> <span class='ocrx_word' id='word_1_695' title='bbox 957 2217 963 2235; x_wconf 88' lang='lat'><strong>:</strong></span> <span class='ocrx_word' id='word_1_696' title='bbox 981 2207 1051 2240; x_wconf 85' lang='lat' dir='ltr'><strong>Quia</strong></span> <span class='ocrx_word' id='word_1_697' title='bbox 1067 2207 1158 2233; x_wconf 83' lang='lat' dir='ltr'><strong>minus</strong></span> <span class='ocrx_word' id='word_1_698' title='bbox 1174 2211 1248 2233; x_wconf 87' lang='lat' dir='ltr'><strong>recte</strong></span> <span class='ocrx_word' id='word_1_699' title='bbox 1263 2206 1394 2237; x_wconf 80' lang='lat' dir='ltr'><strong>divisisti.</strong></span> <span class='ocrx_word' id='word_1_700' title='bbox 1407 2210 1434 2233; x_wconf 84' lang='lat' dir='ltr'><strong>et</strong></span> <span class='ocrx_word' id='word_1_701' title='bbox 1449 2206 1540 2234; x_wconf 86' lang='lat' dir='ltr'><strong>minus</strong></span> <span class='ocrx_word' id='word_1_702' title='bbox 1551 2210 1625 2234; x_wconf 85' lang='lat' dir='ltr'><strong>recte</strong></span> <span class='ocrx_word' id='word_1_703' title='bbox 1638 2207 1687 2234; x_wconf 85' lang='lat' dir='ltr'><strong>oh-</strong></span> 
     </span>
    </p>
   </div>
   <div class='ocr_carea' id='block_1_89' title="bbox 901 2252 1686 2287">
    <p class='ocr_par' dir='ltr' id='par_1_89' title="bbox 901 2252 1686 2287">
     <span class='ocr_line' id='line_1_90' title="bbox 901 2252 1686 2287; baseline -0.003 -6"><span class='ocrx_word' id='word_1_704' title='bbox 901 2254 1006 2286; x_wconf 87' lang='lat' dir='ltr'><strong>tulisti,</strong></span> <span class='ocrx_word' id='word_1_705' title='bbox 1020 2261 1083 2280; x_wconf 86' lang='lat' dir='ltr'><strong>nam</strong></span> <span class='ocrx_word' id='word_1_706' title='bbox 1098 2257 1171 2281; x_wconf 86' lang='lat' dir='ltr'><strong>recta</strong></span> <span class='ocrx_word' id='word_1_707' title='bbox 1188 2252 1293 2280; x_wconf 88' lang='lat' dir='ltr'><strong>oblatio</strong></span> <span class='ocrx_word' id='word_1_708' title='bbox 1312 2253 1412 2287; x_wconf 88' lang='lat' dir='ltr'><strong>pendet</strong></span> <span class='ocrx_word' id='word_1_709' title='bbox 1426 2260 1441 2279; x_wconf 89' lang='lat' dir='ltr'><strong>a</strong></span> <span class='ocrx_word' id='word_1_710' title='bbox 1458 2258 1531 2279; x_wconf 82' lang='lat' dir='ltr'><strong>recta</strong></span> <span class='ocrx_word' id='word_1_711' title='bbox 1553 2252 1686 2279; x_wconf 85' lang='lat' dir='ltr'><strong>distribu-</strong></span> 
     </span>
    </p>
   </div>
   <div class='ocr_carea' id='block_1_90' title="bbox 901 2296 1686 2334">
    <p class='ocr_par' dir='ltr' id='par_1_90' title="bbox 901 2296 1686 2334">
     <span class='ocr_line' id='line_1_91' title="bbox 901 2296 1686 2334; baseline -0.005 -6"><span class='ocrx_word' id='word_1_712' title='bbox 901 2301 985 2332; x_wconf 86' lang='lat' dir='ltr'><strong>tione,</strong></span> <span class='ocrx_word' id='word_1_713' title='bbox 999 2300 1129 2334; x_wconf 86' lang='lat' dir='ltr'><strong>quocirca</strong></span> <span class='ocrx_word' id='word_1_714' title='bbox 1145 2298 1262 2334; x_wconf 82' lang='lat' dir='ltr'><strong>peccasti</strong></span> <span class='ocrx_word' id='word_1_715' title='bbox 1278 2302 1305 2325; x_wconf 87' lang='lat' dir='ltr'><strong>et</strong></span> <span class='ocrx_word' id='word_1_716' title='bbox 1317 2298 1354 2325; x_wconf 86' lang='lat' dir='ltr'><strong>sis</strong></span> <span class='ocrx_word' id='word_1_717' title='bbox 1366 2297 1488 2332; x_wconf 84' lang='lat' dir='ltr'><strong>quietus.</strong></span> <span class='ocrx_word' id='word_1_718' title='bbox 1503 2296 1582 2329; x_wconf 85' lang='lat' dir='ltr'><strong>Quod</strong></span> <span class='ocrx_word' id='word_1_719' title='bbox 1597 2297 1618 2323; x_wconf 87' lang='lat' dir='ltr'><strong>si</strong></span> <span class='ocrx_word' id='word_1_720' title='bbox 1633 2305 1686 2324; x_wconf 80' lang='lat' dir='ltr'><strong>non</strong></span> 
     </span>
    </p>
   </div>
   <div class='ocr_carea' id='block_1_91' title="bbox 901 2342 1685 2378">
    <p class='ocr_par' dir='ltr' id='par_1_91' title="bbox 901 2342 1685 2378">
     <span class='ocr_line' id='line_1_92' title="bbox 901 2342 1685 2378; baseline -0.005 -5"><span class='ocrx_word' id='word_1_721' title='bbox 901 2346 1035 2374; x_wconf 82' lang='lat' dir='ltr'><strong>:tssertive</strong></span> <span class='ocrx_word' id='word_1_722' title='bbox 1053 2345 1168 2376; x_wconf 88' lang='lat' dir='ltr'><strong>dictum,</strong></span> <span class='ocrx_word' id='word_1_723' title='bbox 1190 2348 1219 2372; x_wconf 85' lang='lat' dir='ltr'><strong>at</strong></span> <span class='ocrx_word' id='word_1_724' title='bbox 1235 2343 1458 2378; x_wconf 76' lang='lat' dir='ltr'><strong>interrogationis</strong></span> <span class='ocrx_word' id='word_1_725' title='bbox 1483 2342 1569 2370; x_wconf 78' lang='lat' dir='ltr'><strong>forma</strong></span> <span class='ocrx_word' id='word_1_726' title='bbox 1594 2342 1685 2377; x_wconf 76' lang='lat' dir='ltr'><strong>prola-</strong></span> 
     </span>
    </p>
   </div>
   <div class='ocr_carea' id='block_1_92' title="bbox 52 2389 791 2429">
    <p class='ocr_par' dir='ltr' id='par_1_92' title="bbox 52 2391 791 2427">
     <span class='ocr_line' id='line_1_93' title="bbox 52 2391 791 2427; baseline 0 -10"><span class='ocrx_word' id='word_1_727' title='bbox 52 2392 95 2418; x_wconf 73' lang='grc' dir='ltr'>ὃοι</span> <span class='ocrx_word' id='word_1_728' title='bbox 129 2392 192 2426; x_wconf 66' lang='grc' dir='ltr'><strong>(καὶ¹</strong></span> <span class='ocrx_word' id='word_1_729' title='bbox 218 2391 273 2426; x_wconf 87' lang='grc' dir='ltr'>γὰρ</span> <span class='ocrx_word' id='word_1_730' title='bbox 292 2392 340 2418; x_wconf 75' lang='grc' dir='ltr'>καὶ</span> <span class='ocrx_word' id='word_1_731' title='bbox 363 2392 442 2418; x_wconf 81' lang='grc' dir='ltr'>τοῦτο</span> <span class='ocrx_word' id='word_1_732' title='bbox 471 2392 588 2427; x_wconf 80' lang='grc' dir='ltr'>μάλιστα</span> <span class='ocrx_word' id='word_1_733' title='bbox 605 2391 743 2427; x_wconf 72' lang='grc' dir='ltr'>ἐγχωρεῖ),</span> <span class='ocrx_word' id='word_1_734' title='bbox 764 2399 791 2417; x_wconf 76' lang='grc' dir='ltr'><strong>τε</strong></span> 
     </span>
    </p>
   </div>
   <div class='ocr_carea' id='block_1_93' title="bbox 945 2389 1684 2429">
    <p class='ocr_par' dir='ltr' id='par_1_93' title="bbox 945 2390 1684 2429">
     <span class='ocr_line' id='line_1_94' title="bbox 945 2390 1684 2429; baseline -0.007 -7"><span class='ocrx_word' id='word_1_735' title='bbox 945 2403 963 2422; x_wconf 86' lang='lat' dir='ltr'><strong>n</strong></span> <span class='ocrx_word' id='word_1_736' title='bbox 977 2394 1042 2422; x_wconf 77' lang='lat' dir='ltr'><strong>velit</strong></span> <span class='ocrx_word' id='word_1_737' title='bbox 1057 2393 1131 2429; x_wconf 84' lang='lat' dir='ltr'><strong>(nam</strong></span> <span class='ocrx_word' id='word_1_738' title='bbox 1146 2397 1173 2420; x_wconf 89' lang='lat' dir='ltr'><strong>et</strong></span> <span class='ocrx_word' id='word_1_739' title='bbox 1185 2392 1213 2420; x_wconf 91' lang='lat' dir='ltr'><strong>id</strong></span> <span class='ocrx_word' id='word_1_740' title='bbox 1225 2392 1356 2427; x_wconf 86' lang='lat' dir='ltr'><strong>videtur),</strong></span> <span class='ocrx_word' id='word_1_741' title='bbox 1374 2397 1432 2419; x_wconf 86' lang='lat' dir='ltr'><strong>tum</strong></span> <span class='ocrx_word' id='word_1_742' title='bbox 1446 2391 1490 2419; x_wconf 91' lang='lat' dir='ltr'><strong>hic</strong></span> <span class='ocrx_word' id='word_1_743' title='bbox 1503 2398 1602 2419; x_wconf 85' lang='lat' dir='ltr'><strong>sensus</strong></span> <span class='ocrx_word' id='word_1_744' title='bbox 1615 2390 1684 2417; x_wconf 90' lang='lat' dir='ltr'><strong>erit:</strong></span> 
     </span>
    </p>
   </div>
   <div class='ocr_carea' id='block_1_94' title="bbox 51 2436 850 2473">
    <p class='ocr_par' dir='ltr' id='par_1_94' title="bbox 51 2436 850 2473">
     <span class='ocr_line' id='line_1_95' title="bbox 51 2436 850 2473; baseline -0.003 -10"><span class='ocrx_word' id='word_1_745' title='bbox 51 2445 99 2463; x_wconf 83' lang='grc' dir='ltr'><strong>τον</strong></span> <span class='ocrx_word' id='word_1_746' title='bbox 118 2437 236 2472; x_wconf 78' lang='grc' dir='ltr'>εὑρήσει</span> <span class='ocrx_word' id='word_1_747' title='bbox 250 2437 297 2463; x_wconf 77' lang='grc' dir='ltr'>τὸν</span> <span class='ocrx_word' id='word_1_748' title='bbox 314 2437 389 2464; x_wconf 82' lang='grc' dir='ltr'>νοῦν·</span> <span class='ocrx_word' id='word_1_749' title='bbox 406 2438 489 2473; x_wconf 77' lang='grc' dir='ltr'>Οὐχὶ,</span> <span class='ocrx_word' id='word_1_750' title='bbox 505 2437 583 2473; x_wconf 71' lang='grc' dir='ltr'>φησὶ,</span> <span class='ocrx_word' id='word_1_751' title='bbox 599 2436 650 2464; x_wconf 77' lang='grc' dir='ltr'>κᾶν</span> <span class='ocrx_word' id='word_1_752' title='bbox 665 2436 754 2470; x_wconf 82' lang='grc' dir='ltr'>ὀρθῶς</span> <span class='ocrx_word' id='word_1_753' title='bbox 765 2443 850 2470; x_wconf 84' lang='grc' dir='ltr'>προσ-</span> 
     </span>
    </p>
   </div>
   <div class='ocr_carea' id='block_1_95' title="bbox 52 2480 848 2519">
    <p class='ocr_par' dir='ltr' id='par_1_95' title="bbox 52 2480 848 2519">
     <span class='ocr_line' id='line_1_96' title="bbox 52 2480 848 2519; baseline 0 -11"><span class='ocrx_word' id='word_1_754' title='bbox 52 2483 190 2518; x_wconf 77' lang='grc' dir='ltr'>ενέγκῃς,</span> <span class='ocrx_word' id='word_1_755' title='bbox 204 2482 293 2518; x_wconf 82' lang='grc' dir='ltr'>ὀρθῶς</span> <span class='ocrx_word' id='word_1_756' title='bbox 308 2482 337 2509; x_wconf 80' lang='grc' dir='ltr'>δὲ</span> <span class='ocrx_word' id='word_1_757' title='bbox 351 2483 426 2518; x_wconf 82' lang='grc' dir='ltr'>ὅμως</span> <span class='ocrx_word' id='word_1_758' title='bbox 449 2483 487 2518; x_wconf 81' lang='grc' dir='ltr'>μὴ</span> <span class='ocrx_word' id='word_1_759' title='bbox 504 2483 608 2519; x_wconf 82' lang='grc' dir='ltr'>διέλῃς,</span> <span class='ocrx_word' id='word_1_760' title='bbox 623 2483 766 2518; x_wconf 77' lang='grc' dir='ltr'>ἥμαρτες;</span> <span class='ocrx_word' id='word_1_761' title='bbox 782 2480 848 2515; x_wconf 81' lang='grc' dir='ltr'>οἷον,</span> 
     </span>
    </p>
   </div>
   <div class='ocr_carea' id='block_1_96' title="bbox 53 2527 848 2564">
    <p class='ocr_par' dir='ltr' id='par_1_96' title="bbox 53 2527 848 2564">
     <span class='ocr_line' id='line_1_97' title="bbox 53 2527 848 2564; baseline -0.003 -9"><span class='ocrx_word' id='word_1_762' title='bbox 53 2530 132 2564; x_wconf 80' lang='grc' dir='ltr'>Ἀρα.</span> <span class='ocrx_word' id='word_1_763' title='bbox 157 2528 213 2562; x_wconf 79' lang='grc' dir='ltr'>γὰρ</span> <span class='ocrx_word' id='word_1_764' title='bbox 241 2528 310 2554; x_wconf 82' lang='grc' dir='ltr'>διότι</span> <span class='ocrx_word' id='word_1_765' title='bbox 339 2528 428 2563; x_wconf 82' lang='grc' dir='ltr'>ὀρθῶς</span> <span class='ocrx_word' id='word_1_766' title='bbox 441 2529 643 2564; x_wconf 85' lang='grc' dir='ltr'>προσήνεγκας,</span> <span class='ocrx_word' id='word_1_767' title='bbox 660 2527 748 2563; x_wconf 80' lang='grc' dir='ltr'>ὀρθῶς</span> <span class='ocrx_word' id='word_1_768' title='bbox 767 2528 795 2554; x_wconf 82' lang='grc' dir='ltr'>δὲ</span> <span class='ocrx_word' id='word_1_769' title='bbox 811 2528 848 2563; x_wconf 84' lang='grc' dir='ltr'>μὴ</span> 
     </span>
    </p>
   </div>
   <div class='ocr_carea' id='block_1_97' title="bbox 51 2573 852 2610">
    <p class='ocr_par' dir='ltr' id='par_1_97' title="bbox 51 2573 852 2610">
     <span class='ocr_line' id='line_1_98' title="bbox 51 2573 852 2610; baseline -0.001 -10"><span class='ocrx_word' id='word_1_770' title='bbox 51 2574 170 2606; x_wconf 76' lang='grc' dir='ltr'>ειεῖλες,</span> <span class='ocrx_word' id='word_1_771' title='bbox 183 2574 214 2599; x_wconf 82' lang='grc' dir='ltr'><strong>οὑ</strong></span> <span class='ocrx_word' id='word_1_772' title='bbox 237 2573 499 2610; x_wconf 67' lang='grc' dir='ltr'>ὼκείςιὰμαρτεῖν;</span> <span class='ocrx_word' id='word_1_773' title='bbox 517 2574 601 2600; x_wconf 81' lang='grc' dir='ltr'>Οὐδὲν</span> <span class='ocrx_word' id='word_1_774' title='bbox 632 2577 686 2609; x_wconf 84' lang='grc' dir='ltr'><strong>γὰρ</strong></span> <span class='ocrx_word' id='word_1_775' title='bbox 712 2574 776 2605; x_wconf 70' lang='grc' dir='ltr'>ῐςως</span> <span class='ocrx_word' id='word_1_776' title='bbox 797 2582 852 2599; x_wconf 89' lang='grc' dir='ltr'>κω-</span> 
     </span>
    </p>
   </div>
   <div class='ocr_carea' id='block_1_98' title="bbox 51 2620 847 2655">
    <p class='ocr_par' dir='ltr' id='par_1_98' title="bbox 51 2620 847 2655">
     <span class='ocr_line' id='line_1_99' title="bbox 51 2620 847 2655; baseline -0.004 -8"><span class='ocrx_word' id='word_1_777' title='bbox 51 2621 114 2647; x_wconf 83' lang='grc' dir='ltr'>λύει</span> <span class='ocrx_word' id='word_1_778' title='bbox 141 2620 232 2654; x_wconf 81' lang='grc' dir='ltr'>ὀρθῶς</span> <span class='ocrx_word' id='word_1_779' title='bbox 260 2620 310 2655; x_wconf 81' lang='grc' dir='ltr'>μὲν</span> <span class='ocrx_word' id='word_1_780' title='bbox 339 2622 544 2655; x_wconf 82' lang='grc' dir='ltr'>προσενεγκεῖν,</span> <span class='ocrx_word' id='word_1_781' title='bbox 557 2622 603 2646; x_wconf 77' lang='grc' dir='ltr'>τὸν</span> <span class='ocrx_word' id='word_1_782' title='bbox 629 2621 665 2655; x_wconf 78' lang='grc' dir='ltr'>μὴ</span> <span class='ocrx_word' id='word_1_783' title='bbox 683 2620 769 2655; x_wconf 74' lang='grc' dir='ltr'>ἑτέρῳ</span> <span class='ocrx_word' id='word_1_784' title='bbox 784 2620 847 2650; x_wconf 76' lang='grc' dir='ltr'>τινὶ,</span> 
     </span>
    </p>
   </div>
   <div class='ocr_carea' id='block_1_99' title="bbox 53 2664 848 2700">
    <p class='ocr_par' dir='ltr' id='par_1_99' title="bbox 53 2664 848 2700">
     <span class='ocr_line' id='line_1_100' title="bbox 53 2664 848 2700; baseline -0.003 -9"><span class='ocrx_word' id='word_1_785' title='bbox 53 2666 134 2700; x_wconf 78' lang='grc' dir='ltr'>μόνῳ</span> <span class='ocrx_word' id='word_1_786' title='bbox 151 2664 181 2691; x_wconf 76' lang='grc' dir='ltr'>δὲ</span> <span class='ocrx_word' id='word_1_787' title='bbox 199 2664 363 2697; x_wconf 77' lang='grc' dir='ltr'>θυσιάζοντα</span> <span class='ocrx_word' id='word_1_788' title='bbox 378 2665 417 2700; x_wconf 89' lang='grc' dir='ltr'><strong>τῷ</strong></span> <span class='ocrx_word' id='word_1_789' title='bbox 431 2667 540 2692; x_wconf 81' lang='grc' dir='ltr'>πάντων</span> <span class='ocrx_word' id='word_1_790' title='bbox 551 2665 611 2700; x_wconf 86' lang='grc' dir='ltr'><strong>Θεῴ</strong></span> <span class='ocrx_word' id='word_1_791' title='bbox 621 2673 628 2680; x_wconf 92' lang='grc'>·</span> <span class='ocrx_word' id='word_1_792' title='bbox 642 2665 681 2700; x_wconf 86' lang='grc' dir='ltr'>μὴ</span> <span class='ocrx_word' id='word_1_793' title='bbox 707 2665 798 2699; x_wconf 79' lang='grc' dir='ltr'>μέντοι</span> <span class='ocrx_word' id='word_1_794' title='bbox 809 2664 848 2690; x_wconf 83' lang='grc' dir='ltr'>δι-</span> 
     </span>
    </p>
   </div>
   <div class='ocr_carea' id='block_1_100' title="bbox 898 2436 1685 2475">
    <p class='ocr_par' dir='ltr' id='par_1_100' title="bbox 898 2436 1685 2475">
     <span class='ocr_line' id='line_1_101' title="bbox 898 2436 1685 2475; baseline -0.01 -5"><span class='ocrx_word' id='word_1_795' title='bbox 898 2441 1004 2475; x_wconf 84' lang='lat' dir='ltr'><strong>Nonne,</strong></span> <span class='ocrx_word' id='word_1_796' title='bbox 1023 2441 1085 2468; x_wconf 84' lang='lat' dir='ltr'><strong>licet</strong></span> <span class='ocrx_word' id='word_1_797' title='bbox 1100 2443 1175 2467; x_wconf 87' lang='lat' dir='ltr'><strong>recte</strong></span> <span class='ocrx_word' id='word_1_798' title='bbox 1193 2438 1336 2471; x_wconf 85' lang='lat' dir='ltr'><strong>obtuleris,</strong></span> <span class='ocrx_word' id='word_1_799' title='bbox 1348 2441 1375 2465; x_wconf 91' lang='lat' dir='ltr'><strong>et</strong></span> <span class='ocrx_word' id='word_1_800' title='bbox 1387 2445 1441 2465; x_wconf 87' lang='lat' dir='ltr'><strong>non</strong></span> <span class='ocrx_word' id='word_1_801' title='bbox 1460 2442 1534 2465; x_wconf 88' lang='lat' dir='ltr'><strong>recte</strong></span> <span class='ocrx_word' id='word_1_802' title='bbox 1551 2436 1685 2468; x_wconf 78' lang='lat' dir='ltr'><strong>diviseris,</strong></span> 
     </span>
    </p>
   </div>
   <div class='ocr_carea' id='block_1_101' title="bbox 900 2483 1687 2524">
    <p class='ocr_par' dir='ltr' id='par_1_101' title="bbox 900 2483 1687 2524">
     <span class='ocr_line' id='line_1_102' title="bbox 900 2483 1687 2524; baseline -0.009 -8"><span class='ocrx_word' id='word_1_803' title='bbox 900 2487 1020 2524; x_wconf 84' lang='lat' dir='ltr'><strong>peccasti</strong></span> <span class='ocrx_word' id='word_1_804' title='bbox 1032 2487 1046 2514; x_wconf 72' lang='grc' dir='ltr'><strong>’ἵ</strong></span> <span class='ocrx_word' id='word_1_805' title='bbox 1059 2494 1090 2514; x_wconf 83' lang='lat' dir='ltr'><strong>ac</strong></span> <span class='ocrx_word' id='word_1_806' title='bbox 1104 2486 1128 2514; x_wconf 90' lang='lat' dir='ltr'><strong>si</strong></span> <span class='ocrx_word' id='word_1_807' title='bbox 1143 2485 1247 2514; x_wconf 87' lang='lat' dir='ltr'><strong>diceret</strong></span> <span class='ocrx_word' id='word_1_808' title='bbox 1262 2493 1271 2512; x_wconf 86' lang='lat'><strong>:-</strong></span> <span class='ocrx_word' id='word_1_809' title='bbox 1284 2485 1325 2512; x_wconf 81' lang='lat' dir='ltr'><strong>An</strong></span> <span class='ocrx_word' id='word_1_810' title='bbox 1347 2484 1431 2519; x_wconf 78' lang='lat' dir='ltr'><strong>igitur</strong></span> <span class='ocrx_word' id='word_1_811' title='bbox 1441 2484 1506 2519; x_wconf 89' lang='lat' dir='ltr'><strong>quia</strong></span> <span class='ocrx_word' id='word_1_812' title='bbox 1521 2487 1594 2511; x_wconf 81' lang='lat' dir='ltr'><strong>recte</strong></span> <span class='ocrx_word' id='word_1_813' title='bbox 1605 2483 1687 2509; x_wconf 87' lang='lat' dir='ltr'><strong>obtu-</strong></span> 
     </span>
    </p>
   </div>
   <div class='ocr_carea' id='block_1_102' title="bbox 899 2527 1687 2568">
    <p class='ocr_par' dir='ltr' id='par_1_102' title="bbox 899 2527 1687 2568">
     <span class='ocr_line' id='line_1_103' title="bbox 899 2527 1687 2568; baseline -0.01 -6"><span class='ocrx_word' id='word_1_814' title='bbox 899 2534 977 2568; x_wconf 45' lang='lat' dir='ltr'><strong>listi”</strong></span> <span class='ocrx_word' id='word_1_815' title='bbox 1001 2537 1075 2561; x_wconf 80' lang='lat' dir='ltr'><strong>recte</strong></span> <span class='ocrx_word' id='word_1_816' title='bbox 1093 2537 1184 2560; x_wconf 85' lang='lat' dir='ltr'><strong>autem</strong></span> <span class='ocrx_word' id='word_1_817' title='bbox 1200 2539 1255 2558; x_wconf 91' lang='lat' dir='ltr'><strong>non</strong></span> <span class='ocrx_word' id='word_1_818' title='bbox 1269 2530 1408 2564; x_wconf 80' lang='lat' dir='ltr'><strong>divisisti,</strong></span> <span class='ocrx_word' id='word_1_819' title='bbox 1425 2538 1480 2557; x_wconf 86' lang='lat' dir='ltr'><strong>non</strong></span> <span class='ocrx_word' id='word_1_820' title='bbox 1498 2527 1612 2561; x_wconf 61' lang='lat' dir='ltr'><strong>videris,</strong></span> <span class='ocrx_word' id='word_1_821' title='bbox 1623 2535 1687 2563; x_wconf 85' lang='lat' dir='ltr'><strong>pec-</strong></span> 
     </span>
    </p>
   </div>
   <div class='ocr_carea' id='block_1_103' title="bbox 901 2569 1687 2608">
    <p class='ocr_par' dir='ltr' id='par_1_103' title="bbox 901 2569 1687 2608">
     <span class='ocr_line' id='line_1_104' title="bbox 901 2569 1687 2608; baseline -0.011 0"><span class='ocrx_word' id='word_1_822' title='bbox 901 2580 1001 2608; x_wconf 84' lang='lat' dir='ltr'><strong>casse?</strong></span> <span class='ocrx_word' id='word_1_823' title='bbox 1012 2579 1085 2606; x_wconf 78' lang='lat' dir='ltr'><strong>Nihil</strong></span> <span class='ocrx_word' id='word_1_824' title='bbox 1100 2581 1172 2606; x_wconf 84' lang='lat' dir='ltr'><strong>vetat</strong></span> <span class='ocrx_word' id='word_1_825' title='bbox 1187 2577 1263 2604; x_wconf 90' lang='lat' dir='ltr'><strong>illum</strong></span> <span class='ocrx_word' id='word_1_826' title='bbox 1281 2581 1354 2604; x_wconf 84' lang='lat' dir='ltr'><strong>recte</strong></span> <span class='ocrx_word' id='word_1_827' title='bbox 1369 2575 1468 2603; x_wconf 73' lang='lat' dir='ltr'><strong>oﬂ‘erre</strong></span> <span class='ocrx_word' id='word_1_828' title='bbox 1484 2575 1550 2608; x_wconf 84' lang='lat' dir='ltr'><strong>dici,</strong></span> <span class='ocrx_word' id='word_1_829' title='bbox 1572 2569 1621 2608; x_wconf 85' lang='lat' dir='ltr'><strong>qui</strong></span> <span class='ocrx_word' id='word_1_830' title='bbox 1632 2573 1687 2600; x_wconf 84' lang='lat' dir='ltr'><strong>Deo</strong></span> 
     </span>
    </p>
   </div>
   <div class='ocr_carea' id='block_1_104' title="bbox 902 2618 1686 2660">
    <p class='ocr_par' dir='ltr' id='par_1_104' title="bbox 902 2618 1686 2660">
     <span class='ocr_line' id='line_1_105' title="bbox 902 2618 1686 2660; baseline -0.01 -7"><span class='ocrx_word' id='word_1_831' title='bbox 902 2626 974 2659; x_wconf 85' lang='lat' dir='ltr'><strong>soli,</strong></span> <span class='ocrx_word' id='word_1_832' title='bbox 999 2626 1046 2660; x_wconf 92' lang='lat' dir='ltr'><strong>qui</strong></span> <span class='ocrx_word' id='word_1_833' title='bbox 1065 2632 1146 2660; x_wconf 87' lang='lat' dir='ltr'><strong>super</strong></span> <span class='ocrx_word' id='word_1_834' title='bbox 1159 2623 1250 2651; x_wconf 80' lang='lat' dir='ltr'><strong>omnia</strong></span> <span class='ocrx_word' id='word_1_835' title='bbox 1269 2627 1311 2650; x_wconf 79' lang='lat' dir='ltr'><strong>est</strong></span> <span class='ocrx_word' id='word_1_836' title='bbox 1324 2642 1331 2654; x_wconf 92' lang='lat'><strong>,</strong></span> <span class='ocrx_word' id='word_1_837' title='bbox 1349 2621 1513 2649; x_wconf 76' lang='lat' dir='ltr'><strong>sacriﬁcium</strong></span> <span class='ocrx_word' id='word_1_838' title='bbox 1529 2625 1622 2648; x_wconf 88' lang='lat' dir='ltr'><strong>etnon</strong></span> <span class='ocrx_word' id='word_1_839' title='bbox 1641 2618 1686 2645; x_wconf 70' lang='lat' dir='ltr'><strong>alii</strong></span> 
     </span>
    </p>
   </div>
   <div class='ocr_carea' id='block_1_105' title="bbox 903 2664 1687 2705">
    <p class='ocr_par' dir='ltr' id='par_1_105' title="bbox 903 2664 1687 2705">
     <span class='ocr_line' id='line_1_106' title="bbox 903 2664 1687 2705; baseline -0.009 -6"><span class='ocrx_word' id='word_1_840' title='bbox 903 2672 981 2700; x_wconf 67' lang='lat' dir='ltr'><strong>offert</strong></span> <span class='ocrx_word' id='word_1_841' title='bbox 995 2680 1003 2705; x_wconf 87' lang='lat'><strong>;</strong></span> <span class='ocrx_word' id='word_1_842' title='bbox 1019 2676 1047 2698; x_wconf 82' lang='lat' dir='ltr'><strong>at</strong></span> <span class='ocrx_word' id='word_1_843' title='bbox 1069 2678 1124 2698; x_wconf 83' lang='lat' dir='ltr'><strong>non</strong></span> <span class='ocrx_word' id='word_1_844' title='bbox 1139 2671 1231 2698; x_wconf 80' lang='lat' dir='ltr'><strong>statim</strong></span> <span class='ocrx_word' id='word_1_845' title='bbox 1246 2673 1320 2697; x_wconf 79' lang='lat' dir='ltr'><strong>recte</strong></span> <span class='ocrx_word' id='word_1_846' title='bbox 1337 2668 1469 2701; x_wconf 78' lang='lat' dir='ltr'><strong>dividere,</strong></span> <span class='ocrx_word' id='word_1_847' title='bbox 1481 2674 1544 2695; x_wconf 85' lang='lat' dir='ltr'><strong>eum</strong></span> <span class='ocrx_word' id='word_1_848' title='bbox 1564 2672 1619 2693; x_wconf 85' lang='lat' dir='ltr'><strong>non</strong></span> <span class='ocrx_word' id='word_1_849' title='bbox 1635 2664 1687 2692; x_wconf 82' lang='lat' dir='ltr'><strong>ob-</strong></span> 
     </span>
    </p>
   </div>
   <div class='ocr_carea' id='block_1_106' title="bbox 703 2731 1050 2762">
    <p class='ocr_par' dir='ltr' id='par_1_106' title="bbox 703 2731 1050 2762">
     <span class='ocr_line' id='line_1_107' title="bbox 703 2731 1050 2762; baseline -0.009 -1"><span class='ocrx_word' id='word_1_850' title='bbox 703 2733 822 2762; x_wconf 68' lang='grc' dir='ltr'>νΑιιιΑς</span> <span class='ocrx_word' id='word_1_851' title='bbox 842 2731 1050 2761; x_wconf 64' lang='grc' dir='ltr'>ιιιυΤιοΝΕδ.</span> 
     </span>
    </p>
   </div>
   <div class='ocr_carea' id='block_1_107' title="bbox 88 2783 319 2820">
    <p class='ocr_par' dir='ltr' id='par_1_107' title="bbox 88 2783 319 2820">
     <span class='ocr_line' id='line_1_108' title="bbox 88 2783 319 2820; baseline 0.004 -10"><span class='ocrx_word' id='word_1_852' title='bbox 88 2790 113 2804; x_wconf 72' lang='grc' dir='ltr'>ω</span> <span class='ocrx_word' id='word_1_853' title='bbox 129 2783 174 2810; x_wconf 83' lang='grc' dir='ltr'><strong>Ζσ.</strong></span> <span class='ocrx_word' id='word_1_854' title='bbox 189 2784 319 2820; x_wconf 74' lang='grc' dir='ltr'>ἢρτηται.</span> 
     </span>
    </p>
   </div>
   <div class='ocr_carea' id='block_1_108' title="bbox 796 2812 937 2841">
    <p class='ocr_par' dir='ltr' id='par_1_108' title="bbox 796 2812 937 2841">
     <span class='ocr_line' id='line_1_109' title="bbox 796 2812 937 2841; baseline -0.014 0"><span class='ocrx_word' id='word_1_855' title='bbox 796 2814 800 2816; x_wconf 72' lang='grc'><em>”</em></span> <span class='ocrx_word' id='word_1_856' title='bbox 823 2812 937 2841; x_wconf 61' lang='grc' dir='ltr'><strong>ΝΟΤΔΕ.</strong></span> 
     </span>
    </p>
   </div>
   <div class='ocr_carea' id='block_1_109' title="bbox 89 2858 976 2902">
    <p class='ocr_par' dir='ltr' id='par_1_109' title="bbox 89 2858 976 2902">
     <span class='ocr_line' id='line_1_110' title="bbox 89 2858 976 2902; baseline -0.01 -7"><span class='ocrx_word' id='word_1_857' title='bbox 89 2867 136 2900; x_wconf 80' lang='grc' dir='ltr'><strong>(Ι)</strong></span> <span class='ocrx_word' id='word_1_858' title='bbox 152 2867 289 2896; x_wconf 85' lang='lat' dir='ltr'><strong>Eumdem</strong></span> <span class='ocrx_word' id='word_1_859' title='bbox 302 2871 408 2896; x_wconf 76' lang='lat' dir='ltr'><strong>textum</strong></span> <span class='ocrx_word' id='word_1_860' title='bbox 436 2866 549 2902; x_wconf 76' lang='lat' dir='ltr'><strong>exponit</strong></span> <span class='ocrx_word' id='word_1_861' title='bbox 565 2863 677 2892; x_wconf 81' lang='lat' dir='ltr'><strong>Photius</strong></span> <span class='ocrx_word' id='word_1_862' title='bbox 704 2870 797 2898; x_wconf 76' lang='lat' dir='ltr'><strong>supra,</strong></span> <span class='ocrx_word' id='word_1_863' title='bbox 814 2866 911 2896; x_wconf 61' lang='lat' dir='ltr'><strong>quit-st.</strong></span> <span class='ocrx_word' id='word_1_864' title='bbox 929 2858 976 2886; x_wconf 79' lang='grc'><strong>71.</strong></span> 
     </span>
    </p>
   </div>
  </div>
