1873 3063
195 155 248 188 647

771 144 900 176 ΡΙῙΟΤΙῙ
919 140 1172 174 ΡΛΤΒΙΑΗΟΗΕ
1187 140 1242 170 CP.

1769 132 1822 165 648

199 215 288 240 servet
303 210 329 236 in
345 206 488 234 dividendo
512 207 706 240 congruentem
731 203 828 238 legem.
852 201 904 234 Qui
922 200 981 228 sine

1082 198 1106 224 ἰν
1117 195 1217 232 ὀρθῶς,
1232 193 1278 222 τὸν
1294 193 1331 228 μὴ
1344 191 1482 228 τηροῦντα
1489 190 1534 218 τὸν
1546 189 1684 225 πρέποντα
1699 189 1734 225 τῇ
1748 189 1817 216 διαι.

199 254 410 292 reprehensione
426 253 482 280 Deo
502 251 560 279 vult
570 251 686 283 servire,
708 249 836 284 inprimis
850 252 924 276 recte
937 247 981 274 di-

199 291 308 332 videre,
333 303 361 327 et
386 298 513 326 similiter
535 300 610 324 recte
636 294 734 322 offerre
750 294 839 321 debet.
864 292 941 326 Quod
959 291 982 318 si

200 355 252 373 una
272 345 384 380 periodo
398 341 577 370 concludatur
600 339 677 366 locus
688 359 696 371 ,
720 337 876 365 taliusmodi
892 336 982 370 subja-

199 391 271 418 cebit
282 387 472 424 speeulationi.
484 385 562 419 Quod
576 384 663 419 siinon
681 391 762 411 unam
775 387 801 410 et
815 382 980 416 simplicem,

158 462 168 474 ο
199 435 246 462 sed
266 433 349 461 veluti
378 439 393 459 e
418 431 525 458 duabus
547 432 712 456 contractam
730 427 845 462 ﬁguram
862 425 906 453 hie
921 425 983 460 quis

200 483 329 515 agnoscet
343 498 350 509 .
367 480 395 503 et
411 476 444 503 ad
462 476 535 502 hunc
554 473 663 500 modum
680 472 821 507 periodum
841 470 984 498 absolven-

201 531 267 559 tem,
283 529 313 551 ut
335 523 433 558 partim
448 521 576 555 elliptice,
600 519 697 554 partim
713 517 834 554 plenarie
853 517 960 544 dicatur
975 523 983 549 ;

206 578 257 599 nec
269 571 308 598 ita
324 569 366 596 vis
380 567 497 595 infertur
509 566 626 596 veritati,
642 565 679 592 ita
699 573 706 591 :
728 563 798 596 Non,
815 563 839 590 si
856 569 929 590 reete
940 567 984 589 at-

203 616 308 648 tuleris,
323 614 430 641 laudent
451 611 639 646 consequeris,
664 610 714 637 nisi
737 614 764 637 et
782 614 856 637 recte
876 615 986 643 quoque

202 661 328 690 diviseris
343 670 350 688 :
364 667 426 687 nam
444 664 473 686 ut
487 659 613 694 pietatem
630 657 700 691 sapit
718 659 791 683 recte
813 655 911 682 offerre
924 675 932 686 ,
948 654 985 681 ita

203 715 259 735 non
281 710 356 734 recte
381 705 502 732 dividere
524 702 671 738 impietatis
691 706 796 728 reatum
812 700 899 727 all‘ert.
925 699 987 726 Haec

202 758 245 781 est
267 752 437 780 constructio
462 750 540 777 istius
565 748 649 780 dicti,
671 748 716 775 hic
738 754 835 774 sensus
857 745 920 773 inde
938 745 988 772 eli-

203 800 285 828 citus.

241 929 340 957 Verum
353 928 469 956 ulterius
481 947 489 960 ,
507 936 516 953 ι
538 931 610 954 recte
625 926 724 954 oﬂ'erre
738 935 748 952 ι
767 933 816 961 per
828 933 859 953 se
873 925 988 953 manife-

205 980 277 1004 stum
291 980 332 1003 est
348 983 356 1008 ;
374 983 383 1000 ι
395 978 467 1001 recte
483 973 619 1002 dividet-ei
637 972 739 1007 indiget
751 972 889 1000 ulterioris
901 972 988 1007 expli-

204 1021 331 1049 cationis.
353 1020 401 1047 ille
414 1019 496 1054 igitur
509 1023 582 1046 recte
591 1018 698 1050 dividit,
711 1017 757 1053 qui
770 1017 839 1044 dona
854 1024 907 1044 non
918 1024 989 1051 qua:-

205 1069 270 1096 libet
283 1067 340 1094 Deo
354 1070 463 1098 sacrat,
475 1064 523 1093 sed
537 1069 610 1092 recto
622 1064 725 1098 judicio
739 1063 784 1090 illa
799 1063 931 1090 discernit
957 1069 990 1088 ac

204 1113 319 1145 dividit,
334 1116 415 1146 atque
432 1111 470 1138 ita
485 1111 562 1146 longe
584 1110 686 1145 optima
708 1108 797 1137 offert.
821 1107 894 1136 Fieri
916 1107 988 1134 enim

204 1167 259 1187 non
281 1162 392 1194 potest,
413 1157 481 1192 quin
505 1156 627 1183 omnium
643 1154 866 1190 praestantissima
888 1158 989 1188 ctpre-

205 1205 354 1233 tiosissima
375 1202 546 1238 productori,
570 1201 659 1229 datori
687 1205 713 1228 et
729 1207 820 1228 causa;
848 1199 990 1226 universo-

207 1259 265 1277 rum
288 1249 342 1277 Deo
367 1249 484 1276 debeant
503 1247 593 1276 ollerri
621 1252 647 1274 et
673 1246 787 1274 sacrari.
812 1245 887 1273 Talis
904 1244 991 1272 fuisse

204 1297 318 1324 docetur
333 1295 411 1327 Abel,
423 1295 515 1322 animo
529 1301 597 1328 puro
613 1297 640 1320 et
661 1293 770 1320 sincero
783 1291 869 1319 Deum
884 1297 989 1318 amans.

205 1342 337 1370 Narratur
349 1340 383 1367 de
398 1340 454 1372 illo,
468 1338 541 1374 quod
569 1347 578 1363 ι
595 1338 628 1365 de
661 1336 848 1373 primogenitis
872 1340 900 1363 et
930 1336 992 1370 piti—

206 1387 348 1424 guioribus
362 1386 527 1414 oblationem
542 1384 623 1418 tulit;
641 1393 650 1410 ι
672 1384 724 1410 hoc
744 1387 787 1410 est
802 1391 809 1409 :
829 1381 875 1409 illa
888 1388 949 1416 qua:
964 1380 991 1407 iu

207 1434 376 1472 primogenia
404 1431 603 1467 productione,
628 1435 655 1457 et
680 1429 707 1456 in
732 1435 764 1456 eo
787 1427 862 1463 quod
883 1427 992 1461 pinguia

207 1486 286 1509 erant
301 1485 329 1507 et
340 1478 425 1506 altilia
440 1476 547 1505 caeteris
563 1475 739 1510 praestabant,
754 1473 862 1501 obtulit.
878 1472 946 1500 Nam
959 1472 993 1499 de

208 1526 380 1558 omentosis,
396 1525 465 1552 bene
486 1523 573 1558 pastis
594 1526 621 1549 et
642 1520 834 1556 pinguefactis,
856 1524 884 1548 et
908 1519 993 1546 multa

1033 243 1107 278 ρέσει
1133 241 1245 276 θεσμόν.
1263 241 1309 266 Δεῖ
1335 240 1363 266 δὲ
1384 238 1430 264 τὸν
1448 237 1644 272 ,ἀνεπιμώμως
1664 237 1720 267 τοῖς
1736 235 1819 266 θείοις

1033 287 1253 324 ὑπηρετούμενον
1267 306 1274 318 ,
1291 285 1379 320 ὀρθῶς
1404 292 1434 310 τε
1469 282 1636 318 προδιελεῖν,
1665 282 1712 308 καὶ
1732 280 1820 317 ὀρθῶς

1032 335 1133 370 ὁμοίως
1147 332 1354 369 προσενεγκεῖν.
1377 330 1447 357 Ἀλλ’
1467 330 1492 356 εἰ
1513 329 1561 364 μὲν
1579 327 1649 354 κατά
1665 327 1728 362 μίαν
1741 327 1821 361 περί-

1033 379 1090 406 οδον
1107 379 1151 413 εἴη
1166 379 1196 404 τὸ
1212 377 1313 413 χωρίον
1327 375 1548 410 τεθεωρημένον,
1564 371 1705 403 τοιαύταις
1723 372 1756 398 ἂν
1768 372 1819 396 ὑπ-

1033 426 1126 458 άγοιτο
1142 424 1282 459 θεωρίαις.
1309 423 1340 449 Εἰ
1354 422 1382 448 δέ
1396 429 1437 452 τις
1448 420 1497 455 οὐχ
1508 419 1598 453 ἁπλῆν
1609 419 1656 445 καὶ
1671 417 1747 453 μίαν,
1763 417 1821 443 ἀλλ’

1033 468 1088 498 οἷον
1108 471 1140 496 ἐκ
1158 469 1205 496 δύο
1228 468 1308 496 τινῶν
1329 467 1503 503 βραχυτέρων
1531 464 1726 499 συγκειμένην,
1755 463 1821 489 ὑπο-

1034 517 1110 544 λάϐοι
1129 517 1160 543 τὸ
1175 515 1222 542 τοῦ
1237 513 1455 550 ἀποφαινομένου
1477 512 1570 547 σχῆμα
1581 533 1588 543 ,
1604 510 1652 537 καὶ
1671 509 1743 535 οὕτω
1770 517 1822 543 φυ-

1035 564 1186 591 λάττουσαν
1203 562 1253 598 τὴν
1283 560 1407 596 περίοδον
1418 579 1425 590 ,
1437 559 1485 585 καὶ
1495 557 1525 584 τὸ
1541 558 1590 592 μὲν
1602 556 1687 589 αὐτῆς
1704 555 1764 581 κατ’
1777 555 1822 580 ἕλ-

1035 609 1136 644 λειψιν,
1158 608 1188 634 τὺ
1213 607 1243 634 δὲ
1265 605 1417 636 αὐτοτελῶς
1448 603 1594 639 εἰρῆσθαι·
1615 603 1669 628 οὐδ’
1689 601 1761 628 οὕτω
1791 601 1824 634 τῇ

1037 654 1119 689 φύσει
1134 653 1184 689 τῆς
1201 652 1330 688 ἀληθείας
1346 651 1526 686 λυμανεῖται·
1544 645 1616 674 οἷον·
1637 647 1705 681 Οὐχὶ
1722 646 1755 672 ἂν
1779 646 1824 679 ὁρ-

1037 701 1091 732 θῶς
1110 700 1158 735 μὲν
1178 698 1365 735 προσενέγκῃς
1382 695 1576 730 εὐδοκιμήσας,
1596 694 1629 720 ἂν
1646 692 1723 727 δὲμὴ
1736 691 1826 726 ὀρθῶς

1037 748 1136 784 διέλῃς,
1148 748 1282 783 ἥμαρτες.
1299 745 1355 773 Καὶ
1367 745 1421 779 γάρ
1435 743 1529 777 ὥσπερ
1540 742 1570 768 τὸ
1581 741 1667 776 ὀρθῶς
1679 747 1828 776 προσενεγ-

1040 795 1097 820 κεῖν
1122 793 1244 824 εὐσεόὲς,
1274 791 1346 818 οὓτω
1374 790 1405 817 τὸ
1422 790 1461 825 μὴ
1471 789 1561 824 ὀρθῶς
1585 788 1682 815 διελεῖν
1698 787 1826 817 ἀσεϐείας

1039 840 1201 866 ὑπεύθυνον.
1218 838 1274 865 Καὶ
1285 839 1299 865 ὁ
1313 837 1362 873 μὲν
1376 837 1426 872 τῆς
1441 836 1489 863 τοῦ
1508 835 1591 872 ῥητοῦ
1616 834 1768 866 συντάξεως
1781 834 1827 860 λό-

1039 894 1096 920 γος,
1104 885 1150 912 καὶ
1161 886 1179 919 η
1185 884 1232 911 ἀπ’
1245 883 1331 918 αὐτῆς
1339 882 1541 917 ἀναφαινομένη
1548 873 1662 913 διᾶνοια,
1672 881 1701 907 ὲν
1707 879 1827 911 τούτοις.

1082 929 1162 957 ’Δλλὰ
1177 929 1232 964 γὰρ
1254 930 1284 956 τὸ
1309 928 1370 964 μὲν,
1396 927 1590 962 προσενεγκεῖν
1611 926 1710 962 ὀρθῶς,
1741 925 1823 952 αὑτό-

1041 975 1086 1002 θεν
1113 973 1252 1009 δῆλον-τὸ
1276 973 1315 1005 δὲ,
1345 972 1384 1007 μὴ
1410 972 1509 998 διελεῖν
1531 971 1632 1004 ὀρθῶς,
1665 970 1729 1002 ῑσως
1741 970 1828 996 δεῖται

1041 1019 1199 1054 σαφηνείας.
1218 1018 1337 1050 Ἐκεῖνος
1354 1017 1498 1052 τοιγαροῦν
1521 1016 1611 1052 ὀρθῶς
1631 1016 1742 1052 διαιρεῖ,
1760 1017 1774 1042 ὀ
1789 1016 1828 1051 μὴ

1041 1067 1076 1093 τὰ
1089 1065 1205 1100 τυχόντα
1239 1064 1314 1099 δῶρα
1329 1064 1418 1099 φέρων
1430 1062 1500 1098 Θεῷ,
1513 1063 1571 1089 ἀλλ’
1580 1062 1646 1098 ὀρθῇ
1656 1062 1746 1098 κρίσει
1758 1062 1828 1088 διαι-

1044 1111 1174 1148 ρούμενός
1187 1119 1217 1137 τε
1231 1111 1279 1137 καὶ
1292 1109 1449 1144 διακρίνων,
1463 1109 1510 1135 καὶ
1522 1107 1678 1144 δωροφορού
1683 1116 1762 1144 μενος
1785 1107 1830 1134 αὑ-

1042 1156 1081 1192 τῷ
1103 1156 1138 1182 τὰ
1159 1155 1248 1190 πολλῷ
1264 1154 1318 1180 τῶν
1341 1154 1429 1181 ἄλλων
1460 1152 1676 1189 προφερέστερα.
1696 1152 1758 1183 Πῶς
1774 1152 1829 1186 γὰρ

1044 1202 1107 1240 οὐχὶ
1129 1201 1165 1228 τὰ
1192 1201 1301 1228 ¹πάντων
1330 1200 1360 1226 ὲν
1380 1200 1504 1235 ὑπεροχῇ
1519 1199 1682 1235 τιμιώτερα,
1695 1198 1734 1234 τῷ
1749 1207 1830 1233 γενε-

1045 1246 1165 1282 σιουργῷ
1191 1246 1240 1272 καὶ
1264 1244 1358 1280 δοτῆρι
1381 1244 1428 1271 καὶ
1453 1244 1563 1270 πάντων
1575 1243 1654 1278 αἰτίῳ
1669 1243 1723 1269 τῶν
1738 1242 1831 1269 καλῶν

1044 1292 1115 1327 Θεῷ,
1132 1291 1169 1328 μὴ
1190 1290 1328 1326 προσῆκεν
1347 1288 1466 1324 ἐξαίρειν
1484 1290 1532 1315 καὶ
1550 1288 1718 1323 ἱεροθυτεῖνς
1735 1287 1832 1314 Τοιοῦ-

1044 1346 1089 1369 eo;
1104 1337 1238 1364 δέδεικται
1250 1335 1297 1362 καὶ
1309 1333 1403 1366 Ἀδελ,
1417 1333 1589 1369 εὐγνομονῶν
1611 1340 1644 1359 τε
1652 1332 1698 1359 καὶ
1709 1332 1739 1359 τὸ
1754 1332 1832 1358 Θείον

1044 1381 1173 1417 καθαρῶς
1188 1380 1292 1415 φιλῶν·
1306 1378 1421 1411 καὶγὰρ
1452 1377 1560 1414 εἴρηται
1584 1377 1650 1412 περὶ
1674 1375 1768 1408 αὑτοῦ,
1794 1376 1835 1408 ὡς

1048 1438 1058 1455 ‹
1083 1429 1150 1455 Ἀπὸ
1163 1428 1217 1454 τῶν
1231 1427 1410 1462 πρωτοτόκων
1422 1425 1469 1452 καὶ
1481 1424 1535 1450 ἀπὸ
1546 1423 1599 1450 τῶν
1614 1423 1734 1450 στεάτων
1747 1431 1835 1458 προσ-

1046 1475 1179 1510 ήνεγκεν·
1195 1482 1204 1498 ι
1223 1472 1373 1504 τουτέστιν,
1389 1471 1407 1498 ὃ.
1419 1470 1474 1497 τῶν
1494 1469 1582 1496 ἄλλων
1604 1469 1632 1496 ἐν
1653 1477 1684 1496 τε
1698 1468 1738 1504 τῷ
1755 1478 1835 1504 πρω-

1050 1520 1149 1546 τότοκα
1162 1516 1243 1550 εἶναι,
1254 1518 1302 1544 καὶ
1310 1518 1339 1543 ὲν
1351 1517 1400 1553 τῷ,
1412 1516 1449 1547 ὼς
1457 1515 1490 1542 ἂν
1501 1515 1573 1542 εῖποι
1584 1523 1637 1548 τις,
1649 1514 1838 1541 ὲστεατῶσθαι

209 1573 354 1602 sedulitate
368 1575 463 1598 curata
477 1556 537 1605 qua:
548 1568 667 1600 fuerant,
685 1566 827 1594 selection
844 1570 872 1592 et
891 1564 988 1599 optima

1082 1566 1093 1591 ὶ
1112 1562 1346 1591 καταλελιπάνθαι
1361 1562 1480 1596 διέφερε,
1503 1560 1591 1587 ταῦτα
1614 1559 1780 1596 προσέφερε.
1798 1560 1837 1587 Τὸ

208 1620 293 1647 dedit.
317 1617 437 1652 Uterque
454 1615 539 1643 frater
555 1614 675 1642 studium
690 1613 718 1640 in
733 1611 871 1640 oﬁerendo
888 1618 938 1645 par
947 1610 997 1637 ba-

211 1662 289 1690 buit:
304 1665 332 1688 at
354 1659 490 1687 dividendi
518 1663 545 1686 et
567 1658 683 1693 eligendi
707 1657 826 1692 optima,
856 1663 911 1682 non
938 1659 997 1682 erat

212 1715 279 1744 par;
295 1706 340 1735 sed
357 1705 434 1739 Abel,
450 1710 479 1731 ut
495 1709 568 1732 recte
583 1703 691 1735 obtulit,
708 1704 743 1729 ita
758 1707 785 1729 et
800 1706 874 1729 recte
888 1700 997 1729 divisit:

211 1753 278 1780 Cain
305 1752 349 1780 vel
364 1755 419 1778 no'n
434 1753 510 1777 recte
524 1748 641 1781 obtulit,
657 1747 720 1783 quia
734 1754 789 1774 nou
803 1750 876 1774 recte
892 1745 997 1778 divisit,

211 1799 254 1827 vel
276 1799 299 1826 si
325 1798 404 1831 detur
426 1804 489 1824 eum
511 1800 587 1824 recte
603 1794 753 1826 obtulisse,
773 1799 861 1820 tamen
886 1793 914 1820 iu
931 1793 998 1826 .ele-

213 1847 303 1874 ctione
326 1849 355 1872 et
379 1843 552 1879 separatione
566 1842 683 1869 multum
712 1840 830 1873 defecit;
854 1847 916 1866 nam
941 1846 997 1866 non

212 1890 388 1927 praestantia,
423 1889 471 1916 sed
498 1888 657 1923 imperfecta
684 1886 792 1914 obtulit.
829 1884 857 1912 Id
885 1888 998 1919 apparet

213 1937 286 1974 quod
297 1963 299 1970 ,
310 1939 337 1963 in
352 1945 361 1962 ι
379 1936 440 1971 ejus
460 1933 595 1962 sacrificia
612 1933 682 1960 Deus
697 1940 752 1959 non
768 1931 898 1966 respexit,
919 1939 930 1956 ι
947 1936 998 1957 nee

213 1985 345 2012 divinitus
373 1984 434 2018 igne
451 1982 585 2013 immisso,
610 1984 640 2007 ut
661 1979 754 2007 Abelis
771 1977 945 2013 assumpsit:
960 1977 998 2004 ita

214 2033 288 2059 enim
307 2030 426 2065 produnt
449 2028 561 2059 factum,
587 2031 614 2054 et
640 2026 703 2053 inde
719 2026 877 2053 convictum
891 2023 925 2050 de
943 2030 999 2050 non

215 2081 288 2104 recte
305 2075 377 2102 facta
390 2073 533 2101 divisione.
549 2072 637 2106 Atque
651 2071 690 2098 ita
705 2078 735 2098 se
755 2069 846 2100 habet,
865 2078 874 2094 ι
892 2067 998 2101 Nonne,

215 2122 238 2150 si
251 2125 324 2148 recte
338 2117 481 2151 obtuleris,
494 2124 548 2144 non
562 2121 589 2144 et
603 2119 677 2143 recte
688 2113 823 2146 diviseris,
834 2112 972 2148 peccasti?
986 2121 995 2138 ι

216 2166 293 2201 Quod
327 2165 450 2200 sequitur
465 2171 473 2190 :
487 2163 606 2195 Quiesce,
623 2160 702 2195 quasi
717 2159 820 2186 diceret
835 2158 868 2186 ad
882 2165 998 2194 peccan-

216 2219 282 2245 tem,
298 2211 342 2239 Sis
358 2210 430 2246 apud
447 2214 473 2236 te
489 2208 577 2236 solum
592 2206 713 2241 quietus,
735 2208 762 2231 et
776 2205 920 2239 diligenter
933 2210 998 2231 con-

217 2259 306 2288 sidera
335 2256 531 2284 absurditatem
548 2253 615 2281 facti
630 2252 670 2279 tui
693 2255 719 2279 et
741 2257 788 2286 per
810 2250 996 2286 ptnnitentiam

218 2309 326 2341 peccato
351 2303 459 2330 veniam
486 2300 608 2334 acquire.
641 2299 693 2325 Per
707 2297 825 2333 quietem
848 2302 875 2324 et
892 2297 1000 2324 sedatas

217 2351 360 2386 passiones
392 2347 502 2375 facilius
519 2345 545 2372 id
561 2349 588 2372 et
604 2343 772 2370 discernitur
798 2346 826 2370 et
848 2341 1001 2375 iudicatur,

217 2396 290 2432 quod
319 2392 534 2430 pmlermissum
553 2389 614 2417 fuit.
630 2389 682 2416 Sed
712 2393 739 2415 et
752 2388 822 2415 forte
833 2387 942 2415 volebat
956 2394 1000 2415 re-

218 2441 335 2477 primere
351 2439 424 2466 illius
435 2438 579 2472 impetum,
595 2443 649 2470 quo
666 2434 710 2461 ille
724 2434 824 2461 misere
844 2433 1000 2461 ferebatur:

221 2484 375 2515 (Peccasli,
391 2482 489 2517 inquit,
516 2478 626 2516 quiesce
643 2489 650 2506 :
671 2488 680 2505 ι
712 2486 745 2506 ne
765 2478 906 2513 iniustitia:
918 2485 1001 2504 aecu-

218 2533 306 2561 mules
318 2530 398 2557 aliam
414 2537 420 2555 :
438 2527 571 2554 insaniam
586 2526 612 2552 in
625 2533 668 2553 me
684 2530 757 2552 luam
770 2523 1000 2557 circumscribito,

218 2579 366 2607 afraterno
380 2574 512 2609 sanguine
529 2578 555 2600 et
583 2580 680 2600 manus
701 2576 729 2599 et
759 2577 876 2599 mentem
902 2571 1002 2598 immu-

219 2632 268 2652 nes
285 2626 392 2657 praesta.
411 2620 443 2646 At
460 2619 525 2647 illud
543 2628 549 2646 :
569 2629 578 2644 ‹
597 2618 637 2645 Ad
657 2623 681 2645 te
703 2618 755 2645 erit
771 2617 914 2644 conversio
930 2617 999 2652 ejus,

219 2673 246 2697 et
266 2672 294 2694 tu
321 2666 359 2693 illi
373 2664 565 2696 dominaberis,
587 2673 596 2689 ›
616 2663 659 2690 vel
679 2662 713 2689 de
728 2662 818 2689 oblato
840 2669 953 2688 munere
965 2661 1003 2688 di-

220 2713 301 2744 citur,
317 2710 394 2746 quasi
408 2710 499 2742 vellet,
515 2709 657 2743 indignum
678 2712 730 2740 est,
757 2706 830 2741 quod
853 2713 903 2740 ego
927 2713 1005 2733 accc-

221 2764 306 2795 ptem,
333 2757 462 2793 quocirca
480 2762 606 2783 aversum
621 2759 662 2782 est
677 2753 710 2780 ad
729 2757 765 2783 te,
781 2757 809 2780 et
824 2757 852 2779 tu
868 2751 941 2778 illius
956 2751 1006 2778 do-

222 2805 313 2834 minus
339 2804 487 2832 etiamnum
514 2802 580 2834 eris,
600 2805 630 2827 ut
645 2799 732 2831 fuisti,
747 2798 907 2833 priusquam
923 2797 1003 2824 olTer-

220 2856 318 2880 retur:
348 2850 400 2883 vel,
423 2857 478 2876 non
502 2847 575 2882 quod
601 2846 786 2879 oll‘crebalur,
816 2843 864 2872 sed
897 2843 923 2870 in
951 2850 1005 2878 quo

1046 1611 1100 1647 γὰρ
1115 1610 1169 1638 ἀπὸ
1183 1609 1237 1636 τῶν
1250 1608 1380 1641 στεάτων,
1395 1608 1450 1634 τῶν
1469 1606 1612 1641 εὑτραιρῶν
1629 1606 1676 1633 καὶ
1698 1607 1836 1632 ὲστεατω-

1049 1658 1136 1694 μένων
1145 1655 1334 1692 φησὶ,,κ;νὶ‹τῇ
1347 1653 1432 1689 πολλῇ
1443 1652 1586 1688 ἐπιμελείᾳ
1595 1651 1794 1688 παρεχομένων
1806 1653 1840 1678 τὸ

1048 1703 1219 1738 ἐξῃρημένον
1238 1701 1284 1727 καὶ
1304 1700 1425 1736 ἄριστον.
1452 1698 1533 1725 Ἀλλὰ
1550 1697 1598 1724 τοῦ
1616 1698 1665 1733 μὲν
1682 1706 1838 1733 προσενεγ-

1048 1751 1117 1782 κεῖν,
1130 1748 1231 1784 ἀμφοῖν
1245 1747 1369 1781 ὲγεγόνει
1388 1746 1405 1781 ἡ
1419 1744 1529 1780 φροντίς
1540 1751 1547 1759 ·
1560 1743 1608 1770 τοῦ
1632 1743 1661 1770 δὲ
1672 1743 1768 1770 διελεῖν
1788 1744 1842 1770 καὶ

1048 1793 1212 1827 ἐκλέξασθαι
1227 1793 1263 1819 τὰ
1282 1792 1397 1828 ἀμείνω,
1414 1791 1507 1817 οὐκέτι
1520 1790 1620 1825 ὁμοίως
1640 1790 1758 1824 ἀμφοῖν·
1775 1790 1839 1816 ἀλλ’

1047 1841 1062 1867 ὀ
1078 1840 1127 1875 μὲν
1148 1838 1242 1869 ’Δὸελ,
1256 1838 1350 1872 ὥσπερ
1365 1836 1461 1863 διεῖλεν
1482 1835 1580 1870 ὀρθῶς,
1597 1834 1669 1861 οὓτω
1689 1834 1736 1861 καὶ
1750 1843 1839 1870 προσ-

1049 1887 1175 1921 ενήνοχεν
1185 1894 1192 1901 ·
1207 1885 1222 1911 ὁ
1232 1884 1262 1911 δὲ
1279 1883 1389 1918 Κάῖν,ἢ
1404 1882 1464 1909 οὐδὲ
1480 1882 1668 1918 προσήνεγκεν
1678 1881 1779 1916 ὀρθῶς,
1797 1882 1841 1908 ὅτι

1049 1931 1119 1967 μηδὲ
1133 1931 1230 1958 διεῖλεν
1240 1938 1247 1946 ·
1273 1929 1289 1965 ἢ
1305 1930 1328 1956 εἰ
1340 1929 1386 1955 καὶ
1400 1928 1458 1962 δοίη
1471 1930 1511 1960 τις
1524 1927 1612 1963 ὀρθῶς
1628 1929 1839 1962 προσενεγκεῖν,

1048 1977 1116 2005 ἀλλά
1135 1977 1199 2012 περί
1218 1984 1250 2010 γε
1271 1975 1321 2011 τὴν
1345 1974 1481 2010 ἐξαίρεσιν
1502 1973 1550 2001 καὶ
1565 1973 1680 2007 ἐκλογὴν
1709 1973 1840 2000 πλεῖστον

1048 2024 1110 2051 ὅσον
1137 2021 1384 2058 διήμαρτεν-οὐδὲ
1405 2020 1459 2056 γὰρ
1484 2020 1520 2046 τὰ
1545 2019 1676 2054 κρείσσω,
1687 2019 1720 2046 τὰ
1744 2019 1773 2046 δὲ
1800 2022 1840 2055 μὴ

1048 2068 1174 2100 τοιαῦτα,
1200 2068 1384 2104 προσήνεγκε.
1406 2066 1463 2093 Καὶ
1490 2065 1570 2101 δῆλον
1595 2065 1625 2097 ὲξ
1639 2062 1675 2092 ὧν
1697 2073 1728 2091 τε
1742 2074 1752 2091 ι
1767 2065 1839 2097 Θεὸς

1048 2116 1108 2146 ταῖς
1121 2113 1203 2141 αὑτοῦ
1219 2113 1327 2145 θυσίαις
1351 2113 1390 2148 μὴ
1398 2111 1542 2146 ὲπὲὃλεψε,
1559 2120 1569 2136 ι
1590 2111 1659 2147 μηδὲ
1678 2111 1746 2146 πυρὶ
1757 2111 1841 2146 θείῳ,

1049 2160 1144 2195 ὥσπερ
1160 2160 1194 2186 τὰ
1211 2159 1260 2186 τοῦ
1276 2158 1360 2185 ’Δσελ
1375 2157 1556 2184 ὡλοκαύτωσε
1567 2164 1575 2173 ⁶
1591 2157 1671 2184 τοῦτο
1692 2157 1748 2192 γάρ
1762 2166 1839 2189 τινες

1049 2205 1227 2236 ὲκδεδώκασι,
1243 2204 1290 2231 καὶ
1312 2203 1343 2235 se
1371 2199 1409 2229 ὧν
1436 2202 1482 2229 τὸν
1495 2202 1605 2237 ἔλεγχον
1619 2201 1670 2236 τῆς
1688 2202 1738 2229 οὐκ
1752 2202 1839 2237 ὀρθῆς

1049 2251 1162 2279 ἀπέτισε
1181 2250 1350 2286 διαιρέσεως.
1374 2248 1454 2276 Ἀλλὰ
1473 2248 1503 2274 τὸ
1517 2248 1577 2283 μὲν,
1596 2257 1605 2274 ι
1623 2248 1680 2274 Οὐκ
1698 2247 1732 2274 ἂν
1747 2247 1838 2283 ὀρθῶς

1049 2296 1247 2332 προσενέγκῃς,
1260 2294 1348 2330 ὀρθῶς
1358 2294 1388 2320 δὲ
1402 2293 1442 2329 μὴ
1452 2292 1552 2329 διέλῃς,
1564 2293 1703 2328 ἤμαρτες;
1720 2302 1730 2318 ι
1746 2293 1840 2320 τοιοῦ-

1048 2351 1106 2370 τον.
1129 2343 1166 2369 To
1179 2342 1218 2375 δὲ,
1238 2341 1420 2376 Ἠσύχασον,
1441 2340 1484 2366 ῖνα
1501 2340 1581 2376 εἴπῃς
1596 2339 1664 2374 πρὸς
1678 2339 1839 2373 ἡμαρτηκό-

1049 2397 1094 2421 τα,
1115 2388 1269 2423 Ἥρέμησον
1284 2385 1356 2413 κατὰ
1369 2385 1492 2416 σεαυτὸν,
1508 2385 1556 2411 καὶ
1563 2384 1749 2418 διασκόπησον
1761 2384 1841 2419 ἀκρι-

1052 2435 1107 2466 6ῶς
1123 2434 1170 2461 τοῦ
1197 2433 1393 2468 πεπραγμένου
1413 2431 1443 2458 τὸ
1467 2431 1578 2463 ἄτοπον,
1592 2430 1639 2456 καὶ
1665 2429 1796 2464 μετανοίᾳ.
1810 2430 1844 2456 τὸ

1056 2480 1215 2517 ἀμαρτηθὲν
1235 2479 1387 2512 ὲξιλέωσαι.
1407 2478 1451 2504 Ἐν
1469 2476 1570 2512 ἡσυχίᾳ
1590 2475 1645 2511 γὰρ
1659 2475 1706 2501 καὶ
1721 2475 1761 2510 τῷ
1772 2475 1842 2501 ἀτα-

1058 2527 1133 2562 ράχῳ
1160 2525 1214 2551 τῶν
1243 2522 1381 2558 λογισμῶν
1410 2521 1510 2556 μᾶλλον
1539 2520 1686 2555 συνορᾶται
1703 2519 1752 2546 καὶ
1780 2519 1847 2554 κρίρ

1055 2580 1130 2598 νεται
1147 2571 1177 2597 τὸ
1192 2569 1361 2605 παροραθέν.
1385 2567 1461 2602 Τάχα
1474 2567 1502 2593 δὲ
1517 2566 1564 2593 καὶ
1577 2564 1844 2600 προαναστέλλοντος

1054 2615 1088 2653 ἦν
1104 2617 1153 2651 τὴν
1169 2616 1257 2651 ὁρμὴν
1270 2615 1319 2649 τὴν
1332 2614 1374 2648 ἐφ’
1384 2610 1462 2648 ᾧπερ
1470 2612 1550 2644 αὐτὸς
1560 2611 1659 2643 ἀθλίως
1667 2611 1821 2647 ἐκϐέϐηκεν
1832 2619 1841 2627 ο

1057 2672 1066 2688 ι
1082 2662 1238 2696 ’Ἢμαρτες,
1258 2660 1352 2695 φησὶν,
1365 2659 1518 2694 ήσύχασον·
1538 2667 1548 2683 ι
1561 2657 1598 2692 μὴ
1613 2657 1735 2692 πρόσθῃς
1748 2657 1844 2691 ἕτερον

1054 2707 1094 2742 τῷ
1109 2706 1257 2741 ἀδικήματι
1269 2714 1275 2720 ·
1297 2705 1377 2740 μέχρι
1391 2705 1440 2739 τῆς
1451 2705 1490 2735 είς
1503 2703 1553 2739 ἐμὲ
1565 2701 1754 2737 πλημμελείας
1765 2701 1843 2736 περί-

1056 2752 1162 2788 γραψον
1188 2751 1238 2786 τὴν
1273 2751 1423 2782 ἀπόνοιαν,
1460 2748 1614 2783 ἁδελφικῶν
1645 2747 1771 2782 αῑμάτων
1803 2747 1846 2781 μὴ

1056 2799 1106 2830 τὰς
1122 2799 1215 2833 χεῖρας
1243 2797 1333 2832 μόνον,
1352 2797 1419 2823 ἀλλὰ
1439 2795 1487 2822 καὶ
1505 2795 1554 2829 τὴν
1579 2794 1692 2829 γνώμην
1717 2793 1845 2828 καθαρὰν

1057 2843 1229 2885 διαφύλαξον.
1247 2843 1284 2869 Τδ
1297 2842 1336 2876 δὲ,
1354 2851 1363 2868 ι
1378 2842 1450 2877 Πρὸς
1474 2841 1504 2868 σὲ
1521 2841 1539 2876 ἡ
1560 2839 1721 2876 ἀποστρτφὴ
1747 2838 1845 2872 αὑτοῦ,
