1873 3063
64 151 108 183 Γνίθ

529 155 578 183 AD
604 154 1087 192 AMPHILOCHIUM-QUIESTIO
1105 158 1180 187 CIX.

1616 163 1670 195 650

65 211 103 236 aut
116 210 146 235 σὺ
160 209 243 235 αὐτοῦ
253 209 355 244 ἄρξεις,
369 211 404 244 »ἦ
418 211 482 244 περὶ
492 211 571 237 αὐτοῦ
583 211 630 236 τοῦ
642 211 834 246 προσενεχθέψ

919 210 1058 244 ccabatur,
1076 219 1138 239 cum
1163 212 1316 245 offerretur,
1339 215 1451 249 intelligi
1475 215 1577 243 debet:
1593 223 1626 244 ac
1646 218 1669 254 si

62 264 100 286 τος
122 255 241 289 εἴρηται,
270 252 336 286 οἷον,
364 256 495 287 ’Λνάξιον,
513 256 607 291 φησὶν,
630 256 681 289 τῆς
693 256 763 291 ἐμῆς
776 257 834 283 ἐστι

62 301 224 336 προσφορᾶς,
247 301 288 327 διὸ
310 302 510 336 ἁποστρέφεταί
527 311 567 328 σοι
579 303 626 328 καὶ
647 303 727 333 αὐτὸς
741 302 833 335 αὑτοῦ,

61 346 147 380 ὥσπερ
181 346 228 372 καὶ
254 345 349 381 πρὶνῆ
374 346 588 381 προσενεχθῆναι
615 346 709 381 κύριος
734 346 834 381 ἔσῃ”ῆ

61 391 115 425 οὐχὶ
146 391 177 418 τὸ
210 392 410 426 προσενεχθὲν,
436 392 493 418 ἀλλ’
527 392 592 419 αὐτὸ
626 392 657 418 τὸ
682 392 835 427 διαμαρτη-

61 437 100 463 θὲν
134 438 200 472 περὶ
222 437 271 471 τὴν
283 437 439 471 προσένεξιν
452 439 466 463 ὁ
477 437 555 471 λόγος
576 437 652 472 δηλοῖ
663 446 670 452 ·
683 437 834 468 τουτέστιν,

62 484 92 509 Σὺ
112 483 160 510 τοῦ
187 484 398 519 ἁμαρτήματος,
413 484 462 510 οὐκ
488 484 576 516 ἄλλος,
600 485 715 518 γέγονας
731 484 835 516 αἴτιος·

60 530 95 555 διὸ
120 530 138 563 ἡ
163 529 322 565 ἀποστροφὴ
349 530 446 561 αὐτοῦ,
462 531 509 556 καὶ
530 531 546 566 ἡ
569 530 693 566 ἀναφορὰ
723 530 793 566 πρὸς
808 530 838 557 σὲ

59 577 196 611 ἐπανήξει,
213 577 262 604 καὶ
275 577 306 602 σὺ
322 576 405 603 αὐτοῦ
430 577 522 610 ἄρξεις
541 578 663 612 ἀρχηγὸς
680 577 774 611 ὀφθεὶς
788 576 839 612 τῆς

59 623 117 656 περὶ
125 622 156 648 τὸ
165 622 242 648 Θεῖον
251 622 406 657 ὀλιγωρίας,
419 623 449 654 ἐξ
458 619 488 649 οὗ
497 623 544 649 καὶ
554 624 588 650 τὰ
596 623 678 650 λοιπὰ
685 623 738 649 τῶν
749 624 840 659 ἁμαρ-

59 667 184 702 τημάτων
205 668 378 703 προέρχεται.
393 669 423 694 El
437 668 466 694 δέ
479 677 522 700 τις
539 668 613 695 εἴποι
628 669 676 695 καὶ
697 669 735 700 ὡς
747 677 838 704 παρα-

57 713 142 747 ψνχῆς
156 713 239 739 ἕνεκα
251 713 330 739 τοῦτο
350 713 458 748 εἴρηται
470 713 631 749 (ὲλελὺπητο
654 714 708 749 γὰρ
725 715 739 740 ὁ
752 714 836 746 Κάῖν,

57 759 134 785 siml.
152 759 189 794 μὴ
201 759 269 785 διότι
292 759 465 794 ἡμάρτηκεν,
487 759 546 786 ἄλλ’
560 760 600 786 ὅτι
615 760 646 786 τὸ
660 757 744 794 ἦττον
760 759 839 794 ἔσχεν

56 805 98 831 ἐπὶ
111 806 175 836 ταῖς
191 805 297 836 Θυσίαις
311 805 386 840 παρὰ
398 806 444 832 τὸν
460 805 595 840 ἀδελφὺν),
611 805 671 832 οὐδὲ
691 805 770 832 τοῦτο
786 814 839 840 μα-

56 852 116 885 κρὸν
136 852 188 886 τῆς
202 852 316 886 ἀπείρου
339 852 386 878 καὶ
411 852 611 887 ἀνεξιχνιάστου
633 851 839 887 φιλανθρωπίας

884 255 987 283 diceret
1001 265 1008 284 :
1024 256 1064 284 Tu
1078 259 1181 291 peccati
1196 259 1285 291 istius,
1304 265 1331 287 et
1346 268 1400 287 non
1414 261 1496 294 alius,
1513 260 1589 289 fuisti
1601 270 1669 289 cau—

885 310 932 333 sa;
953 310 1039 337 quare
1065 303 1126 338 ejus
1149 306 1292 332 conversio
1317 311 1344 332 et
1382 307 1478 334 relatio
1499 308 1532 334 ad
1555 313 1580 334 te
1599 309 1669 340 erit,

884 356 970 387 tuque
995 352 1201 385 dominaberis;
1224 351 1279 379 dux
1305 352 1365 386 ejus
1390 357 1562 387 contemptus
1584 353 1679 380 divini.

887 400 1018 432 numinis,
1042 399 1114 427 unde
1139 404 1236 427 ctetera
1261 403 1371 433 peccata
1394 404 1597 434 processerunt.
1622 400 1670 427 Sin

863 455 866 458 ~
886 446 950 471 Vt'lil
975 445 1085 481 aliquis.
1104 446 1156 472 hoc
1177 445 1337 472 consolandi
1365 453 1448 472 causa
1470 445 1574 472 dictum
1596 446 1670 481 (nam
1708 451 1716 460 ⁵

888 491 1002 514 maestus
1029 491 1088 514 erat
1114 486 1195 519 Cain,
1221 493 1276 514 non
1291 494 1324 514 eo
1339 487 1412 522 quod
1439 492 1606 522 peccaverat,
1623 488 1669 516 sed

888 532 960 566 quod
987 534 1015 559 in
1040 532 1166 560 secundis
1196 536 1257 566 post
1282 531 1393 560 fratrem
1417 533 1507 568 quoad
1532 533 1669 561 sacriticia

889 578 999 613 fuerat),
1011 586 1063 606 non
1083 579 1133 606 ltoc
1149 579 1228 613 longe
1243 579 1344 606 recedit
1359 579 1392 606 ab
1407 579 1510 606 infinita
1523 583 1550 607 et
1563 580 1670 607 inseru-

889 624 1167 653 tabilijmisericordia
1176 624 1238 657 Dei;
1256 632 1288 652 ac
1303 625 1325 652 si
1340 625 1482 660 indulgens
1495 631 1571 660 pater
1584 625 1670 652 ﬁlium

890 671 1088 705 delinquentem
1121 671 1321 706 alloqucretur,
1351 671 1411 699 Noli
1443 672 1595 705 Concidere,
1625 676 1673 699 aut

890 723 1009 743 mmrore
1023 715 1174 747 absorberi,
1197 716 1268 750 quod
1288 715 1372 743 frater
1388 721 1414 744 te
1429 716 1507 744 donis
1521 717 1578 744 suis
1590 724 1673 751 supe-

891 760 1011 787 raverit:
1040 760 1062 787 si
1087 760 1160 787 enim
1174 760 1226 787 rite
1244 760 1398 795 praefertur,
1419 761 1453 788 ob
1471 761 1496 788 id
1509 761 1582 796 quod
1600 765 1675 789 recte

890 806 962 838 fecit,
991 810 1082 833 tamen
1107 806 1204 833 iterum
1220 806 1264 833 ille
1289 807 1322 834 ad
1342 812 1367 834 te
1382 813 1565 839 convertetur,
1579 807 1631 834 sub
1646 813 1673 834 te

889 852 950 882 erit,
963 854 990 878 et
1004 850 1225 886 primogenitum
1238 851 1425 886 praerogativis
1446 851 1583 886 praecedes
1596 859 1671 883 eum,

54 897 96 923 τοῦ
129 897 217 924 Θεοῦ·
234 898 272 929 ὡς
300 899 333 925 ἂν
358 898 430 924 είποι
457 897 633 934 φιλόστοργος
663 897 754 933 πατὴρ
768 898 834 932 πρὸς

924 904 972 931 per
987 896 1202 930 resipiscentiam
1219 900 1246 924 te
1256 898 1411 924 correxeris
1424 905 1438 924 a
1454 902 1567 932 peccato
1581 907 1588 925 :
1604 905 1672 931 pra:-

53 943 231 978 ήμαρτηκότα
242 943 334 974 παῖδα,
348 943 393 978 Μὴ
414 943 568 978 συμπέσῃς,
591 943 658 978 μηδὲ
675 942 833 977 καταποθῇς

51 990 81 1022 τῇ
111 988 201 1024 λύπῃ,
216 990 272 1020 τοῖς
296 988 392 1023 δώροις
418 998 449 1015 σε
479 989 766 1024 παρευδοκιμήσαντος
787 988 833 1014 τοῦ

50 1035 166 1069 ἀδελφοῦ
178 1043 185 1050 ·
205 1036 229 1061 εἰ
244 1035 298 1070 γὰρ
311 1037 358 1062 καὶ
370 1035 399 1068 ἐξ
413 1031 450 1062 ὧν
464 1035 544 1066 αὐτὸς
559 1035 640 1066 ὁσίως
660 1034 779 1069 ἔπραξεν
792 1034 834 1061 δι-

51 1081 226 1116 καιοπρεπῶς
239 1081 447 1117 προτετίμηται,
458 1081 516 1108 ἀλλ’
526 1079 573 1108 οὖν
591 1081 753 1116 ἀποστραφή
759 1079 833 1106 σεταί

51 1128 244 1162 πρωτοτοκεων
271 1127 351 1159 αὐτὸς
374 1128 456 1154 πάλιν
484 1128 515 1154 τὸ
539 1127 685 1162 πρεσϐεῖον
700 1127 781 1160 ἕξεις,
799 1126 834 1153 ἂν

50 1176 199 1210 αφαίρετον
212 1175 267 1209 γὰρ
283 1174 358 1202 ἔσται
376 1183 416 1201 σοι
429 1175 459 1202 τὺ
482 1175 542 1201 κατ’
556 1175 638 1201 αὐτοῦ
654 1175 752 1210 κύρος,
764 1175 832 1208 ὅπερ

86 1220 171 1246 Ἀλλὰ
184 1220 245 1246 κατ’
255 1220 398 1255 ἐπιστολὴν
413 1221 494 1248 ἱκανὰ
505 1221 648 1248 καὶταῦτα
666 1220 754 1256 οἶμαι.
767 1218 833 1247 Οἶδα

48 1265 73 1291 δέ
84 1265 164 1296 τινάς
190 1273 256 1291 ποτε
282 1265 335 1291 τῶν
361 1266 549 1292 παλαιοτάτων
576 1266 710 1293 Ἰουδαίων
731 1274 834 1301 γεγρα-

48 1312 143 1344 φότας,
163 1311 231 1338 οῖ’-ιδ
247 1311 387 1346 ἐλλόγιμον
398 1312 452 1338 τῶν
468 1312 555 1339 ἄλλων
567 1312 640 1346 ἔχειν
658 1312 778 1343 ἐδόκουν,
791 1312 834 1338 διὰ

48 1356 124 1383 τοῦτο
140 1356 268 1391 είρῆσθαι
279 1356 326 1382 τὸν
343 1357 414 1383 Κάῖν
428 1357 464 1392 μὴ
476 1357 573 1384 διελεῖν
595 1357 682 1392 ὀρθῶς
696 1358 764 1384 διότι
780 1357 834 1384 ἀπὸ

48 1402 99 1428 τῶν
125 1402 252 1437 ἀψύχων,
277 1402 334 1429 ἀλλ’
353 1404 402 1429 οὐκ
418 1404 473 1430 ἀπὸ
483 1403 538 1430 τῶν
551 1403 692 1439 ἐμψύχων,
709 1403 804 1439 ὥσπερ
819 1405 834 1430 ὸ

49 1448 143 1480 Ἀϐελ,
165 1448 201 1474 τὰ
213 1448 287 1484 δῶρα
311 1450 481 1483 προσέφερεν
499 1449 685 1484 (καθυστερεῖν
710 1450 765 1486 γὰρ
787 1450 833 1476 καὶ

47 1493 229 1520 ἐλαττοῦσθαι
253 1494 344 1530 πολλῷ
360 1495 414 1521 τῶν
434 1495 564 1530 ἐμψύχων
580 1495 615 1521 τὰ
635 1495 738 1531 ἄψυχα)
752 1504 758 1510 ·
771 1495 804 1522 δι’
819 1495 833 1522 ὃ

47 1540 93 1565 καὶ
115 1540 164 1566 τὸν
178 1539 234 1566 τῶν
249 1540 317 1567 ὅλων
330 1540 395 1568 Θεὸν
412 1542 458 1568 τοῦ
477 1542 527 1577 μὲν
552 1541 703 1577 ἐφησθῆναι
718 1543 774 1574 τοῖς
784 1542 834 1568 δὼ-

49 1593 105 1618 ροις
116 1585 156 1615 ὡς
173 1584 317 1620 ἐμψύχοις.
332 1585 378 1611 τοῦ
397 1586 426 1612 δὲ
440 1586 488 1621 τὴν
501 1586 595 1612 θυσίαν
607 1586 744 1621 ὑπεριδεῖν
755 1586 793 1618 ὡς
803 1587 835 1613 ὲκ

46 1631 100 1657 τῶν
113 1630 229 1665 ἀψύχων
242 1631 501 1667 είσκεκομισμὲνην.
522 1632 592 1658 Ἀλλ’
609 1632 688 1667 εἴπερ
699 1631 785 1664 οὕτως
796 1630 835 1659 εἴ·

47 1685 102 1710 χεν,
118 1677 171 1703 οὐκ
187 1676 222 1703 ἂν
234 1678 248 1702 ό
259 1676 328 1703 Κάῖν
342 1677 390 1713 τὴν
409 1677 551 1713 διαίρεσιν,
568 1678 626 1704 ἀλλ’
639 1677 724 1713 αὐτὴν
741 1678 774 1705 ἂν
786 1677 835 1712 τὴν

48 1722 144 1748 θυσίαν
156 1721 321 1753 ὠνειδίζετο,
338 1723 435 1757 ὅτιπερ
451 1723 512 1749 ἀντὶ
527 1723 581 1750 τῶν
600 1723 715 1758 καρπῶν
732 1723 769 1758 μὴ
779 1723 835 1755 ζῶα

47 1768 248 1802 προσήνεγκεν.
274 1767 346 1794 Ἀλλ’
361 1768 481 1803 οὐδαμοῦ
502 1768 626 1802 φαίνεται
642 1768 722 1795 τοῦτο
741 1770 757 1804 ἡ
774 1769 835 1796 θεία

47 1813 292 1848 καταμεμψαμένη
316 1814 389 1849 φωνή
402 1821 409 1828 ·
426 1814 495 1840 ἀλλὰ
511 1814 566 1840 τῶν
586 1814 636 1848 μὲν
653 1814 747 1850 δώρων
758 1815 835 1842 οὐδὲν

45 1859 194 1894 ᾐτιάσατο,
207 1860 277 1895 ὑπὲρ
296 1860 325 1886 δὲ
339 1861 388 1895 τῆς
408 1860 570 1894 διαιρέσεως
589 1860 638 1895 τὴν
665 1860 769 1895 μέμψιν
784 1861 834 1887 ἐπ-

45 1905 178 1938 ήνεγκεν.
205 1904 276 1930 Ἀλλ’
290 1905 360 1931 ὥστε
373 1905 401 1931 δὲ
415 1906 439 1931 el
453 1906 467 1930 ὁ
481 1905 530 1939 μὲν
541 1905 667 1940 ἀπαρχῆς
677 1905 733 1940 βίον
743 1906 773 1931 τδ
783 1914 834 1940 γη-

44 1952 152 1982 πονείν,
173 1950 188 1976 ὁ
198 1950 225 1976 δὲ
237 1950 268 1976 τὺ
280 1951 435 1984 ποιμαίνειν
447 1950 562 1982 ἐτίθετο,
581 1950 641 1981 πῶς
665 1950 715 1976 οὐκ
738 1950 836 1983 ἄλογον

45 1995 255 2030 ὑπολαμϐάνειν
271 1995 318 2022 ὑπ’
338 1996 425 2022 αἰτίαν
451 1995 576 2028 γενέσθαι
594 1995 641 2022 τὸν
665 1996 746 2027 Κάῖν,
769 1995 835 2022 διότι

46 2042 82 2075 μὴ
96 2041 157 2067 ἀπὸ
172 2041 226 2067 τῶν
245 2041 403 2075 ἀλλοτρίων,
417 2041 473 2068 ἀλλ’
487 2041 541 2067 ἀπὸ
555 2041 610 2067 τῶν
622 2041 729 2068 οἰκείων
747 2050 834 2076 προσ-

44 2088 167 2121 ήνεγκεν
179 2087 314 2120 ;Κάκεῖνο
324 2087 351 2114 δέ
364 2096 406 2119 τις
415 2087 556 2122 προσθείη,
571 2088 607 2118 ὡς
617 2088 667 2114 οὐκ
675 2088 704 2114 ἐν
714 2089 746 2123 τῇ
757 2097 838 2123 προσ-

42 2134 131 2166 avsis:
140 2133 193 2168 τῆς
202 2133 297 2164 θυσίας
319 2134 428 2168 μᾶλλον,
439 2134 497 2160 ἀλλ’
508 2134 635 2169 ἀπαρχῆς
646 2134 696 2169 τῆς
706 2134 760 2161 τῶν
769 2134 835 2168 βίων

41 2180 184 2214 αἱρέσεως
201 2178 254 2205 ἔδει
267 2179 312 2205 τὸν
327 2179 375 2213 μὲν
383 2179 583 2213 φαυλίζειν¹ὅτι
597 2181 726 2214 γηπονεϊν
736 2181 832 2212 εἵλετο,
846 2192 872 2222 D

40 2225 86 2251 τὸν
99 2225 131 2251 δὲ
148 2224 328 2258 ποιμαίνοντα
352 2224 540 2259 ἀποδέχεσθαι.
558 2225 595 2252 Τὸ
608 2226 662 2260 γὰρ
673 2225 726 2252 τῶν
738 2227 834 2262 ἐπιτη-

39 2270 192 2304 δευμάτων
207 2270 335 2304 διάφορον
351 2270 421 2305 ἀρχὴ
439 2271 487 2297 καὶ
501 2270 576 2296 αἰτία
598 2271 771 2306 καθέστηκεν
784 2272 832 2298 ’τοῦ

40 2315 85 2340 τὶν
104 2314 173 2348 μὲν,
190 2314 227 2344 ὡς
238 2314 377 2347 ἐνόμισαν,
396 2315 527 2349 ἁμαρτείν
537 2315 652 2349 καρποῖς
664 2313 834 2346 θυσιάζοντα,

39 2360 84 2385 τὴν
115 2360 148 2386 δὲ
180 2359 416 2394 παρευῶκιμῆσαι
442 2359 500 2391 ζῶα
517 2360 552 2386 τὰ
573 2359 647 2395 δῶρα
662 2360 833 2394 ποιούμενον.

41 2404 104 2435 Πῶς
131 2404 166 2430 δὲ
190 2404 241 2429 κάν
259 2405 321 2435 ταῖς
340 2404 512 2439 νομοθεσίαις
523 2404 636 2439 ὕστερον
649 2404 792 2439 σεμίδαλις
804 2413 834 2431 τε

40 2451 87 2476 καὶ
103 2449 230 2483 στάχυες
240 2449 289 2475 καὶ
302 2449 379 2484 ἄρτοι
392 2449 547 2485 προθέσεως
556 2450 597 2481 είς
610 2449 767 2485 προσφορὰν
777 2449 836 2484 Θεῴ

39 2495 226 2529 ἑ).ογίζοντο;
246 2495 278 2520 Εἰ
292 2494 321 2521 δὲ
346 2495 392 2521 καὶ
405 2504 415 2520 ε
432 2495 502 2522 καλὰ
517 2494 574 2522 λίαν
590 2505 599 2520 ι
616 2495 675 2530 οὐχὶ
698 2503 758 2521 τινα
780 2495 836 2521 τῶν

38 2541 313 2576 ὃημιουργημάτων,
331 2541 397 2567 ἀλλὰ
411 2542 501 2568 πάντα
515 2541 552 2576 τῷ
565 2541 748 2575 γενεσιουργῴ
764 2540 835 2575 λόγῳ

38 2588 169 2622 εἴρηται,
196 2587 244 2613 καὶ
265 2586 423 2619 πεποίηται,
439 2586 500 2613 τινα
519 2586 597 2620 λόγον
615 2585 682 2620 ἔχει,
706 2586 768 2617 τοὺς
783 2585 838 2611 ἀπὸ

38 2635 90 2668 γῆς
107 2633 251 2668 καρποὺς,
272 2633 320 2658 καὶ
334 2631 351 2658 ἃ.
365 2632 464 2666 μᾶλλόν
483 2633 559 2658 ἐστιν
585 2631 720 2667 ἀνθρώπῳ
738 2631 836 2666 τροφὴ,

39 2682 67 2706 ὲν
88 2679 191 2714 ἀτίμῳ
208 2679 292 2714 μοίρᾳ
307 2680 354 2705 καὶ
371 2679 534 2713 βδελύγματι
549 2679 594 2705 τὸν
617 2678 838 2712 δημιουργήσαν-

39 2735 74 2752 τει
91 2725 340 2760 παραπέμπεσθαι
353 2734 360 2755 ;
376 2726 421 2752 Διὸ
435 2726 484 2760 τῆς
496 2725 623 2759 τοιαύτης
643 2724 772 2759 ἐπιϐολῆς
787 2724 837 2759 τὴν

38 2769 321 2805 προτεθεωρημὲνην
335 2769 464 2804 ἐξήγησιν
481 2768 580 2804 μᾶλλον
597 2768 748 2803 ἐγκριτέον,
763 2767 837 2802 Δῦτη

39 2817 98 2852 γὰρ
126 2814 182 2841 καὶ
198 2811 239 2846 οἷς
265 2814 279 2840 ὸ
292 2814 342 2848 τῆς
363 2813 486 2849 καθαρᾶς
505 2814 583 2849 ἡμῶν
607 2814 654 2840 καὶ
669 2813 837 2848 ἀναιμάκτου

40 2864 148 2894 θυσίας
166 2862 244 2895 λόγος
266 2862 409 2896 ἠγνόηται,
427 2862 501 2888 δοκεῖ
520 2870 578 2893 πως
604 2861 675 2896 ᾄδειν
689 2861 816 2896 ὁμόφωνα
829 2869 835 2876 '

41 2907 70 2940 ἐξ
79 2905 123 2935 ὧν
143 2907 192 2934 καὶ
208 2907 220 2932 ὁ
235 2907 283 2941 τῆς
296 2907 461 2939 amunia;
483 2906 624 2938 Ἰουλιανὸς
642 2906 711 2932 κατά
730 2907 777 2941 τῆς
790 2906 832 2932 2'3-

888 943 1008 977 rogativa
1026 943 1070 969 illa
1086 943 1132 969 tibi
1148 951 1201 970 non
1219 943 1370 976 auferetur,
1389 951 1470 979 quam
1486 944 1617 979 accepisti
1643 943 1669 970 in

887 996 919 1015 eo
932 989 1004 1024 quod
1020 994 1157 1016 maternos
1173 990 1280 1017 dolores
1297 991 1402 1025 primus
1419 991 1544 1018 solveris.

854 1088 895 1106 σοι
912 1079 994 1106 πάλιν
1007 1081 1055 1106 καὶ
1071 1080 1123 1106 ὑπὸ
1138 1079 1169 1106 σὲ
1199 1080 1286 1112 ἔσται,
1321 1080 1367 1106 καὶ
1388 1079 1427 1114 τῷ
1456 1080 1596 1115 προνομίῳ
1617 1079 1671 1106 τῶν

855 1126 1020 1161 μεταμελείᾳ
1033 1127 1131 1153 σαυτὸν
1148 1126 1194 1153 τοῦ
1226 1127 1396 1162 πταίσματος
1424 1125 1600 1163 ἀνορθώσῃς·
1623 1126 1671 1153 ἀνι

851 1172 963 1209 εῐληφας
972 1173 1002 1205 ἐξ
1026 1170 1183 1209 ὧνπρῶτος
1204 1174 1253 1205 τὰς
1272 1175 1408 1208 μητρικὰς
1436 1174 1533 1205 ἔλυσας
1562 1173 1669 1204 ὠδῖνας.

919 1220 1006 1255 Atque
1030 1220 1086 1247 haec
1110 1220 1267 1248 sutl‘ecerint
1291 1220 1422 1254 epistolae.
1447 1219 1515 1247 Novi
1537 1220 1670 1255 quosdam

883 1273 926 1293 res
948 1265 1103 1293 Judazowm
1136 1266 1343 1301 antiquissimas
1368 1266 1507 1294 memoriae
1538 1267 1670 1294 mandan-

883 1315 933 1342 tes,
959 1311 1004 1345 qui
1039 1315 1101 1338 aute
1133 1311 1202 1338 alios
1232 1311 1344 1338 scientia
1378 1311 1483 1346 prazditi
1508 1311 1558 1338 visi
1595 1315 1670 1342 sunt,

882 1357 927 1392 qui
951 1357 1011 1384 idco
1030 1357 1189 1384 existimant
1214 1357 1281 1385 Cain
1308 1357 1422 1384 minime
1446 1361 1520 1385 recte
1547 1357 1671 1384 divisisse

887 1403 952 1433 dici,
967 1403 1031 1438 quia
1048 1410 1101 1430 non
1112 1411 1127 1430 ιι
1142 1403 1305 1436 viventibus,
1325 1407 1356 1430 ut
1371 1403 1448 1434 Abel,
1465 1403 1511 1430 sed
1528 1403 1563 1430 ab
1581 1402 1672 1430 inani-

887 1449 968 1476 matis
990 1455 1103 1476 munera
1128 1453 1238 1483 accepta
1261 1449 1336 1476 dedit
1359 1449 1463 1483 (multis
1488 1449 1560 1476 enim
1583 1447 1672 1475 modis

887 1493 1035 1521 inanimata
1050 1494 1151 1521 cedunt
1168 1494 1305 1529 animatis)
1319 1503 1326 1521 :
1341 1494 1425 1522 Deum
1442 1495 1532 1529 itaque
1546 1493 1671 1521 universa

887 1540 959 1567 illius
970 1540 1039 1568 dona
1052 1541 1172 1567 animata
1189 1545 1299 1574 accepta
1317 1540 1455 1571 habuisse,
1471 1539 1552 1574 hujus
1567 1539 1672 1567 sacrifi-

885 1585 956 1612 cium
982 1586 1125 1620 rrjecisse,
1143 1585 1216 1620 quod
1238 1585 1273 1612 de
1299 1585 1456 1612 inanimatis
1483 1587 1669 1620 appararetur.

886 1631 939 1658 Sed
953 1631 976 1658 si
994 1632 1020 1658 id
1036 1632 1072 1658 ita
1088 1631 1143 1663 ﬁet,
1163 1630 1375 1666 haudquaquam
1392 1630 1501 1663 divisio,
1517 1630 1565 1658 sed
1581 1629 1671 1665 ipsum

886 1677 1050 1705 sacriﬁcium
1079 1681 1274 1709 accusaretur,
1300 1675 1373 1712 quod
1397 1684 1451 1703 non
1476 1675 1603 1702 animalia
1621 1682 1672 1710 pro

887 1722 1006 1758 frugibus
1023 1722 1140 1750 oﬂ'erret.
1161 1722 1215 1749 Sed
1236 1730 1290 1749 non
1308 1722 1414 1749 videtur
1441 1723 1491 1749 hoc
1518 1722 1608 1748 divitta
1626 1722 1670 1748 illa

885 1773 952 1792 voce
968 1766 1153 1800 increpatum;
1168 1765 1202 1793 de
1221 1765 1298 1793 donis
1314 1773 1366 1792 non
1385 1770 1505 1797 aeeltsat,
1525 1765 1666 1800 reprehetr

885 1812 924 1838 dit
940 1815 1044 1838 tantum
1061 1812 1235 1839 divisionem.
1255 1812 1334 1839 Certe
1355 1812 1377 1839 si
1393 1812 1427 1839 ab
1443 1812 1521 1839 initio
1536 1811 1668 1847 agricola-

886 1857 986 1884 tionem
1007 1857 1062 1889 ille,
1078 1858 1247 1892 pastoritiam
1268 1858 1319 1885 iste
1334 1858 1508 1892 sequebatur,
1527 1863 1543 1884 a
1566 1857 1671 1884 ratione

887 1903 998 1930 omnino
1020 1903 1139 1931 alienum
1164 1908 1206 1930 cst
1227 1903 1386 1930 existimare
1407 1903 1520 1930 Cainum
1546 1903 1572 1930 in
1590 1903 1670 1937 culpa

887 1948 981 1980 fuisse,
1000 1948 1064 1983 quia
1079 1956 1134 1976 non
1150 1948 1184 1976 de
1198 1948 1305 1982 alienis,
1318 1949 1366 1975 sed
1381 1949 1415 1976 de
1431 1949 1489 1976 suis
1503 1947 1668 1975 oblationem

886 1994 1023 2021 offerebat.
1041 1993 1146 2021 Addere
1160 1994 1232 2025 licet,
1250 1994 1323 2028 quod
1339 2002 1391 2021 non
1415 1994 1442 2020 in
1459 1993 1607 2026 oﬂerendo,
1624 1993 1671 2021 sed

887 2039 914 2066 in
936 2039 1060 2074 eligendo
1082 2040 1142 2067 vita:
1164 2039 1289 2066 ittstituto
1309 2040 1479 2067 accusandus
1504 2044 1587 2067 erat:
1607 2039 1670 2074 quia

887 2084 1080 2118 agriculturam
1098 2083 1219 2119 elegerit,
1233 2087 1260 2110 et
1278 2083 1356 2110 fratri
1369 2083 1508 2118 reliquerit
1521 2088 1669 2118 pasluram.

887 2129 1041 2155 Dill'erentia
1066 2129 1166 2164 quippe
1187 2129 1319 2156 institutm
1344 2129 1405 2156 vita:
1424 2137 1536 2156 causam
1558 2130 1632 2156 dedit
1645 2134 1672 2156 et

887 2176 1063 2211 principium,
1083 2176 1155 2211 quod
1181 2177 1329 2212 opinantur
1344 2177 1420 2204 illunt
1440 2185 1581 2211 peccassa,
1607 2177 1670 2204 dum

884 2222 918 2249 de
938 2221 1072 2249 fructibus
1089 2222 1253 2249 sacriﬁcium
1271 2222 1388 2255 offerret,
1401 2230 1464 2249 cum
1480 2223 1524 2249 ille
1535 2223 1669 2255 laudetur,

886 2269 932 2302 qui
946 2269 1073 2295 animalia
1087 2268 1171 2295 dedit.
1185 2268 1238 2295 Sed
1250 2268 1377 2303 deinceps
1387 2269 1468 2295 etiam
1480 2268 1507 2295 in
1521 2268 1588 2302 lege,
1603 2276 1671 2302 quo-

886 2314 967 2341 modo
984 2314 1082 2344 simila,
1097 2314 1204 2344 aristae.
1228 2321 1313 2348 panes
1325 2314 1518 2348 propositionis
1540 2314 1573 2340 ad
1594 2314 1672 2341 obla-

887 2359 974 2386 tiones
989 2359 1094 2386 divinas
1111 2358 1420 2393 deputabantur?Quod
1441 2358 1464 2385 si
1489 2368 1498 2384 ‹
1518 2357 1596 2386 valde
1621 2359 1672 2387 bo-

886 2412 921 2431 na
937 2414 946 2430 ι
964 2413 1019 2432 non
1042 2405 1141 2439 aliqum
1155 2409 1259 2432 tantum
1275 2412 1319 2432 res
1338 2410 1445 2437 creatze,
1461 2405 1507 2432 sed
1523 2405 1670 2433 universim

887 2450 976 2476 omnia
993 2450 1074 2477 verbo
1087 2449 1244 2478 Conditoris
1261 2450 1497 2481 commendantur,
1521 2458 1582 2485 quae
1602 2450 1672 2478 ratio

887 2495 1004 2522 suaserit
1032 2499 1060 2522 ut
1082 2494 1188 2522 fructus
1213 2502 1228 2522 e
1251 2499 1334 2527 terra,
1353 2503 1412 2529 quae
1429 2496 1554 2523 humanae
1568 2495 1672 2523 alitioni

890 2545 945 2567 tum
967 2541 1179 2575 deputahantur,
1202 2541 1389 2568 inhonoranda
1412 2546 1459 2568 aut
1478 2541 1540 2568 vilia
1555 2541 1674 2576 despue-

889 2586 1001 2612 rentur?
1017 2585 1152 2618 Quocirca
1167 2586 1283 2621 priorem
1302 2586 1375 2613 illam
1393 2587 1589 2621 expositionem
1610 2588 1671 2614 lon-

889 2640 919 2666 ge
935 2632 1099 2666 prmtulerim
1122 2632 1331 2666 haoadjectitia.
1361 2632 1427 2659 Nam
1446 2633 1509 2664 ista.
1530 2633 1563 2659 iis
1575 2633 1673 2671 quibus

888 2678 957 2705 ratio
973 2679 1113 2713 ignoratur
1129 2678 1187 2711 puri
1206 2679 1290 2705 nostri
1303 2683 1330 2705 et
1345 2678 1404 2705 sine
1423 2679 1554 2713 sanguine
1568 2679 1671 2707 sacriﬁ-

889 2724 935 2755 cii,
961 2725 1164 2759 quodautmodo
1183 2725 1289 2752 videtur
1314 2725 1469 2752 consentire
1485 2733 1491 2751 :
1510 2725 1582 2752 ttnde
1604 2733 1671 2760 apo-

889 2775 960 2797 stnta
978 2769 1103 2797 Julianus
1118 2770 1163 2797 ille
1177 2775 1272 2797 contra
1285 2769 1443 2805 religionem
1461 2770 1594 2802 scribens,
1610 2778 1672 2797 cum

889 2814 970 2840 stulta
988 2818 1014 2840 et
1034 2813 1146 2840 ridicula
1169 2813 1320 2848 proferret,
1346 2814 1488 2841 videbatur
1506 2817 1595 2841 tanton
1619 2821 1675 2840 ιιοπ
1692 2827 1694 2829 ι

890 2859 979 2892 inepte
994 2865 1043 2884 nec
1062 2857 1180 2884 absru-de
1195 2857 1365 2884 Christianos
1380 2857 1585 2892 reprehendere,
1601 2857 1674 2892 quod

889 2911 1061 2938 tit-quaquam
1085 2902 1188 2930 Numen
1209 2903 1370 2931 animalibus
1396 2904 1473 2931 carsis
1497 2903 1671 2930 houorarent.
