1873 3063
187 162 235 194 651

760 161 893 193 ΡΗΟΤΙΙ
907 158 1158 191 ΡΑΤΗΙΛΒΟΗᾹΞ
1170 158 1213 188 CP

1762 159 1814 191 652

189 219 298 251 σεϐείας
311 220 441 255 γράφων,
457 219 591 247 ἀλλόκοτα
605 220 655 255 μὲν
673 220 721 247 καὶ
743 219 823 255 μωρὰ
845 219 970 254 γράφων,
989 217 1064 251 ὅμως
1086 214 1186 248 ἔδοξέν·
1207 224 1234 243 τι
1267 215 1348 251 σοφὸν
1368 217 1416 243 καὶ
1434 215 1647 252 δυσεπιτίμητον
1676 216 1816 244 αἰτιᾶσθαι

187 267 432 303 ζριστιανοὺςμῖτι
457 268 495 303 μὴ
522 267 684 300 ζωοθυσίαις
716 267 746 294 τὸ
772 267 849 294 Θεῖον
879 266 1066 302 γεραίρουσιν.

260 324 423 359 ΟΠΑΞΞΤΙΟ
434 325 480 353 CX
500 325 595 362 [CoisL
611 330 636 352 et
653 325 735 353 Taur.
748 324 892 360 CXXXII].

1310 322 1479 349 ΕΡΩΤΗΣΙΣ
1496 323 1548 349 Pl’.

232 380 305 406 Edita
314 388 328 406 a
339 381 498 413 Montacutio,
509 388 550 413 ep.
560 382 616 412 215,
632 382 664 406 ad
675 381 834 416 Euschgmgrt.
846 388 872 412 p.
886 380 1014 416 315.__:’_»H.
1034 380 1071 406 De
1083 380 1175 416 Christi
1194 379 1349 411 apparitione
1361 379 1387 404 in
1397 378 1578 410 Hierosolymis
1589 379 1733 411 promissam
1746 380 1771 404 in

755 412 855 437 Galilaaa
866 412 1045 443 apparitionem
1066 415 1241 443 prevertente.

223 452 394 487 Promissum
423 456 551 489 praevenit
565 455 692 486 Servator
709 459 818 490 propter
830 455 962 490 discipulo

1078 454 1214 489 Ξυντέμνει
1226 452 1276 489 τὴν
1291 452 1437 488 ὑπόσχεσιν
1451 454 1465 479 ό
1479 452 1585 488 Σωτὴρ,
1602 452 1646 479 διὰ
1659 452 1708 488 τὴν
1727 451 1817 486 ὀλιγο-

188 508 249 531 rum
273 500 530 535 parvanitnitatem:
557 506 584 528 et
608 506 670 529 ante
691 509 833 529 accessum
855 502 882 530 in
905 499 980 528 Gali-

188 545 267 572 lmam
291 546 362 580 apud
384 547 585 582 Hierosolymas
609 555 639 575 se
665 547 846 575 manifestat:
874 554 928 573 non
953 546 979 573 in

189 590 242 617 hoc
258 591 425 624 promissum
445 599 524 618 suum
544 592 666 625 violavit,
683 600 734 620 nec
746 592 826 628 longe
846 591 980 624 dillertur,

190 635 263 670 quod
287 640 397 671 propter
425 645 550 673 magnam
586 638 805 666 misericordiam
845 642 900 665 tam
927 638 981 665 cito

189 680 400 716 adimplebatur.
421 680 449 710 Si
463 682 525 717 quis
543 683 636 710 animo
649 690 778 718 perverso
793 683 933 711 veritatem
952 683 979 710 in

191 727 364 755 mendacium
380 733 487 756 vertere
499 729 574 761 velit,
593 734 620 757 et
633 730 705 757 dicat
721 738 775 757 non
790 737 851 758 esse
862 729 980 762 veracis,

189 773 348 810 promittere
371 774 503 802 visionem
520 775 546 803 in
566 775 693 810 Galilaaa,
712 776 786 803 illam
802 783 867 803 vero
882 775 980 803 Hiero-

190 806 303 854 solymis
332 820 483 849 exhibere:
510 806 691 855 consideret;
714 821 786 857 quod
808 821 852 849 ubi
875 822 981 850 dixerat

192 864 323 893 Serv-ator
338 873 368 893 se
385 866 540 898 fruitionem
557 868 642 897 beata:
657 868 743 904 ipsius
758 868 872 896 visionis
885 868 912 895 in
927 867 980 895 Ga-

189 911 259 945 lilaaa
275 912 471 947 exhibiturum,
491 919 518 942 et
542 915 654 945 omnino
680 923 733 943 non
752 915 917 943 exhiberet:
938 915 980 942 vcl

188 957 212 991 si
229 958 360 993 adjicere;
382 958 580 996 Hierosolymis
604 961 814 997 haudquaquam
832 961 921 996 ipsum
940 961 981 988 vi-

188 1011 285 1037 suros,
303 1009 331 1032 et
351 1009 441 1033 tamen
465 1007 598 1039 viderent,
625 1015 680 1034 non
703 1007 763 1035 sine
779 1007 853 1042 justa
864 1006 978 1035 forsitan

188 1049 296 1084 ratione
311 1051 373 1085 quis
384 1052 418 1079 de
436 1052 579 1080 mendacio
592 1053 753 1088 postularet.
774 1053 854 1086 Quod
866 1053 890 1081 si
906 1052 980 1083 Gali-

188 1096 285 1124 laicam
301 1098 495 1133 apparitionem
516 1099 684 1134 praemittens
702 1105 730 1128 et
744 1100 819 1133 illam
838 1099 978 1134 praestitit,

187 1151 219 1171 ac
235 1144 316 1172 etlam
328 1146 356 1172 in
368 1144 565 1181 Hierosolymis
578 1146 713 1174 addiderit
726 1147 820 1180 aliam,
841 1148 887 1175 ubi
901 1155 978 1175 men-
995 1149 1015 1179 Β

192 1189 264 1223 dacii
286 1198 442 1225 processus,
455 1192 518 1220 licet
538 1192 566 1220 in
582 1193 647 1220 exili
672 1192 819 1228 phantasia
840 1194 979 1228 relinquu-

186 1236 250 1262 tur?
273 1235 332 1264 lmo
357 1245 443 1272 quare
467 1245 522 1266 nou
545 1238 638 1273 potius
656 1239 784 1270 veritatis
802 1239 903 1274 duplex
926 1240 979 1268 erit.

187 1280 354 1317 adimpletio,
373 1283 448 1311 illius
461 1291 544 1318 quam
557 1285 693 1320 promisit,
706 1290 735 1313 et
746 1287 807 1320 ejus
824 1294 908 1321 quam
920 1287 980 1313 sine

186 1327 324 1361 pr0misso
340 1329 486 1363 praestitit?
500 1328 553 1356 Sed
577 1329 694 1357 ulterius
715 1330 827 1358 adverte
843 1339 851 1360 :
873 1330 897 1358 si
912 1330 979 1358 sim-

186 1371 295 1405 pliciter
326 1372 468 1408 discipulis
491 1373 629 1408 pollicitus
645 1378 717 1401 esset
735 1381 765 1401 se
784 1374 872 1401 visum
897 1374 929 1401 iri
950 1374 976 1402 in

186 1415 309 1450 Galilaza,
326 1420 355 1443 et
370 1416 415 1444 ille
429 1417 505 1452 prius
519 1417 621 1445 alicubi
637 1417 786 1450 videretur,
807 1418 835 1445 in
851 1417 978 1446 confesso

186 1459 240 1486 erit
261 1467 316 1487 non
341 1461 496 1489 mentitum.
518 1460 568 1489 Sin
584 1461 720 1495 abeuntes
734 1461 838 1491 diceret
858 1462 978 1498 visuros,

187 1505 217 1528 at
230 1503 267 1530 illi
283 1510 339 1545 non
353 1503 471 1537 abirent,
487 1505 590 1540 quippe
606 1505 653 1540 qui
670 1505 833 1533 miraculum
849 1506 914 1534 illud
934 1514 978 1534 re-

187 1547 366 1579 Surreetionis
382 1555 554 1584 nequaquam
567 1549 683 1578 ﬁrmiter
694 1550 846 1584 credentes,
861 1555 901 1584 ut,
914 1551 978 1579 rell-

190 1595 243 1624 ctis
257 1595 464 1632 Hierosolymis,
476 1598 554 1626 illum
565 1598 592 1626 in
605 1599 715 1628 Galilzea
725 1600 871 1628 videndum
883 1609 979 1636 exspe-

189 1646 294 1675 ctarent
311 1651 319 1670 :
335 1645 473 1679 quomodo
490 1653 546 1676 non
573 1645 739 1674 irrationalis
760 1652 803 1674 est
828 1647 921 1681 opinio
945 1648 980 1675 de

188 1688 334 1723 mendacio
361 1693 388 1717 et
413 1691 611 1726 sycophantia?
643 1692 696 1720 Sed
726 1698 752 1720 et
777 1693 882 1728 absque
917 1693 979 1721 istis

188 1734 346 1770 praedictis,
372 1737 473 1765 intueri
495 1737 622 1774 inprimis
643 1743 771 1774 oportet,
801 1739 885 1774 quod,
915 1739 979 1767 licet

189 1779 385 1817 Hierosolymis
408 1782 511 1816 adfuit,
535 1788 563 1812 et
585 1784 662 1812 visus
691 1789 734 1814 est
759 1785 900 1820 discipulis
919 1786 978 1814 Suis

1030 499 1130 535 ψυχίαν
1142 500 1198 526 τῶν
1212 499 1342 534 μαθητῶν
1351 507 1358 514 ·
1372 499 1419 526 καὶ
1436 498 1489 534 πρὸ
1503 499 1552 532 τῆς
1567 498 1712 530 Γαλιλαίας
1726 499 1756 525 ὲν
1772 499 1819 525 αὑ-

1029 547 1085 578 τοῖς
1092 545 1289 581 Ἱεροσολύμοις
1307 545 1398 577 αὐτοῖς
1413 545 1611 580 ἐμφανίζεται·
1627 545 1674 572 καὶ
1686 545 1717 571 οὐ
1729 545 1819 580 δήπου

1030 592 1108 619 τοῦτο
1134 592 1185 627 τῆς
1212 592 1378 626 ἐπαγγελίας
1407 591 1527 627 ὑπάρχει
1551 591 1730 626 παράϐασις,
1757 591 1820 618 οὐδὲ

1030 637 1129 665 πολλοῦ
1147 638 1206 666 δεῖ·
1227 639 1324 673 ταχεῖα
1338 638 1367 665 δὲ
1383 638 1485 672 μᾶλλον
1500 639 1532 664 ὲκ
1544 638 1646 673 πολλῆς
1661 637 1819 673 φιλανθρω-

1030 683 1095 715 πίας
1110 683 1296 718 ἐκπλήρωσις.
1310 683 1342 709 EI
1356 682 1378 709 δ’
1390 682 1431 709 ἐτι
1443 691 1487 714 τις
1505 682 1673 717 ἀγνωμονῶν
1688 682 1730 713 είς
1747 681 1820 716 ψεῦ-

1029 729 1074 760 δος
1090 729 1181 757 ἕλκειν
1193 728 1244 764 τὴν
1257 728 1388 764 ἀλήθειαν
1404 727 1573 760 ὲκϐιάζοιτο.
1586 728 1636 754 οὐκ
1645 725 1716 755 εἶναι
1730 727 1820 761 λέγων

1031 773 1263 808 ἐπαληθεύοντος,
1280 775 1310 801 ὲν
1327 774 1378 809 μὲν
1391 774 1425 809 τῇ
1444 773 1576 809 Γαλιλαίᾳ
1597 774 1750 808 παρασχεῖν
1769 773 1820 807 τὴν

1029 820 1091 855 δψιν
1107 820 1332 856 ἐπαγγείλασθαι,
1347 821 1377 847 ὲν
1395 819 1592 856 Ἰεροσολύμοις
1603 820 1632 846 δὲ
1646 819 1749 854 ταύτην
1764 818 1818 845 δω-

1031 866 1169 902 ρήσασθαι
1181 875 1188 883 ·
1207 867 1296 894 ὲκεῖνο
1312 867 1414 902 μᾶλλον
1430 866 1555 900 συνιέτω,
1574 866 1624 898 ὡς,
1640 865 1720 900 εἴπερ
1732 864 1819 891 εἰπὼν

1030 913 1043 939 ὁ
1058 912 1165 948 Σωτὴρ,
1180 912 1210 939 ὲν
1222 913 1256 948 τῇ
1273 912 1405 948 Γαλιλαίᾳ
1421 912 1513 939 δοῦναι
1533 913 1592 944 τοῖς
1614 912 1749 948 μαθηταῖς
1768 911 1819 946 τὴν

1029 957 1181 985 ἀπόλαυσιν
1194 959 1245 994 τῆς
1260 958 1398 994 μακαρίας
1412 958 1477 989 θέας
1489 962 1504 978 η
1524 958 1633 992 ἐκείνης
1644 978 1652 989 ,
1677 955 1738 988 εἶτα
1754 958 1818 992 μηδ’

1029 1004 1098 1035 ὂλως
1111 1004 1249 1040 παρέσχεν
1260 1013 1266 1019 ·
1284 1004 1301 1039 ἢ
1315 1004 1446 1040 προσθεὶς
1467 1004 1496 1031 ὲν
1513 1003 1711 1039 Ἰεροσολύμοις
1730 1003 1818 1038 μηδα-

1031 1049 1090 1084 μῶς
1106 1050 1197 1082 αὐτοῖς
1207 1050 1336 1085 ὀφθῆναι,
1353 1049 1450 1077 ἔπειτα
1463 1049 1541 1085 ὤφθη
1552 1070 1559 1081 ,
1576 1050 1627 1076 οὐκ
1639 1049 1673 1075 ἂν
1689 1049 1819 1084 ἀφρόνως

1029 1095 1090 1123 λίαν
1106 1097 1146 1129 είς
1160 1097 1289 1124 ὑπόωιάν
1302 1105 1345 1128 τις
1359 1096 1503 1132 ἐξεφέρετο
1528 1096 1576 1122 τοῦ
1591 1095 1724 1131 ψεύδους·
1745 1096 1771 1122 εἰ
1789 1095 1818 1122 δὲ

1029 1144 1079 1180 τὴν
1095 1144 1125 1171 ὲν
1138 1145 1172 1179 τῇ
1195 1143 1327 1179 Γαλιλαίᾳ
1350 1144 1512 1178 ἐπιφάνειαν
1537 1142 1740 1176 προαγγεῖλας,
1770 1142 1818 1168 καὶ

1028 1189 1133 1226 ταύτην
1146 1189 1301 1225 ἐπλήρωσε,
1317 1189 1365 1216 καὶ
1387 1188 1437 1224 τὴν
1456 1190 1486 1216 ὲν
1506 1188 1704 1225 Ἱεροσολύμοις
1721 1188 1818 1223 ἐχαρί-

1030 1245 1106 1268 σατο,
1121 1235 1172 1262 ποῦ
1186 1235 1225 1271 τῷ
1239 1235 1334 1270 ψεύδει
1350 1236 1478 1271 πάροδος,
1491 1235 1542 1262 κᾶν
1558 1235 1625 1270 γοῦν
1637 1235 1666 1261 ὲν
1679 1234 1744 1270 ψιλῇ
1762 1243 1817 1261 τινι

1030 1282 1221 1310 καταλείποιτο
1235 1281 1390 1317 (paventis;
1407 1281 1516 1309 Μᾶλλον
1530 1282 1575 1314 δὲ,
1589 1281 1649 1313 πῶς
1662 1281 1713 1308 οὐκ
1730 1280 1817 1313 ἐστιν,

1029 1328 1066 1360 ὤς
1080 1329 1113 1356 ἄν
1125 1337 1167 1360 τις
1181 1328 1265 1359 εῐποι,
1276 1327 1357 1363 διπλή
1371 1336 1414 1359 τις
1427 1327 1477 1363 τῆς
1489 1327 1616 1362 ἀληθείας
1630 1327 1816 1362 έκπλήρωσις.

1029 1371 1067 1404 ὢν
1083 1382 1113 1400 τε
1130 1373 1274 1409 ὑπέσχετο,
1299 1373 1349 1400 καὶ
1369 1369 1408 1401 ὧν
1435 1372 1503 1408 μηδὲ
1525 1372 1709 1407 ὑποσχόμενος
1726 1370 1818 1406 ἐχαρί-

1030 1427 1113 1450 σατος
1127 1419 1198 1454 Ὅρα
1211 1418 1240 1446 δὲ
1255 1419 1366 1445 κάκεῖνο
1375 1426 1383 1434 '
1396 1418 1421 1445 εί
1435 1418 1484 1453 μὲν
1501 1417 1595 1448 ἁπλῶς
1610 1415 1645 1452 ἥν
1665 1416 1817 1452 προαγγεῖ-

1028 1464 1078 1496 λας
1092 1465 1122 1491 ὲν
1134 1465 1168 1500 τῇ
1185 1463 1317 1500 Γαλιλαίᾳ.
1328 1465 1385 1496 τοῖς
1398 1463 1534 1500 μαθηταῖς
1548 1463 1745 1499 ὁραθήσεσθαι,
1760 1463 1776 1489 ὸ
1788 1461 1818 1489 δὲ

1028 1509 1148 1546 ἀλλαχοῦ
1163 1510 1296 1546 πρότερον
1309 1509 1417 1545 ὡράθη,
1439 1509 1667 1545 συγκεχωρείσθω
1686 1509 1735 1535 καὶ
1748 1508 1820 1543 μηδὲ

1029 1556 1121 1592 χώραν
1136 1555 1199 1591 ἕχον
1212 1555 1244 1582 τὸ
1259 1555 1366 1591 ψεῦδος.
1391 1555 1422 1582 Εἰ
1437 1554 1466 1582 δὲ
1485 1554 1655 1586 ἀπελθόντας
1679 1553 1732 1589 ἔφη
1752 1553 1820 1588 ὕψε-

1030 1602 1103 1634 σθαι,
1118 1603 1144 1629 οἱ
1159 1602 1188 1630 δὲ
1201 1601 1278 1629 οὔπω
1293 1601 1486 1637 παρεγένοντο,
1509 1600 1570 1627 οὐδὲ
1593 1600 1647 1635 γὰρ
1668 1598 1702 1635 ἦν
1724 1600 1821 1630 αὐτοῖς

1028 1648 1258 1684 ἐνεστηριγμένον
1278 1648 1308 1675 τὸ
1322 1648 1373 1682 τῆς
1397 1647 1573 1678 ἀναστάσεως
1587 1645 1691 1681 θαῦμα,
1707 1645 1752 1671 ῖνα
1770 1645 1821 1671 τὸν

1029 1696 1195 1729 ἀναστάντα,
1211 1695 1246 1722 τὰ
1266 1694 1439 1730 Ἱεροσολὺμα
1449 1694 1584 1727 λιπόντες,
1605 1694 1645 1725 είς
1667 1692 1716 1728 τὴν
1734 1691 1821 1719 Γαλι-

1029 1741 1109 1769 λαίαν
1125 1741 1190 1768 ίδεῖν
1207 1740 1413 1777 προσδοκήσωσι
1423 1748 1431 1756 ·
1455 1739 1515 1772 πῶς
1534 1740 1586 1766 οὐκ
1599 1738 1730 1770 ἀσύνετος
1747 1738 1820 1772 σφό-

1031 1788 1082 1823 δρα
1096 1787 1147 1823 τῆς
1159 1787 1206 1814 ἐπὶ
1220 1787 1261 1823 τῷ
1279 1787 1372 1822 ψεύδει
1397 1786 1581 1821 συκοφαντίας
1595 1786 1612 1821 ἡ
1627 1784 1705 1818 865a;
1723 1783 1822 1819 Χωρὶς

190 1826 332 1861 Senator,
350 1836 405 1856 non
427 1833 518 1857 tamen
540 1830 726 1865 principaliter
741 1831 780 1860 illi
801 1839 864 1860 eum
886 1831 927 1859 int

1082 1832 1128 1860 τῶν
1141 1832 1297 1868 εἰρημένων
1310 1832 1426 1867 συνορᾷν
1445 1830 1564 1866 μάλιστα
1583 1829 1695 1864 δεήσει,
1710 1827 1748 1859 ὡς
1766 1826 1821 1854 κᾶν

189 1872 299 1906 bantur.
318 1873 372 1907 Qui
391 1875 464 1902 enim
480 1881 609 1910 pOSsent,
631 1877 678 1912 qui
699 1883 730 1904 se
742 1876 869 1912 spiritum
886 1877 978 1907 videre

188 1920 339 1955 putabant?
353 1920 431 1954 Quod
447 1921 470 1949 si
483 1926 573 1949 autem
596 1927 689 1958 postea
704 1923 861 1955 credebant.
886 1928 976 1950 tamen

189 1974 240 1998 nec
262 1967 329 1994 illud
357 1975 485 2002 magnum
508 1968 572 1997 fuit.
603 1969 674 2002 Quid
696 1969 770 1997 enim
794 1974 893 2004 praeter
914 1969 976 2002 hoc,

192 2021 202 2038 ι
221 2012 353 2048 Spiritum
369 2021 480 2042 carnem
505 2018 532 2042 et
546 2022 608 2042 ossa
627 2022 681 2043 non
697 2015 797 2043 habere
805 2015 837 2049 '°,
856 2024 866 2040 ι
893 2015 977 2049 quod,

189 2059 236 2093 qui
249 2063 362 2087 mortem
379 2060 494 2094 obierat,
510 2061 683 2089 resurrexit?
700 2061 834 2094 Quocirca
851 2061 912 2089 illos
937 2062 978 2088 in-

190 2112 306 2139 crepans
321 2105 360 2132 ait
376 2114 383 2132 :
396 2115 405 2135 ς
436 2106 506 2140 Quid
519 2107 621 2135 turbati
636 2107 723 2135 estis?
741 2107 877 2140 Quorsum
901 2109 978 2143 cogi-

190 2151 308 2181 tationes
331 2152 482 2183 ascendunt
496 2153 524 2181 in
543 2154 626 2182 corda
649 2154 791 2181 vestra"?
808 2163 817 2180 ι
842 2153 899 2182 Hoc
922 2162 977 2182 non

189 2200 250 2225 erat
263 2205 358 2226 eorum
377 2199 425 2234 qui
442 2199 541 2228 animis
558 2199 668 2229 fuerant
682 2199 846 2232 conﬁrmati,
864 2200 909 2235 qui
927 2200 979 2227 im—

189 2243 337 2272 mobilibus
348 2245 455 2275 veritati
468 2245 621 2272 rationibus
633 2245 816 2274 adhaerebant.
829 2245 857 2272 In
868 2246 977 2273 Gulilzea

189 2297 282 2318 revera
303 2291 431 2318 viderunt
443 2298 518 2324 eum.
538 2291 637 2319 ibidem
653 2291 772 2320 revelato
792 2293 874 2320 modo
890 2293 977 2319 mani—

190 2335 361 2366 festabatur:
387 2336 461 2371 quod
488 2344 570 2371 quem
596 2336 770 2365 intuebantur
792 2338 895 2367 oculis.
921 2338 978 2372 ipse

188 2386 271 2414 esset,
300 2390 310 2408 ι
340 2382 388 2416 qui
419 2382 517 2411 mortis
552 2383 704 2410 dominium
736 2383 944 2419 spoliaverat";
964 2393 974 2410 ι

189 2426 258 2461 ipse,
272 2437 282 2454 ε
302 2427 349 2462 qui
368 2435 460 2456 rerum
477 2429 600 2455 omnium
617 2437 678 2464 qua:
698 2429 725 2456 in
738 2430 808 2457 cmlo
825 2434 890 2457 sunt
902 2420 977 2456 ac'in

189 2476 264 2499 terra
280 2475 440 2506 potestatem
455 2478 598 2507 acceperat
612 2478 639 2500 et
652 2473 845 2506 dominium",
864 2483 873 2499 ι
889 2482 977 2508 quatt-

189 2518 226 2544 do
249 2525 384 2545 summam
409 2522 437 2546 et
464 2519 601 2547 excelsam
626 2521 794 2555 apostolatus
816 2520 974 2555 dignitatem

190 2568 272 2596 super
287 2561 380 2589 orbem
398 2563 554 2592 universum
569 2564 695 2593 ctllatam
711 2565 889 2599 accipiebant.
900 2564 975 2598 Qua-

170 2604 176 2621 ‘
190 2613 221 2634 re
232 2605 372 2634 doctorem
391 2615 471 2636 suum
486 2608 610 2644 discipuli
624 2617 717 2641 revera
734 2611 760 2637 in
776 2610 887 2638 Galilaea
902 2610 976 2637 vidc-

190 2650 267 2687 ba'“:
291 2648 435 2689 Dominum
450 2659 477 2681 et
492 2662 554 2683 cun.
572 2659 705 2689 potestate
719 2655 847 2683 omnibus
864 2654 976 2689 imposi-

227 2728 248 2744 "
260 2727 327 2765 Luc.
341 2739 414 2766 xxtv,
425 2732 470 2767 59.

1028 1879 1058 1905 ὲν
1074 1877 1271 1913 Ἰεροσολύμοις
1285 1878 1405 1914 ἐπέστη,
1420 1877 1469 1904 καὶ
1484 1876 1564 1910 ὤφθη
1577 1875 1635 1906 τοῖς
1649 1873 1786 1909 μαθηταῖς
1805 1874 1823 1899 ὁ

1027 1925 1141 1960 Σωτὴρ,
1165 1924 1223 1952 ἀλλ’
1245 1924 1292 1951 οὖν
1318 1924 1348 1951 οὐ
1375 1923 1479 1959 κυρίως
1497 1923 1597 1949 ἐκεῖνοι
1620 1920 1715 1947 τοῦτον
1737 1918 1823 1945 €0de-

1028 1979 1125 1998 σαντο·
1144 1971 1203 2003 πῶς
1215 1970 1270 2006 γὰρ
1283 1971 1388 2005 ἑώρων,
1416 1969 1487 2003 οἵγε
1504 1967 1614 2002 πνεῦμα
1632 1966 1744 2001 θεωρεῖν
1759 1965 1823 1991 ἐδό-

1027 2026 1108 2051 κουν;
1124 2017 1156 2044 Εἰ
1171 2017 1200 2044 δι
1216 2017 1264 2044 καὶ
1292 2016 1405 2052 ὕστερον
1421 2015 1573 2048 ἐπίστευον,
1595 2013 1653 2041 ἀλλ’
1665 2012 1727 2039 οὐδὲ
1744 2010 1823 2038 οὕτω

1028 2064 1115 2098 μέγαο
1132 2063 1159 2090 τί
1176 2062 1241 2098 γὰρ,
1257 2062 1328 2098 πλὴν
1354 2063 1396 2089 ὅτι
1413 2072 1421 2093 ι
1439 2060 1551 2097 Πνεῦμα
1571 2060 1660 2094 σάρκα
1670 2052 1718 2094 καὶ
1733 2057 1823 2084 ὀστέα

1026 2110 1075 2136 οὐχ
1085 2109 1168 2144 ἔχει,ι
1184 2109 1233 2137 καὶ
1248 2109 1289 2135 ὅτι
1305 2108 1386 2140 αὐτὸς
1397 2108 1411 2135 ὁ
1426 2106 1591 2146 θανατωθεὶς
1603 2105 1651 2133 καὶ
1665 2104 1817 2139 ἀνέστηκε;

1027 2155 1073 2181 Διὸ
1087 2154 1135 2181 καὶ
1148 2154 1284 2189 ἐπιτιμῶν
1304 2153 1397 2185 αὐτοῖς
1422 2152 1514 2187 ἔλεγε·
1541 2161 1551 2177 ι
1566 2151 1599 2177 Τί
1615 2149 1822 2184 τεταραγμένοι

1028 2202 1100 2234 ἐστὲ,
1117 2201 1165 2228 καὶ
1181 2201 1226 2228 διὰ
1238 2200 1265 2227 τι
1278 2200 1404 2235 λογισμοὶ
1417 2198 1610 2226 ἀναϐαίνουσιν
1625 2197 1654 2223 ὲν
1664 2196 1725 2227 ταῖς
1748 2203 1822 2230 καρς

1027 2247 1097 2279 δίαις
1108 2247 1203 2282 opm;
1219 2257 1228 2273 ι
1248 2247 1316 2282 ὅπερ
1332 2246 1382 2272 οὐκ
1398 2243 1432 2281 ἦν
1445 2243 1656 2280 ἐστερεωμένων
1672 2242 1734 2273 ταῖς
1745 2240 1822 2275 γνὼα

1028 2301 1103 2328 μαις,
1126 2292 1181 2318 οὐδ’
1198 2292 1337 2326 ἀκινήτοις
1361 2289 1512 2326 χρωμένων
1532 2288 1598 2323 περὶ
1613 2288 1663 2322 τὴν
1684 2286 1822 2321 ἀλήθειαν

1026 2339 1082 2368 τοῖς
1096 2336 1247 2371 λογισμοῖς.
1256 2335 1301 2363 Ἑν
1311 2336 1344 2370 τῇ
1361 2333 1492 2370 Γαλιλαίᾳ
1504 2333 1533 2360 δὲ
1548 2331 1655 2367 ἀληθῶς
1667 2331 1821 2357 ἐθεάσαντο

1026 2383 1073 2409 καὶ
1085 2379 1154 2408 είδον
1164 2390 1171 2398 ·
1183 2381 1272 2408 ἐκεῖσε
1281 2380 1336 2416 γὰρ
1347 2380 1439 2412 αὐτοῖς
1452 2377 1645 2412 ἀποκαλυφθὲν
1658 2376 1820 2411 ἐτρανώθη,

1026 2428 1063 2460 ὡς
1074 2428 1103 2455 ὃν
1117 2428 1244 2462 βλέπουσι
1255 2427 1302 2454 καὶ
1313 2426 1425 2461 ὁρῶσιν,
1439 2425 1521 2457 αὐτὸς
1539 2425 1588 2459 μέν
1603 2425 1676 2450 ἐστιν
1694 2432 1703 2448 ι
1724 2423 1739 2449 ὸ
1768 2422 1821 2448 τοῦ

1029 2473 1146 2500 θανάτου
1166 2472 1317 2502 σκυλεύσας
1332 2472 1363 2498 τὺ
1380 2471 1498 2506 κράτος⁸
1513 2469 1594 2502 αὐτὸς
1614 2468 1642 2499 δὲ
1667 2469 1682 2495 ό
1704 2467 1821 2496 πάντων

1029 2520 1141 2546 ἅπασαν
1156 2518 1210 2546 τῶν
1224 2518 1270 2544 ἐπὶ
1283 2519 1336 2552 γῆς
1351 2517 1398 2543 καὶ
1421 2515 1540 2551 οὐρανῷ,
1556 2515 1606 2550 τὴν
1621 2513 1747 2546 ἐξουσίαν
1768 2514 1822 2538 καὶ

1029 2565 1179 2600 κυριότητα
1200 2562 1412 2598 ἀναδεδεγμένος
1424 2567 1437 2580 ⁰
1449 2570 1455 2577 ·
1474 2571 1483 2587 ι
1500 2562 1545 2588 ὅτε
1561 2561 1608 2587 καὶ
1622 2560 1654 2586 τὸ
1674 2559 1750 2594 μέγα
1770 2558 1822 2585 καὶ

1030 2610 1131 2645 ὑψηλὸν
1144 2610 1194 2644 τῆς
1210 2609 1361 2643 ἀποστολῆς
1381 2607 1498 2642 ἀξίωμα,
1519 2607 1569 2642 τῆς
1585 2605 1637 2633 ἀνὰ
1655 2606 1748 2632 πᾶσαν
1767 2604 1821 2639 τὴν

1030 2654 1193 2689 οἰκουμένην
1207 2653 1409 2689 περιεϐάλοντο.
1419 2650 1579 2687 Τοιγαροῦν,
1594 2650 1622 2685 έν
1635 2650 1668 2684 τῇ
1684 2646 1820 2685 Γαλιλαία

515 2733 619 2761 "ibid.
634 2735 678 2762 58.
717 2734 740 2750 ⁷⁸
763 2733 844 2760 llcbr.
875 2742 905 2764 η,
930 2734 974 2760 Η.
1012 2734 1034 2751 ⁷⁸
1050 2733 1144 2760 Matth.
1158 2740 1251 2765 xxvut,

634 2735 678 2762 58.
717 2734 740 2750 ⁷⁸
763 2733 844 2760 llcbr.
875 2742 905 2764 η,
930 2734 974 2760 Η.
1012 2734 1034 2751 ⁷⁸
1050 2733 1251 2765 Maltinxxvut,
1270 2732 1363 2759 18-20.

841 2809 961 2838 ὛΛΒΙΑΞ
988 2810 1187 2838 LECTIONES.

230 2881 246 2907 Ρ
257 2878 290 2910 (ξ.
311 2878 346 2906 Μ.
363 2880 489 2915 θεωρίας.
529 2885 540 2898 °
556 2881 586 2908 C.
603 2881 636 2908 Μ.
653 2881 884 2916 ἀναδεδειγμὲνος.
