1873 3063
64 168 113 200 653

529 167 577 197 AD
596 168 892 200 AMPHILOCHIUM
908 170 1080 206 ρυιΕὸΤῐΟ
1097 172 1155 208 ΟΧ,
1175 172 1249 202 CXI.

1631 175 1687 207 654i

62 224 104 250 τὸν
118 223 294 254 διδάσκαλον,
311 221 348 254 ὥς
361 221 470 257 ἀληθῶς
482 241 488 252 ,
505 223 529 248 οἰ
547 222 667 257 μαθηταὶ
687 214 846 250 ὲθεάσαντοί
860 234 883 261 Λ
899 230 955 252 tum

935 233 955 252 m
981 226 1079 254 divina;
1108 226 1226 261 Spiritus
1254 228 1342 255 sancti
1372 229 1464 263 gratiaz
1489 229 1683 265 elargitorem:

59 270 161 305 Κύριον
174 269 229 304 γὰρ
244 269 485 303 καὶβξουσιαστὴν
502 268 548 294 τοῦ
561 269 672 300 παντὸς,
688 269 738 304 τῆς
751 277 779 295 τε
796 269 847 304 χά-

59 324 131 351 ριτος
157 315 205 342 τοῦ
230 315 365 349 παναγίου
389 314 549 349 Πνεύματος
574 315 702 349 χορηγὸν,
728 315 848 341 καὶτῶν

57 362 145 389 ἄλλων
160 361 273 396 ἀγαθῶν
289 361 392 396 ταμίαν
407 361 469 387 τότε
490 360 590 396 μᾶλλον
614 361 631 395 ἢ
656 361 789 396 πρότερον
806 361 847 387 δι-

57 407 226 442 δαχοέντες,
252 406 433 441 κατενόησαν.
455 405 623 441 Παναληθῶς
646 406 701 441 ἄρα
724 407 771 432 καὶ
791 406 848 433 θεο-

56 451 173 487 πρεπῶς
188 451 240 487 ἔφη
258 451 412 486 ὀΧριστὸς,
427 451 480 477 κᾶν
493 451 522 476 ὲν
536 450 734 486 Ἰεροσολύμοις
750 451 846 477 ἑαυτὸν

57 497 265 532 προῡπέδειξεν,
295 498 391 531 ὅτιπερ
415 497 439 523 οἱ
468 496 590 532 μαθηταὶ
620 496 669 531 τὴν
702 496 846 524 Γαλιλαίαν

57 543 271 576 καταλαϐόντες,
284 543 344 569 ἐκεῖ
359 543 440 569 αὑτὸν
452 542 573 577 ὕψονται.

327 599 493 626 ΕΡΩΊῊΣΙΣ
513 600 587 626 PlA’.

897 272 1011 299 aliorum
1027 280 1136 307 quoque
1153 273 1288 300 bonorum
1305 281 1430 308 promum
1446 275 1571 302 .condum
1588 286 1594 303 :
1611 277 1685 311 quod

897 317 998 345 clarius
1013 326 1096 353 quam
1107 323 1187 346 antea
1201 320 1413 354 cognoscebant.
1426 320 1561 354 Quocirca
1574 323 1686 351 verissi—

896 371 940 390 me
954 367 995 395 (et
1007 364 1098 392 divine
1111 365 1181 392 dixit
1195 365 1331 398 Christus,
1345 371 1482 401 utcunque
1496 375 1526 395 se
1538 374 1687 403 praaosten-

896 409 977 436 debat
991 409 1197 446 Hierosolymis,
1219 412 1293 446 quod
1307 412 1409 447 ipsum,
1425 420 1487 440 cum
1504 414 1644 442 venissent
1658 415 1693 441 ini

897 455 1047 490 Galilaeam,
1062 457 1149 484 visuri
1164 462 1244 485 erunt

955 597 1119 631 QUIESTIO
1133 598 1192 626 CXI
1211 598 1305 635 [CoisL
1323 604 1348 626 et
1364 599 1447 627 Taur.
1465 599 1618 635 CXXXIH].

130 655 202 680 Edita
225 663 239 684 α
252 656 409 686 Montacutio,
427 663 468 687 ep.
481 655 527 680 ΞΗ
537 675 544 685 ,
556 657 589 680 ad
609 657 767 688 Stephanum,
786 664 810 689 p.
824 656 935 682 διδ-517.
959 657 985 682 In
998 658 1060 688 psal.
1074 665 1173 689 cxxuv,
1191 658 1228 689 15,
1242 662 1268 683 et
1279 660 1339 690 psal.
1351 667 1408 689 cxv,
1420 660 1443 688 ι,
1455 659 1524 690 juxta
1535 658 1605 683 LXX.

97 716 108 732 ι
119 707 160 733 Τὰ
176 706 275 733 εἴδωλα
285 707 338 734 τῶν
350 707 434 734 ἐθνῶν
448 707 581 742 ἀργύριον
595 709 642 734 καὶ
653 707 765 742 χρυσίον
780 707 848 742 ἔργα

57 753 158 788 χειρῶν
179 752 341 787 ἀνθρώπων.
361 762 370 779 ι
397 753 431 779 Τί
454 753 483 779 δὲ
508 753 543 780 τὰ
577 754 702 780 σπονδεῖα
726 753 776 788 τῆς
794 753 847 780 τῶν

57 799 233 834 Χριστιανῶν
250 799 408 833 θρησκείας,
424 799 471 825 καὶ⁴
486 800 509 826 οἱ
523 800 670 835 κρατῆρες,
685 799 731 826 καὶ
744 799 772 825 αἱ
786 798 847 825 θυῖ-

58 853 135 875 σκαι,
157 844 205 870 καὶ
217 844 242 870 οἱ
255 844 302 870 τοῦ
319 844 437 878 σταυροῦ
452 844 532 870 τύποι
545 845 591 870 καὶ
608 844 694 880 μυρία
713 844 795 878 illa;
810 845 846 870 ὲῶ

57 891 113 926 γὰρ
130 891 220 917 εἰπεῖν
233 890 282 925 τῆς
301 891 452 926 Μωσαῖκῆς
469 890 564 922 θυσίας
578 891 612 917 τὰ
627 891 764 926 σύμὸολα²
785 891 847 926 οὐχὶ
862 911 884 939 Β

57 937 206 972 ἀργύριον,
223 937 271 962 καὶ
283 936 404 971 χρυσίον,
420 937 465 962 καὶ
479 936 556 968 ξύλα,
571 937 617 963 καὶ
634 937 778 971 χρώματα,
800 937 847 963 καὶ

57 983 127 1017 ἔργα
141 981 243 1017 χειρῶν
266 981 433 1017 ἁνθρώπωνς
455 982 501 1017 Μὴ
515 982 636 1016 γένοιτο·
651 982 682 1008 οὐ
696 982 750 1018 γὰρ
762 982 848 1017 ἀργύ-

58 1026 118 1060 ριόν
147 1026 227 1057 εἰσιν,
251 1025 311 1052 ἀλλ’
334 1025 363 1058 ἐξ
385 1026 527 1061 ἀργύρου·
553 1026 611 1053 οὐδὲ
637 1027 759 1062 χρυσίον,
779 1027 848 1054 ἀλλὰ

58 1071 162 1105 χρυσοῦ
185 1071 378 1106 πεποιημένα·
395 1072 455 1098 οὐδὲ
471 1072 547 1104 ξύλα,
574 1073 591 1108 ἢ
614 1073 749 1108 χρώματα
762 1093 770 1106 ,
790 1074 847 1101 ἀλλ’

58 1117 126 1151 ὕλην
144 1116 197 1152 μὲν
214 1117 270 1152 ἔχει
285 1116 381 1144 ταῦτα,
396 1117 509 1153 Ἕτερον
520 1118 548 1144 δέ
562 1118 588 1144 τί
602 1119 676 1146 ἐστιν
689 1120 721 1146 ὲκ
734 1120 846 1153 τούτων,

58 1163 214 1198 Θαυμάσιον
238 1161 294 1190 οἷον
318 1164 574 1199 συντετελεσμένον⁸
595 1166 625 1191 οὺ
643 1165 694 1200 μὴν
716 1166 770 1193 οὐδ’
790 1166 848 1192 ἔστι

57 1209 160 1244 χειρῶν
173 1208 326 1242 ἀνθρώπων
338 1209 490 1240 παιζόντων
503 1210 567 1246 περὶ
576 1210 625 1246 τὴν
634 1210 711 1246 ὕλην,
725 1212 808 1247 χωρίς
817 1220 847 1238 τε

57 1255 151 1290 πάσης
170 1254 313 1289 ἐνεργείας
330 1255 405 1287 θείας
421 1255 451 1282 τὸ
473 1257 668 1291 παρεμπῖπτον
682 1257 771 1284 αὐτῶν
787 1259 848 1290 ταῖς

56 1300 190 1332 διανοίαις
212 1301 452 1328 ἀναπλαττόντων.
474 1302 525 1328 Διὰ
541 1302 631 1334 τοῦτο,
652 1302 688 1329 τὰ
707 1304 755 1338 μὲν
772 1303 848 1330 οὐδὲν

56 1348 152 1382 ἔτερόν
168 1349 228 1374 ἐστι
242 1349 313 1384 πλὴν
328 1349 396 1384 αὑτὴ
414 1350 430 1384 ἡ
446 1349 495 1384 ὕλη
510 1350 728 1386 περιυϐρισμένῃ
741 1371 748 1383 ,
769 1351 816 1378 καὶ
834 1353 848 1379 ὸ

57 1394 111 1420 τῶν
125 1395 308 1430 ἀνθρωπίνων
323 1397 424 1432 χειρῶν
439 1397 642 1430 ἁνεπίσκεπτός
666 1407 696 1425 τε
719 1399 767 1426 καὶ
783 1400 842 1426 ἀλό-

57 1449 153 1474 γιστος
168 1441 312 1472 πόνος-τὰ
327 1442 355 1469 δὲ
387 1443 555 1478 μορφάζεται
581 1445 631 1479 μὲν
655 1445 703 1472 ἐπὶ
728 1447 761 1481 τῇ
785 1446 847 1482 ὕλῃ,

57 1488 106 1513 καὶ
127 1488 180 1522 τὴν
204 1490 284 1523 χεῖρα
299 1489 490 1524 ὑπηρετοῦσαν
514 1489 571 1525 ἔχει
584 1511 591 1523 ,
611 1491 669 1518 ἀλλ’
684 1492 788 1529 ἄνωθεν
804 1501 848 1518 κι-

57 1534 194 1569 νουμένην
205 1542 212 1549 ·
237 1535 415 1570 ὑπηρετεῖ-ται
428 1536 482 1572 γὰρ
498 1538 558 1569 ταῖς
573 1537 675 1564 ἄνωθεν
693 1538 848 1570 ἐπιπνοίαις

941 707 1028 734 (ldola
1045 708 1167 743 gentium
1186 711 1331 743 argentum
1349 711 1376 734 et
1395 715 1512 739 aurum,
1527 714 1609 741 opera
1628 715 1687 733 ma—

899 761 984 780 nuum
1011 753 1205 781 humanarum.
1224 763 1232 780 I
1249 753 1320 781 Vasa
1347 753 1473 781 libatoria
1503 754 1530 779 in
1556 752 1687 787 religione

898 800 1073 833 Christiana,
1091 806 1230 833 crateres,
1252 800 1405 833 thuribula,
1425 799 1516 828 crucis
1531 799 1643 834 efﬁgies,
1660 805 1687 826 et

898 852 1027 875 sexcenta
1050 847 1103 874 alia
1122 856 1129 874 :
1151 847 1330 882 praetermitto
1347 846 1421 874 enim
1434 845 1557 882 symbola
1573 845 1686 872 Mosaici

898 892 1045 926 sacriﬁcii;
1065 900 1158 920 nonne
1180 899 1324 929 argentum
1344 896 1410 920 sunt
1422 897 1449 920 et
1465 900 1576 924 aurum,
1600 892 1685 927 ligna,

897 933 1023 971 coieras,
1052 946 1134 974 opera
1152 947 1280 968 manuum
1300 939 1481 966 humanarum
1496 939 1508 966 ’ί
1523 938 1581 966 lmo
1603 939 1685 971 absit,

896 989 1038 1019 argentum
1060 993 1112 1012 non
1127 990 1201 1018 sunt,
1222 986 1268 1013 sed
1282 990 1420 1021 argentea,
1437 993 1490 1013 non
1505 993 1615 1018 aurum,
1633 985 1681 1013 sed

896 1035 930 1055 ex
966 1035 1034 1056 auro
1062 1028 1152 1061 facta,
1188 1037 1243 1056 non
1275 1029 1366 1065 ligna,
1397 1037 1453 1056 non
1482 1029 1607 1060 colores.
1638 1029 1686 1056 sed

897 1075 1037 1102 materiem
1063 1074 1138 1101 illam
1164 1074 1276 1102 habent.
1313 1074 1394 1102 Aliud
1413 1081 1456 1102 est
1477 1082 1510 1102 ex
1524 1074 1594 1108 istis,
1612 1075 1686 1109 quod

896 1121 1036 1155 perﬁcitur
1057 1128 1127 1155 opus
1149 1121 1249 1147 mirum
1273 1130 1280 1147 :
1304 1129 1360 1148 non
1386 1125 1450 1148 sunt
1474 1129 1605 1148 manuum
1633 1121 1685 1148 hu-

897 1173 1040 1193 manarum
1066 1166 1093 1193 in
1123 1166 1237 1194 materia
1262 1166 1412 1193 ludentium
1428 1186 1435 1199 ,
1469 1170 1496 1193 et
1519 1166 1580 1193 sine
1610 1167 1685 1193 omni

897 1211 1057 1245 operatione
1082 1211 1175 1238 divina
1195 1211 1222 1238 id
1247 1211 1319 1246 quod
1345 1211 1539 1246 cogitationem
1572 1210 1687 1238 subierit

897 1255 1101 1284 fabricantium.
1122 1256 1257 1289 Quocirca
1281 1256 1326 1283 illa
1342 1257 1410 1284 nihil
1425 1257 1498 1284 aliud
1511 1261 1586 1284 sunt.
1603 1264 1684 1292 quam

897 1303 1009 1329 materia
1030 1302 1227 1330 contumeliose
1245 1307 1370 1336 tractata,
1391 1307 1418 1329 et
1435 1310 1565 1329 manuum
1593 1302 1686 1330 buma-

898 1357 993 1376 narum
1005 1348 1082 1376 labor
1092 1349 1152 1376 sine
1166 1349 1270 1376 ratione
1279 1353 1306 1376 et
1319 1348 1538 1376 consideratione
1550 1349 1604 1375 ulla
1615 1357 1622 1376 :
1633 1349 1685 1376 ista

898 1401 988 1423 autem
1004 1395 1145 1422 et'formata
1161 1395 1189 1422 in
1201 1395 1326 1427 materia,
1342 1398 1371 1422 et
1382 1402 1480 1421 manus
1495 1394 1597 1421 habent
1616 1394 1684 1421 sub-

898 1442 1097 1473 ministranles,
1117 1441 1165 1468 sed
1181 1445 1269 1468 motas
1289 1448 1305 1467 ιι
1321 1439 1393 1467 caelo
1411 1449 1417 1466 :
1435 1447 1498 1467 nam
1516 1439 1686 1467 subservitur

898 1487 1054 1515 cmlestibus
1064 1486 1300 1521 inspirationibus,
1312 1491 1339 1513 et
1350 1486 1447 1513 rationi
1461 1485 1597 1520 prudenti,
1606 1485 1686 1520 etju-

898 1534 999 1561 dicium
1006 1534 1115 1569 pietatis
1124 1533 1481 1568 promoventilms.Attende,
1490 1532 1682 1562 lconomache.

58 1579 106 1606 καὶ
117 1579 261 1614 λογισμοῖς
281 1580 410 1616 ἐμφροσι.
426 1583 474 1610 καὶ
490 1582 559 1618 πρὸς
571 1583 621 1618 τὴν
639 1583 738 1619 εὐσεϐῆ
758 1584 848 1619 κρίσιν
862 1582 883 1610 C
899 1588 950 1608 nec
972 1588 980 1608 ξ

936 1588 950 1608 c
972 1581 1093 1608 ediscere
1118 1585 1144 1607 te
1166 1579 1267 1615 pudeat
1286 1579 1330 1606 illa
1352 1587 1400 1614 per
1415 1586 1475 1614 quae
1494 1578 1653 1606 liberaberis
1671 1586 1685 1604 a

57 1626 235 1661 ἀνηγμένοις.
256 1627 395 1663 Προσύχες
423 1633 448 1661 P,
465 1629 645 1664 Είκονομάχε,
668 1630 715 1656 καὶ
738 1630 775 1665 μὴ
798 1631 849 1657 ὲπ-

56 1672 209 1708 αισχυνθῇς
237 1673 344 1708 μαθεῖν,
370 1674 404 1701 δι’
429 1671 468 1702 ὧν
491 1675 623 1711 αἰσχύνης
653 1677 772 1711 φρικτῆς
796 1677 850 1704 ἁπ-

56 1719 178 1755 αλλάττῃ
188 1723 214 1751 ιι,
238 1720 284 1746 καὶ
315 1719 393 1754 δίκην
415 1720 536 1754 ἄφυκτον
560 1723 655 1756 φυγεῖν
678 1722 847 1758 ἐξευρήσεις.

58 1764 165 1799 Ὥσπερ
187 1764 216 1790 δὲ
235 1765 269 1791 τὰ
289 1766 412 1801 ἡμέτερα
435 1766 561 1793 σπονδεῖα
586 1767 633 1794 καὶ
651 1767 676 1794 οἱ
699 1770 847 1803 κρατῆρες,

57 1809 105 1836 καὶ
125 1810 156 1835 αἱ
178 1809 301 1841 θυῖσκαι,
324 1811 372 1837 καὶ
387 1812 412 1838 οι
429 1811 476 1837 τοῦ
493 1812 612 1847 σταυροῦ
636 1813 728 1844 τύποι,
751 1814 798 1845 καὶ
814 1814 848 1840 τὰ

57 1855 252 1890 παραπλήσια,
267 1856 297 1882 οὐ
315 1857 424 1891 χρυσὸς,
448 1859 499 1884 οὐκ
523 1858 653 1892 ἄργυρος,
674 1858 734 1885 οὐδὲ
749 1858 846 1892 ξύλων,

57 1900 72 1934 ἦ
85 1900 244 1934 χρωμάτων
262 1900 322 1936 ὕλη,
339 1901 394 1927 οὐδ’
411 1901 480 1937 ἔργα
495 1902 595 1937 χειρῶν
612 1903 783 1937 ἀνθρώπων⁸
800 1904 847 1930 οὖ-

56 1953 110 1977 τως
124 1945 186 1972 οὐδὲ
203 1945 238 1972 τὰ
253 1946 312 1981 ἱερὰ
327 1947 406 1982 ἡμῶν
428 1947 484 1974 τῶν
508 1948 707 1982 εἰκονισμάτων
721 1948 846 1976 ἐκτυπώ-

57 2000 142 2025 ματα,
157 1992 209 2018 οὐκ
227 1991 301 2019 ἐστιν
315 1992 458 2028 ἀργύριον,
474 1993 535 2020 οὐδὲ
549 1994 670 2029 χρυσίον,
698 1995 759 2021 οὐδὲ
780 1995 846 2030 χαλ-

56 2038 115 2069 κὶς,
127 2038 159 2064 οὐ
174 2037 228 2073 μὴν
239 2039 299 2065 οὐδὲ
312 2039 445 2074 χρώματα
457 2039 512 2066 οὐδ’
525 2039 593 2075 ἔργα
610 2040 686 2076 (μήτι
700 2041 814 2075 γένηται
824 2041 845 2076 i)

56 2083 158 2118 χειρῶν
175 2084 367 2119 ἀνθρωπίνων.
380 2085 435 2119 Τῆς
447 2085 503 2120 γὰρ
518 2085 650 2112 ἀνέκαθεν
662 2086 845 2122 ἁποστολικῆς

55 2137 84 2155 τε
100 2129 149 2155 καὶ
172 2130 311 2164 πατρικῆς
334 2130 532 2165 παραδόσεως,
557 2130 587 2157 τὸ
603 2131 675 2158 θεῖον
697 2132 745 2160 καὶ
770 2132 846 2158 ἀδιά-

55 2183 164 2202 πτωτον
178 2175 322 2210 κήρυγμα,
338 2174 393 2202 οἷόν
410 2185 451 2208 τις
464 2176 584 2212 ἔμπνους
600 2177 696 2212 σοφία,
711 2178 760 2214 τὴν
780 2177 846 2214 ὕλην

55 2221 301 2256 ἀπολαμϐάνουσα,
318 2223 365 2249 καὶ
386 2224 458 2250 κατὰ
478 2224 541 2256 τοὺς
567 2224 649 2256 ἰδίους
677 2225 725 2252 καὶ
756 2226 846 2261 ἱεροὺς

55 2268 175 2303 Θεσμοὺς
191 2269 365 2305 ἐργαζομένη
379 2292 386 2303 ,
403 2270 506 2306 ταύτην
523 2271 570 2297 καὶ
587 2271 788 2307 τεχνιτεύουσα,
807 2273 846 2298 el-

55 2315 161 2346 κανίζει
182 2324 213 2341 τε
233 2316 281 2342 καὶ
304 2318 465 2351 μορφοποιεῖ
489 2317 566 2343 οὐδὲν
589 2317 638 2352 τῆς
660 2317 756 2352 ὑλικῆς
778 2318 844 2344 ἁκο‹

57 2359 158 2393 σμίας,
177 2360 195 2395 ἢ
218 2361 268 2395 τῆς
283 2360 457 2396 ἀνθρωπίνης
481 2361 674 2396 περιεργείας,
697 2362 726 2387 ὲν
751 2362 844 2394 αὐτοῖς

54 2405 128 2432 ἐῶσα
158 2405 414 2441 παρρησιάζεσθαι·
438 2406 499 2433 ὅλον
525 2407 553 2434 δὲ
582 2407 612 2434 τὸ
638 2407 718 2442 ἔργον
742 2408 843 2442 ἑαυτῆς

899 1627 1003 1661 pudore
1020 1626 1152 1658 terribili,
1170 1632 1198 1653 et
1222 1626 1293 1652 unde
1308 1625 1439 1652 rationem
1455 1625 1538 1652 inibis
1552 1624 1686 1659 judicium

900 1673 1054 1701 inevitabile
1068 1672 1223 1701 declinandi
1238 1680 1245 1698 :
1260 1671 1344 1698 veluti
1362 1679 1424 1698 cum
1440 1670 1565 1698 libatoria
1580 1675 1684 1702 nostra.

899 1721 1010 1753 calices,
1026 1725 1053 1748 et
1070 1720 1220 1751 thuribula,
1235 1719 1325 1747 crucis
1342 1719 1445 1753 ﬁgurat,
1460 1726 1493 1745 ac
1505 1717 1617 1750 similia,
1631 1725 1685 1745 non

899 1771 963 1794 sunt
983 1774 1098 1797 aurum,
1124 1773 1178 1793 non
1199 1769 1359 1800 argentum.
1382 1771 1436 1791 non
1457 1764 1591 1799 lignorum
1604 1783 1611 1795 ,
1630 1770 1685 1790 non

899 1813 1020 1840 colorum
1037 1812 1182 1844 materies,
1203 1819 1293 1846 neque
1305 1817 1387 1845 opera
1406 1817 1534 1837 manuum
1552 1809 1686 1836 humana-

898 1865 958 1886 rum
976 1866 983 1884 :
1000 1857 1036 1884 ita
1054 1860 1168 1884 sacrata;
1187 1856 1335 1891 imaginum
1359 1855 1612 1890 repraesentationes
1627 1861 1682 1881 non

899 1908 964 1931 sunt
975 1910 1086 1935 aurum,
1102 1907 1255 1937 argenturm,
1274 1909 1322 1933 aes,
1334 1901 1451 1934 colores,
1467 1908 1520 1928 non
1534 1908 1686 1935 operama-

897 1958 983 1977 nnum
1004 1949 1088 1984 (Deus
1101 1949 1216 1976 meliora
1229 1948 1247 1984 ι)
1263 1948 1456 1975 humanarum.
1469 1946 1629 1974 Praedicatio
1645 1946 1686 1973 di-

897 1994 959 2022 vina
986 1998 1014 2022 et
1035 1994 1170 2021 invariata
1200 1993 1356 2020 traditionis
1379 1992 1413 2020 ab
1433 1992 1510 2019 initio
1532 1991 1686 2026 apostolica:

897 2045 924 2068 et
937 2040 1058 2076 patritae,
1087 2044 1214 2074 tanquam
1235 2039 1323 2066 vivida
1338 2038 1461 2073 quaedam
1484 2037 1685 2072 sapientiajma-

897 2087 992 2114 teriem
1009 2085 1206 2121 apprehensam
1219 2085 1296 2120 juxta
1312 2084 1437 2119 proprias
1452 2087 1480 2110 et
1495 2083 1602 2110 divinas
1614 2083 1686 2118 leges

897 2138 1019 2168 operata,
1036 2137 1062 2160 et
1076 2132 1221 2159 artiﬁciose
1242 2135 1371 2162 tractans.
1392 2129 1508 2157 formam
1526 2134 1553 2157 et
1569 2131 1685 2164 ﬁguram

897 2178 1024 2214 imaginis
1042 2179 1071 2205 in
1085 2185 1144 2205 eam
1159 2177 1275 2210 inducit,
1293 2177 1360 2204 nihil
1381 2176 1460 2211 plane
1480 2175 1522 2203 vel
1543 2176 1685 2203 deordina-

899 2225 981 2252 tionis
999 2224 1159 2257 materialis,
1174 2224 1215 2251 vel
1230 2223 1357 2251 humanm
1374 2222 1543 2250 curiositatis
1561 2222 1597 2249 ibi
1622 2229 1684 2255 per-

899 2272 1009 2298 mittens
1024 2270 1108 2297 libere
1121 2275 1228 2298 exstare
1241 2278 1249 2303 ;
1263 2269 1310 2296 sed
1327 2277 1398 2304 opus
1416 2275 1496 2295 suum
1524 2268 1638 2294 omnino
1655 2271 1683 2294 et

898 2318 925 2345 in
940 2317 1056 2345 solidum
1077 2320 1238 2347 Ostentans.
1261 2322 1345 2350 puras
1362 2319 1388 2342 et
1417 2313 1601 2348 impermistas
1620 2321 1684 2347 pro-

899 2367 1053 2399 totyporum
1068 2362 1375 2398 reprmsentationeSLut
1391 2360 1429 2387 rei
1445 2367 1532 2386 sacra:
1558 2359 1684 2386 convenit

897 2414 924 2436 et
941 2412 1055 2435 sacratae
1074 2407 1162 2439 famae,
1179 2406 1299 2434 exhibet.

54 2451 186 2478 δεικνῦσα
210 2454 258 2479 καὶ
275 2452 463 2487 ἀποφαίνουσα
487 2453 610 2487 καθαρὰς
631 2454 698 2488 ἡμῖν
713 2453 761 2479 καὶ
784 2454 948 2488 ἀκιθδή).ους
962 2454 1057 2485 ἐντοῖς
1074 2453 1181 2484 σεπτοῖς
1206 2452 1378 2487 εἰκονίσμασι
1408 2453 1456 2482 τὰς
1488 2450 1542 2477 τῶν
1575 2458 1682 2485 πρωτο-

53 2498 151 2524 τὺπων
167 2498 302 2533 ἐμφάσεις
320 2498 490 2534 ἱεροπρεπῶς
504 2508 533 2525 τε
547 2499 594 2525 καὶ
609 2499 760 2534 ἱεροτύπως
771 2500 930 2535 παρέχεται.

90 2544 190 2578 Ἔχεις
217 2541 275 2575 οὖν,
296 2544 334 2574 ὡς
361 2544 390 2570 ὲν
417 2543 557 2579 βραχέσιν,
581 2543 668 2579 οἶμαι,
693 2544 727 2571 δι’
754 2541 792 2571 ὧν
816 2553 845 2570 τε

56 2590 156 2616 σαυτὸν
179 2589 230 2624 τὴν
259 2591 425 2625 προγονικὴν
451 2590 594 2616 εὐσέϐειαν
617 2589 845 2625 καρποφοροῦντα

56 2635 161 2667 μᾶλλον
180 2635 336 2668 ἐπιδείξεις,
356 2636 403 2662 καὶ
418 2636 482 2667 τοὺς
499 2635 687 2670 αἰρετίςοντας
702 2636 846 2670 ἐπιστομί-

55 2688 123 2712 σεις.
145 2680 191 2715 Τῷ
208 2681 259 2715 μὲν
284 2681 339 2717 γὰρ
362 2682 413 2717 τῆς
431 2681 498 2717 ὕλης
521 2682 592 2717 λόγῳ
611 2682 658 2709 καὶ
674 2682 714 2716 τῷ
736 2682 846 2708 ὑποκει-

57 2726 141 2761 μένῳ,
157 2727 253 2762 ὥσπερ
265 2727 390 2763 τράπεζα
401 2728 480 2761 Θεοῦ,
490 2729 537 2755 καὶ
549 2728 673 2764 τράπεζα
686 2728 842 2763 δαιμονίων,

930 2545 966 2572 Ita
985 2545 1086 2577 babes,
1102 2544 1219 2579 opinor,
1236 2543 1309 2571 unde
1324 2543 1430 2570 fructus
1445 2541 1555 2576 pictatis
1571 2545 1681 2569 tuorum

893 2589 1098 2624 progenitorum
1119 2588 1261 2623 percipere
1281 2588 1404 2615 declares
1417 2608 1425 2620 ,
1447 2593 1473 2614 et
1491 2587 1680 2614 luereticorum

894 2642 943 2661 ora
957 2634 1086 2667 obtures,
1105 2633 1224 2660 breviter
1239 2640 1379 2668 expressa.
1400 2631 1468 2658 Nam
1486 2652 1494 2664 ,
1510 2632 1583 2666 quod
1597 2636 1683 2658 mate-

895 2682 988 2708 rialem
1004 2681 1138 2708 rationem
1159 2683 1275 2714 spectat,
1292 2687 1385 2706 mensa
1399 2678 1457 2708 Dei.
1471 2682 1496 2705 et
1518 2685 1610 2705 mensa
1628 2677 1683 2704 daa-

895 2733 1019 2758 monum,
1038 2725 1203 2753 sacriﬁcium
1221 2724 1355 2756 divinum,
1372 2727 1399 2751 ct
1412 2723 1577 2750 diabolicum
1591 2721 1678 2749 sacri-

706 2813 820 2841 νΛιιιίΕ
834 2812 1034 2841 LECTIONES.

75 2883 136 2910 PC.
161 2883 196 2912 Μ.
223 2884 350 2919 πρόσχες,
389 2884 442 2912 ‘IC.
461 2883 494 2911 Μ.
513 2882 664 2918 ἐπαλλάγη.
