1873 3063
180 125 233 158 655

756 127 886 158 ΡΗΟΤΙῘ
908 125 1159 156 ΡΑΤΒΙΑΒΟΗΕ
1176 125 1229 154 CP.

1754 124 1809 155 656

181 181 286 214 ﬁcium,
301 188 470 216 paganorum
488 182 565 216 orgia
577 202 585 214 ,
605 186 630 209 et
645 183 822 217 mystagogia:
834 182 951 210 Christia

1046 179 1095 206 ισία
1121 188 1151 205 τε
1176 178 1247 211 θεία,
1278 179 1325 205 καὶ
1350 178 1429 206 θυσία
1462 177 1644 213 δαιμονώδης,
1668 177 1752 214 ὄργιά
1775 188 1807 205 τε

178 232 287 257 norum,
305 230 332 252 et
345 226 428 253 multa
442 226 504 258 alia,
523 234 584 260 quae
598 233 644 260 per
658 234 782 253 summos
792 226 893 260 gradus
907 227 964 253 dis-

178 276 326 305 parantur,
347 279 401 298 non
421 279 519 306 magna
538 277 630 299 tamen
650 277 775 299 constant
788 272 939 300 ditTerentia
955 282 962 299 :

177 324 228 344 usu
242 324 274 343 ac
288 316 384 347 titulo.
400 318 608 344 consecratione
618 338 626 350 ,
642 324 674 344 ac
686 317 801 352 mystica
814 316 962 351 participa-

175 363 250 390 tione
262 383 269 395 ,
283 368 311 389 et
326 363 353 390 in
375 363 468 390 multis
493 363 555 390 aliis
567 384 574 396 ,
603 363 792 397 inexplicabile
813 362 962 390 discrimen

175 409 308 436 obtinent.
327 408 368 435 Ad
387 408 460 436 hunc
476 409 585 437 modum
604 409 674 436 idola
694 409 826 443 gentium,
841 415 867 435 et
880 407 963 435 Chri-

175 455 330 481 stianorum
355 455 505 489 imagines,
531 455 660 489 templum
683 455 749 487 Dei,
774 459 801 482 et
823 454 960 482 idolorum

174 508 240 533 arat,
258 501 364 531 nidoris
380 501 529 529 Grmcanici
554 502 679 537 liturgica
706 509 790 534 vasa,
821 508 853 528 ac
874 500 960 527 nostri

173 548 302 575 sacriﬁcii
327 548 387 582 puri
410 548 483 575 illius
505 552 533 575 et
554 549 613 576 sine
634 548 768 583 sanguine
786 552 892 576 sacrata
917 554 961 574 re—

172 594 310 628 ceptacula
329 602 335 620 :
353 594 410 621 haec
432 598 556 629 utraque,
572 601 633 629 quae
645 594 687 621 sic
701 594 729 621 in
748 593 903 629 oppositum
918 599 962 619 se-

172 644 323 666 cernuntur
337 658 344 671 ,
365 639 507 666 materiem
533 639 633 667 habent
654 639 803 674 aliquando
825 638 959 672 eamdem,

172 693 205 713 ae
220 686 247 712 in
260 685 335 712 nullo
355 686 557 720 discrepantem
579 695 586 713 :
611 690 639 713 at
654 686 805 714 secundum
822 686 960 718 formalia,

172 734 201 763 et
218 730 336 765 speciem
364 730 541 766 inducentia,
570 735 618 758 aut
639 731 805 759 alteritatem
830 731 960 758 inducere

172 776 309 807 valentia,
326 776 526 811 inexplicabilis
549 777 663 804 resultat
694 785 743 805 nec
764 777 855 804 verbis
870 776 960 811 expri-

170 822 269 850 menda
285 822 450 851 differentia.
468 823 638 859 Quapropter
660 824 773 851 materia
795 823 907 850 minime
931 823 959 850 in

171 867 313 895 meliorem
333 872 432 895 statum
449 873 564 901 mutata,
586 869 651 904 quin
665 869 755 904 potius
769 868 879 896 abunde
894 876 956 903 par-
971 862 992 889 Β

171 913 299 948 ticipans.
323 922 377 941 non
402 914 541 942 immerito
565 915 681 950 lignum,
710 915 824 950 lapides,
850 922 958 947 aurum,

171 965 310 995 argentum
324 981 331 992 ,
346 968 398 994 ms,
416 968 499 996 opera
512 969 643 989 manuum
662 961 845 988 humanarum
862 960 956 996 appel-

170 1005 270 1037 lantur,
281 1009 309 1033 et
319 1005 431 1040 profana
444 1010 519 1038 sunt,
531 1005 626 1041 impia,
640 1006 758 1041 impura,
778 1005 878 1041 partim
896 1013 960 1040 pro-

169 1057 230 1087 pter
237 1052 492 1087 materiem,partim
505 1058 616 1088 propter
625 1053 767 1085 artiﬁcem,
776 1053 873 1087 partim
883 1052 918 1080 ab
926 1052 959 1081 iis

170 1098 269 1132 quibus
284 1099 366 1134 impie
382 1104 410 1126 et
420 1099 552 1126 scelerate
574 1099 751 1127 ascribuntur
760 1099 959 1127 denominatio—

171 1153 230 1172 nem
243 1146 350 1173 sortita.
361 1144 436 1173 Hane
449 1146 484 1173 ob
491 1153 614 1178 causam,
623 1145 687 1173 llcet
697 1153 728 1173 os
742 1145 870 1178 habeant,
882 1149 959 1173 muta

169 1191 313 1225 dicuntur;
331 1190 394 1219 licet
410 1191 494 1227 pedes
504 1196 530 1219 et
541 1199 650 1224 manus.
667 1199 720 1220 non
732 1192 834 1219 moveri
844 1196 953 1219 tamen:

169 1237 232 1265 licet
242 1245 331 1277 aures.
341 1245 436 1271 nasos,
453 1242 543 1265 tamen
559 1239 617 1266 sine
627 1246 719 1271 sensu,
730 1238 789 1267 sine
796 1238 904 1265 actione
913 1238 957 1265 in-

169 1283 231 1310 ania
240 1291 301 1311 esse
308 1283 573 1316 dicuntur.Quorum
582 1284 654 1315 enim
662 1284 819 1319 archetypa,
827 1284 868 1311 vel
879 1284 957 1323 nihil,

169 1329 214 1357 vel
225 1330 337 1361 misera.
355 1330 399 1357 vel
414 1330 546 1365 sacrilega
564 1335 638 1362 sunt,
657 1338 753 1358 eorum
768 1330 865 1358 artifex
886 1330 958 1358 inter

169 1376 270 1410 impios
291 1377 378 1411 magis
394 1377 478 1404 miser
493 1381 554 1407 est,
581 1380 608 1403 et
633 1377 724 1404 cultus
749 1376 887 1404 exhibitus
904 1376 958 1404 Deo

169 1422 256 1457 magis
283 1430 403 1456 exosus;
421 1423 497 1451 hisce
526 1423 601 1450 nullo
624 1424 704 1451 modo
729 1427 818 1458 potest
834 1423 957 1458 adaptari

169 1469 263 1503 gratiae
275 1473 302 1496 et
318 1469 411 1504 glorise
433 1470 582 1505 quidquam
605 1470 788 1505 operationis,
805 1473 853 1497 aut
874 1470 958 1497 hone-

170 1515 238 1542 stior
253 1515 408 1550 appellatio.
437 1515 471 1542 At
489 1515 708 1543 ChristianOrum
728 1523 805 1543 sacra
832 1520 859 1544 et
874 1524 956 1543 vene—
970 1531 991 1560 ο

169 1561 267 1588 rabilia
284 1569 348 1589 vasa
365 1561 573 1589 sacramentalia
588 1582 595 1593 ,
611 1561 728 1597 templa,
751 1562 884 1597 imagines
897 1582 904 1593 .
929 1567 956 1590 et

169 1607 222 1634 alia
252 1607 362 1642 pietatis
391 1602 537 1642 cultusque
561 1607 650 1642 signa,
672 1611 812 1642 utcunque
832 1608 954 1635 eamdem

170 1653 312 1680 materiem
329 1653 492 1685 sortiantur,
508 1654 535 1681 in
552 1653 650 1681 melius
662 1658 753 1681 tamen
767 1653 852 1681 multo
868 1658 957 1680 trans~

169 1697 343 1731 formantur;
364 1707 428 1732 usu,
445 1698 566 1732 nomine,
590 1699 757 1734 mystagogia
777 1702 804 1725 et
816 1698 957 1733 exempla-

169 1745 241 1771 rium
254 1745 405 1777 divinitate,
420 1752 537 1780 quorum
552 1752 600 1779 per
613 1744 785 1771 characteres
797 1743 958 1779 exprimun-

170 1795 225 1823 tur,
239 1796 267 1818 et
281 1789 642 1824 sanctiﬁcatagseparataqnc
667 1790 854 1823 perﬁciuntur.
882 1789 957 1817 Hane

168 1837 204 1864 ob
218 1844 329 1865 causam
349 1837 420 1864 haud
441 1836 554 1863 ulterius
571 1836 685 1871 lignum,
706 1836 786 1871 lapis,
801 1841 956 1872 argentum,

168 1890 283 1918 aurum.
305 1890 359 1910 non
381 1883 463 1910 modo
478 1883 583 1909 colores
606 1887 739 1917 potestate
759 1887 786 1910 et
803 1883 887 1918 gratia
911 1890 957 1909 as-

169 1929 283 1956 sistente
297 1933 324 1956 et
339 1928 515 1962 specilicante
529 1929 652 1956 destituti
666 1929 786 1964 reputari
799 1929 900 1957 debent
915 1929 958 1957 vel

169 1974 304 2001 nominari
323 1983 330 2001 ε
345 1979 439 2001 sancta
459 1974 561 2009 potius,
575 1975 745 2008 honoranda,
763 1975 894 2011 gloriosa,
913 1983 958 2002 ve-

169 2020 312 2050 nerabilia.
328 2020 395 2048 Cum
416 2021 489 2048 enim
512 2022 675 2057 participem
698 2023 836 2049 cmlestem
861 2029 957 2056 opera-

169 2065 272 2092 tionem
285 2085 293 2098 ,
309 2071 336 2092 et
349 2073 409 2093 eam
425 2066 458 2093 iis
473 2067 693 2100 communicent,
709 2067 810 2101 quibus
826 2066 956 2097 dedican-

169 2116 215 2138 tur
227 2131 235 2144 ,
254 2119 372 2146 quorum
393 2119 492 2139 nomen
508 2111 649 2145 referunt,
667 2112 785 2146 speciem
807 2120 957 2147 repraesen-

170 2162 237 2188 tant,
253 2165 371 2193 cumque
385 2158 506 2185 animum
525 2162 648 2184 nostrum
662 2157 695 2183 ad
719 2156 766 2184 illa
781 2158 958 2185 transveham

1014 225 1109 256 ἐθνῶν,
1127 225 1174 251 καὶ
1188 223 1360 261 Χριστιανῶν
1377 223 1568 260 μυσταγωγίαι
1585 244 1593 255 ,
1610 224 1658 250 καὶ
1673 224 1758 250 πολλὰ
1777 225 1806 251 δὲ

1014 271 1083 298 ἄλλα
1096 271 1152 298 τῶν
1168 271 1208 302 εἰς
1221 271 1252 298 τὸ
1264 263 1416 306 ἀκρότατον
1430 270 1639 305 ἀντικειμένων,
1659 271 1725 306 παρ’
1747 270 1806 297 ὀλίο

1014 325 1062 351 γον
1085 317 1178 352 ἔχουσι
1201 317 1232 343 τὸ
1257 315 1502 352 παρηλλαγμένον·
1521 316 1619 351 χρήσει
1634 316 1664 342 δὲ
1678 316 1725 343 καὶ
1739 317 1805 352 κλή-

1015 374 1066 399 σει,
1087 364 1259 400 ἐπιθειασμῷ
1275 372 1306 391 τε
1328 364 1374 390 καὶ
1394 363 1585 399 τελεσιουργία
1597 383 1604 396 ,
1623 365 1671 391 καὶ
1693 364 1806 399 μυρίοις

1013 410 1104 442 ἄλλοις
1117 410 1222 445 ἄφατον
1233 409 1326 436 αὐτῶν
1339 409 1460 444 ὑπάρχει
1474 410 1504 436 τὺ
1516 409 1705 444 διωρισμένον.
1725 409 1805 436 Οὕτω

1012 455 1056 490 δὴ,
1069 455 1142 482 οὕτω
1156 456 1203 482 καὶ
1217 455 1313 482 εἴδωλα
1329 455 1425 486 ὲθνῶν,
1442 455 1489 482 καὶ
1504 455 1676 491 Χριστιανῶν
1687 456 1804 488 εἰκόνες,

1011 501 1076 533 ναός
1091 510 1120 528 τε
1133 501 1213 534 Θεοῠ,
1228 502 1275 528 καὶ
1292 501 1385 536 βωμὸς
1404 501 1534 535 εἰδώλων,
1557 502 1605 528 καὶ
1618 502 1651 536 δὴ
1668 503 1716 528 καὶ
1731 502 1806 528 κνίσ-

1013 556 1064 583 σης
1083 547 1241 583 Ἑλληνικοῦ
1252 552 1263 566 ι
1287 547 1463 583 λειτουργικὰ
1482 547 1579 583 σκεύη,
1597 547 1645 574 καὶ
1656 547 1706 583 τῆς
1720 548 1805 574 καθα-

1011 594 1062 628 ρᾶς
1084 593 1132 620 καὶ
1165 593 1338 629 ἀναιμάκτου
1359 593 1456 625 θυσίας
1476 593 1556 628 ἡμῶν
1578 595 1739 630 ἱερουργικά
1761 594 1806 620 δο-

1011 641 1072 674 χεῖα
1082 646 1089 654 '
1108 639 1156 666 καὶ
1171 639 1227 674 γὰρ
1242 639 1289 666 καὶ
1302 639 1405 666 τούτων
1418 639 1549 674 ἑκάτερον
1561 640 1617 666 τῶν
1632 641 1671 672 εις
1697 641 1805 667 ἀντίθε-

1010 693 1057 711 τον
1070 684 1228 720 συστοιχίαν
1243 685 1502 720 ἁποκεκρινομένων
1512 691 1522 704 ι
1540 685 1607 720 ὓλην
1622 685 1672 721 μὲν
1683 686 1804 721 ἔχουσιν,

1010 730 1087 756 ἐστιν
1102 730 1148 757 ὅτε
1165 730 1287 765 μηδόλως
1309 731 1425 766 ἔχουσαν
1440 730 1471 758 τδ
1493 731 1706 767 διηλλαγμένον·
1733 733 1806 759 κατὰ

1011 776 1104 810 μέντοι
1126 775 1162 803 τὰ
1190 775 1366 811 μορφοῦντα,
1385 776 1432 803 καὶ
1462 776 1667 809 είδοποιοῦντα,
1688 779 1735 804 καὶ
1753 777 1806 811 τὴν

1011 822 1158 856 ἑτερότητα
1171 821 1336 858 ἐργάζεσθαι
1351 822 1502 857 πεφυκότα,
1516 822 1630 857 ἄπειρος
1643 824 1744 858 ὁρᾶται
1756 823 1805 850 καὶ

1006 866 1078 903 λόγῳ
1102 867 1180 902 μόλις
1193 867 1263 903 ῥητὴ
1277 868 1292 902 ἡ
1308 868 1337 893 ὲν
1356 868 1448 899 αὐτοῖς
1463 867 1647 904 ἀλλοτριότης.
1676 869 1715 894 Δι’
1730 868 1745 895 ὃ
1764 868 1800 895 τὰ

1012 907 1061 948 μὲν
1083 913 1132 948 τῆς
1148 913 1215 947 ὕλης
1237 913 1314 940 οὐδὲν
1329 913 1376 940 ἐπὶ
1391 913 1420 940 τδ
1434 914 1546 949 ἄμεινον
1564 914 1798 950 μετενηνεγμένα,

1010 957 1079 985 ἀλλὰ
1096 959 1143 985 καλ⁴
1166 959 1234 986 πολὺ
1251 958 1298 985 τοῦ
1315 959 1438 995 χείρονος
1463 959 1661 994 μετειληφότα,
1686 960 1801 991 δικαίως

1011 1003 1044 1031 ἂν
1062 1003 1139 1037 ξύλα,
1151 1005 1199 1031 καὶ
1214 1004 1293 1037 λίθοι,
1308 1005 1355 1032 καὶ
1369 1005 1480 1041 χρυσὸς,
1495 1005 1543 1032 καὶ
1555 1005 1685 1041 ἄργυρος,
1700 1007 1716 1041 ἢ
1733 1005 1804 1040 ἑργα

1010 1050 1112 1085 χειρῶν
1139 1049 1293 1084 ἀνθρώπων
1315 1051 1546 1085 ὲπονομάζοιντο,
1576 1050 1678 1086 βέϐηλά
1702 1059 1732 1077 τε
1754 1052 1803 1077 καὶ

1010 1095 1114 1131 ἐναργῆ
1135 1097 1182 1123 καὶ
1202 1096 1361 1132 ἀκάθαρτα·
1380 1097 1410 1123 τὸ
1427 1097 1476 1132 μὲν
1489 1097 1522 1123 ὲκ
1541 1097 1591 1132 τῆς
1606 1096 1674 1131 ὕλης
1687 1117 1694 1129 ,
1715 1098 1746 1123 τὺ
1760 1097 1801 1128 δὲ,

1010 1142 1043 1169 ὲκ
1057 1142 1103 1168 τοῦ
1121 1141 1285 1174 πλάττοντος
1296 1162 1304 1174 ,
1333 1142 1363 1169 τὸ
1379 1142 1407 1169 δὲ
1424 1141 1455 1174 ἐξ
1471 1142 1593 1174 ἐκείνων,
1610 1139 1651 1173 οἷς
1665 1141 1804 1172 δυσσεϐῶς

1010 1187 1058 1214 καὶ
1082 1187 1170 1218 ἀθέως
1193 1186 1383 1223 ἀνιερώθησαν
1409 1187 1633 1222 ὲξωνομασμένα.
1652 1187 1702 1213 Διὰ
1719 1186 1804 1217 τοῦτο

1010 1233 1062 1259 κᾶν
1079 1232 1129 1268 ἔχῃ
1152 1233 1240 1268 στόμα
1251 1254 1258 1266 ,
1280 1233 1330 1268 τὴν
1352 1233 1476 1268 ἀφωνίαν
1490 1232 1667 1265 ὀνειδίζεται·
1686 1233 1740 1258 κᾶν
1755 1233 1803 1259 πό-

1009 1279 1066 1312 δας,
1083 1279 1136 1306 κᾶν
1156 1281 1261 1315 χεῖρας,
1288 1278 1337 1314 τὴν
1351 1279 1512 1314 ἀκινησίαν·
1530 1279 1582 1305 κᾶν
1599 1275 1664 1310 ὦτα,
1683 1279 1736 1304 κᾶν
1757 1279 1802 1312 ῥῖ-

1010 1333 1068 1357 νας,
1085 1325 1138 1352 κᾶν
1150 1325 1177 1351 εἴ
1193 1334 1219 1351 τι
1233 1325 1307 1355 ἄλλο,
1320 1324 1370 1359 τὴν
1386 1325 1575 1360 ἀναισθησίαν,
1588 1325 1636 1351 καὶ
1651 1324 1801 1359 ἀπραξίαν,

1009 1370 1058 1398 καὶ
1073 1371 1102 1397 τὸ
1119 1368 1297 1407 μάταιον.⁷Ων
1311 1371 1366 1407 γὰρ
1377 1371 1393 1407 ἢ
1405 1371 1508 1406 οὐδὲνῆ
1522 1371 1642 1405 δύστηνα
1656 1371 1704 1397 καὶ
1715 1370 1802 1404 ἐναγῆ

1008 1417 1044 1444 τὰ
1058 1417 1212 1453 ἀρχέτυπα,
1226 1418 1274 1444 καὶ
1288 1418 1303 1444 ὁ
1318 1418 1424 1445 τούτων
1442 1417 1567 1452 πλάστης
1584 1417 1651 1452 μετὰ
1670 1416 1717 1443 τοῦ
1734 1416 1803 1443 δυσ-

1011 1463 1108 1495 σεϐοῦς
1124 1463 1290 1498 ἀθλιώτερος
1300 1463 1348 1490 καὶ
1361 1464 1391 1490 τὺ
1405 1464 1455 1499 τῆς
1469 1463 1599 1499 λατρείας
1613 1463 1673 1489 ὅλον
1686 1463 1803 1488 θεοστυ-

1011 1509 1259 1544 γέστερον·τούτοις
1272 1509 1354 1536 πόθεν
1368 1510 1436 1542 ὅλως
1447 1509 1559 1545 χάριτός
1572 1518 1643 1541 τινος
1654 1508 1670 1544 ἢ
1683 1508 1775 1545 δόξης,
1784 1508 1802 1543 ἤ

1006 1556 1157 1591 ἐνεργείας,
1165 1556 1182 1591 ἦ
1189 1564 1261 1587 τινος
1268 1557 1435 1592 σεμνοτέρας
1444 1557 1568 1591 κλήσεως
1576 1555 1714 1586 οἰκείωσις
1722 1563 1802 1589 πορι-

1007 1601 1194 1637 σθήσεται;Τά
1209 1601 1237 1629 δὲ
1252 1602 1385 1636 (innexa).
1400 1600 1487 1629 σεπτὰ
1500 1602 1555 1628 τῶν
1570 1600 1742 1637 Χριστιανῶν
1760 1601 1806 1627 ἱε-

1009 1654 1054 1680 ρου
1059 1646 1142 1681 ργικά
1149 1655 1179 1673 τε
1187 1646 1271 1682 σκεύη
1276 1667 1283 1680 ,
1291 1648 1338 1674 καὶ
1344 1647 1455 1684 τεμένη,
1463 1648 1509 1674 καὶ
1517 1657 1528 1674 ε
1533 1649 1588 1674 ῐκον
1593 1647 1704 1683 ίσματα,
1712 1647 1762 1674 καὶ
1768 1647 1806 1674 τὰ

1006 1691 1075 1719 ἄλλα
1081 1691 1131 1726 τῆς
1140 1692 1215 1724 θείας
1222 1693 1238 1728 ἡ
1244 1693 1302 1728 μῶν
1311 1694 1324 1720 θ
1329 1702 1361 1729 ρη
1366 1693 1458 1725 σκείας
1468 1693 1499 1720 σύ
1504 1693 1664 1729 μ6ολα,ὲπεὶ
1672 1693 1724 1720 κᾶν
1733 1692 1806 1728 ὕλην

1006 1738 1055 1773 οὐχ
1067 1738 1163 1772 ἑτέραν
1178 1739 1362 1775 ὑποόέόληται
1373 1759 1380 1771 ,
1398 1740 1454 1767 ἀλλ’
1470 1738 1518 1766 οὖν
1533 1748 1565 1774 γε
1580 1739 1648 1775 πρὸς
1665 1739 1695 1766 τὸ
1709 1739 1805 1774 πολλῷ

1007 1784 1118 1819 ἄμεινον
1148 1786 1365 1818 μετεσκεύασται
1375 1794 1383 1802 ·
1399 1787 1496 1821 χρήσει
1511 1786 1566 1821 γὰρ
1580 1786 1627 1812 καὶ
1641 1785 1738 1821 κλήσει
1752 1785 1806 1812 καὶ

1009 1831 1192 1866 μυσταγωγίᾳ
1205 1853 1213 1864 ,
1226 1832 1273 1858 καὶ
1298 1834 1330 1868 τῇ
1351 1832 1405 1859 τῶν
1427 1833 1660 1869 παραδειγμάτων
1678 1833 1802 1868 θεότητι,

1007 1873 1044 1904 ὧν
1053 1877 1110 1908 τοῖς
1127 1878 1301 1914 χαρακτῆρσι
1316 1879 1554 1915 διαμεμόρφωται,
1571 1879 1618 1906 καὶ
1634 1878 1742 1914 μυρίοις
1755 1879 1806 1908 ᾶλ-

1007 1924 1064 1956 λοις
1087 1924 1308 1959 καθαγιασοέντα
1329 1927 1511 1954 τετελείωται.
1533 1927 1583 1954 Διά
1605 1927 1685 1953 τοῦτο
1706 1927 1804 1953 οὐκέτι

1008 1971 1084 2005 ξύλα,
1112 1973 1128 2007 ἢ
1151 1972 1235 2005 λίθος,
1252 1973 1307 1999 οὐδ’
1322 1973 1452 2009 ἄργυρος,
1474 1973 1534 2000 οὐδὲ
1550 1973 1666 2008 χρυσός⁸
1687 1973 1719 1999 οὑ
1745 1972 1805 2008 μὴν

1007 2019 1066 2046 οὐδὲ
1092 2019 1226 2055 χρώματα
1250 2020 1343 2055 γυμνὰ
1368 2019 1419 2054 τῆς
1444 2019 1627 2054 εἰδοποιούσης
1653 2019 1701 2045 καὶ
1727 2027 1805 2054 παρ-

1007 2065 1169 2101 εδρευούσης
1182 2066 1322 2102 δυνάμεώς
1338 2075 1368 2092 τε
1385 2066 1432 2092 καὶ
1447 2066 1568 2101 χάριτος,
1585 2065 1639 2092 οὔτ’
1654 2065 1687 2092 ἂν
1704 2066 1804 2099 ἐννοη-

1009 2111 1069 2146 θείη
1086 2113 1162 2144 ποτὲ,
1179 2112 1241 2139 οὔτε
1257 2111 1546 2147 παρονομασθήσεται·
1557 2111 1622 2145 ἆγια
1637 2111 1666 2138 δὲ
1684 2111 1800 2146 μᾶλλον.

1007 2156 1054 2183 καὶ
1079 2157 1158 2193 τίμια
1188 2158 1235 2184 καὶ
1257 2157 1450 2193 δεδοξασμένα,
1476 2157 1523 2184 καὶ
1549 2157 1644 2184 σεπτά.
1671 2157 1727 2191 Τῆς
1741 2157 1802 2191 γὰρ

168 2209 194 2231 et
215 2209 408 2238 transportem,
424 2209 452 2232 et
471 2204 593 2231 divinum
618 2203 738 2230 favorem
757 2203 836 2230 nobis
852 2212 953 2239 procu~

1046 2203 1108 2229 υθεν
1130 2203 1280 2239 ἐνεργείας,
1301 2204 1348 2230 καὶ
1362 2201 1402 2235 οἷς
1417 2203 1622 2236 ἀνατέθεινται,
1644 2200 1682 2230 ὧν
1698 2212 1728 2229 τε
1746 2203 1802 2238 τὴν

168 2254 238 2282 rent,
252 2255 279 2277 et
293 2251 363 2277 bona
379 2251 528 2280 attraham,
544 2257 598 2276 non
609 2256 623 2275 a
641 2249 754 2276 materia
774 2249 955 2277 denominan-

168 2301 223 2330 tur,
245 2305 297 2324 non
319 2298 353 2324 ab
373 2297 462 2332 aliqua
485 2297 537 2323 alia
555 2295 721 2330 proprietate
735 2296 953 2329 inconvenienti,

167 2349 193 2371 ct
208 2351 268 2378 qua:
282 2343 428 2370 contrariis
444 2350 596 2376 congruere
611 2341 712 2376 possit,
728 2342 775 2369 sed
790 2350 851 2376 qum
866 2344 953 2376 parti-

167 2390 270 2424 cipant,
290 2389 323 2416 ad
340 2396 400 2423 qua:
414 2387 605 2419 traducuntur,
620 2387 720 2422 quibus
735 2388 911 2416 subserviunt
928 2395 954 2416 et

168 2436 345 2465 devoventur.
360 2435 393 2461 ab
405 2433 458 2460 illis
469 2433 578 2468 quidem
591 2433 691 2468 optime
707 2437 735 2461 et
751 2439 954 2468 cognoscuntur

168 2486 183 2505 a
199 2479 266 2505 viris
283 2477 347 2513 piis.
365 2483 391 2504 et
404 2477 655 2504 denominationem
672 2477 835 2505 sortiuntur.

1003 2248 1100 2284 κλῆσιν
1110 2250 1158 2276 καὶ
1173 2249 1204 2276 τὺ
1219 2247 1290 2281 εἶδος
1302 2250 1442 2285 φέρουσιν,
1456 2251 1486 2276 ἐν
1502 2250 1634 2285 μετουσίᾳ
1648 2249 1800 2283 γενόμενα,

1002 2296 1049 2322 καὶ
1070 2295 1116 2322 τὸν
1137 2296 1272 2331 ἡμέτερον
1296 2296 1357 2323 νοῦν
1382 2297 1450 2331 πρδς
1473 2297 1566 2323 ὲκεῖνα
1589 2295 1800 2327 διαϐιϐάζοντα.

1001 2342 1236 2378 διαπορθμεύοντά
1258 2351 1287 2369 τε
1313 2344 1378 2378 ἡμῖν
1395 2344 1444 2378 τὴν
1458 2342 1565 2369 ἐκεῖθεν
1583 2340 1728 2376 ἀγαθοειδῆ
1748 2341 1798 2366 καὶ

1002 2388 1077 2415 θείαν
1092 2389 1246 2424 εὐμένειαν,
1271 2389 1320 2416 οὑκ
1335 2390 1367 2415 ἐκ
1383 2388 1434 2423 τῆς
1453 2389 1520 2424 ὕλης
1541 2388 1575 2416 ἃν
1594 2387 1709 2418 εἰκότως
1729 2386 1800 2421 κλη-

1000 2435 1059 2468 Θείη
1073 2444 1079 2450 ·
1094 2435 1125 2460 οὐ
1143 2435 1196 2470 μὴν
1213 2436 1267 2462 οὐδ’
1282 2436 1336 2462 ἀπό
1360 2444 1432 2467 τινος
1447 2434 1673 2470 ἀπεμφαινούσης
1698 2432 1799 2466 ἄλλης,

1000 2481 1048 2507 καὶ
1070 2482 1126 2512 τοῖς
1148 2481 1349 2516 ἀντικειμένοις
1365 2481 1540 2516 ἁρμοζούσης
1557 2480 1707 2514 ἱδιότητος’
1737 2478 1802 2505 ἀλλ’

167 2522 205 2551 ὧν
221 2533 250 2551 τε
281 2525 406 2559 μετέσχε,
429 2524 477 2551 καὶ
493 2525 560 2560 πρὸς
579 2524 597 2552 ἃ
613 2525 754 2560 παρῆκται
765 2532 772 2539 ·
794 2521 835 2556 οἷς
849 2533 880 2550 τε
897 2525 1074 2560 ὑπηρετετται
1090 2527 1136 2553 καὶ
1150 2528 1302 2563 ἀφιέρωται
1315 2537 1321 2543 ·
1337 2529 1445 2555 ἐκεῖθεν
1479 2525 1508 2554 εὖ
1543 2526 1626 2562 μάλα,
1653 2525 1703 2551 καὶ
1735 2523 1800 2550 λίαν

168 2573 280 2604 ἐνδίκως
305 2573 352 2599 καὶ
370 2573 533 2606 γινώσκεται
557 2575 613 2604 τοῖς
636 2572 777 2599 εὐσεϐέσιν
798 2572 884 2604 ὅντως
903 2573 951 2599 καὶ
971 2573 1142 2608 ὀνομάζεται.

222 2627 386 2661 ρυΑεδΤιο
399 2628 468 2655 CXII
489 2628 582 2664 [CoisL
599 2633 623 2655 et
639 2628 722 2655 Taur.
738 2626 893 2663 CXXXIV].

1270 2632 1436 2660 ΕΡΩΤΗΣΙΣ
1454 2633 1526 2659 ΡΙΒ¹.

338 2687 406 2711 Edita
422 2694 435 2711 a
449 2687 605 2717 Montaculio,
621 2693 661 2718 ep.
676 2685 732 2715 2l6,
753 2684 785 2709 ad
796 2686 882 2717 Georg.
908 2686 1005 2713 Nicom.
1018 2696 1042 2720 p.
1056 2690 1169 2716 διε-δελ.
1189 2691 1333 2722 Explanatio
1347 2692 1370 2715 in
1388 2691 1456 2714 liom.
1470 2696 1506 2718 Ix,
1519 2690 1533 2713 5
1545 2696 1614 2720 seqq.

205 2728 290 2761 Quem
313 2729 380 2757 nihil
406 2737 531 2764 separare
547 2733 634 2764 potest
648 2728 682 2755 ab
704 2735 797 2755 amore
814 2727 872 2760 Dei,
899 2737 954 2756 non

1046 2732 1093 2758 "Ov
1113 2733 1188 2761 οὐδὲν
1202 2733 1313 2760 δύναται
1330 2733 1446 2768 χωρίσαι
1460 2733 1510 2767 τῆς
1535 2732 1644 2766 ἀγάπης
1660 2731 1746 2757 Θεοῦ·
1761 2730 1795 2757 οὗ

807 2792 925 2824 VARI/E
945 2795 1143 2828 LECTIONES.

191 2859 202 2883 Γ
218 2855 248 2889 C.
263 2854 298 2885 Μ.
308 2855 420 2891 κνίσσης
440 2853 589 2889 Ἑλληνίου.

630 2859 641 2872 ¹
659 2854 690 2881 C.
706 2853 742 2882 M.
761 2855 1000 2891 ἀποκεκριμένων.
