1873 3063
44 146 99 179 657

505 156 556 186 AD
570 157 865 188 AMPHILOCHIUM
890 158 1064 194 QU/ESTIO
1082 164 1173 194 CXII.

1617 172 1671 204 658

46 206 165 238 θάνατος
187 207 401 244 ἀπειλούμενος·
418 212 448 238 οὐ
473 211 547 248 ζωῆς
566 214 728 250 ὑπόσχεσις·
749 217 780 242 οὺ

933 226 960 246 rs
975 220 1057 248 minis
1073 221 1216 256 intentata,
1234 230 1288 251 non
1304 223 1358 250 vita
1376 224 1527 258 promissa,
1543 234 1595 253 non
1609 235 1669 262 qua:

46 251 154 279 ἐκεῖθεν
167 253 263 286 ἁπλῶς
273 263 280 269 ⁸
298 257 329 282 οὐ
344 256 378 283 τὰ
391 257 512 285 ἐνταῦθα
521 267 528 274 ·
541 259 600 292 πῶς
611 261 692 292 αὐτὸς
706 262 836 294 ἑκουσίως

45 298 210 333 ἀφίσταται,
225 302 274 328 καὶ
298 302 361 329 τότε
386 313 396 330 ι
413 305 483 340 ὑπὲρ
503 305 560 332 τῶν
574 306 646 333 κατὰ
661 307 752 342 σάρκα
772 316 836 342 συγ-

46 345 154 378 γενῶν;
175 355 184 372 ι
202 347 251 374 καὶ
262 348 293 374 οὐ
306 349 386 383 μόνον
398 350 445 377 τὸν
455 352 594 387 χωρισμὸν
609 353 752 388 ὑπομένει,
768 354 836 381 ἀλλὰ

45 391 93 416 καὶ
117 392 250 427 ἐπιθυμεῖ
273 395 319 420 καὶ
337 395 483 431 ἐπεύχεται
507 398 676 433 χωρισθῆναι
697 399 833 434 Χριστοῦ·

49 445 59 459 ι
75 436 211 472 Ηῦχόμην
235 438 290 475 γὰρ
318 440 401 472 αὐτὸς
429 441 485 476 ἐγὼ
520 443 647 478 ἀνάθεμα
674 443 745 472 εἶναι
781 444 836 471 ἀπὺ

47 482 178 517 Χριστοῦ,
194 483 264 520 ὑπὲρ
280 485 335 511 τῶν
346 486 469 522 ἀδελφῶν
483 497 547 522 μου⁹
561 489 615 516 τῶν
630 490 770 524 συγγενῶν
783 499 834 526 μου

45 529 99 554 τῶν
114 530 186 556 κατὰ
202 531 301 566 σάρκα.
319 542 328 558 ι
346 532 424 560 Οὖτω
437 534 487 568 μὲν
498 535 531 562 ἀν
544 543 587 568 τις
603 535 653 572 τὴν
669 536 718 571 σὴν
732 537 835 563 ὲπιτει-

45 583 98 600 νων
124 575 245 610 ἀπορίαν
273 577 347 612 ἐρεῖ·
371 578 403 604 Τί
426 579 490 613 οὗν;
513 580 572 612 πῶς
603 581 773 618 συμϐήσεται
800 583 835 611 τὰ

45 620 209 655 ἁσύμϐατα;
223 623 258 649 ’Ἡ
274 623 382 659 πρῶτον
408 624 458 659 μὲν
478 627 567 653 ἐκεῖνο
593 627 676 662 φάναι
698 628 773 656 ἐστιν
791 630 834 657 ὅτι

45 666 106 693 οὐδέ
122 668 184 694 ἐστι
207 668 295 696 ταῦτα
312 671 453 706 μαχόμενα
464 679 471 686 ·
492 672 522 698 οὐ
539 672 595 707 γὰρ
612 674 733 701 ὲναντιον
746 675 834 702 ἀδιαί-

46 720 123 747 ρετος
139 713 224 746 πόθος
241 715 370 750 Χριστοῦ,
385 718 432 744 καὶ
446 717 477 744 τὸ
489 719 601 754 ἀγαπᾷν
617 719 689 746 οὕτω
700 720 746 748 τὸν
763 721 833 757 πλη-

46 758 112 789 σίον,
140 759 215 785 ὥστε
245 761 294 787 καὶ
321 762 372 796 τῆς
398 763 466 794 ιδίας
492 763 626 798 ὡφελείας
651 766 690 802 μὴ
713 767 834 802 νομίζειν

43 803 175 831 ἐλάττονα
188 805 238 840 τὴν
254 806 365 833 ἐκείνων
378 809 527 844 σωτηρίαν.
546 810 655 838 Μᾶλλον
666 811 695 838 δὲ
711 813 758 839 καὶ
771 822 834 840 συν-

45 850 102 885 ᾴδει
116 850 208 878 ταῦτα
223 853 291 887 πρδς
303 853 419 888 ἄλληλα·
435 856 449 881 ὁ
463 856 517 891 γὰρ
533 857 650 890 ἀγαπῶν
659 858 706 885 τὸν
720 859 834 895 ἀδελφὺν

43 896 138 928 αὑτοῦ,
164 898 276 934 ἐντολὴν
303 899 414 935 πληρῶν
437 902 617 938 Δεσποτικὴν,
638 904 669 931 τὸ
696 905 765 940 πρὸς
786 906 833 933 τὸν

42 942 186 977 Δεσπότην
211 943 322 979 φίλτρον
336 945 454 980 καθαρὸν
480 948 526 974 καὶ
542 949 671 984 ἀκέραιον
692 950 830 984 διασώζει.

45 998 53 1012 ι
81 988 128 1015 Ἐν
143 988 232 1023 τούτῳ
245 990 300 1025 γὰρ
315 991 464 1024 γνώσονται
480 993 594 1027 πάντες,
611 995 652 1022 ὅτι
664 996 726 1030 ἐμοὶ
745 998 832 1033 μαθη-

42 1035 86 1059 ταί
102 1035 179 1065 ἐστε,
197 1035 245 1061 ἐὰν
256 1036 382 1070 ἀγαπᾶτε
395 1038 527 1074 ἀλλήλους
538 1047 545 1055 ·
564 1049 574 1066 ι
592 1041 639 1068 καὶ
656 1042 748 1076 πάλιν,
766 1052 776 1069 ι
787 1044 832 1071 Ἑν

41 1080 160 1111 ταύταις
185 1083 246 1112 ταῖς
272 1081 346 1109 δυσὶν
368 1084 490 1116 ἐντολαῖς
513 1085 573 1118 ὅλος
591 1088 606 1114 ό
630 1087 712 1123 νόμος
735 1089 783 1117 καὶ
807 1091 832 1117 οι

41 1126 186 1160 προφῆται
203 1127 384 1162 κρέμανται.»
396 1130 552 1165 Κεφάλαιον
568 1133 623 1168 γάρ
636 1134 693 1160 ἔστι
708 1136 755 1162 καὶ
770 1136 833 1163 σύν-

40 1172 154 1207 δεσμος,
178 1174 226 1200 καὶ
252 1175 314 1209 ῥίζα
327 1175 381 1202 τῶν
397 1177 485 1204 ἄλλων
501 1179 629 1207 ἁπάντων
650 1182 832 1217 κατορθωμά-

40 1226 106 1250 των,
122 1218 140 1253 ἦ
160 1227 190 1244 τε
203 1218 250 1245 τοῦ
274 1219 341 1246 Θεοῦ
353 1221 448 1257 ἀγάπη
465 1223 513 1250 καὶ
526 1225 542 1259 ἠ
561 1224 607 1251 τοῦ
621 1225 745 1254 πλησίον.
765 1228 831 1261 Ναὶ,

40 1264 126 1299 φησίν
143 1273 151 1280 ·
180 1265 240 1292 ἀλλ’
267 1267 384 1294 ἐνταῦθα
415 1270 558 1304 προκρίνει
587 1272 637 1306 μὲν
671 1274 735 1304 τοὺς
763 1283 831 1310 συγ-

39 1311 145 1344 γενεῖς”
167 1310 279 1346 εὔχεται
300 1312 328 1338 δὲ
349 1313 415 1340 Θεοῦ
440 1315 616 1350 χωρισθῆναι,
643 1318 686 1345 ἵνα
713 1319 831 1356 κερδάνῃ

38 1355 170 1388 τούτουςο
192 1357 207 1382 ὁ
223 1357 251 1383 δὲ
274 1358 392 1393 Χριστὸς
419 1359 487 1396 ἔφη’
506 1371 516 1388 ι
534 1362 564 1389 '0
587 1363 672 1397 φιλῶν
689 1365 794 1401 πατέρα

39 1403 149 1438 μητέρα
183 1403 255 1439 ὑπὲρ
285 1405 354 1439 ἐμὲ,
374 1407 426 1433 οὐκ
454 1408 512 1435 ἐστι
538 1418 590 1444 μου
615 1410 699 1443 ἄξιος.
718 1421 728 1438 ι
751 1412 832 1440 Ἀλλά

37 1449 92 1483 γὰρ
109 1449 172 1481 πῶς
191 1449 250 1477 ἔστι
271 1450 350 1479 τοῦτο
366 1455 454 1487 φιλεῖν
476 1455 546 1491 ὑπὲρ
572 1456 618 1483 τὸν
639 1458 774 1493 Χριστόν;
799 1460 831 1486 Εἰ

39 1496 88 1529 μὲν
110 1496 168 1531 γὰρ
192 1496 226 1523 δι’
254 1497 347 1532 ἕτερόν
371 1508 399 1526 τι
425 1499 523 1535 Παύλῳ
550 1502 727 1538 ἐστέργοντο,
758 1502 830 1540 εἶχεν

887 262 922 289 ibi
935 268 1009 296 sunt,
1028 272 1082 291 non
1097 273 1158 299 quae
1176 266 1238 293 hic:
1255 267 1391 300 quomodo
1411 267 1435 295 is
1449 274 1546 302 sponte
1562 277 1673 305 separa-

886 313 940 341 tur,
961 310 1043 337 etiam
1061 320 1070 336 ι
1083 318 1134 345 pro
1148 310 1274 339 aﬂinibus
1290 312 1437 339 secundum
1454 321 1563 341 carnem
1580 325 1604 342 ι»
1621 324 1672 344 nec

886 359 989 381 tantum
1006 355 1080 382 subit
1102 357 1300 391 separationem
1315 377 1322 389 ,
1348 358 1393 385 sed
1410 359 1483 386 illam
1499 361 1621 394 expetit,
1644 367 1671 389 et

885 405 946 427 orat
961 408 976 428 a
992 401 1101 429 Christo
1119 403 1265 437 separari?
1303 413 1312 429 ι
1328 403 1462 438 Cuperem
1476 413 1527 440 ego
1549 414 1591 434 me
1605 415 1670 434 ana-

885 448 977 475 thema
994 448 1050 475 ﬁeri
1071 457 1086 476 a
1101 449 1210 477 Christo
1227 457 1276 483 pro
1297 449 1428 478 fratribus
1445 452 1511 478 meis
1524 473 1532 485 ,
1548 454 1671 488 cognatis

885 492 952 519 mihi
972 493 1123 520 secundum
1137 502 1258 522 carnem.
1275 504 1284 521 ›
1300 495 1340 523 Ad
1359 496 1433 523 hunc
1446 497 1556 524 modum
1571 498 1671 533 aliquis

886 541 960 564 tuam
974 537 1092 566 dilatans
1106 538 1302 567 dubitationem
1325 541 1425 569 dixerit
1441 551 1448 568 :
1475 541 1545 574 Quid
1563 543 1670 578 igitur?

885 584 1023 618 quomodo
1040 590 1196 619 competent
1222 586 1457 622 incompetibilial
1482 588 1608 624 Inprimis
1628 589 1670 617 vi-

884 630 965 657 detur
984 630 1150 663 dicendum,
1171 639 1224 659 non
1248 633 1306 661 haec
1330 634 1364 661 ad
1385 634 1502 662 invicem
1524 643 1670 671 pugnare:
1697 635 1699 643 '

884 682 939 702 non
956 675 1029 702 enim
1046 675 1149 704 Christi
1164 676 1310 705 indivisum
1336 678 1504 707 desiderium
1519 681 1674 708 contraria-

885 724 930 747 tur
940 740 949 751 ,
964 728 1058 748 amare
1079 722 1106 749 in
1127 727 1231 749 tantum
1246 723 1367 751 vicinum
1380 744 1388 757 ,
1403 729 1433 752 ut
1453 733 1486 754 ne
1499 727 1672 754 existimetur

884 765 958 793 illius
977 766 1052 794 salus
1074 768 1246 802 procuranda
1268 768 1296 796 in
1319 770 1449 798 secundis
1465 778 1527 799 esse
1551 773 1672 807 propriae

884 811 1020 839 utilitatis.
1038 811 1109 845 Quin
1122 813 1272 841 concinnnt
1283 815 1375 849 potius
1391 816 1448 843 haec
1461 817 1531 844 inter
1545 825 1593 845 se:
1609 826 1671 844 naui

885 855 931 890 qui
948 855 1037 891 diligit
1052 855 1163 883 fratrem
1181 865 1282 890 suum,
1296 862 1323 885 et
1339 858 1366 885 in
1387 866 1419 886 eo
1433 859 1540 888 Domini
1558 862 1672 889 manda-

885 905 942 928 tum
962 901 1067 936 implet,
1084 909 1182 936 purum
1205 907 1233 930 et
1249 903 1386 931 sincerum
1407 905 1452 933 ille
1471 914 1593 934 amorem
1609 915 1674 934 con-

883 951 972 974 servat
990 955 1054 983 erga
1074 947 1233 976 Dominum.
1266 959 1275 975 ι
1290 950 1319 978 In
1339 951 1390 979 hoc
1410 951 1484 979 enim
1504 959 1674 988 cognoscent

883 1001 979 1021 omnes
991 1014 999 1027 ,
1022 995 1096 1029 quod
1113 995 1166 1023 mei
1181 996 1247 1023 estis
1260 996 1388 1032 discipuli
1400 1018 1408 1030 ,
1432 998 1455 1026 si
1472 999 1587 1027 invicem
1606 1000 1673 1028 dili-

882 1040 952 1075 gatis
965 1049 973 1067 :
985 1050 995 1066 ι
1005 1046 1031 1068 et
1043 1041 1153 1075 iterum,
1173 1051 1182 1068 ι
1197 1043 1224 1070 In
1238 1043 1314 1071 hisce
1328 1044 1436 1072 duobus
1447 1046 1590 1081 prmeeptis
1615 1051 1671 1074 tota

882 1087 926 1114 lex
939 1086 1038 1122 pendet
1068 1092 1094 1114 et
1109 1088 1288 1123 prophetas”
1312 1089 1360 1117 Dei
1389 1090 1490 1118 etenim
1513 1095 1540 1118 et
1554 1092 1671 1127 proximi

882 1133 992 1160 dilectio
1005 1138 1088 1168 caput
1104 1138 1156 1164 est.
1179 1134 1329 1168 vinculum,
1352 1137 1430 1164 radix
1463 1139 1588 1165 omnium
1602 1139 1670 1167 alio-

882 1186 945 1206 rum
963 1183 1037 1206 recte
1054 1180 1205 1208 factorum.
1219 1180 1404 1210 Conceditur:
1424 1188 1467 1210 ast
1487 1183 1513 1210 in
1532 1185 1584 1212 hoc
1596 1205 1603 1217 ,
1626 1185 1671 1212 iu-

881 1227 989 1261 quiunt.
1009 1228 1128 1262 praetulit
1142 1228 1236 1256 attines
1257 1238 1263 1257 :
1279 1237 1341 1256 nam
1355 1237 1371 1257 a
1392 1229 1447 1258 Deo
1465 1236 1576 1266 exoptat
1591 1239 1670 1266 sepa-

881 1274 948 1306 rari,
963 1278 992 1300 ut
1006 1274 1129 1302 lucretur
1143 1282 1202 1307 eos,
1219 1283 1282 1303 cum
1297 1276 1424 1304 Christus
1438 1278 1521 1308 dicat,
1543 1278 1609 1311 ιριιί
1626 1279 1669 1306 di.

881 1319 939 1354 ligit
954 1324 1057 1354 patrem
1073 1321 1115 1347 vel
1132 1325 1245 1349 matrem
1264 1322 1326 1356 plus
1339 1331 1421 1357 quam
1433 1331 1486 1356 me,
1502 1331 1556 1351 non
1569 1329 1610 1352 est
1626 1332 1670 1352 tuo

882 1366 991 1402 dignus.
1004 1376 1013 1392 ι
1030 1367 1130 1394 Verum
1144 1387 1152 1400 ,
1173 1369 1312 1404 quomodo
1332 1367 1414 1403 supra
1429 1369 1568 1397 Christum
1592 1370 1668 1406 diligi

881 1413 1028 1440 dicuntur?
1040 1413 1068 1440 Si
1086 1414 1121 1440 ob
1134 1414 1206 1441 aliud
1224 1414 1326 1449 aliquid
1341 1415 1526 1450 diligebantur
1542 1423 1557 1443 a
1571 1415 1667 1448 Paulo,

881 1459 984 1486 valeret
994 1460 1209 1494 consequentia;
1224 1460 1278 1492 sin,
1300 1460 1442 1488 utChristi
1464 1462 1601 1496 peculium
1620 1461 1669 1489 tle--

881 1510 951 1536 rent,
965 1505 1035 1532 haud
1047 1505 1167 1540 intelligo
1177 1506 1315 1541 quomodo
1324 1508 1429 1542 cognati
1441 1507 1502 1542 eius
1515 1508 1576 1542 plus
1585 1516 1668 1542 quam

37 1541 70 1567 ἂν
89 1543 104 1568 ό
125 1542 207 1576 λόγος
223 1543 255 1569 τὸ
271 1545 379 1579 ἰσχυρόν
391 1555 398 1561 ·
414 1547 439 1573 εί
451 1546 474 1572 δ’
492 1547 535 1574 ἵνα
546 1548 680 1582 γένωνται
696 1550 776 1586 Χριστ

929 1549 1007 1576 ristus
1033 1550 1195 1584 diliguntur.
1213 1550 1282 1584 Quid
1307 1541 1380 1578 aliud
1403 1553 1475 1579 enim
1494 1541 1615 1580 insinuat
1637 1561 1668 1580 a-

36 1588 86 1614 οὐκ
116 1587 174 1623 ἔχω
202 1589 329 1623 συνιδεῖν,
348 1591 423 1623 ὅπως
442 1593 466 1618 οἱ
483 1595 625 1628 συγγενεῖς
646 1598 828 1633 προτετίμην-

36 1643 82 1661 ται
104 1635 155 1661 τοῦ
173 1635 360 1671 Δημιουργοῢ.
381 1637 413 1664 τι
428 1639 482 1674 γὰρ
504 1641 550 1666 καὶ
573 1638 607 1675 ἦν
620 1640 714 1676 ἕτερον
732 1643 762 1670 τὸ
786 1653 829 1678 φι-

37 1682 91 1708 λεῖν
118 1682 253 1714 ἐκείνους.
279 1683 296 1718 ἢ
317 1683 348 1710 τὸ
376 1684 509 1719 ὑποτάξαι
534 1688 642 1721 αὐτοὺς,
669 1690 716 1716 καὶ
742 1700 829 1727 προσ-

36 1728 178 1755 οικειῶσαι
194 1728 233 1762 τῷ
249 1729 331 1764 κοινῷ
358 1731 499 1768 Amne-r9;
520 1733 581 1764 [Ιῶς
598 1733 644 1761 οὖν
659 1736 716 1764 ἔστι
741 1738 829 1772 φιλεῖν

36 1774 161 1804 ἐκείνους
180 1774 251 1809 ὑπὲρ
267 1775 313 1802 τὸν
336 1776 463 1811 Χριστὸν,
477 1778 543 1805 ὅπου
557 1788 589 1813 γε
606 1781 652 1807 καὶ
675 1782 774 1814 αὐτοὺς
788 1785 827 1816 εἰς

36 1820 85 1855 τὴν
108 1821 236 1856 ὑπακοὴν
252 1822 298 1848 καὶ
318 1822 428 1859 ἀγάπην
444 1821 518 1852 εἷλκε
537 1826 588 1861 τὴν
599 1828 680 1855 αὑτοῦ
694 1838 701 1862 ;
718 1830 828 1857 Μᾶλλον

34 1865 61 1891 δὲ
73 1865 218 1900 ἁόεκάστῳ
231 1866 320 1901 κρίσει
332 1876 374 1899 τις
385 1869 543 1897 ἐπισκοπῶν
557 1872 682 1900 ἐντεῦθεν
696 1875 730 1901 ἂν
741 1883 827 1902 κατα-

35 1912 89 1947 θεῷ
97 1913 237 1947 τοτρανῶς
247 1913 293 1940 τὸν
299 1914 517 1950 ἀναφλεγόμενον
529 1918 572 1944 ἀεὶ
585 1918 632 1945 τοῦ
644 1920 715 1946 Θείου
727 1921 827 1956 ἔρωτος

34 1959 63 1984 ἐν
91 1958 193 1992 Παύλῳ
223 1960 337 1994 πυρσόν.
355 1961 392 1987 Οὐ
408 1961 463 1997 γὰρ
489 1963 600 1997 ἠρκεῖτο
632 1966 727 1993 ἑαυτὸν
747 1968 826 2003 μόνον

35 2007 194 2042 προσάγων,
210 2005 278 2032 ἀλλὰ
297 2007 343 2033 καὶ
364 2008 474 2042 ἐτέρους
495 2010 526 2035 οὐ
549 2010 658 2048 γλώσσῃ
682 2013 763 2048 μόνον
780 2017 827 2042 καὶ

35 2052 106 2087 χειρὶ
118 2051 262 2087 σημείωνι
277 2061 284 2067 ·
298 2053 366 2079 ἀλλά
392 2054 439 2080 καὶ
465 2054 513 2090 βίῳ
537 2056 584 2082 καὶ
604 2058 713 2091 τρόποις
727 2059 823 2095 ἅπασι,

35 2099 80 2124 καὶ
101 2098 210 2133 μεθόδῳ
225 2098 299 2134 πάσῃ
323 2099 451 2127 ἔσπευδεν
478 2106 709 2138 συνεισενεγκεῖν·
734 2107 825 2139 καλῶς

35 2155 115 2181 φησιν
138 2147 165 2172 εξ
186 2146 224 2181 μὴ
237 2145 366 2181 ἐχώριζεν
384 2148 479 2174 ἑαυτὸν
494 2148 540 2174 τοῦ
561 2149 696 2183 Χριστοῦ·
721 2152 752 2178 τὸ
775 2153 825 2187 μὲν

33 2194 85 2226 γὰρ
97 2191 190 2218 θέλειν
207 2192 317 2227 ἑτέρους
335 2194 558 2229 προσενεχθῆναι,
573 2196 624 2222 οὐκ
638 2196 711 2224 ἐστιν
731 2192 821 2226 ἐπιτι-

880 1604 955 1624 mare
971 1597 1032 1625 illos
1044 1604 1126 1631 quam
1144 1597 1272 1629 subdere,
1289 1602 1314 1625 et
1328 1599 1505 1633 appropriare
1519 1599 1580 1627 illos
1593 1607 1668 1627 com-

879 1643 955 1670 muni
987 1643 1123 1669 Domino?
1151 1643 1294 1675 Quomodo
1320 1651 1386 1679 ergo
1410 1644 1506 1672 dilexit
1532 1652 1579 1672 eos
1604 1645 1668 1680 plus

878 1696 960 1723 quam
971 1688 1122 1720 Christum,
1137 1696 1199 1715 cum
1216 1689 1243 1716 in
1261 1689 1443 1716 odedienliam
1460 1690 1533 1717 illius
1548 1695 1575 1717 et
1590 1698 1668 1718 amo-

878 1742 936 1761 rem
961 1742 1009 1761 eos
1032 1735 1219 1769 pertraheret?
1236 1734 1307 1768 Quin
1330 1735 1433 1770 judicio
1460 1736 1619 1771 incorrupto
1644 1736 1666 1763 si

878 1781 941 1815 quis
963 1780 1014 1807 hoc
1031 1780 1174 1815 ponderet,
1195 1782 1229 1807 ab
1251 1789 1284 1808 eo
1305 1781 1407 1814 poterit
1435 1782 1535 1809 intueri
1558 1781 1666 1808 ﬂamma

878 1827 962 1853 divini
989 1828 1092 1854 amoris
1118 1834 1233 1854 accensa
1256 1827 1370 1854 Paulum
1399 1832 1531 1862 perpetuo
1552 1828 1666 1855 exarde-

878 1876 1008 1899 scentem.
1039 1871 1098 1898 Non
1120 1872 1256 1899 continuit
1276 1872 1397 1906 seipsum
1417 1873 1451 1900 ad
1466 1872 1551 1900 Deum
1574 1878 1664 1900 trans-

877 1919 980 1951 ferens.
1004 1918 1118 1945 adduxit
1138 1919 1208 1945 alios
1229 1925 1282 1944 non
1303 1918 1395 1953 lingua
1418 1923 1535 1951 tantum,
1561 1924 1589 1946 et
1605 1927 1664 1946 ma-

877 1974 962 1994 nuum
987 1966 1118 2000 operibus
1134 1965 1318 1997 miraculosis,
1342 1965 1389 1993 sed
1407 1966 1474 1996 vita,
1496 1965 1620 1993 moribus
1638 1969 1663 1992 et

877 2013 951 2041 omni
965 2012 1069 2040 ratione
1082 2016 1112 2038 ut
1126 2011 1151 2039 id
1173 2017 1264 2047 ageret
1279 2011 1463 2039 contendebat
1478 2020 1484 2038 :
1497 2017 1570 2039 recte
1583 2012 1663 2043 dixit.

877 2063 1016 2093 utcunque
1042 2065 1072 2085 se
1098 2065 1114 2084 a
1139 2057 1248 2084 Christo
1276 2065 1328 2084 non
1358 2059 1505 2091 separavit.
1534 2055 1595 2084 Non
1621 2061 1663 2084 est

875 2104 1096 2140 vituperandum,
1122 2103 1195 2138 quod
1220 2103 1291 2130 alios
1312 2103 1419 2130 volebat
1445 2103 1604 2135 adducere,
1636 2109 1664 2130 at

876 2159 1003 2185 separare
1029 2158 1059 2178 se
1082 2150 1199 2177 voluisse
1226 2150 1260 2176 ab
1284 2157 1317 2177 eo
1344 2149 1378 2177 ad
1402 2158 1484 2185 quem
1508 2150 1662 2177 adducebat

877 2199 955 2231 alios,
977 2197 1115 2232 quomodo
1135 2205 1189 2224 non
1211 2196 1466 2231 reprehendendum
1479 2197 1490 2222 ’3
1503 2197 1573 2229 Quid
1588 2196 1662 2223 dice-

35 2239 101 2272 μᾷν·
116 2238 150 2263 τὸ
162 2237 191 2263 δὲ
210 2238 336 2272 χωρίζειν
354 2239 449 2265 ἑαυτὸν
476 2237 553 2274 ᾧτινι
575 2242 713 2277 προσῆγεν
727 2244 774 2271 ἄλλ

924 2242 1036 2278 sergo?
1061 2243 1102 2268 An
1124 2241 1196 2275 quod
1219 2249 1388 2276 nequaquam
1415 2241 1581 2275 separabat?
1606 2249 1660 2268 non

33 2284 80 2310 οὐκ
95 2283 173 2310 ἔστιν
189 2283 226 2318 μὴ
240 2284 378 2324 ἐπιτιμᾷν.
395 2283 427 2310 Τί
441 2282 487 2311 οὖν
505 2294 612 2319 φαμεν;
638 2287 653 2323 ἢ
673 2288 710 2319 ὡς
723 2289 754 2315 οὐ
772 2290 822 2324 μὲν

33 2329 77 2356 οἷν
92 2331 147 2356 οὐκ
164 2328 308 2363 ἐχώριζεν;
329 2330 389 2356 οὐδὲ
406 2330 460 2365 γὰρ
479 2330 565 2362 εἴπεν,
589 2332 710 2368 Εὖχομαι
740 2344 822 2371 χωρι-

36 2375 143 2409 σθῆναι,
157 2374 215 2400 ἀλλ’
229 2375 367 2409 ηὐχόμην
377 2375 415 2402 ἂν
424 2384 430 2392 ·
448 2377 598 2409 τουτέστιν,
615 2379 645 2404 Εἰ
654 2379 765 2407 δυνατὸν
775 2379 820 2416 ἦν,

34 2421 54 2446 εἰ
71 2420 234 2446 συνέϐαινεν
249 2420 314 2456 θείῳ
329 2421 403 2456 πόθῳ
420 2422 501 2448 πόθον
519 2422 609 2450 ἔνθεον
627 2426 802 2462 ἐκνικηθῆναι
813 2436 821 2444 ο

33 2466 54 2490 εξ
75 2466 150 2500 ἔρως
167 2464 323 2500 θεοπρεπὴς
340 2466 482 2494 θεσπέσιον
502 2468 591 2502 ἔρωτα
609 2472 820 2508 παρηυδοκίμει,

34 2512 76 2536 καὶ
91 2511 191 2537 τοῦτον
202 2510 235 2537 ἃν
249 2512 375 2539 ὑπελθεῖν
390 2513 577 2549 ἠγωνισάμην.
600 2517 692 2544 Πάντα
705 2519 755 2552 μὲν
768 2520 823 2555 γὰρ

35 2557 184 2591 ἐπράττετο
209 2558 317 2593 Παύλῳ,
334 2558 377 2586 ἵνα
392 2560 514 2592 ἅπαντας
537 2562 647 2598 Χριστῷ
671 2565 799 2602 οἰκειώσῃ
813 2574 820 2581 ·

35 2602 152 2634 μαλιστα
166 2603 195 2629 δὲ
215 2603 369 2636 Ἰουδαίους.
386 2602 467 2632 Οὗτοι
481 2607 536 2640 γὰρ
555 2610 601 2634 καὶ
618 2612 759 2643 συγγενεῖς
775 2613 822 2639 καὶ

34 2648 122 2682 νόμοις
143 2649 270 2683 ἠγμένοι,
287 2650 334 2676 καὶ
350 2651 417 2686 πρὸς
435 2651 482 2683 οὓς
496 2654 522 2679 αἱ
539 2654 700 2689 ἐπαγγελίαι
718 2657 822 2686 ἄνωθεν

34 2693 76 2717 καὶ
91 2694 124 2719 ἐκ
140 2693 269 2728 πατέρων
279 2701 286 2707 ·
303 2695 371 2722 ἀλλὰ
386 2697 433 2722 καὶ
443 2697 499 2723 τῶν
512 2698 600 2726 ἄλλων
618 2701 697 2727 πλέον
716 2703 755 2737 τῷ
770 2713 819 2739 κη-

34 2737 151 2773 ρύγματι
162 2740 360 2776 ἀνθεστηκότες
373 2751 379 2758 ·
392 2743 425 2770 δι’
436 2744 450 2770 ὃ
462 2745 508 2771 καὶ
519 2746 533 2771 ό
548 2747 612 2781 περὶ
623 2748 723 2780 αὐτοὺς
733 2749 819 2783 ἁγὼν,

871 2289 944 2317 enim
958 2289 1026 2315 dixit
1044 2299 1050 2316 :
1066 2287 1136 2323 Opto
1158 2287 1291 2322 separari.
1312 2287 1360 2314 sed
1377 2291 1506 2320 optarent,
1530 2286 1582 2313 hoc
1607 2290 1659 2318 est,

871 2337 893 2364 si
915 2335 1045 2370 possibile
1068 2339 1152 2365 esset.
1183 2334 1206 2362 si
1233 2334 1292 2361 ﬁeri
1313 2337 1416 2368 posset,
1437 2338 1466 2359 ut
1490 2332 1658 2363 desiderium

871 2383 993 2410 divinum
1010 2382 1104 2409 divino
1118 2381 1256 2409 desiderio
1277 2381 1451 2413 vinceretur;
1469 2380 1491 2408 si
1515 2388 1591 2407 amor
1607 2381 1655 2407 de-

872 2436 937 2462 cens
954 2428 1037 2455 Deum
1055 2428 1177 2454 divinum
1198 2434 1317 2454 amorem
1340 2427 1561 2457 transcenderet.
1587 2426 1659 2453 hunc

872 2483 923 2510 ego
937 2480 967 2502 ut
982 2474 1101 2502 subirem
1119 2473 1323 2501 contenderem.
1338 2473 1436 2500 Omnia
1453 2473 1524 2500 enim
1540 2472 1658 2500 faciebat

873 2521 984 2554 Paulus,
1009 2525 1041 2548 ut
1063 2528 1158 2548 omnes
1181 2520 1290 2548 Christo
1312 2519 1504 2551 lucrifaceret,
1532 2519 1659 2554 inprimis

872 2567 991 2595 Iudaeos.
1010 2566 1094 2594 Erant
1117 2567 1155 2594 illi
1177 2566 1281 2600 atlines,
1308 2567 1365 2601 lege
1387 2566 1597 2596 ordinahantur.
1624 2565 1659 2592 ad

871 2622 919 2642 eos
943 2613 1080 2649 promissa
1103 2613 1228 2647 patribus
1253 2614 1287 2639 ab
1312 2612 1391 2639 initio
1418 2616 1579 2645 spectabant
1595 2620 1602 2638 :
1619 2612 1657 2642 illi

872 2661 943 2688 ultra
959 2660 1028 2687 alios
1044 2659 1228 2694 pradicationi
1241 2659 1412 2686 obsistebant
1431 2666 1438 2684 :
1452 2666 1582 2692 quoctrca
1598 2666 1657 2685 ma-

872 2707 914 2742 gis
935 2706 968 2734 de
996 2706 1050 2733 illis
1074 2705 1253 2732 laborandum
1282 2709 1310 2731 et
1338 2704 1556 2731 contendendum
1585 2703 1656 2737 fuit;

874 2752 1000 2787 inprimis
1018 2760 1052 2780 ne
1063 2751 1202 2779 videretur
1213 2751 1255 2778 lex
1272 2750 1374 2784 aliquid
1391 2750 1486 2786 gratiae
1499 2758 1656 2778 communi-

682 2839 798 2869 VARIAS
819 2841 1020 2870 LECTIONES.

69 2873 80 2898 ς
99 2873 144 2901 ῖσ.
164 2874 317 2911 σημαίνων.
339 2877 370 2904 C.
385 2877 410 2906 M
439 2881 572 2916 σημείων.
