1873 3063
210 141 263 174 659

784 138 915 170 ΡΗΟΤΙΙ
934 137 1185 168 ΡΑΤΒῙΑΒΕΗιΈ
1207 139 1262 169 CP.

1780 140 1831 172 660

210 206 298 230 casse,
316 205 367 225 nec
381 198 486 226 animas
498 198 532 225 ab
544 199 589 226 illa
607 198 794 226 iul'ormandas
810 195 894 225 nihilo
908 201 949 224 ma

1090 215 1092 220 .
1106 196 1123 230 ἡ
1139 195 1251 231 σπουδὴ,
1268 195 1314 222 καὶ
1327 204 1341 223 ο
1355 196 1445 228 πόνος,
1460 196 1560 232 μᾶλλον
1573 196 1618 223 διὰ
1632 197 1711 223 τοῦτο
1729 197 1774 224 ῐνα
1794 201 1829 233 μὴ

211 248 287 277 aptas
306 243 392 274 reddi,
417 248 446 270 ut
469 244 667 279 promissioncs
684 244 808 278 patribus
829 244 906 271 facta:
920 243 994 270 falsae

211 293 381 323 putarentur,
395 297 429 317 ne
443 290 570 318 Christus
582 291 668 325 magis
682 292 715 317 ab
732 291 765 318 iis
779 291 992 325 blasphemetur,

211 341 225 359 a
241 335 342 368 quibus
357 335 445 370 magis
458 335 589 362 honorari
604 336 694 366 debet.
713 343 746 362 ne
759 336 806 369 qui
821 334 994 370 conjunctio-

209 387 253 407 res
268 380 385 407 Domino
405 385 494 412 erant,
521 381 549 408 in
575 388 748 408 communem
766 380 911 407 Dominum
928 387 994 407 con-

209 425 383 453 tumeliosius
399 432 522 460 agerent,
537 427 597 461 ipse
613 427 751 454 videretur
777 427 904 454 maxima:
923 426 994 461 parti

209 472 479 506 consanguineorum
502 473 646 500 insultare.
672 472 777 500 Taliter
797 473 869 500 enim
892 471 994 500 Paulus

210 521 269 544 erat
282 517 430 551 animatus,
458 523 488 545 ut
508 519 608 554 ubique
632 519 660 546 in
676 519 806 546 omnibus
830 518 944 553 gloriam
967 522 995 545 et

210 565 314 592 cultum
330 565 484 593 absolutum
504 565 559 592 Deo
573 565 693 592 debitum
708 563 832 598 [ιι-κειστὶ
851 564 930 591 vellet
946 571 996 598 per

210 611 344 646 seipsum,
357 618 405 645 per
429 618 514 646 genus
528 617 619 642 suum,
633 617 682 644 per
694 613 798 643 gentes,
812 616 847 636 ne
861 609 886 635 in
903 608 995 643 aliquo

211 657 319 684 deesset
333 657 502 692 apostolatus
525 656 568 684 sui
585 656 732 688 l‘unctioni,
755 655 881 690 inprimis
899 655 995 682 inlide-

211 702 274 729 litas
285 703 552 738 consanguineorum
567 702 645 729 illum
662 702 733 729 male
752 701 881 734 habebat,
899 708 994 728 eorum

213 756 297 776 causa
313 749 543 776 inllammabatur.
570 748 627 776 Hoc
642 748 767 776 indicans
784 747 850 775 dicit
864 757 871 774 :
890 757 899 773 ε
912 747 996 782 Opta-

211 800 270 820 rem
292 801 342 828 ego
366 794 509 821 anathema
532 793 612 821 ﬁeri:
632 803 642 820 ι
669 793 720 821 hoc
748 797 778 821 ut
797 792 994 827 pronuntiem,

211 839 339 867 stimulus
353 840 453 867 amoris
468 840 520 867 mei
537 848 581 867 me
591 844 723 875 provocat
737 849 744 868 :
761 840 915 868 all'ectionis
929 848 996 868 mea:

211 886 321 913 ﬂamma
335 886 439 914 viscera
451 887 601 922 depascens
617 887 654 914 ita
665 894 708 914 me
720 887 794 922 cogit
804 887 993 922 proclamare:

212 939 291 958 amor
304 939 368 967 erga
382 932 518 959 Christum
534 939 612 959 meus
624 932 770 966 persuasit,
789 936 818 959 ut
833 932 859 959 iu
873 927 1003 959 animum

212 977 338 1005 inducam
359 978 482 1013 singulos
511 978 562 1013 ipsi
579 983 753 1006 consecratos
762 978 994 1013 dare:optarem,

212 1024 236 1050 si
265 1024 472 1057 concederetur,
505 1025 528 1052 si
557 1025 661 1056 liceret,
690 1025 713 1051 si
739 1024 877 1059 apostasia
905 1024 995 1059 aliqua

212 1069 341 1097 salutaris
364 1074 446 1103 esset,
464 1077 525 1104 quae
543 1077 605 1097 cum
624 1069 680 1097 Deo
694 1074 856 1104 procuraret
877 1070 996 1105 conjun-

212 1114 341 1147 ctiouem,
364 1114 388 1142 si
406 1123 460 1149 qua
470 1115 607 1150 separatio
636 1116 739 1143 arctius
765 1116 946 1151 constringat,
972 1116 996 1144 si

213 1167 268 1194 qua
293 1160 423 1188 alienatio
445 1161 593 1197 perfectius
616 1161 694 1189 uniat
709 1171 716 1189 :
733 1170 796 1189 nam
821 1170 872 1197 pro
893 1161 996 1190 Christi

214 1207 309 1241 gloria,
329 1211 356 1234 et
371 1208 566 1236 contribulium
582 1209 682 1241 salute,
700 1216 734 1236 ne
748 1209 801 1237 hoc
822 1217 873 1244 ego
886 1209 996 1244 quidem

213 1255 460 1288 praetermitterem.
474 1254 620 1290 Postquam
635 1260 710 1284 certe
727 1265 860 1291 amorem,
876 1266 956 1293 quem
969 1259 998 1286 in

213 1300 355 1328 Christum
370 1301 492 1336 gerebat,
504 1302 665 1330 omnimodo
681 1303 882 1337 manifestarat,
896 1313 959 1332 nam
972 1310 999 1333 et

215 1346 306 1373 verbis
323 1347 461 1381 expressis
474 1348 530 1375 ait:
549 1357 558 1374 ‹
573 1347 724 1377 Persuasus
750 1357 821 1381 sum.
837 1359 846 1376 ι
866 1351 903 1378 ita
925 1351 998 1379 enim

215 1392 296 1419 ﬁdem
322 1400 370 1427 per
389 1401 471 1428 opera
491 1394 645 1428 conlirmat,
675 1404 684 1420 ε
706 1396 778 1430 quod
800 1404 887 1431 neque
923 1405 998 1424 mors

216 1445 306 1472 neque
329 1438 393 1471 vita,
415 1446 464 1466 nec
489 1439 658 1475 principatus
680 1448 730 1468 nec
752 1439 912 1476 potestates,
949 1451 1000 1471 nec

215 1484 360 1518 praesentia
385 1491 436 1512 nec
462 1486 563 1518 futura,
578 1493 632 1514 non
658 1487 774 1515 altitudo
788 1496 841 1515 non
856 1488 1000 1523 profundi-

217 1534 270 1562 tas,
286 1537 340 1557 non
365 1531 466 1566 quaevis
489 1531 541 1560 alia
552 1538 678 1561 creatura
693 1534 793 1568 poterit
809 1542 852 1562 me
872 1542 1000 1570 separare
1015 1545 1037 1575 α

218 1576 254 1604 ab
270 1584 364 1605 amore
377 1578 423 1612 qui
435 1583 477 1606 est
491 1578 518 1605 in
533 1578 642 1607 Christo
652 1579 716 1607 Jesu
727 1581 843 1608 Domino
859 1587 974 1617 nostro;
990 1593 999 1610 ι

218 1627 367 1658 postquam
392 1624 500 1659 singula
525 1625 600 1652 entia
621 1626 756 1653 collectim
776 1627 954 1656 distribuerat
974 1628 1002 1656 in

218 1673 322 1703 partes,
337 1677 386 1697 nec
401 1677 512 1697 cursum
528 1672 630 1698 amoris
648 1672 691 1699 sui
706 1672 821 1705 stiterat,
846 1674 878 1701 de
893 1679 1002 1707 ca'tero,

219 1721 236 1742 a
251 1722 305 1742 non
320 1715 428 1743 entihus
447 1716 474 1743 in
493 1723 684 1752 argumentum
708 1720 899 1748 tantummodo
915 1721 1002 1748 addu-

220 1760 284 1792 ctis,
300 1760 382 1788 veluti
399 1761 545 1790 insatiatus
559 1763 670 1797 quidam
694 1769 808 1797 amator,
825 1764 934 1793 Christo
952 1767 1004 1794 mi-

219 1813 273 1833 nus
297 1813 327 1833 se
342 1806 448 1835 deferre
472 1808 633 1842 arbitratur,
656 1813 685 1837 et
705 1817 767 1837 eum
784 1810 919 1838 delectum
939 1819 1004 1847 sup-

220 1852 294 1886 plere
323 1854 501 1887 contendens,
527 1855 610 1883 infert
632 1860 738 1884 tantum
763 1864 818 1884 non
845 1857 1002 1886 verbatim:

222 1897 309 1932 Ipsam
323 1906 410 1934 spem,
422 1907 533 1928 cursum
547 1902 650 1936 ipsum,
661 1902 776 1931 salutem
788 1904 876 1938 ipsam
890 1904 1005 1931 libenter

220 1943 395 1979 deponerem,
423 1947 446 1974 si
477 1947 589 1975 Christo
615 1949 678 1976 hinc
697 1949 758 1984 plus
784 1950 877 1985 gloria:
899 1950 1005 1978 accede-

221 1995 275 2022 ret,
292 1995 319 2018 et
336 1993 459 2019 conversi
476 1991 561 2020 Judaei
578 1993 750 2022 salvarentur
769 2004 775 2023 :
789 1995 847 2022 haec
862 1999 889 2022 et
904 1995 1006 2023 sentire

221 2039 250 2064 et
262 2036 362 2070 dlcere,
376 2045 430 2065 non
447 2043 489 2065 est
504 2047 518 2066 a
534 2039 588 2066 Deo
605 2041 753 2075 separatio.
773 2041 896 2073 Quonam
911 2042 983 2069 enim
994 2042 1006 2069 ’ί
1018 2057 1026 2065 -

221 2083 313 2118 potius
337 2085 460 2117 quaedam
487 2085 556 2112 mira
578 2086 746 2121 conjunctio,
771 2091 799 2113 et
829 2087 895 2114 uuio
921 2095 1003 2123 supra

221 2135 346 2155 naturam
360 2130 486 2158 iunovata
505 2140 512 2158 :
527 2132 629 2159 amoris
643 2140 708 2168 erga
723 2132 819 2166 Deum,
833 2141 896 2168 erga
918 2134 1005 2161 homi-

221 2182 270 2202 nes
299 2176 521 2211 incomparabilis
544 2177 676 2205 cxbibitio
702 2177 846 2206 manifesta
871 2188 878 2205 :
898 2179 1005 2215 insigne

222 2220 359 2254 quoddam
392 2222 532 2257 proprium
560 2223 646 2250 beatae
670 2223 791 2250 caelestis
826 2223 899 2251 illius
927 2224 1003 2252 Pauli

222 2267 331 2294 animas.
351 2267 440 2302 Atque
468 2268 505 2295 ita
521 2273 579 2296 esto
605 2271 692 2303 prima
716 2269 816 2296 solutio
843 2269 928 2303 dubii,
951 2278 1005 2297 non

222 2313 349 2345 multum,
366 2315 404 2341 uti
426 2314 555 2347 arbitror,
576 2314 705 2342 recedens
728 2316 762 2342 ab
777 2315 901 2351 Apostoli
921 2324 1003 2344 sensu

221 2365 248 2385 ct
263 2360 407 2387 sententia.
419 2361 454 2387 At
469 2368 531 2387 cum
547 2360 622 2387 Pauli
638 2361 767 2395 plantatio
787 2370 840 2389 non
856 2363 891 2389 sit
908 2363 1006 2390 unius-

223 2405 305 2436 ruodi,
324 2406 370 2433 sed
386 2413 439 2433 nan
457 2414 530 2436 raro,
547 2406 640 2434 multis
653 2411 681 2434 et
700 2407 1004 2442 diversisramusculis,

222 2453 352 2483 tanquam
368 2449 403 2476 ab
414 2452 496 2477 unico
513 2451 610 2479 littera:
626 2460 731 2488 campo,
752 2461 882 2480 sensuum
900 2453 1003 2482 fructus

222 2494 323 2520 maturi
339 2495 559 2529 progrediantur,
578 2497 703 2532 agedum,
720 2506 781 2525 cum
803 2500 926 2525 oratione
947 2499 1003 2526 col-

223 2538 368 2566 lectionem
386 2541 537 2572 lructuum.
551 2547 578 2570 et
597 2543 686 2580 siquid
702 2544 765 2571 inde
780 2544 854 2571 aliud
870 2545 1004 2579 agricola-

223 2584 298 2611 tione
331 2584 443 2620 dignum
467 2593 632 2622 enascatur,
661 2589 846 2616 instituamus.
874 2589 1005 2617 Videmus

224 2632 350 2664 Paulum,
378 2639 432 2659 non
458 2633 616 2668 simpliciter
639 2634 784 2666 dicentem,
812 2635 882 2662 velle
906 2643 935 2663 se
956 2643 1006 2670 pro

225 2679 370 2708 tribulibus
380 2681 447 2713 suis,
462 2687 604 2716 postquam
618 2683 780 2715 crediderat,
795 2683 916 2718 separari
934 2691 940 2710 ε
956 2683 1008 2710 hoc

225 2731 284 2754 erat
297 2726 368 2753 enim
384 2728 470 2762 magis
485 2729 623 2763 terribile;
642 2730 689 2756 sed
721 2737 773 2757 non
804 2730 853 2759 ait,
885 2729 920 2756 ab
951 2729 1006 2756 hoc

225 2777 348 2808 tempore
374 2773 502 2808 Optarem
525 2775 583 2802 lieri
611 2776 765 2805 anathema.
792 2777 838 2804 sed
864 2776 1007 2810 Optasscm

1043 239 1107 275 δόξῃ
1121 241 1135 266 ὁ
1146 240 1225 275 νόμος
1237 241 1314 267 οὐδὲν
1326 242 1359 277 τῇ
1375 241 1466 277 χάριτι
1482 243 1709 276 συνεισενεγκεῖν,
1723 243 1770 269 καὶ
1782 243 1831 274 τὰς

1044 285 1149 312 ἐκεῖθεν
1170 286 1427 322 παιδαγωγηθείσας
1442 287 1541 322 ψυχὰς,
1557 288 1633 314 οὐδὲν
1648 289 1830 323 ἐπιτηδειοτέ-

1045 339 1095 366 ρας
1109 333 1327 367 παρασκευάσαι,
1343 333 1386 360 ἶνα
1404 333 1441 368 μὴ
1458 333 1576 368 ψευδεῖς,
1592 335 1617 360 εί
1633 334 1680 361 καὶ
1696 335 1785 370 μάτην
1802 336 1830 361 αἱ

1044 376 1113 410 πρὸς
1126 377 1188 408 τοὺς
1203 378 1326 413 πατέρας
1343 378 1504 412 ἐπαγγελίαι
1521 378 1685 414 νομισθῶσιν
1696 386 1703 393 “
1723 380 1767 406 ἵνα
1794 380 1831 415 μὴ

1043 422 1161 456 Χριστὸς
1176 422 1220 458 ὑφ’
1233 420 1270 450 ὧν
1287 423 1341 450 ἔδει
1355 424 1455 459 μᾶλλον
1472 424 1685 459 προσκυνεῖσθαι
1703 444 1710 457 ,
1730 425 1830 460 μᾶλλον

1046 468 1257 503 βλασφημῆται·
1276 469 1318 496 ἴνα
1336 470 1373 505 μὴ
1398 470 1445 496 καὶ
1463 470 1513 504 τῆς
1538 470 1652 504 ἔγγιστα
1672 471 1832 505 συγγενείας

1044 515 1084 546 εξς
1103 515 1149 541 τὸν
1165 515 1254 542 κοινὸν
1270 516 1409 552 Δεσπότην
1429 516 1657 552 ὲμπαροινούσης,
1681 517 1761 552 μέρει
1777 516 1832 543 τινὶ

1044 559 1091 586 τοῦ
1113 560 1263 596 προσεχοῦς
1277 561 1402 596 αἵματος,
1418 563 1465 588 καὶ
1479 562 1539 588 τότε
1562 562 1682 597 μεγίστῳ
1700 562 1766 598 δόξῃ
1785 563 1832 589 καὶ

1045 606 1126 638 αὐτὸς
1161 608 1347 642 ὲμπαροινεῖν.
1389 607 1505 644 Τοιαύτη
1535 607 1590 643 γὰρ
1621 606 1654 643 ῆν
1671 609 1701 644 κὴ
1725 608 1832 636 Παύλου

1045 652 1117 688 ψυχή
1129 661 1135 668 ·
1151 653 1195 680 διά
1208 654 1317 681 πάντων
1331 654 1425 690 ἤθελεν
1438 655 1548 689 ὁλοτελῆ
1560 656 1609 690 τὴν
1623 655 1702 688 δόξαν
1726 656 1773 682 καὶ
1784 656 1833 691 τὴν

1045 698 1172 734 λατρείαν
1194 700 1379 735 προσάγεσθαι
1396 700 1456 736 Θεῷ
1479 701 1523 728 διὰ
1542 701 1639 727 ἑαυτοῦ
1651 710 1658 717 ·
1671 701 1716 728 διὰ
1729 702 1784 729 τῶν
1803 703 1834 728 ὲκ

1045 745 1141 779 γένους
1152 754 1161 762 ο
1175 745 1219 772 διὰ
1231 746 1285 772 τῶν
1296 746 1381 773 ὲθνῶν
1391 754 1398 762 ·
1412 747 1499 773 οὐδενὶ
1519 747 1597 782 μέρει
1612 747 1720 783 ἐλλειπῆ
1744 756 1834 782 παρα-

1047 790 1145 826 στῆσαι
1161 792 1211 826 τὴν
1232 791 1282 827 τῆς
1294 791 1447 827 ἀποστολῆς
1473 793 1556 819 αὐτοῦ
1573 793 1710 820 διακονίαν
1726 794 1834 829 ἠνείχε-

1047 846 1087 868 το,
1105 837 1221 872 μάλιστα
1237 837 1265 864 δὲ
1280 838 1361 864 αὐτὸν
1376 839 1392 873 ἡ
1406 838 1462 864 τῶν
1478 839 1617 873 συγγενῶν
1631 839 1693 874 ἡνία
1709 840 1833 870 ἀπιστία,

1048 882 1095 908 καὶ
1117 882 1219 909 τούτων
1238 882 1301 918 πέρι
1325 883 1432 910 ἐκαίετο
1442 889 1466 910 ιι.
1483 884 1538 910 Καὶ
1562 883 1642 910 τοῦτο
1661 884 1836 919 παριστάνων

1048 927 1150 962 ἔλεγεν,
1169 937 1178 954 ‹
1193 927 1322 963 Ηύχόμην
1332 929 1413 960 αὐτὸς
1427 929 1482 963 ἐγὼ
1494 929 1617 964 ἀνάθεμα
1631 926 1710 957 εἶναι,
1727 939 1736 955 ι
1758 930 1836 957 οὕτω

1050 983 1094 1009 με,
1118 975 1211 1010 φησὶν,
1222 975 1321 1007 εἰπεῖν,
1335 975 1382 1002 τοῦ
1396 975 1479 1002 πόθου
1495 977 1526 1002 τὺ
1537 977 1647 1011 κέντρον
1664 976 1835 1003 συνεὶαύνεισ

1049 1019 1135 1051 οὕτως
1145 1021 1161 1055 ἡ
1172 1020 1221 1054 τῆς
1234 1020 1350 1056 στοργῆς
1363 1021 1427 1055 φλὸξ
1438 1021 1473 1047 τὰ
1484 1021 1624 1056 σπλάγχνα
1635 1022 1836 1057 ἐπιϐοσκομένη

1050 1065 1173 1099 βιάζεται
1195 1066 1376 1102 ἀνακράζειν·
1394 1065 1480 1098 οὓτως
1500 1068 1514 1094 ὁ
1533 1068 1600 1102 πρὸς
1616 1068 1733 1102 Χριστὸν
1755 1069 1836 1104 ἔρως,

1050 1113 1097 1138 καὶ
1114 1112 1144 1138 τὸ
1160 1111 1286 1138 σπεύδειν
1308 1112 1382 1148 αὐτῷ
1397 1113 1502 1144 πάντας
1518 1113 1630 1148 ίερῶσαι
1645 1115 1753 1149 φρονεῖν
1770 1115 1837 1141 ἀνα-

1049 1158 1149 1185 πείθει.
1166 1159 1311 1193 Ηὺχόμην
1332 1158 1380 1190 ἂν,
1396 1159 1421 1185 εί
1438 1159 1584 1194 ἐνεδέχετο,
1609 1161 1633 1186 εἰ
1653 1160 1793 1196 ὲνεχὼρει,
1815 1162 1840 1188 εἴ

1050 1210 1092 1233 τις
1105 1200 1139 1237 ἦν
1161 1203 1308 1233 ἀπόστασις
1328 1203 1471 1238 σωτήριος,
1493 1203 1560 1230 Θεοῦ
1584 1205 1757 1240 χαριζομένη,
1771 1214 1837 1232 συν-

1050 1248 1158 1282 ἀφειαν,
1172 1248 1199 1274 εί
1213 1257 1254 1279 τις
1275 1249 1412 1284 χωρισμὸς
1438 1250 1555 1276 συνδέων
1591 1250 1777 1286 σφοδρότερον,
1815 1253 1840 1278 εί

1050 1302 1092 1325 τις
1110 1294 1284 1329 ἀλλοτρίωσις
1299 1295 1435 1321 οἰκειοῦσα
1447 1295 1613 1332 τελειότερον
1622 1304 1629 1311 -
1642 1296 1702 1323 οὐδὲ
1715 1297 1769 1333 γὰρ
1779 1298 1840 1324 οὐδὲ

1051 1339 1145 1366 τοῦτον
1169 1340 1217 1374 τῆς
1237 1340 1355 1375 Χριστοῦ
1381 1340 1472 1376 δόξης,
1488 1342 1535 1368 καὶ
1550 1343 1598 1376 τῆς
1619 1342 1674 1369 τῶν
1694 1344 1840 1378 ὁμοφύλων

1053 1387 1199 1423 σωτηρίας,
1212 1389 1241 1414 οὐ
1259 1387 1308 1422 μὲν
1321 1386 1367 1414 οὖν
1385 1389 1434 1414 οὐκ
1453 1388 1485 1415 ἀν
1509 1397 1541 1423 γε
1558 1389 1697 1425 παρῆλθον
1716 1390 1761 1416 τὸν
1774 1392 1839 1427 τρό‹

1052 1442 1113 1460 πον.
1143 1433 1250 1468 Ἐπειδὴ
1280 1433 1334 1468 γάρ
1358 1435 1390 1459 ὲκ
1410 1434 1464 1459 τῶν
1487 1434 1570 1461 ὅντων
1583 1435 1710 1462 ἁπάντων
1728 1435 1778 1471 τὴν
1802 1438 1841 1468 είς

1053 1478 1172 1514 Χριστὸν
1185 1479 1305 1514 ἀγάπην,
1317 1479 1474 1511 ἐπεδείξατο
1483 1488 1490 1496 ·
1508 1489 1517 1505 ι
1529 1481 1695 1515 Πέπεισμαι,
1716 1490 1725 1507 ι
1740 1482 1840 1516 λέγων,

1054 1525 1101 1552 καὶ
1120 1526 1176 1558 τοῖς
1197 1525 1296 1560 λόγοις,
1311 1526 1357 1553 καὶ
1371 1526 1416 1552 διὰ
1430 1526 1485 1553 τῶν
1499 1526 1587 1561 ἔργων
1610 1526 1659 1562 τὴν
1677 1527 1767 1554 πίστιν
1791 1529 1841 1554 ὲπ-

1053 1572 1139 1605 άγων,
1160 1581 1170 1598 ι
1184 1572 1226 1598 ὅτι
1237 1571 1299 1598 οὔτε
1315 1572 1429 1604 θάνατος
1443 1571 1506 1599 οὔτε
1517 1571 1585 1608 ζωὴ,
1601 1573 1663 1600 οὔτε
1679 1574 1762 1609 ἀρχαὶ
1775 1574 1842 1601 οὗτε

1052 1616 1192 1650 δυνάμεις,
1201 1615 1263 1643 οὔτε
1279 1616 1414 1643 ἐνεστῶτα
1433 1615 1496 1643 οὔτε
1505 1616 1646 1652 μέλλοντα,
1657 1615 1720 1643 οὔτε
1739 1616 1844 1652 ὕψωμα

1053 1661 1114 1689 οὔτε
1139 1662 1231 1697 βάθος,
1247 1662 1309 1688 οὔτε
1332 1662 1421 1694 κτίσις
1441 1671 1483 1693 τις
1508 1662 1588 1698 ἑτέρα
1607 1662 1750 1697 δυνήσεται
1767 1663 1845 1697 ἡμᾶς

1053 1708 1169 1744 χωρίσαι
1184 1708 1237 1734 ἀπὸ
1248 1708 1297 1743 τῆς
1311 1708 1423 1743 ἀγάπης
1448 1707 1496 1734 τοῦ
1517 1707 1596 1740 Θεοῦ,
1610 1709 1659 1743 τῆς
1679 1708 1708 1734 ὲν
1730 1708 1845 1744 Χριστῷ

1060 1755 1147 1791 Ἰησοῦ
1161 1755 1200 1791 τῷ
1213 1755 1307 1790 Κυρίῳ
1321 1755 1410 1790 ὴμῶν.
1429 1764 1438 1781 ι
1461 1755 1538 1782 Ἐπεὶ
1554 1753 1600 1782 οὖν
1624 1754 1772 1790 σύμπαντα
1793 1755 1845 1790 μὲν

1053 1800 1088 1828 τὰ
1100 1801 1175 1833 ὄντα,
1189 1801 1236 1827 καὶ
1247 1799 1377 1836 μερίζων,
1392 1800 1440 1826 καὶ
1450 1799 1598 1835 κεφαλαιού
1603 1809 1682 1836 μενος
1691 1799 1844 1835 διεξῆλθεν,

1053 1846 1130 1873 οὔπω
1139 1847 1166 1872 δὲ
1181 1847 1227 1873 τὸν
1239 1846 1285 1873 τοῦ
1300 1845 1382 1872 πόθου
1395 1846 1492 1881 ἔστησε
1503 1846 1613 1882 δρόμον,
1628 1846 1720 1873 λοιπὸν
1732 1847 1784 1883 ήδη
1797 1848 1846 1874 καὶ

1055 1893 1088 1919 ὲκ
1098 1892 1153 1918 τῶν
1172 1892 1209 1928 μὴ
1224 1891 1309 1919 ὅντων
1325 1893 1373 1927 μὲν
1391 1892 1459 1927 μηδὲ
1473 1892 1635 1926 γεγονότων,
1652 1893 1692 1924 είς
1711 1893 1845 1920 ὑπόθεσιν

1054 1938 1082 1965 δὲ
1096 1938 1396 1974 παραλαμϐανομένων,
1412 1936 1457 1964 οἷά
1470 1946 1514 1969 τις
1527 1938 1607 1974 κόρον
1618 1939 1669 1965 οὐκ
1685 1938 1764 1970 είδὼς
1779 1941 1847 1975 ἐρα-

1056 1984 1188 2020 στὴς,ἀεὶ
1205 1984 1235 2010 δὲ
1250 1984 1368 2019 νομίζων
1389 1983 1566 2011 ἐλαττοῦσθαι
1588 1983 1636 2011 τοῦ
1658 1984 1768 2019 χρέους,
1798 1985 1846 2011 καὶ

1055 2030 1085 2057 τὸ
1094 2030 1187 2057 λοιπὸν
1195 2029 1426 2065 προσ-φιλονεικῶν
1436 2029 1635 2065 ἀναπληρῶσαι
1651 2031 1825 2065 προσεπάγει
1836 2051 1844 2063 ,

1057 2075 1197 2110 μονονουχὶ
1217 2074 1315 2108 λέγων,
1336 2073 1374 2106 ὡς
1401 2074 1456 2101 Καὶ
1468 2073 1552 2108 αὐτὴν
1570 2073 1620 2109 τὴν
1638 2073 1745 2105 ἐλπίδα,
1762 2074 1846 2100 αὑτὸν

1055 2119 1101 2146 τὸν
1123 2120 1223 2154 δρόμον
1235 2138 1242 2152 ,
1257 2119 1341 2154 αὐτὴν
1366 2119 1416 2154 τὴν
1441 2119 1579 2154 σωτηρίαν
1592 2118 1748 2154 κατεθέμην
1762 2119 1807 2151 ἂν,
1821 2120 1845 2145 εί

1056 2165 1173 2202 Χριστὸς
1187 2165 1269 2192 πλέον
1284 2165 1329 2192 διὰ
1344 2165 1395 2200 τῆς
1405 2164 1536 2200 τοιαύτης
1545 2164 1686 2198 ἐδοξάζετο
1705 2165 1844 2199 πράξεως,

1019 2216 1042 2244 ι)
1057 2212 1104 2239 καὶ
1117 2212 1147 2238 τὸ
1168 2211 1302 2239 Ἰουδαίων
1318 2210 1392 2242 ἔθνος
1406 2209 1572 2244 ἐπιστρέφον
1591 2210 1753 2236 διεσώζετο·
1771 2211 1803 2236 τδ
1817 2211 1844 2236 δὲ

1057 2257 1168 2284 τοιαῦτα
1184 2257 1232 2284 καὶ
1245 2257 1356 2292 φρονεῖν
1388 2256 1435 2282 καὶ
1453 2255 1561 2289 λέγειν,
1581 2253 1643 2279 οὕτε
1668 2253 1735 2278 eaeo
1762 2262 1845 2289 χωρι-

1058 2304 1124 2338 σμός
1136 2304 1211 2330 ἐστι’
1227 2303 1326 2335 πόθεν;
1343 2301 1404 2329 οὕτε
1413 2301 1567 2332 διάστασις·
1583 2299 1679 2330 ἓνωσις
1698 2298 1727 2324 δὲ
1744 2299 1844 2333 μᾶλλον

1058 2349 1198 2383 θαυμασία
1214 2357 1255 2379 τις
1269 2347 1317 2374 καὶ
1336 2348 1490 2383 ὑπερφυὴς,
1513 2346 1560 2372 καὶ
1584 2344 1845 2379 καινοπρεπεστὰτη

1058 2396 1199 2430 συνάφεια,
1218 2396 1265 2422 καὶ
1277 2395 1324 2421 τοῦ
1340 2394 1408 2429 πρὸς
1418 2394 1484 2420 Θεὸν
1501 2393 1548 2419 καὶ
1562 2391 1722 2427 ἀνθρώπους
1734 2392 1846 2425 ἀπαρα-

1057 2443 1107 2477 6λή
1112 2451 1157 2469 του
1172 2442 1283 2477 φίλτρου
1294 2440 1479 2476 ἐναργεστάτη
1489 2438 1672 2474 παράστασις,
1682 2437 1731 2463 καὶ
1748 2436 1817 2472 μόνη
1823 2445 1845 2467 :,

1056 2491 1094 2523 ὡς
1109 2490 1227 2526 ἀληθῶς,
1242 2490 1291 2524 τῆς
1304 2489 1443 2524 μακαρίας
1454 2487 1562 2522 ἐκείνης
1570 2485 1618 2512 καὶ
1627 2485 1754 2519 οὐρανίου
1770 2484 1845 2511 [la-J-

1057 2538 1104 2564 λου
1123 2536 1213 2572 ψυχῆς
1234 2536 1453 2571 ἁπαράγραπτον
1477 2533 1630 2567 γνώρισμα.
1656 2530 1727 2557 Ἀλλ’
1749 2531 1766 2565 ή
1796 2530 1846 2564 μὲν

1059 2583 1154 2619 πρώτη
1178 2582 1254 2614 λύσις
1276 2583 1323 2608 τοῦ
1347 2579 1522 2615 ἠπορημένον
1534 2597 1542 2610 ,
1555 2578 1606 2604 οὐκ
1628 2577 1662 2604 ἂν
1678 2574 1756 2611 οἶμαι
1773 2576 1845 2606 λίαν,

1058 2631 1118 2658 οὐδὲ
1130 2630 1180 2664 τῆς
1198 2628 1379 2663 ἀποστολικῆς
1390 2626 1494 2653 ἐκείνου
1515 2623 1626 2659 γνώμης
1636 2623 1732 2659 τοόρῤω
1744 2623 1832 2648 τεθεω

1062 2677 1177 2713 ρημένη,
1188 2675 1309 2708 τοιαύτη.
1319 2673 1399 2702 Ἐπεὶ
1412 2673 1440 2699 δὲ
1449 2673 1498 2698 οὐκ
1510 2671 1583 2697 ἔστιν
1595 2669 1733 2705 μονοειδὴς
1743 2670 1760 2704 ἡ
1771 2668 1846 2694 Παέο

1061 2725 1107 2751 λου
1122 2722 1230 2758 φυτεία,
1248 2720 1307 2748 ἀλλ’
1320 2720 1374 2746 ἐσθ’
1394 2719 1439 2745 ὅτε
1456 2715 1646 2751 πολυστέλεχοί
1669 2723 1699 2741 τε
1722 2714 1770 2741 καὶ
1788 2713 1847 2739 διά-

1063 2779 1149 2808 φοροι,
1169 2770 1206 2800 ὡς
1220 2768 1274 2796 ἀπὸ
1287 2767 1352 2803 μιᾶς
1367 2765 1414 2793 τοῦ
1439 2765 1602 2800 γράμματος
1626 2761 1728 2798 χώρας,
1749 2760 1774 2786 οι
1791 2758 1845 2785 τῶν

877 2832 991 2860 VARI/[3
1009 2828 1211 2860 LECTlONES.

265 2880 317 2907 H1.
338 2879 373 2907 sl.
391 2879 572 2915 περιεκσίετο.
