1873 3063
209 141 264 172 663

784 142 916 175 ΡΗΟἹἹῙ
934 144 1188 176 PATRIABCHAE
1203 147 1256 176 GP.

1779 145 1835 179 66-1

211 193 361 228 parationis
383 199 398 220 a
419 192 485 219 Deo.
506 191 562 219 Nec
585 192 707 225 interest,
726 194 862 224 dixeritne
882 205 889 224 :
911 206 920 223 ι
939 197 1001 225 Dele

1106 201 1118 234 ἡ
1136 200 1260 231 Μωσέως
1287 199 1360 235 ψυχὴ
1386 200 1436 235 τῆς
1451 200 1561 228 Παύλου
1575 201 1664 236 ψυχῆς
1676 209 1684 216 ·
1698 211 1708 227 ε
1726 202 1776 228 Ἐκ
1784 203 1836 235 τῆς

212 246 257 266 me
269 238 302 265 de
314 238 382 264 libro
395 238 465 269 vitae,
487 246 496 263 ι
517 244 544 264 et.
563 246 572 263 ι
588 245 684 272 separa
703 247 746 266 me
763 248 779 266 a
791 245 828 268 te.
845 251 854 268 ι
874 242 1000 270 Libertas

211 285 270 311 haec
293 291 345 309 non
363 287 469 310 tantum
492 283 525 309 ab
541 282 640 310 aitetztu
660 284 752 311 divino
776 287 937 320 procedens.
955 295 1001 315 ve-

213 337 272 356 rum
296 334 323 356 et
344 328 463 363 propriis
481 329 586 356 meritis
614 329 784 362 subinduxit,
804 336 832 359 ut
850 340 902 359 non
919 333 1001 360 modo

212 382 265 401 non
278 375 448 408 rejiceretur,
463 374 510 401 sed
525 383 587 402 cum
606 375 709 403 honore
720 377 918 405 admitteretur.
944 378 1002 406 Vox

212 421 257 447 illa
279 421 407 454 populum
434 420 540 447 ailinem
567 421 601 447 ab
628 422 666 448 ira
689 422 762 457 justa
787 424 922 457 liberavit.
951 432 1002 452 nec

213 465 347 492 dicentem
364 464 495 498 expunxit
509 465 543 491 ab
557 465 603 491 illo
620 474 629 490 ι
646 465 715 492 libro
729 467 801 494 vitae.
833 477 842 493 ι
865 469 1000 501 Quocirca

212 514 244 536 ut
259 509 350 536 Mosen
377 510 434 536 lucc
456 509 590 537 dicentem
613 515 640 537 et
656 511 797 539 facientem
819 514 1000 545 admiramur,

214 557 251 583 ita
267 562 294 583 et
312 556 425 583 Paulum
441 557 527 591 magis
540 558 679 592 suspicere
693 559 837 591 debemus.
861 562 907 596 qui
919 562 1002 589 vehe-

214 602 337 629 mentius
362 602 388 628 in
412 603 535 630 eumdem
559 603 684 630 aﬂectum
709 604 858 632 ferebatur.
884 607 926 633 An
948 614 1002 634 non

216 647 323 674 videtur
347 647 393 674 tibi
416 648 562 674 anathema
587 649 708 683 seipsum
733 650 937 683 quodammodo
951 659 1002 686 po-

214 695 314 727 suisse,
333 698 359 722 et
374 702 403 722 se
420 702 435 721 a
458 696 543 730 gratia
567 703 710 729 separasse
726 705 776 731 pro
795 699 918 734 cognatis
932 699 1002 731 suis,

216 749 279 768 cum
302 740 476 768 Timotheum
502 741 722 774 circumcideret,
749 747 776 770 et
798 752 859 771 eum
885 744 1003 779 gloriose

216 786 367 821 prmdieans
386 786 574 822 Evangelium,
592 787 749 815 Judazorum
770 793 831 816 vota
852 790 1001 824 simulavit,

216 837 297 866 caput
314 832 457 865 abradens,
481 837 507 860 et
521 837 620 860 statuta
642 833 760 861 offerens
779 835 932 863 saerilieia?
953 844 1003 864 nec

215 883 266 910 pro
289 884 318 904 se
343 877 412 909 solo,
439 877 484 904 sed
501 885 550 911 pro
572 878 634 906 aliis
651 879 733 906 etiam
757 887 875 914 quorum
900 881 1001 909 sodalis

215 926 284 953 erat,
301 923 346 956 qui
367 928 394 948 et
412 928 535 957 sumptus
550 923 576 950 in
594 924 729 952 sacrificia
750 926 939 960 suppeditabat
957 926 1001 955 iis.

215 967 245 994 lu
259 975 340 1001 quam
360 969 492 995 causam?
505 969 578 995 Illam
598 977 704 1004 nempe.
730 975 759 998 ut
777 972 999 1003 omnes,Christ0

215 1013 403 1045 lucril'aceret,
421 1019 450 1041 ut
467 1015 601 1049 plurimos
619 1015 777 1049 adduceret,
800 1022 829 1044 ut
844 1018 1003 1046 omnimodo

214 1059 322 1094 aliquos
343 1064 485 1087 servaret:
501 1061 563 1088 ideo
577 1060 679 1090 Iudaeis
705 1061 815 1090 Judmus
839 1063 879 1095 ﬁt,
901 1063 935 1091 iis
955 1064 1003 1099 qui

215 1107 276 1133 sine
295 1106 363 1140 lege,
386 1111 516 1140 tanquam
537 1107 597 1134 sine
615 1107 685 1142 lege.
710 1116 771 1135 cum
785 1107 902 1137 inﬁrmis
923 1109 1002 1136 iniir-

214 1152 350 1178 mabatur.
377 1151 449 1178 Nihil
463 1151 561 1179 borum
590 1157 650 1180 erat
665 1153 747 1189 (absit
767 1158 796 1181 ut
811 1153 903 1190 fuerit)
928 1155 1001 1190 apud

215 1197 337 1223 animum
357 1201 384 1224 et
396 1197 528 1231 judicium
545 1205 625 1225 suum
640 1207 647 1225 :
665 1199 724 1231 sed,
740 1209 750 1226 ι
764 1198 899 1228 Omnibus
909 1201 1003 1228 omnia

214 1241 304 1269 factus
321 1246 374 1273 est,
403 1247 432 1269 ut
449 1243 488 1270 sic
511 1243 604 1278 aliquo
620 1245 700 1272 modo
725 1245 843 1280 aliquem
858 1246 1003 1274 lucriface-

215 1291 266 1314 ret.
285 1296 294 1313 ι
314 1287 438 1314 lmitator
450 1289 584 1322 egregius.
597 1293 637 1320 ut,
653 1289 725 1323 quod
738 1295 820 1325 caput
833 1296 884 1324 est,
900 1292 1001 1324 dicam,

213 1334 371 1361 communis
394 1333 499 1360 Domini
521 1339 547 1360 el
560 1334 714 1363 Servatoris
731 1336 829 1368 nostri,
846 1337 894 1372 qui
910 1337 1002 1364 omnia

214 1386 266 1413 pro
280 1380 361 1406 nobis
376 1387 486 1413 passus,
505 1379 540 1406 ob
570 1379 775 1415 inexplicabiles
792 1382 901 1410 divitias
920 1383 1003 1411 mise-

216 1424 343 1451 ricordia:
360 1432 418 1452 suae
436 1429 464 1452 et
486 1425 692 1458 exittanitionis.
711 1435 766 1454 non
789 1429 926 1456 recusavit
940 1437 1003 1464 pec—

214 1473 306 1496 eatum
327 1475 354 1497 et
375 1470 529 1498 maledictio
550 1478 600 1504 pro
627 1472 707 1499 nobis
727 1473 780 1499 dici
807 1477 835 1500 et
862 1474 1001 1508 reputari,

215 1523 277 1542 cum
299 1519 388 1543 tamen
410 1515 472 1544 fons
487 1522 560 1545 esset
580 1517 669 1545 omnis
691 1517 899 1550 benedictionis,
914 1523 941 1546 et
954 1519 1002 1546 de-

215 1607 356 1641 exemplar
383 1615 537 1642 proponens
566 1611 701 1644 genuinus
739 1608 800 1643 ejus
830 1609 1001 1644 discipulus,

216 1652 405 1680 admirabilem
425 1653 500 1681 illam
520 1659 547 1681 et
563 1654 771 1682 desiderabilem
786 1656 1003 1683 conversationis

217 1699 489 1733 reprmsentationem
507 1700 604 1727 animae
619 1708 676 1727 suae
688 1700 810 1735 quotidie
819 1701 1003 1728 transcribere

215 1749 243 1772 et
256 1745 400 1773 elTormare
423 1754 477 1774 non
493 1747 605 1774 destitit.
630 1746 683 1774 Sed
703 1747 736 1774 de
754 1751 801 1774 tuo
824 1747 908 1774 dubio
928 1747 1001 1774 haud

179 1791 181 1793 ’
215 1791 273 1818 scio
290 1800 322 1819 an
338 1793 410 1827 quod
428 1793 620 1828 requirebatur
639 1793 741 1825 minus,
757 1799 831 1820 certe
848 1793 918 1820 ultra
940 1794 1000 1828 epi-

215 1839 291 1866 stol-.e
303 1840 445 1873 terminos,
463 1840 514 1867 ista
528 1840 629 1867 habeas
644 1840 786 1868 solutionis
802 1840 871 1868 Vice.
890 1840 964 1867 Vale.

1051 243 1143 278 βίϐλου
1154 245 1219 280 γὰρ,
1233 245 1310 280 φησὶ,
1327 245 1380 280 τῆς
1391 245 1473 279 ζωῆς.
1497 255 1506 272 t
1524 246 1609 273 Τοῦτο
1621 247 1649 274 δὲ
1662 247 1688 273 τί
1697 247 1772 273 ἐστιν
1785 247 1834 274 ἄλ-

1051 289 1090 321 λο,
1103 291 1213 326 παράτδ
1227 291 1333 325 λέγειν,
1349 292 1387 324 ὡς
1399 293 1447 319 Ἂν
1463 293 1501 327 μὴ
1514 294 1571 323 τοῖς
1590 293 1718 326 ἑκγένους
1734 297 1747 311 ι
1764 302 1835 320 κατ-

1051 335 1207 371 αλλαγείης,
1225 338 1273 364 καὶ
1303 338 1395 373 σαυτῷ
1416 338 1537 374 συνάψῃς
1558 339 1658 371 αὐτοὺς
1668 360 1675 372 ,
1688 349 1697 365 ι
1712 337 1746 374 (ὦ
1761 339 1834 373 γνώ-

1053 390 1107 416 μης
1122 382 1240 417 ἄκρατον
1251 383 1301 418 τὴν
1314 384 1369 410 τῶν
1389 383 1420 416 ἐξ
1439 384 1555 420 αἵματος
1574 384 1704 419 πρόνοιαν
1718 384 1836 420 μεθυού-

1053 427 1128 462 σηςί)
1144 437 1153 452 ι
1168 427 1285 463 χώρισον
1308 429 1381 464 κάμὲ
1401 430 1455 457 ἀπὸ
1480 429 1540 463 σοῦ;
1558 440 1567 456 ι
1580 429 1699 466 Εὔδηλον
1725 431 1780 465 γὰρ
1795 431 1834 463 ὡς

1051 475 1065 500 6
1079 475 1182 501 ἐκεῖθεν
1196 475 1414 512 ἀπαλειφόμενος
1435 477 1482 504 τὸν
1503 478 1643 513 χωρισμὸν
1667 478 1835 511 συγκαταδι-

1052 521 1166 551 κάζεται
1179 521 1226 547 τοῦ
1237 520 1305 547 Θεοῦ
1313 529 1320 537 ·
1329 522 1378 548 καὶ
1392 522 1468 549 οὐδὲν
1477 523 1630 558 διενήνοχεν
1640 524 1741 555 εἰπεῖν,
1757 525 1835 557 «Ἐξ-

1053 564 1161 600 άλειψόν
1192 575 1225 601 με
1247 567 1296 601 τῆς
1317 566 1409 601 βίόλου
1428 568 1479 603 τῆς
1499 568 1584 603 ζωῆς,
1605 570 1654 596 καὶ
1664 569 1785 605 χώρισόν
1803 579 1837 605 με

1052 610 1106 636 ἀπὺ
1124 610 1182 637 σοῦ.
1199 620 1208 636 ι
1224 610 1258 637 Ὤ
1270 612 1429 648 παρρησίας
1443 613 1493 640 οὐκ
1505 614 1538 640 ὲκ
1547 613 1621 646 Θείας
1632 615 1715 649 μόνης
1735 614 1838 648 φιλοτι-

1055 655 1130 690 μίας,
1147 655 1215 682 ἀλλὰ
1238 656 1286 682 καὶ
1300 656 1392 688 πόνοις
1407 656 1530 689 οἰκείοις,
1543 657 1603 692 οὐχὶ
1622 657 1652 683 τὸ
1672 657 1837 690 ἀκατάγνω-

1054 709 1121 728 στον
1138 701 1230 736 μόνον,
1248 702 1317 729 ἀλλά
1334 702 1424 729 καὶτὸ
1441 702 1585 738 εὐδόκιμον
1592 703 1836 738 ἁπενεγκαμὲνηςι

1053 747 1138 779 ἐξεῖλε
1154 757 1183 775 τε
1198 748 1252 783 γὰρ
1263 748 1310 775 τὸν
1325 749 1444 783 φυλέτην
1467 749 1531 776 λαὸν
1554 749 1606 784 τῆς
1624 749 1733 781 δικαίας
1751 749 1839 785 ὀργῆς

1052 793 1070 828 ἠ
1087 793 1173 829 φωνὴ.
1204 794 1315 821 καὶτὸν
1344 795 1456 821 εἰπόντα
1478 795 1528 820 οὐκ
1553 794 1691 829 άπήλειψε
1719 794 1770 829 τῆς
1783 794 1839 820 τῶν

1053 839 1176 872 ἀειζώων
1193 832 1369 874 συγγραφῆς·
1385 840 1423 872 ὡς
1447 839 1495 867 οὖν
1512 840 1615 875 Μωσῆς
1637 840 1725 867 ταῦτα
1747 839 1839 873 λέγων

1054 886 1101 912 καὶ
1113 885 1242 920 πράττων
1259 886 1409 921 θαυμάσιος
1421 894 1429 902 ·
1444 885 1517 912 οὕτω
1533 886 1582 912 καὶ
1603 885 1709 917 Παῦλος
1729 886 1759 912 ὲν
1780 886 1839 916 τοῖς

1053 929 1157 964 ὁμοίοις
1172 930 1348 966 σφοδρότερος
1361 930 1465 965 ὀφθεὶς,
1482 930 1529 956 ἐπὶ
1547 930 1668 956 τοιοῦτον
1679 930 1840 964 θαυμασιώ-

1054 984 1143 1010 τερος.
1159 976 1193 1002 Ἦ
1208 976 1238 1002 οὺ
1252 976 1327 1003 δοκεῖ
1343 985 1384 1003 σοι
1396 976 1521 1011 ἀνάθεμα
1534 977 1622 1003 ποιεῖν
1641 975 1749 1008 ἑαυτὸν,
1767 975 1840 1011 ὑπὲρ

1052 1023 1103 1057 τῆς
1115 1023 1253 1057 σωτηρίας
1272 1022 1327 1049 τῶν
1353 1022 1501 1056 συγγενῶν,
1526 1023 1575 1048 καὶ
1597 1022 1697 1057 τρόπον
1712 1021 1775 1048 τινὰ
1786 1023 1840 1056 τῆς

1053 1069 1165 1103 χάριτος
1178 1068 1376 1104 διασχίζεσθαι,
1391 1069 1436 1095 ὅτε
1449 1068 1581 1103 Τιμόθεον
1596 1068 1759 1103 περιέτεμεν
1771 1077 1779 1099 ;
1792 1067 1839 1095 ὅτε

1053 1114 1134 1145 αὐτὸς
1159 1115 1264 1146 ἐκεῖνος
1279 1114 1415 1150 λαμπρῶς
1437 1115 1584 1150 κηρύσσων
1606 1115 1637 1142 τὸ
1656 1115 1838 1149 Εὐαγγέλιον.

1060 1161 1207 1193 Ἰουδαῖκὰς
1225 1162 1307 1197 εὐχὰς
1324 1161 1503 1198 ὑπεκρίνετο,
1524 1162 1574 1197 τήν
1589 1170 1620 1188 τε
1639 1163 1730 1196 κόμην
1750 1161 1840 1196 ξυρὼ-

1055 1216 1135 1243 μενος
1153 1208 1202 1242 τῆς
1217 1208 1355 1243 κεφαλῆς,
1375 1209 1423 1235 καὶ
1442 1208 1491 1240 τὰς
1515 1208 1716 1243 νενομισμένας
1741 1208 1839 1240 θυσίας

1054 1253 1227 1289 προσφέρων,
1255 1254 1302 1280 καὶ
1321 1254 1370 1289 οὐχ
1395 1254 1464 1288 ὑπὲρ
1479 1253 1575 1281 ἑαυτοῦ
1597 1254 1694 1289 μόνον,
1711 1253 1781 1280 ἀλλὰ
1792 1254 1841 1280 καὶ

1054 1299 1123 1335 ὑπὲρ
1138 1299 1240 1335 ἐτέρων
1256 1296 1298 1331 οἷς
1316 1299 1504 1335 συνηγνίζετο,
1518 1299 1568 1329 τὰς
1581 1299 1625 1326 ἐπὶ
1643 1301 1677 1334 τῇ
1693 1299 1776 1335 θυσίᾳ.
1789 1308 1842 1325 κα-

1052 1346 1173 1377 τατιθεὶς
1185 1345 1318 1378 δαπάνας,
1336 1346 1384 1372 καὶ
1396 1345 1430 1372 τά
1444 1345 1612 1379 ἀναλώματα
1623 1354 1629 1376 :
1639 1346 1699 1372 Ἵνα
1711 1346 1738 1372 τί
1758 1345 1842 1381 γένη-

1052 1401 1096 1419 ται
1109 1400 1116 1424 ;
1135 1401 1145 1417 ς
1157 1390 1218 1418 'lva.
1225 1391 1279 1418 πᾶν
1292 1393 1316 1411 x'
1332 1390 1441 1426 Χριστῷ
1451 1391 1572 1427 κερδήσῃ
1588 1399 1594 1405 ·
1614 1391 1658 1417 ἴνα
1670 1392 1734 1422 τοὺς
1744 1391 1841 1418 πλείο-

1053 1446 1102 1469 νας
1128 1436 1262 1471 προσάξῃ,
1289 1436 1333 1463 ἳνα
1355 1436 1464 1468 πάντως
1484 1436 1562 1468 τινὰς
1585 1436 1680 1473 σῶα-η’
1694 1436 1738 1464 διὰ
1760 1437 1844 1463 τοῦτο

1053 1483 1100 1509 καὶ¹
1120 1483 1246 1514 Ἰουδαῖος
1269 1482 1376 1516 γίνεται
1398 1482 1535 1514 Ἰουδαίοις
1547 1491 1555 1497 ·
1573 1482 1621 1509 καὶ
1650 1483 1707 1512 τοῖς
1727 1482 1843 1517 ἀνόμοις

1016 1542 1036 1567 (τ
1052 1529 1090 1562 ὡς
1103 1529 1206 1564 ἄνομος
1218 1528 1370 1556 διατίθεται
1383 1537 1391 1545 ·
1407 1530 1455 1556 καὶ
1468 1530 1630 1556 συνασθενεί
1642 1531 1698 1562 τοῖς
1710 1529 1845 1557 ἀσθενοῦ-

217 1561 332 1588 structio
346 1562 459 1596 peccati.
479 1562 557 1591 Hunc
570 1563 621 1590 sibi
644 1570 692 1598 per
705 1567 791 1590 totum
805 1563 866 1590 vitae
889 1572 1000 1592 cursum
1017 1561 1036 1567 “’
1055 1584 1108 1603 σιν,

1125 1584 1134 1601 ι
1149 1575 1241 1611 Μηδὲν
1261 1575 1363 1602 τούτων
1390 1575 1519 1611 (άπαγεῐ)
1548 1577 1615 1612 μήτε
1640 1576 1678 1603 ὣν
1698 1577 1727 1603 ὲν
1737 1576 1843 1611 κρίσει,

1052 1621 1123 1655 μήτε
1151 1621 1312 1656 γινόμενος·
1328 1621 1376 1647 καὶ
1393 1629 1403 1647 ι
1428 1621 1485 1652 τοῖς
1513 1622 1580 1647 πᾶσι
1607 1621 1696 1649 πάντα
1724 1621 1845 1655 γίνεται.

1052 1667 1096 1693 ἵνα
1120 1667 1228 1699 πάντως
1238 1667 1315 1699 τινὰς
1327 1667 1378 1701 τῆς
1392 1667 1498 1701 πλάνης
1514 1666 1660 1702 ἀνελκύσῃ.
1681 1676 1691 1693 ι
1710 1667 1846 1702 Μιμητὴς

1052 1714 1106 1748 γὰρ
1122 1710 1157 1748 ἦν
1176 1712 1330 1748 περιδέξιος
1345 1713 1401 1749 (ἶνα
1414 1713 1446 1739 τὸ
1457 1713 1605 1747 κεφάλαιον
1625 1713 1706 1748 εῐπω)
1719 1713 1767 1740 τοῦ
1781 1723 1846 1741 κοι-

1053 1758 1100 1784 νοῦ
1115 1758 1241 1794 Σωτῆρος
1256 1759 1335 1794 ἡμῶν
1354 1759 1402 1785 καὶ
1425 1759 1574 1785 Δεσπότου·
1588 1758 1625 1790 ὣς
1644 1763 1659 1783 1
1679 1758 1769 1785 πάντα
1788 1768 1848 1786 πα-

1055 1804 1108 1831 θὼν
1123 1804 1194 1839 ὑπὲρ
1215 1804 1295 1839 ἡμῶν
1319 1804 1416 1839 ὰφὰτῳ
1435 1803 1543 1839 πλούτῳ
1566 1804 1772 1839 φιλανθρωπίας
1796 1807 1847 1831 καὶ

1056 1849 1208 1883 κενώσεως,
1221 1850 1276 1877 οὐδ’
1291 1851 1425 1886 ἁμαρτία,
1443 1850 1504 1877 οὐδὲ
1525 1851 1633 1886 κατάρα
1652 1850 1789 1886 κληθῆναι
1811 1852 1847 1878 δι’

214 1895 299 1930 ἡμᾶς,
328 1897 375 1923 καὶ
397 1897 560 1932 νομισθῆναι
585 1897 782 1933 παρῃτήσατοο
815 1898 905 1925 καίτοι
936 1897 1013 1933 πηγὴ
1048 1897 1140 1932 πάσης
1173 1894 1311 1930 εὐλογίας,
1341 1897 1388 1924 καὶ
1419 1897 1510 1932 πάσης
1535 1896 1674 1932 ἁμαρτίας
1709 1897 1848 1932 ὑπάρχω-ι

214 1942 364 1978 ἀναίρεσις.
385 1944 435 1970 Ὂν
469 1943 513 1970 διὰ
544 1944 602 1978 βίου
627 1944 709 1970 καλὸν
743 1944 920 1979 παράδειγμα
941 1944 1168 1979 προστησάμενος
1189 1943 1204 1969 6
1231 1943 1352 1978 γνήσιος,
1382 1943 1419 1975 ὡς
1448 1942 1567 1977 ἀληθῶς,
1593 1942 1727 1978 μαθητὴς,
1748 1943 1796 1968 ἀεὶ
1815 1943 1847 1969 τὺ

214 1986 370 2023 θαυμαστὸν
393 1989 483 2016 ἐκεῖνο
499 1990 546 2016 καὶ
564 1990 748 2026 πολυέραστον
770 1991 819 2026 τῆς
848 1991 999 2023 πολιτείας,
1019 1992 1047 2016 ὲν
1075 1992 1108 2026 τῇ
1138 1990 1211 2026 ψυχῇ
1229 1991 1413 2026 μεταγράφων
1440 1990 1488 2017 καὶ
1502 1990 1649 2017 ἀνατυπῶν
1671 1990 1722 2016 οὐκ
1737 1990 1847 2025 ἀπέλη-

213 2043 261 2067 γεν
289 2035 410 2070 ἄγαλμα.
430 2036 509 2062 Ἀλλά
536 2039 600 2072 γὰρ,
626 2038 691 2072 περὶ
713 2038 761 2064 τοῦ
775 2038 981 2073 διηπορημένου
1002 2047 1054 2071 σοι,
1078 2038 1130 2074 τῆς
1147 2037 1254 2074 χρείας,
1291 2038 1342 2065 οὐκ
1357 2036 1406 2065 οἶδ’
1433 2039 1458 2065 ει
1478 2037 1597 2070 ἔλαττον,
1611 2038 1663 2072 τῆς
1681 2038 1705 2065 δ’
1717 2035 1766 2065 οὖν
1782 2038 1848 2065 ἐπι-

214 2082 310 2116 στολῆς
331 2084 376 2109 καὶ
405 2084 452 2110 ἐπὶ
474 2084 571 2117 πλέον,
588 2085 637 2116 τὰς
660 2085 751 2116 λύσεις
777 2085 932 2120 δεχόμενος.
951 2085 1066 2122 ἔρρωσο.

267 2139 430 2172 QUIESTIO
439 2140 520 2169 CXIII
537 2141 631 2177 [CoisL
650 2148 675 2170 et
694 2143 775 2171 Taur.
799 2143 944 2181 CXXXV].
1019 2141 1041 2168 ί)

406 2186 443 2214 De
466 2187 635 2214 tabernaculo
654 2189 806 2217 testimonii.

1316 2143 1485 2170 ΕΡΩΤΗΣΙΣ
1502 2142 1575 2169 PH".

1173 2189 1243 2224 Περὶ
1256 2189 1312 2224 τῆς
1335 2189 1456 2223 σκηνῆς
1476 2189 1528 2216 τοῦ
1549 2186 1723 2223 μαρτύριον.

454 2243 523 2269 Edita
536 2252 548 2270 a
561 2245 719 2277 Montacutio,
740 2253 780 2278 ep.
791 2247 847 2278 219,
859 2248 892 2273 ad
903 2249 1002 2274 Leonem
1014 2251 1037 2273 et
1052 2247 1129 2273 Galal.
1141 2255 1166 2279 p.
1179 2248 1294 2272 εει-528.
1312 2248 1341 2273 In
1356 2247 1434 2272 Exod.
1448 2255 1487 2277 XL,
1501 2247 1581 2272 lii-19.

247 2298 329 2331 Quid,
348 2299 509 2335 interrogas,
526 2301 720 2329 vestimentum
736 2310 751 2330 e
769 2303 886 2331 diversis
901 2303 1002 2332 colori-

210 2345 262 2372 bus
279 2351 435 2373 contextum
448 2347 632 2375 adulterinum
648 2356 749 2377 vocans
764 2350 913 2386 legislator,
928 2351 1001 2386 ejus.

211 2399 263 2426 que
282 2400 359 2432 usum
369 2393 508 2427 prohibuit
525 2394 558 2421 iis
572 2395 620 2429 qui
636 2395 720 2429 ipsius
737 2397 858 2432 paedagio
870 2397 1000 2425 informa-

211 2438 321 2469 bantur,
338 2430 371 2465 ne
386 2439 548 2471 induerent;
567 2443 655 2467 tamen
671 2442 819 2468 testimonii
835 2442 999 2470 tabernacu-

211 2482 269 2509 lum
301 2482 439 2509 talismodi
464 2482 638 2517 operimentis
667 2485 750 2512 velari
768 2485 869 2520 jubet:
892 2487 918 2514 in
943 2496 998 2523 quo

210 2529 353 2556 videbatur
368 2528 440 2556 Deus
458 2537 592 2563 prmsens.
613 2537 640 2558 et
664 2531 762 2559 Sancta
777 2538 934 2561 sanctorum
955 2543 1000 2562 re-

210 2575 407 2602 condebantur.
420 2575 488 2603 Audi
501 2581 588 2604 autem
605 2579 736 2606 rationem
746 2579 807 2606 huic
815 2581 958 2614 quaestioni
974 2587 1001 2609 et

212 2619 348 2646 similibus
371 2625 585 2655 congruentem:
609 2621 717 2649 divinus
745 2622 833 2650 Moses
853 2632 914 2651 cum
937 2625 998 2652 talia

212 2665 365 2697 mandaret,
381 2665 492 2700 praecise
510 2667 594 2695 voluit
610 2668 765 2702 signiﬁcare
780 2677 834 2696 non
851 2677 912 2697 esse
928 2670 999 2698 litte-

1088 2303 1121 2330 Τί
1137 2304 1246 2338 δήποτε,
1264 2303 1386 2340 πυνθάνῃ
1413 2303 1444 2330 τὸ
1469 2304 1502 2329 ἐκ
1528 2302 1666 2337 διαφόρων
1687 2303 1844 2337 χρωμάτων

1052 2348 1177 2384 ὕφασμα,
1193 2348 1319 2383 κίϐδηλόν
1333 2357 1362 2375 τε
1376 2349 1476 2380 καλῶν,
1493 2348 1539 2375 καὶ
1552 2348 1716 2384 ἀποτρέπων
1729 2349 1743 2375 6
1760 2357 1845 2385 νομο-

1051 2394 1132 2429 θέτης
1144 2395 1205 2425 τοὺς
1219 2394 1266 2420 ὑπ’
1283 2394 1366 2420 αὑτοῦ
1385 2394 1664 2428 παιδαγωγουμένους
1686 2393 1843 2428 ἀμφιέννυ-

1051 2440 1125 2473 σθαι,
1142 2441 1190 2475 τὴν
1206 2440 1253 2466 τοῦ
1271 2440 1421 2476 μαρτυρίου
1441 2439 1544 2476 σκηνὴν
1566 2438 1700 2471 τοιούτοις
1725 2439 1843 2475 ἐπιϐλή-

1053 2495 1119 2521 μαπι
1131 2486 1297 2521 προστάσσει
1313 2486 1511 2517 καλύπτεσθαι,
1531 2486 1559 2512 ὲν
1609 2484 1676 2517 Θεός
1691 2493 1720 2511 τε
1743 2485 1843 2512 ὠπτά-

1050 2541 1121 2564 νετθ,
1136 2532 1184 2558 καὶ
1198 2532 1232 2558 τὰ
1246 2532 1300 2558 τῶν
1313 2532 1400 2566 ἁγίων
1413 2531 1543 2559 ἀπέκειτο
1559 2531 1658 2564 Ἀγιας
1680 2530 1805 2561 ’Λκούοις
1817 2530 1841 2556 δ’

1050 2579 1083 2605 ἂν
1097 2578 1195 2610 κοινὸν,
1212 2580 1256 2605 ἐπ’
1275 2578 1359 2605 αὐτοῦ
1376 2587 1406 2604 τε
1419 2578 1467 2606 καὶ
1481 2577 1535 2604 τῶν
1550 2577 1663 2612 ὁμοίων,
1679 2576 1757 2610 λόγον
1767 2578 1842 2603 ἀπο-

1050 2625 1188 2659 διδόμενον
1199 2634 1206 2640 ·
1218 2626 1257 2656 ὼς
1270 2625 1303 2652 τὰ
1314 2625 1427 2652 τοιαῦτα
1442 2624 1599 2660 νομοθετῶν
1613 2624 1628 2650 6
1641 2623 1711 2655 θεῖος
1736 2623 1841 2657 Μωσῆς

1051 2669 1173 2705 ἀκριϐῶς
1187 2670 1293 2706 ἐδήλου,
1310 2670 1348 2706 μὴ
1360 2670 1460 2706 χρῆναι
1474 2670 1565 2704 γυμνῇ
1588 2666 1783 2703 προσεδρεύειν
1805 2669 1839 2702 τῇ

861 2759 978 2786 ἽΑΠΙΑΞ
1007 2759 1207 2789 LECTIONES.

253 2852 268 2868 ³
279 2849 309 2876 G.
321 2849 356 2877 Μ.
373 2851 404 2877 ἐκ
418 2851 522 2885 γένους.

562 2853 589 2870 ι’
603 2851 634 2879 C.
656 2851 691 2879 M.
704 2853 817 2884 πάντας.
838 2856 851 2875 1
868 2851 897 2879 C.
916 2849 950 2877 II.
967 2855 1038 2879 recte
1057 2851 1097 2883 ὃς.
