1873 3063
12 2783 16 2814 i

12 2853 16 2890 λ

48 154 94 186 665

497 156 547 187 AD
558 157 853 190 AMPHILOCHIUM
872 158 1043 195 QUESTIO
1056 161 1161 192 CXIII.

1601 166 1654 198 666

48 209 109 240 λέξει
122 208 168 234 τοῦ
194 209 371 244 γράμματος,
399 209 467 244 μηδὲ
488 210 528 245 τῷ
548 211 686 247 προχείρῳ
703 221 787 248 προσο

921 213 1111 241 adhaerendum
1129 215 1247 250 penitus,
1270 223 1321 244 nec
1334 218 1525 247 attendendum
1538 221 1571 248 ad
1592 229 1653 249 sen-

47 255 108 290 έχειν
115 254 162 289 τῆς
174 254 348 289 καταλέψεως
357 259 368 273 ι
379 262 386 270 ”
395 256 451 287 τοῖς
459 255 513 293 γὰρ
522 256 746 292 διαφιλοιιεικοῦσι
753 259 820 286 ταύο

46 310 73 337 τῃ
86 301 128 327 τδν
143 300 207 327 νοῦν
221 301 274 327 τῶν
290 303 532 338 προσταττομένων
549 303 640 331 λαϐεῖν
648 306 697 332 οὐκ
711 306 744 332 ἄν
753 315 819 333 ποτε

46 348 187 382 θηράσιμος
203 347 319 381 γένοιτο.
335 348 461 375 Τοιοῦτον
476 349 530 385 γὰρ
538 350 585 377 καὶ
594 351 634 384 τὸ,
646 353 676 378 ἐν
686 352 819 388 Σαϐϐάτῳ

46 393 155 420 κελεύειν
172 394 256 429 μηδὲν
270 394 339 426 ὅλως
351 395 518 430 ἐργάζεσθαι
528 404 535 411 ·
546 398 608 429 τοὺς
624 398 652 424 δὲ
667 399 752 434 ἱερεῖς
762 401 820 426 ἐπι-

45 440 142 472 τρέπειν
167 439 216 465 ὲπὶ
241 441 300 472 ταῖς
318 440 424 472 θυσίαις
437 442 484 468 καὶ
500 441 668 476 ξυλοκοπεῖν,
686 446 734 471 καὶ
749 453 818 479 σφα-

44 485 137 519 γιάζειν
150 491 164 505 α
180 485 229 516 οὓς
244 486 297 512 ἔδει
314 487 413 522 μᾶλλον
434 487 487 514 τῶν
500 488 587 515 ἄλλων
601 489 746 525 γνώμονας
761 491 817 517 ὦσ-

44 537 88 563 περ
100 530 145 555 καὶ
157 530 313 565 ἀρχέτυπον
328 531 374 558 τοῦ
391 531 509 567 πλήθους
524 533 614 566 ὄντας,
628 534 659 560 τὸ
670 534 718 570 τῆς
737 544 818 570 νομο-

44 575 126 606 θεσίας
140 576 287 609 φυλάττειν
305 577 442 612 ἀκήρατον
453 588 460 594 ·
472 578 512 605 ἔτι
530 579 559 605 δὲ
577 580 622 606 καὶ
634 580 665 606 τὸ
680 581 816 616 προστάσ-

44 628 101 652 σειν,
114 621 145 646 ὲκ
156 619 240 646 λίθων
253 621 366 656 τμητῶν
382 622 420 657 μὴ
439 625 656 657 κατασκευάζειν
675 625 816 662 θυσιαστή-

44 673 90 699 ρια,
111 666 150 692 ὅτι
167 665 334 701 μεμίανται*
350 668 398 694 καὶ
421 668 470 695 τοῦ
495 670 644 704 μεμιάνθαι
660 671 709 707 τὴν
725 673 815 699 αἰτίαν

43 710 142 744 ἐπάγειν
156 711 188 737 τὸ
202 712 376 748 ἐγχειρίδιον,
401 714 497 750 ὅτιπερ
516 716 607 748 αὐτοῖς
625 717 704 744 τοῦτο
719 718 815 754 ξυομέ-

43 765 88 788 νοις
102 757 115 777 h
125 757 307 793 ἐπιϐέϐληται
319 767 326 773 ·
341 759 380 794 τῷ
394 760 546 796 ἐγχειριδίῳ
554 762 582 788 δὲ
594 763 642 790 καὶ
655 764 721 791 αὐτὸ
731 765 762 791 τὸ
771 774 814 792 τι-

44 802 164 836 μιώτατον
190 804 240 830 καὶ
254 804 383 839 μέγιστον
404 807 470 841 παρ’
496 807 632 842 Ἑϐραίοις
645 809 693 844 τὴν
706 818 813 844 περιτο·

43 849 86 884 μὴν
97 850 312 885 ἀπεργάζεσθαι,
333 852 380 878 καὶ
401 853 454 888 μὴν
475 853 522 880 καὶ
540 855 630 886 πάσας
655 856 811 892 ἱερουργίας

41 896 196 932 ἐγχειριδίοις
231 897 479 933 τελεσιουργεῖσθαι
510 900 557 927 καὶ
586 889 810 937 καταρτίζείσθαι.
826 889 847 917 Β

42 941 85 967 Καὶ
106 941 136 976 δὴ
159 942 291 976 κάκεῖνο,
315 943 360 970 τὸν
381 943 431 978 μὲν
450 945 603 980 ἁπτόμενον
624 948 722 983 νεκροῦ
742 949 810 976 ἀκά-

41 986 122 1021 Θαρτον
134 985 216 1020 εἶναι,
231 987 291 1015 εἶτα
306 989 485 1024 καθαίρεσθαι
496 992 570 1027 παρὰ
578 993 625 1019 τοῦ
639 994 734 1029 ἱερέως
747 1003 754 1010 ·
765 995 810 1022 τὸν

41 1032 62 1059 δὲ
79 1034 252 1070 μὴδύνασθαι
269 1036 412 1072 καθαίρειν
435 1038 522 1070 ἄλλως
530 1040 554 1065 εί
566 1039 603 1075 μὴ
612 1040 657 1067 διὰ
669 1041 808 1076 θυμάτων,

41 1078 54 1104 ἆ
65 1079 92 1115 δὴ
105 1081 185 1113 αὑτός
197 1090 228 1107 τε
245 1084 401 1118 νεκροποιεῖ
418 1084 536 1118 πρῶτος,
556 1086 604 1112 καὶ
614 1086 743 1119 ἂπτεται,
761 1089 810 1115 καὶ

41 1125 82 1151 ἀπὸ
90 1125 139 1152 τῶν
153 1127 260 1162 νεκρῶν
271 1128 404 1163 αἱμάτων,
415 1130 431 1164 ἢ
441 1131 473 1165 τῇ
489 1130 578 1167 σποδῷ
590 1133 741 1167 περιραίνει
751 1134 808 1167 τὸν,

40 1171 71 1196 ὅτι
80 1172 172 1206 νεκροῦ
187 1173 290 1208 ἥψατο,
308 1175 455 1210 προσιόντα
467 1176 698 1213 καθαρθήσεσθαι.
715 1180 809 1215 Αἰνίγ-

41 1219 151 1252 ματιγὰρ
161 1218 243 1246 τοῦτο
251 1220 402 1254 παντελῶς,
412 1221 486 1254 εἴτις
499 1224 661 1258 ὲναπομένοι
669 1224 708 1260 τῷ
719 1226 809 1261 γράμ-

41 1269 102 1295 ματι,
123 1263 204 1292 ἔοικε.
228 1265 355 1292 Τοιοῦτόν
374 1266 431 1294 ἐστι
446 1268 494 1294 καὶ
507 1268 547 1300 τὸ,
561 1269 670 1301 πάντως
683 1271 808 1306 ὁμοίωμα

41 1309 114 1334 ποιεῖν
126 1309 265 1345 ἁπάρχειν
280 1311 326 1338 τὸν
349 1311 473 1347 Ἰσραήλ-
488 1314 570 1352 αὐτον
585 1315 713 1342 δὲταῦτα
727 1325 808 1352 νομο-

41 1352 161 1387 θετοῦντα,
177 1356 287 1390 πρῶτον
299 1358 349 1391 μὲν
361 1357 409 1384 καὶ
430 1358 515 1394 αὐτὴν
531 1350 581 1395 τῆν
600 1360 717 1388 κιϐωτὸν
738 1350 809 1389 κατὰ

41 1399 108 1427 rima
123 1401 168 1427 καὶ
183 1401 298 1438 μίμημα
314 1403 479 1438 ποιήσασθαι
491 1405 545 1432 τῶν
557 1406 717 1441 δειχθέντων
733 1408 808 1444 αὐτῷ

40 1445 62 1470 ὲν
75 1445 109 1480 τῷ
123 1446 179 1482 ὄρει
190 1455 198 1463 ο
219 1448 317 1475 ἔπειτα
336 1449 384 1481 τὰς
402 1450 519 1483 εικόνας,
535 1451 581 1478 καὶ
598 1453 633 1479 τὰ
645 1453 808 1488 ὁμοιώματα

39 1490 82 1517 τῶν
92 1493 228 1529 Χερουϐὶμ
242 1495 389 1530 διαγλύψαι
412 1505 442 1523 τε
457 1497 506 1524 καὶ
529 1498 673 1533 τορεῦσαι,
692 1500 808 1533 καὶτοῖς

40 1540 256 1575 παραπετάσμασι
281 1542 484 1576 προσεξυφᾶναι
511 1552 540 1570 τε
559 1545 606 1571 καὶ
625 1546 804 1580 ραφιδεῦσαι·
820 1556 843 1586 c

41 1583 138 1616 ῥοῖσχων
156 1594 186 1612 τε
207 1586 371 1623 ὁμοιώματα
391 1590 448 1621 τοῖς
469 1591 552 1625 ἱεροῖς
572 1591 698 1618 σκεύεσιν
728 1594 806 1619 ἐντυ-

40 1630 115 1658 τςῖισαι
129 1633 172 1659 καὶ
198 1634 285 1669 μυρία
307 1634 384 1662 ἄλλα.
408 1636 511 1663 Ἐκεῖνο
528 1637 568 1670 δὲ,
588 1638 647 1669 πῶς
656 1638 686 1665 οὺ
699 1639 807 1674 θαυμά-

41 1676 138 1711 σειέτις,
149 1680 205 1711 τοῖς
215 1680 264 1706 τοῦ
276 1680 413 1716 θαύματος
425 1682 573 1718 προθύροις
583 1684 663 1719 μόνον
675 1686 807 1721 ἀναστρε-

41 1723 146 1758 φόμενος,
161 1728 209 1754 καὶ
222 1729 282 1760 τοῖς
304 1729 379 1756 ἔνδον
395 1732 598 1766 κεκρυμμένοις
617 1733 664 1759 τὸν
675 1734 739 1760 νοῦν
756 1735 806 1762 οὐκ

42 1767 96 1816 ἔχων
110 1772 318 1808 ἀνατενίζοντας
338 1777 379 1803 ὅτι
396 1777 442 1805 τὸν
459 1778 508 1813 μὲν
522 1779 662 1814 άρτιγενεῖ
674 1780 762 1816 λέπρᾳ
775 1781 806 1808 τὺ

43 1815 107 1848 σῶμα
119 1818 285 1854 στιζόμενον,
302 1820 378 1848 οΰπω
390 1822 419 1849 δὲ
434 1823 484 1858 τὴν
500 1823 565 1859 ὃλην
576 1815 737 1860 ἐπιφάνειαν
750 1815 796 1853 δια

41 1861 157 1896 φθαρέντα
170 1866 211 1900 τῷ
227 1869 374 1902 νοσήματι,
390 1869 544 1906 ἀκάθαρτον
559 1872 606 1898 καὶ
624 1872 720 1906 μιαρὸν
736 1873 805 1900 ἁπο-

41 1907 113 1938 φοίνει
123 1918 130 1925 ·
142 1911 186 1938 τὸν
195 1913 217 1938 δ’
234 1913 298 1940 ὅλον
310 1914 341 1940 τὸ
356 1915 436 1950 σῶμα
451 1918 646 1952 περισχεθέντα
660 1919 699 1955 τῷ
715 1919 803 1955 κακῷ,

42 1954 268 2001 ᾓιὶβδελῠγματιῇ
281 1960 314 1987 ἂν
329 1961 474 1997 γενόμενον
486 1972 493 1979 ·
505 1965 551 1990 καὶ
565 1966 589 1991 ει
600 1965 627 1992 δὲ
635 1954 699 2000 χθὲς
715 1967 739 1986 c‘
755 1954 804 2001 pth;

43 1999 164 2045 τξραθῆναι,
181 2005 266 2038 ἐγγὺς
276 2006 305 2032 δὲ
324 2009 454 2042 γεγονότα
465 2009 586 2042 καὶτοὺς
595 1999 726 2045 φυσικοὺς
740 1999 804 2040 συν-

43 2044 137 2080 δέσμους
154 2050 283 2078 λύεσθαι·
304 2053 398 2080 τοῦτον
417 2054 445 2081 δὲ
470 2056 524 2090 ἄρα
546 2044 666 2091 καθαρὸν
690 2058 805 2094 καὶτῆς

43 2096 180 2132 συναγωγῆς
197 2098 274 2130 ἄξιον
299 2099 458 2134 κρίνεσθαι;
489 2103 520 2128 Et
536 2102 626 2137 βούλει
640 2104 668 2130 δὲ
695 2105 805 2132 κάκεῖνο

42 2137 82 2163 τῶν
92 2140 116 2166 ὲν
129 2142 201 2178 νόμῳ
230 2143 361 2178 βιούντων
382 2146 454 2180 ιδεῖν,
469 2147 507 2179 ὡς
537 2150 587 2176 οὐκ
602 2150 666 2184 ὲξῆν
681 2151 730 2186 μέν
743 2160 803 2178 τινα

42 2185 107 2233 τςαρὰ-
114 2187 160 2222 τὴν
172 2190 276 2225 σκηνὴν
292 2191 407 2227 ἀλλαχοῦ
421 2193 525 2229 τολμᾷν
543 2185 700 2228 θυσιάζειν·
713 2198 729 2232 ὴ
748 2197 801 2233 γὰρ

80 2229 141 2267 αἷμα
156 2235 218 2271 δίκη
242 2238 350 2272 ἀπήντα
368 2239 407 2275 τῷ
433 2241 587 2275 παραϐάντι
599 2250 606 2257 ·
621 2243 651 2268 οὐ
666 2229 729 2278 μὴν.
742 2229 802 2271 obde
817 2231 841 2261 θ

41 2275 80 2326 ἔξω
88 2279 130 2306 τοῦ
140 2283 215 2314 ναοῦ,
231 2284 301 2318 μετὰ
311 2286 360 2320 τὴν
371 2286 467 2313 τούτου
478 2287 632 2324 οἰκοδομὴν,
642 2275 691 2321 τάς
699 2275 803 2326 ίερουρ-

39 2322 86 2356 Υίας
98 2329 243 2355 ποιεῖσθαγ
257 2330 302 2356 τὸν
319 2330 348 2357 δὲ
368 2331 520 2367 θαυμάσιον
535 2322 676 2369 Σαμουὴλ,
693 2322 740 2362 καλ.
756 2322 802 2362 οὺ-

40 2374 173 2416 ςῖιαστήριον
185 2377 236 2411 τῆς
248 2378 351 2413 σκηνῆς
363 2378 486 2414 ἑστώσης
498 2380 593 2415 πῆξαι,
608 2381 738 2416 κάκείνην
751 2382 801 2416 μὲν

40 2413 122 2445 λιπεῖν·
132 2421 219 2448 ἐκεῖσε
235 2423 263 2450 δὲ
275 2424 323 2456 τὰς
341 2425 436 2456 θυσίας
458 2426 624 2460 ἀνενεγκεῖν.
650 2427 706 2454 Οὐκ
718 2428 799 2454 αὐτὸν

73 2465 152 2499 μόνον,
165 2469 233 2496 ἀλλὰ
249 2471 298 2496 καὶ
311 2470 357 2497 τὸν
373 2471 446 2506 ἱερὸν
460 2472 554 2499 Ἠλίαν
566 2472 614 2499 τοῦ
631 2473 660 2499 ἐν
683 2473 715 2500 Ἱε
721 2482 798 2509 ροσο-

39 2505 114 2554 Etiam;
130 2514 193 2540 ναοῦ
205 2515 340 2551 λαμπρῶς
356 2505 512 2552 ἑστηκότος,
529 2518 576 2545 ἐπὶ
587 2518 635 2545 τοῦ
647 2505 797 2554 Καρμήλου

41 2551 126 2588 βωμούς
135 2567 164 2585 τε
174 2560 279 2596 ἐγεῖραι
292 2563 339 2589 καὶ
350 2551 543 2599 προσενεγκεῖν
555 2564 659 2596 θυσίας.
673 2551 728 2592 Kal.
736 2551 798 2591 τού-

40 2605 79 2646 ξων
89 2603 184 2639 οὐδένα,
202 2609 251 2642 οὐχ
264 2609 305 2635 ὅτι
319 2609 355 2645 μὴ
380 2609 557 2644 ὲγκληθῆναι,
572 2610 640 2637 ἀλλὰ
662 2611 710 2638 καὶ
729 2611 798 2646 πρὸς

40 2642 99 2681 Θεοῦ,
108 2651 151 2678 τοῦ
163 2652 207 2679 διὰ
222 2642 443 2690 Μωσέωςγμηϐὲν
458 2642 562 2684 τούτων
584 2657 737 2692 τολμᾶσθαι
750 2642 795 2684 νο-

871 267 931 287 sum
947 260 1035 294 prima
1054 261 1120 288 facie
1135 261 1296 290 exhibitum.
1312 263 1351 290 llli
1373 270 1455 297 certe,
1473 266 1519 299 qui
1535 268 1656 301 pertina—
1680 259 1683 261 l

870 305 930 333 cius
941 307 1108 334 contendunt
1119 308 1267 336 secundum
1282 309 1396 337 litteram
1408 311 1459 339 ista
1471 312 1654 348 intelligenda.

869 353 1030 380 sententiam
1056 361 1195 388 nunquam
1224 355 1402 384 venahuntur.
1423 357 1487 385 Tale
1500 359 1654 387 mandatum

869 403 920 429 est,
936 406 990 433 quo
1004 399 1162 434 praecipitur
1172 401 1240 428 nihil
1256 401 1336 436 plane
1350 410 1397 436 per
1411 402 1557 432 Sabbatum
1573 413 1655 440 agen-

868 445 943 476 dum,
968 452 1029 472 cum
1045 449 1134 473 tamen
1157 447 1311 475 sacerdotes
1336 449 1558 482 permitterentur
1581 451 1653 486 ligna

869 490 980 524 findere,
1005 499 1103 519 carnes
1122 492 1255 526 dividere,
1283 495 1411 522 animalia
1437 496 1582 523 occidere:
1606 498 1652 532 qui

867 539 957 563 tamen
981 536 1080 569 regulae
1105 537 1191 566 instar
1217 543 1245 564 et
1269 539 1408 575 archetypi
1433 541 1567 568 debebant
1592 550 1652 570 esse

868 580 1051 612 multitudini,
1080 586 1125 614 ut,
1148 583 1220 616 quod
1236 583 1293 617 lege
1309 585 1532 619 praecipiebatur,
1545 586 1651 614 sincere

867 626 998 653 colerent:
1013 627 1049 654 ita
1062 635 1124 654 cum
1138 629 1280 655 mandetur
1293 637 1326 656 ne
1340 637 1356 657 e
1367 630 1499 665 lapidibus
1513 632 1653 659 sectilibus

865 672 961 699 altaria
976 677 1179 707 construantur,
1202 681 1235 701 eo
1254 675 1327 708 quod
1345 675 1384 702 sic
1410 676 1605 710 polluerentur,
1625 683 1653 705 ct

865 718 1023 752 pollutionis
1045 720 1179 753 ejusmodi
1203 728 1284 748 causa
1313 722 1463 750 encliiridio
1492 723 1651 758 imputetur,

863 772 919 799 quo
934 765 962 792 in
977 766 1140 793 exaseianda
1156 767 1270 794 materia
1285 769 1322 794 uti
1337 768 1442 796 solent:
1464 777 1525 796 cum
1561 775 1588 796 et
1603 779 1652 797 Cli-

863 811 979 839 clliridio
996 812 1023 839 id
1034 812 1107 847 quod
1119 813 1238 840 maximo
1253 813 1279 840 in
1295 814 1508 844 honoreJudaais
1527 820 1553 842 et
1566 824 1649 843 veuc-

863 858 969 885 ratione
994 863 1061 891 erat,
1086 866 1184 894 nempe
1208 859 1390 893 circumcisio,
1413 862 1598 896 perﬁceretur.
1623 867 1650 889 rt

862 902 954 929 omnia
981 903 1113 930 sacrillcia
1145 911 1192 938 per
1227 905 1321 932 eadem
1357 912 1546 934 consummata
1571 908 1651 935 abso-

862 948 973 984 lutaque
996 949 1126 976 darentur
1155 950 1347 978 instrumenta.
1383 951 1478 979 Simile
1505 957 1546 980 est
1569 962 1576 980 :
1600 963 1608 979 ι
1624 954 1649 982 ls

861 994 907 1028 qui
931 999 1068 1021 mortuum
1101 995 1237 1030 tetigerit,
1267 996 1424 1025 immundus
1450 999 1519 1031 erit,
1546 1003 1573 1026 et
1598 1007 1649 1034 pu-

861 1039 1010 1066 riﬁcandus
1042 1040 1158 1068 traditur
1188 1042 1346 1076 sacerdoti;
1377 1052 1387 1069 ›
1425 1044 1471 1078 qui
1506 1052 1558 1072 non
1593 1046 1648 1073 alio

860 1085 941 1111 modo
968 1093 1029 1112 eum
1058 1087 1203 1120 purilicare
1229 1089 1327 1122 potuit,
1355 1096 1436 1123 quam
1470 1097 1517 1124 per
1542 1091 1648 1118 sacrili-

860 1129 902 1156 cia
914 1149 921 1161 ,
939 1137 999 1164 quae
1016 1132 1172 1166 per;ipsum
1189 1134 1344 1161 morticinia
1363 1134 1488 1169 inprimis
1513 1136 1597 1168 fiunt,
1611 1137 1648 1165 ita

861 1176 958 1210 tangit,
974 1180 1002 1203 et
1017 1184 1065 1211 per
1076 1177 1236 1211 sanguinem
1252 1179 1386 1206 demortui
1405 1185 1432 1207 et
1445 1181 1564 1208 cinerem
1583 1190 1650 1217 pur-

860 1225 905 1255 gat
919 1229 991 1254 eum,
1009 1222 1056 1256 qui
1071 1225 1228 1257 purgandus
1253 1225 1336 1256 venit,
1355 1233 1408 1252 non
1423 1226 1505 1253 aliam
1530 1227 1566 1254 ob
1582 1235 1649 1255 cau-

860 1272 919 1292 cam
935 1273 1016 1300 quam
1032 1267 1104 1300 quod
1121 1267 1245 1302 tetigerat
1261 1273 1409 1297 mortuum.
1434 1271 1496 1299 Haec
1516 1272 1650 1307 resipiunt

858 1311 1012 1347 aenigmata,
1030 1313 1053 1340 si
1073 1313 1135 1348 quis
1149 1315 1245 1341 litterae
1262 1315 1448 1349 immanserit;
1465 1323 1546 1352 atque
1560 1319 1649 1347 simile

858 1361 901 1385 est
911 1365 958 1392 per
971 1358 1073 1389 omnia.
1088 1360 1160 1394 quod
1175 1360 1353 1388 simulacrum
1368 1362 1547 1396 prohibentur
1561 1362 1649 1392 lsrae-

859 1403 912 1431 litae
925 1403 1015 1432 facere
1031 1414 1037 1432 :
1054 1412 1113 1432 cuin
1135 1410 1226 1433 tamen
1251 1407 1292 1440 is,
1308 1408 1353 1442 qui
1373 1408 1429 1436 haec
1444 1410 1560 1437 sancivit
1579 1410 1648 1445 lege,

858 1457 952 1477 arcam
970 1450 1066 1486 iubeat
1081 1450 1215 1479 fabricare
1241 1453 1392 1480 secundum
1410 1458 1503 1490 typum
1517 1460 1544 1483 et
1556 1455 1650 1483 imita-

859 1496 959 1524 tionem
989 1502 1161 1526 ostensorum
1196 1499 1248 1533 ipsi
1283 1499 1310 1526 in
1338 1505 1451 1532 monte:
1480 1505 1535 1528 tum
1565 1502 1649 1530 etiam

859 1542 968 1569 mandet
983 1543 1115 1578 imagines
1131 1549 1159 1571 et
1173 1544 1365 1579 expressiones
1380 1545 1527 1574 Cheruhim
1540 1548 1650 1576 exscul-

858 1595 937 1623 pere.
964 1593 990 1616 et
1010 1588 1147 1621 formare,
1172 1593 1199 1617 et
1219 1590 1284 1617 velis
1306 1590 1442 1625 praetextis
1466 1596 1608 1627 contegere
1620 1597 1649 1620 et

857 1632 934 1659 radio
948 1632 1129 1666 intertexcre;
1147 1634 1194 1661 sed
1210 1639 1237 1661 et
1251 1635 1385 1662 malorum
1402 1642 1577 1671 granatorum
1593 1637 1649 1664 lor-

857 1686 916 1706 mas
928 1679 1015 1707 sacris
1030 1679 1195 1708 utensilibus
1209 1681 1374 1716 insculpere,
1388 1687 1415 1710 et
1425 1682 1525 1711 similia
1549 1684 1647 1712 multa.

856 1724 922 1752 lllud
937 1732 1001 1752 vero
1018 1733 1071 1753 non
1087 1730 1129 1754 est
1142 1726 1210 1761 quin
1228 1727 1379 1755 admiretur
1390 1728 1424 1760 is,
1442 1729 1487 1764 qui
1500 1730 1542 1757 vel
1562 1730 1647 1758 mira-

855 1771 916 1798 cula
936 1771 971 1798 ab
985 1772 1095 1799 introitu
1126 1773 1264 1806 salutavit,
1284 1782 1334 1801 nec
1348 1775 1469 1802 animum
1489 1775 1598 1804 aﬂixum
1620 1781 1648 1805 et

855 1817 989 1845 intentant
1010 1818 1091 1845 habet
1112 1817 1145 1845 ad
1174 1826 1206 1846 ea
1232 1826 1294 1853 quae
1310 1819 1426 1848 interius
1452 1822 1644 1856 occultantur;

855 1864 927 1899 quod
949 1871 1010 1892 eum
1029 1864 1076 1899 qui
1098 1864 1172 1899 lepra
1200 1866 1345 1900 incipiente
1369 1868 1577 1902 compungitur,
1595 1876 1647 1897 nec

855 1915 939 1937 totam
964 1911 1086 1946 carparis
1107 1912 1278 1947 superficiem
1296 1915 1392 1940 morbo
1405 1913 1533 1942 infectam
1556 1915 1646 1944 adhuc

855 1956 952 1989 habet,
978 1957 1149 1986 immundum
1183 1961 1357 1993 pronuntiat,
1382 1965 1410 1987 et
1437 1961 1645 1994 declinandum,

855 2010 916 2030 cum
939 2003 1034 2036 illum,
1064 2005 1112 2039 qui
1134 2012 1150 2032 a
1177 2007 1266 2040 capite
1292 2006 1326 2034 ad
1352 2007 1452 2034 calcem
1477 2007 1572 2036 odioso
1593 2008 1644 2035 hoc

854 2048 951 2075 morbo
968 2048 1090 2082 laborat,
1113 2055 1196 2085 atque
1213 2055 1255 2078 est
1271 2051 1305 2078 ad
1322 2051 1481 2079 intuendum
1495 2052 1644 2080 detestabi-

853 2094 907 2127 lis,
930 2094 1032 2129 quique
1056 2103 1138 2130 prope
1160 2101 1202 2124 cst
1228 2101 1257 2123 ut
1279 2097 1388 2124 vincula
1412 2103 1517 2125 natura;
1537 2098 1643 2132 solvat,

854 2140 936 2172 hunc,
954 2141 1076 2175 inquam,
1091 2142 1223 2169 mundum
1240 2143 1282 2170 lex
1300 2149 1415 2178 reputet,
1432 2149 1459 2172 et
1475 2145 1586 2180 dignum
1597 2145 1643 2180 ju-

854 2185 926 2213 dicet
941 2194 1086 2222 synagoga.
1111 2187 1139 2215 Si
1163 2189 1253 2216 adhuc
1272 2189 1377 2224 placeat
1395 2191 1494 2218 intueri
1511 2192 1572 2220 illos
1595 2193 1642 2227 qui

854 2232 905 2259 sub
921 2232 977 2267 lege
1001 2233 1145 2268 vivebant,
1172 2235 1273 2270 quibus
1292 2236 1397 2263 licitum
1420 2245 1475 2264 non
1498 2242 1556 2265 crat
1578 2239 1643 2266 alibi

853 2285 935 2312 quam
960 2279 1031 2314 apud
1055 2281 1260 2308 tabernaculum
1285 2283 1461 2310 sacriﬁcare:
1479 2289 1551 2310 certe
1575 2292 1643 2311 san—

852 2324 934 2358 guine
948 2324 974 2351 in
991 2332 1054 2351 eum
1070 2325 1270 2360 vindicabatur,
1286 2328 1332 2361 qui
1353 2332 1538 2361 transgressus
1551 2327 1642 2356 fuerat

853 2369 959 2404 legem;
982 2370 1030 2398 sed
1053 2378 1103 2398 nec
1125 2376 1201 2398 extra
1225 2372 1355 2406 templum
1375 2372 1468 2406 licuit,
1494 2378 1642 2408 postquam
1667 2369 1671 2380 ⁸

852 2423 982 2461 templum
997 2424 1219 2457 construebatur,
1236 2425 1371 2452 sacriﬁcia
1386 2431 1529 2459 peragere.
1545 2425 1640 2452 Admi-
1667 2450 1671 2457 ,

852 2475 946 2502 rabilis
959 2479 1049 2511 tamen
1062 2475 1103 2502 vir
1115 2475 1235 2508 Samuel,
1251 2484 1313 2504 cum
1327 2481 1411 2504 staret
1421 2477 1638 2510 tabernaculum,

852 2521 937 2548 altare
951 2521 1014 2548 alibi
1031 2521 1100 2555 ﬁxit,
1116 2526 1144 2549 et
1165 2522 1238 2557 quod
1253 2523 1281 2550 in
1296 2522 1473 2550 tabernaculo
1494 2523 1554 2556 fuit,
1572 2523 1637 2551 reli-

852 2567 922 2602 quit,
938 2571 965 2595 et
981 2568 1007 2595 iu
1026 2575 1041 2595 ιι
1056 2575 1086 2595 se
1109 2573 1266 2596 constructo
1291 2569 1426 2597 sacriﬁcia
1449 2569 1549 2597 obtulit
1566 2578 1574 2598 :
1589 2571 1640 2599 sed!

851 2619 877 2640 et
887 2618 999 2641 sanctus
1009 2621 1140 2650 sacerque
1152 2615 1193 2642 vir
1208 2611 1298 2642 Helias
1308 2615 1410 2650 templo
1418 2615 1642 2651 splendidissimo

851 2664 1020 2692 constructo,
1039 2661 1067 2687 in
1084 2665 1176 2687 monte
1198 2659 1323 2688 Carmelo
1337 2661 1436 2688 altaria
1451 2662 1538 2689 erexit
1553 2666 1581 2689 et
1592 2668 1636 2690 sa-

649 2759 767 2787 VAllL‘E
789 2757 935 2789 LECTION
941 2761 992 2788 ES.

66 2830 112 2874 ξε.
125 2833 250 2874 l'.
262 2836 339 2874 20}:
364 2843 439 2874 recte
456 2838 537 2874 habet
553 2839 741 2874 καταλήψεως.
783 2846 795 2860 ο
812 2840 840 2867 C.

864 2840 898 2867 M.
922 2841 969 2867 καὶ
1001 2840 1159 2873 ξυλοκοπείν
1185 2848 1234 2867 και
1253 2842 1417 2875 κρεανομεῖν
1442 2841 1488 2867 καὶ
1508 2841 1634 2875 γσφαγιάι

43 2861 92 2893 ζειν.
125 2868 138 2887 ι)
156 2861 185 2897 ti.
203 2861 239 2898 ui
245 2861 250 2863 “
260 2861 349 2900 ιῖἑοδ
364 2861 541 2909 ιῗξέἇιίένὲιῖ.
554 2861 588 2894 "c'
595 2861 988 2911 ὶέἓῗᾘδὶῖὖνμιτὶέῖοῖξ(ἷξῖι.
1001 2861 1243 2911 ὶέϊέἐῶἷόγμᾶἕὶ.
1254 2861 1489 2911 ”ῗῖέἱὲἑ”)ξόἑς.”ὃῖ
1507 2861 1633 2903 ιὶἷέίέἓζ
