  <div class='ocr_page' id='page_1' title='image "/cluster/home/n/w/nwhite01/storage/ocr_20150623/101/njp.32101077772877/417.png"; bbox 0 0 1873 3063; ppageno 0'>
   <div class='ocr_carea' id='block_1_1' title="bbox 219 143 275 176">
    <p class='ocr_par' dir='ltr' id='par_1_1' title="bbox 219 143 275 176">
     <span class='ocr_line' id='line_1_1' title="bbox 219 143 275 176; baseline 0.018 -1"><span class='ocrx_word' id='word_1_1' title='bbox 219 143 275 176; x_wconf 85' lang='grc'><strong>667</strong></span> 
     </span>
    </p>
   </div>
   <div class='ocr_carea' id='block_1_2' title="bbox 803 136 1276 170">
    <p class='ocr_par' dir='ltr' id='par_1_2' title="bbox 803 136 1276 170">
     <span class='ocr_line' id='line_1_2' title="bbox 803 136 1276 170; baseline 0 -1"><span class='ocrx_word' id='word_1_2' title='bbox 803 137 936 170; x_wconf 89' lang='grc' dir='ltr'><strong>ΡΗΟΤῙΙ</strong></span> <span class='ocrx_word' id='word_1_3' title='bbox 953 136 1206 169; x_wconf 70' lang='grc' dir='ltr'><strong>ΡΑΤΒΙΛΗΟΗᾹΞ</strong></span> <span class='ocrx_word' id='word_1_4' title='bbox 1221 138 1276 169; x_wconf 91' lang='lat' dir='ltr'><strong>CP.</strong></span> 
     </span>
    </p>
   </div>
   <div class='ocr_carea' id='block_1_3' title="bbox 1801 137 1846 170">
    <p class='ocr_par' dir='ltr' id='par_1_3' title="bbox 1801 137 1846 170">
     <span class='ocr_line' id='line_1_3' title="bbox 1801 137 1846 170; baseline -0.044 -1"><span class='ocrx_word' id='word_1_5' title='bbox 1801 137 1846 170; x_wconf 75' lang='grc'><strong>668</strong></span> 
     </span>
    </p>
   </div>
   <div class='ocr_carea' id='block_1_4' title="bbox 221 189 1026 230">
    <p class='ocr_par' dir='ltr' id='par_1_4' title="bbox 221 192 1019 226">
     <span class='ocr_line' id='line_1_4' title="bbox 221 192 1019 226; baseline -0.006 -2"><span class='ocrx_word' id='word_1_6' title='bbox 221 197 365 226; x_wconf 83' lang='lat' dir='ltr'><strong>criﬁcavit.</strong></span> <span class='ocrx_word' id='word_1_7' title='bbox 379 197 482 224; x_wconf 81' lang='lat' dir='ltr'><strong>ﬂorum</strong></span> <span class='ocrx_word' id='word_1_8' title='bbox 499 195 603 224; x_wconf 86' lang='lat' dir='ltr'><strong>nemini</strong></span> <span class='ocrx_word' id='word_1_9' title='bbox 614 194 682 223; x_wconf 89' lang='lat' dir='ltr'><strong>vitio</strong></span> <span class='ocrx_word' id='word_1_10' title='bbox 698 194 758 222; x_wconf 60' lang='lat' dir='ltr'><strong>haec</strong></span> <span class='ocrx_word' id='word_1_11' title='bbox 771 195 959 226; x_wconf 83' lang='lat' dir='ltr'><strong>vertebantur,</strong></span> <span class='ocrx_word' id='word_1_12' title='bbox 972 192 1019 220; x_wconf 88' lang='lat' dir='ltr'><strong>sed</strong></span> 
     </span>
    </p>
   </div>
   <div class='ocr_carea' id='block_1_5' title="bbox 1084 189 1847 230">
    <p class='ocr_par' dir='ltr' id='par_1_5' title="bbox 1084 189 1847 230">
     <span class='ocr_line' id='line_1_5' title="bbox 1084 189 1847 230; baseline 0.001 -12"><span class='ocrx_word' id='word_1_13' title='bbox 1084 189 1302 226; x_wconf 71' lang='grc' dir='ltr'>ιοθετοῦντος,εὗ</span> <span class='ocrx_word' id='word_1_14' title='bbox 1315 191 1388 229; x_wconf 84' lang='grc' dir='ltr'>μάλα</span> <span class='ocrx_word' id='word_1_15' title='bbox 1407 201 1437 220; x_wconf 87' lang='grc' dir='ltr'><strong>τε</strong></span> <span class='ocrx_word' id='word_1_16' title='bbox 1451 193 1663 230; x_wconf 82' lang='grc' dir='ltr'>πρθσδεχθῆναι,</span> <span class='ocrx_word' id='word_1_17' title='bbox 1678 193 1724 220; x_wconf 80' lang='grc' dir='ltr'>καὶ</span> <span class='ocrx_word' id='word_1_18' title='bbox 1739 193 1847 229; x_wconf 69' lang='grc' dir='ltr'>οὐρανίῳ</span> 
     </span>
    </p>
   </div>
   <div class='ocr_carea' id='block_1_6' title="bbox 221 239 1017 279">
    <p class='ocr_par' dir='ltr' id='par_1_6' title="bbox 221 239 1017 279">
     <span class='ocr_line' id='line_1_6' title="bbox 221 239 1017 279; baseline -0.009 -7"><span class='ocrx_word' id='word_1_19' title='bbox 221 258 236 276; x_wconf 70' lang='lat' dir='ltr'><strong>a</strong></span> <span class='ocrx_word' id='word_1_20' title='bbox 253 245 318 278; x_wconf 90' lang='lat' dir='ltr'><strong>Deo,</strong></span> <span class='ocrx_word' id='word_1_21' title='bbox 336 244 383 279; x_wconf 87' lang='lat' dir='ltr'><strong>qui</strong></span> <span class='ocrx_word' id='word_1_22' title='bbox 399 251 446 278; x_wconf 85' lang='lat' dir='ltr'><strong>per</strong></span> <span class='ocrx_word' id='word_1_23' title='bbox 460 242 555 270; x_wconf 80' lang='lat' dir='ltr'><strong>Mosen</strong></span> <span class='ocrx_word' id='word_1_24' title='bbox 572 242 610 269; x_wconf 89' lang='lat' dir='ltr'><strong>nil</strong></span> <span class='ocrx_word' id='word_1_25' title='bbox 635 242 689 269; x_wconf 89' lang='lat' dir='ltr'><strong>tale</strong></span> <span class='ocrx_word' id='word_1_26' title='bbox 704 241 858 268; x_wconf 84' lang='lat' dir='ltr'><strong>audendum</strong></span> <span class='ocrx_word' id='word_1_27' title='bbox 870 239 1017 271; x_wconf 81' lang='lat' dir='ltr'><strong>sancierat,</strong></span> 
     </span>
    </p>
   </div>
   <div class='ocr_carea' id='block_1_7' title="bbox 226 285 1020 326">
    <p class='ocr_par' dir='ltr' id='par_1_7' title="bbox 226 285 1020 326">
     <span class='ocr_line' id='line_1_7' title="bbox 226 285 1020 326; baseline -0.008 -8"><span class='ocrx_word' id='word_1_28' title='bbox 226 291 327 326; x_wconf 76' lang='lat' dir='ltr'><strong>accepti</strong></span> <span class='ocrx_word' id='word_1_29' title='bbox 355 290 483 322; x_wconf 91' lang='lat' dir='ltr'><strong>fuerant,</strong></span> <span class='ocrx_word' id='word_1_30' title='bbox 506 296 625 324; x_wconf 90' lang='lat' dir='ltr'><strong>cumque</strong></span> <span class='ocrx_word' id='word_1_31' title='bbox 652 288 804 315; x_wconf 75' lang='lat' dir='ltr'><strong>oblationes</strong></span> <span class='ocrx_word' id='word_1_32' title='bbox 831 287 886 320; x_wconf 78' lang='lat' dir='ltr'><strong>igni</strong></span> <span class='ocrx_word' id='word_1_33' title='bbox 914 285 1020 314; x_wconf 84' lang='lat' dir='ltr'><strong>caelesti</strong></span> 
     </span>
    </p>
   </div>
   <div class='ocr_carea' id='block_1_8' title="bbox 226 330 1021 367">
    <p class='ocr_par' dir='ltr' id='par_1_8' title="bbox 226 330 1021 367">
     <span class='ocr_line' id='line_1_8' title="bbox 226 330 1021 367; baseline -0.009 -4"><span class='ocrx_word' id='word_1_34' title='bbox 226 337 445 367; x_wconf 72' lang='lat' dir='ltr'><strong>absumerentur,</strong></span> <span class='ocrx_word' id='word_1_35' title='bbox 456 334 542 361; x_wconf 91' lang='lat' dir='ltr'><strong>multo</strong></span> <span class='ocrx_word' id='word_1_36' title='bbox 560 337 640 360; x_wconf 89' lang='lat' dir='ltr'><strong>erant</strong></span> <span class='ocrx_word' id='word_1_37' title='bbox 654 332 819 359; x_wconf 87' lang='lat' dir='ltr'><strong>illustriores</strong></span> <span class='ocrx_word' id='word_1_38' title='bbox 836 335 863 358; x_wconf 91' lang='lat' dir='ltr'><strong>et</strong></span> <span class='ocrx_word' id='word_1_39' title='bbox 875 330 1021 366; x_wconf 75' lang='lat' dir='ltr'><strong>gloriosio-</strong></span> 
     </span>
    </p>
   </div>
   <div class='ocr_carea' id='block_1_9' title="bbox 225 376 1021 416">
    <p class='ocr_par' dir='ltr' id='par_1_9' title="bbox 225 376 1021 416">
     <span class='ocr_line' id='line_1_9' title="bbox 225 376 1021 416; baseline -0.006 -8"><span class='ocrx_word' id='word_1_40' title='bbox 225 390 268 409; x_wconf 87' lang='lat' dir='ltr'><strong>res</strong></span> <span class='ocrx_word' id='word_1_41' title='bbox 284 389 367 416; x_wconf 88' lang='lat' dir='ltr'><strong>quam</strong></span> <span class='ocrx_word' id='word_1_42' title='bbox 384 381 422 407; x_wconf 84' lang='lat' dir='ltr'><strong>illi</strong></span> <span class='ocrx_word' id='word_1_43' title='bbox 442 381 469 407; x_wconf 93' lang='lat' dir='ltr'><strong>in</strong></span> <span class='ocrx_word' id='word_1_44' title='bbox 486 380 544 407; x_wconf 85' lang='lat' dir='ltr'><strong>suis</strong></span> <span class='ocrx_word' id='word_1_45' title='bbox 559 379 702 407; x_wconf 85' lang='lat' dir='ltr'><strong>sacriﬁciis</strong></span> <span class='ocrx_word' id='word_1_46' title='bbox 714 399 722 412; x_wconf 86' lang='lat'><strong>,</strong></span> <span class='ocrx_word' id='word_1_47' title='bbox 736 378 784 413; x_wconf 91' lang='lat' dir='ltr'><strong>qui</strong></span> <span class='ocrx_word' id='word_1_48' title='bbox 802 377 870 412; x_wconf 87' lang='lat' dir='ltr'><strong>legis</strong></span> <span class='ocrx_word' id='word_1_49' title='bbox 896 376 1021 412; x_wconf 68' lang='lat' dir='ltr'><strong>praescri-</strong></span> 
     </span>
    </p>
   </div>
   <div class='ocr_carea' id='block_1_10' title="bbox 224 423 1020 463">
    <p class='ocr_par' dir='ltr' id='par_1_10' title="bbox 224 423 1020 463">
     <span class='ocr_line' id='line_1_10' title="bbox 224 423 1020 463; baseline -0.008 -8"><span class='ocrx_word' id='word_1_50' title='bbox 224 433 299 463; x_wconf 89' lang='lat' dir='ltr'><strong>ptum</strong></span> <span class='ocrx_word' id='word_1_51' title='bbox 311 427 500 455; x_wconf 83' lang='lat' dir='ltr'><strong>sacriﬁcantes</strong></span> <span class='ocrx_word' id='word_1_52' title='bbox 512 425 822 461; x_wconf 77' lang='lat' dir='ltr'><strong>scquebantur.Snmuel</strong></span> <span class='ocrx_word' id='word_1_53' title='bbox 836 424 961 455; x_wconf 86' lang='lat' dir='ltr'><strong>ulterius,</strong></span> <span class='ocrx_word' id='word_1_54' title='bbox 973 423 1020 458; x_wconf 89' lang='lat' dir='ltr'><strong>qui</strong></span> 
     </span>
    </p>
   </div>
   <div class='ocr_carea' id='block_1_11' title="bbox 225 469 1021 510">
    <p class='ocr_par' dir='ltr' id='par_1_11' title="bbox 225 469 1021 510">
     <span class='ocr_line' id='line_1_11' title="bbox 225 469 1021 510; baseline -0.008 -8"><span class='ocrx_word' id='word_1_55' title='bbox 225 475 400 510; x_wconf 81' lang='lat' dir='ltr'><strong>pontiﬁcatus</strong></span> <span class='ocrx_word' id='word_1_56' title='bbox 422 473 532 501; x_wconf 86' lang='lat' dir='ltr'><strong>sublimi</strong></span> <span class='ocrx_word' id='word_1_57' title='bbox 553 473 633 500; x_wconf 91' lang='lat' dir='ltr'><strong>titulo</strong></span> <span class='ocrx_word' id='word_1_58' title='bbox 656 476 684 500; x_wconf 90' lang='lat' dir='ltr'><strong>et</strong></span> <span class='ocrx_word' id='word_1_59' title='bbox 699 471 848 507; x_wconf 72' lang='lat' dir='ltr'><strong>prophetia:</strong></span> <span class='ocrx_word' id='word_1_60' title='bbox 877 469 1021 497; x_wconf 88' lang='lat' dir='ltr'><strong>attolleba-</strong></span> 
     </span>
    </p>
   </div>
   <div class='ocr_carea' id='block_1_12' title="bbox 225 516 1021 554">
    <p class='ocr_par' dir='ltr' id='par_1_12' title="bbox 225 516 1021 554">
     <span class='ocr_line' id='line_1_12' title="bbox 225 516 1021 554; baseline -0.008 -6"><span class='ocrx_word' id='word_1_61' title='bbox 225 526 281 552; x_wconf 87' lang='lat' dir='ltr'><strong>tur,</strong></span> <span class='ocrx_word' id='word_1_62' title='bbox 299 520 415 548; x_wconf 81' lang='lat' dir='ltr'><strong>sacratis</strong></span> <span class='ocrx_word' id='word_1_63' title='bbox 431 519 561 546; x_wconf 90' lang='lat' dir='ltr'><strong>manibus</strong></span> <span class='ocrx_word' id='word_1_64' title='bbox 576 519 652 554; x_wconf 77' lang='lat' dir='ltr'><strong>Agag</strong></span> <span class='ocrx_word' id='word_1_65' title='bbox 673 518 829 550; x_wconf 84' lang='lat' dir='ltr'><strong>interemit;</strong></span> <span class='ocrx_word' id='word_1_66' title='bbox 845 521 872 544; x_wconf 91' lang='lat' dir='ltr'><strong>et</strong></span> <span class='ocrx_word' id='word_1_67' title='bbox 886 516 932 543; x_wconf 92' lang='lat' dir='ltr'><strong>illo</strong></span> <span class='ocrx_word' id='word_1_68' title='bbox 947 516 1021 551; x_wconf 89' lang='lat' dir='ltr'><strong>prior</strong></span> 
     </span>
    </p>
   </div>
   <div class='ocr_carea' id='block_1_13' title="bbox 225 562 1021 600">
    <p class='ocr_par' dir='ltr' id='par_1_13' title="bbox 225 562 1021 600">
     <span class='ocr_line' id='line_1_13' title="bbox 225 562 1021 600; baseline -0.005 -8"><span class='ocrx_word' id='word_1_69' title='bbox 225 565 342 593; x_wconf 80' lang='lat' dir='ltr'><strong>Phinees</strong></span> <span class='ocrx_word' id='word_1_70' title='bbox 361 572 410 600; x_wconf 89' lang='lat' dir='ltr'><strong>per</strong></span> <span class='ocrx_word' id='word_1_71' title='bbox 423 564 526 592; x_wconf 86' lang='lat' dir='ltr'><strong>caedem</strong></span> <span class='ocrx_word' id='word_1_72' title='bbox 542 564 681 599; x_wconf 86' lang='lat' dir='ltr'><strong>duplicem</strong></span> <span class='ocrx_word' id='word_1_73' title='bbox 699 563 834 598; x_wconf 73' lang='lat' dir='ltr'><strong>indigena:</strong></span> <span class='ocrx_word' id='word_1_74' title='bbox 850 567 877 590; x_wconf 91' lang='lat' dir='ltr'><strong>et</strong></span> <span class='ocrx_word' id='word_1_75' title='bbox 892 562 1021 596; x_wconf 84' lang='lat' dir='ltr'><strong>alienige-</strong></span> 
     </span>
    </p>
   </div>
   <div class='ocr_carea' id='block_1_14' title="bbox 227 609 1019 643">
    <p class='ocr_par' dir='ltr' id='par_1_14' title="bbox 227 609 1019 643">
     <span class='ocr_line' id='line_1_14' title="bbox 227 609 1019 643; baseline -0.005 -4"><span class='ocrx_word' id='word_1_76' title='bbox 227 620 268 639; x_wconf 75' lang='lat' dir='ltr'><strong>me</strong></span> <span class='ocrx_word' id='word_1_77' title='bbox 296 612 479 640; x_wconf 71' lang='lat' dir='ltr'><strong>sacerdotium</strong></span> <span class='ocrx_word' id='word_1_78' title='bbox 506 616 638 638; x_wconf 76' lang='lat' dir='ltr'><strong>aeternum</strong></span> <span class='ocrx_word' id='word_1_79' title='bbox 661 610 783 638; x_wconf 86' lang='lat' dir='ltr'><strong>muneris</strong></span> <span class='ocrx_word' id='word_1_80' title='bbox 809 610 868 637; x_wconf 92' lang='lat' dir='ltr'><strong>loco</strong></span> <span class='ocrx_word' id='word_1_81' title='bbox 896 609 1019 643; x_wconf 87' lang='lat' dir='ltr'><strong>accepit:</strong></span> 
     </span>
    </p>
   </div>
   <div class='ocr_carea' id='block_1_15' title="bbox 228 654 1022 690">
    <p class='ocr_par' dir='ltr' id='par_1_15' title="bbox 228 654 1022 690">
     <span class='ocr_line' id='line_1_15' title="bbox 228 654 1022 690; baseline -0.006 -5"><span class='ocrx_word' id='word_1_82' title='bbox 228 657 276 685; x_wconf 83' lang='lat' dir='ltr'><strong>sed</strong></span> <span class='ocrx_word' id='word_1_83' title='bbox 297 662 324 684; x_wconf 88' lang='lat' dir='ltr'><strong>et</strong></span> <span class='ocrx_word' id='word_1_84' title='bbox 339 657 460 683; x_wconf 87' lang='lat' dir='ltr'><strong>anterius</strong></span> <span class='ocrx_word' id='word_1_85' title='bbox 482 655 589 688; x_wconf 89' lang='lat' dir='ltr'><strong>adhuc,</strong></span> <span class='ocrx_word' id='word_1_86' title='bbox 616 655 759 690; x_wconf 87' lang='lat' dir='ltr'><strong>splendida</strong></span> <span class='ocrx_word' id='word_1_87' title='bbox 784 654 972 682; x_wconf 80' lang='lat' dir='ltr'><strong>benedictione</strong></span> <span class='ocrx_word' id='word_1_88' title='bbox 995 657 1022 680; x_wconf 88' lang='lat' dir='ltr'><strong>et</strong></span> 
     </span>
    </p>
   </div>
   <div class='ocr_carea' id='block_1_16' title="bbox 227 699 1023 735">
    <p class='ocr_par' dir='ltr' id='par_1_16' title="bbox 227 699 1023 735">
     <span class='ocr_line' id='line_1_16' title="bbox 227 699 1023 735; baseline -0.005 -6"><span class='ocrx_word' id='word_1_89' title='bbox 227 702 332 729; x_wconf 83' lang='lat' dir='ltr'><strong>honore</strong></span> <span class='ocrx_word' id='word_1_90' title='bbox 348 701 445 735; x_wconf 89' lang='lat' dir='ltr'><strong>majori</strong></span> <span class='ocrx_word' id='word_1_91' title='bbox 468 700 542 735; x_wconf 79' lang='lat' dir='ltr'><strong>digiti</strong></span> <span class='ocrx_word' id='word_1_92' title='bbox 560 700 645 727; x_wconf 80' lang='lat' dir='ltr'><strong>habiti</strong></span> <span class='ocrx_word' id='word_1_93' title='bbox 670 703 745 732; x_wconf 80' lang='lat' dir='ltr'><strong>sunt,</strong></span> <span class='ocrx_word' id='word_1_94' title='bbox 766 699 812 733; x_wconf 87' lang='lat' dir='ltr'><strong>qui</strong></span> <span class='ocrx_word' id='word_1_95' title='bbox 829 703 946 734; x_wconf 88' lang='lat' dir='ltr'><strong>cognato</strong></span> <span class='ocrx_word' id='word_1_96' title='bbox 958 705 1023 725; x_wconf 83' lang='lat' dir='ltr'><strong>san-</strong></span> 
     </span>
    </p>
   </div>
   <div class='ocr_carea' id='block_1_17' title="bbox 228 745 1022 784">
    <p class='ocr_par' dir='ltr' id='par_1_17' title="bbox 228 745 1022 784">
     <span class='ocr_line' id='line_1_17' title="bbox 228 745 1022 784; baseline -0.005 -9"><span class='ocrx_word' id='word_1_97' title='bbox 228 749 310 784; x_wconf 81' lang='lat' dir='ltr'><strong>guine</strong></span> <span class='ocrx_word' id='word_1_98' title='bbox 329 745 428 775; x_wconf 82' lang='lat' dir='ltr'><strong>inanus</strong></span> <span class='ocrx_word' id='word_1_99' title='bbox 451 747 650 782; x_wconf 84' lang='lat' dir='ltr'><strong>impleverant;</strong></span> <span class='ocrx_word' id='word_1_100' title='bbox 669 753 732 774; x_wconf 90' lang='lat' dir='ltr'><strong>cum</strong></span> <span class='ocrx_word' id='word_1_101' title='bbox 753 753 837 773; x_wconf 86' lang='lat' dir='ltr'><strong>causa</strong></span> <span class='ocrx_word' id='word_1_102' title='bbox 853 750 926 772; x_wconf 84' lang='lat' dir='ltr'><strong>esset</strong></span> <span class='ocrx_word' id='word_1_103' title='bbox 944 752 1022 772; x_wconf 94' lang='lat' dir='ltr'><strong>com-</strong></span> 
     </span>
    </p>
   </div>
   <div class='ocr_carea' id='block_1_18' title="bbox 228 790 1022 828">
    <p class='ocr_par' dir='ltr' id='par_1_18' title="bbox 228 790 1022 828">
     <span class='ocr_line' id='line_1_18' title="bbox 228 790 1022 828; baseline -0.006 -6"><span class='ocrx_word' id='word_1_104' title='bbox 228 794 321 822; x_wconf 90' lang='lat' dir='ltr'><strong>munis</strong></span> <span class='ocrx_word' id='word_1_105' title='bbox 331 801 426 821; x_wconf 91' lang='lat' dir='ltr'><strong>eorum</strong></span> <span class='ocrx_word' id='word_1_106' title='bbox 443 794 490 828; x_wconf 94' lang='lat' dir='ltr'><strong>qui</strong></span> <span class='ocrx_word' id='word_1_107' title='bbox 506 793 693 828; x_wconf 79' lang='lat' dir='ltr'><strong>patiebantur,</strong></span> <span class='ocrx_word' id='word_1_108' title='bbox 712 796 739 819; x_wconf 89' lang='lat' dir='ltr'><strong>ct</strong></span> <span class='ocrx_word' id='word_1_109' title='bbox 752 792 799 827; x_wconf 91' lang='lat' dir='ltr'><strong>qui</strong></span> <span class='ocrx_word' id='word_1_110' title='bbox 814 791 962 819; x_wconf 80' lang='lat' dir='ltr'><strong>vindictam</strong></span> <span class='ocrx_word' id='word_1_111' title='bbox 978 790 1022 818; x_wconf 93' lang='lat' dir='ltr'><strong>in-</strong></span> 
     </span>
    </p>
   </div>
   <div class='ocr_carea' id='block_1_19' title="bbox 228 837 1023 874">
    <p class='ocr_par' dir='ltr' id='par_1_19' title="bbox 228 837 1023 874">
     <span class='ocr_line' id='line_1_19' title="bbox 228 837 1023 874; baseline -0.005 -6"><span class='ocrx_word' id='word_1_112' title='bbox 228 841 372 868; x_wconf 78' lang='lat' dir='ltr'><strong>ferebant:</strong></span> <span class='ocrx_word' id='word_1_113' title='bbox 398 840 425 866; x_wconf 93' lang='lat' dir='ltr'><strong>hi</strong></span> <span class='ocrx_word' id='word_1_114' title='bbox 440 840 548 874; x_wconf 83' lang='lat' dir='ltr'><strong>quidem</strong></span> <span class='ocrx_word' id='word_1_115' title='bbox 565 839 666 866; x_wconf 84' lang='lat' dir='ltr'><strong>talibus</strong></span> <span class='ocrx_word' id='word_1_116' title='bbox 682 837 953 865; x_wconf 87' lang='lat' dir='ltr'><strong>remunerationibus</strong></span> <span class='ocrx_word' id='word_1_117' title='bbox 974 844 1023 871; x_wconf 90' lang='lat' dir='ltr'><strong>pro</strong></span> 
     </span>
    </p>
   </div>
   <div class='ocr_carea' id='block_1_20' title="bbox 228 873 1060 922">
    <p class='ocr_par' dir='ltr' id='par_1_20' title="bbox 228 873 1060 922">
     <span class='ocr_line' id='line_1_20' title="bbox 228 873 1060 922; baseline -0.005 -8"><span class='ocrx_word' id='word_1_118' title='bbox 228 881 362 922; x_wconf 75' lang='lat' dir='ltr'><strong>sanguine</strong></span> <span class='ocrx_word' id='word_1_119' title='bbox 380 886 443 914; x_wconf 83' lang='lat' dir='ltr'><strong>fuso</strong></span> <span class='ocrx_word' id='word_1_120' title='bbox 457 885 627 913; x_wconf 86' lang='lat' dir='ltr'><strong>colebantur.</strong></span> <span class='ocrx_word' id='word_1_121' title='bbox 647 884 777 912; x_wconf 84' lang='lat' dir='ltr'><strong>Davidem</strong></span> <span class='ocrx_word' id='word_1_122' title='bbox 795 891 885 919; x_wconf 90' lang='lat' dir='ltr'><strong>regem</strong></span> <span class='ocrx_word' id='word_1_123' title='bbox 902 883 1023 911; x_wconf 87' lang='lat' dir='ltr'><strong>necessi-</strong></span> <span class='ocrx_word' id='word_1_124' title='bbox 1039 873 1060 900; x_wconf 73' lang='grc' dir='ltr'><strong><em>Β</em></strong></span> 
     </span>
    </p>
   </div>
   <div class='ocr_carea' id='block_1_21' title="bbox 228 928 1021 966">
    <p class='ocr_par' dir='ltr' id='par_1_21' title="bbox 228 928 1021 966">
     <span class='ocr_line' id='line_1_21' title="bbox 228 928 1021 966; baseline -0.005 -7"><span class='ocrx_word' id='word_1_125' title='bbox 228 937 271 960; x_wconf 86' lang='lat' dir='ltr'><strong>tas</strong></span> <span class='ocrx_word' id='word_1_126' title='bbox 294 931 444 966; x_wconf 87' lang='lat' dir='ltr'><strong>adurgebat</strong></span> <span class='ocrx_word' id='word_1_127' title='bbox 464 930 535 958; x_wconf 89' lang='lat' dir='ltr'><strong>bello</strong></span> <span class='ocrx_word' id='word_1_128' title='bbox 556 929 683 965; x_wconf 87' lang='lat' dir='ltr'><strong>persequi</strong></span> <span class='ocrx_word' id='word_1_129' title='bbox 698 929 812 962; x_wconf 87' lang='lat' dir='ltr'><strong>hostes;</strong></span> <span class='ocrx_word' id='word_1_130' title='bbox 828 928 940 962; x_wconf 89' lang='lat' dir='ltr'><strong>idcirco,</strong></span> <span class='ocrx_word' id='word_1_131' title='bbox 959 935 1021 955; x_wconf 82' lang='lat' dir='ltr'><strong>cum</strong></span> 
     </span>
    </p>
   </div>
   <div class='ocr_carea' id='block_1_22' title="bbox 229 975 1024 1012">
    <p class='ocr_par' dir='ltr' id='par_1_22' title="bbox 229 975 1024 1012">
     <span class='ocr_line' id='line_1_22' title="bbox 229 975 1024 1012; baseline -0.006 -6"><span class='ocrx_word' id='word_1_132' title='bbox 229 979 256 1006; x_wconf 79' lang='lat' dir='ltr'><strong>id</strong></span> <span class='ocrx_word' id='word_1_133' title='bbox 278 979 454 1006; x_wconf 85' lang='lat' dir='ltr'><strong>vehementer</strong></span> <span class='ocrx_word' id='word_1_134' title='bbox 477 981 601 1012; x_wconf 87' lang='lat' dir='ltr'><strong>cuperet,</strong></span> <span class='ocrx_word' id='word_1_135' title='bbox 636 976 770 1011; x_wconf 90' lang='lat' dir='ltr'><strong>templum</strong></span> <span class='ocrx_word' id='word_1_136' title='bbox 798 975 1024 1010; x_wconf 85' lang='lat' dir='ltr'><strong>Hierosolymita-</strong></span> 
     </span>
    </p>
   </div>
   <div class='ocr_carea' id='block_1_23' title="bbox 229 1021 1024 1056">
    <p class='ocr_par' dir='ltr' id='par_1_23' title="bbox 229 1021 1024 1056">
     <span class='ocr_line' id='line_1_23' title="bbox 229 1021 1024 1056; baseline -0.006 -4"><span class='ocrx_word' id='word_1_137' title='bbox 229 1033 295 1052; x_wconf 91' lang='lat' dir='ltr'><strong>num</strong></span> <span class='ocrx_word' id='word_1_138' title='bbox 313 1029 472 1052; x_wconf 88' lang='lat' dir='ltr'><strong>construere</strong></span> <span class='ocrx_word' id='word_1_139' title='bbox 483 1023 635 1050; x_wconf 84' lang='lat' dir='ltr'><strong>vetabatur.</strong></span> <span class='ocrx_word' id='word_1_140' title='bbox 652 1022 719 1050; x_wconf 87' lang='lat' dir='ltr'><strong>Saul</strong></span> <span class='ocrx_word' id='word_1_141' title='bbox 733 1027 760 1050; x_wconf 90' lang='lat' dir='ltr'><strong>et</strong></span> <span class='ocrx_word' id='word_1_142' title='bbox 772 1021 878 1054; x_wconf 79' lang='lat' dir='ltr'><strong>Achab,</strong></span> <span class='ocrx_word' id='word_1_143' title='bbox 890 1021 962 1056; x_wconf 89' lang='lat' dir='ltr'><strong>quod</strong></span> <span class='ocrx_word' id='word_1_144' title='bbox 972 1021 1024 1048; x_wconf 92' lang='lat' dir='ltr'><strong>mi-</strong></span> 
     </span>
    </p>
   </div>
   <div class='ocr_carea' id='block_1_24' title="bbox 230 1067 1022 1103">
    <p class='ocr_par' dir='ltr' id='par_1_24' title="bbox 230 1067 1022 1103">
     <span class='ocr_line' id='line_1_24' title="bbox 230 1067 1022 1103; baseline -0.006 -5"><span class='ocrx_word' id='word_1_145' title='bbox 230 1070 416 1098; x_wconf 85' lang='lat' dir='ltr'><strong>sericordibus</strong></span> <span class='ocrx_word' id='word_1_146' title='bbox 441 1070 531 1097; x_wconf 83' lang='lat' dir='ltr'><strong>oculis</strong></span> <span class='ocrx_word' id='word_1_147' title='bbox 559 1069 736 1096; x_wconf 87' lang='lat' dir='ltr'><strong>intuebantur</strong></span> <span class='ocrx_word' id='word_1_148' title='bbox 771 1068 893 1103; x_wconf 87' lang='lat' dir='ltr'><strong>captivos</strong></span> <span class='ocrx_word' id='word_1_149' title='bbox 915 1067 1022 1099; x_wconf 77' lang='lat' dir='ltr'><strong>hostes,</strong></span> 
     </span>
    </p>
   </div>
   <div class='ocr_carea' id='block_1_25' title="bbox 231 1113 1026 1151">
    <p class='ocr_par' dir='ltr' id='par_1_25' title="bbox 231 1113 1026 1151">
     <span class='ocr_line' id='line_1_25' title="bbox 231 1113 1026 1151; baseline -0.005 -7"><span class='ocrx_word' id='word_1_150' title='bbox 231 1117 380 1145; x_wconf 84' lang='lat' dir='ltr'><strong>amissione</strong></span> <span class='ocrx_word' id='word_1_151' title='bbox 404 1117 480 1151; x_wconf 74' lang='lat' dir='ltr'><strong>regni</strong></span> <span class='ocrx_word' id='word_1_152' title='bbox 505 1116 703 1147; x_wconf 88' lang='lat' dir='ltr'><strong>multabantttr,</strong></span> <span class='ocrx_word' id='word_1_153' title='bbox 727 1119 755 1142; x_wconf 88' lang='lat' dir='ltr'><strong>et</strong></span> <span class='ocrx_word' id='word_1_154' title='bbox 769 1114 859 1150; x_wconf 85' lang='lat' dir='ltr'><strong>gladio</strong></span> <span class='ocrx_word' id='word_1_155' title='bbox 877 1113 965 1149; x_wconf 90' lang='lat' dir='ltr'><strong>perire</strong></span> <span class='ocrx_word' id='word_1_156' title='bbox 977 1113 1026 1140; x_wconf 83' lang='lat' dir='ltr'><strong>de-</strong></span> 
     </span>
    </p>
   </div>
   <div class='ocr_carea' id='block_1_26' title="bbox 232 1159 1026 1197">
    <p class='ocr_par' dir='ltr' id='par_1_26' title="bbox 232 1159 1026 1197">
     <span class='ocr_line' id='line_1_26' title="bbox 232 1159 1026 1197; baseline -0.006 -7"><span class='ocrx_word' id='word_1_157' title='bbox 232 1163 414 1191; x_wconf 87' lang='lat' dir='ltr'><strong>cernebantur</strong></span> <span class='ocrx_word' id='word_1_158' title='bbox 426 1172 433 1190; x_wconf 86' lang='lat'><strong>:</strong></span> <span class='ocrx_word' id='word_1_159' title='bbox 444 1169 507 1189; x_wconf 89' lang='lat' dir='ltr'><strong>cutn</strong></span> <span class='ocrx_word' id='word_1_160' title='bbox 524 1162 619 1194; x_wconf 86' lang='lat' dir='ltr'><strong>David,</strong></span> <span class='ocrx_word' id='word_1_161' title='bbox 633 1162 680 1197; x_wconf 92' lang='lat' dir='ltr'><strong>qui</strong></span> <span class='ocrx_word' id='word_1_162' title='bbox 694 1161 770 1196; x_wconf 83' lang='lat' dir='ltr'><strong>justo</strong></span> <span class='ocrx_word' id='word_1_163' title='bbox 781 1159 886 1195; x_wconf 88' lang='lat' dir='ltr'><strong>judicio</strong></span> <span class='ocrx_word' id='word_1_164' title='bbox 900 1159 1026 1186; x_wconf 74' lang='lat' dir='ltr'><strong>similiter</strong></span> 
     </span>
    </p>
   </div>
   <div class='ocr_carea' id='block_1_27' title="bbox 231 1205 1026 1244">
    <p class='ocr_par' dir='ltr' id='par_1_27' title="bbox 231 1205 1026 1244">
     <span class='ocr_line' id='line_1_27' title="bbox 231 1205 1026 1244; baseline -0.005 -8"><span class='ocrx_word' id='word_1_165' title='bbox 231 1209 419 1244; x_wconf 86' lang='lat' dir='ltr'><strong>delinquentes</strong></span> <span class='ocrx_word' id='word_1_166' title='bbox 441 1213 608 1239; x_wconf 87' lang='lat' dir='ltr'><strong>mactasset.</strong></span> <span class='ocrx_word' id='word_1_167' title='bbox 635 1208 763 1243; x_wconf 87' lang='lat' dir='ltr'><strong>indignus</strong></span> <span class='ocrx_word' id='word_1_168' title='bbox 781 1210 958 1236; x_wconf 85' lang='lat' dir='ltr'><strong>censeretur.</strong></span> <span class='ocrx_word' id='word_1_169' title='bbox 978 1205 1026 1240; x_wconf 92' lang='lat' dir='ltr'><strong>qui</strong></span> 
     </span>
    </p>
   </div>
   <div class='ocr_carea' id='block_1_28' title="bbox 231 1254 1027 1290">
    <p class='ocr_par' dir='ltr' id='par_1_28' title="bbox 231 1254 1027 1290">
     <span class='ocr_line' id='line_1_28' title="bbox 231 1254 1027 1290; baseline -0.004 -8"><span class='ocrx_word' id='word_1_170' title='bbox 231 1259 384 1283; x_wconf 80' lang='lat' dir='ltr'><strong>exstrueret</strong></span> <span class='ocrx_word' id='word_1_171' title='bbox 409 1255 552 1290; x_wconf 91' lang='lat' dir='ltr'><strong>templum.</strong></span> <span class='ocrx_word' id='word_1_172' title='bbox 579 1255 608 1282; x_wconf 86' lang='lat' dir='ltr'><strong>Si</strong></span> <span class='ocrx_word' id='word_1_173' title='bbox 634 1254 753 1282; x_wconf 81' lang='lat' dir='ltr'><strong>volueris</strong></span> <span class='ocrx_word' id='word_1_174' title='bbox 768 1259 871 1287; x_wconf 87' lang='lat' dir='ltr'><strong>autem,</strong></span> <span class='ocrx_word' id='word_1_175' title='bbox 888 1254 989 1288; x_wconf 89' lang='lat' dir='ltr'><strong>poteris</strong></span> <span class='ocrx_word' id='word_1_176' title='bbox 1011 1260 1027 1279; x_wconf 93' lang='lat' dir='ltr'><strong>e</strong></span> 
     </span>
    </p>
   </div>
   <div class='ocr_carea' id='block_1_29' title="bbox 231 1299 1027 1336">
    <p class='ocr_par' dir='ltr' id='par_1_29' title="bbox 231 1299 1027 1336">
     <span class='ocr_line' id='line_1_29' title="bbox 231 1299 1027 1336; baseline -0.003 -8"><span class='ocrx_word' id='word_1_177' title='bbox 231 1305 327 1328; x_wconf 87' lang='lat' dir='ltr'><strong>contra</strong></span> <span class='ocrx_word' id='word_1_178' title='bbox 340 1301 433 1329; x_wconf 91' lang='lat' dir='ltr'><strong>videre</strong></span> <span class='ocrx_word' id='word_1_179' title='bbox 448 1301 561 1336; x_wconf 77' lang='lat' dir='ltr'><strong>dignum</strong></span> <span class='ocrx_word' id='word_1_180' title='bbox 573 1300 729 1336; x_wconf 87' lang='lat' dir='ltr'><strong>judicatum</strong></span> <span class='ocrx_word' id='word_1_181' title='bbox 745 1300 793 1335; x_wconf 86' lang='lat' dir='ltr'><strong>qui</strong></span> <span class='ocrx_word' id='word_1_182' title='bbox 808 1300 895 1327; x_wconf 87' lang='lat' dir='ltr'><strong>altare</strong></span> <span class='ocrx_word' id='word_1_183' title='bbox 909 1299 1027 1335; x_wconf 73' lang='lat' dir='ltr'><strong>erigeret</strong></span> 
     </span>
    </p>
   </div>
   <div class='ocr_carea' id='block_1_30' title="bbox 232 1343 1028 1374">
    <p class='ocr_par' dir='ltr' id='par_1_30' title="bbox 232 1343 1028 1374">
     <span class='ocr_line' id='line_1_30' title="bbox 232 1343 1028 1374; baseline -0.005 0"><span class='ocrx_word' id='word_1_184' title='bbox 232 1347 261 1374; x_wconf 96' lang='lat' dir='ltr'><strong>in</strong></span> <span class='ocrx_word' id='word_1_185' title='bbox 300 1354 363 1373; x_wconf 82' lang='lat' dir='ltr'><strong>area</strong></span> <span class='ocrx_word' id='word_1_186' title='bbox 399 1346 472 1374; x_wconf 88' lang='lat' dir='ltr'><strong>Orna</strong></span> <span class='ocrx_word' id='word_1_187' title='bbox 493 1346 602 1374; x_wconf 85' lang='lat' dir='ltr'><strong>Jebusei</strong></span> <span class='ocrx_word' id='word_1_188' title='bbox 628 1354 634 1372; x_wconf 93' lang='lat'>:</span> <span class='ocrx_word' id='word_1_189' title='bbox 665 1345 713 1372; x_wconf 90' lang='lat' dir='ltr'><strong>ubi</strong></span> <span class='ocrx_word' id='word_1_190' title='bbox 740 1345 904 1372; x_wconf 86' lang='lat' dir='ltr'><strong>sacriﬁcium</strong></span> <span class='ocrx_word' id='word_1_191' title='bbox 930 1343 1028 1371; x_wconf 91' lang='lat' dir='ltr'><strong>obtulit</strong></span> 
     </span>
    </p>
   </div>
   <div class='ocr_carea' id='block_1_31' title="bbox 233 1390 1029 1428">
    <p class='ocr_par' dir='ltr' id='par_1_31' title="bbox 233 1390 1029 1428">
     <span class='ocr_line' id='line_1_31' title="bbox 233 1390 1029 1428; baseline -0.004 -8"><span class='ocrx_word' id='word_1_192' title='bbox 233 1393 406 1428; x_wconf 69' lang='lat' dir='ltr'><strong>praeclarum,</strong></span> <span class='ocrx_word' id='word_1_193' title='bbox 422 1393 485 1428; x_wconf 83' lang='lat' dir='ltr'><strong>igne</strong></span> <span class='ocrx_word' id='word_1_194' title='bbox 506 1392 539 1420; x_wconf 91' lang='lat' dir='ltr'><strong>de</strong></span> <span class='ocrx_word' id='word_1_195' title='bbox 554 1392 626 1419; x_wconf 71' lang='lat' dir='ltr'><strong>coelo</strong></span> <span class='ocrx_word' id='word_1_196' title='bbox 640 1391 706 1418; x_wconf 87' lang='lat' dir='ltr'><strong>illud</strong></span> <span class='ocrx_word' id='word_1_197' title='bbox 735 1391 916 1424; x_wconf 88' lang='lat' dir='ltr'><strong>absumente;</strong></span> <span class='ocrx_word' id='word_1_198' title='bbox 936 1390 973 1417; x_wconf 90' lang='lat' dir='ltr'><strong>ita</strong></span> <span class='ocrx_word' id='word_1_199' title='bbox 998 1394 1029 1418; x_wconf 93' lang='lat' dir='ltr'><strong>ut</strong></span> 
     </span>
    </p>
   </div>
   <div class='ocr_carea' id='block_1_32' title="bbox 233 1436 1026 1473">
    <p class='ocr_par' dir='ltr' id='par_1_32' title="bbox 233 1436 1026 1473">
     <span class='ocr_line' id='line_1_32' title="bbox 233 1436 1026 1473; baseline -0.004 -7"><span class='ocrx_word' id='word_1_200' title='bbox 233 1439 302 1466; x_wconf 88' lang='lat' dir='ltr'><strong>iram</strong></span> <span class='ocrx_word' id='word_1_201' title='bbox 318 1439 528 1471; x_wconf 83' lang='lat' dir='ltr'><strong>irresistibilem,</strong></span> <span class='ocrx_word' id='word_1_202' title='bbox 555 1446 570 1465; x_wconf 92' lang='lat' dir='ltr'><strong>e</strong></span> <span class='ocrx_word' id='word_1_203' title='bbox 587 1440 662 1473; x_wconf 87' lang='lat' dir='ltr'><strong>justo</strong></span> <span class='ocrx_word' id='word_1_204' title='bbox 684 1436 732 1464; x_wconf 92' lang='lat' dir='ltr'><strong>Dei</strong></span> <span class='ocrx_word' id='word_1_205' title='bbox 755 1436 850 1464; x_wconf 86' lang='lat' dir='ltr'><strong>furore</strong></span> <span class='ocrx_word' id='word_1_206' title='bbox 866 1443 1026 1469; x_wconf 87' lang='lat' dir='ltr'><strong>accensam,</strong></span> 
     </span>
    </p>
   </div>
   <div class='ocr_carea' id='block_1_33' title="bbox 233 1482 1028 1520">
    <p class='ocr_par' dir='ltr' id='par_1_33' title="bbox 233 1482 1028 1520">
     <span class='ocr_line' id='line_1_33' title="bbox 233 1482 1028 1520; baseline -0.004 -8"><span class='ocrx_word' id='word_1_207' title='bbox 233 1493 295 1520; x_wconf 76' lang='lat' dir='ltr'><strong>quae</strong></span> <span class='ocrx_word' id='word_1_208' title='bbox 311 1489 398 1512; x_wconf 88' lang='lat' dir='ltr'><strong>totttm</strong></span> <span class='ocrx_word' id='word_1_209' title='bbox 415 1484 539 1513; x_wconf 87' lang='lat' dir='ltr'><strong>lsraelem</strong></span> <span class='ocrx_word' id='word_1_210' title='bbox 557 1483 732 1520; x_wconf 89' lang='lat' dir='ltr'><strong>depascebat,</strong></span> <span class='ocrx_word' id='word_1_211' title='bbox 750 1483 937 1518; x_wconf 75' lang='lat' dir='ltr'><strong>exstingueret</strong></span> <span class='ocrx_word' id='word_1_212' title='bbox 953 1491 960 1509; x_wconf 91' lang='lat'><strong>:</strong></span> <span class='ocrx_word' id='word_1_213' title='bbox 980 1482 1028 1517; x_wconf 88' lang='lat' dir='ltr'><strong>qui</strong></span> 
     </span>
    </p>
   </div>
   <div class='ocr_carea' id='block_1_34' title="bbox 234 1528 1064 1575">
    <p class='ocr_par' dir='ltr' id='par_1_34' title="bbox 234 1528 1064 1575">
     <span class='ocr_line' id='line_1_34' title="bbox 234 1528 1064 1575; baseline -0.002 -18"><span class='ocrx_word' id='word_1_214' title='bbox 234 1531 292 1565; x_wconf 88' lang='lat' dir='ltr'><strong>ipse</strong></span> <span class='ocrx_word' id='word_1_215' title='bbox 309 1535 399 1558; x_wconf 85' lang='lat' dir='ltr'><strong>tamen</strong></span> <span class='ocrx_word' id='word_1_216' title='bbox 417 1529 596 1557; x_wconf 82' lang='lat' dir='ltr'><strong>inexorabilis</strong></span> <span class='ocrx_word' id='word_1_217' title='bbox 613 1537 675 1556; x_wconf 86' lang='lat' dir='ltr'><strong>cum</strong></span> <span class='ocrx_word' id='word_1_218' title='bbox 694 1533 767 1556; x_wconf 83' lang='lat' dir='ltr'><strong>esset</strong></span> <span class='ocrx_word' id='word_1_219' title='bbox 787 1529 813 1556; x_wconf 93' lang='lat' dir='ltr'><strong>in</strong></span> <span class='ocrx_word' id='word_1_220' title='bbox 830 1528 948 1556; x_wconf 91' lang='lat' dir='ltr'><strong>hostium</strong></span> <span class='ocrx_word' id='word_1_221' title='bbox 963 1535 1027 1555; x_wconf 87' lang='lat' dir='ltr'><strong>san-</strong></span> <span class='ocrx_word' id='word_1_222' title='bbox 1042 1545 1064 1575; x_wconf 68' lang='grc' dir='ltr'><strong>ο</strong></span> 
     </span>
    </p>
   </div>
   <div class='ocr_carea' id='block_1_35' title="bbox 235 1571 1026 1608">
    <p class='ocr_par' dir='ltr' id='par_1_35' title="bbox 235 1571 1026 1608">
     <span class='ocr_line' id='line_1_35' title="bbox 235 1571 1026 1608; baseline -0.001 -8"><span class='ocrx_word' id='word_1_223' title='bbox 235 1575 317 1608; x_wconf 70' lang='lat' dir='ltr'><strong>guine</strong></span> <span class='ocrx_word' id='word_1_224' title='bbox 329 1573 478 1607; x_wconf 78' lang='lat' dir='ltr'><strong>fundendo,</strong></span> <span class='ocrx_word' id='word_1_225' title='bbox 495 1573 691 1606; x_wconf 86' lang='lat' dir='ltr'><strong>prohibebatur</strong></span> <span class='ocrx_word' id='word_1_226' title='bbox 707 1572 752 1600; x_wconf 89' lang='lat' dir='ltr'><strong>Dei</strong></span> <span class='ocrx_word' id='word_1_227' title='bbox 773 1572 904 1607; x_wconf 89' lang='lat' dir='ltr'><strong>templum</strong></span> <span class='ocrx_word' id='word_1_228' title='bbox 923 1571 1026 1600; x_wconf 63' lang='lat' dir='ltr'><strong>exadi-</strong></span> 
     </span>
    </p>
   </div>
   <div class='ocr_carea' id='block_1_36' title="bbox 235 1620 326 1646">
    <p class='ocr_par' dir='ltr' id='par_1_36' title="bbox 235 1620 326 1646">
     <span class='ocr_line' id='line_1_36' title="bbox 235 1620 326 1646; baseline 0 0"><span class='ocrx_word' id='word_1_229' title='bbox 235 1620 326 1646; x_wconf 82' lang='lat' dir='ltr'><strong>ticare.</strong></span> 
     </span>
    </p>
   </div>
   <div class='ocr_carea' id='block_1_37' title="bbox 268 1662 1026 1698">
    <p class='ocr_par' dir='ltr' id='par_1_37' title="bbox 268 1662 1026 1698">
     <span class='ocr_line' id='line_1_37' title="bbox 268 1662 1026 1698; baseline -0.001 -7"><span class='ocrx_word' id='word_1_230' title='bbox 268 1664 332 1692; x_wconf 76' lang='lat' dir='ltr'><strong>iltec</strong></span> <span class='ocrx_word' id='word_1_231' title='bbox 348 1669 388 1691; x_wconf 95' lang='lat' dir='ltr'><strong>tot</strong></span> <span class='ocrx_word' id='word_1_232' title='bbox 400 1667 427 1691; x_wconf 92' lang='lat' dir='ltr'><strong>et</strong></span> <span class='ocrx_word' id='word_1_233' title='bbox 443 1663 518 1696; x_wconf 85' lang='lat' dir='ltr'><strong>talia,</strong></span> <span class='ocrx_word' id='word_1_234' title='bbox 536 1663 580 1690; x_wconf 91' lang='lat' dir='ltr'><strong>ubi</strong></span> <span class='ocrx_word' id='word_1_235' title='bbox 608 1663 708 1698; x_wconf 84' lang='lat' dir='ltr'><strong>legitur</strong></span> <span class='ocrx_word' id='word_1_236' title='bbox 727 1663 816 1691; x_wconf 87' lang='lat' dir='ltr'><strong>littera</strong></span> <span class='ocrx_word' id='word_1_237' title='bbox 841 1667 935 1690; x_wconf 88' lang='lat' dir='ltr'><strong>contra</strong></span> <span class='ocrx_word' id='word_1_238' title='bbox 952 1662 1026 1690; x_wconf 83' lang='lat' dir='ltr'><strong>litte-</strong></span> 
     </span>
    </p>
   </div>
   <div class='ocr_carea' id='block_1_38' title="bbox 236 1710 1028 1746">
    <p class='ocr_par' dir='ltr' id='par_1_38' title="bbox 236 1710 1028 1746">
     <span class='ocr_line' id='line_1_38' title="bbox 236 1710 1028 1746; baseline -0.001 -8"><span class='ocrx_word' id='word_1_239' title='bbox 236 1719 305 1744; x_wconf 90' lang='lat' dir='ltr'><strong>ram,</strong></span> <span class='ocrx_word' id='word_1_240' title='bbox 321 1710 461 1746; x_wconf 88' lang='lat' dir='ltr'><strong>quomodo</strong></span> <span class='ocrx_word' id='word_1_241' title='bbox 478 1711 542 1746; x_wconf 88' lang='lat' dir='ltr'><strong>quis</strong></span> <span class='ocrx_word' id='word_1_242' title='bbox 554 1710 587 1738; x_wconf 86' lang='lat' dir='ltr'><strong>ab</strong></span> <span class='ocrx_word' id='word_1_243' title='bbox 603 1710 678 1738; x_wconf 88' lang='lat' dir='ltr'><strong>omni</strong></span> <span class='ocrx_word' id='word_1_244' title='bbox 698 1710 893 1738; x_wconf 85' lang='lat' dir='ltr'><strong>contrarietate</strong></span> <span class='ocrx_word' id='word_1_245' title='bbox 909 1717 1028 1737; x_wconf 60' lang='lat' dir='ltr'><strong>excusa-</strong></span> 
     </span>
    </p>
   </div>
   <div class='ocr_carea' id='block_1_39' title="bbox 235 1756 1027 1791">
    <p class='ocr_par' dir='ltr' id='par_1_39' title="bbox 235 1756 1027 1791">
     <span class='ocr_line' id='line_1_39' title="bbox 235 1756 1027 1791; baseline -0.003 -7"><span class='ocrx_word' id='word_1_246' title='bbox 235 1757 286 1790; x_wconf 88' lang='lat' dir='ltr'><strong>bit,</strong></span> <span class='ocrx_word' id='word_1_247' title='bbox 301 1762 329 1784; x_wconf 92' lang='lat' dir='ltr'><strong>et</strong></span> <span class='ocrx_word' id='word_1_248' title='bbox 345 1757 455 1789; x_wconf 86' lang='lat' dir='ltr'><strong>seriem,</strong></span> <span class='ocrx_word' id='word_1_249' title='bbox 473 1764 534 1791; x_wconf 74' lang='lat' dir='ltr'><strong>quae</strong></span> <span class='ocrx_word' id='word_1_250' title='bbox 551 1764 601 1791; x_wconf 89' lang='lat' dir='ltr'><strong>par</strong></span> <span class='ocrx_word' id='word_1_251' title='bbox 616 1761 658 1784; x_wconf 87' lang='lat' dir='ltr'><strong>est</strong></span> <span class='ocrx_word' id='word_1_252' title='bbox 680 1756 707 1784; x_wconf 95' lang='lat' dir='ltr'><strong>in</strong></span> <span class='ocrx_word' id='word_1_253' title='bbox 722 1756 776 1784; x_wconf 86' lang='lat' dir='ltr'><strong>illis</strong></span> <span class='ocrx_word' id='word_1_254' title='bbox 794 1756 946 1789; x_wconf 84' lang='lat' dir='ltr'><strong>observari,</strong></span> <span class='ocrx_word' id='word_1_255' title='bbox 960 1763 1027 1783; x_wconf 90' lang='lat' dir='ltr'><strong>con-</strong></span> 
     </span>
    </p>
   </div>
   <div class='ocr_carea' id='block_1_40' title="bbox 235 1802 1028 1838">
    <p class='ocr_par' dir='ltr' id='par_1_40' title="bbox 235 1802 1028 1838">
     <span class='ocr_line' id='line_1_40' title="bbox 235 1802 1028 1838; baseline -0.001 -9"><span class='ocrx_word' id='word_1_256' title='bbox 235 1809 330 1838; x_wconf 87' lang='lat' dir='ltr'><strong>gruam</strong></span> <span class='ocrx_word' id='word_1_257' title='bbox 352 1802 560 1834; x_wconf 81' lang='lat' dir='ltr'><strong>demonstrabit,</strong></span> <span class='ocrx_word' id='word_1_258' title='bbox 576 1807 604 1828; x_wconf 88' lang='lat' dir='ltr'><strong>et</strong></span> <span class='ocrx_word' id='word_1_259' title='bbox 625 1809 679 1829; x_wconf 90' lang='lat' dir='ltr'><strong>non</strong></span> <span class='ocrx_word' id='word_1_260' title='bbox 695 1802 785 1836; x_wconf 89' lang='lat' dir='ltr'><strong>potius</strong></span> <span class='ocrx_word' id='word_1_261' title='bbox 804 1802 895 1829; x_wconf 82' lang='lat' dir='ltr'><strong>omnia</strong></span> <span class='ocrx_word' id='word_1_262' title='bbox 908 1802 1028 1828; x_wconf 89' lang='lat' dir='ltr'><strong>tumultu</strong></span> 
     </span>
    </p>
   </div>
   <div class='ocr_carea' id='block_1_41' title="bbox 235 1848 1028 1884">
    <p class='ocr_par' dir='ltr' id='par_1_41' title="bbox 235 1848 1028 1884">
     <span class='ocr_line' id='line_1_41' title="bbox 235 1848 1028 1884; baseline -0.001 -7"><span class='ocrx_word' id='word_1_263' title='bbox 235 1855 263 1877; x_wconf 88' lang='lat' dir='ltr'><strong>ct</strong></span> <span class='ocrx_word' id='word_1_264' title='bbox 274 1849 455 1884; x_wconf 88' lang='lat' dir='ltr'><strong>suspensione</strong></span> <span class='ocrx_word' id='word_1_265' title='bbox 469 1849 554 1876; x_wconf 88' lang='lat' dir='ltr'><strong>animi</strong></span> <span class='ocrx_word' id='word_1_266' title='bbox 571 1849 701 1884; x_wconf 72' lang='lat' dir='ltr'><strong>impleat?</strong></span> <span class='ocrx_word' id='word_1_267' title='bbox 714 1848 861 1881; x_wconf 73' lang='lat' dir='ltr'><strong>Praeterea,</strong></span> <span class='ocrx_word' id='word_1_268' title='bbox 876 1856 938 1884; x_wconf 75' lang='lat' dir='ltr'><strong>qua:</strong></span> <span class='ocrx_word' id='word_1_269' title='bbox 957 1849 1028 1876; x_wconf 85' lang='lat' dir='ltr'><strong>ratio</strong></span> 
     </span>
    </p>
   </div>
   <div class='ocr_carea' id='block_1_42' title="bbox 235 1895 1028 1931">
    <p class='ocr_par' dir='ltr' id='par_1_42' title="bbox 235 1895 1028 1931">
     <span class='ocr_line' id='line_1_42' title="bbox 235 1895 1028 1931; baseline -0.004 -6"><span class='ocrx_word' id='word_1_270' title='bbox 235 1896 313 1925; x_wconf 83' lang='lat' dir='ltr'><strong>reddi</strong></span> <span class='ocrx_word' id='word_1_271' title='bbox 341 1900 442 1931; x_wconf 84' lang='lat' dir='ltr'><strong>potest,</strong></span> <span class='ocrx_word' id='word_1_272' title='bbox 472 1895 557 1923; x_wconf 80' lang='lat' dir='ltr'><strong>Deum</strong></span> <span class='ocrx_word' id='word_1_273' title='bbox 586 1897 694 1931; x_wconf 87' lang='lat' dir='ltr'><strong>nuptias</strong></span> <span class='ocrx_word' id='word_1_274' title='bbox 723 1896 896 1931; x_wconf 79' lang='lat' dir='ltr'><strong>permittere,</strong></span> <span class='ocrx_word' id='word_1_275' title='bbox 922 1900 949 1923; x_wconf 92' lang='lat' dir='ltr'><strong>et</strong></span> <span class='ocrx_word' id='word_1_276' title='bbox 977 1902 1028 1923; x_wconf 84' lang='lat' dir='ltr'><strong>sua</strong></span> 
     </span>
    </p>
   </div>
   <div class='ocr_carea' id='block_1_43' title="bbox 235 1941 1027 1978">
    <p class='ocr_par' dir='ltr' id='par_1_43' title="bbox 235 1941 1027 1978">
     <span class='ocr_line' id='line_1_43' title="bbox 235 1941 1027 1978; baseline -0.003 -8"><span class='ocrx_word' id='word_1_277' title='bbox 235 1943 342 1978; x_wconf 88' lang='lat' dir='ltr'><strong>dignari</strong></span> <span class='ocrx_word' id='word_1_278' title='bbox 355 1942 559 1975; x_wconf 89' lang='lat' dir='ltr'><strong>benedictione;</strong></span> <span class='ocrx_word' id='word_1_279' title='bbox 577 1946 604 1970; x_wconf 88' lang='lat' dir='ltr'><strong>et</strong></span> <span class='ocrx_word' id='word_1_280' title='bbox 619 1947 710 1970; x_wconf 87' lang='lat' dir='ltr'><strong>tamen</strong></span> <span class='ocrx_word' id='word_1_281' title='bbox 731 1942 778 1976; x_wconf 89' lang='lat' dir='ltr'><strong>qui</strong></span> <span class='ocrx_word' id='word_1_282' title='bbox 798 1942 895 1977; x_wconf 86' lang='lat' dir='ltr'><strong>copula</strong></span> <span class='ocrx_word' id='word_1_283' title='bbox 912 1941 1027 1976; x_wconf 90' lang='lat' dir='ltr'><strong>nuptiali</strong></span> 
     </span>
    </p>
   </div>
   <div class='ocr_carea' id='block_1_44' title="bbox 234 1987 1027 2024">
    <p class='ocr_par' dir='ltr' id='par_1_44' title="bbox 234 1987 1027 2024">
     <span class='ocr_line' id='line_1_44' title="bbox 234 1987 1027 2024; baseline -0.001 -8"><span class='ocrx_word' id='word_1_284' title='bbox 234 1990 410 2024; x_wconf 80' lang='lat' dir='ltr'><strong>jungebatur,</strong></span> <span class='ocrx_word' id='word_1_285' title='bbox 424 1988 575 2016; x_wconf 86' lang='lat' dir='ltr'><strong>secundum</strong></span> <span class='ocrx_word' id='word_1_286' title='bbox 597 1987 645 2015; x_wconf 91' lang='lat' dir='ltr'><strong>Dei</strong></span> <span class='ocrx_word' id='word_1_287' title='bbox 658 1993 686 2016; x_wconf 89' lang='lat' dir='ltr'><strong>et</strong></span> <span class='ocrx_word' id='word_1_288' title='bbox 702 1993 808 2016; x_wconf 60' lang='lat' dir='ltr'><strong>natura;</strong></span> <span class='ocrx_word' id='word_1_289' title='bbox 834 1988 923 2024; x_wconf 86' lang='lat' dir='ltr'><strong>ipsius</strong></span> <span class='ocrx_word' id='word_1_290' title='bbox 942 1988 1027 2022; x_wconf 81' lang='lat' dir='ltr'><strong>leges,</strong></span> 
     </span>
    </p>
   </div>
   <div class='ocr_carea' id='block_1_45' title="bbox 236 2033 1028 2069">
    <p class='ocr_par' dir='ltr' id='par_1_45' title="bbox 236 2033 1028 2069">
     <span class='ocr_line' id='line_1_45' title="bbox 236 2033 1028 2069; baseline 0 -8"><span class='ocrx_word' id='word_1_291' title='bbox 236 2039 267 2062; x_wconf 87' lang='lat' dir='ltr'><strong>ut</strong></span> <span class='ocrx_word' id='word_1_292' title='bbox 285 2033 458 2061; x_wconf 87' lang='lat' dir='ltr'><strong>imtuundum</strong></span> <span class='ocrx_word' id='word_1_293' title='bbox 473 2041 487 2061; x_wconf 90' lang='lat' dir='ltr'><strong>a</strong></span> <span class='ocrx_word' id='word_1_294' title='bbox 505 2034 698 2069; x_wconf 88' lang='lat' dir='ltr'><strong>mysteriorum</strong></span> <span class='ocrx_word' id='word_1_295' title='bbox 714 2033 923 2068; x_wconf 85' lang='lat' dir='ltr'><strong>participatione</strong></span> <span class='ocrx_word' id='word_1_296' title='bbox 936 2033 1028 2061; x_wconf 84' lang='lat' dir='ltr'><strong>exclu-</strong></span> 
     </span>
    </p>
   </div>
   <div class='ocr_carea' id='block_1_46' title="bbox 236 2080 1027 2115">
    <p class='ocr_par' dir='ltr' id='par_1_46' title="bbox 236 2080 1027 2115">
     <span class='ocr_line' id='line_1_46' title="bbox 236 2080 1027 2115; baseline -0.001 -7"><span class='ocrx_word' id='word_1_297' title='bbox 236 2083 324 2112; x_wconf 86' lang='lat' dir='ltr'><strong>deret,</strong></span> <span class='ocrx_word' id='word_1_298' title='bbox 335 2088 385 2108; x_wconf 88' lang='lat' dir='ltr'><strong>nec</strong></span> <span class='ocrx_word' id='word_1_299' title='bbox 397 2080 430 2107; x_wconf 85' lang='lat' dir='ltr'><strong>ad</strong></span> <span class='ocrx_word' id='word_1_300' title='bbox 443 2087 520 2107; x_wconf 79' lang='lat' dir='ltr'><strong>sacra</strong></span> <span class='ocrx_word' id='word_1_301' title='bbox 535 2080 690 2107; x_wconf 86' lang='lat' dir='ltr'><strong>admitteret</strong></span> <span class='ocrx_word' id='word_1_302' title='bbox 704 2080 758 2107; x_wconf 84' lang='lat' dir='ltr'><strong>nisi</strong></span> <span class='ocrx_word' id='word_1_303' title='bbox 775 2080 852 2115; x_wconf 90' lang='lat' dir='ltr'><strong>prius</strong></span> <span class='ocrx_word' id='word_1_304' title='bbox 864 2080 1027 2115; x_wconf 70' lang='lat' dir='ltr'><strong>purgatum?</strong></span> 
     </span>
    </p>
   </div>
   <div class='ocr_carea' id='block_1_47' title="bbox 236 2126 1027 2162">
    <p class='ocr_par' dir='ltr' id='par_1_47' title="bbox 236 2126 1027 2162">
     <span class='ocr_line' id='line_1_47' title="bbox 236 2126 1027 2162; baseline 0 -8"><span class='ocrx_word' id='word_1_305' title='bbox 236 2127 276 2154; x_wconf 85' lang='lat' dir='ltr'><strong>ita</strong></span> <span class='ocrx_word' id='word_1_306' title='bbox 293 2134 403 2162; x_wconf 93' lang='lat' dir='ltr'><strong>quoque</strong></span> <span class='ocrx_word' id='word_1_307' title='bbox 426 2134 474 2154; x_wconf 87' lang='lat' dir='ltr'><strong>vas</strong></span> <span class='ocrx_word' id='word_1_308' title='bbox 493 2130 657 2158; x_wconf 85' lang='lat' dir='ltr'><strong>testaceum,</strong></span> <span class='ocrx_word' id='word_1_309' title='bbox 681 2126 709 2153; x_wconf 94' lang='lat' dir='ltr'><strong>in</strong></span> <span class='ocrx_word' id='word_1_310' title='bbox 728 2133 783 2162; x_wconf 92' lang='lat' dir='ltr'><strong>quo</strong></span> <span class='ocrx_word' id='word_1_311' title='bbox 808 2126 938 2162; x_wconf 88' lang='lat' dir='ltr'><strong>pollutum</strong></span> <span class='ocrx_word' id='word_1_312' title='bbox 962 2127 1027 2162; x_wconf 85' lang='lat' dir='ltr'><strong>quid</strong></span> 
     </span>
    </p>
   </div>
   <div class='ocr_carea' id='block_1_48' title="bbox 237 2171 1029 2207">
    <p class='ocr_par' dir='ltr' id='par_1_48' title="bbox 237 2171 1029 2207">
     <span class='ocr_line' id='line_1_48' title="bbox 237 2171 1029 2207; baseline -0.001 -6"><span class='ocrx_word' id='word_1_313' title='bbox 237 2174 440 2205; x_wconf 80' lang='lat' dir='ltr'><strong>continebatur,</strong></span> <span class='ocrx_word' id='word_1_314' title='bbox 467 2171 602 2207; x_wconf 82' lang='lat' dir='ltr'><strong>confringi</strong></span> <span class='ocrx_word' id='word_1_315' title='bbox 623 2172 744 2207; x_wconf 75' lang='lat' dir='ltr'><strong>iubebat,</strong></span> <span class='ocrx_word' id='word_1_316' title='bbox 772 2180 805 2199; x_wconf 92' lang='lat' dir='ltr'><strong>ac</strong></span> <span class='ocrx_word' id='word_1_317' title='bbox 819 2173 841 2200; x_wconf 89' lang='lat' dir='ltr'><strong>si</strong></span> <span class='ocrx_word' id='word_1_318' title='bbox 867 2180 921 2200; x_wconf 92' lang='lat' dir='ltr'><strong>non</strong></span> <span class='ocrx_word' id='word_1_319' title='bbox 936 2177 1029 2207; x_wconf 82' lang='lat' dir='ltr'><strong>posset</strong></span> 
     </span>
    </p>
   </div>
   <div class='ocr_carea' id='block_1_49' title="bbox 237 2218 1029 2254">
    <p class='ocr_par' dir='ltr' id='par_1_49' title="bbox 237 2218 1029 2254">
     <span class='ocr_line' id='line_1_49' title="bbox 237 2218 1029 2254; baseline 0 -8"><span class='ocrx_word' id='word_1_320' title='bbox 237 2219 341 2254; x_wconf 89' lang='lat' dir='ltr'><strong>alioqui</strong></span> <span class='ocrx_word' id='word_1_321' title='bbox 371 2219 504 2254; x_wconf 92' lang='lat' dir='ltr'><strong>pollutum</strong></span> <span class='ocrx_word' id='word_1_322' title='bbox 538 2218 667 2252; x_wconf 79' lang='lat' dir='ltr'><strong>expiari:</strong></span> <span class='ocrx_word' id='word_1_323' title='bbox 688 2218 729 2245; x_wconf 87' lang='lat' dir='ltr'><strong>sin</strong></span> <span class='ocrx_word' id='word_1_324' title='bbox 759 2226 864 2245; x_wconf 71' lang='lat' dir='ltr'><strong>aeneum</strong></span> <span class='ocrx_word' id='word_1_325' title='bbox 891 2227 957 2251; x_wconf 81' lang='lat' dir='ltr'><strong>vas,</strong></span> <span class='ocrx_word' id='word_1_326' title='bbox 986 2219 1029 2246; x_wconf 86' lang='lat' dir='ltr'><strong>vel</strong></span> 
     </span>
    </p>
   </div>
   <div class='ocr_carea' id='block_1_50' title="bbox 1070 238 1848 275">
    <p class='ocr_par' dir='ltr' id='par_1_50' title="bbox 1070 238 1848 275">
     <span class='ocr_line' id='line_1_50' title="bbox 1070 238 1848 275; baseline 0.001 -10"><span class='ocrx_word' id='word_1_327' title='bbox 1070 239 1137 274; x_wconf 78' lang='grc' dir='ltr'>πυρὶ</span> <span class='ocrx_word' id='word_1_328' title='bbox 1153 238 1203 274; x_wconf 81' lang='grc' dir='ltr'><strong>τὴν</strong></span> <span class='ocrx_word' id='word_1_329' title='bbox 1216 238 1271 265; x_wconf 88' lang='grc' dir='ltr'><strong>τῶν</strong></span> <span class='ocrx_word' id='word_1_330' title='bbox 1288 239 1418 273; x_wconf 85' lang='grc' dir='ltr'><strong>θυμάτων</strong></span> <span class='ocrx_word' id='word_1_331' title='bbox 1433 239 1617 267; x_wconf 73' lang='grc' dir='ltr'><strong>ὁλοκαύτωσιν</strong></span> <span class='ocrx_word' id='word_1_332' title='bbox 1627 240 1848 275; x_wconf 78' lang='grc' dir='ltr'>περιφανεστέραν</span> 
     </span>
    </p>
   </div>
   <div class='ocr_carea' id='block_1_51' title="bbox 1069 285 1848 322">
    <p class='ocr_par' dir='ltr' id='par_1_51' title="bbox 1069 285 1848 322">
     <span class='ocr_line' id='line_1_51' title="bbox 1069 285 1848 322; baseline 0.003 -11"><span class='ocrx_word' id='word_1_333' title='bbox 1069 293 1099 311; x_wconf 87' lang='grc' dir='ltr'><strong>τε</strong></span> <span class='ocrx_word' id='word_1_334' title='bbox 1125 285 1174 312; x_wconf 78' lang='grc' dir='ltr'>καὶ</span> <span class='ocrx_word' id='word_1_335' title='bbox 1200 285 1431 322; x_wconf 80' lang='grc' dir='ltr'>παραδοξοτέραν,</span> <span class='ocrx_word' id='word_1_336' title='bbox 1446 287 1462 321; x_wconf 80' lang='grc' dir='ltr'><strong>ἢ</strong></span> <span class='ocrx_word' id='word_1_337' title='bbox 1494 288 1641 322; x_wconf 80' lang='grc' dir='ltr'><strong>συμπάσας</strong></span> <span class='ocrx_word' id='word_1_338' title='bbox 1656 287 1706 318; x_wconf 81' lang='grc' dir='ltr'><strong>τὰς</strong></span> <span class='ocrx_word' id='word_1_339' title='bbox 1719 286 1809 318; x_wconf 75' lang='grc' dir='ltr'>ἄλλας,</span> <span class='ocrx_word' id='word_1_340' title='bbox 1825 287 1848 313; x_wconf 85' lang='grc' dir='ltr'><strong>αἴ</strong></span> 
     </span>
    </p>
   </div>
   <div class='ocr_carea' id='block_1_52' title="bbox 1069 331 1848 368">
    <p class='ocr_par' dir='ltr' id='par_1_52' title="bbox 1069 331 1848 368">
     <span class='ocr_line' id='line_1_52' title="bbox 1069 331 1848 368; baseline 0.003 -11"><span class='ocrx_word' id='word_1_341' title='bbox 1069 331 1116 358; x_wconf 78' lang='grc' dir='ltr'>τὸν</span> <span class='ocrx_word' id='word_1_342' title='bbox 1138 331 1221 366; x_wconf 88' lang='grc' dir='ltr'>νόμον</span> <span class='ocrx_word' id='word_1_343' title='bbox 1239 331 1311 367; x_wconf 79' lang='grc' dir='ltr'>εἶχον</span> <span class='ocrx_word' id='word_1_344' title='bbox 1327 332 1377 367; x_wconf 86' lang='grc' dir='ltr'><strong>τῆς</strong></span> <span class='ocrx_word' id='word_1_345' title='bbox 1400 332 1513 367; x_wconf 84' lang='grc' dir='ltr'>τελετῆς</span> <span class='ocrx_word' id='word_1_346' title='bbox 1534 332 1624 359; x_wconf 79' lang='grc' dir='ltr'>αὐτῶν</span> <span class='ocrx_word' id='word_1_347' title='bbox 1643 332 1848 368; x_wconf 77' lang='grc' dir='ltr'><strong>καθηγούμενον,</strong></span> 
     </span>
    </p>
   </div>
   <div class='ocr_carea' id='block_1_53' title="bbox 1070 376 1849 415">
    <p class='ocr_par' dir='ltr' id='par_1_53' title="bbox 1070 376 1849 415">
     <span class='ocr_line' id='line_1_53' title="bbox 1070 376 1849 415; baseline 0.003 -11"><span class='ocrx_word' id='word_1_348' title='bbox 1070 377 1273 413; x_wconf 83' lang='grc' dir='ltr'>ἀποφανθῆναι.</span> <span class='ocrx_word' id='word_1_349' title='bbox 1285 376 1351 405; x_wconf 83' lang='grc' dir='ltr'>Εῐτα</span> <span class='ocrx_word' id='word_1_350' title='bbox 1365 379 1411 405; x_wconf 73' lang='grc' dir='ltr'><strong>τῦν</strong></span> <span class='ocrx_word' id='word_1_351' title='bbox 1422 380 1550 414; x_wconf 79' lang='grc' dir='ltr'><strong>Σαμουὴλ</strong></span> <span class='ocrx_word' id='word_1_352' title='bbox 1560 379 1641 406; x_wconf 85' lang='grc' dir='ltr'>πάλιν</span> <span class='ocrx_word' id='word_1_353' title='bbox 1656 379 1849 415; x_wconf 74' lang='grc' dir='ltr'><strong>ἀρχιερωσύνης</strong></span> 
     </span>
    </p>
   </div>
   <div class='ocr_carea' id='block_1_54' title="bbox 1071 423 1850 461">
    <p class='ocr_par' dir='ltr' id='par_1_54' title="bbox 1071 423 1850 461">
     <span class='ocr_line' id='line_1_54' title="bbox 1071 423 1850 461; baseline 0.003 -12"><span class='ocrx_word' id='word_1_354' title='bbox 1071 423 1134 457; x_wconf 67' lang='grc' dir='ltr'>ὕψει</span> <span class='ocrx_word' id='word_1_355' title='bbox 1146 424 1194 451; x_wconf 74' lang='grc' dir='ltr'>καὶ</span> <span class='ocrx_word' id='word_1_356' title='bbox 1204 425 1373 460; x_wconf 79' lang='grc' dir='ltr'><strong>προφητείας</strong></span> <span class='ocrx_word' id='word_1_357' title='bbox 1392 425 1547 460; x_wconf 80' lang='grc' dir='ltr'><strong>ἀνηγμένον</strong></span> <span class='ocrx_word' id='word_1_358' title='bbox 1558 446 1565 456; x_wconf 85' lang='grc'><strong>,</strong></span> <span class='ocrx_word' id='word_1_359' title='bbox 1597 425 1692 461; x_wconf 81' lang='grc' dir='ltr'>χερσὶν</span> <span class='ocrx_word' id='word_1_360' title='bbox 1711 426 1796 460; x_wconf 80' lang='grc' dir='ltr'>ίεραῖς</span> <span class='ocrx_word' id='word_1_361' title='bbox 1813 427 1850 452; x_wconf 67' lang='grc' dir='ltr'><strong>τὸν</strong></span> 
     </span>
    </p>
   </div>
   <div class='ocr_carea' id='block_1_55' title="bbox 1073 470 1850 507">
    <p class='ocr_par' dir='ltr' id='par_1_55' title="bbox 1073 470 1850 507">
     <span class='ocr_line' id='line_1_55' title="bbox 1073 470 1850 507; baseline 0.003 -11"><span class='ocrx_word' id='word_1_362' title='bbox 1073 471 1162 504; x_wconf 80' lang='grc' dir='ltr'>Ἀγαγ</span> <span class='ocrx_word' id='word_1_363' title='bbox 1175 470 1379 505; x_wconf 60' lang='grc' dir='ltr'>ἀποσφάττειν</span> <span class='ocrx_word' id='word_1_364' title='bbox 1396 471 1443 497; x_wconf 83' lang='grc' dir='ltr'>καὶ</span> <span class='ocrx_word' id='word_1_365' title='bbox 1465 471 1520 507; x_wconf 85' lang='grc' dir='ltr'><strong>πρό</strong></span> <span class='ocrx_word' id='word_1_366' title='bbox 1540 480 1572 505; x_wconf 89' lang='grc' dir='ltr'><strong>γε</strong></span> <span class='ocrx_word' id='word_1_367' title='bbox 1593 471 1676 498; x_wconf 82' lang='grc' dir='ltr'>αὑτοῦ</span> <span class='ocrx_word' id='word_1_368' title='bbox 1699 472 1746 498; x_wconf 67' lang='grc' dir='ltr'>τὸν</span> <span class='ocrx_word' id='word_1_369' title='bbox 1769 472 1850 503; x_wconf 78' lang='grc' dir='ltr'>Φινεὲς</span> 
     </span>
    </p>
   </div>
   <div class='ocr_carea' id='block_1_56' title="bbox 1071 516 1851 552">
    <p class='ocr_par' dir='ltr' id='par_1_56' title="bbox 1071 516 1851 552">
     <span class='ocr_line' id='line_1_56' title="bbox 1071 516 1851 552; baseline 0.003 -10"><span class='ocrx_word' id='word_1_370' title='bbox 1071 516 1169 551; x_wconf 78' lang='grc' dir='ltr'><strong>διπλῆς</strong></span> <span class='ocrx_word' id='word_1_371' title='bbox 1185 516 1305 551; x_wconf 85' lang='grc' dir='ltr'>σφαγῆς,</span> <span class='ocrx_word' id='word_1_372' title='bbox 1325 517 1460 551; x_wconf 75' lang='grc' dir='ltr'><strong>ἐμφυλίου</strong></span> <span class='ocrx_word' id='word_1_373' title='bbox 1477 525 1506 543; x_wconf 85' lang='grc' dir='ltr'><strong>τε</strong></span> <span class='ocrx_word' id='word_1_374' title='bbox 1523 518 1570 544; x_wconf 69' lang='grc' dir='ltr'>καὶ</span> <span class='ocrx_word' id='word_1_375' title='bbox 1581 517 1745 552; x_wconf 71' lang='grc' dir='ltr'>ἀλλοφύλου,</span> <span class='ocrx_word' id='word_1_376' title='bbox 1762 517 1808 552; x_wconf 80' lang='grc' dir='ltr'>τὴν</span> <span class='ocrx_word' id='word_1_377' title='bbox 1819 519 1851 544; x_wconf 70' lang='lat' dir='ltr'><strong>is-</strong></span> 
     </span>
    </p>
   </div>
   <div class='ocr_carea' id='block_1_57' title="bbox 1072 562 1850 599">
    <p class='ocr_par' dir='ltr' id='par_1_57' title="bbox 1072 562 1850 599">
     <span class='ocr_line' id='line_1_57' title="bbox 1072 562 1850 599; baseline 0.003 -11"><span class='ocrx_word' id='word_1_378' title='bbox 1072 562 1198 598; x_wconf 83' lang='grc' dir='ltr'>ρωσύνην</span> <span class='ocrx_word' id='word_1_379' title='bbox 1213 562 1301 598; x_wconf 84' lang='grc' dir='ltr'>δῶρον</span> <span class='ocrx_word' id='word_1_380' title='bbox 1314 563 1425 589; x_wconf 77' lang='grc' dir='ltr'>αἰώνιον</span> <span class='ocrx_word' id='word_1_381' title='bbox 1448 563 1608 598; x_wconf 78' lang='grc' dir='ltr'><strong>ἀποφέρειν.</strong></span> <span class='ocrx_word' id='word_1_382' title='bbox 1629 565 1666 590; x_wconf 73' lang='grc' dir='ltr'><strong>Οὐ</strong></span> <span class='ocrx_word' id='word_1_383' title='bbox 1681 565 1735 599; x_wconf 82' lang='grc' dir='ltr'>μὴν</span> <span class='ocrx_word' id='word_1_384' title='bbox 1748 564 1812 591; x_wconf 73' lang='grc' dir='ltr'>ἀλλὰ</span> <span class='ocrx_word' id='word_1_385' title='bbox 1825 572 1850 597; x_wconf 85' lang='grc' dir='ltr'><strong>γε</strong></span> 
     </span>
    </p>
   </div>
   <div class='ocr_carea' id='block_1_58' title="bbox 1072 608 1851 644">
    <p class='ocr_par' dir='ltr' id='par_1_58' title="bbox 1072 608 1851 644">
     <span class='ocr_line' id='line_1_58' title="bbox 1072 608 1851 644; baseline -0.001 -9"><span class='ocrx_word' id='word_1_386' title='bbox 1072 609 1120 636; x_wconf 77' lang='grc' dir='ltr'><strong>καὶ</strong></span> <span class='ocrx_word' id='word_1_387' title='bbox 1132 608 1251 643; x_wconf 82' lang='grc' dir='ltr'><strong>πρόσθεν</strong></span> <span class='ocrx_word' id='word_1_388' title='bbox 1265 608 1305 635; x_wconf 70' lang='grc' dir='ltr'>ἔτι</span> <span class='ocrx_word' id='word_1_389' title='bbox 1321 608 1453 644; x_wconf 79' lang='grc' dir='ltr'>λαμπρᾶς</span> <span class='ocrx_word' id='word_1_390' title='bbox 1468 609 1596 643; x_wconf 80' lang='grc' dir='ltr'>εὐλογίας</span> <span class='ocrx_word' id='word_1_391' title='bbox 1613 609 1660 635; x_wconf 80' lang='grc' dir='ltr'><strong>καὶ</strong></span> <span class='ocrx_word' id='word_1_392' title='bbox 1673 609 1756 644; x_wconf 82' lang='grc' dir='ltr'>τιμῆς</span> <span class='ocrx_word' id='word_1_393' title='bbox 1772 610 1851 644; x_wconf 79' lang='grc' dir='ltr'>μείζο-</span> 
     </span>
    </p>
   </div>
   <div class='ocr_carea' id='block_1_59' title="bbox 1072 654 1852 690">
    <p class='ocr_par' dir='ltr' id='par_1_59' title="bbox 1072 654 1852 690">
     <span class='ocr_line' id='line_1_59' title="bbox 1072 654 1852 690; baseline -0.003 -8"><span class='ocrx_word' id='word_1_394' title='bbox 1072 664 1118 687; x_wconf 87' lang='grc' dir='ltr'><strong>νος</strong></span> <span class='ocrx_word' id='word_1_395' title='bbox 1148 655 1283 690; x_wconf 78' lang='grc' dir='ltr'><strong>ἠξιῶσθαι</strong></span> <span class='ocrx_word' id='word_1_396' title='bbox 1312 654 1387 687; x_wconf 80' lang='grc' dir='ltr'>τοὺς,</span> <span class='ocrx_word' id='word_1_397' title='bbox 1403 655 1462 683; x_wconf 74' lang='grc' dir='ltr'>ὅσοι</span> <span class='ocrx_word' id='word_1_398' title='bbox 1489 655 1660 688; x_wconf 78' lang='grc' dir='ltr'>συγγενικῶν</span> <span class='ocrx_word' id='word_1_399' title='bbox 1679 655 1802 690; x_wconf 81' lang='grc' dir='ltr'><strong>αἱμάτων</strong></span> <span class='ocrx_word' id='word_1_400' title='bbox 1812 656 1852 686; x_wconf 64' lang='grc' dir='ltr'>τὰς</span> 
     </span>
    </p>
   </div>
   <div class='ocr_carea' id='block_1_60' title="bbox 1072 700 1853 737">
    <p class='ocr_par' dir='ltr' id='par_1_60' title="bbox 1072 700 1853 737">
     <span class='ocr_line' id='line_1_60' title="bbox 1072 700 1853 737; baseline 0 -10"><span class='ocrx_word' id='word_1_401' title='bbox 1072 702 1167 737; x_wconf 79' lang='grc' dir='ltr'>χεῖρας</span> <span class='ocrx_word' id='word_1_402' title='bbox 1178 701 1354 737; x_wconf 66' lang='grc' dir='ltr'>ἐπλήρωσαν,</span> <span class='ocrx_word' id='word_1_403' title='bbox 1371 701 1461 728; x_wconf 87' lang='grc' dir='ltr'>καίτοι</span> <span class='ocrx_word' id='word_1_404' title='bbox 1487 702 1580 736; x_wconf 83' lang='grc' dir='ltr'>κοινῆς</span> <span class='ocrx_word' id='word_1_405' title='bbox 1597 700 1683 736; x_wconf 75' lang='grc' dir='ltr'>οὔσης</span> <span class='ocrx_word' id='word_1_406' title='bbox 1703 701 1755 736; x_wconf 82' lang='grc' dir='ltr'><strong>τῆς</strong></span> <span class='ocrx_word' id='word_1_407' title='bbox 1776 702 1853 732; x_wconf 73' lang='grc' dir='ltr'>αἰτίας</span> 
     </span>
    </p>
   </div>
   <div class='ocr_carea' id='block_1_61' title="bbox 1071 747 1854 783">
    <p class='ocr_par' dir='ltr' id='par_1_61' title="bbox 1071 747 1854 783">
     <span class='ocr_line' id='line_1_61' title="bbox 1071 747 1854 783; baseline 0 -10"><span class='ocrx_word' id='word_1_408' title='bbox 1071 747 1127 774; x_wconf 84' lang='grc' dir='ltr'><strong>τῶν</strong></span> <span class='ocrx_word' id='word_1_409' title='bbox 1150 756 1181 774; x_wconf 85' lang='grc' dir='ltr'><strong>τε</strong></span> <span class='ocrx_word' id='word_1_410' title='bbox 1201 748 1281 783; x_wconf 87' lang='grc' dir='ltr'>δίκην</span> <span class='ocrx_word' id='word_1_411' title='bbox 1306 747 1565 782; x_wconf 73' lang='grc' dir='ltr'>εἰσπραττομένων,</span> <span class='ocrx_word' id='word_1_412' title='bbox 1578 747 1625 774; x_wconf 67' lang='grc' dir='ltr'><strong>καὶ</strong></span> <span class='ocrx_word' id='word_1_413' title='bbox 1649 747 1703 774; x_wconf 88' lang='grc' dir='ltr'><strong>τῶν</strong></span> <span class='ocrx_word' id='word_1_414' title='bbox 1717 747 1854 774; x_wconf 80' lang='grc' dir='ltr'>ἀπαιτούν-</span> 
     </span>
    </p>
   </div>
   <div class='ocr_carea' id='block_1_62' title="bbox 1072 793 1855 828">
    <p class='ocr_par' dir='ltr' id='par_1_62' title="bbox 1072 793 1855 828">
     <span class='ocr_line' id='line_1_62' title="bbox 1072 793 1855 828; baseline -0.001 -8"><span class='ocrx_word' id='word_1_415' title='bbox 1072 802 1128 821; x_wconf 90' lang='grc' dir='ltr'><strong>των</strong></span> <span class='ocrx_word' id='word_1_416' title='bbox 1138 801 1144 808; x_wconf 94' lang='grc'><strong>·</strong></span> <span class='ocrx_word' id='word_1_417' title='bbox 1161 793 1274 825; x_wconf 81' lang='grc' dir='ltr'>τούτους</span> <span class='ocrx_word' id='word_1_418' title='bbox 1287 793 1337 828; x_wconf 77' lang='grc' dir='ltr'>μὲν</span> <span class='ocrx_word' id='word_1_419' title='bbox 1349 793 1482 825; x_wconf 79' lang='grc' dir='ltr'>τοιούτοις</span> <span class='ocrx_word' id='word_1_420' title='bbox 1505 793 1596 825; x_wconf 79' lang='grc' dir='ltr'>ἄθλοις</span> <span class='ocrx_word' id='word_1_421' title='bbox 1609 793 1658 820; x_wconf 73' lang='grc' dir='ltr'>ἐπὶ</span> <span class='ocrx_word' id='word_1_422' title='bbox 1669 795 1702 828; x_wconf 85' lang='grc' dir='ltr'>τῇ</span> <span class='ocrx_word' id='word_1_423' title='bbox 1718 794 1773 820; x_wconf 83' lang='grc' dir='ltr'><strong>τῶν</strong></span> <span class='ocrx_word' id='word_1_424' title='bbox 1781 793 1855 828; x_wconf 76' lang='grc' dir='ltr'>αἱμα-</span> 
     </span>
    </p>
   </div>
   <div class='ocr_carea' id='block_1_63' title="bbox 1073 836 1856 875">
    <p class='ocr_par' dir='ltr' id='par_1_63' title="bbox 1073 836 1856 875">
     <span class='ocr_line' id='line_1_63' title="bbox 1073 836 1856 875; baseline 0.001 -9"><span class='ocrx_word' id='word_1_425' title='bbox 1073 848 1128 866; x_wconf 88' lang='grc' dir='ltr'><strong>των</strong></span> <span class='ocrx_word' id='word_1_426' title='bbox 1140 839 1218 875; x_wconf 86' lang='grc' dir='ltr'>χύσει</span> <span class='ocrx_word' id='word_1_427' title='bbox 1235 839 1392 875; x_wconf 81' lang='grc' dir='ltr'>τιμηθῆναι.</span> <span class='ocrx_word' id='word_1_428' title='bbox 1406 839 1458 866; x_wconf 88' lang='grc' dir='ltr'><strong>Τὸν</strong></span> <span class='ocrx_word' id='word_1_429' title='bbox 1470 839 1499 866; x_wconf 77' lang='grc' dir='ltr'><strong>δέ</strong></span> <span class='ocrx_word' id='word_1_430' title='bbox 1511 848 1543 874; x_wconf 72' lang='grc' dir='ltr'><strong>γε</strong></span> <span class='ocrx_word' id='word_1_431' title='bbox 1559 839 1672 875; x_wconf 82' lang='grc' dir='ltr'>βασιλέα</span> <span class='ocrx_word' id='word_1_432' title='bbox 1689 840 1772 867; x_wconf 71' lang='grc' dir='ltr'><strong>Δαὸὶδ</strong></span> <span class='ocrx_word' id='word_1_433' title='bbox 1784 836 1856 873; x_wconf 69' lang='grc' dir='ltr'>ἀνάῨ-</span> 
     </span>
    </p>
   </div>
   <div class='ocr_carea' id='block_1_64' title="bbox 1076 886 1855 922">
    <p class='ocr_par' dir='ltr' id='par_1_64' title="bbox 1076 886 1855 922">
     <span class='ocr_line' id='line_1_64' title="bbox 1076 886 1855 922; baseline 0 -9"><span class='ocrx_word' id='word_1_434' title='bbox 1076 895 1129 922; x_wconf 76' lang='grc' dir='ltr'><strong>κην</strong></span> <span class='ocrx_word' id='word_1_435' title='bbox 1155 886 1252 921; x_wconf 72' lang='grc' dir='ltr'>ἔχοντα</span> <span class='ocrx_word' id='word_1_436' title='bbox 1277 886 1409 921; x_wconf 83' lang='grc' dir='ltr'>πολέμοις</span> <span class='ocrx_word' id='word_1_437' title='bbox 1445 886 1510 918; x_wconf 81' lang='grc' dir='ltr'>τοὺς</span> <span class='ocrx_word' id='word_1_438' title='bbox 1533 886 1738 922; x_wconf 79' lang='grc' dir='ltr'>ἀνθεστηκότας</span> <span class='ocrx_word' id='word_1_439' title='bbox 1760 886 1855 918; x_wconf 71' lang='grc' dir='ltr'>ἐπεξιέ-</span> 
     </span>
    </p>
   </div>
   <div class='ocr_carea' id='block_1_65' title="bbox 1074 932 1855 968">
    <p class='ocr_par' dir='ltr' id='par_1_65' title="bbox 1074 932 1855 968">
     <span class='ocr_line' id='line_1_65' title="bbox 1074 932 1855 968; baseline -0.001 -9"><span class='ocrx_word' id='word_1_440' title='bbox 1074 941 1130 965; x_wconf 84' lang='grc' dir='ltr'>ναι,</span> <span class='ocrx_word' id='word_1_441' title='bbox 1145 932 1190 959; x_wconf 81' lang='grc' dir='ltr'><strong>διὰ</strong></span> <span class='ocrx_word' id='word_1_442' title='bbox 1205 932 1284 959; x_wconf 81' lang='grc' dir='ltr'>τοῦτο</span> <span class='ocrx_word' id='word_1_443' title='bbox 1299 932 1345 959; x_wconf 80' lang='grc' dir='ltr'><strong>τὸν</strong></span> <span class='ocrx_word' id='word_1_444' title='bbox 1361 932 1390 958; x_wconf 77' lang='grc' dir='ltr'>ὲν</span> <span class='ocrx_word' id='word_1_445' title='bbox 1411 932 1610 968; x_wconf 85' lang='grc' dir='ltr'>Ἰεροσολύμοις</span> <span class='ocrx_word' id='word_1_446' title='bbox 1639 933 1694 959; x_wconf 88' lang='grc' dir='ltr'>νεὼ</span> <span class='ocrx_word' id='word_1_447' title='bbox 1718 933 1855 967; x_wconf 82' lang='grc' dir='ltr'>ἀναστῆσαι</span> 
     </span>
    </p>
   </div>
   <div class='ocr_carea' id='block_1_66' title="bbox 1074 978 1856 1014">
    <p class='ocr_par' dir='ltr' id='par_1_66' title="bbox 1074 978 1856 1014">
     <span class='ocr_line' id='line_1_66' title="bbox 1074 978 1856 1014; baseline -0.001 -9"><span class='ocrx_word' id='word_1_448' title='bbox 1074 978 1312 1014; x_wconf 76' lang='grc' dir='ltr'>προθυμούμενον,</span> <span class='ocrx_word' id='word_1_449' title='bbox 1322 978 1505 1006; x_wconf 76' lang='grc' dir='ltr'>κεκωλῦσθαι.</span> <span class='ocrx_word' id='word_1_450' title='bbox 1521 979 1577 1006; x_wconf 76' lang='grc' dir='ltr'>Καὶ</span> <span class='ocrx_word' id='word_1_451' title='bbox 1591 979 1638 1005; x_wconf 70' lang='grc' dir='ltr'>τὸν</span> <span class='ocrx_word' id='word_1_452' title='bbox 1657 979 1706 1014; x_wconf 71' lang='grc' dir='ltr'>μὲν</span> <span class='ocrx_word' id='word_1_453' title='bbox 1720 979 1804 1006; x_wconf 79' lang='grc' dir='ltr'>Σαοὺλ</span> <span class='ocrx_word' id='word_1_454' title='bbox 1817 979 1856 1005; x_wconf 81' lang='grc' dir='ltr'>καὶ</span> 
     </span>
    </p>
   </div>
   <div class='ocr_carea' id='block_1_67' title="bbox 1074 1024 1856 1061">
    <p class='ocr_par' dir='ltr' id='par_1_67' title="bbox 1074 1024 1856 1061">
     <span class='ocr_line' id='line_1_67' title="bbox 1074 1024 1856 1061; baseline -0.003 -9"><span class='ocrx_word' id='word_1_455' title='bbox 1074 1026 1120 1052; x_wconf 72' lang='grc' dir='ltr'><strong>τὸν</strong></span> <span class='ocrx_word' id='word_1_456' title='bbox 1140 1024 1255 1061; x_wconf 75' lang='grc' dir='ltr'>’Δχαὰ6,</span> <span class='ocrx_word' id='word_1_457' title='bbox 1266 1025 1306 1052; x_wconf 84' lang='grc' dir='ltr'>ὅτι</span> <span class='ocrx_word' id='word_1_458' title='bbox 1322 1024 1526 1061; x_wconf 84' lang='grc' dir='ltr'>φιλανθρώποις</span> <span class='ocrx_word' id='word_1_459' title='bbox 1538 1025 1660 1060; x_wconf 73' lang='grc' dir='ltr'>δμμασιν</span> <span class='ocrx_word' id='word_1_460' title='bbox 1676 1025 1732 1052; x_wconf 81' lang='grc' dir='ltr'><strong>ῐδον</strong></span> <span class='ocrx_word' id='word_1_461' title='bbox 1743 1024 1804 1055; x_wconf 84' lang='grc' dir='ltr'>τοὺς</span> <span class='ocrx_word' id='word_1_462' title='bbox 1817 1024 1856 1050; x_wconf 80' lang='grc' dir='ltr'><strong>ἑα-</strong></span> 
     </span>
    </p>
   </div>
   <div class='ocr_carea' id='block_1_68' title="bbox 1075 1070 1857 1106">
    <p class='ocr_par' dir='ltr' id='par_1_68' title="bbox 1075 1070 1857 1106">
     <span class='ocr_line' id='line_1_68' title="bbox 1075 1070 1857 1106; baseline -0.001 -9"><span class='ocrx_word' id='word_1_463' title='bbox 1075 1071 1188 1102; x_wconf 87' lang='grc' dir='ltr'>λοκότας</span> <span class='ocrx_word' id='word_1_464' title='bbox 1203 1071 1257 1097; x_wconf 92' lang='grc' dir='ltr'><strong>τῶν</strong></span> <span class='ocrx_word' id='word_1_465' title='bbox 1273 1070 1424 1106; x_wconf 88' lang='grc' dir='ltr'>πολεμίων,</span> <span class='ocrx_word' id='word_1_466' title='bbox 1440 1071 1578 1098; x_wconf 81' lang='grc' dir='ltr'>ὲκπτώσει</span> <span class='ocrx_word' id='word_1_467' title='bbox 1604 1080 1634 1097; x_wconf 88' lang='grc' dir='ltr'><strong>τε</strong></span> <span class='ocrx_word' id='word_1_468' title='bbox 1657 1071 1708 1105; x_wconf 81' lang='grc' dir='ltr'><strong>τῆς</strong></span> <span class='ocrx_word' id='word_1_469' title='bbox 1730 1070 1857 1106; x_wconf 77' lang='grc' dir='ltr'>βασιλείας</span> 
     </span>
    </p>
   </div>
   <div class='ocr_carea' id='block_1_69' title="bbox 1077 1117 1857 1154">
    <p class='ocr_par' dir='ltr' id='par_1_69' title="bbox 1077 1117 1857 1154">
     <span class='ocr_line' id='line_1_69' title="bbox 1077 1117 1857 1154; baseline -0.001 -10"><span class='ocrx_word' id='word_1_470' title='bbox 1077 1117 1265 1154; x_wconf 82' lang='grc' dir='ltr'>ζημιωθῆναι,</span> <span class='ocrx_word' id='word_1_471' title='bbox 1282 1117 1388 1144; x_wconf 77' lang='grc' dir='ltr'>καὶτὸν</span> <span class='ocrx_word' id='word_1_472' title='bbox 1401 1117 1446 1144; x_wconf 84' lang='grc' dir='ltr'>διὰ</span> <span class='ocrx_word' id='word_1_473' title='bbox 1460 1118 1598 1153; x_wconf 81' lang='grc' dir='ltr'>μαχαίρας</span> <span class='ocrx_word' id='word_1_474' title='bbox 1615 1118 1733 1145; x_wconf 77' lang='grc' dir='ltr'>θάνατον</span> <span class='ocrx_word' id='word_1_475' title='bbox 1755 1118 1857 1152; x_wconf 75' lang='grc' dir='ltr'>ἀπαιτηο</span> 
     </span>
    </p>
   </div>
   <div class='ocr_carea' id='block_1_70' title="bbox 1077 1164 1857 1200">
    <p class='ocr_par' dir='ltr' id='par_1_70' title="bbox 1077 1164 1857 1200">
     <span class='ocr_line' id='line_1_70' title="bbox 1077 1164 1857 1200; baseline 0 -10"><span class='ocrx_word' id='word_1_476' title='bbox 1077 1164 1171 1198; x_wconf 82' lang='grc' dir='ltr'>θῆναι·</span> <span class='ocrx_word' id='word_1_477' title='bbox 1190 1164 1236 1191; x_wconf 87' lang='grc' dir='ltr'>τὸν</span> <span class='ocrx_word' id='word_1_478' title='bbox 1247 1164 1275 1190; x_wconf 77' lang='grc' dir='ltr'><strong>δὲ</strong></span> <span class='ocrx_word' id='word_1_479' title='bbox 1290 1164 1382 1198; x_wconf 76' lang='grc' dir='ltr'><strong>Δαϐὶδ,</strong></span> <span class='ocrx_word' id='word_1_480' title='bbox 1396 1164 1438 1191; x_wconf 86' lang='grc' dir='ltr'>ὅτι</span> <span class='ocrx_word' id='word_1_481' title='bbox 1458 1164 1618 1200; x_wconf 70' lang='grc' dir='ltr'>δικαιοτέρα</span> <span class='ocrx_word' id='word_1_482' title='bbox 1632 1165 1725 1199; x_wconf 85' lang='grc' dir='ltr'>κρίσει</span> <span class='ocrx_word' id='word_1_483' title='bbox 1743 1165 1803 1196; x_wconf 78' lang='grc' dir='ltr'>τοὺς</span> <span class='ocrx_word' id='word_1_484' title='bbox 1817 1173 1857 1190; x_wconf 81' lang='grc' dir='ltr'>πα-</span> 
     </span>
    </p>
   </div>
   <div class='ocr_carea' id='block_1_71' title="bbox 1078 1209 1857 1246">
    <p class='ocr_par' dir='ltr' id='par_1_71' title="bbox 1078 1209 1857 1246">
     <span class='ocr_line' id='line_1_71' title="bbox 1078 1209 1857 1246; baseline -0.001 -10"><span class='ocrx_word' id='word_1_485' title='bbox 1078 1210 1248 1246; x_wconf 83' lang='grc' dir='ltr'>ραπλησίους</span> <span class='ocrx_word' id='word_1_486' title='bbox 1262 1210 1369 1245; x_wconf 78' lang='grc' dir='ltr'>ὑπῆγεν</span> <span class='ocrx_word' id='word_1_487' title='bbox 1382 1209 1407 1243; x_wconf 77' lang='grc' dir='ltr'>ά,</span> <span class='ocrx_word' id='word_1_488' title='bbox 1423 1210 1534 1242; x_wconf 78' lang='grc' dir='ltr'>ἀνάξιον</span> <span class='ocrx_word' id='word_1_489' title='bbox 1545 1211 1674 1246; x_wconf 83' lang='grc' dir='ltr'>κριθῆναι</span> <span class='ocrx_word' id='word_1_490' title='bbox 1685 1211 1736 1246; x_wconf 85' lang='grc' dir='ltr'><strong>τῆς</strong></span> <span class='ocrx_word' id='word_1_491' title='bbox 1747 1211 1791 1237; x_wconf 77' lang='grc' dir='ltr'>τοῦ</span> <span class='ocrx_word' id='word_1_492' title='bbox 1801 1209 1857 1236; x_wconf 79' lang='grc' dir='ltr'>ναοῦ</span> 
     </span>
    </p>
   </div>
   <div class='ocr_carea' id='block_1_72' title="bbox 1074 1256 1858 1293">
    <p class='ocr_par' dir='ltr' id='par_1_72' title="bbox 1074 1256 1858 1293">
     <span class='ocr_line' id='line_1_72' title="bbox 1074 1256 1858 1293; baseline -0.003 -10"><span class='ocrx_word' id='word_1_493' title='bbox 1074 1256 1264 1293; x_wconf 52' lang='grc' dir='ltr'>[ἀνεγέρσεως.</span> <span class='ocrx_word' id='word_1_494' title='bbox 1277 1256 1310 1284; x_wconf 87' lang='lat' dir='ltr'><strong>El</strong></span> <span class='ocrx_word' id='word_1_495' title='bbox 1323 1256 1414 1292; x_wconf 82' lang='grc' dir='ltr'>βούλει</span> <span class='ocrx_word' id='word_1_496' title='bbox 1428 1257 1456 1283; x_wconf 79' lang='grc' dir='ltr'><strong>δὲ</strong></span> <span class='ocrx_word' id='word_1_497' title='bbox 1471 1257 1518 1283; x_wconf 74' lang='grc' dir='ltr'>καὶ</span> <span class='ocrx_word' id='word_1_498' title='bbox 1532 1257 1607 1289; x_wconf 79' lang='grc' dir='ltr'>ἀξιον</span> <span class='ocrx_word' id='word_1_499' title='bbox 1628 1257 1709 1284; x_wconf 82' lang='grc' dir='ltr'>αὑτὸν</span> <span class='ocrx_word' id='word_1_500' title='bbox 1727 1257 1776 1292; x_wconf 74' lang='grc' dir='ltr'><strong>μὲν</strong></span> <span class='ocrx_word' id='word_1_501' title='bbox 1790 1256 1858 1282; x_wconf 78' lang='grc' dir='ltr'>πάλιν</span> 
     </span>
    </p>
   </div>
   <div class='ocr_carea' id='block_1_73' title="bbox 1076 1302 1859 1338">
    <p class='ocr_par' dir='ltr' id='par_1_73' title="bbox 1076 1302 1859 1338">
     <span class='ocr_line' id='line_1_73' title="bbox 1076 1302 1859 1338; baseline -0.003 -9"><span class='ocrx_word' id='word_1_502' title='bbox 1076 1302 1172 1329; x_wconf 83' lang='grc' dir='ltr'>τοῦτον</span> <span class='ocrx_word' id='word_1_503' title='bbox 1184 1302 1383 1338; x_wconf 70' lang='grc' dir='ltr'>ἐπιδειχθῆναι,</span> <span class='ocrx_word' id='word_1_504' title='bbox 1401 1302 1594 1338; x_wconf 78' lang='grc' dir='ltr'>θυσιαστήριον</span> <span class='ocrx_word' id='word_1_505' title='bbox 1612 1303 1641 1329; x_wconf 80' lang='grc' dir='ltr'><strong>ὲν</strong></span> <span class='ocrx_word' id='word_1_506' title='bbox 1657 1303 1692 1338; x_wconf 74' lang='grc' dir='ltr'><strong>τῇ</strong></span> <span class='ocrx_word' id='word_1_507' title='bbox 1715 1302 1763 1329; x_wconf 83' lang='grc' dir='ltr'>τοῦ</span> <span class='ocrx_word' id='word_1_508' title='bbox 1787 1302 1859 1336; x_wconf 82' lang='grc' dir='ltr'><strong>’ορνᾶ</strong></span> 
     </span>
    </p>
   </div>
   <div class='ocr_carea' id='block_1_74' title="bbox 1078 1347 1858 1384">
    <p class='ocr_par' dir='ltr' id='par_1_74' title="bbox 1078 1347 1858 1384">
     <span class='ocr_line' id='line_1_74' title="bbox 1078 1347 1858 1384; baseline -0.005 -8"><span class='ocrx_word' id='word_1_509' title='bbox 1078 1348 1136 1384; x_wconf 83' lang='grc' dir='ltr'><strong>ᾶλῳ</strong></span> <span class='ocrx_word' id='word_1_510' title='bbox 1155 1349 1307 1383; x_wconf 81' lang='grc' dir='ltr'>ἀναστῆσαι</span> <span class='ocrx_word' id='word_1_511' title='bbox 1319 1348 1367 1375; x_wconf 86' lang='grc' dir='ltr'>καὶ</span> <span class='ocrx_word' id='word_1_512' title='bbox 1392 1347 1473 1375; x_wconf 88' lang='grc' dir='ltr'>θύσαι</span> <span class='ocrx_word' id='word_1_513' title='bbox 1490 1347 1641 1382; x_wconf 79' lang='grc' dir='ltr'>παράδοξον</span> <span class='ocrx_word' id='word_1_514' title='bbox 1661 1348 1771 1380; x_wconf 81' lang='grc' dir='ltr'>θυσίαν,</span> <span class='ocrx_word' id='word_1_515' title='bbox 1786 1347 1858 1381; x_wconf 75' lang='grc' dir='ltr'>ούρα-</span> 
     </span>
    </p>
   </div>
   <div class='ocr_carea' id='block_1_75' title="bbox 1079 1393 1860 1430">
    <p class='ocr_par' dir='ltr' id='par_1_75' title="bbox 1079 1393 1860 1430">
     <span class='ocr_line' id='line_1_75' title="bbox 1079 1393 1860 1430; baseline -0.003 -9"><span class='ocrx_word' id='word_1_516' title='bbox 1079 1394 1136 1421; x_wconf 85' lang='grc' dir='ltr'>νίου</span> <span class='ocrx_word' id='word_1_517' title='bbox 1148 1395 1233 1430; x_wconf 79' lang='grc' dir='ltr'>πυρὸς</span> <span class='ocrx_word' id='word_1_518' title='bbox 1242 1394 1292 1430; x_wconf 86' lang='grc' dir='ltr'>τὴν</span> <span class='ocrx_word' id='word_1_519' title='bbox 1300 1394 1483 1422; x_wconf 79' lang='grc' dir='ltr'>ὁλοκαύτωσιν</span> <span class='ocrx_word' id='word_1_520' title='bbox 1494 1393 1815 1430; x_wconf 75' lang='grc' dir='ltr'>συγκαλλιεροῦντος,καὶ</span> <span class='ocrx_word' id='word_1_521' title='bbox 1821 1393 1860 1419; x_wconf 84' lang='grc' dir='ltr'>θυ-</span> 
     </span>
    </p>
   </div>
   <div class='ocr_carea' id='block_1_76' title="bbox 1081 1438 1860 1476">
    <p class='ocr_par' dir='ltr' id='par_1_76' title="bbox 1081 1438 1860 1476">
     <span class='ocr_line' id='line_1_76' title="bbox 1081 1438 1860 1476; baseline -0.003 -10"><span class='ocrx_word' id='word_1_522' title='bbox 1081 1440 1131 1475; x_wconf 86' lang='grc' dir='ltr'>μδν</span> <span class='ocrx_word' id='word_1_523' title='bbox 1142 1440 1257 1475; x_wconf 77' lang='grc' dir='ltr'>ἄσχετον</span> <span class='ocrx_word' id='word_1_524' title='bbox 1271 1441 1304 1466; x_wconf 84' lang='grc' dir='ltr'>ὲκ</span> <span class='ocrx_word' id='word_1_525' title='bbox 1318 1439 1394 1471; x_wconf 80' lang='grc' dir='ltr'>θείας</span> <span class='ocrx_word' id='word_1_526' title='bbox 1407 1440 1493 1476; x_wconf 84' lang='grc' dir='ltr'>ὀργῆς</span> <span class='ocrx_word' id='word_1_527' title='bbox 1507 1441 1555 1466; x_wconf 73' lang='grc' dir='ltr'><strong>καὶ</strong></span> <span class='ocrx_word' id='word_1_528' title='bbox 1564 1439 1683 1471; x_wconf 81' lang='grc' dir='ltr'>δικαίας,</span> <span class='ocrx_word' id='word_1_529' title='bbox 1699 1439 1808 1466; x_wconf 70' lang='grc' dir='ltr'>ἅπαντα</span> <span class='ocrx_word' id='word_1_530' title='bbox 1821 1438 1860 1464; x_wconf 74' lang='grc' dir='ltr'><strong>τὸν</strong></span> 
     </span>
    </p>
   </div>
   <div class='ocr_carea' id='block_1_77' title="bbox 1086 1482 1860 1520">
    <p class='ocr_par' dir='ltr' id='par_1_77' title="bbox 1086 1482 1860 1520">
     <span class='ocr_line' id='line_1_77' title="bbox 1086 1482 1860 1520; baseline -0.004 -9"><span class='ocrx_word' id='word_1_531' title='bbox 1086 1485 1195 1520; x_wconf 84' lang='grc' dir='ltr'>Ἰσραὴλ</span> <span class='ocrx_word' id='word_1_532' title='bbox 1219 1485 1436 1520; x_wconf 74' lang='grc' dir='ltr'>ἐπινεμόμενον,</span> <span class='ocrx_word' id='word_1_533' title='bbox 1456 1484 1671 1519; x_wconf 77' lang='grc' dir='ltr'>ἐξιλεωσάμενον</span> <span class='ocrx_word' id='word_1_534' title='bbox 1692 1485 1809 1518; x_wconf 66' lang='grc' dir='ltr'>στῆσαι*</span> <span class='ocrx_word' id='word_1_535' title='bbox 1823 1482 1860 1508; x_wconf 77' lang='grc' dir='ltr'><strong>τὸν</strong></span> 
     </span>
    </p>
   </div>
   <div class='ocr_carea' id='block_1_78' title="bbox 1080 1526 1861 1564">
    <p class='ocr_par' dir='ltr' id='par_1_78' title="bbox 1080 1526 1861 1564">
     <span class='ocr_line' id='line_1_78' title="bbox 1080 1526 1861 1564; baseline -0.004 -7"><span class='ocrx_word' id='word_1_536' title='bbox 1080 1531 1162 1558; x_wconf 80' lang='grc' dir='ltr'>αὑτὸν</span> <span class='ocrx_word' id='word_1_537' title='bbox 1177 1531 1207 1557; x_wconf 84' lang='grc' dir='ltr'><strong>δὲ</strong></span> <span class='ocrx_word' id='word_1_538' title='bbox 1229 1530 1326 1558; x_wconf 84' lang='grc' dir='ltr'>τοῦτον</span> <span class='ocrx_word' id='word_1_539' title='bbox 1349 1531 1426 1558; x_wconf 78' lang='grc' dir='ltr'><strong>οὐδὲν</strong></span> <span class='ocrx_word' id='word_1_540' title='bbox 1456 1531 1539 1557; x_wconf 83' lang='grc' dir='ltr'>πλέον</span> <span class='ocrx_word' id='word_1_541' title='bbox 1572 1531 1612 1562; x_wconf 83' lang='grc' dir='ltr'><strong>είς</strong></span> <span class='ocrx_word' id='word_1_542' title='bbox 1637 1526 1708 1564; x_wconf 76' lang='grc' dir='ltr'>αἷμα</span> <span class='ocrx_word' id='word_1_543' title='bbox 1737 1528 1861 1564; x_wconf 81' lang='grc' dir='ltr'>πολεμίων</span> 
     </span>
    </p>
   </div>
   <div class='ocr_carea' id='block_1_79' title="bbox 1080 1573 1861 1611">
    <p class='ocr_par' dir='ltr' id='par_1_79' title="bbox 1080 1573 1861 1611">
     <span class='ocr_line' id='line_1_79' title="bbox 1080 1573 1861 1611; baseline -0.005 -8"><span class='ocrx_word' id='word_1_544' title='bbox 1080 1576 1260 1610; x_wconf 86' lang='grc' dir='ltr'>ἀδυσώπητον</span> <span class='ocrx_word' id='word_1_545' title='bbox 1272 1576 1402 1611; x_wconf 82' lang='grc' dir='ltr'>γεγονότα</span> <span class='ocrx_word' id='word_1_546' title='bbox 1414 1575 1585 1609; x_wconf 80' lang='grc' dir='ltr'>ὲξείργεσθαι</span> <span class='ocrx_word' id='word_1_547' title='bbox 1593 1574 1640 1601; x_wconf 81' lang='grc' dir='ltr'>τοῦ</span> <span class='ocrx_word' id='word_1_548' title='bbox 1657 1573 1721 1601; x_wconf 78' lang='grc' dir='ltr'>ναὺν</span> <span class='ocrx_word' id='word_1_549' title='bbox 1729 1573 1787 1609; x_wconf 80' lang='grc' dir='ltr'>Θεῷ</span> <span class='ocrx_word' id='word_1_550' title='bbox 1797 1574 1861 1600; x_wconf 81' lang='grc' dir='ltr'>ἀνοι-</span> 
     </span>
    </p>
   </div>
   <div class='ocr_carea' id='block_1_80' title="bbox 1080 1623 1245 1658">
    <p class='ocr_par' dir='ltr' id='par_1_80' title="bbox 1080 1623 1245 1658">
     <span class='ocr_line' id='line_1_80' title="bbox 1080 1623 1245 1658; baseline -0.012 -8"><span class='ocrx_word' id='word_1_551' title='bbox 1080 1623 1232 1658; x_wconf 83' lang='grc' dir='ltr'>κοδομῆσαι</span> <span class='ocrx_word' id='word_1_552' title='bbox 1237 1642 1245 1649; x_wconf 95' lang='grc'><strong>.</strong></span> 
     </span>
    </p>
   </div>
   <div class='ocr_carea' id='block_1_81' title="bbox 1079 1666 1862 1705">
    <p class='ocr_par' dir='ltr' id='par_1_81' title="bbox 1079 1666 1862 1705">
     <span class='ocr_line' id='line_1_81' title="bbox 1079 1666 1862 1705; baseline -0.006 -8"><span class='ocrx_word' id='word_1_553' title='bbox 1079 1676 1094 1703; x_wconf 75' lang='grc' dir='ltr'><strong>ίι</strong></span> <span class='ocrx_word' id='word_1_554' title='bbox 1116 1669 1179 1702; x_wconf 84' lang='grc' dir='ltr'>Πῶς</span> <span class='ocrx_word' id='word_1_555' title='bbox 1191 1670 1245 1705; x_wconf 86' lang='grc' dir='ltr'>γὰρ</span> <span class='ocrx_word' id='word_1_556' title='bbox 1255 1668 1345 1697; x_wconf 73' lang='grc' dir='ltr'>ταῦτα</span> <span class='ocrx_word' id='word_1_557' title='bbox 1360 1668 1407 1696; x_wconf 78' lang='grc' dir='ltr'>καὶ</span> <span class='ocrx_word' id='word_1_558' title='bbox 1421 1668 1456 1695; x_wconf 84' lang='grc' dir='ltr'>τὰ</span> <span class='ocrx_word' id='word_1_559' title='bbox 1469 1668 1581 1696; x_wconf 82' lang='grc' dir='ltr'>τοιαῦτα</span> <span class='ocrx_word' id='word_1_560' title='bbox 1594 1668 1611 1703; x_wconf 90' lang='grc' dir='ltr'>ὴ</span> <span class='ocrx_word' id='word_1_561' title='bbox 1633 1666 1682 1693; x_wconf 83' lang='grc' dir='ltr'>τοῦ</span> <span class='ocrx_word' id='word_1_562' title='bbox 1710 1666 1862 1703; x_wconf 75' lang='grc' dir='ltr'>γράμματος</span> 
     </span>
    </p>
   </div>
   <div class='ocr_carea' id='block_1_82' title="bbox 1080 1710 1861 1752">
    <p class='ocr_par' dir='ltr' id='par_1_82' title="bbox 1080 1710 1861 1752">
     <span class='ocr_line' id='line_1_82' title="bbox 1080 1710 1861 1752; baseline -0.008 -8"><span class='ocrx_word' id='word_1_563' title='bbox 1080 1716 1153 1744; x_wconf 79' lang='grc' dir='ltr'>κατὰ</span> <span class='ocrx_word' id='word_1_564' title='bbox 1167 1717 1198 1743; x_wconf 81' lang='grc' dir='ltr'>τὸ</span> <span class='ocrx_word' id='word_1_565' title='bbox 1209 1716 1326 1752; x_wconf 88' lang='grc' dir='ltr'>γράμμα</span> <span class='ocrx_word' id='word_1_566' title='bbox 1340 1717 1505 1750; x_wconf 83' lang='grc' dir='ltr'>ἀνάγνωσις,</span> <span class='ocrx_word' id='word_1_567' title='bbox 1527 1715 1617 1746; x_wconf 77' lang='grc' dir='ltr'>αἰτίας</span> <span class='ocrx_word' id='word_1_568' title='bbox 1630 1722 1661 1740; x_wconf 84' lang='grc' dir='ltr'><strong>τε</strong></span> <span class='ocrx_word' id='word_1_569' title='bbox 1683 1714 1732 1740; x_wconf 68' lang='grc' dir='ltr'>καὶ</span> <span class='ocrx_word' id='word_1_570' title='bbox 1744 1710 1861 1740; x_wconf 70' lang='grc' dir='ltr'>ἐναντιώ-</span> 
     </span>
    </p>
   </div>
   <div class='ocr_carea' id='block_1_83' title="bbox 1082 1758 1861 1798">
    <p class='ocr_par' dir='ltr' id='par_1_83' title="bbox 1082 1758 1861 1798">
     <span class='ocr_line' id='line_1_83' title="bbox 1082 1758 1861 1798; baseline -0.006 -8"><span class='ocrx_word' id='word_1_571' title='bbox 1082 1772 1153 1795; x_wconf 84' lang='grc' dir='ltr'>σεως</span> <span class='ocrx_word' id='word_1_572' title='bbox 1167 1763 1328 1797; x_wconf 79' lang='grc' dir='ltr'>ἀπαλλάξει,</span> <span class='ocrx_word' id='word_1_573' title='bbox 1348 1763 1395 1790; x_wconf 69' lang='grc' dir='ltr'>καὶ</span> <span class='ocrx_word' id='word_1_574' title='bbox 1410 1763 1457 1789; x_wconf 81' lang='grc' dir='ltr'><strong>τὸν</strong></span> <span class='ocrx_word' id='word_1_575' title='bbox 1473 1761 1614 1798; x_wconf 83' lang='grc' dir='ltr'>πρέποντα</span> <span class='ocrx_word' id='word_1_576' title='bbox 1627 1761 1725 1796; x_wconf 75' lang='grc' dir='ltr'>εἱρμὸν</span> <span class='ocrx_word' id='word_1_577' title='bbox 1739 1761 1769 1787; x_wconf 74' lang='grc' dir='ltr'>ὲν</span> <span class='ocrx_word' id='word_1_578' title='bbox 1784 1758 1861 1788; x_wconf 77' lang='grc' dir='ltr'>αὐτοῖς</span> 
     </span>
    </p>
   </div>
   <div class='ocr_carea' id='block_1_84' title="bbox 1081 1804 1861 1846">
    <p class='ocr_par' dir='ltr' id='par_1_84' title="bbox 1081 1804 1861 1846">
     <span class='ocr_line' id='line_1_84' title="bbox 1081 1804 1861 1846; baseline -0.008 -10"><span class='ocrx_word' id='word_1_579' title='bbox 1081 1810 1270 1846; x_wconf 84' lang='grc' dir='ltr'>θεωρούμενον</span> <span class='ocrx_word' id='word_1_580' title='bbox 1287 1809 1427 1842; x_wconf 78' lang='grc' dir='ltr'>ἐπιδείξει,</span> <span class='ocrx_word' id='word_1_581' title='bbox 1442 1808 1511 1835; x_wconf 85' lang='grc' dir='ltr'>ἀλλὰ</span> <span class='ocrx_word' id='word_1_582' title='bbox 1526 1808 1564 1843; x_wconf 82' lang='grc' dir='ltr'>μὴ</span> <span class='ocrx_word' id='word_1_583' title='bbox 1581 1807 1628 1835; x_wconf 74' lang='grc' dir='ltr'>καὶ</span> <span class='ocrx_word' id='word_1_584' title='bbox 1648 1806 1752 1842; x_wconf 86' lang='grc' dir='ltr'>πολλῆς</span> <span class='ocrx_word' id='word_1_585' title='bbox 1769 1804 1861 1841; x_wconf 84' lang='grc' dir='ltr'>ὲμπλή-</span> 
     </span>
    </p>
   </div>
   <div class='ocr_carea' id='block_1_85' title="bbox 1081 1850 1861 1892">
    <p class='ocr_par' dir='ltr' id='par_1_85' title="bbox 1081 1850 1861 1892">
     <span class='ocr_line' id='line_1_85' title="bbox 1081 1850 1861 1892; baseline -0.004 -9"><span class='ocrx_word' id='word_1_586' title='bbox 1081 1866 1124 1884; x_wconf 87' lang='grc' dir='ltr'><strong>σει</strong></span> <span class='ocrx_word' id='word_1_587' title='bbox 1136 1857 1261 1892; x_wconf 82' lang='grc' dir='ltr'>ταραχῆς</span> <span class='ocrx_word' id='word_1_588' title='bbox 1280 1865 1310 1883; x_wconf 85' lang='grc' dir='ltr'><strong>τε</strong></span> <span class='ocrx_word' id='word_1_589' title='bbox 1329 1857 1376 1883; x_wconf 84' lang='grc' dir='ltr'>καὶ</span> <span class='ocrx_word' id='word_1_590' title='bbox 1396 1855 1573 1891; x_wconf 88' lang='grc' dir='ltr'>ἀμηχανίας;</span> <span class='ocrx_word' id='word_1_591' title='bbox 1597 1854 1660 1881; x_wconf 73' lang='grc' dir='ltr'><strong>Ἐπὶ</strong></span> <span class='ocrx_word' id='word_1_592' title='bbox 1683 1853 1801 1884; x_wconf 84' lang='grc' dir='ltr'>τούτοις,</span> <span class='ocrx_word' id='word_1_593' title='bbox 1816 1850 1861 1880; x_wconf 71' lang='grc' dir='ltr'><strong>πῶς</strong></span> 
     </span>
    </p>
   </div>
   <div class='ocr_carea' id='block_1_86' title="bbox 1081 1897 1860 1938">
    <p class='ocr_par' dir='ltr' id='par_1_86' title="bbox 1081 1897 1860 1938">
     <span class='ocr_line' id='line_1_86' title="bbox 1081 1897 1860 1938; baseline -0.008 -8"><span class='ocrx_word' id='word_1_594' title='bbox 1081 1903 1115 1930; x_wconf 77' lang='grc' dir='ltr'><strong>ἂν</strong></span> <span class='ocrx_word' id='word_1_595' title='bbox 1143 1903 1199 1938; x_wconf 71' lang='grc' dir='ltr'>ἔχοι</span> <span class='ocrx_word' id='word_1_596' title='bbox 1225 1903 1314 1937; x_wconf 87' lang='grc' dir='ltr'>λόγον,</span> <span class='ocrx_word' id='word_1_597' title='bbox 1339 1902 1385 1929; x_wconf 86' lang='grc' dir='ltr'>τδν</span> <span class='ocrx_word' id='word_1_598' title='bbox 1406 1902 1455 1938; x_wconf 77' lang='grc' dir='ltr'><strong>μὲν</strong></span> <span class='ocrx_word' id='word_1_599' title='bbox 1469 1902 1558 1936; x_wconf 80' lang='grc' dir='ltr'>γάμον</span> <span class='ocrx_word' id='word_1_600' title='bbox 1572 1900 1640 1928; x_wconf 79' lang='grc' dir='ltr'>Θεὸν</span> <span class='ocrx_word' id='word_1_601' title='bbox 1656 1899 1813 1936; x_wconf 71' lang='grc' dir='ltr'>ἐπιτρέψαι,</span> <span class='ocrx_word' id='word_1_602' title='bbox 1828 1897 1860 1924; x_wconf 82' lang='grc' dir='ltr'><strong>εὑ·</strong></span> 
     </span>
    </p>
   </div>
   <div class='ocr_carea' id='block_1_87' title="bbox 1081 1943 1860 1984">
    <p class='ocr_par' dir='ltr' id='par_1_87' title="bbox 1081 1943 1860 1984">
     <span class='ocr_line' id='line_1_87' title="bbox 1081 1943 1860 1984; baseline -0.006 -9"><span class='ocrx_word' id='word_1_603' title='bbox 1081 1949 1175 1983; x_wconf 83' lang='grc' dir='ltr'>λογίας</span> <span class='ocrx_word' id='word_1_604' title='bbox 1194 1957 1225 1975; x_wconf 84' lang='grc' dir='ltr'><strong>τε</strong></span> <span class='ocrx_word' id='word_1_605' title='bbox 1238 1949 1289 1983; x_wconf 84' lang='grc' dir='ltr'><strong>τῆς</strong></span> <span class='ocrx_word' id='word_1_606' title='bbox 1311 1948 1377 1984; x_wconf 77' lang='grc' dir='ltr'>παρ’</span> <span class='ocrx_word' id='word_1_607' title='bbox 1394 1948 1478 1974; x_wconf 78' lang='grc' dir='ltr'>αὐτοῦ</span> <span class='ocrx_word' id='word_1_608' title='bbox 1505 1946 1638 1980; x_wconf 79' lang='grc' dir='ltr'>ἀξιῶσαι·</span> <span class='ocrx_word' id='word_1_609' title='bbox 1664 1945 1820 1982; x_wconf 80' lang='grc' dir='ltr'>ἀκάθαρτον</span> <span class='ocrx_word' id='word_1_610' title='bbox 1842 1943 1860 1969; x_wconf 63' lang='grc' dir='ltr'>ἃ</span> 
     </span>
    </p>
   </div>
   <div class='ocr_carea' id='block_1_88' title="bbox 1066 1989 1860 2030">
    <p class='ocr_par' dir='ltr' id='par_1_88' title="bbox 1066 1989 1860 2030">
     <span class='ocr_line' id='line_1_88' title="bbox 1066 1989 1860 2030; baseline -0.004 -8"><span class='ocrx_word' id='word_1_611' title='bbox 1066 1995 1129 2028; x_wconf 85' lang='grc' dir='ltr'>,τὸν</span> <span class='ocrx_word' id='word_1_612' title='bbox 1143 1995 1314 2030; x_wconf 84' lang='grc' dir='ltr'>ὡμιληκότα,</span> <span class='ocrx_word' id='word_1_613' title='bbox 1332 1994 1404 2021; x_wconf 85' lang='grc' dir='ltr'><strong>κατά</strong></span> <span class='ocrx_word' id='word_1_614' title='bbox 1419 1995 1483 2025; x_wconf 84' lang='grc' dir='ltr'>τοὺς</span> <span class='ocrx_word' id='word_1_615' title='bbox 1498 1993 1587 2024; x_wconf 82' lang='grc' dir='ltr'>θείους</span> <span class='ocrx_word' id='word_1_616' title='bbox 1612 1993 1744 2027; x_wconf 76' lang='grc' dir='ltr'>θεσμοὺς,</span> <span class='ocrx_word' id='word_1_617' title='bbox 1758 1991 1813 2021; x_wconf 78' lang='grc' dir='ltr'>τοῖς</span> <span class='ocrx_word' id='word_1_618' title='bbox 1825 1989 1860 2022; x_wconf 70' lang='grc' dir='ltr'><strong>τῆἱ</strong></span> 
     </span>
    </p>
   </div>
   <div class='ocr_carea' id='block_1_89' title="bbox 1083 2033 1860 2075">
    <p class='ocr_par' dir='ltr' id='par_1_89' title="bbox 1083 2033 1860 2075">
     <span class='ocr_line' id='line_1_89' title="bbox 1083 2033 1860 2075; baseline -0.005 -9"><span class='ocrx_word' id='word_1_619' title='bbox 1083 2040 1192 2074; x_wconf 87' lang='grc' dir='ltr'>φύσεως</span> <span class='ocrx_word' id='word_1_620' title='bbox 1207 2039 1370 2075; x_wconf 86' lang='grc' dir='ltr'>μυστηρίοις</span> <span class='ocrx_word' id='word_1_621' title='bbox 1385 2038 1556 2066; x_wconf 79' lang='grc' dir='ltr'>ἀποκαλέσαι</span> <span class='ocrx_word' id='word_1_622' title='bbox 1573 2043 1596 2070; x_wconf 71' lang='grc' dir='ltr'><strong>ο,</strong></span> <span class='ocrx_word' id='word_1_623' title='bbox 1608 2038 1656 2064; x_wconf 87' lang='grc' dir='ltr'>καὶ</span> <span class='ocrx_word' id='word_1_624' title='bbox 1669 2038 1727 2069; x_wconf 85' lang='grc' dir='ltr'>τοῖς</span> <span class='ocrx_word' id='word_1_625' title='bbox 1746 2037 1825 2071; x_wconf 82' lang='grc' dir='ltr'>ἱεροῖς</span> <span class='ocrx_word' id='word_1_626' title='bbox 1835 2033 1860 2068; x_wconf 59' lang='grc' dir='ltr'>μὶ</span> 
     </span>
    </p>
   </div>
   <div class='ocr_carea' id='block_1_90' title="bbox 1084 2079 1859 2122">
    <p class='ocr_par' dir='ltr' id='par_1_90' title="bbox 1084 2079 1859 2122">
     <span class='ocr_line' id='line_1_90' title="bbox 1084 2079 1859 2122; baseline -0.006 -9"><span class='ocrx_word' id='word_1_627' title='bbox 1084 2088 1237 2122; x_wconf 80' lang='grc' dir='ltr'>προσιέναι,</span> <span class='ocrx_word' id='word_1_628' title='bbox 1256 2086 1281 2112; x_wconf 81' lang='grc' dir='ltr'>εἰ</span> <span class='ocrx_word' id='word_1_629' title='bbox 1295 2085 1333 2122; x_wconf 82' lang='grc' dir='ltr'>μὴ</span> <span class='ocrx_word' id='word_1_630' title='bbox 1348 2084 1510 2120; x_wconf 87' lang='grc' dir='ltr'>καθαρθείη,</span> <span class='ocrx_word' id='word_1_631' title='bbox 1525 2083 1711 2111; x_wconf 84' lang='grc' dir='ltr'>ἀποθεσπίσαι</span> <span class='ocrx_word' id='word_1_632' title='bbox 1724 2091 1733 2116; x_wconf 88' lang='lat'><strong>;</strong></span> <span class='ocrx_word' id='word_1_633' title='bbox 1750 2082 1831 2110; x_wconf 85' lang='grc' dir='ltr'>Πάλιν</span> <span class='ocrx_word' id='word_1_634' title='bbox 1842 2079 1859 2105; x_wconf 65' lang='grc' dir='ltr'><strong>δι</strong></span> 
     </span>
    </p>
   </div>
   <div class='ocr_carea' id='block_1_91' title="bbox 1081 2126 1859 2167">
    <p class='ocr_par' dir='ltr' id='par_1_91' title="bbox 1081 2126 1859 2167">
     <span class='ocr_line' id='line_1_91' title="bbox 1081 2126 1859 2167; baseline -0.005 -8"><span class='ocrx_word' id='word_1_635' title='bbox 1081 2133 1113 2159; x_wconf 76' lang='grc' dir='ltr'>τὸ</span> <span class='ocrx_word' id='word_1_636' title='bbox 1142 2133 1191 2167; x_wconf 83' lang='grc' dir='ltr'>μὲν</span> <span class='ocrx_word' id='word_1_637' title='bbox 1222 2132 1383 2167; x_wconf 81' lang='grc' dir='ltr'>ὀστρακινον</span> <span class='ocrx_word' id='word_1_638' title='bbox 1414 2131 1510 2165; x_wconf 85' lang='grc' dir='ltr'>άγγος,</span> <span class='ocrx_word' id='word_1_639' title='bbox 1530 2130 1600 2157; x_wconf 82' lang='grc' dir='ltr'>ὲπάν</span> <span class='ocrx_word' id='word_1_640' title='bbox 1628 2129 1787 2165; x_wconf 81' lang='grc' dir='ltr'>ἀκαθάρτου</span> <span class='ocrx_word' id='word_1_641' title='bbox 1804 2126 1859 2155; x_wconf 61' lang='grc' dir='ltr'>τινὸς</span> 
     </span>
    </p>
   </div>
   <div class='ocr_carea' id='block_1_92' title="bbox 1082 2172 1859 2215">
    <p class='ocr_par' dir='ltr' id='par_1_92' title="bbox 1082 2172 1859 2215">
     <span class='ocr_line' id='line_1_92' title="bbox 1082 2172 1859 2215; baseline -0.004 -10"><span class='ocrx_word' id='word_1_642' title='bbox 1082 2178 1187 2215; x_wconf 77' lang='grc' dir='ltr'>ψαύσῃ,</span> <span class='ocrx_word' id='word_1_643' title='bbox 1203 2178 1406 2213; x_wconf 71' lang='grc' dir='ltr'>ωντρίὸεσθαι,</span> <span class='ocrx_word' id='word_1_644' title='bbox 1431 2178 1469 2209; x_wconf 87' lang='grc' dir='ltr'>ὠς</span> <span class='ocrx_word' id='word_1_645' title='bbox 1488 2176 1586 2212; x_wconf 77' lang='grc' dir='ltr'>μηκέτι</span> <span class='ocrx_word' id='word_1_646' title='bbox 1613 2176 1728 2203; x_wconf 73' lang='grc' dir='ltr'>δυνατὸν</span> <span class='ocrx_word' id='word_1_647' title='bbox 1745 2173 1813 2202; x_wconf 78' lang='grc' dir='ltr'>εἷναι</span> <span class='ocrx_word' id='word_1_648' title='bbox 1825 2172 1859 2206; x_wconf 55' lang='grc' dir='ltr'><strong>τῆς</strong></span> 
     </span>
    </p>
   </div>
   <div class='ocr_carea' id='block_1_93' title="bbox 1083 2217 1859 2260">
    <p class='ocr_par' dir='ltr' id='par_1_93' title="bbox 1083 2217 1859 2260">
     <span class='ocr_line' id='line_1_93' title="bbox 1083 2217 1859 2260; baseline -0.008 -8"><span class='ocrx_word' id='word_1_649' title='bbox 1083 2225 1257 2260; x_wconf 83' lang='grc' dir='ltr'>ἀκαθαρσίας</span> <span class='ocrx_word' id='word_1_650' title='bbox 1281 2224 1312 2251; x_wconf 82' lang='grc' dir='ltr'>τὸ</span> <span class='ocrx_word' id='word_1_651' title='bbox 1337 2223 1544 2260; x_wconf 77' lang='grc' dir='ltr'>μεμολυσμένον</span> <span class='ocrx_word' id='word_1_652' title='bbox 1562 2221 1731 2250; x_wconf 75' lang='grc' dir='ltr'>ἀπολύεσθαι</span> <span class='ocrx_word' id='word_1_653' title='bbox 1753 2221 1761 2240; x_wconf 71' lang='grc' dir='ltr'><strong>ί</strong></span> <span class='ocrx_word' id='word_1_654' title='bbox 1776 2229 1784 2237; x_wconf 71' lang='grc' dir='ltr'><strong><em>ο</em></strong></span> <span class='ocrx_word' id='word_1_655' title='bbox 1801 2219 1831 2246; x_wconf 84' lang='grc' dir='ltr'><strong>ἂν</strong></span> <span class='ocrx_word' id='word_1_656' title='bbox 1843 2217 1859 2243; x_wconf 60' lang='grc' dir='ltr'><strong>δέ</strong></span> 
     </span>
    </p>
   </div>
   <div class='ocr_carea' id='block_1_94' title="bbox 237 2262 1026 2306">
    <p class='ocr_par' dir='ltr' id='par_1_94' title="bbox 237 2264 1026 2301">
     <span class='ocr_line' id='line_1_94' title="bbox 237 2264 1026 2301; baseline 0 -9"><span class='ocrx_word' id='word_1_657' title='bbox 237 2266 357 2300; x_wconf 82' lang='lat' dir='ltr'><strong>ligneum</strong></span> <span class='ocrx_word' id='word_1_658' title='bbox 372 2269 455 2297; x_wconf 88' lang='lat' dir='ltr'><strong>esset,</strong></span> <span class='ocrx_word' id='word_1_659' title='bbox 471 2264 601 2292; x_wconf 88' lang='lat' dir='ltr'><strong>facillime</strong></span> <span class='ocrx_word' id='word_1_660' title='bbox 617 2264 735 2291; x_wconf 83' lang='lat' dir='ltr'><strong>lavando</strong></span> <span class='ocrx_word' id='word_1_661' title='bbox 759 2264 948 2301; x_wconf 79' lang='lat' dir='ltr'><strong>mundaretur.</strong></span> <span class='ocrx_word' id='word_1_662' title='bbox 976 2264 1026 2292; x_wconf 89' lang='lat' dir='ltr'><strong>Eli-</strong></span> 
     </span>
    </p>
   </div>
   <div class='ocr_carea' id='block_1_95' title="bbox 1084 2262 1858 2306">
    <p class='ocr_par' dir='ltr' id='par_1_95' title="bbox 1084 2262 1858 2306">
     <span class='ocr_line' id='line_1_95' title="bbox 1084 2262 1858 2306; baseline -0.009 -9"><span class='ocrx_word' id='word_1_663' title='bbox 1084 2270 1202 2306; x_wconf 77' lang='grc' dir='ltr'>χαλκοῦν</span> <span class='ocrx_word' id='word_1_664' title='bbox 1224 2270 1358 2306; x_wconf 83' lang='grc' dir='ltr'>ῆξύλινον</span> <span class='ocrx_word' id='word_1_665' title='bbox 1383 2267 1412 2306; x_wconf 82' lang='grc' dir='ltr'>ᾗ,</span> <span class='ocrx_word' id='word_1_666' title='bbox 1436 2270 1535 2305; x_wconf 69' lang='grc' dir='ltr'>ῥαδίως</span> <span class='ocrx_word' id='word_1_667' title='bbox 1562 2269 1612 2304; x_wconf 85' lang='grc' dir='ltr'><strong>τῆς</strong></span> <span class='ocrx_word' id='word_1_668' title='bbox 1636 2267 1808 2303; x_wconf 78' lang='grc' dir='ltr'>ἀκαθαρσίας</span> <span class='ocrx_word' id='word_1_669' title='bbox 1830 2262 1858 2290; x_wconf 76' lang='grc' dir='ltr'><strong>διέ</strong></span> 
     </span>
    </p>
   </div>
   <div class='ocr_carea' id='block_1_96' title="bbox 239 2310 1030 2345">
    <p class='ocr_par' dir='ltr' id='par_1_96' title="bbox 239 2310 1030 2345">
     <span class='ocr_line' id='line_1_96' title="bbox 239 2310 1030 2345; baseline 0 -7"><span class='ocrx_word' id='word_1_670' title='bbox 239 2311 287 2338; x_wconf 68' lang='lat' dir='ltr'><strong>swi</strong></span> <span class='ocrx_word' id='word_1_671' title='bbox 305 2318 368 2338; x_wconf 83' lang='lat' dir='ltr'><strong>ossa</strong></span> <span class='ocrx_word' id='word_1_672' title='bbox 384 2311 526 2338; x_wconf 89' lang='lat' dir='ltr'><strong>communi</strong></span> <span class='ocrx_word' id='word_1_673' title='bbox 541 2311 574 2338; x_wconf 85' lang='lat' dir='ltr'><strong>de</strong></span> <span class='ocrx_word' id='word_1_674' title='bbox 589 2310 752 2338; x_wconf 87' lang='lat' dir='ltr'><strong>morticiniis</strong></span> <span class='ocrx_word' id='word_1_675' title='bbox 773 2310 823 2345; x_wconf 79' lang='lat' dir='ltr'><strong>legi</strong></span> <span class='ocrx_word' id='word_1_676' title='bbox 841 2311 1030 2345; x_wconf 86' lang='lat' dir='ltr'><strong>subjacebant,</strong></span> 
     </span>
    </p>
   </div>
   <div class='ocr_carea' id='block_1_97' title="bbox 237 2355 1030 2392">
    <p class='ocr_par' dir='ltr' id='par_1_97' title="bbox 237 2355 1030 2392">
     <span class='ocr_line' id='line_1_97' title="bbox 237 2355 1030 2392; baseline 0 -8"><span class='ocrx_word' id='word_1_677' title='bbox 237 2361 263 2385; x_wconf 88' lang='lat' dir='ltr'><strong>et</strong></span> <span class='ocrx_word' id='word_1_678' title='bbox 279 2356 460 2392; x_wconf 87' lang='lat' dir='ltr'><strong>pollutionem</strong></span> <span class='ocrx_word' id='word_1_679' title='bbox 481 2355 696 2391; x_wconf 81' lang='lat' dir='ltr'><strong>impertiebant;</strong></span> <span class='ocrx_word' id='word_1_680' title='bbox 713 2360 803 2383; x_wconf 89' lang='lat' dir='ltr'><strong>tamen</strong></span> <span class='ocrx_word' id='word_1_681' title='bbox 819 2357 918 2384; x_wconf 89' lang='lat' dir='ltr'><strong>mortui</strong></span> <span class='ocrx_word' id='word_1_682' title='bbox 933 2356 1030 2384; x_wconf 85' lang='lat' dir='ltr'><strong>iisdem</strong></span> 
     </span>
    </p>
   </div>
   <div class='ocr_carea' id='block_1_98' title="bbox 238 2402 1031 2438">
    <p class='ocr_par' dir='ltr' id='par_1_98' title="bbox 238 2402 1031 2438">
     <span class='ocr_line' id='line_1_98' title="bbox 238 2402 1031 2438; baseline 0 -8"><span class='ocrx_word' id='word_1_683' title='bbox 238 2403 464 2438; x_wconf 74' lang='lat' dir='ltr'><strong>approximantcs</strong></span> <span class='ocrx_word' id='word_1_684' title='bbox 487 2402 522 2430; x_wconf 85' lang='lat' dir='ltr'><strong>ab</strong></span> <span class='ocrx_word' id='word_1_685' title='bbox 536 2402 591 2430; x_wconf 89' lang='lat' dir='ltr'><strong>illis</strong></span> <span class='ocrx_word' id='word_1_686' title='bbox 612 2409 696 2438; x_wconf 85' lang='lat' dir='ltr'><strong>puros</strong></span> <span class='ocrx_word' id='word_1_687' title='bbox 718 2403 778 2429; x_wconf 69' lang='lat' dir='ltr'><strong>vitae</strong></span> <span class='ocrx_word' id='word_1_688' title='bbox 797 2402 888 2430; x_wconf 78' lang='lat' dir='ltr'><strong>radios</strong></span> <span class='ocrx_word' id='word_1_689' title='bbox 915 2403 1031 2438; x_wconf 91' lang='lat' dir='ltr'><strong>recipie-</strong></span> 
     </span>
    </p>
   </div>
   <div class='ocr_carea' id='block_1_99' title="bbox 239 2448 1031 2482">
    <p class='ocr_par' dir='ltr' id='par_1_99' title="bbox 239 2448 1031 2482">
     <span class='ocr_line' id='line_1_99' title="bbox 239 2448 1031 2482; baseline 0.001 -6"><span class='ocrx_word' id='word_1_690' title='bbox 239 2449 315 2482; x_wconf 87' lang='lat' dir='ltr'><strong>battt,</strong></span> <span class='ocrx_word' id='word_1_691' title='bbox 336 2453 363 2476; x_wconf 90' lang='lat' dir='ltr'><strong>et</strong></span> <span class='ocrx_word' id='word_1_692' title='bbox 377 2449 410 2476; x_wconf 87' lang='lat' dir='ltr'><strong>ad</strong></span> <span class='ocrx_word' id='word_1_693' title='bbox 427 2449 488 2476; x_wconf 71' lang='lat' dir='ltr'><strong>vita:</strong></span> <span class='ocrx_word' id='word_1_694' title='bbox 505 2448 592 2476; x_wconf 88' lang='lat' dir='ltr'><strong>lucem</strong></span> <span class='ocrx_word' id='word_1_695' title='bbox 607 2456 623 2476; x_wconf 92' lang='lat' dir='ltr'><strong>a</strong></span> <span class='ocrx_word' id='word_1_696' title='bbox 643 2449 798 2477; x_wconf 86' lang='lat' dir='ltr'><strong>tenebrosis</strong></span> <span class='ocrx_word' id='word_1_697' title='bbox 811 2449 907 2477; x_wconf 90' lang='lat' dir='ltr'><strong>mortis</strong></span> <span class='ocrx_word' id='word_1_698' title='bbox 925 2448 1031 2478; x_wconf 88' lang='lat' dir='ltr'><strong>foribus</strong></span> 
     </span>
    </p>
   </div>
   <div class='ocr_carea' id='block_1_100' title="bbox 238 2495 1030 2531">
    <p class='ocr_par' dir='ltr' id='par_1_100' title="bbox 238 2495 1030 2531">
     <span class='ocr_line' id='line_1_100' title="bbox 238 2495 1030 2531; baseline 0 -7"><span class='ocrx_word' id='word_1_699' title='bbox 238 2496 453 2524; x_wconf 88' lang='lat' dir='ltr'><strong>reducebantur.</strong></span> <span class='ocrx_word' id='word_1_700' title='bbox 463 2495 578 2524; x_wconf 88' lang='lat' dir='ltr'><strong>Dicesne</strong></span> <span class='ocrx_word' id='word_1_701' title='bbox 590 2496 681 2531; x_wconf 83' lang='lat' dir='ltr'><strong>igitur,</strong></span> <span class='ocrx_word' id='word_1_702' title='bbox 690 2496 786 2531; x_wconf 90' lang='lat' dir='ltr'><strong>polluti</strong></span> <span class='ocrx_word' id='word_1_703' title='bbox 801 2495 850 2528; x_wconf 83' lang='lat' dir='ltr'><strong>illi,</strong></span> <span class='ocrx_word' id='word_1_704' title='bbox 858 2496 905 2531; x_wconf 89' lang='lat' dir='ltr'><strong>qui</strong></span> <span class='ocrx_word' id='word_1_705' title='bbox 913 2496 1030 2531; x_wconf 83' lang='lat' dir='ltr'><strong>proximi</strong></span> 
     </span>
    </p>
   </div>
   <div class='ocr_carea' id='block_1_101' title="bbox 239 2542 1033 2579">
    <p class='ocr_par' dir='ltr' id='par_1_101' title="bbox 239 2542 1033 2579">
     <span class='ocr_line' id='line_1_101' title="bbox 239 2542 1033 2579; baseline 0 -8"><span class='ocrx_word' id='word_1_706' title='bbox 239 2544 294 2572; x_wconf 90' lang='lat' dir='ltr'><strong>illis</strong></span> <span class='ocrx_word' id='word_1_707' title='bbox 310 2543 420 2571; x_wconf 84' lang='lat' dir='ltr'><strong>ossibus</strong></span> <span class='ocrx_word' id='word_1_708' title='bbox 432 2542 509 2574; x_wconf 82' lang='lat' dir='ltr'><strong>facti,</strong></span> <span class='ocrx_word' id='word_1_709' title='bbox 524 2550 539 2570; x_wconf 85' lang='lat' dir='ltr'><strong>a</strong></span> <span class='ocrx_word' id='word_1_710' title='bbox 555 2544 654 2571; x_wconf 88' lang='lat' dir='ltr'><strong>mortis</strong></span> <span class='ocrx_word' id='word_1_711' title='bbox 670 2543 854 2578; x_wconf 50' lang='lat' dir='ltr'><strong>limmunditie</strong></span> <span class='ocrx_word' id='word_1_712' title='bbox 874 2544 1033 2579; x_wconf 83' lang='lat' dir='ltr'><strong>purgaban-</strong></span> 
     </span>
    </p>
   </div>
   <div class='ocr_carea' id='block_1_102' title="bbox 241 2590 1033 2626">
    <p class='ocr_par' dir='ltr' id='par_1_102' title="bbox 241 2590 1033 2626">
     <span class='ocr_line' id='line_1_102' title="bbox 241 2590 1033 2626; baseline 0.003 -10"><span class='ocrx_word' id='word_1_713' title='bbox 241 2590 305 2617; x_wconf 84' lang='lat' dir='ltr'><strong>tur?</strong></span> <span class='ocrx_word' id='word_1_714' title='bbox 318 2597 408 2617; x_wconf 90' lang='lat' dir='ltr'><strong>annon</strong></span> <span class='ocrx_word' id='word_1_715' title='bbox 425 2590 516 2625; x_wconf 88' lang='lat' dir='ltr'><strong>potius</strong></span> <span class='ocrx_word' id='word_1_716' title='bbox 533 2590 700 2618; x_wconf 82' lang='lat' dir='ltr'><strong>sacrificium</strong></span> <span class='ocrx_word' id='word_1_717' title='bbox 727 2590 903 2626; x_wconf 87' lang='lat' dir='ltr'><strong>gratitudinis</strong></span> <span class='ocrx_word' id='word_1_718' title='bbox 930 2598 1033 2626; x_wconf 90' lang='lat' dir='ltr'><strong>prore-</strong></span> 
     </span>
    </p>
   </div>
   <div class='ocr_carea' id='block_1_103' title="bbox 241 2636 1035 2673">
    <p class='ocr_par' dir='ltr' id='par_1_103' title="bbox 241 2636 1035 2673">
     <span class='ocr_line' id='line_1_103' title="bbox 241 2636 1035 2673; baseline 0.003 -11"><span class='ocrx_word' id='word_1_719' title='bbox 241 2637 409 2663; x_wconf 85' lang='lat' dir='ltr'><strong>stauratione</strong></span> <span class='ocrx_word' id='word_1_720' title='bbox 419 2636 527 2664; x_wconf 91' lang='lat' dir='ltr'><strong>illorum</strong></span> <span class='ocrx_word' id='word_1_721' title='bbox 543 2637 651 2671; x_wconf 70' lang='lat' dir='ltr'><strong>oﬂcres,</strong></span> <span class='ocrx_word' id='word_1_722' title='bbox 670 2644 751 2673; x_wconf 72' lang='lat' dir='ltr'><strong>quam</strong></span> <span class='ocrx_word' id='word_1_723' title='bbox 771 2637 953 2672; x_wconf 73' lang='lat' dir='ltr'><strong>expiatorium</strong></span> <span class='ocrx_word' id='word_1_724' title='bbox 969 2645 1035 2665; x_wconf 91' lang='lat' dir='ltr'><strong>con-</strong></span> 
     </span>
    </p>
   </div>
   <div class='ocr_carea' id='block_1_104' title="bbox 241 2682 1035 2718">
    <p class='ocr_par' dir='ltr' id='par_1_104' title="bbox 241 2682 1035 2718">
     <span class='ocr_line' id='line_1_104' title="bbox 241 2682 1035 2718; baseline 0.003 -10"><span class='ocrx_word' id='word_1_725' title='bbox 241 2687 330 2709; x_wconf 85' lang='lat' dir='ltr'><strong>tactus</strong></span> <span class='ocrx_word' id='word_1_726' title='bbox 342 2689 388 2717; x_wconf 88' lang='lat' dir='ltr'><strong>per</strong></span> <span class='ocrx_word' id='word_1_727' title='bbox 404 2689 485 2718; x_wconf 91' lang='lat' dir='ltr'><strong>quem</strong></span> <span class='ocrx_word' id='word_1_728' title='bbox 499 2683 660 2711; x_wconf 79' lang='lat' dir='ltr'><strong>surrexere?</strong></span> <span class='ocrx_word' id='word_1_729' title='bbox 677 2682 820 2716; x_wconf 81' lang='lat' dir='ltr'><strong>Quomodo</strong></span> <span class='ocrx_word' id='word_1_730' title='bbox 844 2691 898 2710; x_wconf 87' lang='lat' dir='ltr'><strong>non</strong></span> <span class='ocrx_word' id='word_1_731' title='bbox 919 2683 972 2710; x_wconf 88' lang='lat' dir='ltr'><strong>erit</strong></span> <span class='ocrx_word' id='word_1_732' title='bbox 983 2683 1035 2710; x_wconf 87' lang='lat' dir='ltr'><strong>hoc</strong></span> 
     </span>
    </p>
   </div>
   <div class='ocr_carea' id='block_1_105' title="bbox 1083 2310 1858 2350">
    <p class='ocr_par' dir='ltr' id='par_1_105' title="bbox 1083 2310 1858 2350">
     <span class='ocr_line' id='line_1_105' title="bbox 1083 2310 1858 2350; baseline -0.008 -7"><span class='ocrx_word' id='word_1_733' title='bbox 1083 2316 1131 2343; x_wconf 78' lang='grc' dir='ltr'>τοῦ</span> <span class='ocrx_word' id='word_1_734' title='bbox 1157 2316 1253 2348; x_wconf 79' lang='grc' dir='ltr'>ὓδατος</span> <span class='ocrx_word' id='word_1_735' title='bbox 1281 2315 1513 2344; x_wconf 84' lang='grc' dir='ltr'>ἀπαλλάττεσθαι.</span> <span class='ocrx_word' id='word_1_736' title='bbox 1542 2315 1597 2343; x_wconf 82' lang='grc' dir='ltr'><strong>Καὶ</strong></span> <span class='ocrx_word' id='word_1_737' title='bbox 1616 2314 1651 2341; x_wconf 84' lang='grc' dir='ltr'><strong>τὰ</strong></span> <span class='ocrx_word' id='word_1_738' title='bbox 1668 2314 1717 2350; x_wconf 81' lang='grc' dir='ltr'>μὲν</span> <span class='ocrx_word' id='word_1_739' title='bbox 1739 2310 1858 2340; x_wconf 71' lang='grc' dir='ltr'>Ἐλισαίω</span> 
     </span>
    </p>
   </div>
   <div class='ocr_carea' id='block_1_106' title="bbox 1083 2357 1858 2398">
    <p class='ocr_par' dir='ltr' id='par_1_106' title="bbox 1083 2357 1858 2398">
     <span class='ocr_line' id='line_1_106' title="bbox 1083 2357 1858 2398; baseline -0.006 -9"><span class='ocrx_word' id='word_1_740' title='bbox 1083 2363 1152 2391; x_wconf 78' lang='grc' dir='ltr'>ὀστᾶ</span> <span class='ocrx_word' id='word_1_741' title='bbox 1175 2362 1213 2398; x_wconf 84' lang='grc' dir='ltr'>τῷ</span> <span class='ocrx_word' id='word_1_742' title='bbox 1238 2362 1321 2397; x_wconf 86' lang='grc' dir='ltr'>κοινῷ</span> <span class='ocrx_word' id='word_1_743' title='bbox 1343 2362 1398 2388; x_wconf 86' lang='grc' dir='ltr'><strong>τῶν</strong></span> <span class='ocrx_word' id='word_1_744' title='bbox 1420 2361 1526 2397; x_wconf 81' lang='grc' dir='ltr'>νεκρῶν</span> <span class='ocrx_word' id='word_1_745' title='bbox 1550 2362 1625 2396; x_wconf 79' lang='grc' dir='ltr'>νόμῳ</span> <span class='ocrx_word' id='word_1_746' title='bbox 1649 2362 1689 2392; x_wconf 87' lang='grc' dir='ltr'><strong>είς</strong></span> <span class='ocrx_word' id='word_1_747' title='bbox 1702 2357 1858 2393; x_wconf 65' lang='grc' dir='ltr'>ἀκαθαρσία</span> 
     </span>
    </p>
   </div>
   <div class='ocr_carea' id='block_1_107' title="bbox 1085 2403 1856 2444">
    <p class='ocr_par' dir='ltr' id='par_1_107' title="bbox 1085 2403 1856 2444">
     <span class='ocr_line' id='line_1_107' title="bbox 1085 2403 1856 2444; baseline -0.005 -9"><span class='ocrx_word' id='word_1_748' title='bbox 1085 2409 1162 2444; x_wconf 77' lang='grc' dir='ltr'>ἄγειν</span> <span class='ocrx_word' id='word_1_749' title='bbox 1172 2417 1178 2424; x_wconf 94' lang='grc'><strong>·</strong></span> <span class='ocrx_word' id='word_1_750' title='bbox 1194 2409 1256 2440; x_wconf 76' lang='grc' dir='ltr'>τοὺς</span> <span class='ocrx_word' id='word_1_751' title='bbox 1270 2409 1299 2435; x_wconf 82' lang='grc' dir='ltr'><strong>δὲ</strong></span> <span class='ocrx_word' id='word_1_752' title='bbox 1317 2408 1540 2444; x_wconf 83' lang='grc' dir='ltr'>πεπλησιακότας</span> <span class='ocrx_word' id='word_1_753' title='bbox 1555 2408 1647 2439; x_wconf 82' lang='grc' dir='ltr'>αὐτοῖς</span> <span class='ocrx_word' id='word_1_754' title='bbox 1663 2407 1780 2442; x_wconf 76' lang='grc' dir='ltr'>νεκροὺς</span> <span class='ocrx_word' id='word_1_755' title='bbox 1790 2403 1856 2431; x_wconf 79' lang='grc' dir='ltr'>καθα</span> 
     </span>
    </p>
   </div>
   <div class='ocr_carea' id='block_1_108' title="bbox 1087 2453 1857 2491">
    <p class='ocr_par' dir='ltr' id='par_1_108' title="bbox 1087 2453 1857 2491">
     <span class='ocr_line' id='line_1_108' title="bbox 1087 2453 1857 2491; baseline -0.004 -9"><span class='ocrx_word' id='word_1_756' title='bbox 1087 2456 1136 2491; x_wconf 75' lang='grc' dir='ltr'><strong>ράς</strong></span> <span class='ocrx_word' id='word_1_757' title='bbox 1166 2454 1272 2481; x_wconf 71' lang='grc' dir='ltr'>ἐκεῖθεν</span> <span class='ocrx_word' id='word_1_758' title='bbox 1293 2454 1343 2490; x_wconf 89' lang='grc' dir='ltr'><strong>τῆς</strong></span> <span class='ocrx_word' id='word_1_759' title='bbox 1357 2454 1431 2489; x_wconf 78' lang='grc' dir='ltr'>ζωῆς</span> <span class='ocrx_word' id='word_1_760' title='bbox 1454 2454 1581 2489; x_wconf 85' lang='grc' dir='ltr'>δέχεσθαι</span> <span class='ocrx_word' id='word_1_761' title='bbox 1601 2453 1652 2484; x_wconf 77' lang='grc' dir='ltr'>τὰς</span> <span class='ocrx_word' id='word_1_762' title='bbox 1675 2454 1809 2484; x_wconf 81' lang='grc' dir='ltr'>ἀκτῖνας,</span> <span class='ocrx_word' id='word_1_763' title='bbox 1826 2457 1857 2476; x_wconf 70' lang='grc' dir='ltr'><strong>κα</strong></span> 
     </span>
    </p>
   </div>
   <div class='ocr_carea' id='block_1_109' title="bbox 1084 2498 1857 2537">
    <p class='ocr_par' dir='ltr' id='par_1_109' title="bbox 1084 2498 1857 2537">
     <span class='ocr_line' id='line_1_109' title="bbox 1084 2498 1857 2537; baseline -0.008 -9"><span class='ocrx_word' id='word_1_764' title='bbox 1084 2502 1154 2537; x_wconf 78' lang='grc' dir='ltr'>πρὸς</span> <span class='ocrx_word' id='word_1_765' title='bbox 1171 2501 1257 2528; x_wconf 75' lang='grc' dir='ltr'>τὸτοῦ</span> <span class='ocrx_word' id='word_1_766' title='bbox 1273 2501 1332 2536; x_wconf 86' lang='grc' dir='ltr'>βίου</span> <span class='ocrx_word' id='word_1_767' title='bbox 1346 2501 1404 2536; x_wconf 80' lang='grc' dir='ltr'><strong>φῶς</strong></span> <span class='ocrx_word' id='word_1_768' title='bbox 1416 2502 1448 2527; x_wconf 78' lang='grc' dir='ltr'>ἐκ</span> <span class='ocrx_word' id='word_1_769' title='bbox 1462 2500 1518 2527; x_wconf 84' lang='grc' dir='ltr'><strong>τῶν</strong></span> <span class='ocrx_word' id='word_1_770' title='bbox 1533 2499 1657 2536; x_wconf 77' lang='grc' dir='ltr'>ζοφερῶν</span> <span class='ocrx_word' id='word_1_771' title='bbox 1679 2499 1773 2526; x_wconf 85' lang='grc' dir='ltr'>πυλῶν</span> <span class='ocrx_word' id='word_1_772' title='bbox 1793 2498 1857 2524; x_wconf 75' lang='grc' dir='ltr'>ὲπαν</span> 
     </span>
    </p>
   </div>
   <div class='ocr_carea' id='block_1_110' title="bbox 1082 2542 1857 2582">
    <p class='ocr_par' dir='ltr' id='par_1_110' title="bbox 1082 2542 1857 2582">
     <span class='ocr_line' id='line_1_110' title="bbox 1082 2542 1857 2582; baseline -0.004 -9"><span class='ocrx_word' id='word_1_773' title='bbox 1082 2547 1196 2581; x_wconf 86' lang='grc' dir='ltr'>ἀγεσθαι</span> <span class='ocrx_word' id='word_1_774' title='bbox 1213 2546 1261 2574; x_wconf 75' lang='grc' dir='ltr'>τοῦ</span> <span class='ocrx_word' id='word_1_775' title='bbox 1273 2548 1399 2573; x_wconf 86' lang='grc' dir='ltr'>θανάτου.</span> <span class='ocrx_word' id='word_1_776' title='bbox 1418 2547 1450 2573; x_wconf 82' lang='grc' dir='ltr'>Τί</span> <span class='ocrx_word' id='word_1_777' title='bbox 1471 2545 1536 2579; x_wconf 81' lang='grc' dir='ltr'><strong>οὖν;</strong></span> <span class='ocrx_word' id='word_1_778' title='bbox 1552 2547 1623 2582; x_wconf 76' lang='grc' dir='ltr'>ὲρείς</span> <span class='ocrx_word' id='word_1_779' title='bbox 1639 2545 1812 2580; x_wconf 83' lang='grc' dir='ltr'>ἀκαθάρτους</span> <span class='ocrx_word' id='word_1_780' title='bbox 1832 2542 1857 2568; x_wconf 79' lang='grc' dir='ltr'>ὅτ</span> 
     </span>
    </p>
   </div>
   <div class='ocr_carea' id='block_1_111' title="bbox 1083 2587 1856 2628">
    <p class='ocr_par' dir='ltr' id='par_1_111' title="bbox 1083 2587 1856 2628">
     <span class='ocr_line' id='line_1_111' title="bbox 1083 2587 1856 2628; baseline -0.005 -8"><span class='ocrx_word' id='word_1_781' title='bbox 1083 2593 1285 2627; x_wconf 75' lang='grc' dir='ltr'>πλησιάσαντες</span> <span class='ocrx_word' id='word_1_782' title='bbox 1310 2593 1415 2625; x_wconf 80' lang='grc' dir='ltr'>ὀστέοις</span> <span class='ocrx_word' id='word_1_783' title='bbox 1434 2593 1544 2628; x_wconf 82' lang='grc' dir='ltr'>νεκροῦ,</span> <span class='ocrx_word' id='word_1_784' title='bbox 1567 2594 1619 2627; x_wconf 88' lang='grc' dir='ltr'><strong>τῆς</strong></span> <span class='ocrx_word' id='word_1_785' title='bbox 1630 2591 1802 2626; x_wconf 79' lang='grc' dir='ltr'>ἀκαθαρσίας</span> <span class='ocrx_word' id='word_1_786' title='bbox 1826 2587 1856 2614; x_wconf 65' lang='grc' dir='ltr'><strong>τοί</strong></span> 
     </span>
    </p>
   </div>
   <div class='ocr_carea' id='block_1_112' title="bbox 1087 2634 1856 2675">
    <p class='ocr_par' dir='ltr' id='par_1_112' title="bbox 1087 2634 1856 2675">
     <span class='ocr_line' id='line_1_112' title="bbox 1087 2634 1856 2675; baseline -0.008 -9"><span class='ocrx_word' id='word_1_787' title='bbox 1087 2638 1204 2666; x_wconf 81' lang='grc' dir='ltr'>θανάτου</span> <span class='ocrx_word' id='word_1_788' title='bbox 1220 2639 1423 2675; x_wconf 78' lang='grc' dir='ltr'>ἐκαθάρθησαν,</span> <span class='ocrx_word' id='word_1_789' title='bbox 1438 2639 1455 2674; x_wconf 81' lang='grc' dir='ltr'>ἢ</span> <span class='ocrx_word' id='word_1_790' title='bbox 1471 2639 1520 2666; x_wconf 75' lang='grc' dir='ltr'>καὶ</span> <span class='ocrx_word' id='word_1_791' title='bbox 1535 2640 1689 2674; x_wconf 81' lang='grc' dir='ltr'>προσοίσεις</span> <span class='ocrx_word' id='word_1_792' title='bbox 1705 2638 1776 2672; x_wconf 81' lang='grc' dir='ltr'>ὑπὲρ</span> <span class='ocrx_word' id='word_1_793' title='bbox 1785 2634 1856 2662; x_wconf 76' lang='grc' dir='ltr'><strong>αὑτῶ</strong></span> 
     </span>
    </p>
   </div>
   <div class='ocr_carea' id='block_1_113' title="bbox 1083 2678 1856 2721">
    <p class='ocr_par' dir='ltr' id='par_1_113' title="bbox 1083 2678 1856 2721">
     <span class='ocr_line' id='line_1_113' title="bbox 1083 2678 1856 2721; baseline -0.006 -11"><span class='ocrx_word' id='word_1_794' title='bbox 1083 2684 1134 2711; x_wconf 82' lang='grc' dir='ltr'>οὐκ</span> <span class='ocrx_word' id='word_1_795' title='bbox 1147 2685 1355 2721; x_wconf 83' lang='grc' dir='ltr'>εὺχαριστήριον</span> <span class='ocrx_word' id='word_1_796' title='bbox 1367 2686 1416 2720; x_wconf 86' lang='grc' dir='ltr'><strong>τῆς</strong></span> <span class='ocrx_word' id='word_1_797' title='bbox 1430 2684 1578 2720; x_wconf 84' lang='grc' dir='ltr'>ὲγέρσεως,</span> <span class='ocrx_word' id='word_1_798' title='bbox 1589 2684 1658 2712; x_wconf 89' lang='grc' dir='ltr'><strong>ἀλλά</strong></span> <span class='ocrx_word' id='word_1_799' title='bbox 1666 2683 1814 2718; x_wconf 71' lang='grc' dir='ltr'>καθάρσιον</span> <span class='ocrx_word' id='word_1_800' title='bbox 1823 2678 1856 2712; x_wconf 71' lang='grc' dir='ltr'><strong>τῆ</strong></span> 
     </span>
    </p>
   </div>
   <div class='ocr_carea' id='block_1_114' title="bbox 880 2783 1241 2819">
    <p class='ocr_par' dir='ltr' id='par_1_114' title="bbox 880 2783 1241 2819">
     <span class='ocr_line' id='line_1_114' title="bbox 880 2783 1241 2819; baseline 0.003 -9"><span class='ocrx_word' id='word_1_801' title='bbox 880 2783 999 2811; x_wconf 68' lang='grc' dir='ltr'>νΑιιιιε</span> <span class='ocrx_word' id='word_1_802' title='bbox 1024 2783 1171 2811; x_wconf 72' lang='lat' dir='ltr'><strong>LECTlON</strong></span> <span class='ocrx_word' id='word_1_803' title='bbox 1177 2783 1241 2819; x_wconf 62' lang='grc' dir='ltr'><strong>ΕΞ..</strong></span> 
     </span>
    </p>
   </div>
   <div class='ocr_carea' id='block_1_115' title="bbox 274 2834 1854 2880">
    <p class='ocr_par' dir='ltr' id='par_1_115' title="bbox 274 2834 1854 2880">
     <span class='ocr_line' id='line_1_115' title="bbox 274 2834 1854 2880; baseline -0.003 -10"><span class='ocrx_word' id='word_1_804' title='bbox 274 2841 325 2880; x_wconf 34' lang='grc' dir='ltr'><strong>ἀ-Ο.</strong></span> <span class='ocrx_word' id='word_1_805' title='bbox 345 2843 378 2870; x_wconf 78' lang='grc' dir='ltr'><strong>Μ.</strong></span> <span class='ocrx_word' id='word_1_806' title='bbox 391 2841 722 2880; x_wconf 75' lang='grc' dir='ltr'>παραπλησίουςὰλόντας</span> <span class='ocrx_word' id='word_1_807' title='bbox 735 2840 855 2877; x_wconf 77' lang='grc' dir='ltr'>ὑπῆγεν.</span> <span class='ocrx_word' id='word_1_808' title='bbox 896 2846 907 2860; x_wconf 77' lang='grc' dir='ltr'><strong>ε</strong></span> <span class='ocrx_word' id='word_1_809' title='bbox 922 2840 966 2868; x_wconf 82' lang='grc' dir='ltr'><strong>Ζσ.</strong></span> <span class='ocrx_word' id='word_1_810' title='bbox 993 2841 1167 2869; x_wconf 73' lang='grc' dir='ltr'>ἀποκλεῖσαι.</span> <span class='ocrx_word' id='word_1_811' title='bbox 1181 2842 1211 2871; x_wconf 80' lang='grc' dir='ltr'>ο.</span> <span class='ocrx_word' id='word_1_812' title='bbox 1226 2841 1261 2871; x_wconf 83' lang='grc' dir='ltr'><strong>Μ.</strong></span> <span class='ocrx_word' id='word_1_813' title='bbox 1276 2842 1456 2870; x_wconf 73' lang='grc' dir='ltr'>ἀποκαλέσαι.</span> <span class='ocrx_word' id='word_1_814' title='bbox 1499 2841 1508 2862; x_wconf 70' lang='grc' dir='ltr'><strong>ί</strong></span> <span class='ocrx_word' id='word_1_815' title='bbox 1527 2841 1571 2870; x_wconf 75' lang='lat' dir='ltr'><strong>la.</strong></span> <span class='ocrx_word' id='word_1_816' title='bbox 1587 2840 1780 2869; x_wconf 83' lang='grc' dir='ltr'>ἀπολούεσθαι.</span> <span class='ocrx_word' id='word_1_817' title='bbox 1792 2838 1820 2866; x_wconf 89' lang='lat' dir='ltr'><strong>C.</strong></span> <span class='ocrx_word' id='word_1_818' title='bbox 1833 2834 1854 2863; x_wconf 68' lang='grc' dir='ltr'>Μ</span> 
     </span>
    </p>
   </div>
   <div class='ocr_carea' id='block_1_116' title="bbox 241 2877 418 2906">
    <p class='ocr_par' dir='ltr' id='par_1_116' title="bbox 241 2877 418 2906">
     <span class='ocr_line' id='line_1_116' title="bbox 241 2877 418 2906; baseline 0.006 -1"><span class='ocrx_word' id='word_1_819' title='bbox 241 2877 375 2906; x_wconf 79' lang='grc' dir='ltr'>ἀπολύεσθ</span> <span class='ocrx_word' id='word_1_820' title='bbox 381 2888 418 2906; x_wconf 76' lang='grc' dir='ltr'>αι.</span> 
     </span>
    </p>
   </div>
  </div>
