1873 3063
37 147 94 178 609
469 144 519 173 AD
538 139 833 173 AMPHILOCHIUM

851 137 1023 175 QUESTIO
1038 137 1147 175 CXIII,
1166 137 1264 169 CXIV.
1613 136 1665 168 6'10

37 201 127 235 ἁφῆς,
146 199 176 233 ἐξ
189 196 223 235 ἧς
232 199 401 234 ἀνέστησανς
416 199 469 226 Καὶ
484 198 543 230 πῶς
564 199 614 224 οὐκ
633 197 667 224 ἂν
688 197 730 232 εἴη
750 196 830 223 τοῦτο

929 197 977 220 ttra
1004 193 1112 228 planam
1138 192 1306 227 Scripturam
1331 197 1387 218 rem
1412 194 1587 225 apparentem
1619 199 1668 223 per

37 247 115 272 κατά
124 254 158 279 γε
168 246 223 272 τῶν
237 244 437 280 γεγραμμένων
444 245 474 270 τὺ
485 244 657 279 φαινόμενον,
669 243 753 277 πολλὴ
762 242 832 276 ἀμα-

37 292 85 317 θία
105 292 155 318 καὶ
169 291 266 321 tivam;
291 290 325 315 'H
341 289 370 316 δὲ
385 289 434 324 τῆς
446 289 507 315 δνου
519 288 621 322 σιαγὼν
629 287 747 323 τριπλῆς
763 287 832 313 ἀκα-

38 338 162 372 θαρσίας
176 337 268 363 αἰτίαν
284 335 455 370 πηγάζουσα,
477 335 536 366 πῶς
558 333 679 368 καθαροῦ
697 333 744 359 καὶ
756 332 833 359 ποτι-

40 393 95 418 μου
112 385 236 417 νάματος
250 381 361 416 διψῶντι
374 381 412 415 τῷ
427 380 577 416 Ναζαραίῳ
589 379 707 406 ἀνέδωκε
717 378 832 414 ῥύακας,

39 430 111 460 ῖσοις
127 429 180 463 τῆς
193 427 364 463 ἀκαθαρσίας
375 427 550 462 διαϐοηθεῖσα
561 426 682 461 θαύμασι
694 434 702 459 ;
712 426 773 451 δνου
784 424 833 459 μὲν

39 475 97 510 γὰρ
114 472 161 509 ἦν,
177 474 224 500 καὶ
238 472 336 508 νεκροῦ
346 473 422 504 ὀστᾶ,
433 472 481 498 καὶ
499 472 600 507 τρίτον,
612 471 699 505 φόνων
709 471 814 505 δργανα
825 477 832 484 ·

38 520 92 546 οὐκ
113 521 144 545 ὲν
170 520 206 554 γῇ
238 518 266 544 δὲ
292 518 406 554 πλησίον
428 517 534 549 ὓδατος,
554 516 614 543 οὐδέ
640 525 713 547 τινες
735 515 835 546 νοτίδες

38 565 160 599 ἀφανῶς
175 564 362 599 ὑπαρδόμεναι
383 563 430 590 τοῦ
452 563 530 590 ὀστοῦ
556 562 743 589 ωτελείσοντο
754 571 761 578 ·
778 561 834 588 ἀλλ’

39 611 142 646 ἀνδρὸς
161 611 234 645 χειρὶ
250 609 371 644 μαχητοῦ
383 609 464 636 ὅπλον
477 608 548 635 κατὰ
556 608 693 642 πολεμίων
705 607 817 642 ἐφέρετο
826 613 833 620 ·

38 657 90 682 καὶ
103 654 244 690 τοσαύτην
261 654 351 689 πηγὴν
364 654 468 680 ὑδάτων
484 652 641 685 ἀνέϐλυσεν,
664 651 734 678 ὥστε
745 651 791 677 τὸν
807 651 836 676 ὲν

39 701 169 736 τοσούτῳ
195 701 273 734 κόπῳ
286 701 298 720 5
315 700 362 726 καὶ
382 698 510 734 καμάτῳ,
533 698 581 724 καὶ
600 696 717 732 τοσαύτῃ
739 693 836 730 καιροῦ

41 747 203 784 παρατάσει
220 745 392 780 δεδιψηκότα,
403 744 520 779 ἀφθόνου
551 744 599 770 καὶ
623 741 761 777 δαψιλοῦς,
790 741 837 767 καὶ

40 793 119 829 πέρα
132 793 184 827 τῆς
201 792 307 827 χρείας,
320 791 464 826 ὲμοιρῆσαι
478 790 491 810 h
508 790 639 824 πόματος.
664 787 743 814 Ἀλλά
752 786 839 813 τοιού-

37 849 80 874 τῳ
105 839 158 874 μὲν
172 839 208 864 τὰ
220 837 268 864 τοῦ
282 836 437 872 ἀκαθάρτου
452 835 522 868 ζώου
542 836 588 862 καὶ
604 843 632 861 νε
639 834 694 870 χρὴ
721 833 769 860 καὶ
788 841 836 868 φο-

39 885 109 911 νικὰ
133 884 204 910 ὀστᾶ
226 882 422 917 ὑπηρετήσατο
445 880 581 914 θαύματι·
600 881 655 911 τοῖς
678 879 733 914 γὰρ
752 879 837 913 ὄνομα

38 931 153 966 πηγῆς,
170 930 219 964 τὴν
233 929 294 955 ὄνου
319 927 434 962 σιαγόνα
451 926 585 957 ποιοῦσιν,
600 924 727 952 κάκεῖθεν
739 923 778 958 τῷ
794 924 837 949 δε-

39 976 177 1011 διψηκότι
196 975 310 1010 φέρουσι
324 974 355 1000 τὸ
371 974 455 1008 νᾶμα,
482 972 572 999 καίτοι
595 971 640 997 τὸν
657 969 838 1007 προκείμενον

38 1023 125 1056 λόγον
143 1020 207 1047 κατ’
222 1019 298 1046 οὐδὲν
320 1017 540 1052 λυμαινομένοις.
553 1016 638 1050 Δῆλον
658 1015 712 1049 γὰρ
731 1013 769 1045 ὡς
791 1012 838 1039 καὶ

38 1068 125 1095 αὐτοὶ
137 1066 222 1093 τοῦτο
241 1065 380 1098 λέγοντες,
397 1064 492 1099 πόρρω
511 1061 559 1089 τοῦ
585 1061 751 1097 γράμματος
782 1059 838 1093 ῑχν-

38 1112 197 1150 ηλατοῦσιν
208 1120 214 1126 ·
231 1112 282 1143 ἕως
299 1111 332 1137 ἂν
356 1112 372 1144 ὴ
389 1110 444 1136 τῶν
456 1108 613 1144 παραδόξων
636 1107 725 1142 ἔργων
748 1105 839 1136 πίστις

38 1159 174 1194 ἐνισχύῃ,
190 1158 241 1184 οὐκ
259 1157 291 1184 ἂν
315 1157 401 1192 ἡδέως
427 1155 613 1190 συμφήσαιμι.
637 1152 692 1179 Καὶ
711 1151 738 1178 τί
749 1151 781 1178 ἄν
797 1159 839 1182 τις

38 1204 224 1241 ἀπαριθμοίη
241 1203 275 1229 τὰ
291 1202 420 1234 τοιαῦτα;
440 1200 532 1236 σχεδὸν
544 1199 598 1234 γὰρ
612 1198 646 1225 δι’
660 1198 721 1225 ὅλου
739 1196 786 1224 τοῦ
796 1205 839 1224 νο-

41 1252 131 1289 μικοῦ
166 1250 342 1286 γράμματος,
368 1249 385 1284 ἡ
408 1247 521 1282 τοιαύτη
552 1246 606 1274 τῶν
632 1242 839 1280 αῑνιγματωδῶν

40 1297 175 1332 θεωριῶν
197 1295 384 1330 κατακέχυται
411 1293 527 1321 θύελλα·
544 1292 602 1320 ἀλλ’
632 1292 700 1327 ὅπερ
722 1289 770 1318 καὶ¹
787 1290 840 1325 ἀρ-

40 1346 167 1380 χόμενος
191 1341 268 1368 εἷπον
282 1361 289 1372 ,
305 1341 350 1367 διὰ
377 1339 480 1367 τούτων
512 1347 541 1365 τε
567 1338 614 1365 καὶ
631 1338 686 1364 τῶν
711 1336 840 1364 τοιούτων

42 1389 192 1419 ἁπάντων,
211 1386 225 1412 ὁ
241 1385 322 1420 σοφὸς
342 1384 492 1420 νομοθέτης
517 1383 637 1418 ἐναργῶς
663 1382 838 1418 παρίστησιν,

41 1434 82 1464 ὡς
102 1431 175 1466 ἄλλη
193 1430 243 1466 μὲν
257 1431 273 1465 ἠ
288 1430 358 1456 κατὰ
369 1429 400 1456 τὸ
410 1428 528 1465 γράμμα
539 1428 587 1455 καὶ
598 1428 628 1454 τὸ
636 1428 780 1463 πρόχειρον
790 1427 841 1462 τῆς

41 1478 200 1512 ἐπιστολῆς
214 1476 378 1510 ἀπαγγελία,
394 1476 432 1507 ὡς
443 1475 649 1511 παραπέτασμα
663 1473 841 1508 διηπλωμένη

41 1524 178 1561 κρυφίων
198 1523 402 1558 θεωρημάτων
420 1522 502 1557 ἑτέρα
527 1521 555 1548 δὲ
581 1522 598 1556 ἡ
616 1521 664 1548 τοῦ
684 1520 840 1555 πνεύματος

43 1571 97 1598 καὶ
125 1571 157 1596 ἐν
178 1569 217 1604 τῷ
231 1569 307 1604 βάθει
333 1568 508 1603 χρυπτομένη
537 1567 682 1601 θεοσοφία’
700 1563 734 1602 ἦς
759 1564 843 1601 ἡτῶν

49 1616 206 1648 Ἰουδαίων,
218 1615 266 1640 καὶ
281 1614 332 1640 τῶν
340 1613 537 1646 Ἰουδαῖζόντων
555 1611 723 1647 αἱρεσιωτῶν
741 1610 845 1646 πληθὺς

44 1661 193 1689 ὲτεεχοῦσα
215 1660 223 1679 ί
240 1660 348 1695 μακρὰν
359 1659 407 1686 καὶ
425 1659 548 1694 χαλεπὴν
562 1659 592 1685 οὐ
609 1657 727 1685 παύεται
737 1657 842 1692 πλάνην

44 1707 220 1742 πλανωμένη
225 1726 232 1733 .

331 1760 497 1787 ΕΡΩΤΗΣΙΣ
508 1759 579 1786 PIA'.

883 239 1066 274 ignorantiam
1082 241 1109 266 et
1126 237 1290 272 imperitiam
1315 236 1466 264 inducere?
1481 236 1558 264 Asini
1576 241 1669 264 autem

883 285 994 313 maxilla
1010 284 1107 319 triplici
1126 288 1235 311 scatens
1246 283 1419 310 immunditia
1431 283 1571 318 quomodo
1585 283 1670 310 defae-

884 337 952 359 catae
964 336 991 359 et
1005 331 1133 366 potabilis
1144 337 1221 364 aquae
1231 329 1411 364 scaturigines
1422 330 1522 356 sitienti
1539 330 1671 356 Nazarzeo

884 377 1091 412 suppeditabat,
1111 383 1172 410 quat
1200 375 1313 410 paribus
1339 375 1504 409 impuritatis
1530 375 1671 402 miraculis

885 421 1096 450 illustrabatur?
1110 428 1141 448 os
1162 420 1234 448 enim
1253 420 1305 447 fuit
1323 420 1413 451 asini,
1429 424 1456 447 et
1471 420 1580 454 quidem
1600 419 1672 447 asini

886 468 997 498 mortui.
1022 471 1050 494 et
1079 467 1168 494 adhuc
1194 466 1286 499 tertio,
1326 466 1402 493 necis
1435 466 1670 492 instrumentum:

886 522 940 540 non
966 518 1055 540 autem
1071 520 1086 540 e
1103 512 1192 540 vicina
1207 516 1278 540 terra
1303 519 1398 547 aquea'.
1420 511 1613 539 disrillationes
1629 511 1672 538 in-

885 560 1050 588 sensibiliter
1065 567 1096 586 os
1109 558 1174 586 iilud
1203 557 1420 585 madefaciebant
1436 566 1442 583 :
1460 557 1507 584 sed
1522 556 1573 583 viri
1589 556 1673 583 bella-

888 607 955 633 toris
973 613 1048 632 arma
1077 609 1170 631 contra
1196 604 1308 631 hostiles
1324 603 1442 630 insultus
1468 602 1672 630 adhibebatur:

887 656 989 678 tantam
1004 658 1068 678 vero
1091 657 1224 685 aquarum
1253 649 1448 683 scaturiginem
1467 648 1561 681 edidit,
1578 652 1607 675 ut
1627 647 1674 682 qui

887 701 948 732 post
965 697 1044 724 talem
1063 696 1296 731 defatigationem,
1326 701 1354 724 et
1373 696 1506 727 laborem,
1522 700 1549 722 et
1576 695 1602 722 in
1628 695 1675 722 tali

888 743 1020 778 temporis
1037 743 1173 777 exigentia
1188 743 1285 774 sitiret,
1296 741 1459 773 abundanti,
1470 741 1558 773 varia,
1567 745 1594 767 et
1604 741 1675 768 ultra

888 789 1079 816 necessitatem
1094 796 1228 823 aquarum
1244 788 1321 823 copia
1333 788 1503 823 irrigaretur.
1518 786 1551 814 Et
1565 787 1674 822 quidem

890 835 1026 862 talismodi
1054 835 1186 862 miraculo
1209 842 1240 861 os
1265 834 1395 862 animalis
1409 833 1509 869 impuri
1533 837 1560 865 et
1573 832 1676 860 mortui

852 889 873 916 Β
887 880 1107 908 subministravit
1121 889 1128 907 :
1140 886 1194 908 nec
1209 880 1359 915 quidquam
1376 880 1439 907 inde
1453 879 1612 907 detrimenti
1627 887 1676 906 ac»

888 930 1030 960 ceperunt,
1045 926 1090 960 qui
1108 933 1207 953 nomen
1224 925 1307 953 fontis
1324 926 1443 953 maxillae
1453 926 1523 953 asini
1538 923 1675 958 detulere,

888 975 915 997 et
927 970 1027 997 abinde
1053 970 1156 998 sitienti
1173 970 1274 998 ﬂuenta
1289 971 1398 998 dedere.
1429 970 1508 998 Certe
1536 971 1560 998 si
1573 971 1619 1005 qui
1639 970 1676 998 ita

888 1016 1033 1048 alﬁrmant.
1062 1017 1140 1052 longe
1152 1024 1167 1044 a
1184 1016 1275 1044 littera
1299 1017 1494 1052 investigantes
1521 1017 1676 1050 recedunt;

889 1061 988 1096 quibus
1009 1069 1059 1096 ego
1076 1062 1164 1089 libens
1177 1070 1231 1089 non
1250 1063 1384 1090 adhibebo
1394 1070 1572 1095 consensum,
1587 1070 1676 1097 quan-

889 1107 935 1134 diu
947 1108 1146 1142 paradoxorum
1162 1116 1275 1143 operum
1292 1108 1359 1135 ﬁdes
1370 1108 1552 1143 przevaluerit.
1568 1108 1600 1135 Et
1612 1108 1677 1143 quid

889 1160 959 1188 opus
977 1153 1019 1181 his
1037 1153 1137 1181 similia
1152 1154 1331 1181 enumerare?
1344 1154 1400 1181 lere
1417 1154 1490 1181 enim
1507 1162 1553 1188 per
1567 1154 1679 1180 univer-

890 1207 947 1226 sam
961 1199 1028 1234 legis
1045 1199 1216 1234 Scripturam
1231 1200 1592 1235 ejusmodispeculationum
1609 1200 1679 1228 aani-

889 1245 1070 1280 gmaticarum
1093 1250 1241 1280 tempestas
1260 1245 1444 1273 diti‘unditur:
1472 1246 1519 1273 scd
1542 1246 1614 1279 quod
1645 1245 1679 1272 ab

890 1291 969 1318 initio
992 1291 1067 1324 dixi,
1093 1296 1202 1326 propter
1218 1291 1276 1318 haec
1302 1296 1329 1319 et
1351 1292 1468 1324 similia,
1496 1292 1605 1327 sapiens
1633 1291 1680 1320 ille

891 1336 1031 1372 legislator
1050 1342 1143 1372 aperte
1164 1337 1285 1371 indicat,
1308 1337 1380 1373 quod
1394 1338 1473 1365 aliter
1487 1338 1576 1365 littera
1595 1345 1678 1373 appa-

892 1385 984 1409 renter
1006 1383 1147 1418 suggerit.
1171 1387 1299 1417 tanquam
1323 1383 1504 1410 velamentum
1530 1384 1679 1412 obductum

891 1427 1099 1454 obscuratarum
1137 1429 1352 1463 spcculationum
1368 1449 1375 1462 ,
1402 1430 1481 1457 aliter
1508 1430 1620 1464 spiritus
1653 1431 1681 1457 in

891 1473 1055 1502 abscondito
1083 1474 1174 1502 divina
1205 1475 1366 1509 sapientia:
1396 1483 1411 1502 a
1433 1483 1488 1510 quo
1515 1475 1627 1504 Judaica
1654 1481 1682 1504 et

892 1519 1018 1548 haeretica
1043 1521 1188 1548 multitudo
1221 1522 1350 1549 excidcns
1372 1522 1481 1558 longum
1503 1528 1531 1550 et
1546 1523 1682 1551 diﬂicilem

855 1556 879 1585 ο
898 1572 1019 1593 errorem
1033 1573 1126 1595 errare
1140 1575 1194 1594 non
1209 1567 1310 1595 desinit
1324 1556 1424 1596 adhuc,

937 1759 1101 1792 QUIESTIO
1119 1760 1199 1787 CXIV
1219 1761 1312 1797 [CoisL
1329 1766 1353 1788 et
1367 1761 1447 1789 Taur.
1465 1761 1628 1800 CXXXVI

126 1815 202 1842 Edita
216 1824 229 1841 a
245 1816 405 1846 Montacntlo,
416 1823 455 1847 ep.
468 1816 523 1846 228,
544 1815 576 1841 ad
590 1815 715 1847 Arsaber.,
733 1816 884 1852 p._§ﬁi’>_-_3u.
910 1816 1098 1852 Dejgnorantia
1112 1811 1163 1841 diei
1183 1823 1210 1843 et
1220 1818 1287 1843 hom
1307 1818 1402 1849 judicii.
1420 1819 1492 1845 Marc.
1505 1828 1555 1851 xm,
1565 1822 1605 1852 52;

761 1847 845 1872 Matth.

84 1891 126 1919 Οὐ
152 1890 255 1926 πολλήν
276 1899 322 1925 μοι
339 1890 413 1917 δοκεῖ
425 1890 474 1924 τὴν
494 1890 655 1926 δυσχέρειαν
671 1890 753 1925 ἔχειν,
777 1890 845 1925 ὅπερ

44 1947 91 1964 σοι
111 1936 229 1970 πολλὴν,
243 1935 279 1967 ὡς
297 1935 423 1971 γράφεις,
439 1937 550 1971 ἐμποιεῖ
562 1935 611 1970 τὴν
630 1936 756 1972 ἀπορίαν·
772 1935 846 1970 πρῶ-

43 1992 95 2010 τον
119 1982 172 2017 μὲν
193 1981 262 2016 γὰρ,
277 1982 306 2007 ἐν
321 1980 464 2015 ἀνθρώπου
482 1980 562 2015 φύσει
581 1981 629 2007 καὶ
652 1982 741 2016 μορφῇ
757 1988 845 2015 πεφη-

43 2028 115 2059 νὼς,
140 2028 157 2053 ὁ
183 2027 213 2052 ὲν
236 2027 326 2061 μορφῇ
349 2026 398 2052 τοῦ
423 2025 491 2051 Θεοῦ
519 2026 567 2052 καὶ
589 2026 694 2061 Πατρὺς
715 2026 846 2060 ὑπάρχων

45 2074 127 2104 Υἱὸς,
148 2071 189 2102 ὡς
205 2071 348 2106 ἄνθρωπος
369 2072 403 2098 τὰ
417 2071 503 2098 πολλὰ
527 2073 584 2103 τοῖς
605 2071 740 2106 μαθηταῖς
760 2071 847 2098 συνὼν

43 2119 210 2151 διελέγετο,
225 2117 275 2151 τὴν
296 2116 357 2143 καθ’
380 2118 454 2152 ἡμᾶς
476 2117 557 2152 φύσιν
572 2117 739 2144 ἁναλαϐεἰνί
765 2117 844 2144 ἐνδει-

44 2164 201 2198 κνύμενος.
227 2163 282 2189 Καὶ
300 2163 325 2189 τί
350 2163 404 2198 γὰρ
418 2164 530 2198 ἄπορον,
546 2163 593 2189 τὸν
616 2163 755 2190 κοπιῶντα
767 2182 775 2196 ,
798 2162 847 2189 καὶ

46 2210 194 2245 ἱδροῦντα,
213 2208 261 2234 καὶ
276 2207 352 2243 ὕπνῳ
365 2209 608 2244 διαναπαυόμενον,
629 2207 729 2244 βρώσει
745 2217 776 2235 τε
799 2209 846 2235 καὶ

44 2257 132 2283 πόσει
143 2275 151 2287 ,
168 2254 219 2289 τὴν
231 2254 276 2280 τοῦ
295 2254 418 2289 σώματος
434 2254 525 2288 φύσιν,
548 2254 579 2281 τὺ
592 2255 652 2281 ὅλον
672 2255 770 2288 εἰπεῖν,
785 2263 846 2281 συν-

45 2303 152 2337 έχοντα
169 2301 295 2334 ῥέουσαν,
315 2299 409 2326 τοῦτον
423 2300 455 2336 δὴ
470 2300 575 2333 τοῦτον,
597 2301 644 2327 καὶ
669 2300 781 2335 ἄγνοιαν
796 2300 846 2335 τῆς

47 2346 211 2382 μελλούσης
239 2345 346 2380 ἡμέρας
372 2345 570 2380 ἀναδέχεσθαι,
597 2345 644 2372 καὶ
675 2345 706 2372 τὸ
737 2345 846 2381 μέτρον,

45 2393 150 2426 ὥσπερ
165 2390 198 2425 δὴ
215 2390 269 2416 τῶν
284 2390 381 2422 ἄλλων,
399 2389 471 2416 οὕτω
493 2390 522 2416 δὲ
546 2390 593 2416 καὶ
608 2390 659 2425 τῆς
674 2389 848 2425 ἀνθρωπίνης

46 2439 197 2472 γνώσεως,
225 2435 377 2471 ὲξυὸρίζειν
398 2437 448 2463 οὐκ
472 2436 637 2471 ἀνέχεσθαις
659 2436 697 2467 ὡς
722 2436 772 2470 μὲν
793 2435 848 2470 γὰρ

46 2481 233 2519 Δημιουργὸς
257 2483 384 2510 ἁπάντων
409 2482 456 2509 κα)⁸
478 2482 545 2514 Θεὸς
567 2482 675 2510 ἅπαντα
700 2482 739 2517 τῷ
760 2482 848 2517 Πατρὶ

47 2529 168 2564 συνῄδει
177 2536 185 2543 ’
203 2528 240 2559 ὡς
253 2527 395 2563 ἄνθρωπος
409 2528 448 2560 δὲ,
467 2528 529 2555 οὐδὲ
543 2528 592 2563 τὴν
608 2527 762 2563 ἀνθρώποις
777 2527 846 2563 πρέ-

47 2583 162 2601 πουσαν
179 2573 302 2607 ἄγνοιαν,
319 2574 349 2599 οὺ
366 2573 414 2608 μὲν
430 2572 478 2600 οὖν
495 2574 545 2600 οὐκ
559 2573 662 2608 ὴθέτει.
685 2574 733 2605 ’ος
747 2573 801 2608 γὰρ
814 2573 847 2608 δὴ

45 2620 78 2646 τὸ
107 2620 173 2646 ὅλον
193 2618 281 2645 εἵλετο
299 2618 401 2651 λαϐεῖν,
423 2619 481 2650 πῶς
503 2618 533 2645 ἓν
556 2627 583 2644 τι
606 2618 660 2645 τῶν
678 2618 744 2653 περὶ
759 2619 848 2645 ἐκεῖνο

49 2665 240 2701 παρῃτήσατο
268 2664 306 2700 μὴ
318 2663 412 2692 λαῦεῖν
446 2664 464 2700 ἦ
481 2665 519 2699 μὴ
538 2663 701 2691 πιστοῦσθαι
715 2664 756 2690 ὅτι
775 2673 847 2700 παρ-

857 1853 924 1878 xxw,
935 1847 975 1871 36.

929 1889 989 1916 Non
1004 1890 1111 1917 videtur
1129 1890 1196 1918 mihi
1221 1899 1346 1926 magnam
1373 1893 1473 1921 habere
1496 1894 1682 1924 difﬁcultatem

893 1936 967 1970 quod
984 1936 1050 1967 tibi.
1068 1937 1107 1963 uti
1126 1937 1242 1970 scribis,
1263 1938 1614 1974 dnbitationcnfplurimam
1640 1941 1682 1969 af-

894 1981 947 2009 fert
969 1990 977 2009 :
998 1982 1124 2017 inprimis
1139 1982 1163 2010 si
1178 1983 1205 2009 in
1219 1988 1315 2011 natura
1330 1989 1355 2012 et
1368 1985 1454 2012 forma
1468 1986 1587 2014 humana
1599 1994 1684 2023 appa—

897 2029 964 2061 ruit,
997 2030 1054 2064 qui,
1068 2037 1130 2056 cum
1150 2029 1234 2058 Filius
1247 2035 1338 2063 esset,
1360 2035 1418 2059 erat
1434 2033 1461 2059 in
1482 2033 1569 2061 forma
1592 2034 1639 2061 Dei
1658 2041 1685 2063 et

896 2075 1003 2102 Patris:
1017 2082 1045 2102 ut
1057 2078 1140 2103 homo
1152 2084 1213 2104 cum
1230 2077 1370 2112 discipulis
1385 2087 1498 2107 versans
1513 2080 1664 2109 disserebat
1674 2103 1682 2114 ,

896 2122 1018 2146 nostram
1039 2119 1065 2145 in
1083 2127 1112 2146 se
1127 2125 1252 2148 naturam
1270 2124 1425 2157 suscepisse
1441 2125 1598 2153 ostendens.
1610 2125 1682 2160 Quid

895 2164 924 2191 in
945 2171 979 2191 eo
1000 2165 1111 2192 dubium
1133 2170 1194 2197 est,
1223 2167 1299 2208 illum
1322 2169 1369 2203 qui
1395 2169 1611 2205 defatigabatur,
1633 2174 1681 2208 qui

895 2209 1031 2252 sudabat,
1055 2211 1104 2246 qui
1131 2219 1229 2239 somno
1255 2214 1464 2248 requiescebat,
1494 2217 1542 2250 qui
1567 2218 1628 2244 cibo
1650 2226 1683 2246 ac

862 2267 884 2294 ι)
896 2259 962 2288 potu
987 2255 1112 2289 corporis
1132 2260 1270 2288 naturam,
1286 2262 1314 2284 ut
1339 2262 1424 2285 totum
1440 2260 1512 2294 quod
1527 2265 1569 2287 est
1581 2262 1683 2295 dicam,

898 2298 1020 2326 ﬂuxilem
1043 2300 1177 2334 firmabat,
1197 2301 1269 2328 hunc
1281 2302 1461 2337 ignorantiam
1478 2304 1531 2331 diei
1545 2305 1641 2339 judicii
1656 2307 1684 2334 in

896 2352 925 2372 se
940 2346 1105 2380 suscepisse,
1121 2351 1149 2374 et
1163 2355 1320 2375 mensuram
1330 2368 1337 2381 ,
1352 2349 1390 2376 uti
1408 2354 1435 2377 et
1447 2355 1605 2378 ceterorum
1618 2372 1626 2384 ,
1647 2353 1684 2381 ita

895 2395 923 2418 et
939 2391 1068 2419 humanas
1082 2393 1248 2428 cognitionis
1270 2394 1392 2422 noluisse
1407 2397 1588 2430 pudefacere?
1600 2397 1681 2426 Ccrte

896 2441 927 2464 ut
940 2436 1071 2465 Conditor
1083 2439 1205 2466 omnium
1218 2447 1250 2467 ac
1261 2440 1332 2468 Deus
1344 2443 1435 2469 omnia
1448 2450 1510 2469 cum
1526 2443 1604 2471 Patre
1614 2444 1685 2472 scic-

896 2482 962 2516 bat;
978 2487 1006 2510 at
1021 2488 1150 2519 tanquam
1170 2485 1254 2513 homo
1269 2487 1416 2515 humanam
1431 2497 1445 2515 a
1460 2495 1490 2516 se
1503 2489 1684 2524 ignorantiam

900 2536 954 2556 non
968 2529 1072 2563 rejecit.
1088 2529 1155 2557 Nam
1175 2532 1222 2566 qui
1236 2536 1321 2559 totum
1337 2533 1464 2568 dignatus
1485 2540 1527 2562 est
1546 2536 1684 2570 recipere,

900 2575 1038 2608 quomodo
1051 2583 1135 2602 unum
1151 2577 1253 2612 aliquid
1273 2585 1368 2605 eorum
1394 2580 1556 2615 abnegaret,
1573 2590 1624 2610 nec
1639 2590 1678 2610 ao

900 2619 1016 2653 ciperet,
1032 2625 1081 2647 aut
1095 2621 1141 2648 ubi
1158 2623 1317 2657 accepisset,
1334 2626 1472 2660 accepisse
1488 2635 1541 2654 non
1557 2629 1684 2656 credere-

900 2665 966 2692 tur?
982 2665 1109 2695 Secundo
1124 2668 1148 2696 si
1163 2670 1224 2704 quis
1239 2670 1339 2698 dixerit
1352 2677 1468 2700 mentem
1481 2677 1509 2701 et
1522 2675 1684 2702 sententiam

693 2745 811 2774 νΑιιιΑε
830 2746 1032 2777 LECTIONES.

94 2808 111 2827 κ
228 2807 380 2843 κύπῳξκαὶ
395 2806 498 2843 ιδρῶτι.
535 2805 554 2843 Ιλγ
570 2806 612 2843 ἵιτ.
624 2806 797 2842 εὑμοιρῆσαι.
818 2806 848 2834 C.

16 2858 20 2863 -
49 2845 103 2879 τὴν
119 2841 183 2869 καθ’
196 2842 271 2877 ἡμᾶς
282 2841 362 2876 ᾡύσιν
377 2841 485 2878 ἀληθῶς
496 2842 651 2870 ἀναλαϐεῖν.

868 2806 903 2834 .‘ll.
915 2807 1070 2842 ὲμοιρῆσαι,
1112 2809 1121 2828 ί
1137 2808 1169 2837 C.
1182 2809 1217 2838 M.
1234 2810 1340 2847 πληθὺς
1362 2814 1525 2843 ἐκπεσοῦσα.
1564 2820 1572 2840 I
1601 2815 1632 2843 C.
1649 2815 1684 2845 Μ.
