  <div class='ocr_page' id='page_1' title='image "/cluster/home/n/w/nwhite01/storage/ocr_20150623/101/njp.32101077772877/419.png"; bbox 0 0 1873 3063; ppageno 0'>
   <div class='ocr_carea' id='block_1_1' title="bbox 224 120 276 154">
    <p class='ocr_par' dir='ltr' id='par_1_1' title="bbox 224 120 276 154">
     <span class='ocr_line' id='line_1_1' title="bbox 224 120 276 154; baseline 0 0"><span class='ocrx_word' id='word_1_1' title='bbox 224 120 276 154; x_wconf 83' lang='lat'><strong>671</strong></span> 
     </span>
    </p>
   </div>
   <div class='ocr_carea' id='block_1_2' title="bbox 809 111 1842 148">
    <p class='ocr_par' dir='ltr' id='par_1_2' title="bbox 809 111 1842 148">
     <span class='ocr_line' id='line_1_2' title="bbox 809 111 1842 148; baseline -0.006 0"><span class='ocrx_word' id='word_1_2' title='bbox 809 117 939 148; x_wconf 82' lang='lat' dir='ltr'><strong>PHOTII</strong></span> <span class='ocrx_word' id='word_1_3' title='bbox 958 116 1210 147; x_wconf 76' lang='lat' dir='ltr'><strong>PATRIARCH/E</strong></span> <span class='ocrx_word' id='word_1_4' title='bbox 1227 117 1284 148; x_wconf 72' lang='grc' dir='ltr'><strong>(ΣΡ.</strong></span> <span class='ocrx_word' id='word_1_5' title='bbox 1794 111 1842 143; x_wconf 72' lang='lat'><strong>672</strong></span> 
     </span>
    </p>
   </div>
   <div class='ocr_carea' id='block_1_3' title="bbox 225 167 964 210">
    <p class='ocr_par' dir='ltr' id='par_1_3' title="bbox 225 172 964 210">
     <span class='ocr_line' id='line_1_3' title="bbox 225 172 964 210; baseline -0.009 -6"><span class='ocrx_word' id='word_1_6' title='bbox 225 178 360 205; x_wconf 76' lang='lat' dir='ltr'><strong>dictarunt</strong></span> <span class='ocrx_word' id='word_1_7' title='bbox 392 174 568 210; x_wconf 77' lang='lat' dir='ltr'><strong>rejectionem</strong></span> <span class='ocrx_word' id='word_1_8' title='bbox 594 173 751 210; x_wconf 82' lang='lat' dir='ltr'><strong>respicere,</strong></span> <span class='ocrx_word' id='word_1_9' title='bbox 780 172 818 199; x_wconf 84' lang='lat' dir='ltr'><strong>ita</strong></span> <span class='ocrx_word' id='word_1_10' title='bbox 843 177 873 199; x_wconf 88' lang='lat' dir='ltr'><strong>ut</strong></span> <span class='ocrx_word' id='word_1_11' title='bbox 894 172 964 198; x_wconf 74' lang='lat' dir='ltr'><strong>noltn</strong></span> 
     </span>
    </p>
   </div>
   <div class='ocr_carea' id='block_1_4' title="bbox 1102 167 1841 210">
    <p class='ocr_par' dir='ltr' id='par_1_4' title="bbox 1102 167 1841 206">
     <span class='ocr_line' id='line_1_4' title="bbox 1102 167 1841 206; baseline -0.003 -10"><span class='ocrx_word' id='word_1_12' title='bbox 1102 179 1123 196; x_wconf 79' lang='grc' dir='ltr'><strong>οι</strong></span> <span class='ocrx_word' id='word_1_13' title='bbox 1138 170 1150 189; x_wconf 80' lang='grc' dir='ltr'>¹ι</span> <span class='ocrx_word' id='word_1_14' title='bbox 1163 169 1408 206; x_wconf 74' lang='grc' dir='ltr'>λαεών;Δεύτερον</span> <span class='ocrx_word' id='word_1_15' title='bbox 1421 170 1519 202; x_wconf 73' lang='grc' dir='ltr'><strong>δὲ,κΞω</strong></span> <span class='ocrx_word' id='word_1_16' title='bbox 1529 169 1568 201; x_wconf 85' lang='grc' dir='ltr'><strong>εἰς</strong></span> <span class='ocrx_word' id='word_1_17' title='bbox 1577 168 1711 204; x_wconf 77' lang='grc' dir='ltr'>ἀναδο).ὴν</span> <span class='ocrx_word' id='word_1_18' title='bbox 1724 167 1770 194; x_wconf 60' lang='grc' dir='ltr'>τὴν</span> <span class='ocrx_word' id='word_1_19' title='bbox 1783 169 1841 194; x_wconf 63' lang='grc' dir='ltr'>νοῦν</span> 
     </span>
    </p>
   </div>
   <div class='ocr_carea' id='block_1_5' title="bbox 225 217 1011 256">
    <p class='ocr_par' dir='ltr' id='par_1_5' title="bbox 225 217 1011 256">
     <span class='ocr_line' id='line_1_5' title="bbox 225 217 1011 256; baseline -0.009 -6"><span class='ocrx_word' id='word_1_20' title='bbox 225 230 287 251; x_wconf 83' lang='lat' dir='ltr'><strong>eam</strong></span> <span class='ocrx_word' id='word_1_21' title='bbox 305 223 376 249; x_wconf 86' lang='lat' dir='ltr'><strong>diem</strong></span> <span class='ocrx_word' id='word_1_22' title='bbox 391 220 534 256; x_wconf 78' lang='lat' dir='ltr'><strong>discipulis</strong></span> <span class='ocrx_word' id='word_1_23' title='bbox 548 220 678 252; x_wconf 78' lang='lat' dir='ltr'><strong>revelare,</strong></span> <span class='ocrx_word' id='word_1_24' title='bbox 699 222 842 253; x_wconf 84' lang='lat' dir='ltr'><strong>propterea</strong></span> <span class='ocrx_word' id='word_1_25' title='bbox 854 217 926 252; x_wconf 92' lang='lat' dir='ltr'><strong>quod</strong></span> <span class='ocrx_word' id='word_1_26' title='bbox 940 217 1011 244; x_wconf 81' lang='lat' dir='ltr'><strong>scire</strong></span> 
     </span>
    </p>
   </div>
   <div class='ocr_carea' id='block_1_6' title="bbox 226 263 1012 299">
    <p class='ocr_par' dir='ltr' id='par_1_6' title="bbox 226 263 1012 299">
     <span class='ocr_line' id='line_1_6' title="bbox 226 263 1012 299; baseline -0.01 -3"><span class='ocrx_word' id='word_1_27' title='bbox 226 276 274 296; x_wconf 81' lang='lat' dir='ltr'><strong>eos</strong></span> <span class='ocrx_word' id='word_1_28' title='bbox 289 275 342 294; x_wconf 92' lang='lat' dir='ltr'><strong>non</strong></span> <span class='ocrx_word' id='word_1_29' title='bbox 359 271 419 294; x_wconf 84' lang='lat' dir='ltr'><strong>erat</strong></span> <span class='ocrx_word' id='word_1_30' title='bbox 434 265 500 293; x_wconf 91' lang='lat' dir='ltr'><strong>utile</strong></span> <span class='ocrx_word' id='word_1_31' title='bbox 512 285 520 297; x_wconf 96' lang='lat'><strong>,</strong></span> <span class='ocrx_word' id='word_1_32' title='bbox 537 273 571 292; x_wconf 92' lang='lat' dir='ltr'><strong>ne</strong></span> <span class='ocrx_word' id='word_1_33' title='bbox 586 265 643 292; x_wconf 82' lang='lat' dir='ltr'><strong>haec</strong></span> <span class='ocrx_word' id='word_1_34' title='bbox 655 263 765 299; x_wconf 79' lang='lat' dir='ltr'><strong>quidem</strong></span> <span class='ocrx_word' id='word_1_35' title='bbox 788 263 856 290; x_wconf 91' lang='lat' dir='ltr'><strong>ratio</strong></span> <span class='ocrx_word' id='word_1_36' title='bbox 880 271 895 289; x_wconf 88' lang='lat' dir='ltr'><strong>a</strong></span> <span class='ocrx_word' id='word_1_37' title='bbox 920 263 1012 298; x_wconf 89' lang='lat' dir='ltr'><strong>provi-</strong></span> 
     </span>
    </p>
   </div>
   <div class='ocr_carea' id='block_1_7' title="bbox 224 308 1013 341">
    <p class='ocr_par' dir='ltr' id='par_1_7' title="bbox 224 308 1013 341">
     <span class='ocr_line' id='line_1_7' title="bbox 224 308 1013 341; baseline -0.008 -1"><span class='ocrx_word' id='word_1_38' title='bbox 224 313 315 341; x_wconf 87' lang='lat' dir='ltr'><strong>dentia</strong></span> <span class='ocrx_word' id='word_1_39' title='bbox 343 312 370 339; x_wconf 95' lang='lat' dir='ltr'><strong>in</strong></span> <span class='ocrx_word' id='word_1_40' title='bbox 404 312 530 339; x_wconf 74' lang='lat' dir='ltr'><strong>hornines</strong></span> <span class='ocrx_word' id='word_1_41' title='bbox 553 311 645 338; x_wconf 86' lang='lat' dir='ltr'><strong>divina</strong></span> <span class='ocrx_word' id='word_1_42' title='bbox 675 310 831 336; x_wconf 86' lang='lat' dir='ltr'><strong>abhorret:</strong></span> <span class='ocrx_word' id='word_1_43' title='bbox 860 308 1013 336; x_wconf 87' lang='lat' dir='ltr'><strong>metliodice</strong></span> 
     </span>
    </p>
   </div>
   <div class='ocr_carea' id='block_1_8' title="bbox 225 356 1012 393">
    <p class='ocr_par' dir='ltr' id='par_1_8' title="bbox 225 356 1012 393">
     <span class='ocr_line' id='line_1_8' title="bbox 225 356 1012 393; baseline -0.006 -7"><span class='ocrx_word' id='word_1_44' title='bbox 225 364 315 386; x_wconf 78' lang='lat' dir='ltr'><strong>autent</strong></span> <span class='ocrx_word' id='word_1_45' title='bbox 338 358 493 393; x_wconf 76' lang='lat' dir='ltr'><strong>disponitur</strong></span> <span class='ocrx_word' id='word_1_46' title='bbox 516 364 564 392; x_wconf 85' lang='lat' dir='ltr'><strong>per</strong></span> <span class='ocrx_word' id='word_1_47' title='bbox 582 356 765 384; x_wconf 60' lang='lat' dir='ltr'><strong>oeconomiam</strong></span> <span class='ocrx_word' id='word_1_48' title='bbox 781 376 789 388; x_wconf 86' lang='lat'><strong>,</strong></span> <span class='ocrx_word' id='word_1_49' title='bbox 813 362 873 389; x_wconf 62' lang='lat' dir='ltr'><strong>qua</strong></span> <span class='ocrx_word' id='word_1_50' title='bbox 899 361 955 389; x_wconf 59' lang='lat' dir='ltr'><strong>prae</strong></span> <span class='ocrx_word' id='word_1_51' title='bbox 983 361 1012 381; x_wconf 89' lang='lat' dir='ltr'><strong>se</strong></span> 
     </span>
    </p>
   </div>
   <div class='ocr_carea' id='block_1_9' title="bbox 227 401 1013 439">
    <p class='ocr_par' dir='ltr' id='par_1_9' title="bbox 227 401 1013 439">
     <span class='ocr_line' id='line_1_9' title="bbox 227 401 1013 439; baseline -0.006 -7"><span class='ocrx_word' id='word_1_52' title='bbox 227 405 285 433; x_wconf 80' lang='lat' dir='ltr'><strong>fert</strong></span> <span class='ocrx_word' id='word_1_53' title='bbox 303 404 486 439; x_wconf 75' lang='lat' dir='ltr'><strong>ignorantiam</strong></span> <span class='ocrx_word' id='word_1_54' title='bbox 501 423 509 434; x_wconf 85' lang='lat'><strong>,</strong></span> <span class='ocrx_word' id='word_1_55' title='bbox 535 407 563 430; x_wconf 86' lang='lat' dir='ltr'><strong>et</strong></span> <span class='ocrx_word' id='word_1_56' title='bbox 582 402 693 430; x_wconf 82' lang='lat' dir='ltr'><strong>minime</strong></span> <span class='ocrx_word' id='word_1_57' title='bbox 710 401 876 436; x_wconf 81' lang='lat' dir='ltr'><strong>intelligere,</strong></span> <span class='ocrx_word' id='word_1_58' title='bbox 899 408 931 428; x_wconf 86' lang='lat' dir='ltr'><strong>ne</strong></span> <span class='ocrx_word' id='word_1_59' title='bbox 946 407 1013 428; x_wconf 69' lang='lat' dir='ltr'><strong>ma:-</strong></span> 
     </span>
    </p>
   </div>
   <div class='ocr_carea' id='block_1_10' title="bbox 226 445 1012 485">
    <p class='ocr_par' dir='ltr' id='par_1_10' title="bbox 226 445 1012 485">
     <span class='ocr_line' id='line_1_10' title="bbox 226 445 1012 485; baseline -0.009 -6"><span class='ocrx_word' id='word_1_60' title='bbox 226 459 291 480; x_wconf 88' lang='lat' dir='ltr'><strong>rore</strong></span> <span class='ocrx_word' id='word_1_61' title='bbox 309 451 460 485; x_wconf 85' lang='lat' dir='ltr'><strong>discipulos</strong></span> <span class='ocrx_word' id='word_1_62' title='bbox 477 450 605 479; x_wconf 86' lang='lat' dir='ltr'><strong>alliceret,</strong></span> <span class='ocrx_word' id='word_1_63' title='bbox 618 449 663 483; x_wconf 89' lang='lat' dir='ltr'><strong>qui</strong></span> <span class='ocrx_word' id='word_1_64' title='bbox 681 447 873 475; x_wconf 63' lang='lat' dir='ltr'><strong>desiderabant</strong></span> <span class='ocrx_word' id='word_1_65' title='bbox 889 446 925 478; x_wconf 92' lang='lat' dir='ltr'><strong>id,</strong></span> <span class='ocrx_word' id='word_1_66' title='bbox 940 445 1012 481; x_wconf 89' lang='lat' dir='ltr'><strong>quod</strong></span> 
     </span>
    </p>
   </div>
   <div class='ocr_carea' id='block_1_11' title="bbox 226 491 1012 532">
    <p class='ocr_par' dir='ltr' id='par_1_11' title="bbox 226 491 1012 532">
     <span class='ocr_line' id='line_1_11' title="bbox 226 491 1012 532; baseline -0.009 -8"><span class='ocrx_word' id='word_1_67' title='bbox 226 496 401 532; x_wconf 77' lang='lat' dir='ltr'><strong>ignorabant,</strong></span> <span class='ocrx_word' id='word_1_68' title='bbox 416 495 576 530; x_wconf 73' lang='lat' dir='ltr'><strong>intelligere.</strong></span> <span class='ocrx_word' id='word_1_69' title='bbox 589 494 670 521; x_wconf 86' lang='lat' dir='ltr'><strong>Certe</strong></span> <span class='ocrx_word' id='word_1_70' title='bbox 688 494 866 528; x_wconf 77' lang='lat' dir='ltr'><strong>incongruum</strong></span> <span class='ocrx_word' id='word_1_71' title='bbox 886 497 945 518; x_wconf 88' lang='lat' dir='ltr'><strong>erat</strong></span> <span class='ocrx_word' id='word_1_72' title='bbox 968 491 1012 518; x_wconf 89' lang='lat' dir='ltr'><strong>illa</strong></span> 
     </span>
    </p>
   </div>
   <div class='ocr_carea' id='block_1_12' title="bbox 226 540 1012 577">
    <p class='ocr_par' dir='ltr' id='par_1_12' title="bbox 226 540 1012 577">
     <span class='ocr_line' id='line_1_12' title="bbox 226 540 1012 577; baseline -0.009 -7"><span class='ocrx_word' id='word_1_73' title='bbox 226 544 298 571; x_wconf 88' lang='lat' dir='ltr'><strong>scire</strong></span> <span class='ocrx_word' id='word_1_74' title='bbox 310 563 317 576; x_wconf 92' lang='lat'><strong>,</strong></span> <span class='ocrx_word' id='word_1_75' title='bbox 337 550 397 577; x_wconf 70' lang='lat' dir='ltr'><strong>quae</strong></span> <span class='ocrx_word' id='word_1_76' title='bbox 411 545 519 576; x_wconf 78' lang='lat' dir='ltr'><strong>tempus</strong></span> <span class='ocrx_word' id='word_1_77' title='bbox 535 540 601 567; x_wconf 89' lang='lat' dir='ltr'><strong>illud</strong></span> <span class='ocrx_word' id='word_1_78' title='bbox 616 544 695 567; x_wconf 88' lang='lat' dir='ltr'><strong>erant</strong></span> <span class='ocrx_word' id='word_1_79' title='bbox 707 546 875 574; x_wconf 60' lang='lat' dir='ltr'><strong>praeessura</strong></span> <span class='ocrx_word' id='word_1_80' title='bbox 885 559 893 571; x_wconf 87' lang='lat'><strong>,</strong></span> <span class='ocrx_word' id='word_1_81' title='bbox 916 542 943 564; x_wconf 91' lang='lat' dir='ltr'><strong>et</strong></span> <span class='ocrx_word' id='word_1_82' title='bbox 959 541 1012 564; x_wconf 84' lang='lat' dir='ltr'><strong>tam</strong></span> 
     </span>
    </p>
   </div>
   <div class='ocr_carea' id='block_1_13' title="bbox 227 582 1013 621">
    <p class='ocr_par' dir='ltr' id='par_1_13' title="bbox 227 582 1013 621">
     <span class='ocr_line' id='line_1_13' title="bbox 227 582 1013 621; baseline -0.009 -6"><span class='ocrx_word' id='word_1_83' title='bbox 227 594 357 615; x_wconf 82' lang='lat' dir='ltr'><strong>accurate</strong></span> <span class='ocrx_word' id='word_1_84' title='bbox 384 587 430 614; x_wconf 85' lang='lat' dir='ltr'><strong>illa</strong></span> <span class='ocrx_word' id='word_1_85' title='bbox 455 593 613 621; x_wconf 82' lang='lat' dir='ltr'><strong>exponere:</strong></span> <span class='ocrx_word' id='word_1_86' title='bbox 640 585 733 611; x_wconf 84' lang='lat' dir='ltr'><strong>horam</strong></span> <span class='ocrx_word' id='word_1_87' title='bbox 762 592 826 610; x_wconf 80' lang='lat' dir='ltr'><strong>vero</strong></span> <span class='ocrx_word' id='word_1_88' title='bbox 849 583 935 618; x_wconf 80' lang='lat' dir='ltr'><strong>ipsam</strong></span> <span class='ocrx_word' id='word_1_89' title='bbox 961 582 1013 609; x_wconf 87' lang='lat' dir='ltr'><strong>illis</strong></span> 
     </span>
    </p>
   </div>
   <div class='ocr_carea' id='block_1_14' title="bbox 227 629 1012 667">
    <p class='ocr_par' dir='ltr' id='par_1_14' title="bbox 227 629 1012 667">
     <span class='ocr_line' id='line_1_14' title="bbox 227 629 1012 667; baseline -0.008 -6"><span class='ocrx_word' id='word_1_90' title='bbox 227 635 424 666; x_wconf 73' lang='lat' dir='ltr'><strong>adhaerentem,</strong></span> <span class='ocrx_word' id='word_1_91' title='bbox 441 640 504 667; x_wconf 63' lang='lat' dir='ltr'><strong>qua!</strong></span> <span class='ocrx_word' id='word_1_92' title='bbox 520 639 584 666; x_wconf 82' lang='lat' dir='ltr'><strong>pars</strong></span> <span class='ocrx_word' id='word_1_93' title='bbox 597 631 755 658; x_wconf 83' lang='lat' dir='ltr'><strong>eorumdem</strong></span> <span class='ocrx_word' id='word_1_94' title='bbox 768 629 930 657; x_wconf 83' lang='lat' dir='ltr'><strong>brevissima</strong></span> <span class='ocrx_word' id='word_1_95' title='bbox 946 629 996 655; x_wconf 85' lang='lat' dir='ltr'><strong>fuit</strong></span> <span class='ocrx_word' id='word_1_96' title='bbox 1006 648 1012 660; x_wconf 82' lang='lat'>.</span> 
     </span>
    </p>
   </div>
   <div class='ocr_carea' id='block_1_15' title="bbox 227 675 1013 715">
    <p class='ocr_par' dir='ltr' id='par_1_15' title="bbox 227 675 1013 715">
     <span class='ocr_line' id='line_1_15' title="bbox 227 675 1013 715; baseline -0.009 -7"><span class='ocrx_word' id='word_1_97' title='bbox 227 689 281 708; x_wconf 91' lang='lat' dir='ltr'><strong>non</strong></span> <span class='ocrx_word' id='word_1_98' title='bbox 307 686 483 715; x_wconf 75' lang='lat' dir='ltr'><strong>cognoscere.</strong></span> <span class='ocrx_word' id='word_1_99' title='bbox 510 677 566 705; x_wconf 86' lang='lat' dir='ltr'><strong>Nec</strong></span> <span class='ocrx_word' id='word_1_100' title='bbox 594 677 651 704; x_wconf 86' lang='lat' dir='ltr'><strong>ticri</strong></span> <span class='ocrx_word' id='word_1_101' title='bbox 676 680 767 711; x_wconf 86' lang='lat' dir='ltr'><strong>potest</strong></span> <span class='ocrx_word' id='word_1_102' title='bbox 795 681 824 702; x_wconf 92' lang='lat' dir='ltr'><strong>ut</strong></span> <span class='ocrx_word' id='word_1_103' title='bbox 849 683 893 702; x_wconf 86' lang='lat' dir='ltr'><strong>res</strong></span> <span class='ocrx_word' id='word_1_104' title='bbox 923 675 1013 709; x_wconf 86' lang='lat' dir='ltr'><strong>aliqua</strong></span> 
     </span>
    </p>
   </div>
   <div class='ocr_carea' id='block_1_16' title="bbox 226 716 1014 757">
    <p class='ocr_par' dir='ltr' id='par_1_16' title="bbox 226 716 1014 757">
     <span class='ocr_line' id='line_1_16' title="bbox 226 716 1014 757; baseline -0.008 -4"><span class='ocrx_word' id='word_1_105' title='bbox 226 725 361 753; x_wconf 81' lang='lat' dir='ltr'><strong>cxsistens</strong></span> <span class='ocrx_word' id='word_1_106' title='bbox 385 716 506 752; x_wconf 83' lang='lat' dir='ltr'><strong>animum</strong></span> <span class='ocrx_word' id='word_1_107' title='bbox 530 723 653 750; x_wconf 87' lang='lat' dir='ltr'><strong>divinum</strong></span> <span class='ocrx_word' id='word_1_108' title='bbox 686 727 713 748; x_wconf 81' lang='lat' dir='ltr'><strong>et</strong></span> <span class='ocrx_word' id='word_1_109' title='bbox 731 729 812 757; x_wconf 83' lang='lat' dir='ltr'><strong>quem</strong></span> <span class='ocrx_word' id='word_1_110' title='bbox 839 721 924 748; x_wconf 88' lang='lat' dir='ltr'><strong>latere</strong></span> <span class='ocrx_word' id='word_1_111' title='bbox 947 721 1014 748; x_wconf 88' lang='lat' dir='ltr'><strong>nihil</strong></span> 
     </span>
    </p>
   </div>
   <div class='ocr_carea' id='block_1_17' title="bbox 225 767 1014 806">
    <p class='ocr_par' dir='ltr' id='par_1_17' title="bbox 225 767 1014 806">
     <span class='ocr_line' id='line_1_17' title="bbox 225 767 1014 806; baseline -0.006 -8"><span class='ocrx_word' id='word_1_112' title='bbox 225 775 338 806; x_wconf 89' lang='lat' dir='ltr'><strong>potest,</strong></span> <span class='ocrx_word' id='word_1_113' title='bbox 358 770 462 802; x_wconf 88' lang='lat' dir='ltr'><strong>lateat;</strong></span> <span class='ocrx_word' id='word_1_114' title='bbox 484 776 533 796; x_wconf 90' lang='lat' dir='ltr'><strong>nec</strong></span> <span class='ocrx_word' id='word_1_115' title='bbox 552 769 611 795; x_wconf 82' lang='lat' dir='ltr'><strong>fieri</strong></span> <span class='ocrx_word' id='word_1_116' title='bbox 630 772 740 803; x_wconf 84' lang='lat' dir='ltr'><strong>potest,</strong></span> <span class='ocrx_word' id='word_1_117' title='bbox 764 772 793 794; x_wconf 94' lang='lat' dir='ltr'><strong>ut</strong></span> <span class='ocrx_word' id='word_1_118' title='bbox 811 767 1014 794; x_wconf 85' lang='lat' dir='ltr'><strong>obvenientium</strong></span> 
     </span>
    </p>
   </div>
   <div class='ocr_carea' id='block_1_18' title="bbox 226 812 1014 848">
    <p class='ocr_par' dir='ltr' id='par_1_18' title="bbox 226 812 1014 848">
     <span class='ocr_line' id='line_1_18' title="bbox 226 812 1014 848; baseline -0.006 -4"><span class='ocrx_word' id='word_1_119' title='bbox 226 824 330 848; x_wconf 88' lang='lat' dir='ltr'><strong>rerum,</strong></span> <span class='ocrx_word' id='word_1_120' title='bbox 346 821 372 842; x_wconf 88' lang='lat' dir='ltr'><strong>et</strong></span> <span class='ocrx_word' id='word_1_121' title='bbox 387 816 530 847; x_wconf 85' lang='lat' dir='ltr'><strong>obventus,</strong></span> <span class='ocrx_word' id='word_1_122' title='bbox 552 819 580 841; x_wconf 87' lang='lat' dir='ltr'><strong>et</strong></span> <span class='ocrx_word' id='word_1_123' title='bbox 597 812 775 841; x_wconf 80' lang='lat' dir='ltr'><strong>conuexionis</strong></span> <span class='ocrx_word' id='word_1_124' title='bbox 789 820 901 840; x_wconf 83' lang='lat' dir='ltr'><strong>causam</strong></span> <span class='ocrx_word' id='word_1_125' title='bbox 922 812 1014 847; x_wconf 80' lang='lat' dir='ltr'><strong>cogni-</strong></span> 
     </span>
    </p>
   </div>
   <div class='ocr_carea' id='block_1_19' title="bbox 226 905 1012 944">
    <p class='ocr_par' dir='ltr' id='par_1_19' title="bbox 226 905 1012 944">
     <span class='ocr_line' id='line_1_19' title="bbox 226 905 1012 944; baseline -0.006 -8"><span class='ocrx_word' id='word_1_126' title='bbox 226 915 358 944; x_wconf 78' lang='lat' dir='ltr'><strong>superans</strong></span> <span class='ocrx_word' id='word_1_127' title='bbox 369 907 574 942; x_wconf 76' lang='lat' dir='ltr'><strong>conceptionem</strong></span> <span class='ocrx_word' id='word_1_128' title='bbox 586 906 695 941; x_wconf 74' lang='lat' dir='ltr'><strong>ignoret</strong></span> <span class='ocrx_word' id='word_1_129' title='bbox 709 914 716 938; x_wconf 89' lang='lat'><strong>;</strong></span> <span class='ocrx_word' id='word_1_130' title='bbox 737 910 766 932; x_wconf 92' lang='lat' dir='ltr'><strong>ut</strong></span> <span class='ocrx_word' id='word_1_131' title='bbox 779 905 875 940; x_wconf 87' lang='lat' dir='ltr'><strong>judicii</strong></span> <span class='ocrx_word' id='word_1_132' title='bbox 891 909 1012 939; x_wconf 80' lang='lat' dir='ltr'><strong>potestas</strong></span> 
     </span>
    </p>
   </div>
   <div class='ocr_carea' id='block_1_20' title="bbox 225 950 1011 986">
    <p class='ocr_par' dir='ltr' id='par_1_20' title="bbox 225 950 1011 986">
     <span class='ocr_line' id='line_1_20' title="bbox 225 950 1011 986; baseline -0.005 -6"><span class='ocrx_word' id='word_1_133' title='bbox 225 953 264 980; x_wconf 93' lang='lat' dir='ltr'><strong>illi</strong></span> <span class='ocrx_word' id='word_1_134' title='bbox 286 953 461 984; x_wconf 84' lang='lat' dir='ltr'><strong>concedatur,</strong></span> <span class='ocrx_word' id='word_1_135' title='bbox 489 961 498 978; x_wconf 74' lang='grc' dir='ltr'><strong>ι</strong></span> <span class='ocrx_word' id='word_1_136' title='bbox 523 951 603 978; x_wconf 87' lang='lat' dir='ltr'><strong>Pater</strong></span> <span class='ocrx_word' id='word_1_137' title='bbox 626 950 718 982; x_wconf 87' lang='lat' dir='ltr'><strong>enim,</strong></span> <span class='ocrx_word' id='word_1_138' title='bbox 745 951 852 986; x_wconf 84' lang='lat' dir='ltr'><strong>inquit,</strong></span> <span class='ocrx_word' id='word_1_139' title='bbox 876 951 1011 977; x_wconf 86' lang='lat' dir='ltr'><strong>neminem</strong></span> 
     </span>
    </p>
   </div>
   <div class='ocr_carea' id='block_1_21' title="bbox 223 995 1013 1034">
    <p class='ocr_par' dir='ltr' id='par_1_21' title="bbox 223 995 1013 1034">
     <span class='ocr_line' id='line_1_21' title="bbox 223 995 1013 1034; baseline -0.004 -9"><span class='ocrx_word' id='word_1_140' title='bbox 223 998 331 1034; x_wconf 85' lang='lat' dir='ltr'><strong>judicat</strong></span> <span class='ocrx_word' id='word_1_141' title='bbox 344 1018 352 1030; x_wconf 88' lang='lat'><strong>,</strong></span> <span class='ocrx_word' id='word_1_142' title='bbox 370 998 416 1025; x_wconf 90' lang='lat' dir='ltr'><strong>sed</strong></span> <span class='ocrx_word' id='word_1_143' title='bbox 434 1005 514 1024; x_wconf 87' lang='lat' dir='ltr'><strong>omne</strong></span> <span class='ocrx_word' id='word_1_144' title='bbox 527 997 660 1032; x_wconf 85' lang='lat' dir='ltr'><strong>judicium</strong></span> <span class='ocrx_word' id='word_1_145' title='bbox 686 995 756 1023; x_wconf 89' lang='lat' dir='ltr'><strong>Filio</strong></span> <span class='ocrx_word' id='word_1_146' title='bbox 770 996 844 1023; x_wconf 88' lang='lat' dir='ltr'><strong>dedit</strong></span> <span class='ocrx_word' id='word_1_147' title='bbox 856 995 895 1028; x_wconf 75' lang='grc'><strong>³⁸,</strong></span> <span class='ocrx_word' id='word_1_148' title='bbox 911 1005 920 1021; x_wconf 74' lang='grc' dir='ltr'><strong>ι</strong></span> <span class='ocrx_word' id='word_1_149' title='bbox 939 996 1013 1022; x_wconf 69' lang='lat' dir='ltr'><strong>liora:</strong></span> 
     </span>
    </p>
   </div>
   <div class='ocr_carea' id='block_1_22' title="bbox 226 1041 1013 1077">
    <p class='ocr_par' dir='ltr' id='par_1_22' title="bbox 226 1041 1013 1077">
     <span class='ocr_line' id='line_1_22' title="bbox 226 1041 1013 1077; baseline -0.004 -5"><span class='ocrx_word' id='word_1_150' title='bbox 226 1050 318 1072; x_wconf 85' lang='lat' dir='ltr'><strong>autem</strong></span> <span class='ocrx_word' id='word_1_151' title='bbox 333 1045 447 1071; x_wconf 82' lang='lat' dir='ltr'><strong>scientia</strong></span> <span class='ocrx_word' id='word_1_152' title='bbox 461 1063 468 1074; x_wconf 90' lang='lat'><strong>,</strong></span> <span class='ocrx_word' id='word_1_153' title='bbox 493 1047 520 1070; x_wconf 78' lang='lat' dir='ltr'><strong>et</strong></span> <span class='ocrx_word' id='word_1_154' title='bbox 540 1043 680 1076; x_wconf 83' lang='lat' dir='ltr'><strong>discretio,</strong></span> <span class='ocrx_word' id='word_1_155' title='bbox 697 1042 858 1077; x_wconf 82' lang='lat' dir='ltr'><strong>sapientiam</strong></span> <span class='ocrx_word' id='word_1_156' title='bbox 873 1043 933 1077; x_wconf 89' lang='lat' dir='ltr'><strong>ejus</strong></span> <span class='ocrx_word' id='word_1_157' title='bbox 946 1041 1013 1069; x_wconf 82' lang='lat' dir='ltr'><strong>elIu—</strong></span> 
     </span>
    </p>
   </div>
   <div class='ocr_carea' id='block_1_23' title="bbox 226 1089 1011 1126">
    <p class='ocr_par' dir='ltr' id='par_1_23' title="bbox 226 1089 1011 1126">
     <span class='ocr_line' id='line_1_23' title="bbox 226 1089 1011 1126; baseline 0 -10"><span class='ocrx_word' id='word_1_158' title='bbox 226 1091 282 1126; x_wconf 74' lang='lat' dir='ltr'><strong>giat</strong></span> <span class='ocrx_word' id='word_1_159' title='bbox 301 1095 329 1117; x_wconf 87' lang='lat' dir='ltr'><strong>et</strong></span> <span class='ocrx_word' id='word_1_160' title='bbox 355 1089 518 1118; x_wconf 83' lang='lat' dir='ltr'><strong>dominium.</strong></span> <span class='ocrx_word' id='word_1_161' title='bbox 539 1089 591 1116; x_wconf 89' lang='lat' dir='ltr'><strong>Sed</strong></span> <span class='ocrx_word' id='word_1_162' title='bbox 606 1089 670 1124; x_wconf 90' lang='lat' dir='ltr'><strong>quid</strong></span> <span class='ocrx_word' id='word_1_163' title='bbox 688 1097 738 1123; x_wconf 73' lang='lat' dir='ltr'><strong>ego</strong></span> <span class='ocrx_word' id='word_1_164' title='bbox 758 1089 815 1116; x_wconf 64' lang='lat' dir='ltr'><strong>haec</strong></span> <span class='ocrx_word' id='word_1_165' title='bbox 832 1089 877 1116; x_wconf 91' lang='lat' dir='ltr'><strong>hic</strong></span> <span class='ocrx_word' id='word_1_166' title='bbox 890 1097 1011 1116; x_wconf 91' lang='lat' dir='ltr'><strong>comme-</strong></span> 
     </span>
    </p>
   </div>
   <div class='ocr_carea' id='block_1_24' title="bbox 225 1134 1012 1171">
    <p class='ocr_par' dir='ltr' id='par_1_24' title="bbox 225 1134 1012 1171">
     <span class='ocr_line' id='line_1_24' title="bbox 225 1134 1012 1171; baseline -0.004 -7"><span class='ocrx_word' id='word_1_167' title='bbox 225 1137 373 1164; x_wconf 79' lang='lat' dir='ltr'><strong>moro?An</strong></span> <span class='ocrx_word' id='word_1_168' title='bbox 390 1137 413 1163; x_wconf 90' lang='lat' dir='ltr'><strong>is</strong></span> <span class='ocrx_word' id='word_1_169' title='bbox 432 1137 478 1171; x_wconf 88' lang='lat' dir='ltr'><strong>qui</strong></span> <span class='ocrx_word' id='word_1_170' title='bbox 494 1136 599 1162; x_wconf 77' lang='lat' dir='ltr'><strong>Patrem</strong></span> <span class='ocrx_word' id='word_1_171' title='bbox 613 1136 650 1163; x_wconf 87' lang='lat' dir='ltr'><strong>ita</strong></span> <span class='ocrx_word' id='word_1_172' title='bbox 666 1136 789 1167; x_wconf 86' lang='lat' dir='ltr'><strong>videt,ac</strong></span> <span class='ocrx_word' id='word_1_173' title='bbox 806 1136 885 1162; x_wconf 83' lang='lat' dir='ltr'><strong>Pater</strong></span> <span class='ocrx_word' id='word_1_174' title='bbox 900 1134 1012 1166; x_wconf 80' lang='lat' dir='ltr'><strong>Filium,</strong></span> 
     </span>
    </p>
   </div>
   <div class='ocr_carea' id='block_1_25' title="bbox 225 1181 1014 1217">
    <p class='ocr_par' dir='ltr' id='par_1_25' title="bbox 225 1181 1014 1217">
     <span class='ocr_line' id='line_1_25' title="bbox 225 1181 1014 1217; baseline -0.003 -7"><span class='ocrx_word' id='word_1_175' title='bbox 225 1183 295 1210; x_wconf 90' lang='lat' dir='ltr'><strong>diem</strong></span> <span class='ocrx_word' id='word_1_176' title='bbox 307 1188 334 1210; x_wconf 88' lang='lat' dir='ltr'><strong>et</strong></span> <span class='ocrx_word' id='word_1_177' title='bbox 349 1182 455 1214; x_wconf 89' lang='lat' dir='ltr'><strong>horam,</strong></span> <span class='ocrx_word' id='word_1_178' title='bbox 479 1181 626 1217; x_wconf 85' lang='lat' dir='ltr'><strong>particulas</strong></span> <span class='ocrx_word' id='word_1_179' title='bbox 642 1183 773 1215; x_wconf 86' lang='lat' dir='ltr'><strong>quasdam</strong></span> <span class='ocrx_word' id='word_1_180' title='bbox 793 1181 872 1209; x_wconf 83' lang='lat' dir='ltr'><strong>facile</strong></span> <span class='ocrx_word' id='word_1_181' title='bbox 896 1182 1014 1208; x_wconf 81' lang='lat' dir='ltr'><strong>circum-</strong></span> 
     </span>
    </p>
   </div>
   <div class='ocr_carea' id='block_1_26' title="bbox 224 1227 1013 1263">
    <p class='ocr_par' dir='ltr' id='par_1_26' title="bbox 224 1227 1013 1263">
     <span class='ocr_line' id='line_1_26' title="bbox 224 1227 1013 1263; baseline -0.004 -7"><span class='ocrx_word' id='word_1_182' title='bbox 224 1229 396 1261; x_wconf 79' lang='lat' dir='ltr'><strong>scribendas,</strong></span> <span class='ocrx_word' id='word_1_183' title='bbox 408 1227 534 1263; x_wconf 79' lang='lat' dir='ltr'><strong>ignorat?</strong></span> <span class='ocrx_word' id='word_1_184' title='bbox 549 1227 631 1260; x_wconf 86' lang='lat' dir='ltr'><strong>Sane,</strong></span> <span class='ocrx_word' id='word_1_185' title='bbox 647 1229 802 1262; x_wconf 87' lang='lat' dir='ltr'><strong>patetquod</strong></span> <span class='ocrx_word' id='word_1_186' title='bbox 816 1227 850 1260; x_wconf 83' lang='lat' dir='ltr'><strong>is,</strong></span> <span class='ocrx_word' id='word_1_187' title='bbox 860 1227 907 1261; x_wconf 87' lang='lat' dir='ltr'><strong>qui</strong></span> <span class='ocrx_word' id='word_1_188' title='bbox 922 1227 1013 1253; x_wconf 89' lang='lat' dir='ltr'><strong>omnia</strong></span> 
     </span>
    </p>
   </div>
   <div class='ocr_carea' id='block_1_27' title="bbox 225 1271 1014 1308">
    <p class='ocr_par' dir='ltr' id='par_1_27' title="bbox 225 1271 1014 1308">
     <span class='ocr_line' id='line_1_27' title="bbox 225 1271 1014 1308; baseline -0.005 -7"><span class='ocrx_word' id='word_1_189' title='bbox 225 1275 331 1302; x_wconf 85' lang='lat' dir='ltr'><strong>sciebat</strong></span> <span class='ocrx_word' id='word_1_190' title='bbox 347 1273 507 1308; x_wconf 84' lang='lat' dir='ltr'><strong>priusquam</strong></span> <span class='ocrx_word' id='word_1_191' title='bbox 523 1277 616 1299; x_wconf 82' lang='lat' dir='ltr'><strong>essent</strong></span> <span class='ocrx_word' id='word_1_192' title='bbox 629 1292 637 1305; x_wconf 90' lang='lat'><strong>,</strong></span> <span class='ocrx_word' id='word_1_193' title='bbox 651 1279 713 1299; x_wconf 88' lang='lat' dir='ltr'><strong>cum</strong></span> <span class='ocrx_word' id='word_1_194' title='bbox 729 1272 766 1299; x_wconf 90' lang='lat' dir='ltr'><strong>sit</strong></span> <span class='ocrx_word' id='word_1_195' title='bbox 779 1271 869 1299; x_wconf 80' lang='lat' dir='ltr'><strong>Patris</strong></span> <span class='ocrx_word' id='word_1_196' title='bbox 882 1271 1014 1305; x_wconf 79' lang='lat' dir='ltr'><strong>sapientia</strong></span> 
     </span>
    </p>
   </div>
   <div class='ocr_carea' id='block_1_28' title="bbox 225 1317 1016 1352">
    <p class='ocr_par' dir='ltr' id='par_1_28' title="bbox 225 1317 1016 1352">
     <span class='ocr_line' id='line_1_28' title="bbox 225 1317 1016 1352; baseline -0.005 -6"><span class='ocrx_word' id='word_1_197' title='bbox 225 1320 333 1346; x_wconf 89' lang='lat' dir='ltr'><strong>interna</strong></span> <span class='ocrx_word' id='word_1_198' title='bbox 348 1319 504 1346; x_wconf 84' lang='lat' dir='ltr'><strong>subsistens</strong></span> <span class='ocrx_word' id='word_1_199' title='bbox 516 1338 524 1351; x_wconf 85' lang='lat'><strong>,</strong></span> <span class='ocrx_word' id='word_1_200' title='bbox 537 1319 583 1352; x_wconf 87' lang='lat' dir='ltr'><strong>qui</strong></span> <span class='ocrx_word' id='word_1_201' title='bbox 597 1318 691 1345; x_wconf 87' lang='lat' dir='ltr'><strong>omnia</strong></span> <span class='ocrx_word' id='word_1_202' title='bbox 716 1317 839 1352; x_wconf 75' lang='lat' dir='ltr'><strong>possidet</strong></span> <span class='ocrx_word' id='word_1_203' title='bbox 861 1324 925 1352; x_wconf 64' lang='lat' dir='ltr'><strong>quae</strong></span> <span class='ocrx_word' id='word_1_204' title='bbox 951 1322 1016 1344; x_wconf 82' lang='lat' dir='ltr'><strong>sunt</strong></span> 
     </span>
    </p>
   </div>
   <div class='ocr_carea' id='block_1_29' title="bbox 225 1362 1014 1398">
    <p class='ocr_par' dir='ltr' id='par_1_29' title="bbox 225 1362 1014 1398">
     <span class='ocr_line' id='line_1_29' title="bbox 225 1362 1014 1398; baseline -0.005 -6"><span class='ocrx_word' id='word_1_205' title='bbox 225 1365 334 1396; x_wconf 81' lang='lat' dir='ltr'><strong>Patris,</strong></span> <span class='ocrx_word' id='word_1_206' title='bbox 357 1364 410 1391; x_wconf 88' lang='lat' dir='ltr'><strong>nisi</strong></span> <span class='ocrx_word' id='word_1_207' title='bbox 435 1364 509 1398; x_wconf 88' lang='lat' dir='ltr'><strong>quod</strong></span> <span class='ocrx_word' id='word_1_208' title='bbox 528 1364 665 1398; x_wconf 79' lang='lat' dir='ltr'><strong>ingenitus</strong></span> <span class='ocrx_word' id='word_1_209' title='bbox 678 1382 687 1396; x_wconf 89' lang='lat'><strong>,</strong></span> <span class='ocrx_word' id='word_1_210' title='bbox 712 1369 741 1390; x_wconf 91' lang='lat' dir='ltr'><strong>ut</strong></span> <span class='ocrx_word' id='word_1_211' title='bbox 763 1363 863 1395; x_wconf 87' lang='lat' dir='ltr'><strong>Pater,</strong></span> <span class='ocrx_word' id='word_1_212' title='bbox 885 1369 940 1389; x_wconf 93' lang='lat' dir='ltr'><strong>non</strong></span> <span class='ocrx_word' id='word_1_213' title='bbox 957 1362 1014 1395; x_wconf 86' lang='lat' dir='ltr'><strong>sit,</strong></span> 
     </span>
    </p>
   </div>
   <div class='ocr_carea' id='block_1_30' title="bbox 226 1407 1016 1443">
    <p class='ocr_par' dir='ltr' id='par_1_30' title="bbox 226 1407 1016 1443">
     <span class='ocr_line' id='line_1_30' title="bbox 226 1407 1016 1443; baseline -0.003 -7"><span class='ocrx_word' id='word_1_214' title='bbox 226 1411 345 1438; x_wconf 86' lang='lat' dir='ltr'><strong>istorum</strong></span> <span class='ocrx_word' id='word_1_215' title='bbox 372 1409 554 1443; x_wconf 86' lang='lat' dir='ltr'><strong>ignorantiam</strong></span> <span class='ocrx_word' id='word_1_216' title='bbox 571 1416 626 1435; x_wconf 95' lang='lat' dir='ltr'><strong>non</strong></span> <span class='ocrx_word' id='word_1_217' title='bbox 643 1409 738 1436; x_wconf 86' lang='lat' dir='ltr'><strong>habuit</strong></span> <span class='ocrx_word' id='word_1_218' title='bbox 753 1418 759 1436; x_wconf 92' lang='lat'><strong>:</strong></span> <span class='ocrx_word' id='word_1_219' title='bbox 781 1408 829 1436; x_wconf 87' lang='lat' dir='ltr'><strong>sed</strong></span> <span class='ocrx_word' id='word_1_220' title='bbox 847 1408 920 1443; x_wconf 91' lang='lat' dir='ltr'><strong>quod</strong></span> <span class='ocrx_word' id='word_1_221' title='bbox 936 1407 1016 1436; x_wconf 84' lang='lat' dir='ltr'><strong>disci-</strong></span> 
     </span>
    </p>
   </div>
   <div class='ocr_carea' id='block_1_31' title="bbox 226 1453 1015 1490">
    <p class='ocr_par' dir='ltr' id='par_1_31' title="bbox 226 1453 1015 1490">
     <span class='ocr_line' id='line_1_31' title="bbox 226 1453 1015 1490; baseline -0.003 -8"><span class='ocrx_word' id='word_1_222' title='bbox 226 1456 308 1490; x_wconf 84' lang='lat' dir='ltr'><strong>pulos</strong></span> <span class='ocrx_word' id='word_1_223' title='bbox 323 1455 394 1482; x_wconf 89' lang='lat' dir='ltr'><strong>scire</strong></span> <span class='ocrx_word' id='word_1_224' title='bbox 406 1462 459 1482; x_wconf 88' lang='lat' dir='ltr'><strong>non</strong></span> <span class='ocrx_word' id='word_1_225' title='bbox 474 1458 658 1489; x_wconf 76' lang='lat' dir='ltr'><strong>congrueret,</strong></span> <span class='ocrx_word' id='word_1_226' title='bbox 674 1453 926 1489; x_wconf 83' lang='lat' dir='ltr'><strong>comperendinavit</strong></span> <span class='ocrx_word' id='word_1_227' title='bbox 939 1461 1015 1481; x_wconf 83' lang='lat' dir='ltr'><strong>reve-</strong></span> 
     </span>
    </p>
   </div>
   <div class='ocr_carea' id='block_1_32' title="bbox 1062 215 1843 253">
    <p class='ocr_par' dir='ltr' id='par_1_32' title="bbox 1062 215 1843 253">
     <span class='ocr_line' id='line_1_32' title="bbox 1062 215 1843 253; baseline -0.003 -9"><span class='ocrx_word' id='word_1_228' title='bbox 1062 217 1116 244; x_wconf 85' lang='grc' dir='ltr'>τῶν</span> <span class='ocrx_word' id='word_1_229' title='bbox 1131 218 1284 253; x_wconf 79' lang='grc' dir='ltr'><strong>εἰρημένων</strong></span> <span class='ocrx_word' id='word_1_230' title='bbox 1297 218 1354 252; x_wconf 71' lang='grc' dir='ltr'>ἐρεῖ</span> <span class='ocrx_word' id='word_1_231' title='bbox 1367 226 1408 249; x_wconf 86' lang='grc' dir='ltr'><strong>τις</strong></span> <span class='ocrx_word' id='word_1_232' title='bbox 1423 218 1538 252; x_wconf 84' lang='grc' dir='ltr'>ἀφορᾷν,</span> <span class='ocrx_word' id='word_1_233' title='bbox 1551 217 1598 243; x_wconf 77' lang='grc' dir='ltr'>καὶ</span> <span class='ocrx_word' id='word_1_234' title='bbox 1609 217 1640 242; x_wconf 83' lang='grc' dir='ltr'><strong>τὺ</strong></span> <span class='ocrx_word' id='word_1_235' title='bbox 1655 215 1691 252; x_wconf 82' lang='grc' dir='ltr'>μὴ</span> <span class='ocrx_word' id='word_1_236' title='bbox 1706 215 1843 250; x_wconf 81' lang='grc' dir='ltr'>βούλεσθαι</span> 
     </span>
    </p>
   </div>
   <div class='ocr_carea' id='block_1_33' title="bbox 1062 259 1844 298">
    <p class='ocr_par' dir='ltr' id='par_1_33' title="bbox 1062 259 1844 298">
     <span class='ocr_line' id='line_1_33' title="bbox 1062 259 1844 298; baseline -0.001 -9"><span class='ocrx_word' id='word_1_237' title='bbox 1062 264 1118 294; x_wconf 82' lang='grc' dir='ltr'>τοῖς</span> <span class='ocrx_word' id='word_1_238' title='bbox 1135 263 1270 298; x_wconf 78' lang='grc' dir='ltr'><strong>μαθηταῖς</strong></span> <span class='ocrx_word' id='word_1_239' title='bbox 1281 264 1378 294; x_wconf 76' lang='grc' dir='ltr'>εἰπεῖν,</span> <span class='ocrx_word' id='word_1_240' title='bbox 1398 262 1471 298; x_wconf 76' lang='grc' dir='ltr'>ἅπερ</span> <span class='ocrx_word' id='word_1_241' title='bbox 1484 263 1575 294; x_wconf 75' lang='grc' dir='ltr'>αὐτοῖς</span> <span class='ocrx_word' id='word_1_242' title='bbox 1586 262 1637 288; x_wconf 85' lang='grc' dir='ltr'>οὐκ</span> <span class='ocrx_word' id='word_1_243' title='bbox 1647 259 1681 297; x_wconf 84' lang='grc' dir='ltr'>ἦν</span> <span class='ocrx_word' id='word_1_244' title='bbox 1695 262 1764 293; x_wconf 85' lang='grc' dir='ltr'>τέως</span> <span class='ocrx_word' id='word_1_245' title='bbox 1779 270 1844 296; x_wconf 85' lang='grc' dir='ltr'>συμ-</span> 
     </span>
    </p>
   </div>
   <div class='ocr_carea' id='block_1_34' title="bbox 1062 308 1845 344">
    <p class='ocr_par' dir='ltr' id='par_1_34' title="bbox 1062 308 1845 344">
     <span class='ocr_line' id='line_1_34' title="bbox 1062 308 1845 344; baseline -0.001 -9"><span class='ocrx_word' id='word_1_246' title='bbox 1062 309 1145 344; x_wconf 87' lang='grc' dir='ltr'>φέρον</span> <span class='ocrx_word' id='word_1_247' title='bbox 1160 309 1266 344; x_wconf 84' lang='grc' dir='ltr'>μαθείν,</span> <span class='ocrx_word' id='word_1_248' title='bbox 1284 309 1344 336; x_wconf 75' lang='grc' dir='ltr'><strong>οὐδὲ</strong></span> <span class='ocrx_word' id='word_1_249' title='bbox 1357 308 1435 335; x_wconf 78' lang='grc' dir='ltr'>τοῦτο</span> <span class='ocrx_word' id='word_1_250' title='bbox 1448 309 1498 344; x_wconf 79' lang='grc' dir='ltr'>τῆς</span> <span class='ocrx_word' id='word_1_251' title='bbox 1513 308 1705 343; x_wconf 76' lang='grc' dir='ltr'><strong>φιλανθρώπου</strong></span> <span class='ocrx_word' id='word_1_252' title='bbox 1721 309 1845 342; x_wconf 77' lang='grc' dir='ltr'><strong>προνοίας</strong></span> 
     </span>
    </p>
   </div>
   <div class='ocr_carea' id='block_1_35' title="bbox 1062 354 1846 390">
    <p class='ocr_par' dir='ltr' id='par_1_35' title="bbox 1062 354 1846 390">
     <span class='ocr_line' id='line_1_35' title="bbox 1062 354 1846 390; baseline -0.003 -8"><span class='ocrx_word' id='word_1_253' title='bbox 1062 355 1079 390; x_wconf 84' lang='grc' dir='ltr'><strong>ἡ</strong></span> <span class='ocrx_word' id='word_1_254' title='bbox 1095 355 1205 390; x_wconf 78' lang='grc' dir='ltr'>μέθοδος</span> <span class='ocrx_word' id='word_1_255' title='bbox 1222 357 1405 390; x_wconf 84' lang='grc' dir='ltr'>παραιτεῖται·</span> <span class='ocrx_word' id='word_1_256' title='bbox 1425 355 1594 390; x_wconf 84' lang='grc' dir='ltr'>μεθοδεύοιτο</span> <span class='ocrx_word' id='word_1_257' title='bbox 1607 354 1629 381; x_wconf 80' lang='grc' dir='ltr'><strong>δ’</strong></span> <span class='ocrx_word' id='word_1_258' title='bbox 1649 354 1692 388; x_wconf 80' lang='grc' dir='ltr'><strong>ἂν,</strong></span> <span class='ocrx_word' id='word_1_259' title='bbox 1706 355 1736 387; x_wconf 76' lang='grc' dir='ltr'>ἐξ</span> <span class='ocrx_word' id='word_1_260' title='bbox 1750 356 1846 381; x_wconf 68' lang='grc' dir='ltr'>οἰκονο-</span> 
     </span>
    </p>
   </div>
   <div class='ocr_carea' id='block_1_36' title="bbox 1065 401 1845 436">
    <p class='ocr_par' dir='ltr' id='par_1_36' title="bbox 1065 401 1845 436">
     <span class='ocr_line' id='line_1_36' title="bbox 1065 401 1845 436; baseline -0.003 -8"><span class='ocrx_word' id='word_1_261' title='bbox 1065 401 1129 436; x_wconf 85' lang='grc' dir='ltr'>μίας</span> <span class='ocrx_word' id='word_1_262' title='bbox 1154 401 1377 436; x_wconf 75' lang='grc' dir='ltr'><strong>σχηματιζομένη</strong></span> <span class='ocrx_word' id='word_1_263' title='bbox 1402 401 1452 436; x_wconf 82' lang='grc' dir='ltr'>τὴν</span> <span class='ocrx_word' id='word_1_264' title='bbox 1473 401 1594 435; x_wconf 81' lang='grc' dir='ltr'>ἄγνοιαν,</span> <span class='ocrx_word' id='word_1_265' title='bbox 1623 401 1671 428; x_wconf 78' lang='grc' dir='ltr'>καὶ</span> <span class='ocrx_word' id='word_1_266' title='bbox 1693 401 1724 427; x_wconf 78' lang='grc' dir='ltr'>τὸ</span> <span class='ocrx_word' id='word_1_267' title='bbox 1750 401 1845 436; x_wconf 76' lang='grc' dir='ltr'>μᾶλλον</span> 
     </span>
    </p>
   </div>
   <div class='ocr_carea' id='block_1_37' title="bbox 1062 446 1844 482">
    <p class='ocr_par' dir='ltr' id='par_1_37' title="bbox 1062 446 1844 482">
     <span class='ocr_line' id='line_1_37' title="bbox 1062 446 1844 482; baseline -0.001 -9"><span class='ocrx_word' id='word_1_268' title='bbox 1062 447 1137 480; x_wconf 83' lang='grc' dir='ltr'>δόξαι</span> <span class='ocrx_word' id='word_1_269' title='bbox 1149 447 1186 481; x_wconf 83' lang='grc' dir='ltr'>μὴ</span> <span class='ocrx_word' id='word_1_270' title='bbox 1200 447 1309 478; x_wconf 80' lang='grc' dir='ltr'>εἰδέναι,</span> <span class='ocrx_word' id='word_1_271' title='bbox 1327 447 1396 481; x_wconf 83' lang='grc' dir='ltr'><strong>ὑπὲρ</strong></span> <span class='ocrx_word' id='word_1_272' title='bbox 1411 446 1457 473; x_wconf 81' lang='grc' dir='ltr'>τοῦ</span> <span class='ocrx_word' id='word_1_273' title='bbox 1475 446 1512 482; x_wconf 84' lang='grc' dir='ltr'>μὴ</span> <span class='ocrx_word' id='word_1_274' title='bbox 1524 446 1618 472; x_wconf 84' lang='grc' dir='ltr'>λυπεῖν</span> <span class='ocrx_word' id='word_1_275' title='bbox 1632 448 1694 478; x_wconf 77' lang='grc' dir='ltr'>τοὺς</span> <span class='ocrx_word' id='word_1_276' title='bbox 1713 446 1844 480; x_wconf 79' lang='grc' dir='ltr'>μαθητὰς,</span> 
     </span>
    </p>
   </div>
   <div class='ocr_carea' id='block_1_38' title="bbox 1062 491 1844 528">
    <p class='ocr_par' dir='ltr' id='par_1_38' title="bbox 1062 491 1844 528">
     <span class='ocr_line' id='line_1_38' title="bbox 1062 491 1844 528; baseline -0.003 -9"><span class='ocrx_word' id='word_1_277' title='bbox 1062 492 1093 519; x_wconf 85' lang='grc' dir='ltr'><strong>τὺ</strong></span> <span class='ocrx_word' id='word_1_278' title='bbox 1110 494 1282 527; x_wconf 81' lang='grc' dir='ltr'><strong>ἐγνωσμένον</strong></span> <span class='ocrx_word' id='word_1_279' title='bbox 1298 492 1394 528; x_wconf 81' lang='grc' dir='ltr'><strong>μαθεῖν</strong></span> <span class='ocrx_word' id='word_1_280' title='bbox 1405 492 1553 527; x_wconf 77' lang='grc' dir='ltr'><strong>ζητοῦντας</strong></span> <span class='ocrx_word' id='word_1_281' title='bbox 1565 513 1574 526; x_wconf 76' lang='lat'><strong>,</strong></span> <span class='ocrx_word' id='word_1_282' title='bbox 1587 493 1637 518; x_wconf 69' lang='grc' dir='ltr'>οὐκ</span> <span class='ocrx_word' id='word_1_283' title='bbox 1647 491 1844 518; x_wconf 63' lang='grc' dir='ltr'>ἐκδιδάσκω-ια’</span> 
     </span>
    </p>
   </div>
   <div class='ocr_carea' id='block_1_39' title="bbox 1063 531 1845 573">
    <p class='ocr_par' dir='ltr' id='par_1_39' title="bbox 1063 531 1845 573">
     <span class='ocr_line' id='line_1_39' title="bbox 1063 531 1845 573; baseline -0.003 -8"><span class='ocrx_word' id='word_1_284' title='bbox 1063 539 1124 565; x_wconf 80' lang='grc' dir='ltr'>ἐπεὶ</span> <span class='ocrx_word' id='word_1_285' title='bbox 1141 539 1198 570; x_wconf 84' lang='grc' dir='ltr'><strong>πῶς</strong></span> <span class='ocrx_word' id='word_1_286' title='bbox 1209 539 1295 570; x_wconf 77' lang='grc' dir='ltr'>ἄλλως</span> <span class='ocrx_word' id='word_1_287' title='bbox 1311 539 1344 565; x_wconf 85' lang='grc' dir='ltr'>ἂν</span> <span class='ocrx_word' id='word_1_288' title='bbox 1362 539 1417 573; x_wconf 75' lang='grc' dir='ltr'>ἔχοι</span> <span class='ocrx_word' id='word_1_289' title='bbox 1433 539 1521 572; x_wconf 77' lang='grc' dir='ltr'>λόγον,</span> <span class='ocrx_word' id='word_1_290' title='bbox 1534 531 1569 565; x_wconf 74' lang='grc' dir='ltr'>τὰ</span> <span class='ocrx_word' id='word_1_291' title='bbox 1584 538 1634 573; x_wconf 78' lang='grc' dir='ltr'>μὲν</span> <span class='ocrx_word' id='word_1_292' title='bbox 1646 538 1698 572; x_wconf 73' lang='grc' dir='ltr'><strong>πρὸ</strong></span> <span class='ocrx_word' id='word_1_293' title='bbox 1713 538 1763 572; x_wconf 82' lang='grc' dir='ltr'>τῆς</span> <span class='ocrx_word' id='word_1_294' title='bbox 1776 537 1845 572; x_wconf 80' lang='grc' dir='ltr'>ὧρας</span> 
     </span>
    </p>
   </div>
   <div class='ocr_carea' id='block_1_40' title="bbox 1064 583 1844 619">
    <p class='ocr_par' dir='ltr' id='par_1_40' title="bbox 1064 583 1844 619">
     <span class='ocr_line' id='line_1_40' title="bbox 1064 583 1844 619; baseline -0.004 -9"><span class='ocrx_word' id='word_1_295' title='bbox 1064 584 1164 610; x_wconf 80' lang='grc' dir='ltr'>εἰδέναι</span> <span class='ocrx_word' id='word_1_296' title='bbox 1188 593 1236 616; x_wconf 80' lang='grc' dir='ltr'>τε,</span> <span class='ocrx_word' id='word_1_297' title='bbox 1259 584 1306 610; x_wconf 72' lang='grc' dir='ltr'>καὶ</span> <span class='ocrx_word' id='word_1_298' title='bbox 1323 585 1370 611; x_wconf 87' lang='grc' dir='ltr'>σὺν</span> <span class='ocrx_word' id='word_1_299' title='bbox 1390 584 1473 619; x_wconf 83' lang='grc' dir='ltr'>πολλῇ</span> <span class='ocrx_word' id='word_1_300' title='bbox 1494 583 1631 610; x_wconf 78' lang='grc' dir='ltr'>διδάσκειν</span> <span class='ocrx_word' id='word_1_301' title='bbox 1649 585 1682 618; x_wconf 79' lang='grc' dir='ltr'>τῇ</span> <span class='ocrx_word' id='word_1_302' title='bbox 1705 583 1844 618; x_wconf 71' lang='grc' dir='ltr'>ἀκριϐείᾳ,</span> 
     </span>
    </p>
   </div>
   <div class='ocr_carea' id='block_1_41' title="bbox 1064 629 1846 666">
    <p class='ocr_par' dir='ltr' id='par_1_41' title="bbox 1064 629 1846 666">
     <span class='ocr_line' id='line_1_41' title="bbox 1064 629 1846 666; baseline -0.001 -10"><span class='ocrx_word' id='word_1_303' title='bbox 1064 630 1148 665; x_wconf 79' lang='grc' dir='ltr'>αὐτὴν</span> <span class='ocrx_word' id='word_1_304' title='bbox 1162 630 1190 656; x_wconf 81' lang='grc' dir='ltr'><strong>δὲ</strong></span> <span class='ocrx_word' id='word_1_305' title='bbox 1204 631 1253 665; x_wconf 83' lang='grc' dir='ltr'>τὴν</span> <span class='ocrx_word' id='word_1_306' title='bbox 1266 630 1341 666; x_wconf 85' lang='grc' dir='ltr'>ὥραν</span> <span class='ocrx_word' id='word_1_307' title='bbox 1353 630 1466 656; x_wconf 82' lang='grc' dir='ltr'>ἐκείνων</span> <span class='ocrx_word' id='word_1_308' title='bbox 1480 630 1624 665; x_wconf 79' lang='grc' dir='ltr'>ἐχομένην,</span> <span class='ocrx_word' id='word_1_309' title='bbox 1640 629 1687 656; x_wconf 75' lang='grc' dir='ltr'>καὶ</span> <span class='ocrx_word' id='word_1_310' title='bbox 1701 629 1732 655; x_wconf 82' lang='grc' dir='ltr'>τὸ</span> <span class='ocrx_word' id='word_1_311' title='bbox 1748 629 1846 664; x_wconf 84' lang='grc' dir='ltr'>βραχύ-</span> 
     </span>
    </p>
   </div>
   <div class='ocr_carea' id='block_1_42' title="bbox 1063 674 1848 712">
    <p class='ocr_par' dir='ltr' id='par_1_42' title="bbox 1063 674 1848 712">
     <span class='ocr_line' id='line_1_42' title="bbox 1063 674 1848 712; baseline -0.003 -9"><span class='ocrx_word' id='word_1_312' title='bbox 1063 685 1144 703; x_wconf 84' lang='grc' dir='ltr'>τατον</span> <span class='ocrx_word' id='word_1_313' title='bbox 1161 676 1242 712; x_wconf 83' lang='grc' dir='ltr'>μέρος</span> <span class='ocrx_word' id='word_1_314' title='bbox 1255 674 1349 707; x_wconf 83' lang='grc' dir='ltr'>οὖσαν,</span> <span class='ocrx_word' id='word_1_315' title='bbox 1366 677 1416 702; x_wconf 75' lang='grc' dir='ltr'><strong>οὐκ</strong></span> <span class='ocrx_word' id='word_1_316' title='bbox 1432 676 1644 710; x_wconf 74' lang='grc' dir='ltr'>ἐπιγινώσκεινς</span> <span class='ocrx_word' id='word_1_317' title='bbox 1663 676 1721 707; x_wconf 84' lang='grc' dir='ltr'>πῶς</span> <span class='ocrx_word' id='word_1_318' title='bbox 1736 676 1759 702; x_wconf 76' lang='grc' dir='ltr'><strong>δ’</strong></span> <span class='ocrx_word' id='word_1_319' title='bbox 1776 675 1809 702; x_wconf 82' lang='grc' dir='ltr'>ἄν</span> <span class='ocrx_word' id='word_1_320' title='bbox 1825 684 1848 701; x_wconf 77' lang='grc' dir='ltr'><strong>τι</strong></span> 
     </span>
    </p>
   </div>
   <div class='ocr_carea' id='block_1_43' title="bbox 1064 720 1847 757">
    <p class='ocr_par' dir='ltr' id='par_1_43' title="bbox 1064 720 1847 757">
     <span class='ocr_line' id='line_1_43' title="bbox 1064 720 1847 757; baseline -0.004 -8"><span class='ocrx_word' id='word_1_321' title='bbox 1064 723 1118 749; x_wconf 82' lang='grc' dir='ltr'>τῶν</span> <span class='ocrx_word' id='word_1_322' title='bbox 1141 723 1226 748; x_wconf 67' lang='grc' dir='ltr'>ὄντων</span> <span class='ocrx_word' id='word_1_323' title='bbox 1243 722 1289 748; x_wconf 80' lang='grc' dir='ltr'>τὸν</span> <span class='ocrx_word' id='word_1_324' title='bbox 1309 721 1444 757; x_wconf 85' lang='grc' dir='ltr'>ἀλάθητον</span> <span class='ocrx_word' id='word_1_325' title='bbox 1470 723 1517 748; x_wconf 80' lang='grc' dir='ltr'>καὶ</span> <span class='ocrx_word' id='word_1_326' title='bbox 1540 722 1610 748; x_wconf 84' lang='grc' dir='ltr'>θεῖον</span> <span class='ocrx_word' id='word_1_327' title='bbox 1631 721 1752 748; x_wconf 84' lang='grc' dir='ltr'>διαλάθοι</span> <span class='ocrx_word' id='word_1_328' title='bbox 1770 720 1847 751; x_wconf 83' lang='grc' dir='ltr'>νοῠν;</span> 
     </span>
    </p>
   </div>
   <div class='ocr_carea' id='block_1_44' title="bbox 1064 768 1850 804">
    <p class='ocr_par' dir='ltr' id='par_1_44' title="bbox 1064 768 1850 804">
     <span class='ocr_line' id='line_1_44' title="bbox 1064 768 1850 804; baseline -0.003 -9"><span class='ocrx_word' id='word_1_329' title='bbox 1064 769 1081 804; x_wconf 85' lang='grc' dir='ltr'>ἦ</span> <span class='ocrx_word' id='word_1_330' title='bbox 1095 769 1156 795; x_wconf 84' lang='grc' dir='ltr'>τίνα</span> <span class='ocrx_word' id='word_1_331' title='bbox 1169 769 1247 802; x_wconf 83' lang='grc' dir='ltr'>λόγον</span> <span class='ocrx_word' id='word_1_332' title='bbox 1267 769 1334 804; x_wconf 77' lang='grc' dir='ltr'>ἔχοι,</span> <span class='ocrx_word' id='word_1_333' title='bbox 1349 768 1403 795; x_wconf 79' lang='grc' dir='ltr'>τῶν</span> <span class='ocrx_word' id='word_1_334' title='bbox 1418 769 1467 803; x_wconf 80' lang='grc' dir='ltr'>μὲν</span> <span class='ocrx_word' id='word_1_335' title='bbox 1482 769 1679 803; x_wconf 77' lang='grc' dir='ltr'>παραγομένων</span> <span class='ocrx_word' id='word_1_336' title='bbox 1694 768 1786 799; x_wconf 79' lang='grc' dir='ltr'>αὐτὸν,</span> <span class='ocrx_word' id='word_1_337' title='bbox 1806 769 1850 794; x_wconf 72' lang='grc' dir='ltr'>καὶ</span> 
     </span>
    </p>
   </div>
   <div class='ocr_carea' id='block_1_45' title="bbox 1065 815 1747 834">
    <p class='ocr_par' dir='ltr' id='par_1_45' title="bbox 1065 815 1747 834">
     <span class='ocr_line' id='line_1_45' title="bbox 1065 815 1747 834; baseline -0.001 0"><span class='ocrx_word' id='word_1_338' title='bbox 1065 815 1114 834; x_wconf 61' lang='grc' dir='ltr'><strong>ρετιν-</strong></span> <span class='ocrx_word' id='word_1_339' title='bbox 1129 815 1300 834; x_wconf 57' lang='grc' dir='ltr'><strong>ηρηηηυιηνὶρ</strong></span> <span class='ocrx_word' id='word_1_340' title='bbox 1334 815 1378 834; x_wconf 62' lang='grc' dir='ltr'><strong>νηὶ</strong></span> <span class='ocrx_word' id='word_1_341' title='bbox 1397 815 1446 834; x_wconf 65' lang='grc' dir='ltr'><strong>ηῆ-</strong></span> <span class='ocrx_word' id='word_1_342' title='bbox 1460 815 1573 834; x_wconf 67' lang='grc' dir='ltr'><strong>ηηυῆνῗι-</strong></span> <span class='ocrx_word' id='word_1_343' title='bbox 1601 815 1651 834; x_wconf 44' lang='grc' dir='ltr'><strong>τὴν</strong></span> <span class='ocrx_word' id='word_1_344' title='bbox 1665 815 1747 834; x_wconf 46' lang='lat' dir='ltr'><strong>alarias</strong></span> 
     </span>
    </p>
   </div>
   <div class='ocr_carea' id='block_1_46' title="bbox 227 814 966 895">
    <p class='ocr_par' dir='ltr' id='par_1_46' title="bbox 227 814 966 895">
     <span class='ocr_line' id='line_1_46' title="bbox 227 814 966 848; baseline -0.007 -4"><span class='ocrx_word' id='word_1_345' title='bbox 227 824 330 848; x_wconf 89' lang='lat' dir='ltr'><strong>rerum,</strong></span> <span class='ocrx_word' id='word_1_346' title='bbox 346 821 372 842; x_wconf 88' lang='lat' dir='ltr'><strong>et</strong></span> <span class='ocrx_word' id='word_1_347' title='bbox 387 816 530 847; x_wconf 85' lang='lat' dir='ltr'><strong>obventus,</strong></span> <span class='ocrx_word' id='word_1_348' title='bbox 552 819 580 841; x_wconf 87' lang='lat' dir='ltr'><strong>et</strong></span> <span class='ocrx_word' id='word_1_349' title='bbox 597 814 775 841; x_wconf 80' lang='lat' dir='ltr'><strong>conuexionis</strong></span> <span class='ocrx_word' id='word_1_350' title='bbox 789 820 901 840; x_wconf 83' lang='lat' dir='ltr'><strong>causam</strong></span> <span class='ocrx_word' id='word_1_351' title='bbox 922 821 966 847; x_wconf 69' lang='lat' dir='ltr'><strong>cog</strong></span> 
     </span>
     <span class='ocr_line' id='line_1_47' title="bbox 227 859 965 895; baseline -0.007 -6"><span class='ocrx_word' id='word_1_352' title='bbox 227 868 282 889; x_wconf 91' lang='lat' dir='ltr'><strong>tam</strong></span> <span class='ocrx_word' id='word_1_353' title='bbox 301 862 418 894; x_wconf 83' lang='lat' dir='ltr'><strong>habeat;</strong></span> <span class='ocrx_word' id='word_1_354' title='bbox 443 866 550 895; x_wconf 85' lang='lat' dir='ltr'><strong>tempus</strong></span> <span class='ocrx_word' id='word_1_355' title='bbox 573 864 664 887; x_wconf 89' lang='lat' dir='ltr'><strong>autem</strong></span> <span class='ocrx_word' id='word_1_356' title='bbox 691 859 857 886; x_wconf 85' lang='lat' dir='ltr'><strong>destinatum</strong></span> <span class='ocrx_word' id='word_1_357' title='bbox 882 863 911 886; x_wconf 88' lang='lat' dir='ltr'><strong>ut</strong></span> <span class='ocrx_word' id='word_1_358' title='bbox 933 865 965 886; x_wconf 85' lang='lat' dir='ltr'><strong>su</strong></span> 
     </span>
    </p>
   </div>
   <div class='ocr_carea' id='block_1_47' title="bbox 1109 814 1848 895">
    <p class='ocr_par' dir='ltr' id='par_1_47' title="bbox 1109 814 1848 895">
     <span class='ocr_line' id='line_1_48' title="bbox 1109 814 1848 851; baseline -0.001 -10"><span class='ocrx_word' id='word_1_359' title='bbox 1109 825 1114 846; x_wconf 86' lang='lat'>;</span> <span class='ocrx_word' id='word_1_360' title='bbox 1129 815 1300 851; x_wconf 79' lang='grc' dir='ltr'>παραγωγῆς</span> <span class='ocrx_word' id='word_1_361' title='bbox 1312 835 1320 847; x_wconf 85' lang='grc'>,</span> <span class='ocrx_word' id='word_1_362' title='bbox 1334 815 1381 842; x_wconf 73' lang='grc' dir='ltr'>καὶ</span> <span class='ocrx_word' id='word_1_363' title='bbox 1397 815 1446 849; x_wconf 81' lang='grc' dir='ltr'>τῆς</span> <span class='ocrx_word' id='word_1_364' title='bbox 1460 815 1588 850; x_wconf 78' lang='grc' dir='ltr'>συνοχῆς,</span> <span class='ocrx_word' id='word_1_365' title='bbox 1601 815 1651 849; x_wconf 82' lang='grc' dir='ltr'>τὴν</span> <span class='ocrx_word' id='word_1_366' title='bbox 1665 815 1754 841; x_wconf 78' lang='grc' dir='ltr'>αἰτίαν</span> <span class='ocrx_word' id='word_1_367' title='bbox 1766 814 1848 848; x_wconf 76' lang='grc' dir='ltr'>ἔχειν,</span> 
     </span>
     <span class='ocr_line' id='line_1_49' title="bbox 1109 859 1848 895; baseline -0.004 -8"><span class='ocrx_word' id='word_1_368' title='bbox 1109 881 1112 886; x_wconf 93' lang='grc'>.</span> <span class='ocrx_word' id='word_1_369' title='bbox 1138 861 1188 895; x_wconf 85' lang='grc' dir='ltr'>τὴν</span> <span class='ocrx_word' id='word_1_370' title='bbox 1202 861 1315 895; x_wconf 84' lang='grc' dir='ltr'>γνῶσιν·</span> <span class='ocrx_word' id='word_1_371' title='bbox 1334 860 1380 887; x_wconf 80' lang='grc' dir='ltr'>τὸν</span> <span class='ocrx_word' id='word_1_372' title='bbox 1399 860 1427 887; x_wconf 83' lang='grc' dir='ltr'>δὲ</span> <span class='ocrx_word' id='word_1_373' title='bbox 1450 860 1544 895; x_wconf 83' lang='grc' dir='ltr'>καιρὸν</span> <span class='ocrx_word' id='word_1_374' title='bbox 1563 861 1652 894; x_wconf 82' lang='grc' dir='ltr'>μόνον,</span> <span class='ocrx_word' id='word_1_375' title='bbox 1668 859 1786 894; x_wconf 77' lang='grc' dir='ltr'>κρείττω</span> <span class='ocrx_word' id='word_1_376' title='bbox 1805 859 1848 893; x_wconf 75' lang='grc' dir='ltr'>τῆς</span> 
     </span>
    </p>
   </div>
   <div class='ocr_carea' id='block_1_48' title="bbox 1064 859 1850 896">
    <p class='ocr_par' dir='ltr' id='par_1_48' title="bbox 1064 859 1850 896">
     <span class='ocr_line' id='line_1_50' title="bbox 1064 859 1850 896; baseline -0.004 -9"><span class='ocrx_word' id='word_1_377' title='bbox 1064 861 1112 887; x_wconf 76' lang='grc' dir='ltr'>καὶ</span> <span class='ocrx_word' id='word_1_378' title='bbox 1138 861 1188 896; x_wconf 85' lang='grc' dir='ltr'>τὴν</span> <span class='ocrx_word' id='word_1_379' title='bbox 1202 861 1315 895; x_wconf 83' lang='grc' dir='ltr'>γνῶσιν·</span> <span class='ocrx_word' id='word_1_380' title='bbox 1334 860 1380 887; x_wconf 79' lang='grc' dir='ltr'>τὸν</span> <span class='ocrx_word' id='word_1_381' title='bbox 1399 860 1427 887; x_wconf 83' lang='grc' dir='ltr'>δὲ</span> <span class='ocrx_word' id='word_1_382' title='bbox 1450 860 1544 895; x_wconf 83' lang='grc' dir='ltr'>καιρὸν</span> <span class='ocrx_word' id='word_1_383' title='bbox 1563 861 1652 894; x_wconf 82' lang='grc' dir='ltr'>μόνον,</span> <span class='ocrx_word' id='word_1_384' title='bbox 1668 859 1786 894; x_wconf 77' lang='grc' dir='ltr'>κρείττω</span> <span class='ocrx_word' id='word_1_385' title='bbox 1805 859 1850 893; x_wconf 75' lang='grc' dir='ltr'>τῆς</span> 
     </span>
    </p>
   </div>
   <div class='ocr_carea' id='block_1_49' title="bbox 1062 905 1850 941">
    <p class='ocr_par' dir='ltr' id='par_1_49' title="bbox 1062 905 1850 941">
     <span class='ocr_line' id='line_1_51' title="bbox 1062 905 1850 941; baseline -0.003 -9"><span class='ocrx_word' id='word_1_386' title='bbox 1062 906 1167 932; x_wconf 78' lang='grc' dir='ltr'>ἐκείνου</span> <span class='ocrx_word' id='word_1_387' title='bbox 1184 906 1374 940; x_wconf 78' lang='grc' dir='ltr'>καταλήψεως,</span> <span class='ocrx_word' id='word_1_388' title='bbox 1390 906 1534 941; x_wconf 83' lang='grc' dir='ltr'>ὑπάρχειν,</span> <span class='ocrx_word' id='word_1_389' title='bbox 1550 906 1597 932; x_wconf 85' lang='grc' dir='ltr'>καὶ</span> <span class='ocrx_word' id='word_1_390' title='bbox 1607 906 1657 940; x_wconf 81' lang='grc' dir='ltr'>τῆς</span> <span class='ocrx_word' id='word_1_391' title='bbox 1672 905 1721 940; x_wconf 84' lang='grc' dir='ltr'>μὲν</span> <span class='ocrx_word' id='word_1_392' title='bbox 1733 905 1850 940; x_wconf 81' lang='grc' dir='ltr'>κρίσεως</span> 
     </span>
    </p>
   </div>
   <div class='ocr_carea' id='block_1_50' title="bbox 1063 951 1851 987">
    <p class='ocr_par' dir='ltr' id='par_1_50' title="bbox 1063 951 1851 987">
     <span class='ocr_line' id='line_1_52' title="bbox 1063 951 1851 987; baseline -0.001 -10"><span class='ocrx_word' id='word_1_393' title='bbox 1063 952 1145 978; x_wconf 80' lang='grc' dir='ltr'>αὐτὸν</span> <span class='ocrx_word' id='word_1_394' title='bbox 1157 951 1327 987; x_wconf 75' lang='grc' dir='ltr'><strong>ἀνηρτῆσθαι</strong></span> <span class='ocrx_word' id='word_1_395' title='bbox 1339 952 1370 978; x_wconf 76' lang='grc' dir='ltr'>τὸ</span> <span class='ocrx_word' id='word_1_396' title='bbox 1385 953 1486 987; x_wconf 75' lang='grc' dir='ltr'>κράτος</span> <span class='ocrx_word' id='word_1_397' title='bbox 1513 954 1536 987; x_wconf 83' lang='grc' dir='ltr'>(ι</span> <span class='ocrx_word' id='word_1_398' title='bbox 1552 954 1566 978; x_wconf 84' lang='grc' dir='ltr'><strong>ὁ</strong></span> <span class='ocrx_word' id='word_1_399' title='bbox 1583 952 1675 987; x_wconf 77' lang='grc' dir='ltr'>Πατὴρ</span> <span class='ocrx_word' id='word_1_400' title='bbox 1688 952 1743 986; x_wconf 75' lang='grc' dir='ltr'>γὰρ</span> <span class='ocrx_word' id='word_1_401' title='bbox 1756 951 1851 977; x_wconf 74' lang='grc' dir='ltr'>οὐδένα</span> 
     </span>
    </p>
   </div>
   <div class='ocr_carea' id='block_1_51' title="bbox 1063 996 1851 1039">
    <p class='ocr_par' dir='ltr' id='par_1_51' title="bbox 1063 996 1851 1039">
     <span class='ocr_line' id='line_1_53' title="bbox 1063 996 1851 1039; baseline 0.008 -17"><span class='ocrx_word' id='word_1_402' title='bbox 1063 996 1167 1032; x_wconf 81' lang='grc' dir='ltr'>κρίνει,</span> <span class='ocrx_word' id='word_1_403' title='bbox 1179 998 1228 1032; x_wconf 87' lang='grc' dir='ltr'>τὴν</span> <span class='ocrx_word' id='word_1_404' title='bbox 1247 997 1275 1023; x_wconf 85' lang='grc' dir='ltr'><strong>δὲ</strong></span> <span class='ocrx_word' id='word_1_405' title='bbox 1291 998 1382 1033; x_wconf 82' lang='grc' dir='ltr'>κρίσιν</span> <span class='ocrx_word' id='word_1_406' title='bbox 1397 999 1486 1039; x_wconf 69' lang='grc' dir='ltr'>πᾶσαν</span> <span class='ocrx_word' id='word_1_407' title='bbox 1501 999 1601 1025; x_wconf 82' lang='grc' dir='ltr'>δέδωκε</span> <span class='ocrx_word' id='word_1_408' title='bbox 1618 998 1656 1032; x_wconf 85' lang='grc' dir='ltr'>τῷ</span> <span class='ocrx_word' id='word_1_409' title='bbox 1673 997 1730 1033; x_wconf 81' lang='grc' dir='ltr'><strong>Υἱῷ</strong></span> <span class='ocrx_word' id='word_1_410' title='bbox 1751 997 1790 1031; x_wconf 73' lang='grc' dir='ltr'><strong>ι).</strong></span> <span class='ocrx_word' id='word_1_411' title='bbox 1805 998 1851 1031; x_wconf 70' lang='grc' dir='ltr'>τῆς</span> 
     </span>
    </p>
   </div>
   <div class='ocr_carea' id='block_1_52' title="bbox 1063 1041 1852 1079">
    <p class='ocr_par' dir='ltr' id='par_1_52' title="bbox 1063 1041 1852 1079">
     <span class='ocr_line' id='line_1_54' title="bbox 1063 1041 1852 1079; baseline 0 -11"><span class='ocrx_word' id='word_1_412' title='bbox 1063 1041 1136 1077; x_wconf 82' lang='grc' dir='ltr'>ὥρας</span> <span class='ocrx_word' id='word_1_413' title='bbox 1151 1043 1179 1069; x_wconf 82' lang='grc' dir='ltr'>δὲ</span> <span class='ocrx_word' id='word_1_414' title='bbox 1190 1042 1239 1077; x_wconf 85' lang='grc' dir='ltr'>τὴν</span> <span class='ocrx_word' id='word_1_415' title='bbox 1251 1043 1405 1076; x_wconf 74' lang='grc' dir='ltr'>διάγνωσιν,</span> <span class='ocrx_word' id='word_1_416' title='bbox 1421 1044 1469 1070; x_wconf 84' lang='grc' dir='ltr'>καὶ</span> <span class='ocrx_word' id='word_1_417' title='bbox 1483 1044 1585 1079; x_wconf 81' lang='grc' dir='ltr'>κρίσιν,</span> <span class='ocrx_word' id='word_1_418' title='bbox 1597 1045 1645 1079; x_wconf 85' lang='grc' dir='ltr'>τὴν</span> <span class='ocrx_word' id='word_1_419' title='bbox 1657 1043 1738 1071; x_wconf 76' lang='grc' dir='ltr'>αὐτοῦ</span> <span class='ocrx_word' id='word_1_420' title='bbox 1755 1043 1852 1079; x_wconf 63' lang='grc' dir='ltr'>σοφίαν</span> 
     </span>
    </p>
   </div>
   <div class='ocr_carea' id='block_1_53' title="bbox 1063 1076 1852 1124">
    <p class='ocr_par' dir='ltr' id='par_1_53' title="bbox 1063 1076 1852 1124">
     <span class='ocr_line' id='line_1_55' title="bbox 1063 1076 1852 1124; baseline -0.001 -9"><span class='ocrx_word' id='word_1_421' title='bbox 1063 1076 1111 1115; x_wconf 78' lang='grc' dir='ltr'>καὶ</span> <span class='ocrx_word' id='word_1_422' title='bbox 1125 1076 1272 1124; x_wconf 78' lang='grc' dir='ltr'>κυριότητα</span> <span class='ocrx_word' id='word_1_423' title='bbox 1286 1089 1455 1123; x_wconf 80' lang='grc' dir='ltr'>διαφεύγειν;</span> <span class='ocrx_word' id='word_1_424' title='bbox 1473 1076 1527 1117; x_wconf 71' lang='grc' dir='ltr'><strong>καὶ</strong></span> <span class='ocrx_word' id='word_1_425' title='bbox 1545 1076 1670 1116; x_wconf 12' lang='grc' dir='ltr'>τίίταθτα</span> <span class='ocrx_word' id='word_1_426' title='bbox 1682 1089 1774 1123; x_wconf 86' lang='grc' dir='ltr'>λέγω;</span> <span class='ocrx_word' id='word_1_427' title='bbox 1790 1076 1852 1122; x_wconf 62' lang='grc' dir='ltr'><strong>Ἆρ’</strong></span> 
     </span>
    </p>
   </div>
   <div class='ocr_carea' id='block_1_54' title="bbox 1063 1134 1852 1170">
    <p class='ocr_par' dir='ltr' id='par_1_54' title="bbox 1063 1134 1852 1170">
     <span class='ocr_line' id='line_1_56' title="bbox 1063 1134 1852 1170; baseline 0.001 -11"><span class='ocrx_word' id='word_1_428' title='bbox 1063 1134 1078 1159; x_wconf 82' lang='grc' dir='ltr'>ὁ</span> <span class='ocrx_word' id='word_1_429' title='bbox 1097 1135 1142 1160; x_wconf 69' lang='grc' dir='ltr'>τὶιν</span> <span class='ocrx_word' id='word_1_430' title='bbox 1160 1134 1267 1168; x_wconf 80' lang='grc' dir='ltr'>Πατέρα</span> <span class='ocrx_word' id='word_1_431' title='bbox 1283 1134 1371 1166; x_wconf 86' lang='grc' dir='ltr'><strong>εὶδὼς,</strong></span> <span class='ocrx_word' id='word_1_432' title='bbox 1386 1134 1480 1170; x_wconf 68' lang='grc' dir='ltr'>ὥσπερ</span> <span class='ocrx_word' id='word_1_433' title='bbox 1495 1137 1508 1161; x_wconf 84' lang='grc' dir='ltr'>ὁ</span> <span class='ocrx_word' id='word_1_434' title='bbox 1522 1135 1618 1170; x_wconf 81' lang='grc' dir='ltr'>Πατὴρ</span> <span class='ocrx_word' id='word_1_435' title='bbox 1630 1135 1675 1161; x_wconf 81' lang='grc' dir='ltr'>τὸν</span> <span class='ocrx_word' id='word_1_436' title='bbox 1696 1134 1770 1165; x_wconf 75' lang='grc' dir='ltr'>Υίὸν,</span> <span class='ocrx_word' id='word_1_437' title='bbox 1786 1134 1852 1168; x_wconf 79' lang='grc' dir='ltr'>ὴμέ-</span> 
     </span>
    </p>
   </div>
   <div class='ocr_carea' id='block_1_55' title="bbox 1066 1180 1851 1216">
    <p class='ocr_par' dir='ltr' id='par_1_55' title="bbox 1066 1180 1851 1216">
     <span class='ocr_line' id='line_1_57' title="bbox 1066 1180 1851 1216; baseline 0 -11"><span class='ocrx_word' id='word_1_438' title='bbox 1066 1189 1114 1215; x_wconf 88' lang='grc' dir='ltr'><strong>ραν</strong></span> <span class='ocrx_word' id='word_1_439' title='bbox 1128 1181 1176 1206; x_wconf 81' lang='grc' dir='ltr'>καὶ</span> <span class='ocrx_word' id='word_1_440' title='bbox 1193 1180 1277 1213; x_wconf 83' lang='grc' dir='ltr'>ὦραν,</span> <span class='ocrx_word' id='word_1_441' title='bbox 1297 1182 1382 1215; x_wconf 79' lang='grc' dir='ltr'>μικρά</span> <span class='ocrx_word' id='word_1_442' title='bbox 1396 1189 1457 1207; x_wconf 80' lang='grc' dir='ltr'>τινα</span> <span class='ocrx_word' id='word_1_443' title='bbox 1472 1182 1517 1207; x_wconf 78' lang='grc' dir='ltr'>καὶ</span> <span class='ocrx_word' id='word_1_444' title='bbox 1535 1181 1726 1216; x_wconf 76' lang='grc' dir='ltr'>εὐπεριόριστα</span> <span class='ocrx_word' id='word_1_445' title='bbox 1741 1180 1851 1213; x_wconf 70' lang='grc' dir='ltr'>διαστή-</span> 
     </span>
    </p>
   </div>
   <div class='ocr_carea' id='block_1_56' title="bbox 1066 1227 1851 1261">
    <p class='ocr_par' dir='ltr' id='par_1_56' title="bbox 1066 1227 1851 1261">
     <span class='ocr_line' id='line_1_58' title="bbox 1066 1227 1851 1261; baseline 0 -9"><span class='ocrx_word' id='word_1_446' title='bbox 1066 1235 1139 1261; x_wconf 82' lang='grc' dir='ltr'>ματα</span> <span class='ocrx_word' id='word_1_447' title='bbox 1150 1247 1158 1258; x_wconf 85' lang='grc'><em>,</em></span> <span class='ocrx_word' id='word_1_448' title='bbox 1173 1227 1318 1261; x_wconf 73' lang='grc' dir='ltr'>ἀγνοήσεις</span> <span class='ocrx_word' id='word_1_449' title='bbox 1335 1227 1351 1261; x_wconf 85' lang='grc' dir='ltr'>ἧ</span> <span class='ocrx_word' id='word_1_450' title='bbox 1376 1227 1464 1258; x_wconf 85' lang='grc' dir='ltr'>δῆλον,</span> <span class='ocrx_word' id='word_1_451' title='bbox 1488 1227 1525 1259; x_wconf 85' lang='grc' dir='ltr'>ὡς</span> <span class='ocrx_word' id='word_1_452' title='bbox 1548 1228 1598 1254; x_wconf 77' lang='grc' dir='ltr'>οὐκ</span> <span class='ocrx_word' id='word_1_453' title='bbox 1617 1227 1696 1257; x_wconf 60' lang='lat' dir='ltr'><strong>aito;</strong></span> <span class='ocrx_word' id='word_1_454' title='bbox 1707 1248 1713 1259; x_wconf 87' lang='grc'><em>,</em></span> <span class='ocrx_word' id='word_1_455' title='bbox 1731 1227 1745 1252; x_wconf 87' lang='grc' dir='ltr'>ὁ</span> <span class='ocrx_word' id='word_1_456' title='bbox 1762 1227 1851 1253; x_wconf 81' lang='grc' dir='ltr'>πάντα</span> 
     </span>
    </p>
   </div>
   <div class='ocr_carea' id='block_1_57' title="bbox 1064 1272 1854 1309">
    <p class='ocr_par' dir='ltr' id='par_1_57' title="bbox 1064 1272 1854 1309">
     <span class='ocr_line' id='line_1_59' title="bbox 1064 1272 1854 1309; baseline 0.001 -11"><span class='ocrx_word' id='word_1_457' title='bbox 1064 1272 1141 1303; x_wconf 83' lang='grc' dir='ltr'>εἰδὼς</span> <span class='ocrx_word' id='word_1_458' title='bbox 1154 1293 1161 1303; x_wconf 85' lang='lat'><strong>,</strong></span> <span class='ocrx_word' id='word_1_459' title='bbox 1178 1274 1226 1299; x_wconf 84' lang='grc' dir='ltr'>καὶ</span> <span class='ocrx_word' id='word_1_460' title='bbox 1244 1273 1309 1308; x_wconf 83' lang='grc' dir='ltr'>πρὶν</span> <span class='ocrx_word' id='word_1_461' title='bbox 1327 1274 1487 1308; x_wconf 81' lang='grc' dir='ltr'>ὑποστῆναι,</span> <span class='ocrx_word' id='word_1_462' title='bbox 1503 1274 1519 1309; x_wconf 84' lang='grc' dir='ltr'>ὴ</span> <span class='ocrx_word' id='word_1_463' title='bbox 1537 1274 1718 1305; x_wconf 76' lang='grc' dir='ltr'>ἐνυπόστατος</span> <span class='ocrx_word' id='word_1_464' title='bbox 1733 1273 1784 1299; x_wconf 81' lang='grc' dir='ltr'>τοῦ</span> <span class='ocrx_word' id='word_1_465' title='bbox 1803 1273 1854 1300; x_wconf 74' lang='lat' dir='ltr'><strong>lla-</strong></span> 
     </span>
    </p>
   </div>
   <div class='ocr_carea' id='block_1_58' title="bbox 1063 1319 1855 1356">
    <p class='ocr_par' dir='ltr' id='par_1_58' title="bbox 1063 1319 1855 1356">
     <span class='ocr_line' id='line_1_60' title="bbox 1063 1319 1855 1356; baseline 0.003 -12"><span class='ocrx_word' id='word_1_466' title='bbox 1063 1319 1127 1353; x_wconf 73' lang='grc' dir='ltr'>τρὺς</span> <span class='ocrx_word' id='word_1_467' title='bbox 1143 1319 1238 1353; x_wconf 76' lang='grc' dir='ltr'>σοφία,</span> <span class='ocrx_word' id='word_1_468' title='bbox 1252 1320 1266 1345; x_wconf 85' lang='grc' dir='ltr'>ὁ</span> <span class='ocrx_word' id='word_1_469' title='bbox 1281 1319 1370 1346; x_wconf 79' lang='grc' dir='ltr'>πάντα</span> <span class='ocrx_word' id='word_1_470' title='bbox 1384 1320 1419 1346; x_wconf 77' lang='grc' dir='ltr'><strong>τὰ</strong></span> <span class='ocrx_word' id='word_1_471' title='bbox 1432 1319 1478 1346; x_wconf 84' lang='grc' dir='ltr'>τοῦ</span> <span class='ocrx_word' id='word_1_472' title='bbox 1495 1321 1599 1356; x_wconf 81' lang='grc' dir='ltr'>Πατρὸς</span> <span class='ocrx_word' id='word_1_473' title='bbox 1619 1320 1700 1355; x_wconf 77' lang='grc' dir='ltr'>ἒχων,</span> <span class='ocrx_word' id='word_1_474' title='bbox 1721 1319 1794 1355; x_wconf 82' lang='grc' dir='ltr'>πλὴν</span> <span class='ocrx_word' id='word_1_475' title='bbox 1807 1320 1855 1354; x_wconf 75' lang='grc' dir='ltr'>τῆς</span> 
     </span>
    </p>
   </div>
   <div class='ocr_carea' id='block_1_59' title="bbox 1064 1364 1856 1401">
    <p class='ocr_par' dir='ltr' id='par_1_59' title="bbox 1064 1364 1856 1401">
     <span class='ocr_line' id='line_1_61' title="bbox 1064 1364 1856 1401; baseline 0.001 -11"><span class='ocrx_word' id='word_1_476' title='bbox 1064 1365 1244 1399; x_wconf 81' lang='grc' dir='ltr'>ἁγεννησὶας,</span> <span class='ocrx_word' id='word_1_477' title='bbox 1270 1366 1300 1391; x_wconf 83' lang='grc' dir='ltr'>οὐ</span> <span class='ocrx_word' id='word_1_478' title='bbox 1328 1366 1377 1401; x_wconf 79' lang='grc' dir='ltr'>μὲν</span> <span class='ocrx_word' id='word_1_479' title='bbox 1404 1364 1450 1394; x_wconf 81' lang='grc' dir='ltr'>οὖν</span> <span class='ocrx_word' id='word_1_480' title='bbox 1480 1367 1542 1393; x_wconf 81' lang='grc' dir='ltr'><strong>οὐδὲ</strong></span> <span class='ocrx_word' id='word_1_481' title='bbox 1567 1367 1621 1393; x_wconf 85' lang='grc' dir='ltr'>τῶν</span> <span class='ocrx_word' id='word_1_482' title='bbox 1648 1366 1777 1393; x_wconf 87' lang='grc' dir='ltr'>τοιούτων</span> <span class='ocrx_word' id='word_1_483' title='bbox 1807 1367 1856 1400; x_wconf 75' lang='grc' dir='ltr'>τὴν</span> 
     </span>
    </p>
   </div>
   <div class='ocr_carea' id='block_1_60' title="bbox 1064 1408 1857 1447">
    <p class='ocr_par' dir='ltr' id='par_1_60' title="bbox 1064 1408 1857 1447">
     <span class='ocr_line' id='line_1_62' title="bbox 1064 1408 1857 1447; baseline 0.003 -12"><span class='ocrx_word' id='word_1_484' title='bbox 1064 1408 1175 1443; x_wconf 80' lang='grc' dir='ltr'>ἄγνοιαν</span> <span class='ocrx_word' id='word_1_485' title='bbox 1190 1409 1264 1444; x_wconf 74' lang='grc' dir='ltr'>εἶχεν</span> <span class='ocrx_word' id='word_1_486' title='bbox 1274 1420 1281 1426; x_wconf 92' lang='grc'>·</span> <span class='ocrx_word' id='word_1_487' title='bbox 1297 1411 1366 1437; x_wconf 80' lang='grc' dir='ltr'>ἀλλὰ</span> <span class='ocrx_word' id='word_1_488' title='bbox 1377 1413 1433 1444; x_wconf 83' lang='grc' dir='ltr'>τοῖς</span> <span class='ocrx_word' id='word_1_489' title='bbox 1448 1413 1586 1447; x_wconf 76' lang='grc' dir='ltr'>μαθηταῖς</span> <span class='ocrx_word' id='word_1_490' title='bbox 1600 1411 1757 1447; x_wconf 78' lang='grc' dir='ltr'>ἀσύμφορον</span> <span class='ocrx_word' id='word_1_491' title='bbox 1773 1410 1857 1438; x_wconf 77' lang='grc' dir='ltr'>οὖσαν</span> 
     </span>
    </p>
   </div>
   <div class='ocr_carea' id='block_1_61' title="bbox 1065 1455 1856 1493">
    <p class='ocr_par' dir='ltr' id='par_1_61' title="bbox 1065 1455 1856 1493">
     <span class='ocr_line' id='line_1_63' title="bbox 1065 1455 1856 1493; baseline 0.005 -13"><span class='ocrx_word' id='word_1_492' title='bbox 1065 1455 1277 1490; x_wconf 78' lang='grc' dir='ltr'>ὑπερτιθέμενος</span> <span class='ocrx_word' id='word_1_493' title='bbox 1297 1456 1346 1491; x_wconf 88' lang='grc' dir='ltr'>τὴν</span> <span class='ocrx_word' id='word_1_494' title='bbox 1363 1457 1464 1491; x_wconf 81' lang='grc' dir='ltr'>γνῶσιν</span> <span class='ocrx_word' id='word_1_495' title='bbox 1480 1458 1575 1493; x_wconf 81' lang='grc' dir='ltr'>κοινὴν</span> <span class='ocrx_word' id='word_1_496' title='bbox 1593 1459 1626 1484; x_wconf 82' lang='grc' dir='ltr'>ἐκ</span> <span class='ocrx_word' id='word_1_497' title='bbox 1650 1458 1856 1493; x_wconf 74' lang='grc' dir='ltr'>φιλανθρωπίας</span> 
     </span>
    </p>
   </div>
   <div class='ocr_carea' id='block_1_62' title="bbox 226 1500 965 1549">
    <p class='ocr_par' dir='ltr' id='par_1_62' title="bbox 226 1500 965 1534">
     <span class='ocr_line' id='line_1_64' title="bbox 226 1500 965 1534; baseline -0.003 -6"><span class='ocrx_word' id='word_1_498' title='bbox 226 1502 355 1529; x_wconf 86' lang='lat' dir='ltr'><strong>lationem</strong></span> <span class='ocrx_word' id='word_1_499' title='bbox 381 1505 408 1528; x_wconf 85' lang='lat' dir='ltr'><strong>et</strong></span> <span class='ocrx_word' id='word_1_500' title='bbox 424 1501 566 1528; x_wconf 82' lang='lat' dir='ltr'><strong>scientiam</strong></span> <span class='ocrx_word' id='word_1_501' title='bbox 580 1508 753 1527; x_wconf 87' lang='lat' dir='ltr'><strong>communem</strong></span> <span class='ocrx_word' id='word_1_502' title='bbox 769 1508 831 1527; x_wconf 89' lang='lat' dir='ltr'><strong>cum</strong></span> <span class='ocrx_word' id='word_1_503' title='bbox 847 1500 940 1531; x_wconf 87' lang='lat' dir='ltr'><strong>Patre,</strong></span> <span class='ocrx_word' id='word_1_504' title='bbox 954 1507 965 1534; x_wconf 69' lang='grc' dir='ltr'><strong>ς</strong></span> 
     </span>
    </p>
   </div>
   <div class='ocr_carea' id='block_1_63' title="bbox 1117 1500 1856 1549">
    <p class='ocr_par' dir='ltr' id='par_1_63' title="bbox 1137 1501 1856 1539">
     <span class='ocr_line' id='line_1_65' title="bbox 1137 1501 1856 1539; baseline 0.001 -11"><span class='ocrx_word' id='word_1_505' title='bbox 1137 1501 1248 1534; x_wconf 79' lang='grc' dir='ltr'>ἄγνοιαν</span> <span class='ocrx_word' id='word_1_506' title='bbox 1261 1502 1388 1534; x_wconf 69' lang='grc' dir='ltr'><strong>⁴ἐποιεῖτο</strong></span> <span class='ocrx_word' id='word_1_507' title='bbox 1400 1522 1407 1533; x_wconf 89' lang='lat'><strong>,</strong></span> <span class='ocrx_word' id='word_1_508' title='bbox 1425 1506 1473 1530; x_wconf 81' lang='grc' dir='ltr'>καὶ</span> <span class='ocrx_word' id='word_1_509' title='bbox 1492 1503 1561 1539; x_wconf 76' lang='grc' dir='ltr'>πρὸς</span> <span class='ocrx_word' id='word_1_510' title='bbox 1584 1504 1614 1530; x_wconf 83' lang='grc' dir='ltr'>τὸ</span> <span class='ocrx_word' id='word_1_511' title='bbox 1637 1503 1741 1530; x_wconf 77' lang='grc' dir='ltr'>ἄλυπον</span> <span class='ocrx_word' id='word_1_512' title='bbox 1765 1505 1856 1535; x_wconf 81' lang='grc' dir='ltr'>αὐτοῖς</span> 
     </span>
    </p>
   </div>
   <div class='ocr_carea' id='block_1_64' title="bbox 225 1546 1014 1580">
    <p class='ocr_par' dir='ltr' id='par_1_64' title="bbox 225 1546 1014 1580">
     <span class='ocr_line' id='line_1_66' title="bbox 225 1546 1014 1580; baseline -0.001 -6"><span class='ocrx_word' id='word_1_513' title='bbox 225 1552 285 1574; x_wconf 84' lang='lat' dir='ltr'><strong>erat</strong></span> <span class='ocrx_word' id='word_1_514' title='bbox 299 1547 500 1579; x_wconf 83' lang='lat' dir='ltr'><strong>misericordia,</strong></span> <span class='ocrx_word' id='word_1_515' title='bbox 525 1546 706 1580; x_wconf 77' lang='lat' dir='ltr'><strong>ignorantiam</strong></span> <span class='ocrx_word' id='word_1_516' title='bbox 723 1546 804 1579; x_wconf 89' lang='lat' dir='ltr'><strong>fecit,</strong></span> <span class='ocrx_word' id='word_1_517' title='bbox 820 1550 847 1573; x_wconf 89' lang='lat' dir='ltr'><strong>et</strong></span> <span class='ocrx_word' id='word_1_518' title='bbox 861 1553 895 1573; x_wconf 89' lang='lat' dir='ltr'><strong>ne</strong></span> <span class='ocrx_word' id='word_1_519' title='bbox 912 1546 1014 1573; x_wconf 90' lang='lat' dir='ltr'><strong>contri-</strong></span> 
     </span>
    </p>
   </div>
   <div class='ocr_carea' id='block_1_65' title="bbox 227 1592 1013 1628">
    <p class='ocr_par' dir='ltr' id='par_1_65' title="bbox 227 1592 1013 1628">
     <span class='ocr_line' id='line_1_67' title="bbox 227 1592 1013 1628; baseline -0.001 -8"><span class='ocrx_word' id='word_1_520' title='bbox 227 1598 374 1625; x_wconf 85' lang='lat' dir='ltr'><strong>starentur,</strong></span> <span class='ocrx_word' id='word_1_521' title='bbox 391 1592 543 1628; x_wconf 79' lang='lat' dir='ltr'><strong>apologiam</strong></span> <span class='ocrx_word' id='word_1_522' title='bbox 568 1600 622 1620; x_wconf 86' lang='lat' dir='ltr'><strong>una</strong></span> <span class='ocrx_word' id='word_1_523' title='bbox 657 1597 870 1619; x_wconf 85' lang='lat' dir='ltr'><strong>commentatur.</strong></span> <span class='ocrx_word' id='word_1_524' title='bbox 892 1592 1013 1620; x_wconf 85' lang='lat' dir='ltr'><strong>Tertium</strong></span> 
     </span>
    </p>
   </div>
   <div class='ocr_carea' id='block_1_66' title="bbox 227 1638 1014 1674">
    <p class='ocr_par' dir='ltr' id='par_1_66' title="bbox 227 1638 1014 1674">
     <span class='ocr_line' id='line_1_68' title="bbox 227 1638 1014 1674; baseline -0.001 -8"><span class='ocrx_word' id='word_1_525' title='bbox 227 1639 382 1667; x_wconf 85' lang='lat' dir='ltr'><strong>consideret</strong></span> <span class='ocrx_word' id='word_1_526' title='bbox 406 1639 468 1674; x_wconf 87' lang='lat' dir='ltr'><strong>quis</strong></span> <span class='ocrx_word' id='word_1_527' title='bbox 501 1642 528 1666; x_wconf 88' lang='lat' dir='ltr'><strong>et</strong></span> <span class='ocrx_word' id='word_1_528' title='bbox 543 1639 625 1672; x_wconf 88' lang='lat' dir='ltr'><strong>illud,</strong></span> <span class='ocrx_word' id='word_1_529' title='bbox 655 1639 727 1672; x_wconf 90' lang='lat' dir='ltr'><strong>quod</strong></span> <span class='ocrx_word' id='word_1_530' title='bbox 750 1646 812 1666; x_wconf 90' lang='lat' dir='ltr'><strong>cum</strong></span> <span class='ocrx_word' id='word_1_531' title='bbox 830 1638 927 1670; x_wconf 85' lang='lat' dir='ltr'><strong>Patri,</strong></span> <span class='ocrx_word' id='word_1_532' title='bbox 953 1643 1014 1666; x_wconf 86' lang='lat' dir='ltr'><strong>tan-</strong></span> 
     </span>
    </p>
   </div>
   <div class='ocr_carea' id='block_1_67' title="bbox 226 1684 1015 1720">
    <p class='ocr_par' dir='ltr' id='par_1_67' title="bbox 226 1684 1015 1720">
     <span class='ocr_line' id='line_1_69' title="bbox 226 1684 1015 1720; baseline -0.001 -8"><span class='ocrx_word' id='word_1_533' title='bbox 226 1693 311 1720; x_wconf 84' lang='lat' dir='ltr'><strong>quam</strong></span> <span class='ocrx_word' id='word_1_534' title='bbox 333 1692 423 1712; x_wconf 72' lang='lat' dir='ltr'><strong>causae</strong></span> <span class='ocrx_word' id='word_1_535' title='bbox 448 1684 534 1712; x_wconf 86' lang='lat' dir='ltr'><strong>Filius</strong></span> <span class='ocrx_word' id='word_1_536' title='bbox 559 1686 764 1720; x_wconf 74' lang='lat' dir='ltr'><strong>praerogativam</strong></span> <span class='ocrx_word' id='word_1_537' title='bbox 790 1685 926 1712; x_wconf 84' lang='lat' dir='ltr'><strong>ascribat:</strong></span> <span class='ocrx_word' id='word_1_538' title='bbox 948 1692 1015 1712; x_wconf 87' lang='lat' dir='ltr'><strong>con-</strong></span> 
     </span>
    </p>
   </div>
   <div class='ocr_carea' id='block_1_68' title="bbox 226 1729 1014 1765">
    <p class='ocr_par' dir='ltr' id='par_1_68' title="bbox 226 1729 1014 1765">
     <span class='ocr_line' id='line_1_70' title="bbox 226 1729 1014 1765; baseline -0.001 -7"><span class='ocrx_word' id='word_1_539' title='bbox 226 1732 300 1758; x_wconf 85' lang='lat' dir='ltr'><strong>venit</strong></span> <span class='ocrx_word' id='word_1_540' title='bbox 324 1731 397 1758; x_wconf 87' lang='lat' dir='ltr'><strong>enim</strong></span> <span class='ocrx_word' id='word_1_541' title='bbox 422 1729 512 1762; x_wconf 86' lang='lat' dir='ltr'><strong>Filio,</strong></span> <span class='ocrx_word' id='word_1_542' title='bbox 534 1730 582 1764; x_wconf 92' lang='lat' dir='ltr'><strong>qui</strong></span> <span class='ocrx_word' id='word_1_543' title='bbox 605 1729 712 1758; x_wconf 89' lang='lat' dir='ltr'><strong>Patrem</strong></span> <span class='ocrx_word' id='word_1_544' title='bbox 739 1738 819 1757; x_wconf 89' lang='lat' dir='ltr'><strong>suum</strong></span> <span class='ocrx_word' id='word_1_545' title='bbox 842 1730 946 1765; x_wconf 69' lang='lat' dir='ltr'><strong>diligit,</strong></span> <span class='ocrx_word' id='word_1_546' title='bbox 970 1734 1014 1757; x_wconf 93' lang='lat' dir='ltr'><strong>ut-</strong></span> 
     </span>
    </p>
   </div>
   <div class='ocr_carea' id='block_1_69' title="bbox 226 1776 1015 1812">
    <p class='ocr_par' dir='ltr' id='par_1_69' title="bbox 226 1776 1015 1812">
     <span class='ocr_line' id='line_1_71' title="bbox 226 1776 1015 1812; baseline -0.003 -7"><span class='ocrx_word' id='word_1_547' title='bbox 226 1784 287 1812; x_wconf 87' lang='lat' dir='ltr'><strong>pote</strong></span> <span class='ocrx_word' id='word_1_548' title='bbox 317 1779 399 1805; x_wconf 85' lang='lat' dir='ltr'><strong>totius</strong></span> <span class='ocrx_word' id='word_1_549' title='bbox 429 1776 611 1804; x_wconf 86' lang='lat' dir='ltr'><strong>ordinationis</strong></span> <span class='ocrx_word' id='word_1_550' title='bbox 633 1781 660 1803; x_wconf 86' lang='lat' dir='ltr'><strong>et</strong></span> <span class='ocrx_word' id='word_1_551' title='bbox 687 1781 793 1803; x_wconf 76' lang='lat' dir='ltr'><strong>natura:</strong></span> <span class='ocrx_word' id='word_1_552' title='bbox 819 1777 954 1810; x_wconf 86' lang='lat' dir='ltr'><strong>operatori</strong></span> <span class='ocrx_word' id='word_1_553' title='bbox 987 1782 1015 1804; x_wconf 93' lang='lat' dir='ltr'><strong>et</strong></span> 
     </span>
    </p>
   </div>
   <div class='ocr_carea' id='block_1_70' title="bbox 225 1822 1012 1859">
    <p class='ocr_par' dir='ltr' id='par_1_70' title="bbox 225 1822 1012 1859">
     <span class='ocr_line' id='line_1_72' title="bbox 225 1822 1012 1859; baseline -0.001 -9"><span class='ocrx_word' id='word_1_554' title='bbox 225 1823 417 1859; x_wconf 79' lang='lat' dir='ltr'><strong>dispensatori,</strong></span> <span class='ocrx_word' id='word_1_555' title='bbox 429 1831 521 1850; x_wconf 79' lang='lat' dir='ltr'><strong>causa:</strong></span> <span class='ocrx_word' id='word_1_556' title='bbox 532 1822 885 1858; x_wconf 68' lang='lat' dir='ltr'><strong>priceininentiishonorare</strong></span> <span class='ocrx_word' id='word_1_557' title='bbox 893 1822 1012 1854; x_wconf 76' lang='lat' dir='ltr'><strong>Patrem,</strong></span> 
     </span>
    </p>
   </div>
   <div class='ocr_carea' id='block_1_71' title="bbox 225 1868 1013 1903">
    <p class='ocr_par' dir='ltr' id='par_1_71' title="bbox 225 1868 1013 1903">
     <span class='ocr_line' id='line_1_73' title="bbox 225 1868 1013 1903; baseline 0 -7"><span class='ocrx_word' id='word_1_558' title='bbox 225 1878 258 1896; x_wconf 87' lang='lat' dir='ltr'><strong>ac</strong></span> <span class='ocrx_word' id='word_1_559' title='bbox 272 1870 312 1897; x_wconf 86' lang='lat' dir='ltr'><strong>sic</strong></span> <span class='ocrx_word' id='word_1_560' title='bbox 326 1870 379 1896; x_wconf 87' lang='lat' dir='ltr'><strong>diei</strong></span> <span class='ocrx_word' id='word_1_561' title='bbox 397 1869 468 1896; x_wconf 86' lang='lat' dir='ltr'><strong>illius</strong></span> <span class='ocrx_word' id='word_1_562' title='bbox 493 1874 521 1896; x_wconf 85' lang='lat' dir='ltr'><strong>et</strong></span> <span class='ocrx_word' id='word_1_563' title='bbox 543 1869 617 1896; x_wconf 70' lang='lat' dir='ltr'><strong>hora:</strong></span> <span class='ocrx_word' id='word_1_564' title='bbox 644 1868 841 1903; x_wconf 75' lang='lat' dir='ltr'><strong>cognitionem,</strong></span> <span class='ocrx_word' id='word_1_565' title='bbox 860 1874 889 1896; x_wconf 91' lang='lat' dir='ltr'><strong>ut</strong></span> <span class='ocrx_word' id='word_1_566' title='bbox 911 1875 938 1897; x_wconf 87' lang='lat' dir='ltr'><strong>et</strong></span> <span class='ocrx_word' id='word_1_567' title='bbox 961 1869 1013 1896; x_wconf 91' lang='lat' dir='ltr'><strong>alia</strong></span> 
     </span>
    </p>
   </div>
   <div class='ocr_carea' id='block_1_72' title="bbox 226 1912 1012 1946">
    <p class='ocr_par' dir='ltr' id='par_1_72' title="bbox 226 1912 1012 1946">
     <span class='ocr_line' id='line_1_74' title="bbox 226 1912 1012 1946; baseline -0.001 -6"><span class='ocrx_word' id='word_1_568' title='bbox 226 1914 323 1945; x_wconf 88' lang='lat' dir='ltr'><strong>multa,</strong></span> <span class='ocrx_word' id='word_1_569' title='bbox 341 1913 430 1941; x_wconf 84' lang='lat' dir='ltr'><strong>eidem</strong></span> <span class='ocrx_word' id='word_1_570' title='bbox 446 1913 605 1940; x_wconf 88' lang='lat' dir='ltr'><strong>ascribere:</strong></span> <span class='ocrx_word' id='word_1_571' title='bbox 624 1920 679 1939; x_wconf 91' lang='lat' dir='ltr'><strong>non</strong></span> <span class='ocrx_word' id='word_1_572' title='bbox 692 1931 700 1944; x_wconf 83' lang='lat'><strong>,</strong></span> <span class='ocrx_word' id='word_1_573' title='bbox 726 1912 753 1938; x_wconf 91' lang='lat' dir='ltr'><strong>id</strong></span> <span class='ocrx_word' id='word_1_574' title='bbox 776 1912 848 1939; x_wconf 89' lang='lat' dir='ltr'><strong>enim</strong></span> <span class='ocrx_word' id='word_1_575' title='bbox 864 1912 941 1939; x_wconf 89' lang='lat' dir='ltr'><strong>nefas</strong></span> <span class='ocrx_word' id='word_1_576' title='bbox 960 1917 1012 1946; x_wconf 85' lang='lat' dir='ltr'><strong>est,</strong></span> 
     </span>
    </p>
   </div>
   <div class='ocr_carea' id='block_1_73' title="bbox 225 1957 1014 1993">
    <p class='ocr_par' dir='ltr' id='par_1_73' title="bbox 225 1957 1014 1993">
     <span class='ocr_line' id='line_1_75' title="bbox 225 1957 1014 1993; baseline 0 -7"><span class='ocrx_word' id='word_1_577' title='bbox 225 1960 346 1993; x_wconf 84' lang='lat' dir='ltr'><strong>seipsutn</strong></span> <span class='ocrx_word' id='word_1_578' title='bbox 364 1959 409 1985; x_wconf 87' lang='lat' dir='ltr'><strong>illa</strong></span> <span class='ocrx_word' id='word_1_579' title='bbox 424 1958 539 1985; x_wconf 89' lang='lat' dir='ltr'><strong>scientia</strong></span> <span class='ocrx_word' id='word_1_580' title='bbox 562 1958 670 1992; x_wconf 87' lang='lat' dir='ltr'><strong>privare</strong></span> <span class='ocrx_word' id='word_1_581' title='bbox 683 1977 690 1990; x_wconf 90' lang='lat'><strong>,</strong></span> <span class='ocrx_word' id='word_1_582' title='bbox 721 1962 751 1985; x_wconf 92' lang='lat' dir='ltr'><strong>ut</strong></span> <span class='ocrx_word' id='word_1_583' title='bbox 768 1965 817 1985; x_wconf 92' lang='lat' dir='ltr'><strong>nec</strong></span> <span class='ocrx_word' id='word_1_584' title='bbox 841 1958 895 1985; x_wconf 89' lang='lat' dir='ltr'><strong>alio</strong></span> <span class='ocrx_word' id='word_1_585' title='bbox 924 1957 1014 1992; x_wconf 87' lang='lat' dir='ltr'><strong>aliquo</strong></span> 
     </span>
    </p>
   </div>
   <div class='ocr_carea' id='block_1_74' title="bbox 226 2004 1014 2040">
    <p class='ocr_par' dir='ltr' id='par_1_74' title="bbox 226 2004 1014 2040">
     <span class='ocr_line' id='line_1_76' title="bbox 226 2004 1014 2040; baseline 0.001 -8"><span class='ocrx_word' id='word_1_586' title='bbox 226 2005 308 2040; x_wconf 75' lang='lat' dir='ltr'><strong>digno</strong></span> <span class='ocrx_word' id='word_1_587' title='bbox 323 2009 350 2032; x_wconf 88' lang='lat' dir='ltr'><strong>et</strong></span> <span class='ocrx_word' id='word_1_588' title='bbox 365 2005 525 2031; x_wconf 90' lang='lat' dir='ltr'><strong>honorando</strong></span> <span class='ocrx_word' id='word_1_589' title='bbox 537 2012 662 2037; x_wconf 88' lang='lat' dir='ltr'><strong>munere,</strong></span> <span class='ocrx_word' id='word_1_590' title='bbox 675 2012 770 2033; x_wconf 86' lang='lat' dir='ltr'><strong>verum</strong></span> <span class='ocrx_word' id='word_1_591' title='bbox 786 2004 862 2031; x_wconf 91' lang='lat' dir='ltr'><strong>illum</strong></span> <span class='ocrx_word' id='word_1_592' title='bbox 878 2004 929 2032; x_wconf 87' lang='lat' dir='ltr'><strong>sibi</strong></span> <span class='ocrx_word' id='word_1_593' title='bbox 945 2012 1014 2039; x_wconf 77' lang='lat' dir='ltr'><strong>prae-</strong></span> 
     </span>
    </p>
   </div>
   <div class='ocr_carea' id='block_1_75' title="bbox 226 2050 1014 2084">
    <p class='ocr_par' dir='ltr' id='par_1_75' title="bbox 226 2050 1014 2084">
     <span class='ocr_line' id='line_1_77' title="bbox 226 2050 1014 2084; baseline 0.001 -7"><span class='ocrx_word' id='word_1_594' title='bbox 226 2051 308 2083; x_wconf 83' lang='lat' dir='ltr'><strong>ferre,</strong></span> <span class='ocrx_word' id='word_1_595' title='bbox 324 2050 363 2077; x_wconf 87' lang='lat' dir='ltr'><strong>ita</strong></span> <span class='ocrx_word' id='word_1_596' title='bbox 381 2058 462 2077; x_wconf 92' lang='lat' dir='ltr'><strong>nemo</strong></span> <span class='ocrx_word' id='word_1_597' title='bbox 479 2050 540 2077; x_wconf 86' lang='lat' dir='ltr'><strong>Filii</strong></span> <span class='ocrx_word' id='word_1_598' title='bbox 558 2050 657 2078; x_wconf 88' lang='lat' dir='ltr'><strong>bonam</strong></span> <span class='ocrx_word' id='word_1_599' title='bbox 680 2050 889 2084; x_wconf 86' lang='lat' dir='ltr'><strong>dispositionem</strong></span> <span class='ocrx_word' id='word_1_600' title='bbox 920 2050 948 2077; x_wconf 89' lang='lat' dir='ltr'><strong>in</strong></span> <span class='ocrx_word' id='word_1_601' title='bbox 968 2059 1014 2078; x_wconf 90' lang='lat' dir='ltr'><strong>ar-</strong></span> 
     </span>
    </p>
   </div>
   <div class='ocr_carea' id='block_1_76' title="bbox 225 2095 1013 2130">
    <p class='ocr_par' dir='ltr' id='par_1_76' title="bbox 225 2095 1013 2130">
     <span class='ocr_line' id='line_1_78' title="bbox 225 2095 1013 2130; baseline 0.001 -8"><span class='ocrx_word' id='word_1_602' title='bbox 225 2101 385 2130; x_wconf 69' lang='lat' dir='ltr'><strong>gumentum</strong></span> <span class='ocrx_word' id='word_1_603' title='bbox 411 2096 488 2123; x_wconf 60' lang='lat' dir='ltr'><strong>male</strong></span> <span class='ocrx_word' id='word_1_604' title='bbox 518 2097 619 2123; x_wconf 89' lang='lat' dir='ltr'><strong>trahat.</strong></span> <span class='ocrx_word' id='word_1_605' title='bbox 638 2095 685 2123; x_wconf 82' lang='lat' dir='ltr'><strong>Sic</strong></span> <span class='ocrx_word' id='word_1_606' title='bbox 706 2095 753 2129; x_wconf 91' lang='lat' dir='ltr'><strong>qui</strong></span> <span class='ocrx_word' id='word_1_607' title='bbox 776 2095 956 2130; x_wconf 79' lang='lat' dir='ltr'><strong>ignorantiam</strong></span> <span class='ocrx_word' id='word_1_608' title='bbox 975 2096 1013 2123; x_wconf 92' lang='lat' dir='ltr'><strong>illi</strong></span> 
     </span>
    </p>
   </div>
   <div class='ocr_carea' id='block_1_77' title="bbox 228 2141 1014 2175">
    <p class='ocr_par' dir='ltr' id='par_1_77' title="bbox 228 2141 1014 2175">
     <span class='ocr_line' id='line_1_79' title="bbox 228 2141 1014 2175; baseline 0.003 -8"><span class='ocrx_word' id='word_1_609' title='bbox 228 2141 342 2175; x_wconf 72' lang='lat' dir='ltr'><strong>afﬁngit,</strong></span> <span class='ocrx_word' id='word_1_610' title='bbox 357 2146 383 2168; x_wconf 89' lang='lat' dir='ltr'><strong>et</strong></span> <span class='ocrx_word' id='word_1_611' title='bbox 397 2141 493 2168; x_wconf 67' lang='lat' dir='ltr'><strong>litterae</strong></span> <span class='ocrx_word' id='word_1_612' title='bbox 505 2141 636 2173; x_wconf 67' lang='lat' dir='ltr'><strong>adhaeret,</strong></span> <span class='ocrx_word' id='word_1_613' title='bbox 649 2147 704 2167; x_wconf 91' lang='lat' dir='ltr'><strong>non</strong></span> <span class='ocrx_word' id='word_1_614' title='bbox 719 2141 854 2168; x_wconf 85' lang='lat' dir='ltr'><strong>tenebitur</strong></span> <span class='ocrx_word' id='word_1_615' title='bbox 868 2149 930 2169; x_wconf 85' lang='lat' dir='ltr'><strong>reus</strong></span> <span class='ocrx_word' id='word_1_616' title='bbox 942 2141 1014 2170; x_wconf 86' lang='lat' dir='ltr'><strong>blas-</strong></span> 
     </span>
    </p>
   </div>
   <div class='ocr_carea' id='block_1_78' title="bbox 1067 1547 1857 1584">
    <p class='ocr_par' dir='ltr' id='par_1_78' title="bbox 1067 1547 1857 1584">
     <span class='ocr_line' id='line_1_80' title="bbox 1067 1547 1857 1584; baseline 0.004 -11"><span class='ocrx_word' id='word_1_617' title='bbox 1067 1547 1245 1574; x_wconf 83' lang='grc' dir='ltr'>συνδιετίθετο</span> <span class='ocrx_word' id='word_1_618' title='bbox 1260 1547 1310 1582; x_wconf 84' lang='grc' dir='ltr'>τὴν</span> <span class='ocrx_word' id='word_1_619' title='bbox 1325 1549 1483 1582; x_wconf 79' lang='grc' dir='ltr'>ἀπολογίαν.</span> <span class='ocrx_word' id='word_1_620' title='bbox 1508 1549 1529 1575; x_wconf 89' lang='grc' dir='ltr'><strong>Τ</strong></span> <span class='ocrx_word' id='word_1_621' title='bbox 1533 1549 1607 1584; x_wconf 87' lang='grc' dir='ltr'>ριτον</span> <span class='ocrx_word' id='word_1_622' title='bbox 1627 1549 1648 1575; x_wconf 79' lang='grc' dir='ltr'><strong>δ’</strong></span> <span class='ocrx_word' id='word_1_623' title='bbox 1671 1549 1705 1576; x_wconf 79' lang='grc' dir='ltr'>ἂν</span> <span class='ocrx_word' id='word_1_624' title='bbox 1727 1549 1798 1576; x_wconf 82' lang='grc' dir='ltr'>εῑδοι</span> <span class='ocrx_word' id='word_1_625' title='bbox 1819 1558 1857 1580; x_wconf 77' lang='grc' dir='ltr'><strong>τις</strong></span> 
     </span>
    </p>
   </div>
   <div class='ocr_carea' id='block_1_79' title="bbox 1065 1593 1858 1630">
    <p class='ocr_par' dir='ltr' id='par_1_79' title="bbox 1065 1593 1858 1630">
     <span class='ocr_line' id='line_1_81' title="bbox 1065 1593 1858 1630; baseline 0.004 -12"><span class='ocrx_word' id='word_1_626' title='bbox 1065 1593 1176 1619; x_wconf 84' lang='grc' dir='ltr'>κάκεῖνο</span> <span class='ocrx_word' id='word_1_627' title='bbox 1191 1593 1229 1624; x_wconf 88' lang='grc' dir='ltr'><strong>ὡς</strong></span> <span class='ocrx_word' id='word_1_628' title='bbox 1243 1595 1283 1629; x_wconf 83' lang='grc' dir='ltr'><strong>τῷ</strong></span> <span class='ocrx_word' id='word_1_629' title='bbox 1301 1595 1387 1629; x_wconf 72' lang='grc' dir='ltr'>Πατρὶ</span> <span class='ocrx_word' id='word_1_630' title='bbox 1410 1594 1499 1625; x_wconf 84' lang='grc' dir='ltr'>διδοὺς</span> <span class='ocrx_word' id='word_1_631' title='bbox 1525 1595 1539 1621; x_wconf 84' lang='grc' dir='ltr'><em>ὸ</em></span> <span class='ocrx_word' id='word_1_632' title='bbox 1555 1595 1617 1626; x_wconf 80' lang='grc' dir='ltr'>Υἱὸς</span> <span class='ocrx_word' id='word_1_633' title='bbox 1627 1615 1633 1626; x_wconf 85' lang='grc'><strong>,</strong></span> <span class='ocrx_word' id='word_1_634' title='bbox 1661 1594 1698 1626; x_wconf 83' lang='grc' dir='ltr'>ὡς</span> <span class='ocrx_word' id='word_1_635' title='bbox 1713 1595 1808 1630; x_wconf 81' lang='grc' dir='ltr'>αἰτίῳ,</span> <span class='ocrx_word' id='word_1_636' title='bbox 1826 1596 1858 1621; x_wconf 65' lang='grc' dir='ltr'>τὰ</span> 
     </span>
    </p>
   </div>
   <div class='ocr_carea' id='block_1_80' title="bbox 1065 1639 1857 1677">
    <p class='ocr_par' dir='ltr' id='par_1_80' title="bbox 1065 1639 1857 1677">
     <span class='ocr_line' id='line_1_82' title="bbox 1065 1639 1857 1677; baseline 0.004 -13"><span class='ocrx_word' id='word_1_637' title='bbox 1065 1639 1207 1673; x_wconf 71' lang='grc' dir='ltr'>πρεσόεἴα.</span> <span class='ocrx_word' id='word_1_638' title='bbox 1233 1640 1336 1675; x_wconf 82' lang='grc' dir='ltr'>Πρέπει</span> <span class='ocrx_word' id='word_1_639' title='bbox 1361 1640 1416 1675; x_wconf 78' lang='grc' dir='ltr'>γὰρ</span> <span class='ocrx_word' id='word_1_640' title='bbox 1441 1640 1499 1676; x_wconf 79' lang='grc' dir='ltr'><strong>Υίῷ</strong></span> <span class='ocrx_word' id='word_1_641' title='bbox 1524 1641 1700 1676; x_wconf 79' lang='grc' dir='ltr'>φιλοπάτορι,</span> <span class='ocrx_word' id='word_1_642' title='bbox 1718 1642 1815 1677; x_wconf 81' lang='grc' dir='ltr'>πάσης</span> <span class='ocrx_word' id='word_1_643' title='bbox 1829 1651 1857 1667; x_wconf 84' lang='grc' dir='ltr'><strong>τε</strong></span> 
     </span>
    </p>
   </div>
   <div class='ocr_carea' id='block_1_81' title="bbox 1066 1685 1858 1723">
    <p class='ocr_par' dir='ltr' id='par_1_81' title="bbox 1066 1685 1858 1723">
     <span class='ocr_line' id='line_1_83' title="bbox 1066 1685 1858 1723; baseline 0.003 -13"><span class='ocrx_word' id='word_1_644' title='bbox 1066 1685 1173 1719; x_wconf 82' lang='grc' dir='ltr'>φύσεως</span> <span class='ocrx_word' id='word_1_645' title='bbox 1194 1686 1241 1712; x_wconf 73' lang='grc' dir='ltr'>καὶ</span> <span class='ocrx_word' id='word_1_646' title='bbox 1253 1686 1381 1719; x_wconf 80' lang='grc' dir='ltr'>εὐταξίας</span> <span class='ocrx_word' id='word_1_647' title='bbox 1397 1687 1563 1723; x_wconf 85' lang='grc' dir='ltr'>Δημιουργῷ</span> <span class='ocrx_word' id='word_1_648' title='bbox 1586 1688 1632 1714; x_wconf 77' lang='grc' dir='ltr'>καὶ</span> <span class='ocrx_word' id='word_1_649' title='bbox 1646 1687 1796 1723; x_wconf 81' lang='grc' dir='ltr'>νομοθέτῃ,</span> <span class='ocrx_word' id='word_1_650' title='bbox 1814 1689 1858 1714; x_wconf 75' lang='grc' dir='ltr'>καὶ</span> 
     </span>
    </p>
   </div>
   <div class='ocr_carea' id='block_1_82' title="bbox 1064 1731 1858 1769">
    <p class='ocr_par' dir='ltr' id='par_1_82' title="bbox 1064 1731 1858 1769">
     <span class='ocr_line' id='line_1_84' title="bbox 1064 1731 1858 1769; baseline 0.004 -12"><span class='ocrx_word' id='word_1_651' title='bbox 1064 1732 1120 1762; x_wconf 81' lang='grc' dir='ltr'>τοῖς</span> <span class='ocrx_word' id='word_1_652' title='bbox 1139 1731 1188 1766; x_wconf 78' lang='grc' dir='ltr'>τῆς</span> <span class='ocrx_word' id='word_1_653' title='bbox 1206 1732 1294 1764; x_wconf 82' lang='grc' dir='ltr'>αἰτίας</span> <span class='ocrx_word' id='word_1_654' title='bbox 1310 1733 1468 1767; x_wconf 85' lang='grc' dir='ltr'>προνομίοις</span> <span class='ocrx_word' id='word_1_655' title='bbox 1488 1735 1570 1769; x_wconf 87' lang='grc' dir='ltr'>τιμᾷν</span> <span class='ocrx_word' id='word_1_656' title='bbox 1593 1733 1637 1760; x_wconf 71' lang='grc' dir='ltr'><strong>τὸν</strong></span> <span class='ocrx_word' id='word_1_657' title='bbox 1654 1733 1784 1768; x_wconf 84' lang='grc' dir='ltr'>Πατέρα,</span> <span class='ocrx_word' id='word_1_658' title='bbox 1813 1733 1858 1760; x_wconf 67' lang='grc' dir='ltr'>καὶ</span> 
     </span>
    </p>
   </div>
   <div class='ocr_carea' id='block_1_83' title="bbox 1064 1776 1858 1816">
    <p class='ocr_par' dir='ltr' id='par_1_83' title="bbox 1064 1776 1858 1816">
     <span class='ocr_line' id='line_1_85' title="bbox 1064 1776 1858 1816; baseline 0.005 -14"><span class='ocrx_word' id='word_1_659' title='bbox 1064 1776 1114 1812; x_wconf 78' lang='grc' dir='ltr'>τὴν</span> <span class='ocrx_word' id='word_1_660' title='bbox 1132 1777 1182 1812; x_wconf 85' lang='grc' dir='ltr'>τῆς</span> <span class='ocrx_word' id='word_1_661' title='bbox 1195 1778 1300 1813; x_wconf 83' lang='grc' dir='ltr'>ἡμέρας</span> <span class='ocrx_word' id='word_1_662' title='bbox 1312 1778 1418 1814; x_wconf 80' lang='grc' dir='ltr'><strong>ἐκείνης</strong></span> <span class='ocrx_word' id='word_1_663' title='bbox 1437 1779 1485 1806; x_wconf 82' lang='grc' dir='ltr'>καὶ</span> <span class='ocrx_word' id='word_1_664' title='bbox 1501 1779 1576 1814; x_wconf 82' lang='grc' dir='ltr'>ὧρας</span> <span class='ocrx_word' id='word_1_665' title='bbox 1597 1779 1709 1813; x_wconf 74' lang='grc' dir='ltr'>γνῶσιν,</span> <span class='ocrx_word' id='word_1_666' title='bbox 1726 1779 1808 1816; x_wconf 82' lang='grc' dir='ltr'>ὦπερ</span> <span class='ocrx_word' id='word_1_667' title='bbox 1828 1780 1858 1814; x_wconf 75' lang='grc' dir='ltr'><strong>δὴ</strong></span> 
     </span>
    </p>
   </div>
   <div class='ocr_carea' id='block_1_84' title="bbox 1065 1823 1857 1860">
    <p class='ocr_par' dir='ltr' id='par_1_84' title="bbox 1065 1823 1857 1860">
     <span class='ocr_line' id='line_1_86' title="bbox 1065 1823 1857 1860; baseline 0.003 -10"><span class='ocrx_word' id='word_1_668' title='bbox 1065 1824 1112 1850; x_wconf 83' lang='grc' dir='ltr'>καὶ</span> <span class='ocrx_word' id='word_1_669' title='bbox 1135 1823 1203 1850; x_wconf 83' lang='grc' dir='ltr'>ἄλλα</span> <span class='ocrx_word' id='word_1_670' title='bbox 1217 1823 1303 1851; x_wconf 82' lang='grc' dir='ltr'>πολλὰ</span> <span class='ocrx_word' id='word_1_671' title='bbox 1327 1825 1425 1860; x_wconf 76' lang='grc' dir='ltr'>ἐκείνῳ</span> <span class='ocrx_word' id='word_1_672' title='bbox 1447 1825 1660 1860; x_wconf 74' lang='grc' dir='ltr'>προσανατίθηπι</span> <span class='ocrx_word' id='word_1_673' title='bbox 1672 1833 1678 1839; x_wconf 94' lang='grc'><strong>·</strong></span> <span class='ocrx_word' id='word_1_674' title='bbox 1693 1827 1742 1860; x_wconf 76' lang='grc' dir='ltr'><strong>οὐχ</strong></span> <span class='ocrx_word' id='word_1_675' title='bbox 1759 1826 1857 1852; x_wconf 67' lang='grc' dir='ltr'>ἑαυτὸν</span> 
     </span>
    </p>
   </div>
   <div class='ocr_carea' id='block_1_85' title="bbox 1065 1869 1858 1907">
    <p class='ocr_par' dir='ltr' id='par_1_85' title="bbox 1065 1869 1858 1907">
     <span class='ocr_line' id='line_1_87' title="bbox 1065 1869 1858 1907; baseline 0.004 -12"><span class='ocrx_word' id='word_1_676' title='bbox 1065 1869 1166 1904; x_wconf 74' lang='grc' dir='ltr'>(ἄπαγε</span> <span class='ocrx_word' id='word_1_677' title='bbox 1180 1871 1198 1904; x_wconf 81' lang='lat' dir='ltr'><strong>l)</strong></span> <span class='ocrx_word' id='word_1_678' title='bbox 1223 1870 1325 1904; x_wconf 84' lang='grc' dir='ltr'>ταύτης</span> <span class='ocrx_word' id='word_1_679' title='bbox 1344 1871 1514 1907; x_wconf 75' lang='grc' dir='ltr'>ἀποστερῶν,</span> <span class='ocrx_word' id='word_1_680' title='bbox 1540 1872 1581 1898; x_wconf 80' lang='grc' dir='ltr'>ὅτι</span> <span class='ocrx_word' id='word_1_681' title='bbox 1603 1871 1664 1907; x_wconf 79' lang='grc' dir='ltr'>μηδ’</span> <span class='ocrx_word' id='word_1_682' title='bbox 1683 1871 1768 1898; x_wconf 76' lang='grc' dir='ltr'>ἄλλου</span> <span class='ocrx_word' id='word_1_683' title='bbox 1787 1873 1858 1903; x_wconf 73' lang='grc' dir='ltr'>τινος</span> 
     </span>
    </p>
   </div>
   <div class='ocr_carea' id='block_1_86' title="bbox 1064 1915 1859 1953">
    <p class='ocr_par' dir='ltr' id='par_1_86' title="bbox 1064 1915 1859 1953">
     <span class='ocr_line' id='line_1_88' title="bbox 1064 1915 1859 1953; baseline 0.004 -12"><span class='ocrx_word' id='word_1_684' title='bbox 1064 1915 1118 1942; x_wconf 86' lang='grc' dir='ltr'>τῶν</span> <span class='ocrx_word' id='word_1_685' title='bbox 1131 1916 1229 1950; x_wconf 85' lang='grc' dir='ltr'>τιμίων</span> <span class='ocrx_word' id='word_1_686' title='bbox 1251 1925 1281 1943; x_wconf 80' lang='grc' dir='ltr'><strong>τε</strong></span> <span class='ocrx_word' id='word_1_687' title='bbox 1302 1916 1349 1943; x_wconf 74' lang='grc' dir='ltr'>καὶ</span> <span class='ocrx_word' id='word_1_688' title='bbox 1363 1917 1464 1948; x_wconf 78' lang='grc' dir='ltr'>καλῶν,</span> <span class='ocrx_word' id='word_1_689' title='bbox 1482 1916 1539 1944; x_wconf 81' lang='grc' dir='ltr'>ἀλλ’</span> <span class='ocrx_word' id='word_1_690' title='bbox 1564 1918 1666 1944; x_wconf 81' lang='grc' dir='ltr'>ἐκεῖνον</span> <span class='ocrx_word' id='word_1_691' title='bbox 1691 1919 1744 1944; x_wconf 77' lang='grc' dir='ltr'>κάν</span> <span class='ocrx_word' id='word_1_692' title='bbox 1769 1919 1859 1953; x_wconf 75' lang='grc' dir='ltr'>ταύτῃ</span> 
     </span>
    </p>
   </div>
   <div class='ocr_carea' id='block_1_87' title="bbox 1064 1961 1857 1997">
    <p class='ocr_par' dir='ltr' id='par_1_87' title="bbox 1064 1961 1857 1997">
     <span class='ocr_line' id='line_1_89' title="bbox 1064 1961 1857 1997; baseline 0.003 -12"><span class='ocrx_word' id='word_1_693' title='bbox 1064 1961 1219 1995; x_wconf 84' lang='grc' dir='ltr'>προτιμῶν·</span> <span class='ocrx_word' id='word_1_694' title='bbox 1233 1961 1280 1987; x_wconf 84' lang='grc' dir='ltr'>καὶ</span> <span class='ocrx_word' id='word_1_695' title='bbox 1300 1962 1330 1988; x_wconf 76' lang='grc' dir='ltr'>οὐ</span> <span class='ocrx_word' id='word_1_696' title='bbox 1344 1961 1429 1997; x_wconf 85' lang='grc' dir='ltr'>δήπου</span> <span class='ocrx_word' id='word_1_697' title='bbox 1446 1971 1488 1994; x_wconf 89' lang='grc' dir='ltr'><strong>τις</strong></span> <span class='ocrx_word' id='word_1_698' title='bbox 1501 1963 1531 1988; x_wconf 82' lang='grc' dir='ltr'>τὸ</span> <span class='ocrx_word' id='word_1_699' title='bbox 1551 1962 1692 1997; x_wconf 80' lang='grc' dir='ltr'>εῡγνωμον</span> <span class='ocrx_word' id='word_1_700' title='bbox 1713 1962 1764 1988; x_wconf 88' lang='grc' dir='ltr'>τοῦ</span> <span class='ocrx_word' id='word_1_701' title='bbox 1791 1962 1857 1989; x_wconf 73' lang='grc' dir='ltr'><strong>Υίοῦ</strong></span> 
     </span>
    </p>
   </div>
   <div class='ocr_carea' id='block_1_88' title="bbox 1065 2005 1858 2043">
    <p class='ocr_par' dir='ltr' id='par_1_88' title="bbox 1065 2005 1858 2043">
     <span class='ocr_line' id='line_1_90' title="bbox 1065 2005 1858 2043; baseline 0.004 -11"><span class='ocrx_word' id='word_1_702' title='bbox 1065 2005 1193 2032; x_wconf 81' lang='grc' dir='ltr'>ὑπόθεσιν</span> <span class='ocrx_word' id='word_1_703' title='bbox 1206 2007 1404 2042; x_wconf 66' lang='grc' dir='ltr'>ἀγνωμοσύνης</span> <span class='ocrx_word' id='word_1_704' title='bbox 1420 2007 1590 2041; x_wconf 83' lang='grc' dir='ltr'>ποιούμενος.</span> <span class='ocrx_word' id='word_1_705' title='bbox 1604 2005 1671 2034; x_wconf 70' lang='grc' dir='ltr'>Εἶτα</span> <span class='ocrx_word' id='word_1_706' title='bbox 1680 2007 1730 2043; x_wconf 79' lang='grc' dir='ltr'><strong>τὴν</strong></span> <span class='ocrx_word' id='word_1_707' title='bbox 1741 2009 1858 2042; x_wconf 77' lang='grc' dir='ltr'>ἄγνοιαν</span> 
     </span>
    </p>
   </div>
   <div class='ocr_carea' id='block_1_89' title="bbox 1064 2051 1857 2088">
    <p class='ocr_par' dir='ltr' id='par_1_89' title="bbox 1064 2051 1857 2088">
     <span class='ocr_line' id='line_1_91' title="bbox 1064 2051 1857 2088; baseline 0.004 -12"><span class='ocrx_word' id='word_1_708' title='bbox 1064 2051 1227 2086; x_wconf 79' lang='grc' dir='ltr'>περιάπτων</span> <span class='ocrx_word' id='word_1_709' title='bbox 1243 2052 1328 2087; x_wconf 84' lang='grc' dir='ltr'>αὐτῷ,</span> <span class='ocrx_word' id='word_1_710' title='bbox 1343 2053 1391 2079; x_wconf 77' lang='grc' dir='ltr'>καὶ</span> <span class='ocrx_word' id='word_1_711' title='bbox 1405 2053 1474 2088; x_wconf 80' lang='grc' dir='ltr'>πρὸς</span> <span class='ocrx_word' id='word_1_712' title='bbox 1481 2054 1529 2084; x_wconf 84' lang='grc' dir='ltr'>τὰς</span> <span class='ocrx_word' id='word_1_713' title='bbox 1544 2053 1592 2088; x_wconf 81' lang='grc' dir='ltr'>τῆς</span> <span class='ocrx_word' id='word_1_714' title='bbox 1604 2053 1701 2086; x_wconf 81' lang='grc' dir='ltr'>λέξεως</span> <span class='ocrx_word' id='word_1_715' title='bbox 1712 2054 1857 2087; x_wconf 70' lang='grc' dir='ltr'>καταφεύ-</span> 
     </span>
    </p>
   </div>
   <div class='ocr_carea' id='block_1_90' title="bbox 1066 2097 1858 2134">
    <p class='ocr_par' dir='ltr' id='par_1_90' title="bbox 1066 2097 1858 2134">
     <span class='ocr_line' id='line_1_92' title="bbox 1066 2097 1858 2134; baseline 0.003 -11"><span class='ocrx_word' id='word_1_716' title='bbox 1066 2105 1124 2131; x_wconf 89' lang='grc' dir='ltr'>γων</span> <span class='ocrx_word' id='word_1_717' title='bbox 1135 2097 1143 2116; x_wconf 83' lang='grc'><strong>¹</strong></span> <span class='ocrx_word' id='word_1_718' title='bbox 1155 2098 1301 2130; x_wconf 81' lang='grc' dir='ltr'>συλλαϐὰς,</span> <span class='ocrx_word' id='word_1_719' title='bbox 1312 2099 1363 2133; x_wconf 84' lang='grc' dir='ltr'>τῆς</span> <span class='ocrx_word' id='word_1_720' title='bbox 1373 2098 1547 2134; x_wconf 74' lang='grc' dir='ltr'>βλασφημίας</span> <span class='ocrx_word' id='word_1_721' title='bbox 1562 2099 1777 2134; x_wconf 81' lang='grc' dir='ltr'>ἀπολυθήσεται.</span> <span class='ocrx_word' id='word_1_722' title='bbox 1789 2100 1858 2126; x_wconf 72' lang='grc' dir='ltr'><strong>Οὐδὲ</strong></span> 
     </span>
    </p>
   </div>
   <div class='ocr_carea' id='block_1_91' title="bbox 1063 2143 1856 2180">
    <p class='ocr_par' dir='ltr' id='par_1_91' title="bbox 1063 2143 1856 2180">
     <span class='ocr_line' id='line_1_93' title="bbox 1063 2143 1856 2180; baseline 0.004 -11"><span class='ocrx_word' id='word_1_723' title='bbox 1063 2143 1118 2178; x_wconf 85' lang='grc' dir='ltr'>γὰρ</span> <span class='ocrx_word' id='word_1_724' title='bbox 1131 2143 1184 2169; x_wconf 80' lang='grc' dir='ltr'><strong>οὐδ’</strong></span> <span class='ocrx_word' id='word_1_725' title='bbox 1200 2145 1216 2179; x_wconf 86' lang='grc' dir='ltr'>ἡ</span> <span class='ocrx_word' id='word_1_726' title='bbox 1231 2143 1283 2178; x_wconf 82' lang='grc' dir='ltr'>τῆς</span> <span class='ocrx_word' id='word_1_727' title='bbox 1297 2144 1396 2177; x_wconf 79' lang='grc' dir='ltr'>λέξεως</span> <span class='ocrx_word' id='word_1_728' title='bbox 1410 2145 1553 2180; x_wconf 69' lang='grc' dir='ltr'>ἀκρίϐεια,</span> <span class='ocrx_word' id='word_1_729' title='bbox 1567 2145 1605 2176; x_wconf 78' lang='grc' dir='ltr'>ὡς</span> <span class='ocrx_word' id='word_1_730' title='bbox 1621 2145 1734 2178; x_wconf 75' lang='grc' dir='ltr'>ὕστερον</span> <span class='ocrx_word' id='word_1_731' title='bbox 1749 2146 1856 2172; x_wconf 72' lang='grc' dir='ltr'>ἐπιδει-</span> 
     </span>
    </p>
   </div>
   <div class='ocr_carea' id='block_1_92' title="bbox 226 2182 965 2227">
    <p class='ocr_par' dir='ltr' id='par_1_92' title="bbox 226 2182 965 2223">
     <span class='ocr_line' id='line_1_94' title="bbox 226 2182 965 2223; baseline 0.001 -9"><span class='ocrx_word' id='word_1_732' title='bbox 226 2187 342 2223; x_wconf 69' lang='lat' dir='ltr'><strong>pliemia:</strong></span> <span class='ocrx_word' id='word_1_733' title='bbox 353 2196 360 2214; x_wconf 86' lang='lat'>:</span> <span class='ocrx_word' id='word_1_734' title='bbox 372 2193 445 2214; x_wconf 86' lang='lat' dir='ltr'><strong>certe</strong></span> <span class='ocrx_word' id='word_1_735' title='bbox 460 2187 591 2214; x_wconf 89' lang='lat' dir='ltr'><strong>dictionis</strong></span> <span class='ocrx_word' id='word_1_736' title='bbox 606 2182 735 2213; x_wconf 71' lang='lat' dir='ltr'><strong>accurata</strong></span> <span class='ocrx_word' id='word_1_737' title='bbox 754 2187 835 2219; x_wconf 88' lang='lat' dir='ltr'><strong>ratio,</strong></span> <span class='ocrx_word' id='word_1_738' title='bbox 847 2191 875 2214; x_wconf 86' lang='lat' dir='ltr'><strong>ut</strong></span> <span class='ocrx_word' id='word_1_739' title='bbox 883 2187 965 2215; x_wconf 43' lang='lat' dir='ltr'><strong>deincl</strong></span> 
     </span>
    </p>
   </div>
   <div class='ocr_carea' id='block_1_93' title="bbox 1117 2182 1856 2227">
    <p class='ocr_par' dir='ltr' id='par_1_93' title="bbox 1120 2190 1856 2227">
     <span class='ocr_line' id='line_1_95' title="bbox 1120 2190 1856 2227; baseline 0.004 -12"><span class='ocrx_word' id='word_1_740' title='bbox 1120 2197 1196 2215; x_wconf 81' lang='grc' dir='ltr'>σεται</span> <span class='ocrx_word' id='word_1_741' title='bbox 1207 2209 1215 2221; x_wconf 89' lang='lat'><strong>,</strong></span> <span class='ocrx_word' id='word_1_742' title='bbox 1230 2190 1343 2226; x_wconf 75' lang='grc' dir='ltr'>ἀφορμή</span> <span class='ocrx_word' id='word_1_743' title='bbox 1356 2199 1427 2217; x_wconf 81' lang='grc' dir='ltr'>τισιν</span> <span class='ocrx_word' id='word_1_744' title='bbox 1439 2192 1479 2222; x_wconf 85' lang='grc' dir='ltr'>εἰς</span> <span class='ocrx_word' id='word_1_745' title='bbox 1491 2191 1520 2217; x_wconf 71' lang='grc' dir='ltr'><strong>τὸ</strong></span> <span class='ocrx_word' id='word_1_746' title='bbox 1533 2191 1570 2226; x_wconf 80' lang='grc' dir='ltr'>μὴ</span> <span class='ocrx_word' id='word_1_747' title='bbox 1581 2191 1725 2226; x_wconf 82' lang='grc' dir='ltr'>βούλεσθαι</span> <span class='ocrx_word' id='word_1_748' title='bbox 1740 2193 1777 2218; x_wconf 75' lang='grc' dir='ltr'>τὰ</span> <span class='ocrx_word' id='word_1_749' title='bbox 1788 2192 1856 2227; x_wconf 71' lang='grc' dir='ltr'>ὀρθὰ</span> 
     </span>
    </p>
   </div>
   <div class='ocr_carea' id='block_1_94' title="bbox 226 2232 1013 2268">
    <p class='ocr_par' dir='ltr' id='par_1_94' title="bbox 226 2232 1013 2268">
     <span class='ocr_line' id='line_1_96' title="bbox 226 2232 1013 2268; baseline 0.001 -8"><span class='ocrx_word' id='word_1_750' title='bbox 226 2234 342 2266; x_wconf 85' lang='lat' dir='ltr'><strong>docebo,</strong></span> <span class='ocrx_word' id='word_1_751' title='bbox 359 2242 415 2260; x_wconf 87' lang='lat' dir='ltr'><strong>non</strong></span> <span class='ocrx_word' id='word_1_752' title='bbox 433 2233 562 2268; x_wconf 66' lang='lat' dir='ltr'><strong>praebebit</strong></span> <span class='ocrx_word' id='word_1_753' title='bbox 573 2232 653 2259; x_wconf 86' lang='lat' dir='ltr'><strong>alicui</strong></span> <span class='ocrx_word' id='word_1_754' title='bbox 663 2232 834 2259; x_wconf 87' lang='lat' dir='ltr'><strong>occasionem</strong></span> <span class='ocrx_word' id='word_1_755' title='bbox 843 2233 933 2260; x_wconf 90' lang='lat' dir='ltr'><strong>minus</strong></span> <span class='ocrx_word' id='word_1_756' title='bbox 940 2237 1013 2261; x_wconf 88' lang='lat' dir='ltr'><strong>recte</strong></span> 
     </span>
    </p>
   </div>
   <div class='ocr_carea' id='block_1_95' title="bbox 225 2278 1010 2310">
    <p class='ocr_par' dir='ltr' id='par_1_95' title="bbox 225 2278 1010 2310">
     <span class='ocr_line' id='line_1_97' title="bbox 225 2278 1010 2310; baseline -0.001 -3"><span class='ocrx_word' id='word_1_757' title='bbox 225 2279 371 2307; x_wconf 86' lang='lat' dir='ltr'><strong>sentiendi.</strong></span> <span class='ocrx_word' id='word_1_758' title='bbox 385 2279 461 2306; x_wconf 85' lang='lat' dir='ltr'><strong>Licet</strong></span> <span class='ocrx_word' id='word_1_759' title='bbox 479 2279 552 2306; x_wconf 91' lang='lat' dir='ltr'><strong>enim</strong></span> <span class='ocrx_word' id='word_1_760' title='bbox 569 2285 643 2304; x_wconf 86' lang='lat' dir='ltr'><strong>nunc</strong></span> <span class='ocrx_word' id='word_1_761' title='bbox 655 2285 815 2305; x_wconf 87' lang='lat' dir='ltr'><strong>concessum</strong></span> <span class='ocrx_word' id='word_1_762' title='bbox 832 2278 878 2310; x_wconf 89' lang='lat' dir='ltr'><strong>sit,</strong></span> <span class='ocrx_word' id='word_1_763' title='bbox 892 2279 1010 2306; x_wconf 90' lang='lat' dir='ltr'><strong>litteram</strong></span> 
     </span>
    </p>
   </div>
   <div class='ocr_carea' id='block_1_96' title="bbox 225 2323 1012 2359">
    <p class='ocr_par' dir='ltr' id='par_1_96' title="bbox 225 2323 1012 2359">
     <span class='ocr_line' id='line_1_98' title="bbox 225 2323 1012 2359; baseline -0.003 -6"><span class='ocrx_word' id='word_1_764' title='bbox 225 2325 347 2354; x_wconf 86' lang='lat' dir='ltr'><strong>indicare</strong></span> <span class='ocrx_word' id='word_1_765' title='bbox 357 2325 418 2352; x_wconf 83' lang='lat' dir='ltr'><strong>Filii</strong></span> <span class='ocrx_word' id='word_1_766' title='bbox 432 2324 626 2359; x_wconf 77' lang='lat' dir='ltr'><strong>ignorantiam,</strong></span> <span class='ocrx_word' id='word_1_767' title='bbox 642 2323 711 2350; x_wconf 86' lang='lat' dir='ltr'><strong>nihil</strong></span> <span class='ocrx_word' id='word_1_768' title='bbox 722 2329 812 2351; x_wconf 89' lang='lat' dir='ltr'><strong>tamen</strong></span> <span class='ocrx_word' id='word_1_769' title='bbox 825 2324 948 2358; x_wconf 79' lang='lat' dir='ltr'><strong>absurdi,</strong></span> <span class='ocrx_word' id='word_1_770' title='bbox 965 2329 1012 2352; x_wconf 88' lang='lat' dir='ltr'><strong>aut</strong></span> 
     </span>
    </p>
   </div>
   <div class='ocr_carea' id='block_1_97' title="bbox 224 2369 1011 2405">
    <p class='ocr_par' dir='ltr' id='par_1_97' title="bbox 224 2369 1011 2405">
     <span class='ocr_line' id='line_1_99' title="bbox 224 2369 1011 2405; baseline -0.001 -8"><span class='ocrx_word' id='word_1_771' title='bbox 224 2370 319 2405; x_wconf 83' lang='lat' dir='ltr'><strong>pietati</strong></span> <span class='ocrx_word' id='word_1_772' title='bbox 335 2369 517 2402; x_wconf 85' lang='lat' dir='ltr'><strong>contrarium,</strong></span> <span class='ocrx_word' id='word_1_773' title='bbox 531 2369 624 2395; x_wconf 86' lang='lat' dir='ltr'><strong>animo</strong></span> <span class='ocrx_word' id='word_1_774' title='bbox 643 2373 716 2396; x_wconf 89' lang='lat' dir='ltr'><strong>recte</strong></span> <span class='ocrx_word' id='word_1_775' title='bbox 728 2369 1011 2404; x_wconf 83' lang='lat' dir='ltr'><strong>contemplante,con-</strong></span> 
     </span>
    </p>
   </div>
   <div class='ocr_carea' id='block_1_98' title="bbox 225 2413 1009 2450">
    <p class='ocr_par' dir='ltr' id='par_1_98' title="bbox 225 2413 1009 2450">
     <span class='ocr_line' id='line_1_100' title="bbox 225 2413 1009 2450; baseline 0.001 -8"><span class='ocrx_word' id='word_1_776' title='bbox 225 2415 373 2443; x_wconf 84' lang='lat' dir='ltr'><strong>stituamus</strong></span> <span class='ocrx_word' id='word_1_777' title='bbox 389 2425 396 2443; x_wconf 84' lang='lat'><strong>:</strong></span> <span class='ocrx_word' id='word_1_778' title='bbox 415 2414 462 2442; x_wconf 86' lang='lat' dir='ltr'><strong>scd</strong></span> <span class='ocrx_word' id='word_1_779' title='bbox 482 2421 534 2442; x_wconf 86' lang='lat' dir='ltr'><strong>nec</strong></span> <span class='ocrx_word' id='word_1_780' title='bbox 550 2413 640 2441; x_wconf 78' lang='lat' dir='ltr'><strong>littera</strong></span> <span class='ocrx_word' id='word_1_781' title='bbox 656 2414 729 2441; x_wconf 81' lang='lat' dir='ltr'><strong>favet</strong></span> <span class='ocrx_word' id='word_1_782' title='bbox 745 2415 779 2442; x_wconf 82' lang='lat' dir='ltr'><strong>iis</strong></span> <span class='ocrx_word' id='word_1_783' title='bbox 788 2415 885 2450; x_wconf 84' lang='lat' dir='ltr'><strong>qui,ut</strong></span> <span class='ocrx_word' id='word_1_784' title='bbox 895 2415 1009 2450; x_wconf 75' lang='lat' dir='ltr'><strong>gloriam</strong></span> 
     </span>
    </p>
   </div>
   <div class='ocr_carea' id='block_1_99' title="bbox 225 2459 1009 2496">
    <p class='ocr_par' dir='ltr' id='par_1_99' title="bbox 225 2459 1009 2496">
     <span class='ocr_line' id='line_1_101' title="bbox 225 2459 1009 2496; baseline 0 -8"><span class='ocrx_word' id='word_1_785' title='bbox 225 2461 389 2488; x_wconf 86' lang='lat' dir='ltr'><strong>imntinuant</strong></span> <span class='ocrx_word' id='word_1_786' title='bbox 405 2459 552 2495; x_wconf 70' lang='lat' dir='ltr'><strong>Unigeniti,</strong></span> <span class='ocrx_word' id='word_1_787' title='bbox 578 2460 691 2487; x_wconf 86' lang='lat' dir='ltr'><strong>adliiant</strong></span> <span class='ocrx_word' id='word_1_788' title='bbox 722 2461 801 2488; x_wconf 84' lang='lat' dir='ltr'><strong>istam</strong></span> <span class='ocrx_word' id='word_1_789' title='bbox 819 2460 1009 2496; x_wconf 74' lang='lat' dir='ltr'><strong>ignorantiam.</strong></span> 
     </span>
    </p>
   </div>
   <div class='ocr_carea' id='block_1_100' title="bbox 225 2506 1011 2542">
    <p class='ocr_par' dir='ltr' id='par_1_100' title="bbox 225 2506 1011 2542">
     <span class='ocr_line' id='line_1_102' title="bbox 225 2506 1011 2542; baseline 0 -8"><span class='ocrx_word' id='word_1_790' title='bbox 225 2507 284 2541; x_wconf 77' lang='lat' dir='ltr'><strong>Ego</strong></span> <span class='ocrx_word' id='word_1_791' title='bbox 298 2507 367 2538; x_wconf 84' lang='lat' dir='ltr'><strong>scio,</strong></span> <span class='ocrx_word' id='word_1_792' title='bbox 379 2506 479 2541; x_wconf 89' lang='lat' dir='ltr'><strong>quippe</strong></span> <span class='ocrx_word' id='word_1_793' title='bbox 492 2506 539 2541; x_wconf 84' lang='lat' dir='ltr'><strong>qui</strong></span> <span class='ocrx_word' id='word_1_794' title='bbox 552 2506 616 2533; x_wconf 88' lang='lat' dir='ltr'><strong>olim</strong></span> <span class='ocrx_word' id='word_1_795' title='bbox 632 2513 698 2534; x_wconf 89' lang='lat' dir='ltr'><strong>sene</strong></span> <span class='ocrx_word' id='word_1_796' title='bbox 713 2506 830 2541; x_wconf 85' lang='lat' dir='ltr'><strong>quodam</strong></span> <span class='ocrx_word' id='word_1_797' title='bbox 847 2507 1011 2542; x_wconf 77' lang='lat' dir='ltr'><strong>theologiam</strong></span> 
     </span>
    </p>
   </div>
   <div class='ocr_carea' id='block_1_101' title="bbox 225 2552 1012 2588">
    <p class='ocr_par' dir='ltr' id='par_1_101' title="bbox 225 2552 1012 2588">
     <span class='ocr_line' id='line_1_103' title="bbox 225 2552 1012 2588; baseline 0 -8"><span class='ocrx_word' id='word_1_798' title='bbox 225 2552 350 2588; x_wconf 89' lang='lat' dir='ltr'><strong>apprime</strong></span> <span class='ocrx_word' id='word_1_799' title='bbox 366 2553 469 2579; x_wconf 86' lang='lat' dir='ltr'><strong>sciente</strong></span> <span class='ocrx_word' id='word_1_800' title='bbox 487 2553 592 2585; x_wconf 85' lang='lat' dir='ltr'><strong>utebar,</strong></span> <span class='ocrx_word' id='word_1_801' title='bbox 610 2552 657 2588; x_wconf 89' lang='lat' dir='ltr'><strong>qui</strong></span> <span class='ocrx_word' id='word_1_802' title='bbox 676 2560 738 2580; x_wconf 85' lang='lat' dir='ltr'><strong>cunt</strong></span> <span class='ocrx_word' id='word_1_803' title='bbox 753 2558 878 2581; x_wconf 82' lang='lat' dir='ltr'><strong>externas</strong></span> <span class='ocrx_word' id='word_1_804' title='bbox 890 2553 1012 2588; x_wconf 87' lang='lat' dir='ltr'><strong>discipli-</strong></span> 
     </span>
    </p>
   </div>
   <div class='ocr_carea' id='block_1_102' title="bbox 225 2598 1012 2634">
    <p class='ocr_par' dir='ltr' id='par_1_102' title="bbox 225 2598 1012 2634">
     <span class='ocr_line' id='line_1_104' title="bbox 225 2598 1012 2634; baseline 0.003 -10"><span class='ocrx_word' id='word_1_805' title='bbox 225 2606 276 2625; x_wconf 85' lang='lat' dir='ltr'><strong>nas</strong></span> <span class='ocrx_word' id='word_1_806' title='bbox 296 2598 443 2630; x_wconf 77' lang='lat' dir='ltr'><strong>fastidiret,</strong></span> <span class='ocrx_word' id='word_1_807' title='bbox 463 2599 497 2627; x_wconf 87' lang='lat' dir='ltr'><strong>de</strong></span> <span class='ocrx_word' id='word_1_808' title='bbox 522 2600 649 2634; x_wconf 67' lang='lat' dir='ltr'><strong>praesenti</strong></span> <span class='ocrx_word' id='word_1_809' title='bbox 665 2600 817 2634; x_wconf 64' lang='lat' dir='ltr'><strong>quaestione</strong></span> <span class='ocrx_word' id='word_1_810' title='bbox 833 2599 913 2626; x_wconf 84' lang='lat' dir='ltr'><strong>talem</strong></span> <span class='ocrx_word' id='word_1_811' title='bbox 932 2599 1012 2626; x_wconf 87' lang='lat' dir='ltr'><strong>insti-</strong></span> 
     </span>
    </p>
   </div>
   <div class='ocr_carea' id='block_1_103' title="bbox 262 2698 474 2732">
    <p class='ocr_par' dir='ltr' id='par_1_103' title="bbox 262 2698 474 2732">
     <span class='ocr_line' id='line_1_105' title="bbox 262 2698 474 2732; baseline 0.005 -6"><span class='ocrx_word' id='word_1_812' title='bbox 262 2699 284 2714; x_wconf 74' lang='grc' dir='ltr'>θο</span> <span class='ocrx_word' id='word_1_813' title='bbox 298 2698 376 2727; x_wconf 85' lang='lat' dir='ltr'><strong>Joan.</strong></span> <span class='ocrx_word' id='word_1_814' title='bbox 390 2708 417 2732; x_wconf 83' lang='grc' dir='ltr'>ν,</span> <span class='ocrx_word' id='word_1_815' title='bbox 430 2700 474 2727; x_wconf 75' lang='grc'><strong>22.</strong></span> 
     </span>
    </p>
   </div>
   <div class='ocr_carea' id='block_1_104' title="bbox 1065 2236 1857 2274">
    <p class='ocr_par' dir='ltr' id='par_1_104' title="bbox 1065 2236 1857 2274">
     <span class='ocr_line' id='line_1_106' title="bbox 1065 2236 1857 2274; baseline 0.004 -13"><span class='ocrx_word' id='word_1_816' title='bbox 1065 2237 1174 2270; x_wconf 76' lang='grc' dir='ltr'>φρονεῖν</span> <span class='ocrx_word' id='word_1_817' title='bbox 1188 2236 1394 2271; x_wconf 81' lang='grc' dir='ltr'>πορισθήσεται.</span> <span class='ocrx_word' id='word_1_818' title='bbox 1416 2237 1446 2263; x_wconf 74' lang='grc' dir='ltr'><strong>Εἰ</strong></span> <span class='ocrx_word' id='word_1_819' title='bbox 1464 2238 1517 2272; x_wconf 81' lang='grc' dir='ltr'><strong>γὰρ</strong></span> <span class='ocrx_word' id='word_1_820' title='bbox 1534 2238 1581 2264; x_wconf 77' lang='grc' dir='ltr'>καὶ</span> <span class='ocrx_word' id='word_1_821' title='bbox 1604 2240 1857 2274; x_wconf 77' lang='grc' dir='ltr'>συγκεχωρημένον</span> 
     </span>
    </p>
   </div>
   <div class='ocr_carea' id='block_1_105' title="bbox 1064 2280 1857 2318">
    <p class='ocr_par' dir='ltr' id='par_1_105' title="bbox 1064 2280 1857 2318">
     <span class='ocr_line' id='line_1_107' title="bbox 1064 2280 1857 2318; baseline 0.005 -12"><span class='ocrx_word' id='word_1_822' title='bbox 1064 2280 1112 2306; x_wconf 88' lang='grc' dir='ltr'>νῦν</span> <span class='ocrx_word' id='word_1_823' title='bbox 1127 2281 1176 2313; x_wconf 81' lang='grc' dir='ltr'>τὰς</span> <span class='ocrx_word' id='word_1_824' title='bbox 1190 2281 1278 2314; x_wconf 78' lang='grc' dir='ltr'>λέξεις</span> <span class='ocrx_word' id='word_1_825' title='bbox 1298 2282 1394 2317; x_wconf 78' lang='grc' dir='ltr'>δηλοῦν</span> <span class='ocrx_word' id='word_1_826' title='bbox 1410 2283 1518 2317; x_wconf 86' lang='grc' dir='ltr'>ἀγνοεῖν</span> <span class='ocrx_word' id='word_1_827' title='bbox 1533 2283 1577 2310; x_wconf 81' lang='grc' dir='ltr'>τὸν</span> <span class='ocrx_word' id='word_1_828' title='bbox 1593 2283 1667 2315; x_wconf 81' lang='grc' dir='ltr'>Υίὺν,</span> <span class='ocrx_word' id='word_1_829' title='bbox 1684 2284 1762 2318; x_wconf 84' lang='grc' dir='ltr'>ὅμως</span> <span class='ocrx_word' id='word_1_830' title='bbox 1778 2285 1857 2310; x_wconf 73' lang='grc' dir='ltr'>οὐδὲν</span> 
     </span>
    </p>
   </div>
   <div class='ocr_carea' id='block_1_106' title="bbox 1063 2327 1856 2365">
    <p class='ocr_par' dir='ltr' id='par_1_106' title="bbox 1063 2327 1856 2365">
     <span class='ocr_line' id='line_1_108' title="bbox 1063 2327 1856 2365; baseline 0.004 -12"><span class='ocrx_word' id='word_1_831' title='bbox 1063 2327 1117 2354; x_wconf 78' lang='grc' dir='ltr'>τῶν</span> <span class='ocrx_word' id='word_1_832' title='bbox 1133 2328 1241 2354; x_wconf 83' lang='grc' dir='ltr'>ἀτόπων</span> <span class='ocrx_word' id='word_1_833' title='bbox 1257 2329 1448 2364; x_wconf 83' lang='grc' dir='ltr'>παρεπόμενον</span> <span class='ocrx_word' id='word_1_834' title='bbox 1464 2329 1583 2360; x_wconf 72' lang='grc' dir='ltr'>εὐσεϐῶς</span> <span class='ocrx_word' id='word_1_835' title='bbox 1595 2330 1642 2356; x_wconf 72' lang='grc' dir='ltr'><strong>τὸν</strong></span> <span class='ocrx_word' id='word_1_836' title='bbox 1665 2329 1728 2355; x_wconf 87' lang='grc' dir='ltr'>νοῦν</span> <span class='ocrx_word' id='word_1_837' title='bbox 1745 2329 1856 2365; x_wconf 80' lang='grc' dir='ltr'>θεωρή-</span> 
     </span>
    </p>
   </div>
   <div class='ocr_carea' id='block_1_107' title="bbox 1064 2373 1857 2408">
    <p class='ocr_par' dir='ltr' id='par_1_107' title="bbox 1064 2373 1857 2408">
     <span class='ocr_line' id='line_1_109' title="bbox 1064 2373 1857 2408; baseline 0.004 -11"><span class='ocrx_word' id='word_1_838' title='bbox 1064 2380 1159 2403; x_wconf 87' lang='grc' dir='ltr'>σαντες</span> <span class='ocrx_word' id='word_1_839' title='bbox 1183 2374 1404 2408; x_wconf 78' lang='grc' dir='ltr'>παρεστήσαμεν.</span> <span class='ocrx_word' id='word_1_840' title='bbox 1428 2374 1496 2399; x_wconf 82' lang='grc' dir='ltr'>Ἀλλ’</span> <span class='ocrx_word' id='word_1_841' title='bbox 1512 2373 1570 2405; x_wconf 71' lang='grc' dir='ltr'>οὖν,</span> <span class='ocrx_word' id='word_1_842' title='bbox 1587 2374 1643 2400; x_wconf 72' lang='grc' dir='ltr'><strong>οὐδ’</strong></span> <span class='ocrx_word' id='word_1_843' title='bbox 1660 2375 1689 2400; x_wconf 79' lang='grc' dir='ltr'>αἱ</span> <span class='ocrx_word' id='word_1_844' title='bbox 1713 2374 1806 2407; x_wconf 74' lang='grc' dir='ltr'>λέξεις</span> <span class='ocrx_word' id='word_1_845' title='bbox 1832 2385 1857 2401; x_wconf 84' lang='grc' dir='ltr'><strong>τι</strong></span> 
     </span>
    </p>
   </div>
   <div class='ocr_carea' id='block_1_108' title="bbox 1062 2417 1856 2455">
    <p class='ocr_par' dir='ltr' id='par_1_108' title="bbox 1062 2417 1856 2455">
     <span class='ocr_line' id='line_1_110' title="bbox 1062 2417 1856 2455; baseline 0.009 -13"><span class='ocrx_word' id='word_1_846' title='bbox 1062 2417 1220 2452; x_wconf 78' lang='grc' dir='ltr'>χαριοῦνται</span> <span class='ocrx_word' id='word_1_847' title='bbox 1235 2419 1291 2449; x_wconf 87' lang='grc' dir='ltr'>τοῖς</span> <span class='ocrx_word' id='word_1_848' title='bbox 1313 2419 1361 2444; x_wconf 77' lang='grc' dir='ltr'><strong>ἐπὶ</strong></span> <span class='ocrx_word' id='word_1_849' title='bbox 1378 2418 1537 2455; x_wconf 74' lang='grc' dir='ltr'>καθαιρέσει</span> <span class='ocrx_word' id='word_1_850' title='bbox 1560 2420 1608 2454; x_wconf 77' lang='grc' dir='ltr'><strong>τῆς</strong></span> <span class='ocrx_word' id='word_1_851' title='bbox 1629 2420 1709 2455; x_wconf 72' lang='grc' dir='ltr'>δόξης</span> <span class='ocrx_word' id='word_1_852' title='bbox 1727 2422 1777 2448; x_wconf 74' lang='grc' dir='ltr'>τοῦ</span> <span class='ocrx_word' id='word_1_853' title='bbox 1796 2423 1856 2449; x_wconf 89' lang='grc' dir='ltr'><strong>Μο-</strong></span> 
     </span>
    </p>
   </div>
   <div class='ocr_carea' id='block_1_109' title="bbox 1060 2463 1857 2501">
    <p class='ocr_par' dir='ltr' id='par_1_109' title="bbox 1060 2463 1857 2501">
     <span class='ocr_line' id='line_1_111' title="bbox 1060 2463 1857 2501; baseline 0.009 -12"><span class='ocrx_word' id='word_1_854' title='bbox 1060 2463 1199 2497; x_wconf 82' lang='grc' dir='ltr'>νογενοῦς,</span> <span class='ocrx_word' id='word_1_855' title='bbox 1215 2464 1264 2498; x_wconf 86' lang='grc' dir='ltr'>τὴν</span> <span class='ocrx_word' id='word_1_856' title='bbox 1287 2465 1398 2498; x_wconf 84' lang='grc' dir='ltr'>ἄγνοιαν</span> <span class='ocrx_word' id='word_1_857' title='bbox 1418 2466 1630 2500; x_wconf 75' lang='grc' dir='ltr'>περιχαίνουσιν.</span> <span class='ocrx_word' id='word_1_858' title='bbox 1656 2467 1726 2501; x_wconf 79' lang='grc' dir='ltr'><strong>Ἐγὼ</strong></span> <span class='ocrx_word' id='word_1_859' title='bbox 1743 2468 1774 2495; x_wconf 80' lang='grc' dir='ltr'><strong>δὲ</strong></span> <span class='ocrx_word' id='word_1_860' title='bbox 1796 2469 1857 2496; x_wconf 72' lang='grc' dir='ltr'>οἶδα</span> 
     </span>
    </p>
   </div>
   <div class='ocr_carea' id='block_1_110' title="bbox 1060 2508 1854 2547">
    <p class='ocr_par' dir='ltr' id='par_1_110' title="bbox 1060 2508 1854 2547">
     <span class='ocr_line' id='line_1_112' title="bbox 1060 2508 1854 2547; baseline 0.006 -11"><span class='ocrx_word' id='word_1_861' title='bbox 1060 2509 1145 2536; x_wconf 82' lang='grc' dir='ltr'>πάλαι</span> <span class='ocrx_word' id='word_1_862' title='bbox 1151 2508 1216 2535; x_wconf 77' lang='grc' dir='ltr'>ποτὲ</span> <span class='ocrx_word' id='word_1_863' title='bbox 1227 2510 1333 2544; x_wconf 79' lang='grc' dir='ltr'>γέροντι</span> <span class='ocrx_word' id='word_1_864' title='bbox 1346 2511 1420 2545; x_wconf 82' lang='grc' dir='ltr'>σοφῷ</span> <span class='ocrx_word' id='word_1_865' title='bbox 1431 2512 1463 2537; x_wconf 72' lang='grc' dir='ltr'>τὰ</span> <span class='ocrx_word' id='word_1_866' title='bbox 1473 2511 1532 2538; x_wconf 84' lang='grc' dir='ltr'>θεῖα</span> <span class='ocrx_word' id='word_1_867' title='bbox 1543 2512 1731 2547; x_wconf 75' lang='grc' dir='ltr'>ἐνωμιληκὼς,</span> <span class='ocrx_word' id='word_1_868' title='bbox 1746 2513 1776 2545; x_wconf 80' lang='grc' dir='ltr'>ὃς</span> <span class='ocrx_word' id='word_1_869' title='bbox 1792 2515 1854 2541; x_wconf 88' lang='grc' dir='ltr'>καί-</span> 
     </span>
    </p>
   </div>
   <div class='ocr_carea' id='block_1_111' title="bbox 1059 2554 1857 2595">
    <p class='ocr_par' dir='ltr' id='par_1_111' title="bbox 1059 2554 1857 2595">
     <span class='ocr_line' id='line_1_113' title="bbox 1059 2554 1857 2595; baseline 0.009 -15"><span class='ocrx_word' id='word_1_870' title='bbox 1059 2562 1100 2580; x_wconf 71' lang='grc' dir='ltr'><strong>Ιτοι</strong></span> <span class='ocrx_word' id='word_1_871' title='bbox 1112 2554 1165 2581; x_wconf 86' lang='grc' dir='ltr'>τῶν</span> <span class='ocrx_word' id='word_1_872' title='bbox 1177 2561 1197 2574; x_wconf 75' lang='lat' dir='ltr'><strong>In</strong></span> <span class='ocrx_word' id='word_1_873' title='bbox 1208 2555 1262 2587; x_wconf 77' lang='grc' dir='ltr'><strong>ἔξω</strong></span> <span class='ocrx_word' id='word_1_874' title='bbox 1276 2555 1462 2591; x_wconf 83' lang='grc' dir='ltr'>θεωρημάτων</span> <span class='ocrx_word' id='word_1_875' title='bbox 1476 2558 1576 2594; x_wconf 75' lang='grc' dir='ltr'>πολλὴν</span> <span class='ocrx_word' id='word_1_876' title='bbox 1601 2558 1671 2594; x_wconf 67' lang='grc' dir='ltr'>ἔχων</span> <span class='ocrx_word' id='word_1_877' title='bbox 1696 2559 1747 2594; x_wconf 83' lang='grc' dir='ltr'>τὴν</span> <span class='ocrx_word' id='word_1_878' title='bbox 1776 2562 1857 2595; x_wconf 74' lang='grc' dir='ltr'>ὀλιγ-</span> 
     </span>
    </p>
   </div>
   <div class='ocr_carea' id='block_1_112' title="bbox 1060 2601 1857 2642">
    <p class='ocr_par' dir='ltr' id='par_1_112' title="bbox 1060 2601 1857 2642">
     <span class='ocr_line' id='line_1_114' title="bbox 1060 2601 1857 2642; baseline 0.011 -17"><span class='ocrx_word' id='word_1_879' title='bbox 1060 2601 1245 2635; x_wconf 72' lang='grc' dir='ltr'>ιιιρίιν,ὅμως</span> <span class='ocrx_word' id='word_1_880' title='bbox 1260 2601 1388 2638; x_wconf 77' lang='grc' dir='ltr'>τοιαύτην</span> <span class='ocrx_word' id='word_1_881' title='bbox 1411 2605 1472 2630; x_wconf 80' lang='grc' dir='ltr'>τινὰ</span> <span class='ocrx_word' id='word_1_882' title='bbox 1497 2605 1562 2640; x_wconf 76' lang='grc' dir='ltr'>περὶ</span> <span class='ocrx_word' id='word_1_883' title='bbox 1585 2605 1632 2631; x_wconf 85' lang='grc' dir='ltr'>τοῦ</span> <span class='ocrx_word' id='word_1_884' title='bbox 1665 2607 1857 2642; x_wconf 74' lang='grc' dir='ltr'>προκειμένου</span> 
     </span>
    </p>
   </div>
   <div class='ocr_carea' id='block_1_113' title="bbox 887 2774 1225 2803">
    <p class='ocr_par' dir='ltr' id='par_1_113' title="bbox 887 2774 1225 2803">
     <span class='ocr_line' id='line_1_115' title="bbox 887 2774 1225 2803; baseline 0 -1"><span class='ocrx_word' id='word_1_885' title='bbox 887 2775 1003 2803; x_wconf 65' lang='lat' dir='ltr'><strong>VARUS</strong></span> <span class='ocrx_word' id='word_1_886' title='bbox 1024 2774 1225 2803; x_wconf 66' lang='lat' dir='ltr'><strong>LEGTIONI‘JS.</strong></span> 
     </span>
    </p>
   </div>
   <div class='ocr_carea' id='block_1_114' title="bbox 260 2837 822 2872">
    <p class='ocr_par' dir='ltr' id='par_1_114' title="bbox 260 2837 822 2872">
     <span class='ocr_line' id='line_1_116' title="bbox 260 2837 822 2872; baseline -0.007 -5"><span class='ocrx_word' id='word_1_887' title='bbox 260 2839 271 2858; x_wconf 79' lang='grc'><strong>¹¹</strong></span> <span class='ocrx_word' id='word_1_888' title='bbox 295 2840 340 2867; x_wconf 82' lang='grc' dir='ltr'><strong>ῖσ.</strong></span> <span class='ocrx_word' id='word_1_889' title='bbox 357 2840 453 2869; x_wconf 80' lang='grc' dir='ltr'>ὅτιπερ</span> <span class='ocrx_word' id='word_1_890' title='bbox 466 2840 530 2870; x_wconf 65' lang='grc' dir='ltr'>ἔχοι.</span> <span class='ocrx_word' id='word_1_891' title='bbox 546 2839 575 2865; x_wconf 73' lang='grc' dir='ltr'><strong>(Ι.</strong></span> <span class='ocrx_word' id='word_1_892' title='bbox 593 2837 627 2864; x_wconf 81' lang='grc' dir='ltr'><strong>Μ.</strong></span> <span class='ocrx_word' id='word_1_893' title='bbox 642 2838 682 2864; x_wconf 73' lang='grc' dir='ltr'>ὅτι</span> <span class='ocrx_word' id='word_1_894' title='bbox 698 2838 822 2872; x_wconf 79' lang='grc' dir='ltr'>παρέχοι.</span> 
     </span>
    </p>
   </div>
   <div class='ocr_carea' id='block_1_115' title="bbox 863 2835 1509 2873">
    <p class='ocr_par' dir='ltr' id='par_1_115' title="bbox 863 2835 1509 2873">
     <span class='ocr_line' id='line_1_117' title="bbox 863 2835 1509 2873; baseline 0.005 -11"><span class='ocrx_word' id='word_1_895' title='bbox 863 2835 870 2856; x_wconf 73' lang='grc'><strong>1</strong></span> <span class='ocrx_word' id='word_1_896' title='bbox 891 2837 922 2863; x_wconf 86' lang='lat' dir='ltr'><strong>C.</strong></span> <span class='ocrx_word' id='word_1_897' title='bbox 940 2835 975 2862; x_wconf 84' lang='lat' dir='ltr'><strong>M.</strong></span> <span class='ocrx_word' id='word_1_898' title='bbox 996 2836 1167 2870; x_wconf 65' lang='grc' dir='ltr'>ἀποφεύγων.</span> <span class='ocrx_word' id='word_1_899' title='bbox 1206 2841 1225 2854; x_wconf 75' lang='grc' dir='ltr'><strong>ιιι</strong></span> <span class='ocrx_word' id='word_1_900' title='bbox 1243 2836 1274 2864; x_wconf 71' lang='grc' dir='ltr'><strong>(Σ.</strong></span> <span class='ocrx_word' id='word_1_901' title='bbox 1287 2837 1324 2863; x_wconf 85' lang='grc' dir='ltr'><strong>Μ.</strong></span> <span class='ocrx_word' id='word_1_902' title='bbox 1344 2837 1389 2863; x_wconf 68' lang='grc' dir='ltr'>καὶ</span> <span class='ocrx_word' id='word_1_903' title='bbox 1403 2839 1434 2873; x_wconf 81' lang='grc' dir='ltr'><strong>τῇ</strong></span> <span class='ocrx_word' id='word_1_904' title='bbox 1447 2838 1509 2865; x_wconf 77' lang='grc' dir='ltr'>τῶν.</span> 
     </span>
    </p>
   </div>
  </div>
