1873 3063
23 2748 26 2777 Ξ

24 2812 28 2844 l

19 184 75 216 6T1

522 183 571 212 AD
584 179 881 212 AMPHILOCHIUM
903 181 1076 217 QUIESTIO
1088 181 1186 212 CXIV.

1610 181 1664 214 67L

18 241 154 275 διέγραφε
174 239 306 275 θεωρίαν·
321 239 359 265 Τὸ
386 237 496 265 ειδέναι
517 237 605 264 διττὸν
618 238 711 272 ἔλεγεν
739 235 819 264 εἶναι·

913 237 967 265 :bat
987 238 1252 265 considerationem:
1264 238 1347 270 Scire,
1358 238 1457 273 duplex
1470 245 1530 266 cssc
1537 239 1643 267 dicebat
1655 250 1661 266 :

19 288 49 312 τὸ
68 286 121 320 μὲν
141 287 294 321 ἐπιστήμῃ,
312 285 342 311 τὸ
354 284 382 311 δὲ
393 286 427 320 τῇ
440 284 537 320 ,πείρφ
550 284 621 311 κατά
635 284 684 318 μὲν
698 282 745 311 οὖν
760 285 820 311 ἐπι-

19 333 135 367 στήμην
152 332 254 367 ὁμοίως
275 331 375 358 εἰδέναι
388 331 428 366 τῷ
443 331 530 366 Πατρὶ
544 331 591 357 τόν
608 330 674 357 Υἱὸν
688 330 738 364 τὴν
753 330 820 365 ἠμέ-

19 387 73 412 ριν
87 378 200 412 ἐκείνην
216 378 263 403 καὶ
277 376 363 412 ὤραν·
373 376 454 403 κατὰ
470 377 570 411 πεῖραν
594 376 622 403 δὲ
645 375 755 403 οὐκέτι·
773 376 820 402 τὸν

19 425 74 457 μὲν
87 424 144 457 γὰρ
158 423 269 457 Πατέρα
285 424 334 450 καὶ
350 423 390 454 εἰς
405 424 504 458 πεῖραν
519 422 616 454 ἐλθεῖν,
631 422 678 448 καὶ
697 421 820 456 προσλα-

16 470 80 495 ϐεῖν
94 469 147 503 τὴν
168 468 297 504 τοιαύτην
310 469 422 503 γνῶσιν,
437 469 520 504 ἡνίκα
538 469 630 495 πᾶσαν
642 467 767 494 ἐδεδώκει
781 467 820 502 τῷ

18 517 80 550 Vit?)
101 516 155 550 τὴν
176 516 278 550 κρίσιν’
297 515 438 549 ὲκεκρίκει
453 514 508 549 γὰρ
534 514 594 540 τότε
611 514 626 540 6
650 514 747 548 Πατὴρ
770 514 821 548 τὴν

17 561 113 596 κρίσιν
128 565 143 579 ιι
157 560 268 587 ἃπασαν
283 559 437 594 ἐγχειρίσαι
452 559 491 594 τῷ
506 559 565 594 Υῐῷ
577 579 584 591 ,
608 559 657 585 καὶ
671 559 734 585 ὅσον
753 556 821 595 ἧκεν

17 609 59 638 si;
83 607 195 642 ψήφους
218 606 268 637 τὰς
293 605 376 632 αὐτοῦ
400 606 546 639 ἐνεργῆσαι
567 605 617 640 τὴν
638 605 708 631 ἰδίαν
730 606 821 640 κρίσιν

17 654 67 680 καὶ
85 652 334 687 συμπεραίνεσοαι.
355 651 385 678 '0
397 651 426 677 δέ
445 660 476 684 γε
493 651 574 682 Υἱὸς,
596 651 677 686 δῆλον
691 651 728 683 ὠς
744 651 822 678 οὓπω

17 700 165 733 κέκρικεν,
179 698 283 729 οὖδέῑς
291 698 371 732 ἔργον
378 697 427 732 τὴν
440 698 551 732 πρᾶξιν.
561 695 595 733 ἧς
604 698 685 724 αὑτὸν
700 699 714 725 6
726 699 821 733 Πατὴρ

16 746 119 771 ἀνεῖπε
143 744 258 779 Κύριον,
275 744 390 779 ἢγαγεν,
408 743 513 770 Οὐκοῦν
544 744 558 770 6
580 743 630 779 μὲν
656 745 752 780 Πατὴρ
773 745 822 772 καὶ

19 792 107 826 εἶρα
121 791 172 826 τὴν
187 790 262 826 ὥραν
274 789 355 816 οἶδεν·
373 791 387 816 6
399 790 428 816 δὲ
446 790 524 822 Υξδς,
538 791 562 816 εἰ
575 790 621 816 καὶ
635 790 695 816 κατ’
709 791 823 825 ἐπιστή-

19 847 88 872 μην,
104 837 203 872 ὥσπερ
225 838 239 863 6
257 836 360 871 Πατὴρ,
383 835 441 862 ἀλλ’
460 833 508 863 οὖν
529 835 606 862 οὔπω
622 836 651 863 δὲ
667 837 714 863 καὶ
727 833 821 872 πεῖραι

17 883 130 909 εἵσεται
155 882 184 908 δὲ
208 881 317 908 ἐπειδὰν
336 882 459 916 δηλονότι
483 881 534 916 τὴν
556 882 647 916 κρίσιν
670 882 732 917 οἴσῃ
747 901 754 914 ,
772 883 822 916 τῆς

17 927 83 954 κατ’
99 927 263 962 ἐπιστήμην
275 926 405 961 εἰδήσεως
417 927 457 957 εἰς
470 926 520 961 τὴν
531 926 602 952 κατά
612 927 710 961 πεῖραν
720 926 823 960 γνῶσιν

19 973 225 1009 προελθούσης.

61 1020 152 1047 Ἀλλὰ
168 1019 273 1054 ταύτην
291 1019 341 1053 μὲν
353 1018 488 1056 ἒξεθέμην
498 1027 540 1045 σοι
554 1018 603 1053 τὴν
618 1017 779 1054 ἑρμηνείαν.
793 1018 823 1044 οὐ

19 1068 70 1102 τὴν
96 1067 129 1093 ἐν
151 1066 222 1101 αὑτῇ
244 1065 361 1096 θειάζων
386 1065 527 1100 ἀλήθειαν,
550 1065 609 1092 ἀλλ’
630 1066 705 1095 ὅπως
729 1064 826 1099 ἀνδρὸς

22 1113 150 1147 ἁπλότης
162 1112 293 1148 τοσαύτη,
307 1112 434 1147 ποικίλην
448 1111 520 1138 οὕτω
535 1113 588 1148 καὶ.
594 1120 736 1146 περινενοη
741 1111 826 1146 μένην

23 1160 157 1186 ὑπελθεῖν
179 1159 339 1194 ἐφρόντισεν
360 1158 476 1184 ἕννοιαψ
500 1159 540 1185 ὅτι
563 1158 592 1184 δὲ
611 1157 666 1184 οὐδ’
691 1158 718 1184 αι
739 1157 827 1189 λέξεις

22 1206 109 1232 αὑταὶ
127 1205 295 1239 καταφυγῆς
318 1201 374 1230 εἷεν
388 1204 471 1236 τόπος
489 1205 545 1234 τοῖς
561 1203 720 1238 δυσφημίαν
733 1211 827 1230 ποιου-

23 1253 123 1286 μένοις
141 1251 192 1286 τὴν
205 1251 328 1284 ἄγνοιαν,
343 1251 376 1276 ὲκ
389 1250 473 1276 τῶνδε
491 1249 582 1285 ῥᾴδιον
597 1250 703 1284 μαοετν.
727 1249 756 1276 '0
778 1249 828 1284 μὲν

22 1297 71 1325 οὖν
90 1297 169 1333 ἱερὸς
188 1296 329 1327 Ματθαῐος
349 1295 398 1330 τὴν
411 1297 583 1331 Δεσποτικὴν
599 1296 691 1331 φωνὴν
703 1296 828 1331 ἀναγρά-

22 1353 94 1378 ορων,
111 1353 121 1368 ι
136 1342 234 1374 Οὐδεὶς
244 1340 398 1377 οῢείφησὶ,
410 1343 460 1377 τὴν
475 1342 591 1378 ⁴ἡμέραν,
606 1343 669 1369 οὐδὲ
678 1342 729 1378 τὴν
741 1342 827 1377 ὥραν.

22 1390 87 1416 οὶόὲ
102 1389 129 1415 οἱ
147 1387 271 1422 ἄγγελοι,
287 1388 311 1414 εἰ
337 1388 375 1424 μὴ
390 1389 404 1415 6
419 1389 513 1424 Πατήρ
529 1397 579 1424 μου
601 1389 692 1423 μόνος.
704 1397 713 1414 ι
728 1388 829 1414 Σκόπει

22 1437 82 1470 ιςᾶρ
96 1435 206 1462 λοιπόν·
222 1434 331 1469 πρῶτον
347 1435 406 1470 μὲν,
421 1435 496 1466 ὅπως
525 1434 623 1467 εἰπὼν,
649 1433 713 1461 οὐδ’
728 1435 756 1461 οι
776 1433 828 1469 ἅγ-

24 1484 111 1513 τ-ελοι
124 1500 133 1511 .
146 1480 241 1506 οὐκέτι
258 1479 450 1515 προστίθησιν,
473 1479 540 1506 Οὐδὲ
556 1480 570 1506 6
583 1480 659 1511 Υἱός.
679 1479 760 1506 Οὕτω
775 1479 830 1514 γὰρ

24 1527 58 1558 ἦν
82 1527 102 1561 ή
124 1526 200 1558 λέξις
216 1525 282 1557 ἴσως
303 1525 479 1560 ἀναχώρησις
498 1524 546 1551 τοῦ
566 1524 790 1560 δυσσεδήματος,
806 1525 830 1551 εἰ

25 1574 75 1599 καὶ
93 1572 143 1598 τὺν
161 1571 226 1597 Υἱὸν
242 1572 298 1602 τοῖς
313 1571 442 1604 ἀγγέλοις
460 1570 588 1607 προσθεὶς
605 1571 758 1606 ἐπήγαγεν,
771 1579 780 1596 ι
799 1571 830 1597 El

27 1620 65 1653 μὴ
84 1619 101 1644 ὁ
117 1618 217 1652 Πατήρ
248 1626 300 1652 μου
325 1617 416 1652 μόνος.
436 1627 445 1643 ι
473 1617 531 1644 Νῦν
551 1617 580 1643 δὲ
598 1618 647 1652 οὐχ
668 1617 740 1644 οὕτω
762 1618 829 1653 φησι

26 1664 138 1696 ποθενς
165 1663 233 1690 ἀλλὰ
259 1663 341 1699 μέχρι
360 1663 416 1690 τῶν
439 1664 565 1697 ἀγγέλων
587 1663 757 1699 παριτείνας
780 1664 830 1698 τὴν

26 1711 161 1743 ἄγνοιαν,
182 1707 277 1735 οὐκέτι
297 1708 383 1744 ταύτῃ
404 1708 450 1735 τὸν
470 1709 533 1735 Υξδν
549 1709 668 1743 ὑπάγει·
681 1709 719 1741 ὡς
735 1709 768 1736 ἂν
792 1710 830 1746 μὴ

27 1755 129 1790 χώραν
146 1754 205 1789 ἔχοι
221 1753 282 1780 κατ’
297 1755 396 1785 αὐτοὺς
415 1755 430 1780 ό
449 1754 545 1790 Πατὴρ
566 1755 766 1790 ἐπιφερόμενον
782 1756 831 1791 τὴν

28 1803 103 1837 πρὸς
115 1802 165 1828 τὸν
177 1801 239 1828 Υιδν
249 1800 433 1835 ἀπαγορεύειν
443 1800 599 1836 διαστολὴν.
627 1801 708 1827 Ἀλλά
715 1801 770 1837 γὰρ
780 1801 831 1828 κά-

28 1849 133 1878 τωθεν,
148 1846 204 1873 ἀπὸ
217 1847 272 1873 τῶν
285 1846 438 1882 ἀνθρώπων
453 1847 548 1878 ἀνιὼν.
565 1847 612 1873 καὶ
622 1848 686 1878 τοὺς
699 1847 833 1881 ἀγγέλους

27 1896 145 1930 φθάσας
156 1915 164 1926 ,
180 1894 273 1921 οὐκέτι
296 1893 405 1928 πρόεισι
426 1894 593 1928 περαιτέρω⁸
615 1894 706 1920 ἐκεῖσε
724 1893 754 1920 δὲ
769 1902 834 1928 συγ-

29 1941 224 1971 κατακλείσας
240 1939 289 1975 τὴν
304 1940 428 1974 ἀγνοιαν,
448 1940 498 1975 τὴν
512 1944 522 1955 '
543 1939 707 1975 ὐπερούσιον
723 1939 771 1966 καὶ
785 1940 832 1976 δη-

29 1987 173 2022 μιουργὸν
188 1986 282 2013 οὐσίαν
298 1987 408 2023 μακρὰν
425 1987 528 2022 ἀπάγει
542 1987 644 2023 ταύτης
661 1988 709 2015 καὶ
723 1987 836 2023 ὑπερτί-

29 2035 128 2069 Θησιν·
145 2033 302 2068 ἀνθρώπων
324 2033 374 2068 μὲν
396 2034 450 2068 γὰρ
465 2031 500 2069 ἦν
514 2035 531 2069 ἡ
548 2034 603 2060 τῶν
620 2034 751 2070 μαθητῶν
764 2034 835 2069 ἐρώ-

30 2088 127 2114 τησις.
144 2076 180 2114 ἧς
193 2078 352 2112 ἀπόκρισις,
367 2088 376 2104 Ι
393 2079 488 2110 Οὐδεὶς
500 2077 582 2112 οἶδεν,
598 2089 607 2105 ›
622 2079 776 2115 ἀνθρώπων
788 2079 834 2114 δη-

31 2126 136 2152 ὶονὸτι·
153 2123 225 2157 εἶτα,
243 2124 299 2151 οὐδ’
313 2126 338 2151 οἱ
354 2125 475 2159 ἄγγελοι·
490 2125 594 2160 βαθμδς
609 2123 686 2165 οξτος
700 2126 790 2161 (μετά
804 2134 835 2160 γε

31 2172 62 2197 τὸ
81 2169 262 2205 ἀνθρώπινον
278 2171 296 2204 ἡ
318 2170 372 2196 τῶν
394 2171 550 2206 ἀσωμάτων
572 2171 673 2206 φύσις)
696 2170 835 2206 δεύτερος.

32 2217 65 2242 ΤΞ
81 2216 133 2242 οὖν
149 2217 165 2242 6
178 2215 256 2248 Υἱός;
272 2216 296 2242 εἰ
311 2215 361 2250 μὲν
373 2215 468 2255 ὥσπερ
486 2216 518 2251 δὴ
534 2217 580 2243 καὶ
595 2217 677 2250 νόμος
698 2216 773 2247 υἱῶν,
788 2217 838 2251 τῆς

871 291 969 317 unum,
987 292 1036 319 per
1056 284 1270 319 experientiam,
1293 285 1409 312 alterum
1425 293 1472 319 per
1489 290 1596 319 artem;
1619 295 1663 315 se-

872 331 991 357 cundum
1008 335 1094 358 arlcm
1117 336 1164 358 ant
1185 332 1370 366 cognitionem
1390 332 1506 364 diccbat,
1535 340 1612 367 :cque
1631 341 1664 360 ac

871 376 980 403 Patrem
990 376 1088 404 Filium
1105 378 1180 404 illum
1192 378 1264 404 diem
1275 383 1302 404 et
1313 378 1407 405 boram
1417 386 1594 414 cognoscere,
1608 387 1663 406 non

872 423 1022 451 secundum
1041 424 1255 458 experientiam;
1277 424 1384 451 Patrem
1407 425 1480 452 cnim
1497 426 1664 461 experientia

872 469 1045 504 cogn0visse,
1065 474 1092 497 et
1107 470 1188 498 talem
1204 471 1347 498 scientiam
1372 472 1556 506 assumpsisse
1567 492 1574 504 ,
1601 481 1663 499 cum

872 521 954 542 omne
969 515 1103 549 judicium
1127 515 1154 543 in
1172 515 1272 543 Filium
1294 517 1488 544 transcriberet
1504 517 1665 551 :judicabat

872 560 945 587 enim
967 564 1032 588 tunc
1045 560 1124 588 Pater
1137 562 1296 595 convenire,
1328 568 1358 590 ιιι
1374 563 1511 597 judicium
1532 563 1573 590 sic
1593 568 1666 590 tran-

876 607 1019 639 seriberct,
1035 611 1063 634 ct
1077 612 1210 642 quantum
1237 608 1326 642 ipsius
1351 609 1510 643 suffragium
1524 610 1665 644 attinebat,

873 652 1016 686 proprium
1036 660 1115 680 suum
1128 653 1263 687 judicium
1275 661 1492 682 consummasse.
1509 655 1543 681 At
1558 659 1667 682 constat

873 697 972 725 Filium
989 703 1053 725 actu
1070 699 1348 732 nondumjudicasse,
1360 708 1410 728 nec
1425 700 1451 727 in
1466 699 1591 728 effectum
1609 709 1666 728 rem

873 743 960 775 illam,
977 743 1020 770 cui
1037 744 1125 778 ipsum
1143 745 1265 780 praefecit
1281 745 1369 778 Pater,
1388 737 1500 773 duxisse
1517 747 1666 781 :quocirra

874 788 956 816 Pater
968 790 1135 825 experientia
1151 791 1246 818 horam
1261 792 1345 819 novit.
1363 791 1448 819 Filius
1463 793 1530 819 licet'
1543 798 1572 820 nt
1587 792 1668 820 Pater

873 835 1025 862 secundum
1045 839 1132 862 artem
1150 836 1234 868 novit,
1253 837 1373 864 nondum
1392 841 1481 864 tamen
1500 838 1667 872 experientia

876 879 961 906 novit.
979 878 1052 907 Sciet
1068 884 1160 907 autem
1175 885 1244 912 tum,
1260 888 1321 908 cum
1345 881 1480 915 judicium
1503 881 1593 913 faciet,
1613 886 1667 909 tum

875 925 1005 959 cognitio,
1019 932 1082 960 qua:
1092 930 1134 952 est
1148 933 1196 960 per
1213 926 1370 959 scientiam,
1388 927 1516 954 transibit
1531 928 1556 955 in
1571 929 1668 962 cogni-

874 969 978 996 tionem
994 977 1043 1004 per
1057 971 1267 1005 experientiam.

913 1016 989 1043 Hanc
1003 1017 1051 1044 tibi
1064 1016 1276 1052 explicationem
1294 1017 1443 1052 proposui,
1460 1025 1514 1045 non
1531 1019 1603 1053 quod
1622 1027 1669 1046 ve-

877 1071 935 1089 ram
952 1071 1000 1098 per
1011 1063 1104 1089 omnia
1118 1070 1261 1094 censeam,
1275 1064 1321 1090 sed
1343 1068 1372 1090 ut
1386 1064 1505 1092 hominis
1520 1064 1579 1100 ejus
1594 1070 1670 1093 tanta

877 1109 1057 1144 simplicitas,
1083 1115 1138 1136 tam
1164 1109 1268 1136 variam
1292 1114 1320 1137 et
1336 1111 1523 1145 multipliciter
1539 1111 1670 1146 agitatam

877 1155 1072 1190 cogitationem
1097 1163 1265 1190 sensumque
1294 1156 1555 1192 satagebatzporro
1579 1162 1670 1185 autem

878 1201 952 1237 quod
971 1210 1021 1229 nec
1037 1202 1095 1236 ipsa
1114 1202 1200 1229 dictio
1215 1202 1314 1236 refngii
1338 1203 1428 1229 locum
1453 1203 1599 1237 praebitura
1624 1205 1671 1237 sit,

878 1249 925 1284 qui
942 1257 974 1276 ex
1002 1249 1157 1284 ignorantia
1185 1249 1395 1282 blaspbmnant.
1422 1249 1502 1276 facile
1526 1254 1618 1285 potest
1638 1258 1672 1278 ex

880 1295 956 1322 hisce
985 1294 1077 1322 disci:
1101 1301 1180 1320 sacer
1201 1294 1242 1320 vir
1271 1293 1416 1333 Mattbzens
1439 1293 1546 1322 Domini
1569 1295 1672 1322 dictum

879 1341 1037 1368 edisserens
1065 1340 1149 1367 refert
1176 1349 1182 1368 :
1210 1349 1217 1365 ι
1244 1339 1329 1367 Nemo
1354 1339 1430 1367 novit
1452 1340 1563 1372 horam,
1585 1348 1674 1375 neque

879 1387 962 1417 diem.
979 1394 1032 1413 non
1056 1385 1155 1420 angeli,
1179 1385 1231 1412 nisi
1257 1385 1331 1412 solus
1345 1384 1424 1413 Pater
1438 1394 1526 1412 mens.
1539 1386 1562 1401 ⁸¹
1578 1396 1588 1411 ι
1607 1385 1674 1414 Nota

881 1433 1011 1467 primum,
1035 1432 1108 1466 quod
1124 1431 1170 1458 ubi
1193 1431 1299 1458 dixerat
1317 1440 1324 1458 :
1348 1431 1404 1458 Nec
1417 1432 1514 1466 angeli,
1529 1440 1583 1459 non
1598 1433 1674 1467 adje-

882 1478 919 1505 cit
934 1486 941 1504 :
957 1478 1014 1505 Nec
1039 1477 1125 1506 Filius
1142 1487 1148 1505 :
1166 1478 1217 1505 bnc
1234 1479 1308 1506 enim
1327 1479 1430 1506 dictum
1446 1478 1517 1507 forte
1533 1479 1605 1506 viam
1622 1480 1674 1507 im-

883 1524 975 1558 pietali
992 1525 1121 1556 muniret,
1134 1524 1157 1552 si
1174 1532 1236 1551 cum
1250 1524 1356 1558 angelis
1375 1524 1419 1551 ubi
1434 1524 1533 1552 Filium
1547 1529 1678 1560 posuerat

845 1584 866 1613 ο
885 1571 1044 1599 intulisset:
1063 1579 1072 1596 ι
1093 1571 1149 1598 Nisi
1168 1571 1249 1598 Pater
1277 1579 1354 1598 meus
1372 1571 1468 1605 solus;
1487 1581 1496 1598 ι
1521 1577 1549 1599 at
1563 1580 1616 1600 non
1640 1574 1676 1600 ita

885 1617 1020 1652 loquitur,
1044 1617 1092 1644 sed
1118 1616 1301 1652 ignorantiam
1321 1616 1354 1643 ad
1383 1617 1494 1652 angelos
1517 1625 1606 1652 neque
1632 1619 1676 1645 ubi

885 1663 1047 1694 deduxerat,
1072 1670 1126 1689 non
1146 1662 1234 1690 cidem
1252 1662 1370 1697 subjecit
1387 1662 1508 1695 Filium;
1536 1671 1580 1696 ne,
1603 1665 1676 1698 quod

884 1709 999 1740 volunt,
1029 1708 1091 1736 inde
1115 1707 1195 1735 Pater
1215 1707 1332 1735 infertur
1355 1717 1416 1735 cum
1442 1708 1510 1736 Filio
1532 1709 1677 1737 diastolcm

886 1756 1054 1791 prohibere;
1074 1755 1218 1782 desursum
1237 1755 1272 1782 ab
1287 1755 1443 1782 hominibus
1459 1763 1634 1790 progressus.
1650 1762 1677 1783 ct

886 1802 920 1830 ad
944 1802 1055 1838 angelos
1071 1802 1251 1836 perveniens,
1271 1801 1385 1829 ulterius
1411 1810 1464 1829 non
1493 1804 1675 1838 progreditur.

886 1849 937 1876 Hic
955 1848 1011 1883 jam
1029 1847 1194 1875 concludens
1215 1847 1409 1883 ignorantiam,
1425 1849 1676 1883 superSthstantia-

886 1895 939 1922 lem
954 1900 981 1922 et
998 1894 1157 1921 creatricem
1175 1893 1356 1921 substantiam
1371 1894 1451 1928 longe
1466 1894 1512 1921 ab.
1524 1895 1569 1921 illa
1589 1903 1679 1922 seruo-

888 1946 943 1968 tam
959 1939 1256 1974 transcendentemque
1269 1940 1346 1974 ponit
1360 1948 1366 1966 :
1384 1947 1446 1966 nam
1466 1940 1580 1974 quaestio
1594 1940 1679 1967 disci-

888 1987 1015 2022 pulorum
1033 1986 1153 2013 humana
1163 1986 1226 2018 fuit,
1239 1986 1318 2020 cujus
1333 1985 1476 2021 responsio
1491 1992 1567 2014 erat:
1579 1986 1680 2014 (Nemo

889 2033 976 2065 novit,
997 2042 1007 2058 ι
1041 2040 1142 2065 nemo,
1172 2032 1327 2063 nimirum.
1359 2032 1517 2065 hominum,
1554 2033 1600 2060 sed
1630 2040 1681 2060 nec

890 2079 991 2114 angeli,
1007 2078 1107 2114 gradus
1122 2078 1190 2105 alter
1201 2098 1208 2110 ,
1224 2082 1288 2113 post
1309 2078 1436 2106 homines
1465 2078 1679 2112 incorporalium

890 2126 969 2157 ordo,
984 2126 1110 2153 subsistit
1124 2124 1151 2152 in
1169 2125 1308 2159 secundis.
1326 2125 1396 2158 Quid
1417 2129 1509 2152 autem
1527 2125 1681 2152 Filius?si-

891 2172 1013 2207 quidem,
1034 2172 1107 2206 quod
1123 2171 1237 2204 obtinet,
1251 2179 1299 2206 per
1310 2171 1394 2207 legem
1409 2171 1548 2199 filiatiouis
1563 2176 1682 2206 paterna:
1704 2204 1707 2207 _

892 2218 986 2253 gloria:
1001 2223 1026 2245 et
1045 2221 1149 2244 naturae
1174 2217 1261 2244 haeres
1289 2217 1344 2250 sit,
1374 2217 1476 2244 frustra
1498 2218 1680 2251 ignorantiam

34 2262 181 2298 πατρικῆς
197 2261 277 2296 δόξης
297 2261 466 2297 κληρονόμος
482 2263 529 2288 καὶ
543 2262 651 2296 φύσεως
662 2284 669 2295 ,
688 2263 778 2298 μάτην
792 2271 823 2290 πε

913 2264 977 2291 ianti
994 2271 1041 2291 ore
1055 2263 1142 2290 infers
1154 2271 1161 2290 :
1172 2263 1214 2290 sin
1230 2271 1283 2290 nou
1302 2262 1339 2289 ita
1353 2263 1396 2295 sit,
1414 2263 1522 2289 tertium
1538 2268 1680 2290 creatura-

35 2309 174 2344 ριχειίνεις
192 2308 242 2343 τὴν
256 2308 385 2342 ἄγνοιαν·
402 2309 426 2334 εἰ
441 2308 463 2334 6'
479 2308 528 2334 οὐκ
542 2308 575 2335 ἂν
592 2308 641 2344 ἔχῃ
654 2330 660 2341 ,
684 2310 780 2345 τρίτην
796 2318 836 2336 σοι

33 2356 89 2382 τῶν
100 2355 266 2388 κτισμάτων
280 2354 474 2389 ἀναπληρώσει
489 2354 580 2386 τάξιν·
596 2355 643 2381 καὶ
658 2355 717 2386 πῶς
732 2356 746 2382 6
759 2355 837 2389 λόγος

35 2403 120 2429 ait?”
134 2401 359 2436 ὓπερσλλόμενος
374 2402 421 2427 ἐπὶ
429 2401 475 2427 τὸν
489 2401 597 2437 πατέρα
610 2401 687 2437 διέὃη
699 2410 706 2434 ;
718 2402 772 2428 ἔδει
784 2401 837 2436 γὰρ

37 2447 132 2478 αὑτὸν,
154 2447 181 2472 εἰ
199 2447 238 2481 μὴ
253 2447 270 2480 ἡ
286 2447 333 2472 τοῦ
357 2446 463 2481 Πατρός
475 2466 482 2477 ,
500 2446 568 2472 ἀλλὰ
581 2447 662 2482 τρίτη
676 2446 753 2479 τάξις
767 2444 836 2481 εἶχε,

36 2494 84 2520 τον
104 2493 252 2527 Μονογενῆ
266 2513 273 2524 ,
293 2493 426 2528 πρότερον
444 2494 542 2524 εἰπεῖν,
569 2493 582 2518 ‹“
603 2492 664 2520 οὐδὲ
689 2493 703 2519 6
727 2493 806 2524 Υἱός·
824 2502 833 2518 ι

39 2538 90 2565 εἷθ’
108 2539 185 2565 οὕτω
207 2539 257 2573 τὴν
278 2538 379 2572 γνῶσιν
403 2538 543 2565 ἀναθεῖναι
567 2538 605 2573 τῷ
624 2540 721 2574 Πατρῑ·
742 2539 790 2566 νῦν
809 2539 838 2565 δὲ

38 2585 209 2620 ἀνθρώπων,
225 2585 302 2619 φησι,
319 2585 365 2611 καὶ
382 2584 536 2620 ἀσωμάτων
550 2584 618 2611 νόων
635 2585 758 2618 διελθὼν,
774 2585 839 2612 οὑκ-

41 2632 82 2656 ἐτι
99 2629 257 2662 διαϐιϐάζει
269 2629 319 2664 -ιὴν
333 2629 446 2663 ἄγνοιαν
461 2629 508 2656 ἐπὶ
531 2630 576 2656 τὸν
593 2629 667 2661 Υἱὺν,
684 2630 743 2657 ἀλλ’
759 2630 839 2662 εὐθὺς

39 2678 74 2710 τῇ
90 2676 216 2711 πατρικῇ
231 2675 324 2710 φύσει,
343 2673 378 2711 ἦς
390 2675 559 2711 κληρονόμος
571 2676 682 2711 γνήσιος
697 2675 772 2709 Υἱὸς,
789 2675 839 2710 τὴν

76 2752 101 2768 ⁸⁸
124 2751 224 2780 Matth.
239 2759 315 2785 ulv,
331 2752 376 2780 56.

205 2800 211 2806 “
686 2800 803 2828 νΑιιιιΕ

891 2318 953 2338 rum
965 2309 1089 2337 ordinem
1111 2308 1267 2343 adimpleat.
1286 2308 1321 2335 At
1338 2308 1408 2334 unde
1428 2307 1541 2339 factum,
1562 2313 1592 2335 ut
1609 2309 1680 2336 saltu

892 2361 969 2383 trans
993 2356 1077 2391 illum.
1099 2354 1171 2382 facto
1186 2375 1194 2388 ,
1217 2362 1308 2382 sermo
1328 2355 1360 2381 ad
1378 2355 1487 2382 Patrem
1508 2354 1684 2388 pervenerit?

891 2409 1045 2437 congruum
1061 2401 1134 2428 enim
1155 2401 1254 2434 fuerat,
1273 2401 1295 2428 si
1315 2408 1368 2428 non
1388 2405 1520 2435 paternus
1540 2400 1624 2431 ordo:
1635 2400 1682 2427 sed

893 2447 992 2474 tertius
1005 2446 1068 2481 quis
1083 2446 1193 2473 tenebat
1209 2445 1319 2478 Filium,
1337 2446 1412 2472 illum
1433 2449 1496 2472 ante
1509 2444 1617 2471 Patrem
1633 2452 1682 2471 no-

893 2493 1015 2525 minare;
1042 2492 1081 2519 sic
1093 2512 1101 2525 ,
1124 2502 1133 2517 I
1148 2491 1241 2527 Neque
1256 2491 1359 2525 Filius,
1377 2501 1386 2517 ›
1411 2491 1447 2518 ita
1472 2490 1543 2518 Patri
1562 2490 1682 2525 cognitio

893 2537 1099 2564 attt'ibuerctur.
1116 2536 1167 2564 Ast
1181 2537 1208 2564 in
1224 2537 1351 2573 praesenti
1371 2536 1513 2563 hominum
1528 2540 1557 2563 et
1570 2536 1682 2570 angelo-

893 2590 955 2610 rum
976 2579 1088 2610 ordines
1104 2587 1305 2618 transgressus,
1325 2583 1506 2618 ignorantiam
1524 2590 1578 2609 non
1591 2587 1681 2608 trans-

894 2629 947 2657 fert
968 2630 1001 2657 ad
1020 2629 1132 2664 Filium,
1152 2631 1198 2658 sed
1224 2630 1365 2663 continuo,
1388 2638 1450 2658 cum
1472 2629 1558 2657 Filius
1578 2634 1684 2656 natura:

894 2683 1014 2712 paterna:
1020 2677 1157 2713 genuinus
1168 2677 1255 2705 haeres
1263 2677 1309 2710 sit,
1327 2676 1488 2705 testiﬁcatur
1501 2677 1534 2704 de
1545 2683 1580 2704 eo
1587 2675 1682 2711 cogni-

835 2800 1037 2830 LECTIONES.

80 2861 96 2875 ι
113 2855 146 2883 C.
157 2854 194 2882 Μ.
207 2856 221 2882 6
234 2855 326 2891 πατὴρ
339 2855 380 2892 τῷ
393 2856 442 2891 τὴν
456 2856 555 2892 κρίσιν.
592 2861 602 2871 ’⁵
612 2857 641 2885 C.
658 2856 692 2884 Μ.
707 2858 757 2894 τὴν
775 2858 888 2893 ἄγνοιαν
904 2860 951 2887 καὶ
965 2859 1025 2895 τήν.

193 2915 331 2947 Ριτιιοι..
352 2916 411 2946 Gn.
427 2915 475 2946 Cl.

1702 2489 1706 2496 ι

1699 2543 1702 2564 ῐ

1700 2570 1703 2583 l

1701 2588 1704 2604 l

1701 2610 1703 2625 l
