1873 3063
230 147 285 180 (375

813 146 946 178 I’HOTlI
963 147 1218 178 PATRIARCH/E
1235 149 1289 178 CI’.
1813 149 1861 180 676

231 207 342 232 tionem.
355 203 432 231 Unde
446 203 529 238 igitur
541 207 568 230 ιιι
582 207 720 238 arreptam
734 203 916 239 ignorantiam
927 205 953 231 in
966 204 1015 232 Fili

1101 203 1181 231 νῶσιν
1201 206 1346 240 μαρτυρεῖ.
1366 205 1451 231 Πόθεν
1469 202 1515 231 οὖν
1529 205 1561 232 σὺ
1576 205 1624 240 τὴν
1641 205 1752 238 ἄγνοιαν
1768 205 1862 237 λαϐὼν,

231 260 290 278 eam
305 249 438 277 transfers
452 250 647 277 contumeliam
662 270 669 282 ,
686 251 737 277 nisi
757 251 909 278 sucuudum
927 256 952 278 te
968 259 1021 278 una

230 304 292 324 cum
312 295 472 322 hominibus
487 299 515 322 et
527 295 631 330 angelis
643 295 694 322 hoc
709 300 751 323 est
767 297 855 324 servis
867 297 1022 324 censebitur

229 342 384 369 Dominus?
399 341 473 376 quod
489 341 623 368 hactenus
634 342 705 376 apud
719 349 815 381 omnes
828 343 928 377 impios
943 343 1021 370 inau-

228 387 316 415 ditum
335 391 379 414 est
395 396 402 414 :
423 386 465 414 sin
482 387 535 413 hoc
552 395 607 413 non
623 387 734 419 audeas,
748 388 795 414 sed
813 387 912 415 Filium
925 388 960 416 ab
972 397 1023 416 an-

227 432 313 466 gelica
330 431 484 459 substantia
502 438 628 466 separes,
656 432 719 460 licet
741 433 815 461 Patri
845 434 935 462 adhuc
957 442 1021 462 eum

227 478 363 513 aaqualem
380 486 434 506 non
455 479 557 512 facias,
582 488 637 507 non
661 482 856 517 consequeris,
881 490 942 509 cum
967 487 1021 510 tam

229 525 302 551 clare
315 524 349 550 de
368 525 473 559 angelis
487 525 670 560 ignorantiam
703 527 785 554 verba
808 528 965 562 prtedicent,
992 533 1023 557 ut

228 567 311 596 liceat
320 569 368 596 tibi
380 570 431 604 ipsi
442 571 567 598 eamdem
581 571 718 607 aﬂiugere,
730 578 870 609 utcunque
882 574 1022 603 multotics

228 615 363 642 violenter
380 616 530 645 transferre
554 618 627 645 illam
654 619 782 652 coneris,
814 620 841 647 in
861 621 984 649 ordinem
1006 629 1022 649 a

229 661 309 688 Patre
323 669 373 688 suo
388 662 528 690 diversum
541 671 550 696 ;
567 669 594 692 et
614 670 702 692 tamen
717 666 758 693 vel
772 666 822 698 sic,
841 671 871 694 ut
889 667 1020 703 rcl‘ugias,

228 707 293 734 licet
307 708 455 735 secundum
468 708 664 745 toUnigunitus
673 711 745 739 Patri
758 713 922 741 coadtmitus
933 714 1021 742 scien-

231 754 276 782 tia:
293 760 418 781 naturam
430 762 539 782 omnem
556 760 583 782 et
592 757 789 785 sublimitatem
806 760 1020 794 transcendenti,

230 799 294 834 quia
309 803 421 833 paterna
439 804 491 833 est,
508 799 607 829 ridebit
622 806 696 828 tuam
711 803 819 830 tertiam
835 808 912 831 extra
934 804 1021 832 lineas

231 845 416 872 ambulantem
430 845 653 880 ordinationem;
678 852 705 875 et
732 848 840 876 ubinam
861 850 914 877 hoc
940 858 1019 885 pacto

229 895 352 925 apparet,
369 891 441 926 quod
460 891 652 925 limreticorum
669 894 776 922 insania
789 895 875 930 tingit,
890 895 1020 930 ignoran-

229 938 268 965 tia
291 937 403 965 Christo
430 937 566 971 insiliens,
584 939 626 966 vel
653 940 803 968 secundum
822 941 956 974 litteram,
973 946 1021 970 aut

229 983 363 1010 serisum?
380 983 436 1010 lmo
450 983 536 1017 aiunt,
553 985 616 1019 quia
630 985 713 1019 addit,
729 995 737 1011 |
750 985 808 1014 Nisi
824 987 903 1015 Pater
914 989 1016 1021 solus,»

230 1033 314 1062 recte,
330 1033 357 1056 et
374 1029 451 1057 valde
467 1030 623 1065 sapienter:
638 1039 671 1058 ne
687 1032 828 1061 existimes
840 1054 847 1067 ,
864 1034 936 1069 quod
957 1043 1019 1063 cum

229 1075 424 1110 intelligentias
441 1076 602 1111 praeterierit
616 1077 792 1112 incorporeas
805 1100 813 1112 ,
829 1079 920 1107 locum
939 1081 1019 1108 habi-

230 1126 322 1148 turum
335 1129 422 1156 usque
433 1122 466 1148 ad
481 1126 607 1149 naturam
623 1123 738 1158 primam
754 1132 928 1160 progressum
944 1127 1019 1155 facit.

229 1168 310 1195 (terte
325 1168 359 1194 ab
375 1169 426 1195 hac
449 1168 506 1196 sola
527 1170 678 1198 conditriee
693 1175 720 1199 et
735 1172 894 1200 dominante
910 1175 1020 1203 univer-

229 1221 322 1241 sorum
339 1215 377 1242 uti
393 1215 483 1242 omnia
497 1220 594 1244 cmtera
605 1224 666 1251 qua:
676 1219 838 1254 consignant
851 1225 1017 1255 creaturam,

228 1259 266 1286 ita
288 1264 315 1286 et
342 1260 495 1294 ignorantia
524 1261 685 1297 longissime
702 1263 880 1301 disjungitur.
896 1266 974 1300 Quod
995 1268 1018 1295 si

228 1305 388 1337 vox,solut,
408 1306 503 1334 turbas
515 1308 641 1340 conciet,
671 1309 838 1338 intellectum
865 1312 901 1339 sit
926 1313 1018 1347 potius

228 1350 302 1383 quod
315 1358 330 1377 a
344 1350 455 1385 quibus,
471 1351 653 1387 ignorantiam
667 1355 766 1388 citans,
789 1356 897 1385 Patrem
912 1359 1018 1394 disjun-

230 1395 278 1427 sit,
294 1400 389 1422 contra
404 1396 464 1424 illos
477 1401 502 1424 et
519 1397 612 1425 divisit
640 1399 718 1432 illud,
747 1401 838 1434 solus;
863 1411 925 1437 qua:
949 1405 1019 1431 ratio

228 1445 281 1471 est.
293 1441 396 1474 angelis
413 1442 732 1479 tribuereignorantiam,
746 1451 804 1474 tum
819 1452 847 1474 ut
862 1448 916 1476 illis
932 1450 1017 1477 omis-

229 1486 278 1519 sis,
290 1486 323 1513 ad
342 1486 522 1515 dill‘erentiam
541 1489 613 1522 Filii,
633 1491 666 1518 de
687 1500 742 1526 quo
759 1497 806 1520 attt
821 1498 914 1522 contra
936 1502 1017 1530 quem

1074 249 1117 283 ἐφ’
1139 249 1217 285 ὕϐρει
1242 250 1456 282 κατασκευάζεις
1475 251 1523 276 τοῦ
1550 249 1631 284 Υἱοῦ;
1656 251 1681 276 ει
1701 252 1738 286 μὴ
1760 252 1812 286 ἄρα
1828 261 1863 279 σοι

1073 295 1130 326 τοῖς
1145 295 1273 329 ἀγγέλοις
1293 296 1340 323 καὶ
1356 295 1460 328 δούλοις
1475 296 1488 322 ὸ
1502 297 1657 332 Μονογενὴς
1670 297 1717 323 καὶ
1730 299 1864 333 Δεσπότης

1075 341 1277 375 συντετάξεται·
1299 342 1323 374 ὃ,
1343 341 1424 377 μέχρι
1439 348 1451 367 Ρ
1471 342 1528 374 νῦν,
1543 342 1657 377 οὐδεμία
1674 342 1752 378 ὤφθη
1769 344 1859 370 δυσσέ-

1074 386 1135 413 ϐεια
1159 387 1341 422 μελετήσασα.
1356 388 1388 414 Εἰ
1406 388 1434 414 δὲ
1455 389 1492 423 μὴ
1516 388 1595 414 τοῦτο
1608 389 1729 425 τολμᾷς,
1756 390 1862 422 ὑπεξαί-

1075 441 1131 468 ρεις
1144 438 1157 457 (ι
1173 433 1201 459 δὲ
1218 433 1264 459 τὸν
1286 433 1349 459 Υἱὺν
1371 435 1421 468 τῆς
1443 433 1593 469 ἁγγελικῆς
1615 435 1726 466 οὐσίας’
1751 436 1802 462 κᾶν
1819 437 1862 470 τῆς

1074 470 1212 513 ττατρικῆς
1235 479 1341 505 οὐδέπω
1358 478 1413 505 ἴσον
1434 479 1467 505 ἂν
1489 480 1549 515 ἔχῃ·
1571 480 1620 515 οὑχ
1642 480 1714 513 ἕξεις
1735 481 1862 515 δήπουθεν

1073 524 1208 559 λαμπρῶς
1223 523 1294 550 οὕτω
1305 524 1359 551 τῶν
1371 524 1483 557 λέξεων,
1505 526 1551 551 ἐπὶ
1562 526 1616 552 τῶν
1641 526 1764 560 ἀγγέλων
1777 527 1862 560 ἀπαγ-

1072 570 1222 604 γελλὸντων
1236 570 1285 605 τὴν
1302 570 1414 604 ἄγνοιαν
1438 571 1587 606 οὐδαμόθεν
1604 572 1680 607 αὐτῷ
1698 572 1799 607 ταύτην
1819 582 1861 599 περ

1074 616 1209 650 ριάπτειν,
1224 616 1276 642 κᾶν
1290 617 1421 651 μυριάκις
1431 617 1469 648 εἰς
1479 617 1563 651 ἀλλην
1570 617 1646 650 τάξιν
1660 617 1778 652 ἀπάγειν
1793 619 1861 656 παρὰ

1072 662 1118 688 τὸν
1147 663 1259 698 πατρῶν
1280 663 1381 699 κλῆρον
1397 663 1524 700 ὲκῦιάσῃ·
1545 665 1591 690 καὶ
1609 664 1680 690 οὓτω
1697 665 1790 697 πάλιν,
1816 666 1862 691 κᾶν

1074 709 1111 743 μὴ
1132 708 1214 744 βούλῃ
1236 710 1269 744 τῇ
1287 709 1421 736 καὶκατὰ
1442 709 1471 735 σὲ
1495 709 1630 744 ὑπερφυεῖ
1650 710 1697 737 καὶ
1721 711 1863 745 ὑπερτάτῳ

1072 753 1121 780 καὶ
1136 754 1255 789 πατρικῇ
1272 754 1372 787 γνώσει
1397 755 1412 780 ό
1438 755 1596 788 Μονογενὴς
1628 754 1667 789 τῷ
1691 755 1780 790 Πατρὶ
1803 764 1862 781 συν-

1072 798 1236 833 απτόμενος,
1252 798 1301 833 τὴν
1317 798 1367 834 σὴν
1382 799 1526 834 ὑπερόριον
1544 799 1723 834 ὲκμυκτηριεί
1746 800 1795 825 καὶ
1809 800 1863 833 τρί-

1073 852 1123 878 την
1146 844 1278 878 διάταξιν.
1303 844 1358 871 Ποῦ
1381 844 1472 871 τοίνυν
1495 845 1612 872 ὲντιὶιθα
1645 844 1770 880 φαίνεται
1799 846 1863 872 κατὰ

1075 889 1175 925 λέξινῆ
1199 890 1330 922 διάνοιαν,
1349 889 1388 922 ὡς
1407 891 1424 925 ή
1439 890 1493 917 τῶν
1515 890 1708 926 αἱρετιζόντων
1732 891 1864 926 παράνοια

1070 935 1110 971 τῷ
1128 935 1186 971 Υξῷ
1202 937 1218 972 ὴ
1232 936 1328 970 ἄγνοια
1351 936 1513 971 ὲπιπηδῶσα
1529 945 1537 970 ;
1556 937 1620 969 Ναὶ,
1638 937 1731 972 φησὶν,
1748 936 1806 964 ἀλλ’
1820 937 1863 962 Er:-

1071 983 1185 1017 ήγαγεν,
1199 991 1208 1008 ι
1224 982 1256 1008 Et
1271 982 1308 1017 μὴ
1321 982 1440 1018 ὸΙΙατήρ
1457 991 1507 1017 μου
1522 982 1612 1017 μόνος·
1630 991 1640 1008 ›
1656 982 1747 1014 καλῶς
1762 990 1796 1016 γε
1809 982 1862 1008 λίαν

1071 1030 1117 1055 καὶ
1129 1029 1229 1063 σοφῶς·
1248 1029 1292 1055 ἴνα
1309 1029 1347 1064 μὴ
1365 1029 1481 1064 νομίσῃς
1502 1029 1540 1060 ώς
1555 1029 1602 1056 καὶ
1621 1029 1684 1060 τοὺς
1702 1029 1863 1064 ἀσωμάτους

1071 1074 1134 1105 νόας
1162 1073 1368 1109 διαδραμοῦσα,
1385 1073 1484 1109 χώραν
1505 1073 1562 1108 ἔχοι
1585 1073 1632 1100 καὶ
1659 1073 1756 1110 μέχρις
1785 1074 1862 1108 αὐτῆς

1070 1119 1120 1154 τῆς
1137 1118 1250 1154 πρώτης
1265 1118 1372 1153 φύσεως
1384 1120 1519 1154 προϊέναι.
1538 1119 1646 1155 Ταύτης
1664 1119 1719 1156 γὰρ
1738 1119 1783 1155 δὴ,
1801 1119 1860 1146 ταύ-

1069 1172 1120 1199 της
1141 1164 1225 1200 μένης
1250 1164 1299 1199 τῆς
1322 1165 1490 1200 δημιουργοῦ
1517 1165 1563 1192 καὶ
1590 1165 1688 1200 κυρίας
1710 1165 1766 1192 τῶν
1785 1165 1859 1197 ὅλων,

1069 1210 1164 1246 ὥσπερ
1192 1210 1226 1237 τὰ
1249 1210 1317 1237 ἄλλα
1343 1210 1433 1237 πάντα
1463 1211 1492 1238 ἐν
1516 1208 1557 1243 οἷς
1581 1212 1598 1246 ἡ
1626 1211 1713 1242 κτίσις
1735 1212 1861 1246 γνωρίζει

1068 1265 1134 1290 ται,
1163 1255 1235 1283 οὕτω
1259 1257 1288 1283 δὲ
1307 1257 1354 1283 καὶ
1376 1257 1407 1284 τὸ
1430 1257 1481 1292 τῆς
1511 1257 1623 1292 ἀγνοίας
1646 1257 1802 1293 διέρριπτιι
1828 1258 1860 1289 ὡς

1069 1303 1252 1339 πορρωτάτω.
1269 1302 1300 1329 Et
1322 1302 1351 1328 δὲ
1371 1302 1402 1328 τὺ
1414 1322 1421 1334 ,
1438 1303 1533 1337 μόνος
1547 1322 1554 1335 ,
1576 1302 1616 1329 ἔτι
1639 1304 1760 1338 τάραχον
1777 1305 1861 1335 κινεῖ,

1070 1349 1183 1377 συνιέτω
1200 1348 1311 1384 μᾶλλον,
1326 1349 1367 1375 ὅτι
1381 1345 1419 1376 ὧν
1436 1349 1486 1384 τὴν
1505 1349 1619 1384 ἄγνοιαν
1635 1349 1721 1376 εἰπὼν
1735 1350 1861 1377 διέστειλε

1068 1397 1114 1424 τὸν
1131 1396 1242 1430 Πατέρα.
1255 1417 1262 1429 ,
1278 1395 1346 1432 πρὸς
1368 1396 1490 1428 ἐκείνους
1514 1395 1625 1431 διώρισε
1648 1397 1692 1422 καὶ
1708 1396 1739 1422 τὸ
1759 1398 1861 1431 μόνος.

1075 1442 1152 1469 Ἐπεὶ
1168 1443 1228 1469 τινα.
1249 1443 1328 1477 λόγον
1343 1442 1411 1473 ὅλως
1424 1441 1496 1476 ἔχοι,
1511 1441 1638 1475 ἀγγέλοις
1655 1441 1703 1476 μὲν
1721 1441 1860 1476 ἐπιφέρειν

1068 1487 1118 1522 τὴν
1133 1487 1245 1521 ἄγνοιαν
1258 1486 1424 1519 συνειδέναι,
1437 1484 1497 1513 εἶτα
1510 1486 1622 1516 τούτους
1636 1486 1740 1520 ἀφέντα
1752 1486 1795 1517 εἰς
1809 1486 1859 1512 δια-

228 1532 298 1558 nihil
314 1532 392 1565 dixit,
406 1533 473 1561 illud
487 1540 597 1569 putetur
611 1537 714 1565 dictum
730 1547 737 1565 :
752 1548 760 1564 ι
780 1538 836 1567 Nisi
852 1540 931 1569 Pater
942 1549 1016 1570 meus

1101 1534 1167 1569 ξολὴν
1183 1543 1213 1561 ου
1229 1534 1312 1569 μηδὲν
1325 1535 1455 1561 κατεῖπεν
1467 1533 1545 1565 Υιοῦ,
1560 1532 1600 1564 τὸ,
1613 1541 1623 1558 ‹
1635 1533 1665 1558 Et
1682 1531 1720 1567 μὴ
1736 1533 1752 1558 ό
1772 1533 1860 1566 Πατήρ

229 1577 316 1605 solus.
339 1587 347 1603 ›
367 1577 443 1611 Quod
457 1579 478 1606 si
494 1580 566 1607 solus
582 1582 682 1614 turbet,
699 1583 782 1611 turbze
803 1584 855 1612 illa:
870 1585 1019 1621 dispellun-

229 1627 273 1649 tur
287 1630 335 1657 per
362 1632 371 1648 ι
391 1623 471 1651 Pater
490 1633 578 1653 meus.
600 1635 610 1652 ι
639 1627 714 1656 Patet
734 1630 806 1656 enim
824 1631 896 1665 quod
915 1639 969 1659 non
985 1633 1017 1660 ad

229 1669 319 1703 scipsu
325 1677 349 1696 m
366 1669 498 1698 relatione
509 1671 589 1706 facta,
598 1673 676 1709 cujus
683 1677 835 1704 naturalem
848 1677 1019 1713 conjunctio-

229 1721 290 1741 nem
325 1714 474 1743 insinuavit
506 1717 622 1746 dicens:
645 1729 654 1746 ‹
673 1719 754 1748 Pater
775 1730 864 1756 meus,
881 1725 961 1752 used
984 1725 1017 1752 ad

228 1759 290 1786 illos
306 1768 422 1795 quorum
438 1762 619 1798 ignorantiam
636 1767 750 1800 notavit,
763 1767 841 1801 dixit,
861 1769 944 1797 solus.
958 1769 1017 1798 Non

228 1806 300 1832 enim
325 1807 352 1833 in
370 1807 417 1834 illo
435 1808 518 1842 dicto,
538 1818 547 1835 ι
563 1809 620 1838 Nisi
643 1811 723 1840 Pater
741 1821 817 1842 meus
831 1816 918 1849 solus,
939 1825 948 1842 ι
974 1817 1018 1844 in-

228 1852 390 1886 telligendus
412 1858 454 1882 est
477 1855 598 1890 scipsum
616 1857 807 1887 disterminare
820 1861 854 1888 ab
866 1869 899 1889 eo
914 1869 977 1889 cum
992 1867 1019 1890 et

228 1898 318 1925 verbis
343 1904 369 1925 et
392 1899 472 1928 factis
496 1905 611 1928 testctur
633 1911 640 1931 :

228 1952 323 1972 sumus
336 1945 374 1979 ⁸²;
384 1945 523 1974 —0mnia
536 1955 596 1982 qua:
607 1949 688 1976 habet
704 1950 793 1984 Pater,
808 1959 868 1979 mea
883 1958 947 1981 sunt
958 1953 991 1981 ⁸³.
1006 1963 1015 1979 ι

228 1991 347 2018 Scientia
374 1999 438 2026 pars
455 1998 509 2026 est,
534 1993 598 2021 licet
619 1995 727 2031 exigua,
748 2004 845 2025 eorum
873 2006 934 2033 quae
954 2007 1018 2027 cum

227 2036 342 2065 inﬁnitis
353 2037 414 2066 aliis
437 2046 569 2073 generans
581 2041 660 2069 habet
677 2051 683 2069 :
696 2043 742 2070 sed
757 2043 860 2078 absque
871 2044 914 2072 bis
928 2045 1017 2078 dictis.

227 2082 252 2109 si
285 2087 344 2110 erat
379 2085 538 2119 unigenitus
568 2087 614 2122 qui
649 2087 703 2115 illis
728 2088 923 2124 ignorantiam,
943 2091 1017 2119 Patri

226 2128 369 2156 scientiam
394 2130 525 2166 assignat,
547 2140 608 2167 qua:
623 2138 665 2160 est
689 2133 736 2160 illa
749 2135 886 2169 superﬂua
908 2137 1018 2171 sapien—

228 2174 275 2208 tia,
293 2182 356 2202 cum
377 2183 407 2204 se
431 2177 558 2212 dignatus
588 2179 622 2206 sit
635 2187 729 2206 eorum
744 2180 902 2216 participem
916 2182 1015 2215 facere,

670 1913 678 1929 ι
699 1904 754 1939 Ego
774 1910 801 1933 et
828 1906 909 1934 Pater
932 1915 1017 1935 unum
1039 1922 1042 1923 ν

1071 1588 1123 1614 μου
1137 1579 1227 1614 μόνος,
1242 1589 1251 1605 ι
1262 1579 1381 1614 νομιζειν
1394 1578 1531 1614 εἰρῆσθαι·
1545 1578 1585 1605 ἔτι
1597 1578 1625 1604 δὲ
1637 1579 1716 1613 εἴπερ
1729 1577 1762 1604 τὸ
1773 1579 1860 1613 μόνος

1070 1625 1197 1661 θορυϐεῖ,
1209 1625 1251 1652 διὰ
1267 1625 1313 1652 τοῦ
1331 1634 1340 1651 ι
1359 1626 1373 1652 ὁ
1393 1625 1489 1660 Πατήρ
1510 1633 1561 1659 μου
1580 1633 1589 1650 ι
1613 1624 1643 1650 τὸ
1658 1623 1794 1659 θορυϐοῦν
1806 1624 1859 1651 δια-

1069 1670 1184 1698 λυέσθω.
1201 1671 1286 1706 Δῆλον
1301 1671 1355 1706 γὰρ
1377 1670 1415 1702 ὡς
1435 1670 1486 1697 οὐκ
1506 1670 1538 1696 ἂν
1563 1671 1631 1705 apo;
1648 1669 1743 1697 ἑαυτὸν
1770 1667 1802 1696 οὗ
1817 1670 1859 1704 τὴν

1070 1717 1188 1753 φυσικὴν
1213 1717 1351 1744 οἰκείωσιν
1377 1716 1546 1751 ἀνεκήρυξεν
1574 1715 1659 1743 εἰπὼν
1689 1725 1698 1741 ι
1726 1717 1740 1742 ὁ
1771 1717 1859 1750 Πατήρ

1071 1772 1134 1799 μου,
1154 1773 1163 1790 ι
1182 1763 1251 1790 ἀλλὰ
1264 1763 1332 1798 πρὸς
1347 1762 1470 1794 ἐκείνους
1483 1782 1491 1795 ,
1504 1759 1541 1789 ὧν
1561 1761 1611 1798 τὴν
1625 1762 1738 1797 ἄγνοιαν
1749 1762 1795 1797 ἐφ’
1838 1764 1857 1786 ‘1‘

1070 1809 1281 1843 συναπεφήνατο
1294 1809 1341 1835 καὶ
1354 1809 1384 1835 τὸ
1392 1810 1498 1843 μόνος·
1513 1809 1574 1840 πῶς
1585 1808 1608 1835 δ’
1619 1808 1654 1835 ἂν
1669 1808 1698 1834 ὲν
1709 1807 1749 1843 τῷ
1761 1808 1857 1842 λέγειν,

1073 1864 1083 1880 ί
1103 1855 1134 1882 Εἰ
1158 1855 1195 1890 μὴ
1216 1856 1230 1881 ὁ
1252 1855 1348 1890 Πατήρ
1371 1863 1423 1890 μου
1445 1854 1542 1889 μόνος,
1567 1864 1576 1881 ι
1603 1854 1700 1881 ἑαυτὸν
1721 1855 1859 1890 νομισθείη

1071 1900 1248 1933 διαστέλλειν,
1266 1902 1280 1927 ό
1304 1901 1351 1926 καὶ
1374 1901 1430 1932 τοῖς
1450 1900 1555 1935 λόγοις,
1571 1901 1688 1932 καὶτοῖς
1709 1900 1805 1936 ἔργοις
1824 1902 1858 1934 ἐφ’

1072 1946 1132 1980 ἴσης
1152 1946 1232 1980 βοῶν,
1256 1955 1265 1972 ι
1291 1946 1362 1982 Ἐγὼ
1379 1947 1426 1973 καὶ
1445 1948 1460 1974 ό
1484 1946 1579 1982 Πατὴρ
1600 1947 1630 1973 ἓν
1653 1948 1760 1982 ὲσμεν;
1780 1958 1789 1974 ι
1807 1949 1858 1980 καὶ,

1072 2001 1082 2017 ‹
1102 1991 1193 2018 Πάντα
1209 1992 1260 2018 ὅσα
1274 1992 1330 2027 ἔχει
1343 1993 1357 2019 ὁ
1374 1992 1478 2028 Πατὴρ,
1494 1993 1550 2027 ὲμά.
1567 1993 1644 2026 sort;
1665 2002 1674 2019 ι
1691 1993 1780 2028 Δῆλον
1794 1995 1858 2028 γὰρ.

1069 2038 1106 2070 ὡς
1130 2039 1178 2064 καὶ
1197 2039 1213 2074 ἡ
1234 2038 1334 2073 γνῶσις
1347 2058 1354 2070 ,
1376 2039 1406 2066 ἓν
1427 2047 1453 2065 τι
1473 2039 1522 2065 καὶ
1538 2039 1568 2065 τὸ
1596 2038 1771 2081 βραχύτατον
1785 2037 1830 2067 .ὦν
1848 2041 1857 2066 ἑ

1069 2084 1245 2119 γεγεννηκώς
1259 2084 1326 2120 ἔχει,
1346 2085 1393 2111 καὶ
1409 2085 1494 2120 μυρία
1509 2085 1587 2112 ἄλλα.
1603 2085 1696 2121 Χωρὶς
1710 2085 1747 2112 δὲ-
1759 2087 1813 2113 τῶν
1826 2088 1856 2112 εε-

1069 2129 1207 2166 ρημένων,
1226 2130 1354 2162 abab-.2);
1370 2128 1404 2166 ἦν
1420 2131 1434 2156 ό
1455 2130 1619 2166 μονογενὴς,
1641 2132 1655 2157 ὀ
1675 2133 1731 2163 τοῖς
1750 2132 1802 2168 μὲν
1815 2133 1856 2166 τὴν

1069 2176 1193 2210 ἄγνοιαν⁹
1206 2175 1245 2211 τῷ
1261 2177 1348 2212 Πατρὶ
1362 2176 1390 2203 δὲ
1408 2176 1519 2203 διαιτῶν
1531 2177 1582 2212 τὴν
1595 2176 1706 2210 γνῶσιν,
1722 2178 1766 2209 τις
1783 2180 1799 2213 ἡ
1813 2186 1855 2203 πε-

227 2228 287 2255 qua:
312 2222 415 2257 majora
437 2229 501 2251 sunt
527 2229 554 2251 et
577 2224 632 2252 Deo
656 2225 707 2252 soli
734 2232 836 2254 mterno
859 2233 1016 2262 competunt

1101 2222 1148 2258 ττὴ
1173 2223 1254 2256 ampla.
1274 2222 1356 2257 αὕτη,
1373 2223 1468 2250 ἑαυτὸν
1489 2222 1616 2255 ἀξιοῦντα
1637 2222 1691 2249 τῶν
1716 2224 1854 2258 μειζόνων,

227 2267 369 2303 indignum
393 2270 519 2297 arbitrari
538 2270 695 2305 cognitione
711 2272 748 2299 rei
765 2272 829 2300 olim
845 2274 974 2303 omnibus
989 2279 1017 2302 et

207 2351 211 2353 _
226 2313 317 2347 bonis,
332 2319 358 2341 et
373 2315 453 2343 malis
469 2316 639 2344 rcvelandae?

259 2447 356 2481 itaque
369 2448 529 2476 omnimodo
547 2455 639 2484 patet,
665 2451 736 2486 quod
762 2452 922 2487 neutiquam
939 2452 1016 2488 igno-

225 2493 343 2519 rantiam
354 2492 390 2526 ei,
404 2497 485 2528 prout
501 2494 621 2523 haeretici
637 2497 743 2529 volunt,
764 2502 919 2533 competet;
939 2506 1016 2526 com-

225 2538 317 2566 munis
331 2539 428 2567 doctor
442 2544 470 2567 et
491 2541 598 2576 generis
626 2544 711 2570 nostri
736 2544 829 2578 salus,
855 2544 1013 2578 instituens,

225 2592 297 2618 quos
314 2586 623 2623 selegerat'discipulos,
650 2589 778 2624 proprios
795 2598 861 2618 suos
885 2590 1012 2618 modulos

225 2638 385 2666 agnoscere,
408 2636 436 2660 et
460 2640 476 2660 a
500 2634 700 2669 quaestionibus
723 2636 878 2668 abstinere,
907 2635 1009 2670 quibus

259 2698 282 2714 δ’
297 2698 377 2727 Joan.
395 2708 423 2735 Χ,
438 2701 483 2729 50.
522 2702 545 2718 ³³
571 2702 651 2731 Joan.
668 2711 724 2737 xvr,
741 2704 782 2732 l5.

1070 2268 1117 2294 καὶ
1130 2269 1148 2294 ἃ
1164 2267 1236 2303 μόνῳ
1251 2267 1311 2302 Θεῴ
1327 2268 1369 2294 ἀεὶ
1382 2268 1541 2303 διαπρέπει,
1559 2267 1723 2303 πράγματος
1738 2269 1780 2300 εις
1793 2270 1854 2295 πάν-

1069 2313 1257 2349 τας.ὓστερον
1281 2314 1327 2340 καὶ
1350 2313 1511 2345 σπουδαίους
1540 2313 1587 2340 καὶ
1614 2313 1735 2347 φαύλους
1761 2314 1853 2349 ὁμοίως

1068 2360 1350 2396 ἐκκαλυφθησομένου
1363 2381 1370 2393 ,
1385 2360 1435 2396 τῆς
1457 2359 1584 2395 γνώσεως
1605 2359 1714 2392 ἀνάξιον
1740 2358 1853 2395 ἀποφαι·

1066 2415 1139 2439 νειν;

1101 2450 1169 2488 ’Ἆρ’
1193 2453 1222 2479 οὐ
1246 2452 1416 2488 πανταχόθεν
1442 2452 1591 2487 γνώριμον,
1613 2451 1650 2483 ὡς
1670 2451 1822 2487 οὐδαμόθεν
1841 2449 1852 2484 ἦ

1071 2499 1167 2533 ἄγνοια
1189 2500 1244 2530 τοῖς
1268 2499 1435 2534 αἱρετιξουσι
1456 2498 1666 2534 συιδδραμείται;
1688 2497 1718 2524 ὐ
1734 2498 1787 2533 μὲν
1808 2496 1851 2532 γὰρ

1069 2544 1158 2576 κοινὸς
1170 2544 1341 2576 διδασκαλος,
1363 2545 1410 2571 καὶ
1424 2544 1472 2571 τοῦ
1487 2544 1584 2578 γένους
1602 2543 1739 2579 ἡμετέρου
1754 2545 1850 2577 Σωτὴρ,

1066 2589 1113 2621 οὒς
1135 2590 1258 2626 ἀφώρισε
1277 2590 1401 2625 μαθητὰς
1421 2589 1557 2617 παιδεύων
1578 2590 1613 2616 τὰ
1631 2589 1720 2616 οἰκεῖα
1741 2590 1850 2616 συνιέναλ

1066 2636 1173 2672 μέτρα,
1202 2637 1250 2663 καὶ
1269 2637 1435 2672 ζητημάτων
1459 2636 1622 2672 ἀναχωρεῖν,
1645 2635 1665 2663 ἃ
1688 2635 1748 2671 βίον
1775 2634 1824 2671 μὲν
1843 2635 1849 2652 ¹

860 2794 977 2822 VAlil/E
994 2795 1197 2825 LECTIONES.

260 2860 273 2880 l‘
288 2857 318 2885 (ἰ.
335 2856 368 2884 Μ.
383 2857 412 2885 ὃν
435 2858 526 2894 μέχρι.
565 2860 618 2889 ‘IC.
649 2860 685 2888 M.
711 2861 862 2899 ὑπεξαίρει,
902 2866 926 2888 It‘
941 2864 971 2891 (ἒ.
989 2863 1022 2892 Μ.
1043 2863 1105 2900 ἔφη.
1147 2870 1158 2885 τ
1174 2865 1203 2894 C.
1218 2864 1288 2906 M._&
1305 2866 1354 2902 βίῳ
1368 2865 1427 2902 μέν.
