1873 3063
58 174 99 204 677
507 176 558 205 ΑΙ)
577 173 872 205 AMPBILOCIIIUM
895 172 1069 207 QU/ESTIO
1085 173 1184 204 CXIV.

1612 175 1664 206 073

57 231 133 256 οὐδένα
146 231 238 266 βελτίω
258 233 339 262 ποιεῖ.
356 232 439 266 ὄγκου
456 233 484 260 δὲ
499 234 545 259 καὶ
560 232 638 260 κενοῦ
652 233 796 268 φυσήματι)

925 230 1035 264 utiquam
1051 231 1107 257 vita
1124 230 1221 257 melior
1243 231 1377 263 redditur,
1403 232 1450 260 sed
1472 237 1580 260 tumore
1594 240 1664 260 vanu

56 277 132 304 ὲσθὸτε
154 279 257 310 πολλοῖς
271 279 399 311 ὑπόθεσις
414 280 528 313 γίγνοιτ’
543 280 587 311 ἂν,
600 280 711 312 ἀλύπως
728 289 758 306 τε
773 280 823 306 αὺ-

55 325 100 354 τοῖς
110 324 140 349 τὰ
153 324 200 358 τῆς
218 325 352 358 ὠφελείας
367 326 536 359 εἰσηγεῖσθαι
550 326 821 362 διοιχονομούμενος,

56 367 130 401 κιὶτῇ
145 367 231 394 πειθοῖ
245 368 356 407 μᾶλλον.
370 369 386 403 ἢ
399 369 442 396 διὰ
458 370 508 404 τῆς
519 370 590 404 βίας·
611 371 674 401 τοὺς
690 370 822 404 ἀγγέλους

55 414 129 444 αὐτοῖς
149 414 308 449 προκομίζει
331 416 369 447 είς
395 416 586 451 παράδειγμα,
610 417 654 442 ἵνα
679 413 772 451 ὧνπερ
792 417 821 443 αι

55 458 174 493 ἀσώματοι
196 460 242 486 καὶ
265 460 336 495 ὑπὲρ
359 463 433 496 ἡμᾶς
455 462 546 488 οὐσίαι
571 462 621 497 τὴν
645 462 746 495 γνῶσιν
771 462 821 488 οὐκ

54 505 134 538 ἔχοιεν,
147 505 246 532 τούτων
261 506 323 541 μηδ’
339 507 416 533 αὐτοὶ
435 507 574 539 λαϐόντες,
593 508 660 542 μήτε
675 508 820 540 ἀνιᾶσθαι,

54 552 109 584 μήτε
130 550 166 585 τῷ
187 551 343 586 διδασκάλῳ
369 553 451 586 μηδὲν
473 553 637 578 ἐπικαλεῖν⁸
664 553 751 587 ἔχοιεν
783 553 820 588 μὴ

53 596 187 631 βουληθέντι
208 597 331 631 διδάξαι,
354 598 372 625 ἃ.
397 598 460 634 μηδ’
481 599 497 634 ἡ
520 599 574 625 τῶν
597 600 750 632 ἀσωμάτων
773 600 821 626 καὶ

52 641 108 676 ὑπὲρ
130 642 224 674 αὐτοὺς
251 643 331 678 φύσις
356 645 500 678 ἐγίνωσκε.
527 645 560 670 Τί
581 643 642 678 οὖν;
667 645 716 671 οὐκ
740 645 820 680 ἢρκει

50 687 113 713 τοῦτο
127 690 179 720 τοῖς
200 689 355 724 μαθηταῖς,
374 691 415 721 εἷς
429 699 459 717 τε
480 691 511 717 τὸ
534 690 710 718 ἀλυπώτατον
729 691 822 723 αὐτοῖς

50 733 88 767 τὴν
96 733 139 768 τῆς
151 734 285 768 αἰτήσεως
297 735 450 770 ἀποτυχίαν
462 736 616 768 διαθέσθαι,
628 737 675 764 χαὶ
689 737 738 768 τὰς
754 737 822 771 γνώι

51 787 104 812 μας,
117 781 152 810 εἰς
166 781 196 806 τὺ
217 781 300 816 μηδὲν
316 781 370 808 τῶν
387 782 456 816 ὑπὲρ
471 782 570 814 αὐτοὺς
589 783 703 818 ἐρευνᾷν
718 784 821 818 καταρ-

51 825 170 859 ρυθμίσαιο
186 827 245 853 ἀλλ’
260 828 313 854 ἔδει
331 828 386 863 ἄρα
399 829 448 855 καὶ
465 829 513 863 τὴν
529 830 710 856 ὲνυτιόστατον
723 830 820 864 σοφίαν

48 875 83 898 τὸν
104 874 162 900 Υξὺν
177 875 216 906 είς
235 875 283 910 τὴν
301 875 426 907 ἐκείνων,
441 876 479 908 ὡς
498 877 581 910 ἔοικε,
607 878 818 912 περιενεχθῆναι

48 918 157 951 ᾶγνοιανς
181 920 230 946 καὶ
254 920 280 946 τι
304 921 489 956 παραμύθιον,
512 922 528 956 ἢ
556 923 729 957 παράκλησις
755 923 818 949 ποία

47 963 101 989 θεοῦ
112 964 203 998 ἄγνοια
218 966 276 996 τοῖς
290 965 462 1001 λατρευταῖς,
475 967 604 1002 προνοίας
615 975 644 993 τε
653 968 703 1002 τῆς
714 968 819 993 ἐκεῖθεν

48 1009 84 1034 καὶ
101 1010 190 1043 σοφίας
214 1010 370 1045 δεομένοις;
388 1008 533 1046 μᾶλλονδὲ
549 1012 608 1043 πῶς
622 1012 683 1047 οὐχ).
709 1012 790 1047 βάθος
807 1013 817 1031 ⁸

47 1055 209 1088 απογνώσεως
219 1076 227 1089 ,
243 1057 290 1082 καὶ
304 1057 433 1088 δυσσεϐὲς
449 1057 537 1089 ἄλλως
555 1058 602 1084 καὶ
617 1058 712 1089 σκότος
726 1057 794 1092 βαθὺ
806 1077 814 1089 ,

48 1099 85 1124 καὶ
95 1099 193 1135 ἀθυμία
213 1101 316 1137 ἐσχάτη
327 1121 335 1133 ,
350 1103 398 1128 καὶ
417 1102 505 1138 πλάνη
528 1103 589 1138 μηδ’
611 1103 685 1129 ἔλεον
701 1103 817 1138 ἔχουσα,

48 1144 100 1170 Θεὸν
116 1145 184 1180 ἔχειν
202 1147 314 1180 ἀγνοίας
337 1148 452 1182 ἥττονα,
470 1149 516 1174 καὶ
535 1148 630 1174 τοῦτον
644 1148 818 1183 ἁνομολογεῖν

48 1189 84 1215 τοῦ
96 1191 248 1225 nopiam/10;
262 1192 376 1225 δεῖσθαι,
392 1194 439 1219 καὶ
452 1193 503 1228 τῆς
517 1194 610 1229 ἑτέρου
626 1194 765 1228 προνοίας,
785 1194 818 1220 ἵν’

47 1235 92 1268 ἔχοι
109 1237 201 1270 μαθεῖν
222 1237 242 1264 ἃ
267 1238 380 1272 μηδέπω
402 1239 487 1271 τέως,
510 1238 605 1273 ὥσπερ
625 1239 679 1265 οὐδ’
699 1240 716 1273 ὴ
737 1239 818 1274 λοιπὴ

46 1281 128 1314 κτίσις,
144 1281 213 1310 οἶδεν
226 1292 234 1317 ;
250 1284 281 1310 El
305 1284 354 1318 μὲν
369 1285 424 1318 γὰρ
439 1285 510 1312 κατὰ
525 1285 556 1312 τὸ
577 1285 748 1321 ἀνθρώπινον
763 1294 817 1312 πα-

46 1328 167 1363 ριδέχοιτό
183 1339 224 1361 τις
243 1330 291 1365 τὴν
307 1330 432 1364 ἄγνοιαν,
447 1331 555 1366 εἴρηται
572 1332 619 1358 καὶ
635 1331 764 1366 πρόσθεν,
780 1332 819 1363 ὡς

46 1374 109 1400 οὐδὲν
121 1375 250 1411 δυσχερὲς
273 1376 323 1411 τὴν
339 1377 388 1412 τῆς
410 1378 507 1411 σοφίας
531 1377 635 1413 πηγὴν,
652 1378 708 1410 τὸν,
731 1379 782 1405 ὅσα
803 1379 818 1405 ὸ

47 1419 141 1455 Πατὴρ,
157 1423 204 1448 καὶ
219 1422 310 1449 εἰδότα
328 1424 376 1449 καὶ
395 1423 492 1458 ἔχοντα.
504 1443 512 1455 ,
526 1424 621 1459 ὥσπερ
633 1425 668 1451 τὰ
684 1424 752 1452 ἄλλα
769 1426 818 1452 ἀν·

45 1463 168 1498 ορώπινα,
186 1466 259 1492 οὕτω
281 1467 329 1493 καὶ
347 1467 396 1502 τὴν
415 1468 527 1500 ἄγνοιαν
545 1469 720 1496 ὑποδύεσθαι.
743 1470 774 1496 Εί
794 1471 816 1497 δ’

42 1510 76 1539 εἰς
87 1510 131 1545 τὴν
152 1511 229 1539 Θείαν
247 1513 329 1539 αὑτοῦ
355 1514 402 1540 καὶ
423 1513 557 1549 ἄχραντον
580 1515 671 1550 φύσιν,
691 1516 740 1551 τὴν
764 1516 818 1543 ἀπὸ

875 282 901 302 ct
916 276 1056 303 inﬂatione
1075 277 1193 311 repletos
1216 277 1252 304 ita
1278 277 1343 311 agit,
1362 282 1390 305 et
1404 278 1535 313 disponit,
1552 285 1581 305 ut
1604 279 1664 307 sine

875 329 1003 354 uulnerare,
1021 329 1082 356 qua:
1093 322 1159 356 ipsis
1171 322 1246 348 utilia
1258 327 1332 355 sunt,
1347 323 1562 357 apprelicudant.
1581 324 1664 358 idque

880 375 963 395 suasu
981 367 1071 401 potius
1084 375 1167 402 quam
1179 367 1307 395 violentia
1323 377 1330 395 :
1345 368 1380 395 ita
1394 369 1504 403 angelos
1526 369 1553 395 in
1569 377 1662 397 exem—

873 413 948 448 plum
965 414 1100 448 poster-nit
1126 413 1178 447 iis;
1198 418 1228 440 ut
1243 415 1472 448 quemadmodum
1493 416 1546 442 illa:
1568 416 1661 443 incor-

872 466 972 492 poreas,
989 463 1016 486 et
1025 466 1107 493 supra
1119 466 1169 486 nos
1185 459 1345 486 substantiae
1355 461 1450 486 harum
1465 468 1555 487 rcrtuu
1572 463 1660 489 scien-

873 503 937 529 tiam
956 510 1008 529 non
1026 503 1189 538 percipiunt,
1207 505 1244 530 ita
1260 512 1311 531 nec
1326 505 1402 539 ipsos
1421 513 1452 532 se
1466 512 1661 534 consecuturos

871 549 1026 582 opinentur,
1039 557 1092 576 non
1103 554 1191 576 tamen
1202 550 1263 576 inde
1271 549 1433 585 alﬂiganlur.
1445 553 1660 587 autmagistrum

871 593 1006 624 incusont,
1025 595 1048 621 si
1067 595 1164 622 docere
1183 597 1275 627 nollet,
1296 605 1357 630 qua:
1369 605 1402 624 ne
1416 597 1583 632 incorporea:
1601 599 1659 633 qui-

871 638 931 665 detn
944 645 969 665 et
985 647 1108 674 superna:
1117 641 1274 668 substantia:
1283 642 1382 668 sciunt.
1395 642 1466 674 Quid
1479 651 1554 678 ergo,
1564 651 1598 671 an
1608 652 1660 671 non

871 684 1046 711 satisfactum
1064 685 1126 712 hinc
1139 687 1286 719 apostolis.
1307 691 1336 712 ut
1351 687 1410 713 siue
1431 688 1542 714 tristitia
1559 687 1662 716 ferrent

871 729 1031 764 petitiouetn
1046 738 1101 757 non
1113 731 1246 762 obtinere,
1260 736 1288 759 et
1299 732 1331 758 ad
1343 732 1426 758 animi
1442 734 1605 761 sententiam
1624 735 1660 761 ita

871 774 1098 807 conﬁrmandam,
1120 780 1149 802 ut
1165 783 1198 803 nc
1222 776 1395 810 investigent,
1421 786 1483 812 quae
1498 785 1563 806 sunt
1577 787 1659 814 supra

871 819 956 854 ipsos,
972 820 1024 847 nisi
1040 821 1121 847 etiam
1135 820 1220 848 Filius
1233 822 1278 848 illa
1295 823 1428 857 sapientia
1445 824 1620 860 inbypostata
1633 827 1659 853 in

871 873 966 892 eorum
980 866 1164 901 ignorantiam
1176 869 1350 895 assumatur?
1358 873 1384 896 et
1397 870 1546 904 quodnam,
1556 879 1659 906 quaeso,

869 912 1004 943 solamen,
1020 920 1082 946 qua:
1098 915 1250 941 consolatio
1271 907 1317 941 Dei
1337 915 1489 950 ignorantia
1503 917 1554 944 crit
1565 918 1659 945 colen-

870 957 945 984 tibus
970 957 1068 990 Deum,
1094 959 1140 993 qui
1159 960 1328 993 providentia
1344 966 1370 987 et
1387 962 1521 996 sapientia
1543 963 1673 996 caelesti“

869 1010 940 1037 opus
954 1004 1073 1031 habent?
1089 1006 1183 1032 Potius
1194 1007 1390 1041 desperationis
1401 1009 1536 1042 quoddam
1547 1010 1659 1043 profun-

869 1049 946 1081 dum,
968 1050 1104 1084 impietas,
1122 1051 1216 1079 densa:
1236 1053 1365 1084 tenebrae,
1380 1059 1502 1081 extrema
1516 1054 1655 1082 disconso.

870 1095 937 1123 latio
953 1101 980 1123 et
1000 1104 1078 1124 error
1093 1105 1146 1124 non
1164 1099 1338 1126 miserandus
1360 1101 1422 1131 crit,
1447 1099 1530 1128 Deum
1558 1101 1659 1128 habere

869 1142 1033 1177 ignorantiae
1051 1143 1238 1178 subiacentem
1261 1149 1288 1172 et
1307 1146 1333 1172 in
1348 1145 1477 1173 confesso
1492 1145 1657 1181 indigentem

869 1188 1042 1216 institutione
1063 1194 1090 1216 et
1109 1189 1260 1217 directione
1273 1191 1396 1224 alterius,
1416 1197 1446 1218 ut
1464 1199 1496 1219 ea
1514 1193 1656 1228 intelligat,

868 1241 931 1268 qua:
941 1235 1073 1266 nondum,
1087 1242 1136 1261 ncc
1148 1236 1236 1270 magis
1247 1244 1329 1270 quam
1342 1241 1447 1264 caetera;
1460 1243 1602 1270 creaturas,
1614 1239 1657 1266 in-

869 1280 982 1307 tellcxit.
995 1280 1023 1307 Si
1039 1282 1102 1315 quis
1115 1281 1235 1308 humano
1248 1290 1324 1309 more
1335 1284 1449 1318 accipiat
1464 1284 1657 1319 ignorantiam,

866 1326 925 1362 jam
942 1330 1005 1353 ante
1018 1327 1120 1354 dictum
1136 1333 1188 1359 est,
1202 1336 1256 1355 non
1273 1336 1333 1356 esse
1346 1330 1526 1363 otl‘eudiculo,
1552 1332 1574 1359 si
1595 1331 1658 1360 fons

869 1372 1020 1406 sapientiae,
1031 1373 1076 1407 qui
1091 1374 1184 1400 omnia
1200 1375 1285 1407 novit,
1298 1375 1377 1402 habet
1388 1377 1478 1403 omnia
1495 1385 1556 1412 qua:
1566 1377 1656 1410 Pater.

870 1419 910 1445 uti
929 1423 1027 1446 caetera
1042 1419 1214 1451 lnnnanitus,
1230 1421 1266 1447 ita
1283 1425 1310 1447 ct
1326 1421 1508 1455 ignorantiam
1526 1423 1655 1451 subiisse.

869 1463 919 1490 Sin
934 1465 960 1490 in
974 1463 1095 1492 divinant
1112 1457 1195 1500 ipsius
1204 1469 1232 1493 et
1245 1466 1414 1500 impollutam
1431 1473 1558 1494 naturam
1578 1469 1656 1502 igno-

869 1511 958 1537 rantia
968 1512 1167 1539 contumeliose
1184 1513 1335 1547 ingeratur,
1344 1514 1513 1548 impietasest
1522 1519 1655 1546 extrema,

43 1555 84 1588 τῆς
94 1556 197 1589 ἀγνοίας
212 1557 294 1593 ὓὸριν
308 1559 448 1594 ἀναφέροι,
465 1559 524 1591 πῶς
537 1561 567 1586 οὐ
583 1561 750 1596 πανταχόθεν
764 1571 782 1596 χη

916 1557 1109 1591 indulgentiam
1134 1559 1281 1586 excedens.
1309 1559 1362 1587 Sed
1388 1564 1417 1586 et
1447 1561 1591 1588 considera
1618 1562 1655 1589 sis

43 1598 110 1627 λεπόν
123 1610 151 1628 τε
162 1603 206 1628 καὶ
222 1602 316 1637 μεῖζον
329 1603 496 1640 συγγνώμης
505 1604 534 1631 τὺ
545 1604 663 1640 δυσσέϐη
668 1613 705 1640 μα
715 1614 721 1637 ;
739 1606 775 1632 Σὺ
786 1605 814 1632 δέ

47 1647 190 1677 μικὰχεῖνο
201 1649 407 1675 συνεπισκόπει*
422 1650 473 1684 ἔφη
488 1659 539 1676 που
552 1651 680 1686 όΣωτήρ·
696 1660 704 1675 ι
720 1651 815 1684 Οὐδεὶς

43 1687 86 1717 οἶδε
100 1692 142 1719 τὸν
168 1694 290 1729 Πατέρα,
314 1696 339 1721 εί
367 1696 404 1729 μὴ
419 1696 518 1727 ὁΥἰός.
539 1705 548 1721 ι
568 1695 600 1722 Τί
615 1694 676 1729 οὖν;
692 1695 748 1731 ἆρα
769 1697 814 1724 τὸν

45 1736 144 1772 Πατέρα,
159 1740 205 1766 διὰ
218 1740 260 1772 τὸ,
275 1750 284 1765 ι
297 1740 392 1772 Οὐδεὶς
406 1738 470 1773 οἶδε,
489 1751 498 1767 ι
525 1742 572 1767 καὶ
586 1741 630 1768 διὰ
643 1742 683 1773 τὺ,
703 1751 712 1767 ι
729 1742 759 1769 EE
776 1742 814 1777 μὴ

44 1782 55 1807 ὁ
69 1783 130 1814 Υἱὸς,
143 1794 152 1810 ι
170 1786 220 1820 τῆς
234 1786 331 1812 ἑαυτοῦ
351 1787 523 1822 ὑπερορίσεις
537 1787 664 1821 γνώσεως
676 1797 682 1820 ;
694 1788 741 1815 καὶ
756 1789 814 1821 πῶς

42 1828 171 1861 οὖχὶτοῦτο
195 1830 280 1866 μανία
305 1831 433 1867 λαμπράς
452 1831 531 1858 Ἀλλὰ
560 1832 648 1859 ταῦτα
664 1833 714 1868 μὲν
745 1834 814 1868 πρὸς

43 1874 228 1912 αντιδιαστολὴν
254 1877 309 1903 τῶν
326 1897 334 1909 ,
360 1877 410 1904 ὃσα
437 1878 507 1912 μετὰ
528 1878 578 1913 τὴν
609 1878 720 1914 πρώτην
755 1880 814 1906 ἐστὶ

44 1919 119 1952 φύσιν,
128 1923 247 1957 νοήσεις,
259 1922 383 1958 οὐδαμῶς
401 1923 430 1949 δὲ
445 1924 516 1950 κατὰ
537 1924 582 1950 τοῦ
601 1925 708 1959 Πατρός
724 1934 730 1939 ·
751 1933 814 1950 συν-

43 1967 215 2001 επινοούμενον
241 1968 270 1995 δὲ
286 1969 385 2003 μᾶλλον
400 1969 490 2002 αὑτὸν,
509 1971 556 1996 καὶ
587 1972 813 2006 συνεισαγόμενον

41 2013 67 2046 τῇ
96 2014 185 2049 μνήμῃ
214 2014 264 2040 τοῦ
290 2014 356 2041 Υίοῦ
386 2016 433 2041 καὶ
461 2016 518 2047 πῶς
542 2015 673 2043 κάπειδὰν
689 2016 811 2049 ἀκούοις,

45 2065 51 2078 ι
66 2057 148 2090 Οὐδεὶς
160 2058 220 2086 οἶδε
245 2059 294 2094 τὴν
317 2060 401 2095 ὥραν,
415 2061 440 2086 εί
454 2060 492 2095 μὴ
506 2061 519 2086 ὸ
544 2061 649 2096 Πατὴρ,
669 2070 678 2086 ι
693 2061 754 2095 οὐχὶ
768 2061 813 2087 τὸν

42 2103 108 2130 αὑτὸν
128 2105 229 2141 θεσμὸν
260 2108 412 2141 συντηρεῖς,
430 2107 476 2132 καὶ
491 2108 524 2141 τῇ
559 2107 608 2141 μὲν
635 2107 682 2133 τοῦ
707 2107 813 2141 Πατρὸς

43 2150 122 2186 μνήμῃ
144 2154 314 2184 συνεπινοεῖς
327 2153 372 2178 τὺν
393 2153 456 2179 Υἱόν
472 2162 480 2169 ·
497 2153 528 2179 τὸ
541 2153 580 2185 δὲ,
595 2153 705 2184 «Οὐδεὶς
718 2152 781 2185 οἶδε,
801 2163 810 2179 ι

41 2197 66 2228 τῇ
85 2198 166 2224 κτίσει
180 2200 277 2232 νέμεις
292 2200 326 2234 τῇ
344 2199 440 2234 λογικῇ
451 2208 457 2229 ς
470 2199 559 2225 καίτοι
572 2198 690 2232 ἐνταῦθα
707 2199 756 2234 μὲν
767 2200 814 2226 καὶ

864 1610 975 1629 mecum
996 1602 1067 1629 istud
1087 1612 1094 1630 :
1113 1603 1181 1630 dixit
1195 1605 1293 1632 alicubi
1313 1605 1441 1632 Senator
1456 1614 1463 1632 :
1481 1615 1490 1632 ι
1508 1606 1594 1634 Nemo
1606 1615 1656 1634 no-

867 1648 906 1675 vit
919 1648 1038 1681 Patrem,
1054 1649 1107 1676 nisi
1127 1649 1231 1677 Filius:
1249 1660 1258 1676 ι
1274 1650 1343 1678 llinc
1358 1660 1391 1678 an
1408 1651 1466 1680 Pati
1478 1661 1515 1680 3m
1529 1653 1657 1681 cxcludes

866 1701 883 1720 a
913 1695 956 1721 sui
985 1695 1141 1729 cognitione
1169 1703 1217 1730 per
1245 1696 1333 1724 illud:
1354 1707 1363 1722 ι
1381 1696 1468 1725 Nemo
1495 1699 1582 1731 novit,
1603 1709 1613 1726 ι
1630 1705 1657 1726 et

867 1739 950 1769 illud;
967 1749 976 1765 ι
990 1739 1047 1766 Nisi
1064 1739 1167 1767 Filius?
1178 1750 1188 1766 ι
1199 1746 1227 1768 at
1241 1742 1298 1769 lucc
1313 1742 1416 1770 insania
1431 1744 1580 1778 conspicua
1603 1751 1654 1772 cst.

865 1785 935 1812 Nam
953 1786 1004 1813 hoc
1017 1787 1223 1821 intelligendum
1237 1793 1289 1820 est,
1305 1788 1338 1815 ad
1351 1789 1543 1817 antidiastolcn
1560 1799 1653 1818 eorum

865 1838 928 1864 qtlte
944 1835 1007 1864 post
1035 1832 1150 1865 primatu
1183 1838 1307 1859 naturam
1329 1833 1495 1867 subsistunt,
1511 1839 1537 1861 et
1556 1842 1610 1862 non
1626 1841 1656 1862 ut

867 1875 974 1902 Patrem
999 1877 1246 1911 comprehendunt.
1267 1878 1401 1911 Quocirca
1425 1887 1486 1906 cum
1516 1879 1578 1906 euiu
1601 1889 1654 1907 una

867 1925 1049 1954 conceptum,
1068 1925 1095 1948 et
1121 1929 1175 1948 una
1201 1921 1342 1948 inductutn
1357 1930 1419 1949 cum
1438 1922 1507 1948 Filio
1523 1924 1653 1950 memoria

868 1965 978 1998 recolis,
994 1970 1021 1992 et
1037 1974 1100 1993 cum
1117 1967 1196 1994 audis
1216 1975 1222 1993 :
1241 1976 1250 1991 ι
1270 1966 1355 1994 Nemo
1381 1967 1456 1994 novit
1479 1967 1574 1994 horam
1601 1969 1653 1995 nisi

867 2009 959 2043 Pater,
978 2021 987 2037 ι
1010 2019 1100 2038 nonne
1113 2020 1144 2039 ex
1163 2012 1257 2039 eadem
1275 2013 1332 2047 lege
1352 2013 1421 2047 agis,
1439 2018 1465 2040 et
1480 2013 1560 2040 Patre
1581 2021 1655 2040 cotu-

868 2061 1020 2083 mcmorato
1036 2055 1135 2083 Filium
1154 2057 1302 2092 intelligis?
1317 2057 1382 2084 illud
1395 2078 1402 2090 ,
1423 2067 1432 2083 ι
1447 2058 1532 2085 Nemo
1544 2059 1629 2092 novit,
1643 2069 1652 2084 ι

868 2102 900 2128 ad
916 2107 1069 2130 creaturam
1085 2103 1247 2130 transcribis
1267 2104 1438 2135 rationalem,
1454 2104 1498 2131 ubi
1514 2109 1655 2132 creatura-

868 2155 928 2174 rum
945 2153 1070 2175 naturam
1084 2149 1236 2176 secundum
1251 2149 1357 2184 species
1371 2150 1510 2177 recensuit
1527 2160 1533 2177 :
1551 2151 1585 2178 de
1596 2151 1656 2185 qui-

868 2195 920 2221 bus
933 2196 1046 2230 propius
1063 2200 1116 2228 est,
1130 2200 1159 2222 ut
1180 2206 1189 2221 ι
1207 2195 1293 2223 Nemo
1310 2197 1396 2230 novit,
1418 2206 1427 2222 ι
1446 2198 1612 2232 intelligatur
1628 2198 1655 2224 in

42 2243 182 2276 κτισμάτων
214 2244 307 2278 φύσιν,
328 2245 387 2270 κατ’
415 2243 507 2277 εἶδος,
523 2245 747 2280 ἁπηριθμήσατο,
766 2254 781 2271 κ

934 2241 1018 2273 dicto,
1034 2251 1042 2266 t
1061 2241 1145 2269 Nemo
1162 2243 1238 2269 novit
1255 2242 1375 2274 Patrem,
1395 2253 1403 2268 ι
1427 2250 1518 2270 vocem
1544 2243 1655 2269 adhibet

42 2285 171 2323 ὲγγὺτερον
183 2286 218 2323 ἦν
235 2289 276 2321 τδ,
298 2298 307 2314 ι
329 2289 424 2320 Οὐδεὶς
445 2287 524 2320 οἶδεν,
543 2298 552 2315 ι
569 2290 612 2315 ἐπ’
632 2290 744 2316 ἐκείνων
766 2291 812 2316 ἐκ·

41 2328 117 2357 ὶαῆεἰν
131 2340 138 2347 ·
156 2333 186 2358 ὲν
209 2338 222 2352 ιι
245 2333 274 2359 δὲ
292 2333 332 2365 τὸ,
353 2342 362 2358 ι
391 2333 486 2364 Οὐδεὶς
508 2331 562 2359 οἶδε
591 2333 637 2359 τὸν
660 2334 782 2369 Πατέρα,
801 2343 810 2359 ι

42 2375 156 2404 ἀπύλωτον
167 2380 249 2414 φέρει
265 2379 315 2414 τὴν
332 2379 434 2414 φωνὴν,
447 2380 494 2405 καὶ
508 2379 558 2405 οὑκ
573 2378 690 2414 ἔχουσαν
701 2380 763 2406 ὅσον
782 2381 814 2405 ὲκ

40 2421 82 2447 τῶν
103 2425 320 2460 προειρημένων,
337 2426 379 2459 ἐφ’
395 2423 432 2452 ὧν
456 2425 583 2461 μερισθῇ.
599 2425 629 2451 Εἰ
643 2424 688 2451 οὖν
709 2426 739 2451 ὲν
761 2425 810 2461 τῷ,

43 2476 50 2489 ι
64 2469 147 2502 Οὐδεὶς
169 2470 225 2497 οἶδε
240 2471 286 2498 τὸν
301 2472 409 2506 Πατέρα
430 2473 454 2497 εί
476 2471 514 2506 μὴ
537 2472 552 2497 ὁ
576 2471 649 2502 Υίδς,
672 2480 681 2496 ι
701 2471 812 2506 φεύγεις

40 2512 76 2539 τὸν
101 2517 252 2552 γεννήτορα
281 2517 463 2553 βλασφημεῖν,
482 2518 549 2553 μηδὲ
575 2519 603 2544 ὲν
618 2517 691 2553 τῷ,ι
718 2518 812 2549 Οὐδεὶς

42 2557 85 2586 ὦδε
97 2562 142 2598 τὴν
153 2563 241 2598 ὥραν.
257 2564 282 2590 ει
294 2563 332 2599 μὴ
343 2564 357 2590 ὁ
371 2563 477 2598 Πατὴρ,
497 2573 508 2589 ι
526 2564 566 2594 είς
583 2562 661 2598 ὓϐριν
686 2562 732 2589 τοῦ
748 2571 811 2597 γεν-

40 2606 144 2640 “ill-“0:
174 2611 361 2645 περιτραπῇς.
388 2610 420 2636 Ei
435 2610 464 2636 δὲ
487 2610 517 2636 τὸ
542 2609 669 2644 δεύτερον
700 2609 812 2644 τολμᾷς,

41 2655 243 2690 πμτετόλμηταί
272 2664 314 2682 σοι
333 2655 424 2691 πολλῷ
441 2656 540 2690 μᾶλλον
555 2656 600 2682 καὶ
620 2655 651 2682 τὸ
675 2654 785 2691 πρῶτον
803 2663 810 2670 ⁸

40 2698 210 2737 ἀμαθέστερον
235 2701 290 2738 γὰρ
312 2702 408 2728 ἑαυτὸν
425 2703 542 2736 ἀγνοεῖν,
555 2702 571 2737 ἢ
586 2702 679 2737 ἕτερον
695 2710 702 2717 ·
719 2701 746 2728 τί
773 2701 812 2737 μὴ

866 2287 1016 2320 indeﬁnite,
1030 2295 1080 2314 nec
1101 2287 1244 2315 habentem
1260 2289 1292 2315 ad
1310 2289 1381 2323 quod
1404 2296 1418 2315 e
1439 2289 1655 2322 pragredentibus

867 2332 1021 2358 referatur:
1039 2332 1061 2359 si
1083 2340 1148 2367 ergo
1170 2332 1197 2358 in
1221 2332 1277 2364 illo,
1298 2341 1307 2358 ι
1331 2332 1415 2359 Nemo
1432 2333 1509 2359 norit
1532 2331 1653 2365 Patrem,

867 2376 919 2403 nisi
932 2376 1029 2410 Filius,
1043 2386 1052 2402 ι
1070 2377 1221 2412 genitorem
1249 2377 1440 2412 blasphemare
1460 2385 1514 2404 non
1534 2377 1588 2410 vis,
1605 2384 1655 2404 nec

868 2421 897 2448 in
921 2421 978 2453 illo,
994 2431 1002 2446 ι
1018 2421 1103 2449 Nemo
1120 2422 1212 2449 horam
1231 2423 1316 2452 novit.
1336 2423 1388 2449 nisi
1409 2422 1499 2452 Pater,
1519 2431 1528 2448 ›
1550 2423 1576 2449 iu
1589 2430 1655 2449 con-

871 2470 1012 2497 tumeliam
1029 2469 1089 2496 Filii
1112 2469 1209 2496 feraris
1227 2478 1233 2495 :
1251 2469 1292 2496 sin
1308 2469 1360 2496 hoc
1376 2470 1471 2501 audes,
1493 2469 1579 2495 multo
1598 2478 1655 2495 Ina—

868 2516 909 2552 gis
935 2515 1003 2543 illud
1026 2515 1104 2550 prius
1126 2516 1197 2542 aude
1211 2523 1218 2541 :
1233 2522 1295 2541 nam
1318 2514 1456 2549 stupidius
1473 2518 1516 2541 est
1532 2514 1653 2548 seipsum

867 2570 950 2597 quam
982 2562 1066 2589 alium
1087 2563 1222 2596 ignorare.
1247 2562 1347 2594 Quidni
1367 2562 1454 2588 multo
1476 2562 1613 2589 horridius
1628 2567 1655 2589 et

863 2608 1096 2636 contumeliosius
1112 2608 1190 2643 prius
1219 2615 1300 2642 quam
1330 2608 1498 2635 secundum?
1520 2607 1562 2634 sin
1588 2607 1653 2634 illud

866 2654 986 2682 furorem
1011 2660 1040 2682 et
1064 2654 1230 2689 impietatem
1256 2661 1365 2682 onmem
1390 2655 1514 2685 excedat,
1531 2654 1596 2688 quid
1620 2654 1654 2681 de

867 2702 919 2729 hoc
945 2701 1111 2730 dicendum?
1135 2701 1235 2741 lterum
1255 2701 1303 2734 ait,
1320 2711 1329 2728 ι
1343 2700 1429 2729 Nemo
1452 2701 1529 2728 novit
1543 2699 1653 2734 Filium.

669 2789 786 2817 VARIE
808 2789 1012 2818 LECTIONES.

67 2877 118 2905 'C.
136 2877 172 2906 Η.
187 2880 340 2908 ἐπιϐαλεῖν.
380 2883 387 2898 ¹
404 2880 497 2914 βύθος.
537 2887 550 2901 ιι
565 2882 609 2908 ίσ.
629 2882 665 2908 εί.
