1873 3063
210 153 263 184 679

211 210 261 238 nisi
289 209 368 236 Pater
395 218 400 235 :

210 257 328 290 seipsum
346 255 483 288 ignorare,
497 254 519 280 si
538 261 592 280 non
609 257 671 287 post
686 253 739 280 alia
759 254 890 285 absurda.
907 253 996 280 mino-

209 311 264 328 rcin
285 305 387 327 statuat
402 299 545 326 scientiam
569 299 658 326 Patris
675 308 681 326 :
696 299 761 326 dum
779 298 850 326 Filio
866 299 997 333 relinqui-

208 353 250 374 tur
272 347 327 377 illa,
345 354 406 381 qua:
426 347 458 372 ad
476 346 518 372 sui
534 345 621 379 ipsius
633 345 770 380 propriam
787 353 841 372 non
855 345 995 381 pertingit.

206 393 232 419 Si
258 400 323 426 ergo
351 392 379 419 in
406 391 458 418 hoc
480 391 572 424 allato,
592 400 601 416 ‹
619 391 707 418 Nemo
721 392 798 418 novit
815 390 926 424 Filium,
943 392 996 419 nisi

205 438 296 470 Pater,
314 447 322 463 ι
341 437 441 464 Filium
469 445 485 464 a
509 445 558 465 sua
583 437 698 465 scientia
711 445 765 465 non
776 437 940 471 excludunt;
960 437 997 464 ita

205 492 256 511 nec
283 485 309 510 in
338 483 395 515 illo,
414 493 423 509 ι
445 483 530 510 Nemo
546 483 623 510 novit
639 483 736 510 horam
758 483 810 511 nisi
827 484 918 517 Pater,
935 493 945 509 ι
963 483 998 510 ab

205 529 250 557 illa
267 529 425 564 cognitione
435 529 579 556 exetudent
593 528 694 556 Filium
709 538 716 557 :
730 529 772 557 sin
788 529 825 556 ab
840 529 892 557 hac
906 529 997 556 elimi-

205 581 280 607 nent,
297 575 353 611 jam
371 575 447 610 prius
463 575 497 602 ab
514 575 558 602 illa
573 575 761 608 excluserunt,
778 580 919 611 utcunque
940 583 998 604 suae

205 622 296 656 impia:
318 622 461 649 sententia:
482 621 618 649 labiorum
641 621 792 650 ministeria
811 630 866 649 non
887 629 998 650 accom-

205 668 372 695 modarunt:
389 667 477 703 figura
493 668 639 701 orationis,
658 668 732 695 unde
748 668 885 703 imprimis
900 676 997 696 errore

205 721 235 740 se
244 713 449 747 implicuerunt,
468 717 494 740 et
504 721 580 748 spem
593 713 804 748 blasphemandi
819 714 998 749 arripuerunt

205 758 343 786 simillima
356 765 415 791 est;
431 763 458 786 et
472 759 533 786 Filii
549 760 702 792 scientiam,
715 767 749 787 ne
764 760 787 787 si
803 760 891 795 magis
907 760 998 789 adhuc

205 805 326 832 insanire
348 804 442 838 velint,
458 812 512 832 non
529 805 736 837 inﬁciabuntur.
759 805 830 833 ultra
857 805 996 840 cognitio—

205 858 267 877 nem
286 850 361 878 illius
373 850 460 883 horae.
479 851 512 878 ad
530 851 584 879 alia
598 851 687 886 magis
702 851 806 884 divina,
823 856 852 879 et
865 851 995 879 sublimia

204 897 365 924 extendere.

791 150 923 180 ΡΠΟΤΙΙ
940 150 1192 181 ΡΛΤΠΙΛΒΕΗᾸΞ
1206 151 1260 181 CP.

1783 152 1829 183 680

432 217 442 233 ι
471 214 520 234 nec
554 207 724 234 contradicat
754 208 873 242 aliquis,
903 206 999 233 Filium

1094 207 1153 234 έναι
1165 207 1212 233 καὶ
1231 206 1418 242 φοϐερώτερον
1433 206 1474 238 είς
1491 206 1570 241 ὕϐριν
1595 206 1642 233 τοῦ
1669 207 1791 242 δευτέρου
1804 208 1828 234 τὸ

1051 253 1184 287 πρότερον
1199 262 1206 286 ;
1223 253 1254 279 Εἰ
1268 253 1291 279 δ’
1304 254 1393 279 ἐκεῖνο
1409 252 1506 287 μανίας
1521 252 1569 279 καὶ
1583 252 1743 284 δυσσεϐείας
1753 253 1828 279 οὐδενὶ

1049 298 1210 325 καταλείπει
1225 298 1388 334 ὑπερϐολὴν,
1403 298 1430 324 τί
1445 299 1478 325 ἄν
1494 307 1536 328 τις
1558 299 1615 333 ἐρεῖ
1631 299 1694 333 περὶ
1725 299 1828 331 totitoti;

1050 346 1134 372 Πάλιν
1148 345 1242 381 φησὶν,
1255 355 1266 370 ι
1278 345 1372 377 Οὐδεὶς
1385 343 1438 372 οἷδε
1449 345 1495 371 τὸν
1513 345 1577 384 Υςὶὸν
1593 346 1617 371 εἰ
1631 345 1668 381 μὴ
1678 346 1791 380 ὁΠατήρ
1801 354 1807 360 ”
1819 355 1828 371 ι

1049 392 1097 417 καὶ
1115 391 1166 417 οὐκ
1186 391 1219 418 ἄν
1233 400 1276 422 τις
1303 391 1399 417 ἑαυτὸν
1424 392 1532 425 ἀγνοεῖν
1554 392 1768 425 καταψηφιεῖται
1791 392 1830 418 τὸν

1050 437 1124 469 Υίὸν,
1139 437 1164 464 εί
1182 437 1219 472 μὴ
1234 437 1305 472 μετὰ
1320 437 1369 472 τῆς
1380 437 1464 472 ἄλλης
1489 437 1616 468 ἀτοπίας,
1635 437 1764 464 ἐλάττονα
1776 437 1827 472 θείη

1048 484 1094 510 καὶ
1106 483 1155 517 τὴν
1176 484 1277 517 γνῶσιν
1299 483 1349 517 τὴν
1366 484 1431 518 περὶ
1458 483 1507 510 τοῦ
1534 483 1642 519 Πατρός
1657 492 1665 500 ο
1694 484 1752 518 εἴγε
1771 483 1830 518 αὕτη

1050 529 1100 564 μὲν
1113 529 1151 564 τῷ
1168 529 1226 564 Υἱῴ
1242 529 1434 565 κατείληπται,
1449 529 1498 564 τῆς
1513 529 1542 556 δὲ
1555 529 1623 560 ἰδίας
1635 529 1712 556 οΰπω
1720 529 1828 564 ἐφίκετο.

1049 576 1080 601 Εἰ
1109 575 1201 602 τοίνυν
1223 575 1252 601 ὲν
1270 574 1320 610 τῷ,
1341 584 1351 601 ι
1375 575 1470 606 Οὐδεὶς
1501 572 1556 614 οίδε
1578 574 1624 602 τὸν
1640 575 1704 601 Υἱὺν
1728 575 1753 601 εί
1766 575 1800 610 μὴ
1819 575 1831 600 ὀ

1050 621 1155 655 Πατὴρ,
1170 631 1180 648 ι
1193 621 1320 656 οὐδαμῶς
1331 622 1381 656 τῆς
1394 621 1456 656 περὶ
1472 621 1552 648 αὐτὸν
1568 620 1696 656 είδήσεως
1710 620 1832 654 ἐξωθοῦσι

1048 668 1093 695 τὸν
1105 667 1170 694 Υίὸν
1190 676 1199 683 ⁸
1210 668 1263 694 οὐδ’
1280 668 1310 694 ὲν
1324 668 1374 702 τῷ,
1392 676 1401 692 ι
1419 667 1515 699 οὐδεὶς
1530 664 1586 693 οἶδε
1601 666 1650 702 τὴν
1665 667 1750 701 ὦραν,
1767 668 1789 692 εί
1800 667 1831 701 μὴ

1048 714 1063 740 ὁ
1075 714 1183 750 Πατὴρ,
1197 723 1206 740 ι
1221 714 1271 749 τῆς
1285 714 1349 749 περὶ
1361 713 1407 740 τὸν
1423 713 1518 748 καιρὸν
1540 714 1644 740 ἐκεῖνον
1659 712 1832 748 προγνώσεως

1049 760 1228 796 ὲξωθήσουσι.
1246 762 1276 787 El
1295 761 1325 787 δὲ
1346 760 1449 795 ταύτης
1473 759 1625 792 ἐλαύνουσι,
1643 759 1832 795 προαπήλασαν

1049 806 1190 842 κάκείνης,
1206 806 1258 833 κᾶν
1276 806 1352 833 οὖ-πω
1368 806 1557 842 τεθαρρήκασι
1577 806 1677 833 διδόναι
1699 806 1734 832 τὰ
1765 805 1834 840 χείλη

1049 853 1105 884 τοῖς
1117 852 1262 879 δυσσεὸέσι
1277 853 1419 888 λογισμοῖς
1432 852 1661 888 ὑπηρετήσασθαι
1674 860 1682 867 ·
1696 852 1726 878 τό
1740 861 1772 878 τε
1786 852 1836 885 γᾶρ

1046 898 1141 933 σχῆμα
1150 898 1198 925 τοῦ
1217 898 1309 932 λόγου,
1329 899 1372 934 ἐφ’
1382 895 1404 932 ᾧ
1420 898 1538 933 μάλιστα
1548 898 1597 934 τὴν
1611 898 1721 932 ἀπάτην
1736 899 1834 928 ἐαυτοζ

205 943 471 976 συγκατεσκεύαζον,
485 943 596 975 καὶτὰς
618 943 670 970 τοῦ
686 944 864 980 δυσσεσήσειν
883 944 994 976 ἐλπίδας
1013 945 1120 980 ἀνεῖχον
1148 947 1308 980 ὁμοιότατον
1324 954 1331 962 ⁸
1348 946 1395 973 καὶ
1405 946 1456 981 τὴν
1475 946 1540 981 περὶ
1574 946 1620 972 τὸν
1639 946 1704 972 Υἱὺν
1728 947 1832 979 γνῶσιν,

203 989 260 1015 οὐδ’
274 989 308 1016 ἂν
320 990 402 1017 πλέον
423 991 577 1026 ὲκμανεῖεν,
593 990 648 1017 οὐδ’
663 991 739 1017 αὐτοὶ
758 991 790 1018 ἂν
805 991 953 1027 ἀρνηθείην
971 995 995 1024 V,
1016 991 1053 1027 μὴ
1069 993 1167 1028 μακρῷ
1184 993 1233 1028 τῆς
1250 993 1314 1028 περὶ
1347 993 1397 1027 τὴν
1415 992 1490 1028 ὥραν
1521 992 1630 1027 ἐκείνην
1648 990 1835 1027 προγνώσεως,

204 1035 346 1071 θειοτέραν
359 1045 388 1063 τε
405 1037 451 1063 καὶ
466 1037 636 1072 ὑψηλοτέραν
649 1034 732 1065 εἶναι.

240 1085 329 1123 Atque
352 1083 411 1111 hazc
434 1084 545 1118 quidem
569 1085 621 1112 fuit.
635 1085 756 1113 Matthrei
782 1086 931 1118 sententia,
950 1085 999 1114 tali

205 1129 310 1156 theorla
331 1129 514 1158 considerata.
531 1130 566 1158 At
583 1131 679 1158 beatus
694 1130 814 1164 Marcus,
840 1132 995 1160 eodemmet

205 1176 301 1210 spiritu
326 1176 493 1210 inspiratus,
509 1177 603 1205 eadem
628 1178 773 1206 abundans
801 1178 898 1212 gratia,
921 1185 999 1205 eum-

203 1222 264 1248 dem
283 1223 486 1257 prmdicationis
507 1231 664 1251 sermonem
680 1224 731 1252 sibi
748 1225 935 1252 concreditum
950 1225 1000 1252 ha-

166 1299 169 1301 ,
203 1268 283 1300 bons,
304 1268 372 1295 nihil
390 1269 471 1303 plane
487 1277 644 1304 repugnans
660 1271 825 1305 prolocutus
846 1275 900 1301 est,
917 1271 1000 1305 idque

204 1314 263 1340 sine
295 1319 423 1341 accurata
452 1315 517 1342 dicti
544 1315 714 1350 inspectione
740 1321 824 1351 patet,
853 1316 999 1352 synhiero-

205 1361 325 1394 plmnlm,
343 1366 371 1388 et
383 1368 615 1397 symmystagogo,
630 1370 718 1397 neque
732 1362 839 1390 veritati
855 1370 938 1398 quam
961 1362 999 1389 illi

206 1406 399 1438 tradiderunt,
426 1410 452 1434 et
480 1407 667 1442 multipliciter
690 1408 840 1435 etiamnum
881 1407 1000 1435 manife-

206 1455 293 1478 statae.
322 1451 375 1478 Sed
390 1451 414 1479 si
437 1451 518 1479 verba
533 1453 593 1487 ejus
604 1453 763 1487 exponenda
780 1453 999 1488 susceperimus,

206 1496 299 1523 adhuc
315 1498 402 1532 magis
417 1498 490 1525 illius
504 1503 716 1531 consensum.et
731 1507 793 1525 eum
808 1500 922 1526 veritate
934 1506 1001 1526 con-

207 1542 385 1576 spirationem
412 1543 596 1577 intelligemus
614 1553 620 1571 ε
639 1548 702 1571 nota
732 1544 799 1571 mihi
814 1551 898 1579 ergo,
925 1544 1000 1578 quod

206 1588 316 1616 divinus
346 1589 396 1616 iste
418 1589 469 1622 vir,
487 1597 520 1617 ne
536 1594 695 1624 praetextum
718 1590 831 1624 quidem
859 1589 999 1616 haereticis

206 1635 362 1670 relinquere
384 1635 487 1668 voluit,
511 1636 558 1664 sed
584 1644 680 1664 omnes
716 1637 825 1664 illorum
859 1636 1001 1664 machinas

207 1678 332 1709 funditus
364 1682 536 1716 concutiens,
565 1690 599 1710 ne
632 1683 743 1717 quidem
780 1691 886 1716 vocem,
915 1683 1000 1714 solus,

1093 1082 1163 1111 Ἀλλ’
1177 1080 1211 1118 ἦν
1228 1089 1242 1103 ι
1256 1082 1305 1117 μὲν
1325 1082 1372 1108 τοῦ
1390 1082 1464 1118 ἱεροῦ
1480 1081 1621 1109 Ματθαίου
1638 1082 1726 1117 ῥῆσις,
1739 1083 1770 1108 ὲν
1783 1082 1836 1109 τού-

1049 1139 1105 1161 τοις
1127 1138 1156 1156 τε
1172 1129 1219 1155 καὶ
1238 1127 1367 1162 τοιαύτην
1381 1127 1481 1161 ἔχουσα
1496 1127 1546 1162 τὴν
1562 1127 1689 1162 θεωρίαν.
1714 1127 1743 1153 '0
1770 1127 1797 1153 δέ
1809 1135 1836 1159 γε

1051 1175 1186 1211 μακάριος
1200 1174 1324 1209 Μάρκος,
1346 1173 1483 1208 πνεύματί
1496 1181 1527 1200 τε
1541 1172 1580 1208 τῷ
1594 1173 1670 1208 αὐτῷ
1687 1173 1835 1208 ἐμπνεόμε-

1049 1231 1103 1254 νος,
1121 1221 1169 1248 καὶ
1189 1221 1239 1257 τὴν
1264 1221 1351 1256 αὐτὴν
1376 1219 1500 1246 πλουτῶν
1522 1219 1614 1255 χάριν,
1624 1219 1672 1246 καὶ
1695 1220 1740 1246 τὺν
1760 1219 1836 1247 αὑτὸν

1050 1268 1096 1294 τοῦ
1111 1267 1292 1303 κηρύγματος
1306 1265 1563 1302 ὲμπεπιστευμένος
1585 1265 1675 1299 λόγον,
1688 1265 1769 1301 δῆλον
1793 1265 1836 1300 μὲν

1049 1313 1091 1339 ὅτι
1113 1313 1162 1339 καὶ¹
1183 1312 1268 1347 χωρὶς
1290 1312 1341 1345 τῆς
1360 1311 1407 1338 τοῦ
1433 1311 1515 1347 ῥητοῦ
1537 1311 1716 1346 διασκέψεως,
1731 1311 1782 1337 οὐκ
1808 1311 1838 1337 ἂν

1050 1357 1112 1384 οὕτε
1120 1357 1160 1393 τῷ
1184 1357 1381 1392 συνιεροφάντῃ
1402 1357 1449 1384 καὶ
1464 1356 1709 1392 συμμυσταγωγῷ,
1725 1356 1790 1382 οὗτε
1808 1357 1837 1390 τῇ

1051 1403 1117 1438 παρ’
1144 1403 1234 1430 αὐτῶν
1268 1402 1583 1438 μυσταγωγηῦείσῃ,διὰ
1602 1402 1707 1428 πολλῶν
1732 1402 1764 1429 δὲ
1795 1401 1839 1428 καὶ

1051 1450 1096 1476 νοῦ
1121 1454 1135 1474 Y
1160 1449 1370 1484 ὲπιδεδειγμένῃ
1397 1448 1534 1484 λαμπρῶς
1560 1448 1686 1483 ἀληθείᾳ,
1713 1447 1839 1482 οὐδαμῶς

1052 1497 1085 1524 ἃν
1103 1496 1246 1531 μαχόμενα
1266 1496 1423 1530 φθέγξαιτο.
1440 1495 1536 1530 Ὅμως
1549 1494 1577 1521 δὲ
1592 1495 1640 1521 καὶ
1655 1496 1671 1530 ὴ
1696 1494 1743 1521 τοῦ
1760 1494 1839 1529 ῥητοῦ

1053 1543 1255 1578 μεταχείρησις,
1278 1542 1378 1577 μᾶλλόν
1392 1550 1420 1568 τε
1436 1541 1527 1568 αὐτῶν
1543 1541 1593 1576 τὴν
1608 1541 1783 1576 συμφωνίαν,
1796 1541 1839 1566 καὶ

1051 1588 1082 1615 τδ
1098 1589 1167 1624 πρὸς
1193 1589 1244 1624 τὴν
1266 1588 1397 1623 ἀλήθειαν
1420 1587 1563 1622 ἐνάμιλλον
1588 1587 1772 1622 παραστήσει.
1789 1587 1840 1613 Καί

1054 1644 1099 1669 μοι
1116 1635 1216 1671 συνόρα
1230 1634 1333 1667 λοιπὸν,
1348 1634 1386 1666 ὡς
1398 1631 1477 1665 οὗτος
1491 1634 1507 1660 ὁ
1526 1633 1597 1664 θεῖος
1610 1633 1692 1668 ἀνὴρ,
1707 1633 1771 1659 οὐδὲ
1781 1633 1841 1668 πρό-

1053 1681 1134 1716 φασίν
1155 1689 1217 1707 τινα
1237 1680 1325 1707 λιπεῖν
1353 1681 1410 1711 τοῖς
1435 1679 1602 1714 αἱρετίζουσι
1629 1679 1841 1714 προνοούμενος,

206 1734 261 1762 quo
285 1727 346 1754 licet
372 1726 529 1754 frustraneo
559 1728 705 1755 utebantur
721 1727 826 1764 refugio
849 1727 998 1762 impietatis

1093 1736 1139 1754 ντα
1154 1727 1182 1753 δὲ
1204 1726 1357 1754 κατασείων
1369 1727 1402 1753 ἐκ
1421 1726 1529 1762 βᾶορων
1546 1725 1640 1752 αὐτῶν
1656 1725 1690 1751 τὰ
1716 1726 1841 1761 μηχανή-

206 1781 273 1804 suae,
305 1780 361 1800 suae
400 1774 544 1809 scriptioni
572 1774 703 1802 insertam
733 1775 867 1803 adhibuit.
895 1773 995 1802 Vocem

205 1827 270 1854 ergo
287 1825 443 1855 amputans,
456 1825 484 1847 et
500 1829 555 1848 una
573 1822 700 1849 eximens
713 1821 860 1857 impietatis
874 1822 998 1849 occasio-

208 1873 280 1896 twnt,
301 1873 316 1893 a
332 1866 460 1893 deorsum
476 1871 503 1893 et
518 1867 586 1902 ipse,
605 1866 836 1902 quemadmodum
856 1866 1010 1903 synhieror

207 1911 306 1945 phanta
323 1912 447 1939 ascendit
461 1920 548 1947 usque
559 1913 592 1940 ad
608 1913 728 1948 angelos,
739 1918 766 1940 et
777 1913 847 1947 apud
860 1921 907 1940 eos
922 1913 998 1947 igno-

209 1958 323 1985 ranliatn
341 1958 552 1991 circumscribit,
562 1966 624 1985 cum
639 1966 693 1993 qua
706 1958 839 1986 orationis
848 1958 996 1993 periodum

209 2003 278 2034 t'init,
294 2003 328 2029 ab
344 2003 397 2030 alio
414 2003 541 2038 deinceps
555 2004 689 2038 principio
705 2011 831 2036 exorsus,
841 2012 895 2030 non
908 2004 996 2031 solum

210 2048 311 2074 nullam
331 2048 477 2082 Unigenito
492 2049 673 2083 ignorantiam
695 2048 822 2082 ascribit,
837 2048 883 2076 sed
899 2057 915 2076 e
933 2057 999 2076 con-

208 2101 247 2121 tra
258 2094 336 2128 plane
348 2094 436 2121 Patris
447 2095 627 2130 cognitionem
643 2095 742 2122 habere
751 2095 826 2122 illum
838 2095 995 2130 proﬁtetur;

208 2148 261 2167 non
289 2140 361 2171 illam
386 2141 484 2172 modo,
501 2141 547 2168 sed
569 2141 641 2169 illius
663 2140 774 2168 modum
799 2145 826 2168 et
840 2147 996 2168 mensuram

206 2186 336 2218 declarat,
353 2185 433 2220 cujus
453 2190 482 2213 ut
500 2190 527 2213 et
544 2186 700 2214 divinarum
716 2185 939 2221 naturaliumqne
955 2186 997 2213 di-

208 2232 342 2264 gnitatum
354 2232 457 2260 fontem
470 2240 530 2260 esse
541 2231 649 2259 Patrem
665 2231 734 2259 Filio
747 2232 897 2267 theologice
907 2233 995 2260 docet.

204 2278 274 2311 Quid
299 2284 391 2306 autem
422 2279 497 2311 dicit,
519 2287 528 2304 ‹
545 2286 634 2312 neque
644 2277 730 2305 Filius
745 2279 836 2310 sciret,
849 2278 901 2306 nisi
917 2277 997 2305 Pater

205 2324 355 2351 revelaret?
376 2334 386 2350 ι
419 2325 471 2352 hoc
495 2328 547 2357 est,
575 2325 660 2351 ab~eo
683 2323 758 2351 fonte
781 2319 849 2351 tluit’
866 2323 995 2359 cognitio,

206 2370 278 2397 unde
306 2374 334 2396 et
357 2370 543 2405 generationis
571 2376 671 2401 causa;
692 2376 758 2396 nam
780 2376 835 2396 non
853 2373 896 2396 est
910 2368 995 2396 Filius

203 2416 262 2443 sine
275 2415 420 2450 principio,
433 2419 461 2441 et
475 2421 569 2448 causa,
585 2419 614 2441 ut
625 2419 667 2442 est
681 2413 777 2447 Pater;
788 2414 834 2442 sed
851 2414 878 2441 in
892 2414 995 2448 princi-

203 2462 277 2495 pium
286 2461 404 2488 rel‘ertur
412 2465 439 2488 et
450 2468 559 2488 causam
567 2468 759 2496 congenerem,
767 2467 874 2500 nempe.
885 2460 1001 2488 Patrem.

206 2508 284 2536 (Nec
310 2507 396 2535 Filius
420 2507 515 2540 sciret,
540 2507 593 2534 nisi
619 2507 694 2541 prius
711 2506 856 2534 revelasset
866 2505 965 2534 Pater:
981 2515 991 2532 ›

201 2554 265 2588 quid
291 2554 344 2581 isto
367 2553 521 2581 testimonio
544 2553 695 2586 illustrius,
723 2557 768 2580 aut
796 2552 912 2579 validius
931 2551 994 2580 est?

201 2600 280 2627 Novit
295 2599 385 2631 Pater,
412 2604 439 2627 et
451 2599 534 2627 Filius
549 2600 642 2634 novit;
660 2599 683 2626 si
699 2599 765 2626 latet
786 2597 884 2629 Filium
911 2597 991 2632 quid-

200 2653 282 2680 quam
304 2645 331 2672 id
345 2653 359 2672 a
375 2644 455 2672 Patre
469 2645 550 2672 habet
564 2654 570 2672 :
594 2645 640 2672 sed
656 2644 746 2671 Patris
760 2643 906 2671 scientiam
923 2641 990 2669 nihil

201 2691 268 2726 fugit
284 2700 291 2718 :
311 2691 452 2726 quocirca,
467 2698 518 2718 nec
536 2690 595 2718 Filii
609 2689 763 2718 communis
779 2694 886 2720 natura,
897 2687 989 2714 Deitas

1052 1783 1135 1809 ματα,
1151 1775 1210 1802 οὐδὲ
1232 1774 1263 1801 τὺ
1285 1775 1385 1808 μόνος,
1401 1775 1469 1809 ὅπερ
1485 1774 1518 1801 ἂν
1536 1771 1570 1809 ἦν
1594 1773 1711 1805 ἐκείνοις
1724 1774 1841 1801 ὲνταῦῠει

1050 1820 1258 1855 προσκείμενον,
1276 1821 1300 1846 εί
1314 1820 1361 1846 καὶ
1376 1819 1476 1855 μάτην.
1494 1820 1640 1856 καταφυγὴ
1656 1819 1679 1847 δ’
1700 1820 1780 1855 ὅμως
1795 1819 1840 1846 τοῦ

1049 1866 1266 1901 δυσσεὸἡματος,
1282 1865 1430 1892 οὐδὲτοῦτο
1446 1866 1478 1901 τῇ
1499 1867 1587 1901 οίκείᾳ
1604 1867 1697 1901 γραφῇ
1722 1874 1843 1902 προσηρ-

1051 1912 1176 1946 μόσατο·
1208 1911 1342 1947 περιελὼν
1368 1911 1397 1937 δὲ
1423 1911 1472 1947 τὴν
1506 1911 1578 1944 λέξιν
1607 1912 1654 1938 καὶ
1690 1912 1845 1945 συνεξελὼν

1048 1956 1140 1988 αὐτοῖς
1157 1961 1167 1974 ι
1179 1956 1227 1991 τῆς
1241 1955 1372 1991 πονηρίας
1383 1955 1432 1991 τὴν
1445 1957 1594 1991 πρόφασιν,
1617 1956 1706 1983 ἄνεισι
1719 1956 1773 1992 μὲν
1799 1958 1844 1983 καὶ

1049 2002 1141 2036 αὐτὸς,
1159 2002 1254 2037 ὥσπερ
1269 2002 1284 2029 ὸ
1303 2002 1528 2038 συνιεροφάντης,
1545 2004 1578 2029 ὲκ
1610 2002 1666 2029 τῶν
1690 2003 1845 2039 κατωτέρω

1050 2048 1132 2084 μέχρι
1147 2049 1175 2074 δὲ
1187 2048 1245 2075 τῶν
1262 2048 1386 2083 ἀγγέλων
1405 2048 1522 2083 φθάσας,
1540 2049 1588 2075 καὶ
1610 2049 1640 2075 σὲ
1657 2050 1842 2085 περιγράφει,

1048 2094 1097 2130 τὴν
1130 2094 1242 2128 ἄγνοιαν
1266 2094 1474 2129 συναπαρτίζων
1490 2095 1571 2130 αὐτῇ,
1586 2093 1633 2121 καλ
1649 2094 1700 2129 τὴν
1720 2095 1774 2121 τοῦ
1801 2095 1844 2120 λό-

1048 2149 1096 2174 γου
1112 2140 1236 2175 περίοδον
1251 2148 1258 2155 ·
1272 2141 1318 2167 ἀπ’
1338 2140 1422 2175 ἄλλης
1443 2140 1466 2167 δ’
1491 2141 1579 2176 ἀρχῆς
1596 2140 1690 2167 λοιπὸν
1715 2141 1842 2176 ἀπαρχό-

1050 2185 1184 2220 μενος,οὐ
1215 2186 1294 2220 μόνον
1321 2186 1450 2221 οὐδεμίαν
1471 2185 1583 2220 ἄγνοιαν
1614 2186 1782 2221 ὲπιφημίζει
1806 2185 1843 2219 τῷ

1048 2233 1212 2266 Μονογενεῑ,
1226 2232 1294 2259 ἀλλά
1308 2233 1424 2260 καὶ-πᾶν
1445 2232 1601 2259 τούναντίον
1616 2231 1749 2267 καθαρῶς
1766 2231 1843 2266 αὐτῷ

1047 2278 1096 2313 τὴν
1119 2278 1249 2313 πατρῴαν
1266 2278 1366 2312 γνῶσιν
1390 2278 1608 2314 ἑπιμαρτύρεται
1622 2285 1630 2293 '
1658 2277 1706 2304 καὶ
1727 2278 1762 2304 οὐ
1795 2278 1843 2312 τὴν

1048 2323 1148 2357 γνῶσιν
1171 2324 1261 2358 μόνον,
1276 2323 1345 2350 ἀλλὰ
1372 2324 1420 2350 καὶ
1448 2323 1493 2349 τὸν
1518 2323 1619 2358 τρόπον
1647 2323 1842 2350 συναναπείθο-

1048 2380 1090 2397 σει
1114 2371 1164 2405 τῆς
1179 2370 1318 2405 γνώσεως,
1331 2370 1382 2405 τὴν
1403 2369 1458 2396 τῶν
1480 2368 1568 2396 ἄλλων
1587 2368 1711 2403 φυσικῶν
1739 2377 1771 2395 τε
1795 2369 1843 2395 καὶ

1047 2416 1206 2451 θεοπρεπῶν
1223 2416 1386 2451 ἀξιωμάτων
1408 2415 1501 2450 πηγὴν
1530 2415 1576 2441 τὸν
1591 2415 1714 2449 Πατέρα,
1741 2415 1844 2441 τοῦτον

1046 2463 1132 2489 αἴτιον
1155 2460 1225 2489 εἶναι
1239 2462 1279 2498 τῷ
1306 2462 1365 2497 Υίῷ
1384 2461 1432 2488 καὶ
1455 2462 1506 2496 τῆς
1531 2460 1659 2495 γνώσεως
1687 2460 1841 2494 θεολογῶν.

1046 2506 1148 2542 Τίγὰρ,
1158 2506 1251 2541 φησὶν,
1270 2516 1279 2532 ι
1292 2506 1360 2533 Οὐδὲ
1373 2507 1387 2533 ό
1398 2506 1461 2536 Υἱὸς
1471 2505 1503 2532 ἂν
1516 2504 1607 2541 ῇδειεί
1618 2504 1655 2540 μὴ
1666 2505 1680 2531 ό
1694 2505 1816 2540 Πατὴρ;
1831 2514 1841 2529 ι

1045 2553 1193 2584 τουτέστιν,
1221 2552 1327 2579 ἐκεῖθεν
1357 2552 1512 2588 πηγάζεται
1538 2551 1578 2587 τῷ
1604 2551 1660 2585 Υἱῷ
1687 2551 1841 2586 ἡγνῶσις,

1044 2598 1105 2624 ὂϐεν
1137 2597 1213 2633 αὖτῷ
1235 2598 1347 2632 καὶτῆς
1368 2600 1523 2633 γεννήσεως
1545 2598 1562 2632 ἡ
1582 2597 1666 2624 αἰτία.
1684 2597 1753 2622 Οὐδὲ
1786 2598 1843 2631 γὰρ

1045 2644 1163 2678 ἄναρχος
1179 2644 1225 2670 καὶ
1241 2643 1370 2676 ἀναίτιος,
1381 2644 1495 2678 ὣσπερὸ
1507 2642 1612 2678 Πατὴρ,
1622 2641 1680 2669 ἀλλ’
1694 2642 1735 2673 είς
1747 2643 1842 2676 ἀρχὴν

1044 2689 1209 2724 ἀναφέρεται
1240 2689 1286 2716 καὶ
1311 2689 1435 2725 συμφυὲς
1461 2688 1548 2716 αἴτιον
1572 2688 1617 2716 τὸν
1636 2688 1841 2723 γεγεννηκότα·

838 2789 956 2817 νΛιίιΑς
978 2789 1182 2818 LECTIONES.

230 2865 242 2879 τ
256 2859 285 2887 C.
306 2859 340 2886 Μ.
354 2858 505 2893 ἀρνηθεῖεν.
548 2863 560 2876 ι
573 2857 602 2884 C.
619 2856 653 2884 Μ.
679 2857 706 2891 ἡ.
745 2861 758 2880 γ
774 2855 805 2883 C.
821 2855 856 2883 Μ.
875 2855 932 2883 νῦν.

975 2861 985 2874 ²
1049 2856 1086 2885 Μ.
1102 2857 1201 2892 αὐτῆς.
