1873 3063
70 160 108 192 681

539 166 589 195 AD
604 166 900 197 AMPHILOCHIUM
917 168 1089 204 QU/ESTIO
1106 171 1206 202 CXIV.

1623 173 1679 204 632

69 229 77 245 α
90 219 145 247 (ὧδὲ
156 221 169 245 6
183 220 242 253 Υἱὸς
256 221 289 248 ἂν
307 221 377 258 ᾔδει,
395 222 432 259 μὴ
453 224 467 250 ὀ
484 223 589 259 Πατήρ.
606 235 614 249 ι
629 225 661 251 Τί
672 225 774 260 ταύτης
785 226 808 252 τί

938 228 1052 259 inlunis.
1069 229 1222 258 communis
1239 230 1404 263 substantia,
1424 230 1522 258 harum
1547 238 1677 259 comnm-

69 267 201 300 μαρτυρίας
231 267 422 303 λαμπρότερόν
448 277 477 295 τε
518 270 565 296 καὶ
594 270 830 306 ὲμδριθέστερον;

66 313 128 338 υδεν
153 313 166 338 6
186 313 288 347 Πατὴρ,
318 312 372 340 οἶδε
394 314 441 340 καὶ
459 315 474 340 6
489 314 553 346 Υἱός
567 323 574 330 ·
591 316 616 341 εί
627 316 723 350 λέληθέ
740 325 766 342 τι
786 317 832 342 τὸν

67 359 125 389 Υὶὺν,
153 360 181 385 ὲκ
197 359 241 385 τοῦ
262 360 369 394 Πατρδς
386 361 462 388 ἕλκει
477 361 525 396 τὴν
541 362 631 389 αἰτίαν
648 372 655 378 -
677 363 734 389 ἀλλ’
756 363 832 390 οὐδὲν

65 406 104 438 τὴν
124 405 167 431 τοῦ
185 406 288 441 Πιτρδς
305 407 448 441 διαφεύγει
477 408 578 441 γνῶσιν
596 417 603 425 ·
628 409 683 436 οὐδ’
708 410 761 444 ἄρα
784 409 831 436 τοῦ

66 450 117 476 Υἱοῦ
133 452 216 478 κοινὸν
248 453 265 487 ἠ
297 453 379 486 φύσις
393 461 400 468 ·
421 454 510 480 κοινὸν
534 455 551 489 ἡ
570 455 686 489 θεότης·
703 455 792 482 κοινὸν
815 457 832 490 ἡ

63 496 127 522 οὐσία
139 504 147 511 ·
159 497 260 524 τούτων
274 497 303 524 δὲ
314 499 331 533 ἠ
346 499 485 531 κοινωνία,
501 499 549 525 καὶ
562 500 595 527 τά
610 499 677 527 ἄλλα
693 500 832 536 θεοπρεπῆ

65 542 185 576 ἀξιώματα
209 544 287 570 κοινὰ
297 545 416 571 ποιεῖται
426 545 475 571 καὶ
489 545 639 580 ἀδιαίρετα.
669 555 677 571 ι
694 546 748 577 Οὓς
762 546 833 573 θέλει

63 588 170 619 ζωοποιεῖ
190 590 204 615 6
232 589 343 624 Πατήρ·
381 590 430 616 καὶ
455 590 503 622 οὒς
531 590 602 617 θέλει
627 591 708 618 πάλιν
728 592 743 618 6
770 592 833 624 Υἱὸς

64 635 183 666 ζωοποιεῖ.
199 635 295 666 Οὐδεὶς
318 636 428 671 ἔρχεται
451 637 520 672 πρὸς
535 637 580 663 τὸν
603 636 722 673 ’Πατέρα
748 639 773 663 εἰ
796 638 834 674 μὴ

62 680 96 706 διὰ
105 680 146 707 τοῦ
160 681 223 707 Υίοῧ
236 689 243 696 ’
270 682 317 708 καὶ
334 682 422 714 οὐδεὶς
435 682 545 718 ἔρχεται
562 683 630 718 πρὸς
650 683 697 710 τὸν
718 683 792 714 Υιὺν,
809 684 834 710 ει

63 726 92 760 μὴ
111 726 150 752 διὰ
168 727 216 753 τοῦ
236 727 351 762 Πατρός.
376 728 508 755 Γινώσκει
528 730 542 755 6
557 729 652 765 Πατὴρ
667 729 713 756 τὸν
725 730 804 756 Υὶόνε
821 739 832 757 ι

62 771 114 798 ἀλλὰ
126 772 212 804 καθὼς
227 773 355 807 γινώσκει
369 775 460 806 αὑτὸν,
474 774 546 802 οὕτω
559 775 606 802 καὶ
625 785 634 801 ι
651 776 665 802 6
678 775 740 808 Υἰδς
754 777 834 809 γινὼ-

63 825 108 843 σκει
122 817 164 843 τὸν
180 819 300 854 Πατέρα.
324 830 332 846 ι
349 820 419 847 Ὀσα
446 820 502 855 ἔχει
527 821 541 847 ὁ
569 821 758 857 Πατὴρ.πλὴν
786 821 834 856 τῆς

62 863 214 898 άγεννησίας,
231 865 320 892 πάντα
336 866 392 902 ἔχει
414 868 428 893 6
447 867 510 899 Υἱός
525 874 532 882 ⁸
549 867 617 893 ἀλλὰ
628 868 674 894 καὶ
688 867 737 894 ὅσα
752 867 807 903 ἔχει
821 868 836 895 6

62 909 120 939 Υἱὶς,
139 909 205 945 πλὴν
228 911 278 945 τῆς
296 912 462 946 γεννήσεως,
493 911 584 938 πάντα
603 912 659 947 ἔχει
688 913 703 938 6
725 913 832 948 Πατήρ.

62 962 69 977 ‹
87 954 120 980 Τὰ
134 955 184 990 γὰρ
203 956 268 991 ἐμὰ,
287 957 364 991 φησὶ,
383 957 416 983 σά
433 957 501 988 ἐστι,
516 958 562 983 καὶ
576 958 610 985 τὰ
621 957 665 989 σὰ,
680 957 752 992 ἐμά’
768 967 777 983 ι
797 956 834 985 ὧν

60 999 80 1025 δὲ
92 1003 372 1038 [νιμυσταγωγημένος
384 1002 432 1029 καὶ
440 1003 629 1038 μυσταγωγῶν
648 1005 722 1040 ἡμᾶς
736 1005 750 1031 6
762 1004 833 1036 Θεῖος

60 1046 155 1081 Μάρκος
174 1047 224 1083 τὴν
241 1048 397 1082 θεολογίαν,
411 1048 453 1081 εἷς
469 1057 504 1075 res
523 1049 553 1076 τὸ
565 1050 678 1085 ἀκριϐὲς
703 1050 763 1085 ἅμα
785 1051 833 1077 καὶ

59 1091 173 1126 υύντομον
186 1094 383 1129 ἀφοριζόμενος
398 1095 448 1130 τὴν
457 1095 642 1128 διδασκαλίαν,
660 1096 698 1128 ὡς
714 1105 723 1122 ι
738 1097 806 1124 Οὐδὲ
819 1097 833 1124 6

59 1136 109 1169 Υἱὸς
131 1138 162 1165 ἂν
186 1139 256 1174 ᾔδει,
271 1140 432 1175 διαπρύσιον
449 1141 542 1176 βοᾷ,εῐ
560 1141 598 1177 μὴ
610 1143 623 1168 6
639 1142 743 1178 Πατὴρ,
759 1151 768 1169 ι
786 1143 832 1170 καὶ

59 1182 81 1208 τὸ
92 1185 268 1219 συνημμένον,
285 1186 369 1212 εἰπὼν
382 1186 429 1213 τοῦ
444 1187 535 1221 λόγου,
555 1187 594 1220 ὡς
616 1188 730 1214 αὐτόθεν
746 1188 832 1216 ἅπασι

57 1227 125 1263 δήλην
138 1227 230 1264 οὖσαν,
245 1231 291 1257 καὶ
311 1231 374 1267 μηδ’
393 1233 630 1268 ἁμφιδοξουμένην
644 1233 699 1260 τινὶ
716 1234 765 1269 τὴν
782 1243 831 1269 με-

56 1272 157 1308 τάληψιν
170 1276 296 1311 παρῆκεν
312 1285 320 1292 ·
334 1277 365 1304 οὗ
388 1277 442 1313 γὰρ
458 1278 542 1311 ἐστιν,
557 1279 608 1305 οὐκ
623 1278 706 1312 ἐστιν,
724 1279 778 1306 οὐδ’
800 1280 830 1306 οὐ

60 1318 88 1353 μὴ
99 1320 215 1355 γένηται,
231 1322 287 1348 οὐδ’
303 1322 337 1350 ἂν
351 1323 433 1355 αὐτὸς
448 1324 463 1350 6
483 1324 533 1359 τῆς
547 1325 647 1356 κακίας
661 1325 831 1361 ἀρχιτέκτων

58 1364 134 1397 πάλιν,
149 1367 188 1398 είς
200 1368 288 1399 ἀκοάς
302 1376 384 1395 τινων
401 1368 493 1400 αὐτοῖς
508 1369 646 1404 ὲρεύξοιτο
661 1370 790 1405 χείλεσιν,
801 1371 831 1402 ὃς

58 1410 106 1445 οὐχὶ
120 1411 157 1446 τῷ
168 1413 257 1448 Πατρὶ
271 1413 321 1448 τὴν
345 1413 446 1447 γνῶσιν
461 1414 570 1449 ἐκείνης
584 1415 634 1450 τῆς
651 1415 757 1451 ἡμέρας
784 1417 831 1443 καὶ

57 1453 120 1490 ὥρας
138 1458 341 1493 προσαναθήσει
355 1459 408 1479 ενδ·
434 1459 513 1486 τοῦτο
528 1459 555 1486 δὲ
566 1460 653 1490 διδοὺς
667 1461 715 1486 καὶ
741 1465 751 1480 ε
766 1460 830 1487 δυσ-

59 1503 184 1536 χεραίνων,
193 1505 224 1531 οὐ
238 1504 318 1540 λήξη“
330 1507 504 1541 συγχωρήσει
514 1507 622 1538 πάντως
631 1507 677 1534 καὶ
688 1507 772 1540 ἄκων,
781 1508 830 1542 τὴν

59 1547 132 1582 αὑτὴν
154 1550 255 1576 ἐνεῖναι
279 1550 380 1583 γνῶσιν
394 1551 434 1587 τῷ
450 1551 507 1586 Υῑῷ
524 1560 530 1567 ·
561 1552 592 1578 τὺ
615 1552 680 1588 γὰρ,
699 1561 709 1578 ι
735 1553 796 1579 οὐδὲ
817 1554 831 1578 ὁ
845 1561 865 1589 c

60 1592 121 1624 Υἱὸς.
136 1595 158 1621 εί
180 1596 218 1631 μὴ
248 1596 262 1622 6
285 1596 390 1632 Πατὴρ,
426 1607 435 1623 ι
457 1598 670 1633 άπαραγράπτῳ
694 1597 766 1633 λόγῳ
784 1599 831 1625 τοῦ

59 1639 150 1675 Πατρδς
164 1643 267 1674 εἰδότος
284 1643 323 1674 είς
339 1644 388 1678 τὴν
407 1643 493 1679 αὐτὴν
525 1645 635 1678 συνάγει
665 1645 766 1679 γνῶσιν
787 1645 833 1672 τὸν

61 1684 121 1713 l'ia’v.
137 1687 217 1714 Ὥστε
235 1688 292 1714 οὐδ’
309 1688 322 1707 ιι
341 1688 416 1715 ἐστιν
429 1689 527 1721 εἰπεῖν,
541 1690 602 1715 ὅσον
614 1690 653 1721 εἰς
671 1689 702 1716 τὸ
719 1690 832 1724 ἀκριϐέ-

60 1733 141 1758 στατόν
152 1742 180 1760 τε
203 1733 252 1760 καὶ
267 1733 501 1769 θεοπρεπέστατον
515 1734 563 1770 τὴν
581 1735 610 1761 ὲν
625 1735 715 1771 Πατρὶ
732 1735 833 1769 γνῶσιν

61 1777 138 1813 κοινὴν
153 1779 338 1814 ἀνακηρύττει
358 1781 405 1806 καὶ
420 1780 467 1806 τοῦ
486 1780 563 1808 Υἰοῦ.
579 1781 615 1806 Σὺ
631 1780 660 1807 δέ
675 1789 720 1815 μοι
741 1780 833 1806 λοιπὸν

60 1822 100 1856 τὴν
109 1825 152 1851 τοῦ
165 1826 302 1860 παναγίου
319 1827 366 1853 καὶ
384 1826 457 1853 θείου
473 1826 631 1862 Πνεύματος
651 1827 736 1861 σοφὴν
760 1827 834 1853 οἰκο-

60 1870 143 1902 νῦμίαν
155 1872 202 1898 καὶ
217 1872 362 1908 πολυμερῆ
375 1872 580 1905 συνεπιλογίζου
594 1882 600 1888 ·
616 1873 690 1904 ὃπως
705 1874 833 1908 ἐνεργοῦν

60 1914 83 1940 ἐν
97 1916 212 1953 ἑκατέρῳ
224 1918 280 1944 τῶν
292 1918 548 1953 εὐαγγελιστών,δι¹
563 1919 658 1955 ἐτέρας
675 1919 721 1945 καὶ
737 1919 833 1954 ἐτέρας

60 1960 125 1994 λόγου
140 1964 337 1999 συμφράσεως,
358 1965 398 1996 είς
411 1964 461 2000 τὴν
475 1965 560 2001 αὐτὴν
573 1965 671 1997 αὐτοὺς
695 1965 744 2000 τῆς
756 1965 834 1991 εὐσε-

59 2005 123 2043 ςείας
135 2008 237 2036 ἔννοιαν
261 2010 382 2043 συνάγει.
403 2010 432 2036 '0
451 2009 500 2044 μὲν
517 2010 571 2045 γὰρ
594 2010 664 2045 ιερδς
686 2009 834 2042 Ματθαίος,

59 2052 93 2082 τὸ,
103 2055 204 2088 μόνος,
220 2057 278 2086 τοῖς
288 2055 377 2090 λόγοις
401 2056 555 2088 συνάπτων,
575 2056 701 2092 οὐδαμῶς
713 2055 835 2092 ἐντίθησι

59 2099 94 2131 1'3,
107 2109 115 2125 ι
131 2101 197 2127 Οὐδὲ
213 2102 228 2128 6
241 2101 312 2133 Υἱός·
321 2112 330 2127 ι
349 2101 392 2128 ἵνα
405 2102 442 2138 μὴ
457 2101 520 2138 δόξῃ
528 2102 572 2129 τὸν
585 2103 649 2130 Υζὸν
663 2104 719 2135 τοῖς
734 2104 837 2140 αἱρετί-

59 2144 136 2176 ζουσιν
150 2149 198 2184 τῆς
211 2148 265 2182 μὲν
280 2149 418 2183 πατρικῆς
431 2149 510 2185 δόξης
534 2149 658 2185 διαιρεῖν,
679 2150 719 2181 εἰς
737 2150 765 2176 δὲ
788 2149 836 2185 τὴν

58 2191 102 2217 τῶν
113 2194 236 2227 ἀγγέλων
251 2195 327 2228 τάξιν
340 2195 521 2222 συνελαύνειν.
540 2196 570 2222 'O
586 2195 614 2222 δὲ
629 2196 699 2227 θεῖος
712 2196 836 2231 Μάρκος,

884 273 930 299 nio
943 277 969 299 et
983 274 1036 301 alia
1052 274 1107 301 Deo
1121 283 1241 309 congrua
1255 276 1391 303 axiomala
1406 276 1523 303 indivisa
1535 277 1634 310 reddit.
1649 284 1677 306 et

883 319 1051 346 communia.
1088 329 1097 344 σ
1118 320 1193 353 Quos
1211 321 1269 348 vult
1294 321 1373 349 Pater
1396 321 1524 354 viviticat,
1543 328 1570 350 et
1586 322 1674 351 Filius

883 362 1004 390 vivificat
1022 371 1092 398 quos
1112 365 1176 392 item
1192 365 1291 392 vult“.
1308 365 1397 393 Nemo
1412 367 1486 394 venit
1500 368 1533 394 ad
1551 368 1656 395 Patrem
1671 392 1677 401 ,

884 407 935 435 nisi
960 416 1008 444 per
1038 409 1148 443 Filium,
1164 415 1191 438 et
1209 411 1241 438 ad
1260 411 1358 439 Filium
1382 420 1473 445 nemo,
1492 414 1542 441 nisi
1561 422 1610 449 per
1626 414 1676 441 Pa-

885 458 965 480 trem.
983 455 1130 489 Cognoscit
1142 456 1222 484 Pater
1234 457 1333 484 Filium
1351 466 1362 482 ι
1381 458 1427 485 sed
1441 462 1468 485 et
1485 459 1521 485 ita
1545 468 1554 484 ι
1573 467 1675 494 cogno-

884 497 937 524 scit
965 497 1051 527 Filius
1076 499 1227 528 Patrem”.
1249 511 1257 526 ι
1279 501 1377 528 Omnia
1395 509 1456 535 qum
1483 502 1565 529 habet
1583 503 1675 535 Pater,

885 546 983 576 prmter
997 544 1159 580 ingenitum.
1177 545 1259 573 habet
1277 545 1372 579 Filius,
1386 552 1414 574 et
1424 548 1514 574 omnia
1526 556 1586 583 qua:
1598 549 1678 576 habet

886 587 969 616 Filius
983 594 1080 624 praeter
1093 591 1225 625 genitum,
1246 592 1328 619 habet
1340 592 1420 620 Pater
1440 602 1446 620 :
1468 603 1477 618 ι
1494 592 1552 620 Tua
1564 594 1647 627 enim,
1666 604 1675 620 ι

886 635 985 669 inquit,
1019 645 1027 660 ι
1044 643 1104 663 mea
1121 640 1194 668 sunt,
1208 641 1235 663 et
1251 645 1309 664 mea
1331 642 1395 664 sunt
1416 643 1472 666 tua.
1489 648 1499 664 ι
1517 637 1621 666 Horum
1640 640 1677 666 uti

886 685 944 706 crat
961 680 1083 708 initiatus
1099 681 1167 716 ipse,
1185 682 1222 709 ita
1239 689 1290 709 nos
1314 683 1431 710 initiavit
1444 684 1558 712 scientia
1581 684 1677 713 beatus

886 725 1004 760 Marcus,
1032 727 1195 763 theologiam
1221 733 1360 760 accurate,
1382 734 1410 756 et
1433 729 1595 758 circumcise
1611 731 1678 758 duli-

887 763 974 805 nieus,
1000 773 1073 801 clare
1096 774 1207 807 clamat,
1236 775 1309 810 quod
1325 784 1334 801 ι
1352 775 1408 803 Nec
1423 775 1509 803 Filius
1521 777 1608 809 novit,
1624 777 1677 804 nisi

887 817 976 850 Pater,
989 828 998 845 ι
1013 819 1085 854 quod
1104 821 1259 854 copulatum
1276 825 1336 849 erat
1349 821 1457 855 extulit,
1474 823 1606 851 orationis
1620 831 1676 851 uie-

888 864 1013 898 talepsin,
1033 869 1126 900 utpote
1142 866 1250 894 cunctis
1267 866 1380 898 claram,
1395 875 1446 895 nec
1463 867 1491 894 in
1508 869 1591 896 dubio
1604 869 1676 904 posi-

852 897 871 923 B
887 914 942 937 tam
968 911 1072 939 omisit.
1097 911 1157 939 Non
1181 916 1223 939 est
1243 912 1326 945 enim,
1342 921 1392 940 nec
1408 913 1460 941 erit
1473 913 1516 941 ille
1531 897 1678 950 impietatis

885 955 1000 989 artifex,
1017 964 1070 984 nec
1096 956 1177 985 labiis
1206 958 1344 985 eructabit
1366 959 1434 992 tale,
1451 959 1498 994 qui
1524 968 1576 987 nec
1606 960 1677 987 Pani

885 1002 1028 1030 scientiam
1036 1002 1090 1030 diei
1104 1003 1177 1031 illius
1188 1008 1215 1031 et
1224 1004 1299 1031 hora:
1314 1005 1453 1038 attribuit;
1469 1005 1520 1032 hoc
1534 1011 1676 1038 concessu,

884 1055 945 1075 cum
958 1047 1118 1076 difﬁcultate
1129 1053 1156 1076 et
1167 1049 1268 1077 invitus
1276 1050 1350 1083 licet,
1364 1050 1494 1078 concedet
1505 1053 1595 1077 tamen
1607 1050 1676 1078 Filio

883 1101 942 1121 eam
959 1094 1158 1128 cognitionem:
1176 1102 1250 1129 nam,
1266 1105 1275 1121 ι
1290 1095 1384 1130 Neque
1396 1095 1481 1124 Filius
1494 1095 1546 1124 nisi
1561 1096 1651 1128 Pater,
1665 1106 1674 1122 ι

883 1146 946 1166 cum
962 1138 990 1166 in
1009 1138 1221 1174 circumscripta
1243 1139 1347 1168 ratione
1359 1139 1441 1167 Pater
1460 1140 1539 1174 sciat,
1556 1140 1583 1167 in
1598 1148 1676 1167 eam-

883 1185 944 1212 dcm
956 1184 1122 1220 cognitionis
1148 1192 1306 1213 mensuram
1322 1189 1350 1212 ct
1365 1185 1463 1213 Filium
1480 1185 1622 1213 ascribet-:
1639 1187 1677 1213 ita

884 1236 937 1256 non
952 1233 993 1256 est
1006 1229 1163 1263 dicendum,
1174 1230 1246 1264 quod
1259 1230 1461 1257 accuratiorem
1474 1234 1501 1257 ct
1514 1230 1675 1257 diviniorem

883 1273 993 1300 modum
1033 1274 1136 1308 tangit,
1168 1274 1311 1301 scientiam
1338 1275 1365 1301 in
1393 1273 1474 1302 Patre
1503 1282 1677 1302 communem

882 1319 1010 1353 praedicat
1025 1327 1087 1346 cum
1105 1319 1191 1354 Filio;
1209 1325 1237 1347 tu
1261 1324 1364 1351 autem.
1383 1320 1454 1354 quod
1474 1324 1567 1351 restat,
1588 1321 1673 1347 sancti

883 1364 930 1392 Dei
948 1365 1066 1400 Spiritus
1082 1365 1232 1401 sapientem
1250 1372 1275 1393 ct
1294 1366 1470 1401 multiplicem
1491 1366 1677 1401 dispensatio-

885 1418 946 1438 nem
977 1411 1088 1438 recolito
1101 1420 1107 1438 :
1122 1419 1182 1446 quae
1208 1412 1234 1439 in
1251 1416 1369 1447 utroque
1392 1412 1558 1447 evangelista
1576 1420 1676 1447 opera-

882 1457 978 1489 batur;
1003 1465 1051 1492 per
1079 1465 1160 1484 unam
1182 1463 1209 1486 et
1232 1459 1345 1486 alteram
1365 1458 1472 1486 dicendi
1501 1449 1629 1490 formam,
1650 1459 1677 1485 in

882 1511 964 1530 unam
992 1508 1019 1531 et
1044 1504 1166 1531 eamdem
1185 1503 1294 1539 pietatis
1318 1504 1508 1539 cogitationem
1524 1504 1676 1553 deducens;

883 1554 997 1577 saueius
1012 1550 1158 1577 Matthqu
1175 1558 1268 1578 vocem
1290 1550 1362 1577 solus
1386 1550 1545 1582 adnectens,
1564 1557 1618 1577 non
1636 1550 1678 1576 in'-

886 1595 1004 1627 terserit,
1024 1604 1033 1621 ι
1052 1595 1146 1630 Neque
1170 1595 1265 1628 Filius,
1282 1605 1291 1622 ι
1309 1603 1342 1623 ne
1363 1596 1488 1623 videatur
1512 1603 1575 1623 cum
1592 1595 1678 1622 luere-

885 1642 947 1669 ticis
964 1649 978 1668 a
996 1646 1106 1676 paterna
1124 1641 1209 1677 gloria
1224 1641 1321 1668 Filium
1338 1649 1476 1677 separare,
1493 1646 1520 1668 ct
1532 1642 1558 1668 in
1577 1641 1678 1668 cohor-

885 1692 938 1714 tem
952 1689 1124 1723 compingere
1135 1687 1294 1722 angelorum
1307 1696 1314 1714 :
1328 1687 1434 1714 Marcus
1447 1687 1579 1721 adjiciens
1588 1686 1654 1713 illud
1669 1695 1676 1713 :

888 1743 897 1760 ι
915 1732 1008 1768 Neque
1019 1732 1114 1764 Filius,
1131 1743 1140 1758 ι
1156 1737 1183 1760 et
1198 1733 1362 1768 principium
1377 1733 1490 1760 alterius
1504 1732 1606 1767 periodi
1623 1738 1679 1759 sla-

885 1784 975 1811 tnens,
990 1779 1062 1806 tollit
1078 1779 1161 1812 solus,
1177 1787 1211 1806 ne
1225 1780 1247 1806 si
1264 1779 1424 1810 accesserit,
1444 1779 1478 1805 ab
1496 1778 1587 1813 impiis
1609 1778 1680 1804 arri-

886 1830 995 1860 peretur
1010 1834 1016 1851 :
1032 1829 1060 1851 et
1079 1832 1131 1851 non
1156 1823 1320 1859 principium
1342 1823 1455 1851 alterius
1473 1823 1577 1858 periodi
1593 1827 1678 1856 esset,

889 1881 897 1896 ι
917 1869 1011 1905 Neque
1022 1869 1132 1901 Filius,»
1147 1869 1194 1896 sed
1208 1868 1387 1904 prtecedentis
1398 1868 1521 1896 clausula
1533 1876 1565 1895 ac
1584 1868 1679 1895 termi—

887 1924 938 1944 nus
951 1916 1057 1949 inanis;
1076 1915 1112 1943 ibi
1128 1914 1202 1942 enim
1218 1914 1331 1942 scientia
1349 1919 1460 1950 paterna
1473 1914 1542 1943 Filio
1554 1921 1676 1941 commn-

887 1964 994 1991 nicatur
1023 1966 1231 1995 consummate,
1243 1969 1292 1997 per
1310 1962 1509 1997 improbitatem
1526 1961 1678 1995 ignorantia

887 2009 1050 2044 suscipitur.
1069 2013 1097 2036 et
1112 2007 1213 2043 gradus
1228 2007 1386 2042 assignatur
1402 2007 1562 2042 angelorum
1587 2000 1680 2034 servo-

887 2063 1015 2090 rumque,
1031 2054 1083 2082 hoc
1114 2058 1250 2081 conantur
1274 2053 1321 2088 qui
1344 2052 1398 2081 Deo
1420 2053 1521 2081 bellum
1544 2053 1680 2083 indicunt.

887 2100 1003 2128 Domino
1029 2104 1057 2127 et
1075 2098 1200 2127 Creatori
1221 2098 1360 2134 attingere.
1374 2097 1499 2131 Quorum
1515 2098 1681 2132 impietatem

887 2150 1034 2181 amputans
1059 2145 1236 2181 evangelista,
1263 2149 1423 2180 praetextum
1449 2143 1484 2171 ab
1509 2143 1579 2175 illis,
1598 2142 1681 2172 solus.

887 2192 1047 2228 prmsciudit
1070 2196 1097 2219 et
1122 2191 1258 2227 praetollit.
1283 2190 1374 2225 Atque
1401 2190 1438 2216 ita
1463 2196 1511 2224 per
1535 2194 1685 2221 utrumque

60 2238 199 2271 προστάξας
215 2239 258 2272 τὸ,
273 2249 282 2265 ι
295 2240 383 2267 Οὐδὲὸ
395 2240 484 2273 Hoc,»
495 2240 545 2271 καὶ
558 2240 645 2276 ἀρχὴν
655 2240 734 2267 τοῦτο
747 2229 799 2266 δευ-

942 2240 1031 2271 lnum,
1053 2243 1080 2266 et
1103 2245 1214 2265 sacrum
1244 2236 1423 2271 Seriptorem,
1438 2242 1500 2262 cum
1520 2241 1568 2260 ora
1588 2233 1681 2259 videas

61 2291 102 2315 ρας
114 2286 240 2321 περιόδου
261 2286 456 2322 ποιησάμενος,
469 2287 627 2321 ἀφαιρεῖται
638 2285 668 2312 τὸ
679 2286 784 2321 μόνος,
794 2286 838 2312 ἴνα

61 2328 91 2363 μὴ
116 2331 192 2358 τοῦτο
213 2331 299 2358 πάλιν
327 2332 444 2359 ἐνταῦθα
463 2332 671 2368 προσκείμενον,
702 2331 837 2366 ἅρπαγμα

61 2375 106 2405 τοῖς
116 2375 260 2403 δυσσεϐέσι
273 2376 386 2412 γένηται
399 2385 407 2394 ·
423 2377 472 2403 καὶ
483 2377 533 2404 οὐκ
540 2377 611 2412 ἀρχὴ
627 2376 727 2411 μᾶλλον
740 2376 837 2411 ἐτέρας

61 2420 184 2455 περιόδου,
200 2421 285 2448 «Οὐδὲ
296 2422 309 2448 6
320 2421 382 2450 Υἱὸς
390 2431 399 2448 ι
414 2422 542 2458 νομισθῇ.
552 2423 601 2457 τῆς
611 2421 838 2457 προτεταγμένης

61 2464 82 2490 δὲ
96 2466 177 2502 πέρας
192 2469 242 2494 καὶ
254 2468 478 2504 συναπαρτισμὺς
494 2467 691 2503 ρᾳδιουργηθῇ.
716 2467 772 2494 Καὶ
783 2467 837 2502 γὰρ

892 2285 1105 2315 haeretisantium
1118 2284 1257 2316 obturata,
1273 2287 1299 2310 et
1314 2289 1377 2310 cum
1392 2279 1563 2308 abundanter
1580 2277 1684 2305 habeas

890 2332 1034 2360 dubiorum
1058 2338 1074 2358 a
1090 2335 1115 2357 te
1130 2329 1335 2366 propositorum
1353 2326 1516 2358 solutiones,
1535 2324 1683 2359 impietatis

890 2376 1114 2404 communionem
1137 2374 1311 2403 constantius
1332 2372 1457 2405 evit'abis,
1474 2375 1502 2399 et
1527 2371 1637 2406 pietatis
1659 2375 1684 2395 te

892 2422 979 2456 magis
996 2421 1130 2449 fervidum
1153 2426 1319 2453 amatorem,
1349 2423 1377 2447 et
1407 2417 1579 2446 defensorem
1615 2422 1684 2450 prae-

892 2467 987 2494 stabis.

63 2515 161 2548 ὲκεὶνως
175 2522 187 2536 υ
204 2516 255 2552 μὲν
273 2517 291 2551 ἡ
306 2516 426 2552 πατρικὴ
442 2515 546 2550 γνῶσις
572 2516 611 2551 τῷ
644 2516 701 2551 Υίῷ
730 2515 807 2551 κοινὴ
839 2514 987 2541 καθίστατο
1011 2513 1060 2541 καὶ
1090 2513 1256 2548 αὐτοτελής·
1277 2511 1320 2538 διὰ
1347 2511 1376 2537 δὲ
1401 2510 1450 2546 τῆς
1472 2508 1650 2544 κακουργίας,
1667 2507 1684 2541 ὴ

64 2560 145 2594 ἄγνοια
171 2564 293 2599 δέχεται,
320 2565 368 2591 καὶ
388 2565 402 2591 6
429 2563 485 2590 τῶν
510 2563 634 2598 ἀγγέλων
662 2564 710 2590 καὶ
730 2562 831 2589 δούλων
858 2561 1055 2597 βαθμὸς,ὂπερ
1065 2562 1125 2588 ἐστὶ
1142 2558 1414 2595 τῶνοεομαχούντων
1439 2555 1610 2590 σπούδασμα,
1638 2553 1684 2579 τὸν

64 2610 188 2648 Jama—apo
198 2613 247 2640 καὶ
257 2608 500 2649 Δημιουργὸν.⁷Ων
507 2611 696 2648 τὺκακοῦργον
705 2611 844 2647 ἐκτέμνων
863 2612 877 2637 ὁ
892 2610 1100 2646 εὐαγγελιστὴς,
1130 2609 1180 2644 τὴν
1201 2608 1248 2635 τοῦ
1269 2607 1364 2642 μόνος
1383 2604 1520 2641 πρόφασιν
1537 2601 1684 2649 προδιαςδέίί⁵

64 2666 117 2686 πτει
131 2663 178 2688 καὶ
195 2662 369 2697 προαναιρεί
397 2660 491 2693 οὕτως
505 2658 552 2688 οὖν
576 2660 610 2687 δι’
626 2660 757 2696 ἐκατέρου
784 2659 838 2686 τῶν
858 2659 1008 2686 θεσπεσίων
1021 2658 1069 2685 καὶ
1083 2656 1230 2695 ἱερολᾴγων
1243 2654 1359 2690 ἀνδρῶν,
1391 2652 1427 2680 τά
1456 2651 1511 2679 τῶν
1533 2648 1684 2685 αἰρετιξάν-

65 2715 109 2734 των
128 2710 197 2745 ὁρῶν
225 2706 438 2745 ὸμφραττόμενα
454 2709 587 2744 στόματα,
607 2709 653 2735 καὶ
680 2709 729 2740 τὰς
754 2708 846 2739 λύσεις
865 2704 902 2734 ὧν
933 2707 1057 2742 ἠπόρεις,
1074 2706 1108 2732 δι’

101 2770 119 2784 ⁸·
132 2770 211 2798 Joan.
224 2779 254 2802 ν,
271 2772 316 2798 ει.
355 2771 378 2786 ⁸⁸
392 2769 471 2797 Joan.
492 2777 548 2801 xw,
565 2769 591 2796 6.

1145 2705 1233 2732 αὐτῶν
1258 2704 1371 2731 ἐκείνων
1392 2699 1688 2738 καταπλουτιζόμενοςν

676 2837 794 2866 VARUS
825 2837 1028 2866 LECTIONES.

99 2888 137 2908 ⁵-⁵
150 2889 179 2916 Ε.
197 2888 234 2917 Μ.
254 2888 494 2925 προσανατεοὴσει.

546 2887 593 2916 cC.
609 2887 642 2915 Μ.
664 2887 724 2915 κᾶν.
764 2885 814 2915 dc.
828 2887 863 2915 M.
879 2886 989 2921 συνάγει
1003 2886 1068 2913 οὐδ’.

1109 2891 1119 2905 ο
1135 2884 1167 2912 υ.
1181 2883 1216 2912 Μ.
1239 2888 1312 2912 recte
1328 2883 1444 2915 ἐκεῖνος,
