1873 3063
195 165 248 196 683

783 164 911 194 PHO'l‘ll
929 163 1180 194 ΡΛἹἪΙΑΗΕΗΕ
1189 165 1238 197 CP.

1775 163 1827 195 681

193 222 244 256 τήν
257 230 286 247 τε
305 221 353 254 τῆς
365 220 524 252 δυσσεόείας
536 220 575 251 είς
588 220 618 246 τὺ
646 219 828 255 βεϐαιώτερον
848 220 982 254 ὲκτρέπου
1006 219 1151 246 κακόνοιαν
1180 219 1210 253 ί,
1235 221 1282 247 καὶ
1305 221 1353 257 τῆς
1382 221 1524 253 εὐσεϐείας
1554 221 1719 257 θερμότερον
1746 221 1828 249 αὐτὸν

195 267 311 302 ὶραστὴν
324 267 370 293 καὶ
385 267 544 301 ὑπέρμαχον
560 266 742 294 ἐπιδείκνυσι).

246 323 408 357 ρυιΕΞΤΙΟ
424 325 505 352 CXV.
534 326 629 362 [CoiaL
656 327 740 353 Tattr.
762 325 928 361 CXXXVIH

406 368 443 395 De
458 369 589 403 sapientia
606 369 768 396 Salomonis.

1301 325 1470 352 ΕΡΩΤΗΣΙΣ
1494 325 1568 352 PlE’.

1179 373 1248 407 Περὶ
1265 372 1318 405 τῆς
1344 371 1539 407 Σολομῶντος
1564 371 1686 405 σοφίας.

253 425 325 451 Edita
337 433 350 450 ε
366 425 516 452 Monlacutio
528 427 580 459 (ep.
592 428 646 457 ΞΗ,
657 428 690 452 ad
707 427 859 459 Tlteopltan.,
877 434 901 458 p.
915 427 957 452 561
973 429 1038 460 seq.)
1052 428 1244 461 Explanatiuncs
1256 432 1280 456 in
1292 430 1325 455 lll
1335 431 1441 462 Regum,
1452 437 1485 461 tv,
1496 430 1537 461 51,
1549 433 1575 454 et
1590 430 1600 454 Ι
1613 430 1675 461 Reg.
1692 437 1727 459 ix,
1743 430 1781 455 24.

229 479 298 512 Quid
316 484 343 506 tu
359 486 467 514 passus,
493 488 547 514 qua
575 481 740 516 cogitatione
769 486 859 508 motus
874 486 913 514 tu,
943 481 987 508 vir

194 524 252 557 Dei,
276 529 338 559 post
360 530 414 551 tam
431 526 542 561 longum
574 531 681 562 tempus
696 532 722 554 et
743 527 829 555 nostri
849 532 902 554 tam
920 535 985 562 pro—

194 570 306 597 !undam
324 571 500 603 oblivionem,
526 576 588 606 post
613 573 777 600 amnestiam
809 575 986 606 horrendam,

195 623 244 643 nec
270 615 348 642 facile
377 617 656 650 commemorandam,
675 619 709 645 ah
720 619 785 645 olim
804 619 870 645 mihi
889 619 987 646 amicis

198 662 347 697 profectam
361 683 368 695 ,
387 668 448 698 post
462 664 533 690 mala
561 668 601 690 tot
615 664 750 691 exantlata
779 669 883 691 tanlutu
901 665 985 692 silen-

196 709 274 742 tium,
301 709 372 736 haud
394 709 509 736 dixerim
536 717 586 745 ego
611 711 709 744 aequali
734 717 792 736 mea
820 710 986 737 condemna-

196 755 279 785 tione.
298 762 328 782 ea
339 762 491 789 proponere
508 756 555 782 tibi
567 756 652 783 visum
668 756 829 791 fuerit,qu:u
843 756 982 783 curiosius

194 800 229 828 ab
258 801 292 827 iis
323 801 425 835 inquiri
458 801 557 833 solent,
587 802 634 836 qui
658 802 779 836 jucunde
796 802 879 829 vitam
904 802 985 829 istam

196 847 367 882 transigunt,
396 851 422 874 et
438 848 594 874 accuratius
611 848 843 882 philosophantur
861 857 867 875 :
882 853 909 875 at
923 856 983 880 nos,

195 901 312 927 quortttn
327 893 382 929 jam
396 894 459 920 olim
473 894 527 921 vita
545 894 623 921 malis
636 894 780 927 emarcuit,
809 895 854 929 qui
870 895 985 929 plurima

196 947 228 966 ex
248 945 324 973 parte
343 940 444 967 mortui
471 948 567 967 sumus
584 949 591 967 :
615 941 662 975 qui
680 949 771 974 nunc,
784 945 813 968 ut
837 942 984 968 obscurum

196 986 332 1020 quoddam
350 986 545 1018 simulacrum,
572 990 600 1014 et
610 987 655 1014 vix
675 988 891 1022 agnoscendum,
909 992 982 1014 vcte-

195 1032 234 1059 ris
248 1032 322 1059 illius
337 1037 438 1060 nostra:
451 1033 643 1065 institutionis,
668 1038 694 1061 et
712 1033 834 1060 discendi
851 1033 987 1068 cupiditav

196 1077 242 1110 tis,
274 1077 300 1103 in
331 1077 382 1105 hac
413 1086 496 1105 carne
522 1078 626 1106 misella
662 1081 688 1114 (ο
717 1086 860 1113 quousque
876 1079 986 1106 vivendi

195 1122 332 1150 desiderio
347 1123 482 1151 teneberis
495 1124 517 1158 ί)
530 1124 742 1159 circumagimur
756 1133 762 1151 :
780 1132 863 1151 ltnum
881 1130 932 1156 est,
949 1124 984 1150 de
1002 1115 1022 1142 Β

195 1175 250 1202 quo
269 1167 507 1202 philosophentur.
534 1177 620 1203 tnors,
643 1170 824 1205 et'angimur.
847 1170 926 1205 quod
945 1171 986 1196 sic

197 1206 295 1244 tardet.
311 1222 362 1241 nec
378 1223 428 1242 nos
446 1215 527 1243 citius
542 1215 576 1243 de
591 1215 653 1243 istis
670 1215 789 1243 miseriis
804 1216 908 1248 educit,
926 1217 988 1251 qui-

196 1259 247 1287 bus
261 1260 383 1294 qttotidie
399 1268 448 1287 nos
465 1261 628 1295 premimur,
641 1260 706 1288 dum
721 1261 790 1287 nihil
804 1268 832 1287 se
845 1262 988 1288 remittunt

196 1311 401 1340 persequentes.
426 1306 505 1339 Quod
521 1307 543 1334 si
559 1307 661 1341 cupitis
689 1307 727 1341 (et
742 1315 801 1340 cur,
819 1315 923 1342 quaeso,
940 1315 988 1334 cu-

197 1351 287 1389 pit-tis.
303 1352 349 1387 qui
366 1359 474 1380 summa
489 1352 611 1380 fruimini
629 1352 770 1385 felicitate,
794 1361 913 1387 quortun
931 1353 985 1379 lin-

196 1406 255 1435 gua:
272 1398 391 1426 libenter
412 1399 552 1426 rhetorum
577 1407 672 1433 greges
687 1398 852 1425 famulantur
860 1399 885 1434 ?)
900 1399 933 1425 de
947 1403 989 1425 tu-

198 1445 272 1471 mulo
301 1452 396 1472 vocem
424 1445 534 1475 audire,
559 1445 687 1480 loquetur
709 1449 782 1472 certe
809 1445 986 1471 simulacrum

198 1489 262 1521 mci,
293 1490 330 1517 ita
356 1490 429 1517 enim
457 1490 544 1525 magis
568 1498 718 1525 congruum
741 1491 867 1525 prtesenti
891 1491 988 1517 statui.

198 1533 336 1562 hrtassis
364 1535 472 1562 silentio
488 1535 635 1562 insidiatur
662 1536 807 1570 scriptum,
832 1541 859 1563 ct
874 1537 988 1564 alterius

197 1581 337 1615 tragmdim
357 1581 455 1614 qtuet'it
476 1581 659 1608 occasionem.
685 1580 712 1608 Si
729 1590 778 1616 per
804 1582 918 1609 insidias
929 1590 989 1609 ser-

199 1633 293 1656 mones
308 1625 445 1658 feruntur,
460 1625 621 1659 jamdudum
635 1632 688 1659 est,
704 1635 766 1653 cum
781 1628 883 1662 experti
901 1628 989 1655 simus

199 1670 355 1700 istiusmodi
381 1671 545 1699 inscssores.
564 1671 711 1705 Quocirca,
741 1673 865 1707 loquetur
885 1674 986 1708 potius,

198 1724 280 1751 quam
298 1717 404 1749 silebit;
419 1721 447 1744 at,
461 1717 588 1751 loquetur
600 1719 781 1751 breviusculc,
795 1725 822 1745 et
837 1719 986 1751 humiliter,

198 1767 228 1790 ut
245 1770 293 1797 par
306 1769 348 1789 est
364 1763 438 1789 illum
456 1759 623 1798 respondere
642 1765 775 1799 quaesitis,
803 1766 850 1800 qui
874 1766 900 1791 in
925 1773 986 1792 mea

199 1808 376 1835 Constituitur
394 1810 563 1836 conditione.

233 1855 325 1882 Unum
348 1863 362 1881 e
386 1856 478 1891 dubiis
503 1856 569 1883 illud
592 1861 656 1883 est:
678 1866 686 1882 ι
708 1856 846 1891 Sapientia
861 1857 989 1884 execlluit

197 1899 326 1929 Salomon
359 1906 455 1927 omnes
485 1899 609 1928 homines
633 1908 641 1932 ;
680 1904 740 1927 erat
766 1908 846 1934 super
872 1901 988 1927 Getham

199 1942 375 1974 lsraelitatn,t
391 1949 444 1970 etc.
459 1942 621 1977 Respondeo
631 1943 657 1969 in
672 1944 778 1978 primis,
795 1952 838 1970 me
851 1952 989 1978 nusquam

198 1989 332 2022 reperisse
349 1988 482 2023 scriptum
499 1980 665 2020 lsraelitam,
691 1989 763 2024 quod
786 1997 801 2016 τι
822 1994 847 2016 te
868 1989 988 2024 positum

197 2037 256 2065 est;
283 2033 334 2061 nisi
362 2034 426 2060 tuihi
455 2035 614 2061 memoriam
640 2035 832 2062 tribulationes
857 2043 988 2062 excusse-

199 2078 255 2104 rint
276 2087 283 2104 :
311 2078 356 2104 sed
380 2086 428 2111 pro
447 2077 584 2110 Israelita,
604 2079 743 2106 Zaraitam
765 2080 815 2114 legi
835 2089 841 2107 :
862 2079 991 2109 Israelita:

199 2128 277 2152 crant
290 2124 364 2151 natio
376 2124 500 2156 Judaica,
515 2131 541 2151 et
558 2125 738 2152 communiter
748 2127 784 2152 ita
800 2126 988 2154 vocabantur:

199 2175 228 2197 at.
245 2170 402 2198 charactere
418 2171 557 2198 communi
571 2172 703 2199 denotare
718 2172 838 2206 aliquem
851 2193 859 2204 ,
878 2180 941 2199 cum
956 2172 990 2199 ad

200 2215 277 2243 illum
293 2224 388 2244 omnes
403 2224 484 2244 suum
500 2225 585 2251 genus
604 2217 735 2249 referant,
749 2217 823 2250 juste
840 2219 989 2252 reprehen-

199 2262 283 2289 ditur.
295 2261 429 2295 Quocirca
439 2271 487 2298 pro
501 2263 647 2294 lsraclites,
657 2264 770 2290 omnino
782 2264 988 2291 rescribendum

199 2307 339 2339 Zarailes;
356 2308 475 2341 ίΕιΙιιιη,
500 2309 526 2335 in
543 2309 706 2343 quibusdam
722 2309 923 2346 exemplaribus
939 2309 990 2336 Ge-

200 2353 263 2380 tltatt
293 2353 393 2380 dicitur
415 2363 422 2381 :
441 2353 581 2381 .lortassis
606 2354 732 2381 eumdem
759 2355 899 2382 hinomine
923 2363 991 2382 voce

199 2399 377 2432 exprimente.
422 2399 500 2431 Quod
536 2399 619 2432 igitur
654 2399 782 2434 deinceps
811 2399 934 2434 sequitur
963 2400 990 2426 itt

1075 483 1218 518 ’Ἄνθρωπε
1241 483 1286 510 τοῦ
1303 483 1371 509 Θεοῦ
1381 503 1388 515 ,
1402 483 1428 510 τί
1443 482 1536 509 παθὼν
1546 502 1554 515 ,
1573 483 1600 508 τί
1615 483 1643 509 δὲ
1659 481 1826 516 διανοηθεὶςι

1038 521 1107 563 μετὰ
1132 529 1259 556 τοσοῦτον
1285 529 1380 565 χρόνον
1404 528 1520 564 μακρὸν,
1537 529 1606 563 μετὰ
1638 528 1724 563 λήθην
1749 528 1827 563 ἡμῶν

1036 575 1107 601 οὕτω
1128 575 1248 610 βαθεῖαν,
1262 576 1332 610 μετὰ
1363 575 1482 610 φοϐερὰν
1498 574 1545 601 καὶ⁹
1570 574 1748 609 ἀνιστόρητον
1776 574 1827 599 ὑπὸ

1036 621 1090 648 τῶν
1104 630 1169 648 ποτε
1185 621 1333 656 φιλούντων
1348 621 1512 656 ἀμνηστίαν,
1529 620 1598 655 μετὰ
1620 620 1755 647 τοσούτων
1769 620 1826 645 πεῖ-

1038 676 1088 701 ραν
1104 667 1254 702 δυσχερῶν,
1269 667 1340 701 μετὰ
1364 667 1532 701 τηλικαύτην
1558 667 1591 692 ὲκ
1615 665 1765 699 καταδίκης
1785 665 1824 699 (οὐ

1036 713 1109 747 λέγω
1119 712 1209 746 ποίας)
1234 713 1324 746 σιγὴν,
1338 712 1429 738 ἐκεῖνα
1455 711 1607 746 προτείνειν
1628 710 1724 744 ἔγνως,
1738 710 1756 737 ἃ
1769 711 1825 741 τοῖς

1036 758 1232 794 ὲνευημεροῦσι
1258 758 1297 792 τῷ
1329 757 1445 792 παρόντι
1477 758 1527 792 βίῳ
1555 757 1603 783 καὶ
1634 755 1825 790 φιλοσοφοῦσιν

1036 805 1227 839 ἀκμαιότερον,
1263 803 1550 838 πολυπραγμονεῖσθαι
1582 802 1696 834 εἷωθεν;
1729 801 1825 836 Ἡμεῖς

1036 851 1076 882 δὲ,
1089 850 1136 876 καὶ
1162 851 1246 884 αὐτῆς
1270 849 1350 884 ἡμῶν
1375 849 1425 884 τῆς
1447 849 1521 882 ζωῆς
1538 849 1623 875 πάλαι
1646 848 1703 879 τοῖς
1731 848 1826 877 κακοῖς

1037 894 1320 929 ὲναπομαρανθείσης,
1341 893 1371 920 τὸ
1386 893 1467 920 πλέον
1492 893 1681 928 τεθνήκαμεν·
1700 893 1747 919 καὶ
1766 892 1826 924 νῦν,

1036 939 1080 967 οἷά.
1100 950 1142 973 τις
1169 940 1250 967 εἰκὼν
1281 941 1402 975 ἀμυδρὰ,
1428 940 1475 967 καὶ
1495 939 1593 975 μικροῦ
1622 939 1826 975 μηδ’ὲπιγινω-

1037 988 1168 1022 σχομένη,
1190 988 1238 1022 τῆς
1264 987 1384 1017 παλαιᾶς
1405 986 1514 1020 ἐκείνης
1543 985 1654 1020 ἀγωγῆς
1682 985 1728 1011 καὶ
1750 985 1826 1018 φιλο-

1038 1033 1163 1069 μαθείας,
1181 1033 1220 1068 τῷ
1239 1032 1404 1068 ταλαιπώρῳ
1430 1031 1518 1067 τούτῳ
1548 1031 1653 1067 σαρκίῳ
1680 1027 1712 1065 (ᾧ
1746 1031 1828 1065 μέχρι

1037 1078 1109 1109 τίνος
1127 1077 1302 1112 φιλοζωήσεις
1315 1078 1334 1112 ς)
1347 1076 1590 1112 περιπλανώμεθα,
1612 1076 1641 1102 ἒν
1665 1075 1745 1110 μόνον
1757 1075 1825 1110 ἡμῖν

1036 1124 1231 1158 φιλοσοφεῖται,
1254 1124 1268 1150 ὁ
1295 1123 1419 1155 θάνατος,
1442 1123 1568 1153 κάκεῖνος
1591 1120 1760 1156 παραλυπῶν
1787 1120 1828 1145 ὅτι

1037 1169 1183 1204 βραδύνει·
1197 1170 1244 1195 καὶ
1260 1169 1310 1195 οὐκ
1334 1168 1435 1202 ἀπάγει
1455 1168 1551 1194 θᾶττον
1564 1167 1618 1193 τῶν
1642 1166 1771 1200 θλίψεων,
1784 1163 1828 1196 αἷς

1036 1215 1219 1246 ἀδιαλείπτως
1245 1214 1294 1240 οὑκ
1315 1214 1472 1240 ἐνδιδόντων
1487 1213 1536 1247 τῆς
1549 1212 1747 1246 ἐπιτιθεμένων
1765 1219 1828 1236 συν-

1036 1259 1165 1294 εχόμεθα.
1183 1258 1258 1294 Πλὴν
1272 1259 1297 1284 εἰ
1314 1259 1412 1292 γέγονέ
1437 1259 1521 1285 ποθεν
1544 1258 1632 1291 φίλον,
1650 1257 1686 1288 ὡς
1704 1259 1755 1282 οὐκ
1780 1254 1830 1282 οἷδ’

1037 1305 1096 1331 ἀνθ’
1111 1305 1174 1331 ὅτου
1199 1302 1238 1336 οἷς
1256 1304 1374 1339 ἀκμάζει
1388 1304 1438 1338 μὲν
1453 1304 1488 1330 τὰ
1505 1304 1554 1338 τῆς
1575 1303 1761 1338 εὐδαιμονίας,
1779 1303 1830 1338 ρη-

1037 1351 1123 1386 τόρων
1143 1350 1165 1376 δ’
1188 1350 1283 1384 ἀγέλαι
1308 1350 1450 1384 χαίρουσιν
1474 1349 1622 1384 ὑπηρετεῖν
1647 1350 1679 1383 τῇ
1707 1348 1831 1382 γλώττῃ,

1037 1397 1084 1423 καὶ
1101 1396 1150 1431 τῆς
1165 1397 1197 1422 ὲκ
1209 1396 1303 1431 τάφων
1322 1395 1413 1430 φωνῆς
1429 1394 1584 1421 ἐπακοῦσαι
1594 1403 1601 1410 ·
1615 1394 1762 1429 φθέγξεται
1781 1393 1831 1427 μὲν

1037 1442 1068 1468 τὺ
1084 1442 1149 1477 ὲμδν
1169 1442 1277 1468 εἴδωλον
1294 1451 1301 1458 ν
1320 1441 1392 1468 οὕτω
1416 1440 1471 1476 γὰρ
1494 1441 1583 1466 εἰπεῖν
1613 1441 1669 1471 τοῖς
1694 1439 1833 1473 παροῦσιν

1038 1487 1214 1522 οἰκειότερον.
1239 1486 1317 1521 Τάχα
1342 1486 1395 1521 γὰρ
1419 1486 1467 1512 καὶ
1488 1485 1581 1520 γραφὴ
1609 1485 1658 1519 τὴν
1681 1483 1762 1518 σιγὴν
1792 1485 1832 1510 ἐν·

1038 1532 1154 1566 εδρεὺει,
1168 1533 1215 1558 καὶ
1228 1532 1305 1566 ζητεῖ
1321 1531 1458 1567 πρόφασιν
1478 1531 1560 1565 ἄλλης
1570 1529 1736 1565 τραγῳδίας.
1752 1529 1786 1554 Et
1802 1528 1833 1554 δὲ

1037 1578 1084 1603 καὶ
1100 1577 1164 1612 λοχᾷ
1180 1578 1242 1608 τοὺς
1261 1578 1370 1611 λόγους,
1390 1578 1474 1604 πάλαι
1498 1577 1551 1603 τῶν
1572 1576 1714 1611 λοχώντων
1729 1583 1831 1600 πεπει-

1040 1622 1156 1656 ράμεθα.
1172 1623 1210 1647 Δι’
1226 1622 1240 1648 ὃ
1255 1623 1400 1656 φθέγξεται
1414 1622 1523 1657 μᾶλλον,
1540 1621 1556 1656 ἢ
1573 1621 1708 1655 σιωπήσει
1723 1628 1731 1636 ·
1749 1619 1834 1654 φθέγ-

1039 1667 1112 1699 ξεται
1136 1668 1164 1694 δὲ
1187 1668 1290 1703 βραχέα
1312 1670 1358 1694 καὶ
1382 1668 1508 1700 ταπεινὰ,
1524 1667 1572 1694 καὶ
1598 1664 1642 1693 οἷα
1673 1665 1758 1698 εἰκὸς,
1773 1666 1835 1696 τοῖς

1038 1712 1108 1740 οὕτω
1124 1714 1317 1750 διακειμένοις,
1336 1714 1543 1750 ἀποκρίνεσθαι.

1078 1853 1126 1878 Ἓν
1140 1851 1187 1886 μὲν
1202 1847 1248 1876 οὗν
1261 1849 1302 1881 τὸ,
1316 1857 1325 1873 ι
1346 1846 1505 1881 Ἐσοφίσατο
1527 1845 1653 1880 Σολομῶν
1665 1845 1736 1880 ὑπὲρ
1764 1845 1837 1872 πάν-

1041 1906 1090 1929 τας
1108 1896 1281 1930 ἀνθρώπους,
1295 1893 1342 1919 καὶ
1359 1893 1429 1927 ὑπὲρ
1445 1891 1531 1918 Γεθὰν
1545 1891 1591 1917 τὸν
1618 1890 1803 1926 Ἰσραηλίτην,
1822 1900 1832 1916 ι

1041 1944 1087 1970 καὶ
1101 1942 1174 1976 ἑξῆς.
1193 1940 1305 1975 Πρῶτον
1326 1939 1373 1974 μὲν
1383 1938 1471 1964 ἐκεῖνό
1487 1945 1588 1972 φαμεν,
1601 1937 1638 1968 ὡς
1650 1936 1699 1962 οὐκ
1719 1937 1835 1970 Ἰσραη-

1040 1988 1130 2020 λίτην
1145 1985 1261 2020 εὕρομεν
1270 1993 1321 2010 που
1333 1983 1538 2018 γεγραμμένον,
1551 1983 1589 2013 ὡς
1617 1982 1694 2008 αὐτοὶ
1706 1982 1738 2008 τὸ
1753 1982 1834 2017 ῥῆμα

1041 2032 1194 2069 παρέθεσθε
1207 2040 1214 2047 ³
1233 2031 1257 2057 εί
1280 2031 1361 2065 μήπω
1372 2029 1419 2055 καὶ
1442 2029 1528 2063 αὐτὴν
1554 2027 1634 2062 ἡμῶν
1655 2027 1704 2062 τὴν
1719 2029 1835 2062 μνήμην

1042 2076 1255 2113 προσαφείλοντο
1265 2075 1292 2101 αἱ
1307 2074 1410 2108 θλίψεις
1433 2082 1439 2088 ·
1448 2073 1507 2099 ἀλλ’
1519 2073 1581 2099 ἀντὶ
1588 2072 1636 2098 τοῦ
1652 2073 1834 2106 Ἰραηλίτηγ,

1042 2124 1193 2158 Ζαραΐτην
1207 2122 1366 2156 ἀνέγνωμεν
1377 2129 1384 2136 ·
1406 2120 1574 2155 Ἰσραηλῖται
1587 2119 1636 2154 μὲν
1650 2120 1704 2155 γὰρ
1716 2119 1747 2145 τὸ
1766 2120 1834 2146 Ίου-

1041 2171 1124 2197 δαίων
1144 2168 1220 2195 ἅπαν
1235 2167 1328 2202 φῦλον,
1345 2167 1392 2192 καὶ
1406 2165 1499 2200 κοινὴν
1516 2165 1590 2191 ἕλκει
1614 2166 1664 2199 τὴν
1687 2164 1784 2198 κλῆσιν
1806 2165 1835 2190 τι

1042 2214 1127 2245 ἔθνος,
1157 2212 1291 2246 κοινότητι
1324 2211 1352 2237 δὲ
1373 2209 1590 2245 χαρακτηρίζειν
1616 2208 1703 2240 τινὰς,
1732 2209 1773 2239 εἰς
1801 2209 1834 2243 ἣν

1042 2260 1166 2290 ἅπαντας
1191 2257 1372 2291 συναναφέρει
1392 2256 1423 2282 τὸ
1435 2257 1532 2289 γένος,
1563 2255 1613 2280 οὐκ
1638 2253 1696 2279 ἐστι
1723 2253 1834 2279 δικαίαν

1041 2305 1125 2340 λαϐὴν
1151 2305 1280 2338 ἐκφυγεῖν
1294 2312 1301 2319 ·
1317 2303 1385 2330 ἀλλά
1397 2302 1477 2328 τοῦτο
1494 2301 1542 2336 μὲν
1557 2299 1643 2336 ὀρθῶς
1656 2300 1688 2326 ἂν
1702 2300 1745 2334 εἴη
1760 2300 1832 2334 ἔχον,

1041 2352 1066 2377 εἰ
1077 2351 1136 2377 ἀντὶ
1149 2350 1196 2376 τοῦ
1224 2349 1424 2383 Ἶσραηλίγης,
1442 2346 1598 2380 Ζαραΐτης,
1622 2344 1809 2380 μεταληφθείη
1825 2352 1833 2359 ·

1042 2398 1087 2423 τὸν
1101 2397 1130 2422 δὲ
1150 2396 1251 2427 Αῐθίιν,
1270 2395 1328 2421 ἔνια
1353 2393 1407 2420 τῶν
1430 2393 1606 2427 ἀντιγράφων
1628 2390 1741 2416 Γαιθιὶν
1773 2390 1835 2415 ovo—

200 2444 260 2471 loco
282 2445 347 2476 isto,
373 2444 504 2471 dividitur
521 2445 548 2471 in
561 2445 698 2478 duplicem
714 2453 817 2476 aream,
834 2450 860 2472 ct
879 2446 986 2479 gemina

1076 2442 1136 2474 ὶζει,
1161 2441 1288 2476 διωνύμῳ
1317 2440 1389 2474 τάχα
1410 2439 1516 2473 κλήσει,
1547 2437 1593 2463 τὸν
1624 2436 1706 2462 αὐτὸν
1732 2435 1834 2469 ὑποδη-

199 2490 419 2519 consideratione
433 2490 564 2518 variatur.
590 2489 617 2518 Si
635 2489 745 2520 lEnam.
773 2495 800 2517 et
813 2490 942 2523 Chalcail,
963 2494 990 2517 et

199 2535 314 2563 Cat-data
328 2535 468 2568 exhibeat,
482 2535 618 2573 signiﬁcat
634 2536 761 2570 antiquos
778 2538 812 2563 ob
827 2537 989 2570 sapientiam

201 2581 267 2608 olim
287 2580 410 2608 celebres
439 2580 630 2615 (Egyptiorum
653 2581 797 2616 prophetas
817 2587 879 2608 ante
896 2586 990 2608 natum

202 2625 310 2660 Moysen
324 2634 332 2659 ;
356 2626 458 2660 posteri
475 2631 552 2653 erant
567 2626 646 2658 Z‘ara,
671 2628 718 2662 qui
732 2622 877 2654 Thama‘rts
892 2634 906 2653 e
921 2626 990 2653 Juda

202 2673 272 2699 Iilius
288 2677 346 2699 erat
358 2694 366 2705 ,
395 2675 423 2699 et
447 2672 483 2699 illi
500 2678 598 2708 prtetcr
613 2670 783 2708 prophetiam
812 2678 839 2701 et
852 2674 933 2700 aliam
949 2681 993 2700 sa-

201 2716 341 2750 pientiam,
371 2716 478 2750 ιη·ωῶῑί
500 2722 580 2745 erant
610 2719 727 2746 scicntia
753 2719 887 2754 pangendi
914 2720 993 2751 mlas,

1044 2488 1151 2514 λοῦνται.
1175 2487 1211 2513 Τὸ
1235 2487 1326 2522 μέντοι
1356 2485 1419 2520 ἑξῆς
1446 2484 1492 2510 τοῦ
1531 2482 1631 2518 χωρίου
1661 2481 1708 2507 καὶ
1726 2481 1765 2511 εἰς
1789 2480 1837 2506 δύο

1045 2533 1168 2569 σχίζεται
1189 2533 1285 2566 ἐδάφη,
1305 2532 1351 2558 καὶ
1374 2530 1455 2565 διπλῇ
1471 2528 1639 2555 ποικίλλεται
1665 2526 1778 2560 θεωρία.
1804 2525 1837 2551 Εἰ

1046 2579 1095 2614 μὲν
1110 2578 1163 2612 γὰρ
1174 2578 1256 2604 Δί’ναν
1271 2578 1318 2604 καὶ
1329 2576 1449 2608 Χάλκαδ,
1465 2575 1513 2602 καὶ
1531 2573 1672 2608 Κάρδαλα,
1690 2572 1720 2598 τὺ
1734 2572 1836 2605 ἔδαφος

1045 2625 1215 2651 ἀναπτύσσει
1227 2624 1359 2655 παλαιοὺς
1375 2623 1476 2657 ἄνδρας
1489 2621 1536 2647 ἐπὶ
1559 2619 1641 2654 σοφίᾳ
1665 2617 1837 2652 γεγεννημέ-

1047 2679 1109 2701 νους
1126 2670 1281 2704 ὑποφαίνει,
1296 2669 1322 2696 οἶ
1347 2669 1417 2696 κατὰ
1437 2668 1487 2703 τὴν
1503 2667 1642 2700 Αἴγυπτον
1664 2663 1836 2699 προεφήτευ-

1049 2725 1109 2750 σαν,
1135 2716 1212 2743 οὒπω
1229 2717 1352 2749 Μωσέως
1366 2718 1406 2748 είς
1435 2716 1523 2749 αὐγὰς
1543 2713 1618 2749 ἡλίου
1643 2711 1835 2746 προελθόντας·

861 2809 976 2837 νΑιιιιΕ
993 2808 1194 2838 LECTIONES.

239 2885 249 2911 ί,
266 2887 307 2912 ις.
323 2886 477 2915 κοινωνίαν.
