1873 3063
48 162 93 193 685
530 167 577 197 AD
594 160 891 198 AMPHILOCHIUM
907 168 1080 204 QUIESTIO
1106 170 1188 201 CXV.

1609 172 1662 205 686

48 216 145 251 γονῆςδ¹
157 216 211 250 ἄρα
229 215 284 244 εῐεν
299 215 372 245 οὗτοι
387 218 434 244 τοῦ
450 219 535 254 Ζαρὰ,
547 219 576 251 ὃς
601 221 633 246 ἐκ
647 221 697 256 τῆς
713 213 815 256 Θάμαρ

913 231 924 250 a
947 231 994 251 eos
1017 225 1152 253 naturalis
1169 225 1310 254 inclinatio
1325 226 1452 258 ducebat,
1478 226 1546 254 adeo
1559 232 1588 255 ιιι
1600 228 1662 262 qui-

48 261 140 294 ὲγένεεο
165 263 178 282 ε
203 262 240 296 τῷ
271 263 373 299 Ἰούδᾳ·
400 265 464 298 ἐνῆν
496 265 524 291 δὲ
557 266 649 297 αὺτοῖς
679 268 747 301 μετὰ
773 267 823 302 τῆς

48 307 214 342 προφητείας,
231 309 277 334 καὶ
292 309 343 343 τῆς
357 309 442 345 ἄλλης
453 311 560 345 σοφίας,
576 313 623 338 καὶ
638 313 703 348 περὶ
714 313 823 348 ποίησιν

47 352 137 387 ᾠδώνή
153 353 233 388 φύσις
246 353 368 389 λαχοῦσα
383 355 431 391 τὴν
449 357 607 392 εὐκληρίαν,
622 358 659 390 ώς
675 359 721 385 καί
745 368 821 391 τινας

47 398 214 433 τὼνψαλμῶν
240 401 280 431 είς
298 401 329 427 τὸ
354 401 468 439 ὲκείνῳν
492 403 576 436 ὄνομα
596 404 644 439 τὴν
665 405 822 440 ἐπιγραφὴν

48 444 193 479 ἀναφέρειν.
205 446 273 480 Φησὶ
290 447 436 482 τοιγαροῦν
448 448 464 482 ή
480 448 538 475 θεία
554 449 660 484 Γραφὴ,
671 450 708 482 ὡς
720 451 751 477 οὐ
772 451 821 486 μό-

48 498 85 516 νον
103 490 155 516 τῶν
166 491 255 518 ἄλλων
277 491 441 526 ἀνθρώπων,
452 493 519 519 ἀλλὰ
529 494 576 520 καὶ
585 495 688 520 τούτων
697 496 822 530 Σολομῶν

48 535 143 570 ἐκράτει
157 537 189 572 τῇ
204 537 293 572 σοφίᾳ.
315 538 344 564 Εἰ
361 538 390 564 δὲ
403 539 474 565 κατὰ
489 539 603 573 θάτερον
613 541 667 566 τῶν
681 541 823 576 λογισμῶν

48 578 105 611 εἶδος
128 581 338 616 ἀποκρύψασθαι
367 583 417 618 μὲν
443 583 548 617 λέγοιτο
566 584 694 620 Σολομῶν
714 586 822 621 ἀνθρώ-

48 632 105 656 πους
126 626 240 658 πάντας,
261 627 423 661 σοφίσασθαι
441 628 471 654 δὲ
490 629 537 655 καὶ
561 629 632 664 ὑπὲρ
652 630 748 662 Αἱθάν,
775 630 823 656 καὶ

49 670 108 705 ὑπὲρ
129 672 220 706 Δὶμάν
235 681 242 688 υ
268 673 358 699 ἐκεῖνο
379 675 517 709 προσῆκεν
546 674 656 707 εἰδέναι,
677 676 715 707 ώς
738 675 823 702 Αἰθάν

48 725 72 742 τε
86 717 130 744 καὶ
145 718 236 752 Alpis;
261 719 311 745 οὐκ
325 721 355 746 ὲν
371 720 478 755 μνήμῃ,
495 721 621 756 καθάπερ
638 722 662 747 οἱ
678 722 743 757 περὶ
753 722 823 748 Χαλ-

49 762 98 794 κὰδ,
111 763 270 790 κατέλειπον
294 765 344 799 τὴν
359 765 450 791 αὐτῶν
477 766 634 801 σωζομένην
652 766 747 799 δόξαν*
764 767 821 794 ἀλλ’

49 807 91 833 ὑπὸ
100 809 158 839 τοὺς
171 809 272 840 αὐτοὺς
284 810 406 844 χρόνους,
421 811 450 836 ὲν
461 809 500 843 οἷς
512 812 559 838 καὶ
575 812 701 846 Σολομῶν
711 813 758 838 ἐπὶ
775 821 823 839 σο-

51 853 134 887 etiam
147 854 254 885 πάντας
265 856 434 889 κατέπληττε
446 856 575 890 Θαύματι,
592 857 638 884 καὶ
647 858 734 890 αὐτοὶ,
745 858 824 884 τοῦτο

873 268 934 296 dam
951 269 1047 304 psalmi
1063 278 1158 298 eorum
1176 270 1210 297 de
1224 272 1383 299 nominibus
1402 272 1599 300 inscribantur.
1616 274 1662 300 Ait

872 321 937 348 ergo
968 315 1060 342 divina
1087 314 1237 350 Scriptura,
1266 317 1338 350 quod
1362 316 1506 351 praestabat
1531 318 1661 345 Salomon

873 366 926 385 non
943 359 1026 386 modo
1039 361 1145 387 cwteris
1163 361 1331 392 hominibus.
1349 362 1394 389 sed
1410 366 1436 389 et
1452 363 1522 390 istis.
1545 362 1574 390 Si
1588 363 1662 391 dica-

872 406 918 430 tur
934 404 1064 432 Salomou
1091 406 1242 432 secundum
1258 406 1390 434 utramvis
1410 408 1527 442 speciem
1546 408 1662 435 rationis

873 457 1018 485 superasse
1040 458 1136 478 omnes
1159 452 1312 486 sapientia,
1338 452 1420 480 etiam
1447 458 1474 480 et
1497 453 1597 482 Ethan
1634 457 1662 483 et

873 495 971 522 Eman
989 500 1203 530 praetergressus
1218 506 1225 530 ;
1244 497 1387 525 sciendum
1403 502 1454 530 est,
1470 499 1541 532 quod
1561 499 1660 526 Aithan

872 542 899 566 et
912 538 1011 565 1Eman
1030 546 1084 566 nou
1105 545 1355 567 commemorantur
1370 546 1399 568 ut
1414 540 1533 568 Chalcad
1552 542 1661 576 opinio-

874 590 936 610 nem
961 583 995 610 de
1023 591 1053 610 se
1081 588 1135 610 tam
1163 585 1299 612 celebrem
1325 585 1487 620 reliquisse;
1505 586 1551 613 sed
1567 586 1661 613 eadem

873 633 950 656 aetate
963 637 1016 663 qua
1033 628 1164 656 Salomon
1192 630 1347 657 admirabili
1372 631 1504 666 sapientia
1521 632 1664 666 praecessit

873 682 978 708 omnes,
1001 679 1027 702 et
1041 675 1092 710 ipsi
1108 675 1158 708 illi,
1174 677 1272 710 partim
1288 682 1392 704 natura:
1408 677 1549 710 beneﬁcio,
1561 678 1659 712 partim

874 719 1016 753 sapientiae
1044 719 1147 746 divitiis
1173 720 1244 747 ultra
1276 728 1373 748 omnes
1406 729 1575 756 congeneres
1597 722 1662 748 elati

873 764 1067 791 cernebantur.
1081 763 1141 797 Qua
1155 769 1246 792 autem
1263 765 1315 792 alia
1331 765 1359 791 in
1374 773 1412 797 re,
1440 765 1493 792 nisi
1511 765 1572 797 hac,
1587 765 1661 800 quod

874 810 986 844 gloriosi
1001 818 1016 838 a
1029 818 1093 846 rege
1107 811 1248 838 constituti
1264 811 1291 838 in
1309 811 1438 839 secundis
1450 811 1617 844 ferebantur,
1632 818 1660 839 et

876 857 996 891 undique
1025 864 1080 884 non
1113 857 1239 892 :equaudi
1264 857 1484 892 praedicabantur
1511 866 1518 884 :
1548 858 1663 892 psalmis

50 899 90 932 μὲν
106 900 215 934 μεγέθει
231 900 350 934 φύσεως,
367 902 447 929 τοῦτο
468 902 497 929 δὲ
515 903 609 936 σοφίας
625 903 744 938 πλούτῳ,
766 903 819 930 τῶν

913 903 1052 931 ncineudis
1066 903 1161 938 periti,
1187 911 1269 938 quam
1283 904 1319 930 ob
1331 910 1443 930 causam
1461 907 1540 930 erant
1551 903 1660 930 cunctis

48 944 172 978 ὁμογενῶν
184 946 313 972 ἀπάντων
320 947 500 983 ὑπερέχοντες
510 948 630 983 ώρῶντο.
646 949 700 975 Καὶ
708 949 734 975 τί
746 949 820 980 ἄλλο,

49 988 118 1024 ἦτὴν
129 989 208 1023 δόξαν
233 991 268 1017 δι’
284 989 322 1018 ὦν
343 991 440 1028 ἔφερον
463 993 498 1019 τὰ
515 993 630 1028 δεύτερα
656 993 694 1028 τῷ
718 994 823 1029 βασιλεῖ

50 1036 270 1070 περιφανεστέραν
294 1036 478 1072 ἀνεκήρυττόν
497 1046 538 1071 τε,
561 1037 610 1065 καὶ
632 1039 689 1070 τοῖς
722 1039 822 1074 πέρασι

50 1081 174 1114 περιηχεῖν
201 1081 304 1116 κράτος
325 1080 395 1117 ἦσαν
419 1083 526 1118 ἄμαχον
552 1084 796 1120 ὲμπεριειληᾳότες
814 1093 820 1100 ·

49 1123 174 1160 ψαλμῳδοὶ
182 1126 212 1153 δὲ
223 1128 292 1162 πρὸς
305 1126 344 1159 οἷς
356 1129 551 1164 ἐθαυμάζοντο,
566 1132 622 1162 τοῖς
637 1130 727 1163 ἄλλοις
741 1133 822 1168 ἐχρη-

51 1170 148 1202 μάτιζον
162 1173 212 1199 καὶ
230 1171 302 1200 οὗτοι
316 1174 361 1201 διὰ
375 1175 489 1210 κινύρας
508 1176 556 1202 καὶ
573 1175 672 1207 νάϐλας
688 1177 734 1203 καὶ
749 1185 821 1211 κυμ-

50 1214 126 1243 ϐάλων
133 1217 167 1244 τὰ
181 1217 228 1244 τοῦ
238 1219 304 1245 Θεοῦ
314 1220 452 1255 θαυμάσια
468 1221 665 1257 μελῳδοῦντες;
675 1221 730 1248 Ἦν
744 1222 772 1248 δὲ
782 1222 821 1257 τῷ

51 1261 92 1294 μὲν
107 1263 202 1300 ,Δίθὰν
233 1265 378 1300 πρόγονος,
410 1265 488 1302 οἶμαι
503 1287 511 1300 ,
541 1269 555 1294 ὁ
577 1268 706 1304 Μεραρίι
735 1268 764 1300 ὃς
782 1269 822 1299 εις

876 948 1049 975 admirationi
1068 957 1075 975 :
1090 956 1152 975 cum
1169 948 1220 983 ipsi
1235 948 1356 984 cynaris,
1386 948 1502 981 nabliis,
1531 949 1663 983 cymbalis

876 993 1012 1021 mirabilia
1038 993 1086 1020 Dei
1109 994 1296 1022 decantarent.
1331 993 1396 1021 Erat
1410 998 1512 1025 autem.
1529 994 1662 1027 arbitror,

876 1037 975 1065 Merari
1006 1038 1134 1066 {Ethanis
1164 1039 1333 1074 progenitor,
1363 1039 1410 1074 qui
1437 1040 1517 1066 tertio
1543 1039 1662 1066 ﬁliorum

876 1083 941 1111 Levi
954 1084 1051 1112 ordine
1067 1085 1232 1112 censebatur
1250 1094 1258 1111 :
1289 1084 1388 1112 Eman
1405 1085 1478 1112 ﬁlius
1492 1084 1576 1111 Joelis
1591 1089 1661 1117 erat,

875 1138 960 1165 nepos
989 1131 1127 1166 prophetat
1150 1130 1302 1164 Samuelis;
1330 1138 1411 1166 quem
1442 1138 1520 1158 sacra
1550 1130 1662 1158 oracula

874 1176 999 1210 stirpitus
1014 1175 1083 1202 Core
1097 1175 1248 1210 assignant,
1262 1175 1360 1202 exinde
1380 1183 1428 1210 per
1444 1175 1582 1203 carnalem
1599 1182 1662 1210 pro-

874 1222 979 1257 geniem
1008 1221 1188 1249 descendebat
1222 1221 1332 1249 IEman.
1361 1221 1421 1249 Haac
1453 1222 1485 1249 ad
1514 1221 1660 1257 qumsituut

877 1273 954 1295 tuum
971 1268 1102 1303 primum.

50 1308 182 1359 ἀρίθμησιν
208 1310 264 1338 τῶν
282 1312 385 1340 παίδων
411 1313 458 1340 τοῦ
479 1314 545 1340 Δευῖ
569 1315 664 1350 τρίτην
687 1315 840 1350 ἀνεπλήρου
860 1315 948 1348 τάξιν.
977 1316 1008 1343 '0
1032 1308 1060 1342 δὲ
1083 1315 1173 1350 Δίμάν
1189 1316 1253 1346 παῖς
1269 1315 1318 1350 μὲν
1349 1312 1382 1350 ἦν
1412 1313 1500 1349 Ίωὴλ,
1532 1312 1622 1344 ὑϊδοῦς
1633 1313 1663 1339 δὲ

50 1358 87 1380 τοὺ
104 1358 241 1392 προφήτου
256 1358 400 1393 Σαμουήλ·
417 1359 446 1386 ὃν
480 1360 515 1386 τὰ
537 1361 622 1394 Λόγια
645 1361 685 1392 εἰς
713 1361 762 1396 τὴν
787 1361 858 1397 Κορὲ
879 1362 1008 1388 συνάπτει
1039 1361 1217 1395 συγγένειαν·
1244 1360 1382 1395 ἀνεψιαδοὶ
1415 1361 1443 1387 δὲ
1471 1361 1592 1391 Μωσέως
1615 1359 1662 1385 τοῦ

50 1402 189 1435 νομοθέτου,
203 1405 230 1430 οι
248 1405 312 1439 περὶ
322 1406 404 1441 Κορὲ,
419 1406 489 1433 ὥστε
501 1407 547 1433 καὶ
562 1408 600 1442 τῷ
613 1407 702 1442 Δῑμὰν
712 1407 815 1434 ἐκεῖθεν
833 1407 850 1441 ἡ
874 1407 1018 1442 σωματικὴ
1040 1407 1168 1443 ἀπορροὴ
1188 1407 1236 1433 τοῦ
1269 1407 1375 1440 γένους.
1409 1405 1491 1432 Ἀλλὰ
1521 1405 1585 1440 περὶ
1616 1405 1665 1440 μὲν

51 1447 88 1474 τοῦ
108 1449 213 1483 πρώτου
244 1450 400 1485 ζητήματος
419 1451 514 1479 ταῦτα.

79 1494 124 1521 Τὸν
140 1495 167 1522 δὲ
184 1496 268 1523 Δαϐὶδ
280 1497 353 1530 ἅπαξ
369 1497 446 1531 ἴσμεν
472 1498 629 1534 χρισθέντα,
646 1499 771 1535 δεύτερον
795 1499 823 1526 δὲ

51 1541 254 1577 ἀναγορευθέντα
269 1544 308 1575 είς
319 1543 433 1578 βασιλέα
450 1553 457 1560 ·
478 1545 526 1571 καὶ
547 1545 694 1580 χρισθέντα
708 1545 757 1580 μὲν
771 1544 824 1572 ὑπὸ

913 1496 1042 1524 Davidem
1056 1496 1140 1524 semel
1151 1495 1292 1523 inunctum
1308 1495 1411 1524 scimus
1426 1503 1434 1528 ;
1452 1494 1574 1522 secundo
1586 1494 1663 1521 inau—

877 1548 1004 1579 guratum
1030 1551 1077 1578 per
1105 1542 1235 1577 suﬁ'ragia
1264 1542 1352 1569 tribus
1381 1540 1459 1569 Judce
1487 1541 1515 1568 in
1534 1540 1665 1574 llebron;

52 1586 161 1623 Σαμουὴλ
173 1590 222 1615 τοῦ
237 1591 376 1625 προφήτου
394 1599 400 1606 ·
417 1591 607 1626 ἀναρρηθέντα
626 1592 666 1624 δὲ,
689 1591 822 1628 πρότερον

914 1594 939 1616 st
954 1594 1055 1624 septem
1072 1597 1160 1617 annos
1173 1596 1188 1616 ο
1205 1589 1317 1623 reliquis
1333 1588 1459 1616 tribubus
1471 1587 1665 1615 communibus

54 1633 92 1664 μὲν
108 1634 184 1670 ψήφῳ
206 1636 257 1670 τῆς
289 1636 375 1663 Ἰούδα
391 1637 477 1672 φυλῆς
487 1638 516 1665 ὲν
543 1637 675 1673 Χεϐρών·
692 1637 762 1664 ἑπτὰ
785 1637 824 1676 ,δὲ

54 1681 270 1717 μεταγενέστερον
288 1683 367 1715 ἑτῶν,
379 1683 463 1719 ,παρὰ
482 1683 536 1710 τῶν
559 1683 714 1710 ὑπολοίπων
732 1683 824 1718 φυλῶν

53 1723 91 1758 τὴν
106 1725 245 1760 φθάσασαν
259 1728 351 1763 κρίσιν
368 1728 524 1764 συμφώνοις
539 1730 663 1765 γνώμαις
679 1730 824 1764 ἐπικροτη-

54 1769 150 1799 σάντων.
174 1774 336 1809 Κοινότερον
351 1775 390 1808 δὲ,
412 1775 446 1801 τὰ
464 1775 561 1809 Λόγια,
588 1776 635 1801 καὶ
652 1775 701 1810 τὴν
726 1774 825 1810 προτέ-

55 1822 103 1847 ριν,
118 1817 161 1843 καὶ
174 1819 224 1854 τὴν
239 1818 355 1853 ὑστέραν
372 1819 425 1845 ὑπὸ
448 1820 495 1845 τοῦ
512 1819 631 1855 πλήθους
655 1819 822 1854 ἀνάρρησιν,

53 1860 128 1894 κρίσιν
145 1863 285 1899 ὀνομάζει.
301 1864 440 1890 Βασίλειον
454 1865 546 1899 μέντοι
578 1865 711 1898 στέφανον
730 1864 824 1898 φαίνε-

53 1913 88 1933 ται
96 1909 271 1945 περιθέμενος
285 1910 378 1944 Δαϐὶδ,
391 1911 442 1937 ὅσα
452 1919 484 1944 γε
501 1910 550 1946 ἐμὲ
561 1910 727 1945 μεμνῆσθαι,
742 1909 824 1945 ήνίκα

53 1955 293 1992 προπολεμήσαντος
333 1956 414 1983 Ἰωάὁ
457 1957 485 1983 ὲν
535 1956 636 1990 Ῥεμὰο
669 1955 724 1981 τῶν
757 1954 823 1981 υἱῶν

58 1998 145 2033 ’Λμὼν,
160 2001 210 2036 τὴν
226 2000 352 2036 βασιλίδα
366 2001 455 2034 πόλιν,
480 2002 565 2036 ἐγγύς
593 2010 624 2028 τε
648 2001 823 2036 ἐγκαταστή-

54 2050 134 2077 ααντος
149 2047 195 2073 τοῦ
213 2047 326 2079 ἁλῶναι,
348 2048 461 2078 ἐπιστὰς
485 2048 499 2073 ὁ
527 2048 653 2082 βασιλεὺς
678 2047 756 2078 τέλος
773 2047 824 2072 ὲπ-

55 2089 122 2124 έθηκε
136 2094 167 2128 τῇ
179 2093 334 2128 πολιορκίᾳ·
350 2094 411 2120 τότε
426 2093 607 2128 γάρλάφυρον
622 2093 692 2127 ἔχων
706 2092 751 2118 τὸν
768 2091 826 2118 στέ-

55 2143 122 2167 φανον
134 2138 179 2165 τοῦ
195 2138 311 2174 Μελχὼλ
323 2139 475 2173 (ἑὸασίλευε
491 2139 518 2165 δὲ
532 2139 579 2165 καὶ
597 2139 678 2169 αὐτὸς
705 2138 760 2164 τῶν
778 2137 823 2163 ὲασ

55 2178 185 2217 λωκότων),
198 2185 247 2211 ἆτε
261 2184 293 2218 δὴ
304 2184 364 2210 κατ’
377 2183 460 2210 αὑτοῦ
474 2192 503 2210 τε
520 2184 567 2210 καὶ
582 2183 682 2214 παντὸς
695 2182 742 2209 τοῦ
755 2182 824 2217 πλή-

877 1636 1015 1671 suﬁ'ragiis
1033 1636 1151 1670 priorem
1167 1635 1229 1670 ejus
1242 1635 1403 1662 electionem
1420 1633 1664 1662 conﬁrmantibus:

875 1684 1015 1711 communi
1035 1683 1152 1718 quadam
1180 1683 1285 1709 ratione
1311 1682 1452 1716 Scriptura
1478 1681 1600 1716 priorem
1621 1680 1666 1707 de-

875 1730 1053 1757 clarationem
1079 1733 1106 1756 et
1130 1729 1283 1763 generalem
1308 1728 1335 1755 in
1362 1734 1452 1762 regem
1476 1726 1663 1754 inunctionem

875 1780 963 1803 vocat.
986 1774 1100 1802 Videtur
1121 1774 1204 1801 David
1227 1774 1329 1808 regium
1355 1772 1479 1800 diadema
1503 1772 1556 1799 sibi
1579 1772 1664 1806 impo-

876 1822 976 1854 suisse,
994 1826 1127 1855 quantum
1143 1819 1272 1846 memoria
1287 1818 1353 1845 mihi
1369 1817 1501 1852 suggerit,
1519 1824 1579 1844 eum
1595 1815 1664 1843 Joab

875 1867 945 1901 apud
963 1865 1137 1892 Ammonitos
1159 1865 1258 1892 bellum
1277 1868 1387 1899 gerente
1406 1863 1522 1890 Rematlt
1544 1862 1610 1889 urbs
1622 1869 1665 1889 re-

875 1913 916 1948 gia
933 1915 1086 1946 caperetur,
1112 1911 1159 1938 sed
1178 1911 1252 1945 prius
1268 1917 1349 1944 quam
1371 1908 1441 1937 Joab
1455 1909 1528 1936 illam
1544 1913 1662 1943 caperet,

875 1966 924 1985 rex
939 1965 986 1992 per
1001 1964 1080 1984 suum
1095 1957 1240 1984 adventum
1262 1955 1400 1984 obsidioni
1416 1955 1562 1983 terminum
1576 1955 1664 1989 impo-

875 2003 942 2035 suit,
958 2008 1015 2030 tum
1031 2002 1104 2030 enim
1120 2001 1191 2029 inter
1205 2001 1293 2036 spolia
1306 2009 1438 2029 coronam
1450 2001 1564 2028 Melchol
1579 2000 1662 2034 cepit,

876 2052 903 2074 et
918 2046 1042 2081 regnavit
1058 2046 1115 2080 ipse
1129 2053 1212 2080 super
1230 2045 1371 2080 captivos;
1395 2049 1422 2072 et
1443 2049 1472 2072 ut
1492 2044 1661 2079 splendidam

876 2097 959 2126 atque
975 2092 1115 2119 indubiam
1133 2091 1275 2118 victoriam
1297 2098 1326 2118 se
1341 2090 1464 2118 obtinere
1477 2090 1596 2121 doceret,
1611 2097 1662 2116 suo

876 2137 1058 2165 circumdedit
1084 2136 1166 2171 capiti
1195 2136 1310 2171 lapidem
1344 2135 1493 2171 fulgentem
1524 2135 1662 2170 pretioso,

878 2183 1041 2217 pendentem
1060 2182 1119 2208 auri
1135 2181 1265 2208 talentum
1279 2188 1423 2208 coronam:

55 2224 105 2258 99°C
117 2229 244 2264 ἀδήριτον
269 2230 316 2256 καὶ
327 2229 459 2265 λαμπρὰν
474 2228 550 2264 αὐτῷ
573 2228 825 2264 περιπεποιημένος
844 2228 894 2263 τὴν
907 2228 998 2262 νίκην,
1016 2228 1049 2262 τῇ
1069 2226 1122 2262 ἰδίᾳ
1136 2226 1254 2262 περιῆψε
1269 2226 1387 2262 κεφαλῇ,
1403 2225 1469 2260 λίθῳ
1502 2225 1551 2261 μὲν
1581 2225 1664 2260 τιμίῳ

56 2274 275 2310 περιηνθισμένον,
300 2275 416 2303 ἕλκοντα
432 2275 461 2302 δὲ
489 2275 609 2310 σταθμὸν
635 2275 677 2306 εἰς
694 2274 824 2301 τάλαντον
843 2273 969 2310 χρυσίου.

81 2319 128 2355 Τὴν
142 2321 170 2347 δὲ
195 2321 303 2348 κωλέαν
324 2322 341 2356 ἡ
369 2321 416 2347 τοῦ
439 2321 552 2348 ’Δκύλου
579 2321 684 2353 ἑκδοσις
711 2321 821 2356 κνήμην

913 2320 1024 2347 Κωλέαν
1048 2319 1141 2347 versio
1164 2318 1270 2354 Aquilae
1294 2318 1402 2353 κνήμην
1435 2317 1598 2344 transtulit:
1615 2318 1663 2346 sed

57 2362 201 2400 ἀναγράφει.
222 2366 273 2401 Εἲη
289 2366 312 2392 δ’
327 2366 373 2399 ἂν,
389 2366 584 2401 ἀκριὸέστερον
599 2368 698 2397 εἰπεῖν,
709 2366 804 2397 σκέλος
814 2374 821 2380 ·

57 2407 110 2444 ὅπερ
119 2412 244 2438 καὶδυσὶν
254 2411 358 2447 ἑτέροις
365 2411 480 2447 ὀνόμασι
491 2411 629 2447 δηλοῦται.
642 2413 722 2446 Λέγω
733 2413 764 2448 δὴ
775 2413 823 2449 τὴν

58 2455 198 2492 μετάμηρον
217 2458 320 2492 κωλήν,
333 2458 382 2484 καὶ
398 2457 428 2484 τὸ
444 2458 513 2492 μετά
535 2458 580 2484 τὸν
598 2457 684 2493 μηρὸν
703 2458 824 2494 ἀκροκώ-

57 2498 118 2527 λεον·
132 2503 161 2529 τὸ
175 2504 231 2539 γὰρ
245 2504 293 2538 τῆς
307 2504 415 2539 κνήμης
434 2503 519 2539 δνομα
536 2504 673 2539 διαφόροις
690 2505 823 2540 πράγμα-

58 2553 90 2571 σιν
113 2548 303 2577 ξπιπλανᾶται.
319 2549 437 2576 Εἱώθασι
451 2550 505 2584 γὰρ
528 2549 621 2576 καλεῖν
642 2551 750 2585 κνήμην
777 2551 825 2576 καὶ

57 2590 81 2615 τὸ
93 2591 221 2628 ἔμπροσθε
238 2593 245 2619 i
268 2594 318 2629 μὲν
327 2593 375 2620 τοῦ
391 2594 503 2625 σκέλους
518 2595 557 2625 εἰς
580 2594 633 2629 μῦν
657 2594 822 2630 ἐπηρμένον,

58 2634 134 2674 ὥσπερ
147 2639 176 2666 τὸ
186 2639 299 2667 δπισθεν
317 2641 496 2675 ἀντικνήμιον
510 2648 517 2655 ·
534 2640 584 2666 καὶ
611 2639 677 2667 αὐτὸ
700 2640 728 2666 δὲ
745 2639 824 2666 τοῦτο

58 2681 80 2708 τὺ
91 2685 260 2721 συγκείμενον
284 2686 316 2712 ἐκ
327 2694 358 2712 τε
376 2685 424 2712 τοῦ
440 2686 611 2721 προκνημῗου
629 2685 676 2712 καὶ
697 2686 746 2720 τῆς
769 2692 822 2711 πα-

877 2364 1150 2398 exactiusloquendo
1166 2363 1261 2394 σκέλος
1272 2367 1361 2395 esset;
1382 2361 1454 2396 quod
1470 2369 1519 2396 per
1536 2362 1590 2389 alia
1608 2362 1663 2389 duo

877 2411 989 2438 nomina
1018 2410 1155 2438 indicatur
1187 2419 1194 2437 :
1223 2409 1344 2443 intelligo
1385 2412 1476 2435 autem
1505 2407 1662 2443 μετάμηρον

878 2455 967 2491 κωλὴν
979 2461 1005 2483 et
1018 2455 1085 2490 μετὰ
1102 2454 1148 2481 τὸν
1163 2453 1250 2489 μηρὸν
1263 2453 1447 2489 ἀκροκώλεον.
1464 2451 1566 2480 Nomen
1588 2453 1660 2479 enim

878 2500 944 2528 illud
970 2501 1083 2535 κνήμη,
1115 2499 1143 2526 in
1168 2499 1252 2526 rebus
1274 2498 1359 2525 variis
1382 2497 1547 2532 divagalur:
1573 2498 1662 2525 solent

875 2546 949 2574 enim
964 2545 1106 2573 nominare
1122 2544 1239 2580 κνήμην,
1255 2544 1281 2571 id
1300 2543 1372 2579 quod
1397 2547 1461 2571 ante
1490 2543 1585 2575 σκέλος
1608 2549 1660 2575 cst,

875 2596 902 2619 et
916 2591 950 2618 ad
965 2590 1018 2626 μῦν
1033 2590 1161 2625 pertingit
1178 2599 1185 2617 :
1209 2594 1240 2617 ut
1253 2589 1327 2625 quod
1342 2597 1357 2616 a
1371 2594 1446 2616 retro
1461 2593 1503 2616 est
1519 2589 1663 2616 nominaut

876 2637 1064 2672 ἀντικνήμιον,
1077 2635 1149 2663 Idem
1167 2642 1277 2670 quoque
1295 2634 1395 2662 dicitur
1419 2635 1445 2662 id
1462 2634 1534 2670 quod
1547 2641 1662 2669 compo-

879 2683 953 2713 nitur
966 2691 982 2710 e
996 2682 1179 2718 προκνημῑου,
1194 2687 1220 2710 et
1233 2682 1449 2717 παρακνημίδος,
1465 2689 1519 2709 una
1536 2689 1598 2709 cum
1614 2681 1662 2713 οι)-

692 2787 808 2815 VARle
828 2785 1018 2814 LECTIONES

87 2854 98 2874 ⁸
110 2854 138 2883 C.
156 2856 190 2884 bl.
206 2858 348 2895 ἐγεννήθη.
384 2859 424 2880 b'i
443 2858 504 2886 llaec
519 2858 573 2886 duo
589 2858 668 2886 verba
684 2857 816 2886 tlcsuutin
829 2856 899 2884 Mon.
942 2863 947 2881 ι
968 2856 998 2884 (ὲ.
1018 2856 1052 2883 Μ.
1074 2862 1144 2884 recte
1160 2839 1326 2892 ἔμπροσθεν,
