1873 3063
196 146 248 178 687

771 145 903 175 PHOTII
919 143 1171 174 PATRIARCIL’E
1192 143 1249 172 ΟΡ.

1773 137 1831 168 683

195 201 303 229 velante
317 200 382 228 illud
397 207 490 232 carne,
514 204 542 228 et
555 201 673 228 cuticula
687 220 694 232 ,
722 207 803 235 quam
819 205 897 226 vetns
909 198 984 226 (irae-
1001 203 1021 229 Α
1038 197 1197 232 ρακνημιδος

1080 197 1214 231 ινημίόος,
1230 196 1288 231 ἃμα
1316 194 1366 230 τῆς
1382 193 1584 227 ἐπαλειφούσης
1613 192 1684 220 αὐτὰ
1711 191 1828 226 σαρκὸς,

196 255 289 274 eorum
301 246 392 281 lingua
417 246 466 273 xvi
473 254 526 280 μην
543 251 632 273 vocat.
645 246 781 280 Apposuit
793 253 858 280 ergo
871 245 983 272 Samuel

195 293 301 320 κωλέαν
324 300 417 319 coram
444 292 521 324 Saul,
539 293 578 319 illi
592 293 726 320 honorem
742 296 805 319 autc
822 293 891 319 alios
906 291 984 319 exhi-

196 339 273 370 bens,
297 345 377 372 quem
397 338 644 372 honoremt‘regni
665 338 770 373 insigne
794 339 866 365 velut
889 345 984 365 conse-

195 382 292 414 cravit,
312 382 391 416 quasi
417 382 507 416 ipsum
534 376 672 416 oporteret
700 390 748 416 pro
762 382 862 417 populo
875 382 984 409 labores

196 434 292 453 omnes
310 427 414 458 subire,
430 432 457 453 et
472 426 548 453 adire
557 426 689 461 pericula.
705 426 768 454 Ideo
779 427 983 461 superaddidit:

200 482 208 498 ι
229 471 348 499 Comede
362 472 387 499 id
399 473 472 507 quod
491 472 538 500 tibi
554 473 580 500 in
594 473 778 500 testimonium
797 473 953 507 apponitur.
973 482 982 498 ι

197 518 275 551 Quod
295 520 432 554 sequitur,
449 520 476 546 in
490 520 656 554 quibusdam
671 520 808 547 veteribus
824 520 902 546 libris
917 519 986 553 legi-

199 571 245 592 tur
273 565 349 600 παρὰ
374 565 420 591 τοῦ
447 565 512 592 λαοῦ
550 566 577 592 in
594 566 655 593 aliis
667 566 743 601 παρὰ
759 566 821 597 τοὺς
834 565 940 598 ἄλλους,
963 565 986 592 si

199 611 323 646 legamus
338 612 412 647 παρὰ
432 611 479 638 τοῦ
503 612 578 644 λαοῦ,
603 613 656 639 hoc
679 613 760 639 vult:
788 611 985 639 Tesrimonium

200 654 249 682 tibi
271 655 380 682 exhibui
398 656 583 691 inpraesentia
601 657 692 691 populi
711 664 718 683 :
745 657 802 688 sin,
827 656 904 691 παρὰ
923 656 986 688 τοὺς

200 701 307 733 ἄλλους,
335 709 383 736 per
402 707 506 736 partem
523 702 571 729 tibi
588 703 753 736 praecipuam
770 702 923 737 appositam
938 702 988 728 bo-

200 754 295 773 norem
321 751 384 774 ante
406 748 476 774 alios
499 748 630 775 eximium
643 748 764 775 exhibui.
779 748 846 774 Nam
864 748 987 775 membra

202 792 292 820 bmcce
307 793 430 827 corporis
445 793 519 828 regni
532 801 587 828 pra:
603 801 633 821 se
646 793 890 828 i'cruntimaginem
904 802 911 820 :
924 801 986 820 nam

202 844 232 866 ut
245 840 295 867 ista
309 839 336 865 in
350 847 465 874 corpore
476 839 601 867 breviora
617 844 682 868 sunt
695 847 778 874 quam
792 840 887 873 multa,
901 845 989 867 tamen

204 886 342 914 substrata
357 886 493 912 sustinent
508 885 606 912 molem
622 885 705 913 totius
726 885 870 919 compositi
885 895 892 912 ;
909 886 946 912 ita
963 890 990 923 et

204 931 304 966 regalis
321 931 446 963 iirmitas,
474 936 614 966 utcunque
641 931 667 958 in
686 938 743 958 uno
756 931 849 966 aliquo
869 932 991 967 cmiipri—

204 982 295 1004 matur
308 980 456 1008 coarctata,
483 980 510 1004 et
525 976 565 1003 sic
578 976 697 1009 vacillet.
726 981 816 1004 tamen
833 985 934 1012 corpus
951 982 991 1005 ιο-

204 1024 259 1050 tius
285 1022 442 1056 rcipublicaa
466 1027 637 1057 compactum
663 1023 785 1050 continet
811 1027 838 1050 et
852 1024 991 1050 substrata

204 1073 351 1111 sustentat,
362 1076 412 1096 nec
424 1068 559 1103 permittit
571 1075 631 1096 eam
644 1069 671 1095 in
687 1076 716 1096 se
725 1069 849 1096 collisam
858 1069 990 1104 dill'ringi.

202 1116 253 1143 Ast
261 1115 317 1142 haec
326 1115 451 1142 fortassis
461 1115 547 1142 multo
559 1115 705 1148 curiosius,
716 1122 798 1149 quam
811 1122 860 1141 vox
870 1114 988 1146 εἴδωλον,

203 1161 384 1196 explicantur.
401 1160 441 1188 Tu
458 1165 549 1188 autem
562 1161 655 1188 animo
672 1161 764 1188 valeas
778 1165 860 1195 atque
876 1167 991 1196 corpore

204 1215 255 1234 nec
279 1207 394 1235 ulterius
421 1206 577 1235 istiusmodi
598 1207 633 1236 iis
652 1207 763 1240 oll‘eras,
779 1209 826 1242 qui
839 1211 905 1235 sunt
919 1207 991 1242 apud

203 1252 305 1281 inferos
324 1263 330 1280 :
348 1253 395 1281 sed
408 1253 479 1288 apud
494 1253 556 1281 illos
572 1261 688 1289 expone,
704 1254 804 1288 quibus
818 1254 880 1281 vita:
894 1261 992 1281 cursus

203 1303 243 1325 est
256 1298 290 1326 ad
302 1298 504 1333 benepiacitum
516 1317 523 1331 ,
537 1306 654 1334 quorum
669 1306 756 1332 mens,
772 1299 873 1333 oratio,
893 1305 989 1326 manus

204 1352 257 1372 non
273 1344 442 1372 defecerunt.

247 1487 413 1521 QUESTIO
431 1489 524 1517 CXVI.
545 1489 640 1525 [ϐοίει.
661 1489 743 1517 Taur.
759 1490 938 1526 CXXXVII”

466 1535 512 1562 'De
523 1537 614 1569 putria
631 1536 711 1563 Pauli
718 1551 725 1556 -

1038 244 1085 271 καὶ
1097 244 1147 278 τῆς
1155 241 1327 278 δερματίδος,
1336 242 1369 276 ἢν
1378 240 1482 267 παλαιὰ
1491 239 1541 273 τῆς
1554 238 1680 270 Ἑλλάδος
1695 238 1805 272 γλῶττα
1816 238 1829 257 ι

1038 290 1146 323 κνήμην
1162 287 1301 322 ὀνομάζει.
1318 286 1478 320 Παρέθηχεν
1491 285 1513 311 δ’
1528 284 1575 312 οὖν
1591 286 1606 311 ὸ
1625 283 1753 320 Σαμουὴλ
1775 284 1831 318 τὴν

1038 334 1143 361 κωλέαν
1157 333 1272 360 ἐνώπιον
1286 332 1334 359 τοῦ
1350 332 1436 358 Σαούλ
1449 340 1455 346 ·
1472 331 1557 367 τιμὴν
1573 330 1648 366 αὐτῷ
1663 330 1717 357 τῶν
1738 330 1830 357 ἄλλων

1038 380 1238 416 προαπονέμων
1254 387 1261 394 ·
1276 379 1411 414 σύμϐολον
1422 378 1450 404 δὲ
1465 378 1515 413 τὴν
1535 378 1620 412 τιμὴν
1635 376 1830 411 ἑξοσιούμενος

1038 428 1087 461 τῆς
1100 426 1239 461 βασιλείας
1252 434 1259 441 ·
1273 425 1321 452 καὶ
1346 425 1392 451 τοῦ
1410 425 1465 451 δεῖν
1480 424 1563 451 αὑτὸν
1587 423 1657 458 ὑπὲρ
1685 422 1735 449 τοῦ
1759 421 1830 448 λαοῦ

1039 473 1145 503 πάντας
1160 471 1325 506 ὑφίστασθαι
1346 471 1455 501 πόνους,
1466 469 1513 496 καὶ¹
1534 468 1765 504 προκινδυνεύειν.
1783 469 1831 493 Διὸ

1040 518 1086 545 καὶ
1096 519 1248 552 ἐπήγαγεν,
1273 526 1282 542 ι
1301 516 1384 550 Φάγε,
1407 516 1449 543 ὅτι
1465 516 1506 546 εἰς
1522 515 1674 550 μαρτύριον
1701 513 1825 540 τέθειταί

1040 573 1092 591 σοι.
1114 573 1124 590 ι
1142 563 1178 590 Τὸ
1190 563 1213 590 δ’
1231 563 1342 597 ἑφεξῆς.
1359 562 1419 589 ἔνια
1443 562 1492 596 μὲν
1506 561 1561 588 τῶν
1586 560 1711 587 παλαιῶν
1736 568 1831 594 γραμ-

1042 609 1145 644 μάτων,
1165 618 1174 634 ι
1195 608 1271 643 παρὰ
1288 607 1337 634 τοῦ
1362 606 1448 634 λαοῦ’
1469 616 1479 632 ι
1497 606 1556 632 ἔνια
1571 605 1610 637 δὲ,
1634 614 1643 630 ε
1663 604 1739 639 παρὰ
1764 605 1831 635 τοὺς

1040 655 1147 686 ἄλλους,
1165 663 1173 680 ι
1201 653 1369 689 ὑπαγορεύει
1385 661 1392 668 ·
1407 651 1465 679 ἀλλ’
1480 651 1505 678 εἰ
1527 652 1576 686 μὲν
1591 651 1633 686 εἴη
1651 660 1661 676 ε
1680 650 1757 685 παρὰ.
1782 649 1832 675 τοῦ

1039 700 1116 733 λαοῦ,
1138 709 1147 725 ι
1168 700 1229 727 ἀντὶ
1247 699 1305 731 τοῦ,
1323 698 1454 725 Ἐνώπιον
1467 697 1515 724 τοῦ
1530 696 1596 724 λαοῦ
1610 697 1640 723 τὸ
1654 696 1699 723 διὰ
1725 695 1832 730 μαρτύ-

1042 747 1100 783 ριόν
1122 755 1163 773 σοι
1177 747 1374 782 προσενήνοχα,
1401 745 1532 780 σημαίνει
1543 752 1550 759 ·
1565 744 1629 770 εἰδὲ
1651 752 1660 769 ι
1677 743 1752 778 παρὰ
1767 743 1833 773 τοὺς

1040 793 1147 824 ἄλλους,
1158 803 1167 819 ι
1177 794 1238 819 ἀντὶ
1249 793 1308 826 τοῦ,
1325 792 1481 827 Ἑξαίρετόν
1498 800 1550 822 σοι,
1567 790 1642 826 παρὰ
1655 791 1718 821 τοὺς
1733 790 1833 820 ἄλλους

1041 839 1183 874 προκρίτῳ
1209 839 1299 874 μερίδι
1315 838 1364 873 τὴν
1380 838 1470 873 τιμὴν
1480 836 1582 872 ἀνῆψα.
1612 837 1663 870 Εῖη
1689 836 1712 862 δ’
1736 835 1771 862 ἂν
1797 836 1833 860 τὰ

1044 885 1112 920 μέλη
1125 885 1211 912 ταῦτα
1230 885 1278 911 τοῦ
1296 884 1422 920 σώματος
1446 884 1494 910 καὶ
1517 883 1610 909 εἰκόνα
1636 882 1754 916 φέροντα
1781 880 1832 915 τῆς

1043 931 1191 967 βασιλείας.
1212 931 1319 966 Ὠσπερ
1337 931 1391 965 γὰρ
1419 929 1506 956 ταῦτα
1522 928 1561 964 τῷ
1581 928 1686 963 σώματι
1700 926 1748 953 τοῦ
1760 925 1831 958 ζώου

1043 977 1200 1014 βραχύτερα
1216 976 1322 1003 πολλῶν
1336 976 1427 1011 μελῶν
1440 976 1517 1006 ὄντα,
1530 975 1606 1009 ὅμως
1619 973 1831 1007 ὑπεστήρικται,

1043 1023 1090 1050 καὶ
1103 1020 1288 1055 ἀναδαστάζει
1306 1022 1353 1048 τὸν
1373 1022 1434 1048 ὅλον
1449 1021 1497 1048 τοῦ
1519 1020 1707 1055 συγκρίματος
1725 1018 1810 1052 ὄγκον
1823 1025 1830 1032 ·

1042 1069 1115 1096 οὕτω
1127 1070 1200 1104 καὶὴ
1213 1068 1341 1104 βασιλικὴ
1355 1067 1514 1104 στερρότης,
1529 1066 1619 1093 καίτοι
1633 1066 1675 1099 ἐφ’
1699 1065 1741 1092 ἐνὶ
1752 1063 1831 1098 ἀνδρὶ

1041 1114 1252 1149 συστελλομένη.
1267 1113 1316 1140 καὶ
1332 1113 1484 1139 σαλεύουσα
1510 1111 1621 1146 σύμπαν
1632 1111 1662 1137 τδ
1684 1110 1766 1145 σῶμα
1782 1109 1832 1143 τῆς

1041 1159 1178 1191 πολιτείας
1193 1159 1285 1193 ἀνέχει
1299 1167 1329 1185 τε
1345 1157 1394 1185 καὶ
1408 1157 1546 1192 ὑπερείδει
1560 1163 1567 1170 ·
1585 1155 1634 1182 καὶ
1666 1155 1716 1181 οὐκ
1737 1154 1772 1189 ἑᾷ
1791 1155 1830 1184 είς

1041 1205 1125 1240 αὐτὴν
1151 1205 1318 1231 καταπεσεῖν
1341 1212 1372 1230 τε
1395 1203 1443 1230 καὶ
1465 1201 1711 1238 περιθραυσθῆναι.
1730 1199 1736 1204 “
1749 1199 1832 1226 ’Δλλὰ

1033 1250 1128 1277 ιταῦτα.
1145 1250 1194 1284 μὲν
1209 1250 1286 1281 ῑσως,
1302 1249 1350 1276 καὶ
1366 1249 1460 1283 φωνῆς
1475 1247 1588 1275 εἰδώλου
1610 1244 1831 1282 περιεργότερον.

1043 1295 1079 1322 Σὺ
1094 1295 1123 1321 δὲ
1130 1294 1219 1330 ψυχὴν
1235 1295 1282 1321 καὶ
1297 1293 1404 1329 σώματι
1415 1293 1522 1329 ἔρρωσο
1537 1301 1544 1308 ·
1570 1292 1620 1319 καὶ
1646 1291 1746 1326 μηκέτι
1776 1290 1833 1319 τοῖς

1044 1342 1073 1368 ὲν
1092 1341 1157 1376 ᾅδου
1171 1341 1205 1367 τὰ
1219 1340 1333 1368 τοιαῦτα
1357 1339 1486 1374 πρότεινε
1499 1348 1506 1354 ·
1523 1339 1580 1366 ἀλλ’
1598 1338 1723 1369 ἐκείνοις,
1741 1334 1786 1367 οἷς
1801 1335 1835 1361 τὰ

1045 1391 1115 1416 κατά
1130 1389 1177 1416 τὸν
1189 1389 1246 1424 βίον
1259 1389 1362 1424 εὑροεῖ,
1378 1388 1426 1414 καὶ
1444 1387 1459 1414 ὁ
1474 1386 1548 1419 νοῦς,
1576 1385 1625 1412 καὶ
1641 1385 1666 1411 oi
1680 1383 1769 1418 λόγοι,
1787 1382 1833 1409 καὶ

1045 1436 1074 1462 αἰ
1093 1436 1183 1470 χεῖρες
1196 1434 1227 1461 οὐ
1243 1434 1428 1469 παρείθησαν,

1316 1487 1484 1516 ararum:
1503 1485 1587 1520 mq'.

1242 1535 1311 1570 "cpi
1338 1534 1481 1568 πατρίδος
1505 1534 1638 1561 Παύλου.

637 1592 708 1618 Edita
719 1601 732 1618 a
743 1593 893 1618 Montacutio
904 1595 967 1626 (ep..
978 1594 1033 1625 2&6,
1041 1593 1076 1619 ad
1088 1593 1256 1624 Euschem.,[v
1268 1592 1324 1622 5'17,
1333 1592 1400 1622 578).

241 1644 345 1673 Paulus
360 1645 406 1673 ille
421 1645 531 1674 divinus
549 1647 702 1681 apostolus,
720 1648 766 1682 qui
781 1656 813 1675 ex
826 1648 994 1676 inﬂammato

206 1691 353 1724 desiderio,
367 1696 394 1718 et
408 1699 501 1718 arnore
516 1691 630 1725 Christi,
647 1697 674 1719 ct
694 1693 907 1727 inexsuperabili
923 1701 991 1728 pra:-

204 1735 350 1763 tlicationis
372 1744 454 1763 cursu
480 1737 619 1764 caelestem
648 1737 722 1764 illam
743 1737 895 1765 Jerusalem
912 1746 995 1765 occu-

205 1785 294 1815 patam
318 1788 395 1808 suam
409 1781 483 1814 fecit,
505 1781 620 1816 patriam
636 1781 732 1809 habuit
748 1782 803 1817 jam
820 1782 886 1809 olim
903 1791 918 1810 a
933 1791 993 1810 ma-

202 1826 310 1860 joribus
341 1827 399 1854 suis
426 1829 576 1855 secundum
609 1829 733 1862 corporis
768 1829 992 1864 propagationem

205 1872 310 1900 Giscala
329 1873 446 1907 (viculus
460 1878 502 1901 est
518 1874 562 1901 ille
578 1881 652 1901 nunc
666 1874 693 1901 in
708 1873 803 1901 Judaaa
829 1875 893 1902 olim
914 1875 995 1902 urbe—

204 1919 266 1946 cula
280 1920 453 1954 censebatur)
467 1929 474 1947 :
493 1920 564 1948 bello
582 1925 671 1947 autem
693 1921 816 1948 Romano
832 1921 995 1956 parentibus

206 1965 292 1999 ipsius
307 1973 369 1993 cum
389 1966 526 2000 plerisque
540 1966 602 1993 aliis
616 1967 642 1993 in
664 1967 847 2001 captivitatem
866 1967 995 1995 abductis

205 2009 321 2038 Tarsum
337 2011 499 2044 migrat-unt,
518 2011 562 2039 hic
574 2012 619 2039 ille
631 2012 721 2039 editus
737 2012 764 2039 in
781 2012 868 2039 lucem
883 2012 994 2043 dicitur,

205 2060 232 2083 et
248 2056 342 2090 patria:
357 2056 544 2084 ascribebatur
567 2066 575 2083 :
603 2067 611 2082 ι
628 2056 684 2092 Ego
700 2064 771 2090 sum,
788 2057 857 2084 dixit
870 2057 937 2090 ipse,
955 2058 995 2084 vir

206 2102 328 2134 Jutlmus,
359 2108 437 2130 natus
454 2101 531 2129 Tarsi
546 2103 573 2130 in
585 2102 679 2130 Cilicia
694 2112 702 2130 :
721 2113 730 2129 ι
749 2103 917 2138 benignitate
932 2111 996 2131 vero

209 2149 395 2176 llornanorurn
429 2156 490 2176 cum
517 2149 631 2176 victoria
666 2150 870 2183 contendente,
910 2155 936 2178 et
961 2151 995 2178 ad

207 2193 375 2229 alienigenas
396 2202 425 2222 se
440 2195 614 2228 extendente,
632 2187 771 2223 concessa
800 2196 851 2223 fuit
877 2196 994 2224 facultas

207 2242 305 2276 partim
334 2242 431 2277 gratis,
467 2242 556 2277 pretio
590 2242 689 2277 partim
717 2243 938 2277 transcriptionis
967 2243 993 2270 in

207 2289 374 2316 nobilitatem
391 2294 417 2316 et
430 2289 586 2324 reipublicae
597 2290 753 2317 etnominis
765 2289 993 2324 participandam.

208 2333 274 2362 lliuc
290 2334 404 2367 factum,
428 2340 458 2362 ut
477 2340 604 2370 parentes
619 2335 708 2369 Pauli,
734 2340 762 2363 et
775 2336 832 2370 ipse
849 2343 899 2370 per
913 2336 995 2371 sylla-

206 2381 254 2409 bas
283 2389 406 2416 paucas,
432 2382 583 2410 secundum
610 2382 745 2410 humanas
777 2382 850 2417 leges
878 2382 994 2410 Romam

207 2429 322 2462 patriam
351 2428 517 2460 obtinerent,
545 2432 573 2455 et
598 2428 795 2463 rempublicam
821 2429 992 2455 Ilonlauam:

207 2473 257 2501 boc
271 2478 323 2506 est,
342 2474 413 2508 quod
436 2474 546 2502 divinus
566 2474 611 2501 ille
629 2475 670 2501 vir
685 2474 851 2506 insinuavit,
868 2474 995 2509 inquiens

206 2518 277 2552 apud
295 2518 484 2551 cbiliarcliam,
512 2519 559 2554 qui
587 2519 621 2547 de
641 2519 753 2547 civitate
769 2519 892 2547 Romana
907 2520 997 2555 pretio

206 2564 316 2592 obtenta
331 2565 506 2599 praedicabat,
530 2574 539 2592 ‹
552 2564 609 2601 Ego
622 2571 713 2594 autem
731 2567 800 2594 liber
813 2570 894 2594 natus
913 2566 968 2599 fui;
985 2576 994 2592 ι

208 2608 233 2636 id
261 2613 319 2642 est,
346 2615 420 2638 sorte
450 2617 560 2645 paterna
577 2611 700 2639 Ilomana
715 2612 760 2639 illa
788 2611 906 2639 aliinitas
931 2611 997 2639 mihi

208 2654 329 2690 Contigit,
351 2663 400 2683 nec
419 2656 452 2683 de
466 2662 591 2685 materno
608 2663 687 2685 utero
703 2658 861 2693 vulgaribus
875 2657 998 2692 parenti-

210 2703 260 2728 bus
279 2702 386 2736 genitus
410 2703 438 2729 in
464 2703 550 2732 lucem
579 2705 679 2740 prodii,
711 2705 758 2733 scd
787 2705 832 2740 qui
862 2704 996 2732 beneﬂcio

1080 1648 1183 1679 Παῦλος
1196 1649 1209 1675 ὁ
1225 1647 1295 1678 θεῖος
1305 1646 1466 1678 ἀπόστολος,
1482 1646 1495 1672 ό
1509 1644 1549 1680 τῷ
1560 1643 1684 1679 διαπύρῳ
1699 1643 1777 1678 πόθῳ
1788 1642 1835 1677 τῆς

1045 1695 1086 1726 είς
1099 1694 1218 1729 Χριστὸν
1240 1689 1409 1727 ἀγαπήσεως
1428 1691 1530 1726 καὶ’τῷ
1549 1690 1749 1725 ἅνυπερῦλήτῳ
1775 1689 1835 1725 δρό-

1046 1749 1089 1776 μῳ
1103 1741 1151 1767 τοῦ
1167 1741 1356 1776 κηρύγματος,
1375 1739 1425 1773 τὴν
1452 1738 1510 1765 ἄνω
1541 1736 1721 1772 Ἰερουσαλὴμ
1743 1735 1833 1770 ἑαυτῴ

1045 1786 1267 1821 καταλαϐόμενος
1284 1785 1414 1820 πατρίδα,
1424 1785 1473 1819 τὴν
1486 1785 1519 1810 ὲκ
1538 1782 1662 1810 παλαιῶν
1678 1782 1832 1817 προγόνων,

1045 1833 1093 1858 καὶ
1104 1831 1153 1866 τῆς
1168 1831 1330 1866 σωματικῆς
1345 1831 1479 1864 γενέσεως
1495 1829 1530 1856 τὰ
1548 1829 1669 1864 Γίσχαλα
1694 1828 1792 1863 (κώμη
1810 1828 1836 1854 δὲ

1045 1879 1092 1906 νῦν
1105 1879 1135 1906 τὺ
1145 1880 1245 1914 χωρίον
1259 1881 1308 1915 τῆς
1328 1878 1469 1910 Ἰουδαίας,
1479 1878 1564 1904 πάλαι
1579 1877 1715 1911 πολίχνιον
1726 1885 1836 1911 χρημα-

1045 1925 1135 1959 τίσαν)
1147 1924 1266 1960 πατρίδα
1278 1924 1368 1960 λαχὼν
1384 1922 1440 1959 εῐχε
1457 1931 1464 1938 ·
1479 1924 1517 1959 τῷ
1538 1922 1687 1958 Ῥωμαϊκῷ
1699 1922 1730 1948 δὲ
1743 1922 1835 1957 δόρατι

1044 1969 1099 1996 τῶν
1126 1970 1339 2004 γεννησαμένων
1367 1969 1426 2005 ἅμα
1446 1969 1494 1996 καὶ
1519 1969 1628 2000 πολλοῖς
1656 1968 1762 2003 ἑτέροις
1791 1966 1836 1994 τοῦ

1045 2013 1138 2045 ἔθνους
1158 2014 1378 2045 συνεαλωκότων,
1391 2014 1516 2049 Ταρσοὺς
1535 2013 1609 2048 αὐτῷ
1623 2013 1653 2039 τὸ
1663 2013 1834 2048 συνενεχθὲν,

1046 2059 1074 2086 ὲν
1089 2057 1130 2091 οἷς
1145 2060 1193 2086 καὶ
1210 2060 1259 2091 τὰς
1272 2060 1410 2095 μητρικὰς
1438 2060 1533 2086 ἔλυσεν
1549 2059 1656 2091 ὠδῖνας,
1675 2059 1767 2085 δίδωσι
1787 2067 1834 2084 πα-

1046 2105 1133 2140 τρίδα.
1149 2115 1158 2131 ι
1170 2104 1241 2139 Ἐγὼ
1249 2107 1304 2140 γάρ
1314 2098 1383 2141 εἰμι,
1400 2107 1494 2140 φησὶν,
1505 2106 1575 2140 ἀνὴρ
1591 2105 1727 2137 Ἰουδαῖος,
1742 2113 1835 2139 γεγεν-

1045 2151 1161 2186 νημένος
1173 2152 1202 2178 ὲν
1215 2152 1315 2187 Ταρσῷ
1325 2153 1374 2187 τῆς
1383 2152 1520 2182 Κιλικίας
1532 2161 1541 2177 ι
1553 2149 1613 2178 εἶτα
1625 2152 1675 2186 τῆς
1694 2151 1834 2185 Ῥωμαίων

1047 2198 1212 2233 φιλοτιμίας,
1226 2199 1264 2234 τῷ
1279 2198 1390 2233 μεγέθει
1412 2199 1459 2225 τοῦ
1477 2199 1596 2234 κράτους
1620 2197 1833 2232 παραμιλλωμέ-

1046 2251 1106 2278 νης,
1122 2244 1170 2270 καὶ
1189 2243 1287 2279 μέχρις
1302 2244 1393 2272 αὐτῶν
1410 2244 1465 2270 τῶν
1481 2244 1638 2278 ἀλλοφύλων
1650 2243 1680 2269 τὸ
1697 2243 1834 2278 φιλότιμον

1014 2282 1304 2325 1)καειυτιαιιιει›ούσης,
1333 2291 1372 2322 εἰς
1395 2290 1445 2325 τὴν
1471 2290 1575 2317 τούτων
1608 2290 1759 2323 εὐγένειαν,
1793 2288 1834 2315 καὶ

1048 2336 1100 2372 τῆς
1114 2337 1253 2369 πολιτείας
1267 2338 1315 2364 καὶ
1332 2338 1378 2364 τοῦ
1396 2338 1540 2373 ὀνόματος,
1553 2337 1633 2364 τοῦτο
1658 2337 1708 2372 μὲν
1723 2337 1832 2371 προῖκα,

1048 2383 1168 2410 τοῦτοδὲ
1184 2384 1231 2410 καὶ
1244 2385 1366 2420 χρήμασι
1387 2383 1494 2415 πολλοῖς
1514 2383 1680 2418 ἀναδραμεῖν
1705 2381 1833 2418 ἐχαρίσθη

1048 2430 1161 2462 ἐξουσία
1175 2438 1182 2445 ·
1199 2430 1304 2464 γίνεται
1319 2431 1409 2456 τοίνυν
1427 2431 1460 2456 ἐκ
1474 2430 1569 2456 τούτου
1592 2429 1640 2456 καὶ
1655 2430 1711 2460 τοῖς
1729 2428 1833 2463 γονεῦσι

1045 2476 1093 2503 τοῦ
1110 2476 1256 2503 θεσπεσίου
1274 2477 1382 2503 Παύλου
1406 2476 1551 2507 συλλαϐαῖς
1564 2476 1668 2510 ὀλίγαις
1682 2475 1731 2502 καὶ
1745 2475 1834 2510 νόμοις

1045 2521 1227 2557 ἀνθρωπίνοις
1243 2521 1342 2555 πατρὶς
1358 2523 1375 2557 ἡ
1394 2521 1501 2557 Ῥώμη.
1519 2522 1566 2548 καὶ
1580 2521 1611 2548 τὺ
1632 2521 1779 2556 Ῥωμαίων
1790 2528 1833 2546 πο‹

1046 2567 1171 2601 λίτευμα.
1187 2567 1242 2594 Καὶ
1256 2567 1334 2593 τοῦτό
1344 2567 1429 2600 ἐστιν,
1444 2567 1458 2593 ὃ
1475 2567 1524 2593 καὶ
1534 2567 1549 2593 ὸ
1563 2567 1635 2597 θεῖος
1647 2567 1752 2597 ἐκεῖνος
1768 2564 1833 2599 ἀνὴρ

1047 2613 1241 2648 ἐπεσημήνατο
1249 2611 1336 2646 λέγων
1346 2612 1414 2648 πρὸς
1429 2612 1475 2639 τὸν
1491 2612 1632 2648 χιλίαρχον
1641 2611 1778 2646 αὑχοῦντα
1789 2610 1832 2643 τὴν

1047 2657 1076 2690 ἐξ
1090 2657 1227 2692 ἐμπορίας
1251 2657 1396 2693 Ῥωμαίων
1420 2651 1603 2692 συγγένειανξ
1627 2657 1666 2688 ὡς
1692 2666 1702 2683 ι
1724 2656 1794 2691 Ἐγὼ
1807 2654 1832 2680 δὲ

1050 2703 1097 2730 καὶ
1115 2704 1293 2739 γεγέννημαι,
1315 2714 1324 2731 ι
1344 2704 1406 2731 ἀντὶ¹
1423 2704 1481 2737 τοῦ,
1499 2704 1578 2733 Κατὰ
1592 2704 1693 2741 κλῆρόν
1717 2711 1762 2739 μοι
1782 2709 1829 2728 πα-

845 2805 961 2835 ῪΑΒΙᾸΞ
981 2805 1182 2837 LECTIONES.

246 2860 255 2885 ι
271 2862 379 2900 γλῶσσα
393 2863 468 2892 deest
481 2864 509 2892 in
532 2864 603 2894 Men.
