1873 3063
54 159 105 191 (383

460 158 511 188 AD
530 159 828 191 AMPIIILOCHIUM
847 161 1020 197 QUIESTIO
1036 163 1137 200 CXVI,
1153 163 1268 195 CXVII.

1642 169 1695 203 690

54 213 139 250 τρῷον
154 214 173 249 ή
189 209 332 249 Ῥωμαῖκὴ
346 213 493 248 συγγένεια
510 215 629 247 κάτεισι,
644 217 690 243 καὶ
708 217 758 244 οὐκ
774 217 801 244 tsi

916 218 1088 246 odicillorutn
1107 219 1295 247 Romanorum
1323 221 1357 248 de
1375 230 1471 250 eorum
1483 224 1615 254 aliinitate
1634 227 1693 262 glo—

54 259 160 286 τεύουσι
179 260 235 290 τοῖς
252 259 379 293 γονεῦσιν
402 258 526 293 λαγόνων
554 261 692 296 μητρῴων
711 262 846 297 προῆλθον

52 305 89 335 εἰς
102 303 172 338 φῶς,
191 304 251 331 ἀλλ’
276 304 326 340 ἠδη
352 304 399 330 καὶ
416 303 464 330 τοῦ
497 300 654 339 Ῥωμαϊκοῦ
678 308 734 338 τοῖς
753 307 845 343 γράμ-

53 358 132 384 μασιν
147 350 247 381 αὐτοὺς
261 350 441 385 σεμνύνοντος
457 348 588 382 αἵματος.
606 352 689 379 Ὥστε
713 353 743 378 οὑ
763 353 844 388 μόνον

50 397 93 424 δύο
109 398 253 433 πατρίδες,
268 399 336 434 ὅπερ
348 400 430 434 αὐτὸς
447 400 644 438 ἀμφισϐητεῖς,
662 400 702 435 τῷ
715 401 765 436 τῆς
777 401 842 436 ἀλη-

49 444 120 475 θείας
133 445 310 480 εὑρίσκονται
330 447 427 482 ῥήτορι
445 456 450 462 ·
471 448 529 474 ἀλλ’
557 447 609 482 ήδη
628 446 698 481 πρὸς
724 446 840 478 ταύταις

49 490 90 515 καὶ
104 491 185 525 τρίτη
197 497 205 504 ·
220 489 258 518 ὧν
273 489 314 524 εἷς
331 493 380 528 μὲν
393 494 428 520 τὰ
442 494 575 529 Γίσχαλα,
591 494 620 519 ὲν
634 494 669 528 τῇ
681 493 770 528 μερίδι
793 493 841 519 καὶ

47 537 138 572 δικαίῳ
153 538 205 572 τῆς
214 538 404 574 Βενιαμίτιδος
418 541 505 576 φυλῆς
518 540 688 575 ἀναφέρεται
702 548 708 556 ·
731 541 756 566 oi
767 540 840 575 Ταρ-

896 265 1049 292 riabautur.
1090 265 1127 293 Ita
1140 266 1202 293 dum
1220 268 1324 302 patriae,
1345 269 1379 297 de
1397 272 1450 305 qua
1467 278 1496 298 re
1514 272 1561 299 tibi
1574 278 1692 307 quaestio

895 310 1064 343 instituitur,
1094 311 1218 339 veritatis
1252 313 1289 339 illi
1317 316 1437 348 praeconi
1469 317 1689 352 contingebant;

894 355 941 383 sed
965 359 1024 382 erat
1052 356 1142 383 adhuc
1165 357 1262 389 tertia;
1294 359 1381 392 prima
1399 368 1506 395 nempe,
1525 361 1638 390 Giscala
1661 364 1688 390 in

893 401 965 428 tribu
996 401 1166 436 Benjamiui:
1197 402 1302 432 Tarsus
1343 405 1477 434 beneﬁcio
1502 409 1688 442 captivitatis;

893 447 1017 474 Romana
1048 448 1147 476 civrtas
1175 457 1223 484 per
1246 456 1385 484 parentes,
1398 453 1443 487 qui
1460 461 1544 480 censu
1561 453 1688 484 Romano

892 494 1134 527 describebantnr,
1148 503 1209 530 quae
1223 496 1341 531 dignitas
1356 505 1405 534 per
1422 504 1524 527 sortem
1545 505 1687 535 paternam

893 539 927 566 ad
940 539 1014 566 illum
1028 540 1173 567 transibat.

47 584 84 608 σοὶ
102 584 130 610 δὲ
146 585 197 619 τῆς
214 585 405 620 αἰχμαλωσίας
418 587 506 623 δῶρον
526 588 653 621 ἐγένοντο
666 594 674 600 ·
697 586 833 621 Ῥωμαῖον
853 585 882 612 δὲ
906 585 961 612 τῶν
995 585 1131 613 τεκόντων
1150 587 1169 622 ἡ
1195 588 1236 619 είς
1255 588 1318 620 τοὺς
1349 588 1503 625 Ῥωμαίους
1538 591 1686 628 ἀναγραφὴ

45 631 122 663 ποιεῖ,
136 632 185 657 καὶ
197 631 228 659 τὸ
243 634 379 666 πατρικὸν
389 634 434 660 διὰ
447 634 495 661 τοῦ
511 635 614 670 κλήρου
635 633 774 661 διαϐαῖνον
798 634 838 666 είς
857 633 940 660 αὐτὸν
955 632 1076 668 ἀξίωμα.

307 691 476 718 ΕΡΩΤΗΣΙΣ
490 691 563 720 ΡΙΖ¹.

224 734 259 762 Ἠ
269 736 348 769 αὐτὴ
362 736 473 770 ἀπορία
490 737 540 764 καὶ
557 738 658 770 λύσις.

478 792 548 818 Edita
562 801 574 818 a
588 794 738 818 Montacutlo
750 793 804 825 (ep.
816 792 873 822 247,

73 832 180 868 Ὠσπερ
204 834 219 860 ὁ
235 834 342 867 κλεινὸς
362 835 519 872 Βαρνάϐας,
544 838 576 864 τὸ
599 839 649 873 τῆς
676 838 829 874 πραότητος
846 853 866 880 Β

42 879 80 905 ut
96 879 274 914 συμπαθείας
290 881 328 913 ὡς
343 881 452 916 ἀληθῶς
471 883 580 916 σκεῦος,
598 884 697 918 αἵματι
725 882 830 919 προγό-

41 932 86 949 νων
123 925 255 957 Ἰουδαῖος
279 926 329 958 ὢν,
351 928 476 963 Κύπριον
499 928 530 955 τὸ
550 929 605 956 ἀπὸ
622 929 673 964 τῆς
700 929 831 965 πατρίδος

40 967 106 996 εἷλκε
122 970 224 1004 γένος·
242 973 290 999 καὶ
306 974 320 999 ό
338 973 429 1008 λόγιος
453 975 602 1008 Ἀπολλὼς,
625 977 640 1003 ὀ
663 976 703 1011 τῷ
725 975 830 1011 κηρύγ-

40 1024 96 1049 ματι
116 1017 170 1050 τὴν
196 1017 315 1052 Ἔφεσον
327 1018 444 1053 φθάσας,
476 1021 524 1047 καὶ
541 1021 610 1055 πρὸς
631 1021 682 1056 τὴν
717 1021 829 1056 Ἀχαΐαν

39 1060 137 1093 διαϐὰς,
161 1062 315 1098 Ἰουδαϊκῆς
330 1064 464 1100 ὑπάρχων
478 1065 577 1102 φυλῆς,
605 1067 655 1093 ὅσα
687 1067 728 1098 είς
747 1067 828 1101 φύσιν

39 1107 199 1142 ἀναφέρεται
213 1109 268 1134 τῶν
291 1111 515 1146 γεννησαμένων,
532 1112 577 1139 διὰ
602 1114 652 1147 τῆς
678 1112 827 1148 παροικίας

39 1151 79 1186 τὴν
98 1153 309 1189 Ἀλεξάνδρειαν
332 1156 507 1192 ἐπεγράφετο
531 1158 649 1194 πατρίδα
663 1167 670 1174 ·
685 1158 757 1184 οὕτω
778 1158 826 1184 καὶ

37 1197 48 1222 ὸ
66 1198 134 1233 ἱερὸς
150 1198 271 1232 Παῦλος,
288 1199 318 1232 ἐξ
335 1201 474 1230 Ἰουδαίων
497 1212 527 1229 τε
544 1204 607 1237 φὺς,
637 1203 685 1231 καὶ
709 1205 750 1235 είς
776 1204 825 1240 τὴν

38 1243 206 1279 Βενιαμίτιδα
220 1246 307 1282 φυλὴν
323 1247 489 1283 ἀνηγμένος,
508 1249 632 1285 Ταρσοὺς
658 1250 713 1277 τῶν
729 1251 824 1276 τεκόν-

37 1298 82 1315 των
92 1290 140 1325 τὴν
161 1291 305 1326 Ἑλληνίδα
317 1293 396 1319 πόλιν
410 1294 607 1329 ὲπῳκηκότων,
621 1295 756 1330 ἐκτήσατο
770 1305 823 1323 πα-

36 1335 112 1370 τρίδα.
125 1337 236 1372 Ὥσπερ
246 1337 276 1364 δὲ
288 1338 370 1365 πάλιν
383 1339 397 1365 ὁ
406 1339 555 1375 χιλίαρχος,
570 1341 614 1368 διὰ
627 1341 677 1376 μὲν
688 1341 742 1367 τῶν
757 1341 823 1376 φύν-

35 1388 81 1406 των
91 1382 138 1408 καὶ
151 1381 207 1416 τῆς
220 1383 398 1418 ἐνεγκούσης,
415 1384 452 1416 ὡς
481 1386 654 1422 πορρωτάτω
685 1386 732 1413 τοῦ
754 1386 822 1414 Ῥω-

38 1426 126 1459 μαϊκοῦ
142 1427 267 1454 διίστατο
284 1427 381 1462 γένους
392 1436 399 1443 ·
411 1429 536 1464 χρήμασι
548 1430 586 1458 δὲ.
601 1430 639 1461 ὡς
653 1430 733 1461 αὐτὸς
750 1431 821 1457 ἐκεῖ·

36 1481 72 1503 νος
86 1473 263 1508 διωμολόγει,
278 1475 319 1506 είς
329 1475 379 1510 τὴν
392 1476 505 1502 ἐκείνων
516 1475 642 1502 εὔκλειαν
657 1476 797 1511 ἀνελήφθη
811 1485 818 1492 ·

36 1519 75 1544 καὶ
88 1518 186 1554 ὥσπερ
197 1520 371 1555 ήνΦιλίππων
386 1522 465 1553 πόλις
479 1521 529 1557 τῆς
546 1523 713 1549 Μακεδόνων
733 1524 818 1559 ἐπαρ-
833 1529 855 1560 C

35 1564 86 1597 χίας
111 1566 283 1601 μητρόπολις
310 1564 387 1599 οὖσα,
417 1568 463 1594 καὶ
489 1568 566 1594 οὐδὲν
592 1568 697 1595 δίκαιον
719 1569 820 1604 ἔχουσα

36 1611 94 1645 πρὸς
123 1613 290 1646 συγγένειαν
327 1613 482 1648 Ῥωμαίων,
522 1614 598 1649 ὅμως
628 1615 749 1651 ἠδυνήθη
781 1615 820 1651 τῷ

35 1656 127 1692 ταύτης
150 1658 267 1693 ὀνόματι
284 1657 507 1695 λαμπρυνθῆναι.
533 1660 588 1686 Καὶ
609 1660 662 1695 γὰρ
679 1661 704 1686 oi
728 1660 820 1695 κύριοι

34 1700 76 1734 τῆς
104 1702 263 1737 παιδίσκης,
293 1703 322 1736 ἐξ
339 1701 373 1739 ἦς
402 1704 434 1731 τὸ
465 1703 512 1731 τοῦ
536 1704 663 1737 Πυθῶνος
690 1706 818 1742 ἀπηλάθη

35 1747 141 1781 πνεῦμα,
159 1748 381 1781 ἀγανακτοῦντες
395 1750 466 1776 κατὰ
479 1750 534 1776 τῶν
549 1751 599 1786 τῆς
613 1751 744 1786 ἀληθείας
766 1761 818 1787 κη-

35 1791 125 1824 ρύκων,
141 1794 192 1820 καὶ
216 1795 286 1829 πρὸς
311 1795 374 1827 τοὺς
403 1797 575 1831 στρατηγοὺς
595 1797 722 1830 ἕλκοντες
754 1799 818 1831 τοὺς

33 1839 235 1872 ἀπαλλάξαντας
256 1841 286 1867 τὸ
299 1841 415 1876 πλάσμα
426 1842 474 1868 τοῦ
487 1843 639 1877 δαιμονίου,
652 1844 767 1880 ἐπείπερ
799 1845 816 1880 ἡ

34 1883 156 1917 ϋεραπεία
182 1885 222 1920 τῷ
249 1886 551 1923 πάθεισυναπήλαυνεν
580 1889 672 1917 αὗτῶν
688 1892 736 1917 καὶ
765 1891 815 1926 τὴν

32 1928 167 1966 ἐμπορίαν,
188 1940 197 1956 I
212 1928 294 1958 Οὗτοι
320 1933 344 1958 οἱ
360 1932 513 1968 ἄνθρωποι,
553 1936 649 1969 φασὶν,
678 1936 816 1971 ἐκταράσ-

34 1982 114 2002 σουσιν
127 1977 210 2012 ἡμῶν
233 1977 283 2013 τὴν
301 1978 391 2010 πόλιν,
412 1979 535 2012 Ἰουδαῖοι
556 1980 740 2016 ὑπάρχοντες,
767 1983 815 2009 καὶ

32 2022 254 2055 καταγγέλλουσιν
271 2023 331 2059 ἔθη,
347 2023 366 2051 ἃ
379 2025 430 2050 οὐκ
448 2025 556 2058 ἔξεστιν
570 2027 636 2062 ἡμῖν
660 2028 814 2063 παραδέχε-

33 2065 150 2094 σθαιούὁὲ
173 2070 273 2102 ποιεῖν,
295 2069 442 2105 Ῥωμαίοις
455 2068 541 2098 οὖσιν.
562 2083 570 2098 ι
597 2073 679 2109 Ὁρᾷς
699 2075 774 2106 ὅπως
788 2075 813 2101 οἱ

31 2111 205 2148 Φιλιππήσιοι,
223 2116 257 2150 τῇ
289 2115 433 2150 Ῥωμαίων
458 2118 573 2150 ἑαυτοὺς
602 2119 813 2158 ἐπισεμνὺνουσι

32 2157 124 2193 κλήσει.
136 2160 246 2196 Ὠσπερ
263 2161 292 2187 δὲ
306 2162 398 2194 πάλιν,
412 2162 516 2190 τούτων
528 2163 655 2200 ὕστερον,
677 2165 811 2202 Ἰώσηπος

35 2202 155 2238 Ἐϐραίων
169 2214 199 2232 τε
214 2206 331 2240 γνησίας
346 2208 453 2242 σπορᾶς
463 2207 662 2244 ἐκϐλαστήσας,
680 2210 727 2236 καὶ
738 2210 810 2237 αὐτὰ
826 2205 848 2232 D

33 2250 133 2284 πατρίδα
147 2251 183 2278 τὰ
204 2251 380 2288 Ἱεροσόλυμα
400 2253 622 2290 κεκληρωμένος,
655 2256 685 2289 ἐξ
711 2257 808 2291 ἱερέων

30 2301 52 2319 τε
65 2296 107 2322 καὶ
122 2297 215 2332 lapsi);
238 2297 304 2324 αὐτὸ
322 2298 403 2328 τοῦτο
431 2300 618 2335 χρηματίσας,
638 2301 709 2337 πλὴν
739 2303 808 2338 πρὸς

30 2340 55 2374 τῇ
73 2341 214 2377 Ῥωμαίων
232 2343 341 2378 κλήσει,
364 2344 412 2371 καὶ
425 2345 475 2380 τὴν
493 2346 622 2380 Φλάϐιος
634 2348 808 2383 ἐπεγράφετο

32 2390 226 2424 προσηγορίανδ
250 2390 265 2416 ὃ
287 2390 373 2425 γέρας
398 2392 415 2426 ὴ
439 2391 488 2418 τοῦ
513 2393 722 2421 Οὐεσπασιανοῦ
756 2396 807 2422 ὲπ-

29 2434 119 2468 ωννμία
126 2436 182 2468 τοῖς
197 2435 355 2473 Ῥωμαϊκὴν
372 2437 502 2473 αὐχοῦσιν
516 2439 565 2474 τὴν
577 2440 740 2474 συγγένειαν
753 2442 806 2468 ἐδί-

29 2477 74 2506 ἇῦυ.
99 2481 153 2508 Καὶ
179 2482 211 2508 οὐ
228 2483 310 2518 μόνον
341 2484 478 2519 Ῥωμαῖον
508 2486 590 2512 αὐτὸν
617 2487 664 2514 καὶ
691 2487 806 2515 Φλάϐιον

31 2524 180 2561 ἀναγράφων
196 2527 317 2563 οὐδαμοῦ
335 2529 424 2562 ξενίας
450 2532 465 2557 ὁ
491 2530 623 2566 Ἰώσηπος
637 2533 726 2560 ἑάλω·
743 2535 806 2560 καί·

30 2578 61 2596 τοι
71 2573 172 2600 πολλῶν
199 2574 239 2610 τῷ
255 2575 347 2611 φθόνῳ
371 2577 430 2603 κατ’
456 2577 540 2604 αὐτοῦ
557 2578 709 2613 βαλλόντων
722 2588 730 2595 ·
745 2580 804 2607 ἀλλ’

30 2617 72 2643 ὧδ’
86 2619 197 2654 ἔνδειξιν
211 2622 338 2657 εἰσήχθη.
361 2623 392 2649 El
418 2622 509 2658 βούλει
527 2624 556 2650 δὲ
573 2626 621 2651 καὶ
649 2625 718 2661 αὐτὴ
747 2627 803 2653 τῶν

34 2660 213 2701 Ἰεροσολύμων
245 2667 262 2701 ή
297 2667 385 2700 πόλις,
408 2670 516 2702 γενεαῖς
537 2670 666 2706 ὑστέραις
694 2672 727 2698 ὲκ
752 2673 802 2708 τῆς

34 2708 156 2744 Ἀδριανοῦ
171 2713 366 2749 προσωνυμὶας
382 2714 432 2750 τὴν
447 2714 547 2743 Αἰλίων
559 2717 655 2752 κλῆσιν
669 2718 799 2753 λαχοῦσα,

57 2765 76 2780 ⁸⁸
93 2769 152 2797 Act.
167 2777 224 2803 xvt,
238 2770 284 2799 20.

960 689 1125 723 ρυίεετιο
1140 690 1246 719 cxvu.
1264 691 1360 728 [Οοὶεί.
1375 692 1536 729 αχχχιιη
1553 694 1611 729 (at)

1081 736 1183 764 Eadem
1197 738 1329 765 dubitatio
1345 744 1370 766 et
1384 740 1491 768 solutio.

885 793 915 816 ad
928 793 1054 824 eumdem,
1066 800 1091 824 p.
1103 794 1158 824 5'18,
1169 795 1236 825 280).

916 837 1153 870 Quemadmodum
1184 839 1333 874 praeclarus
1355 839 1401 867 ille
1417 839 1569 873 Barnabas,
1588 843 1677 869 comi-

886 885 952 910 tatis
963 888 991 910 et
1002 884 1201 918 compassionis
1217 892 1277 917 vas,
1301 893 1349 918 per
1365 885 1499 919 majorum
1516 887 1679 921 sanguinem

884 927 996 956 Judwus
1011 934 1081 962 erat,
1095 929 1142 957 sed
1165 930 1252 965 patria
1275 935 1352 959 ortus
1377 931 1467 967 Cypro
1488 940 1495 959 :
1515 937 1542 959 et
1556 933 1679 961 disertus

884 974 928 1002 ille
944 975 1053 1010 Apollo,
1078 977 1125 1011 qui
1142 985 1190 1011 per
1204 985 1282 1004 suam
1297 977 1519 1012 praadicationem
1537 978 1676 1013 Ephesum

882 1022 1038 1056 Occupavit,
1069 1027 1096 1049 et
1107 1023 1171 1050 inde
1186 1024 1295 1051 transiit
1305 1023 1332 1050 in
1345 1023 1489 1058 Achaiam,
1510 1032 1584 1058 cum,
1600 1026 1675 1060 quod

882 1073 1009 1101 parentes
1036 1074 1152 1103 spectat,
1181 1070 1216 1097 de
1239 1070 1312 1097 tribu
1323 1069 1400 1098 Jndte
1417 1075 1500 1104 esset,
1532 1072 1675 1106 provincia

882 1117 972 1140 tamen
988 1113 1173 1142 Alexandrina
1188 1115 1349 1148 oriebatur;
1375 1116 1416 1144 sic
1438 1121 1466 1143 et
1482 1122 1594 1144 sanctus
1606 1117 1675 1145 Pau-

880 1158 933 1192 lus,
960 1167 975 1187 a
989 1159 1092 1188 ludatis
1102 1165 1193 1194 ortus,
1219 1165 1246 1188 et
1263 1161 1295 1188 ad
1313 1161 1586 1197 tribum~Beujamini
1603 1164 1674 1191 rela-

880 1210 932 1236 tus.
948 1213 981 1233 eo
993 1207 1067 1241 quod
1083 1211 1208 1242 parentes
1222 1207 1338 1235 Tarsum
1357 1208 1481 1236 Graecam
1508 1210 1604 1237 urbem
1630 1210 1672 1237 in-

878 1251 1015 1284 colebant,
1043 1260 1103 1280 eam
1131 1253 1184 1280 sibi
1212 1253 1328 1288 patriam
1357 1254 1454 1282 habuit
1479 1263 1486 1281 :
1520 1255 1671 1283 chiliareha

877 1297 970 1324 itidem
999 1305 1046 1332 per
1074 1298 1213 1332 genitores
1243 1306 1309 1326 suos
1338 1304 1442 1334 patrem
1467 1306 1495 1328 et
1520 1305 1636 1328 matrem
1655 1309 1670 1328 a

876 1342 1001 1371 Romana
1026 1344 1133 1380 origine
1159 1345 1318 1379 longissime
1343 1346 1448 1378 aberat,
1478 1347 1525 1374 sed
1541 1348 1604 1374 data
1621 1355 1669 1381 pc—

876 1390 968 1422 cunia,
996 1391 1070 1424 quod
1103 1390 1205 1418 fatetur
1235 1391 1304 1426 ipse,
1334 1392 1361 1418 in
1375 1391 1484 1419 illorum
1501 1393 1669 1420 nobilitatem

874 1435 1066 1464 assumebatur
1083 1446 1089 1464 :
1107 1441 1134 1464 et
1160 1438 1234 1465 velut
1260 1438 1326 1465 urbs
1343 1438 1470 1473 Philippi,
1499 1439 1667 1467 Macedonici

875 1481 1017 1516 regiminis
1045 1483 1215 1517 metropolis,
1246 1491 1298 1511 nec
1322 1478 1481 1511 alIi'uitatem
1495 1485 1590 1512 habuit
1604 1493 1667 1512 cum

874 1526 1006 1553 liotltanis
1023 1528 1106 1555 ullam
1119 1548 1126 1559 ,
1151 1532 1241 1555 lanient
1262 1531 1294 1556 de
1315 1528 1439 1556 lloluauo
1456 1530 1567 1556 notitiae
1579 1531 1668 1564 putuit

873 1573 1005 1600 illustrari
1023 1582 1030 1600 :
1060 1582 1124 1601 nam
1144 1575 1229 1602 herus
1248 1575 1322 1602 illius
1335 1575 1440 1603 ancilla:
1455 1583 1470 1603 e
1485 1584 1539 1610 qua
1551 1576 1667 1610 spiritus

872 1618 1044 1654 Pythonicus
1067 1620 1129 1654 fuit,
1158 1621 1317 1656 indignatus
1337 1627 1431 1649 contra
1448 1623 1571 1664 veritatis
1594 1630 1664 1656 pne-

871 1673 965 1697 coues,
994 1672 1020 1693 et
1035 1667 1147 1694 trahens
1163 1667 1224 1695 illos
1236 1667 1268 1695 ad
1291 1668 1482 1702 magistratum
1499 1668 1664 1703 puniendos,

869 1712 916 1746 qui
942 1715 1095 1739 creaturam
1112 1711 1158 1738 Dei
1188 1720 1204 1739 a
1225 1712 1336 1739 diabolo
1354 1713 1532 1744 liberaverat,
1546 1721 1579 1739 eo
1592 1713 1664 1748 quod

868 1763 917 1790 per
942 1756 1112 1784 curationem
1142 1757 1216 1784 illam
1233 1758 1343 1785 illorum
1364 1766 1475 1792 quoque
1490 1758 1597 1785 lucrum
1614 1759 1662 1785 ab-

868 1802 997 1836 sciderat,
1019 1812 1029 1828 ι
1043 1803 1090 1830 Isti
1107 1804 1241 1836 homines,
1259 1805 1399 1839 inquiens,
1410 1812 1474 1832 cum
1495 1806 1551 1832 sint
1565 1804 1662 1836 Judaei,

868 1853 989 1876 nostram
1016 1850 1181 1877 conturbant
1205 1850 1356 1881 civitatem,
1378 1856 1406 1878 et
1425 1852 1556 1886 quasdam
1584 1853 1664 1880 nobis
1691 1853 1698 1860 '

866 1894 1018 1921 obtrudnnt
1052 1895 1285 1928 consuetudines,
1321 1904 1390 1930 quas
1428 1897 1574 1924 admittere
1605 1906 1660 1924 non

866 1940 1011 1973 debemus,
1046 1949 1108 1968 cum
1146 1942 1262 1968 Romani
1289 1942 1377 1970 simus
1397 1943 1432 1970 ⁸⁸.
1459 1953 1467 1968 ι
1504 1943 1587 1970 Vides
1616 1943 1662 1971 hic

864 1986 1055 2021 l’hilippeuses
1089 1987 1170 2014 titulo
1200 1995 1229 2014 se
1258 1988 1383 2015 “onmno
1409 1989 1594 2017 venditantes.
1625 1989 1659 2017 Et

865 2038 927 2068 post
951 2041 982 2060 ea
1010 2038 1144 2068 tempora.
1172 2033 1310 2069 Iosephus
1334 2043 1349 2062 a
1376 2034 1491 2063 Iudaica
1509 2037 1660 2072 propagine

864 2079 982 2114 genuina
1001 2080 1120 2114 genitus,
1141 2085 1168 2108 et
1195 2081 1310 2115 patriam
1328 2082 1443 2109 sortitus
1465 2081 1628 2114 Jerusalem,
1645 2091 1662 2110 ο

863 2127 1036 2154 sacerdotum
1068 2127 1153 2161 stirpe
1175 2127 1305 2154 sacerdos
1335 2128 1393 2162 ipse
1410 2148 1418 2161 ,
1465 2132 1556 2155 tamen
1583 2137 1660 2156 more

865 2174 990 2200 Romano
1020 2172 1129 2200 Flavius
1157 2173 1299 2200 dicebatur
1324 2183 1332 2201 ;
1367 2182 1450 2209 quem
1479 2175 1518 2201 illi
1545 2175 1659 2202 honoris

864 2219 991 2250 titulum,
1021 2219 1182 2254 Vespasiani
1210 2228 1367 2254 praenomen
1395 2220 1480 2253 dedit,
1509 2229 1571 2248 cum
1601 2221 1659 2250 illis

863 2269 1051 2295 communem,
1082 2266 1130 2300 qui
1165 2266 1404 2302 consanguinitate
1430 2274 1493 2294 cum
1523 2266 1657 2294 Romanis

862 2311 1064 2339 efferebantur?
1091 2311 1146 2339 Nec
1157 2311 1287 2347 Josephu,
1303 2313 1349 2347 qui
1368 2312 1523 2339 Romanum
1547 2318 1574 2339 et
1591 2312 1654 2339 Fla~

861 2357 936 2384 vium
957 2357 1127 2392 indigitabat,
1147 2358 1236 2385 dicam
1249 2358 1332 2393 aliqui
1351 2357 1441 2391 ξενίας
1466 2358 1651 2393 inscripsere;

858 2411 921 2430 cum
948 2408 1038 2430 tamen
1065 2412 1099 2431 ex
1116 2405 1217 2432 invidia
1239 2405 1277 2431 illi
1303 2406 1396 2440 plures
1419 2405 1651 2437 adversarentur;

858 2449 907 2476 sed
923 2456 973 2476 nec
981 2449 1138 2484 rapiebatur
1152 2450 1211 2477 κατ’
1221 2450 1347 2484 ἔνδειξιν,
1363 2451 1397 2478 ad
1407 2451 1502 2485 judicii
1514 2450 1649 2479 tribunal:

858 2503 954 2522 verum
976 2500 1003 2523 et
1033 2495 1091 2530 ipsa
1126 2498 1191 2524 urbs
1226 2496 1494 2532 llierosolymitaua,
1522 2498 1649 2532 sequenti

857 2541 969 2574 seculo,
1002 2542 1036 2569 de
1062 2543 1174 2570 Adriani
1199 2544 1309 2570 nomine
1328 2542 1409 2570 Aﬂliae
1422 2544 1501 2570 titulo
1515 2543 1647 2578 insigniu-

858 2587 955 2620 batur,
981 2593 1009 2616 et
1037 2597 1122 2624 genus
1149 2590 1202 2618 hoc
1228 2595 1307 2625 pacto
1338 2590 1464 2618 indutum
1490 2590 1646 2618 Romanum

856 2633 1039 2661 communiter
1066 2642 1174 2669 semper
1204 2635 1364 2662 vocabatur.
1406 2634 1643 2668 Quemadmodum

854 2682 946 2706 autem
973 2679 1018 2707 isti
1031 2688 1137 2712 omnes,
1159 2681 1269 2708 natione
1284 2687 1310 2709 et
1324 2682 1413 2716 putria
1433 2689 1496 2708 cum
1513 2682 1661 2719 alicnige-l

854 2731 896 2751 na:
920 2731 1024 2759 essent,
1049 2727 1074 2753 in
1089 2727 1227 2755 civitatem
1252 2727 1404 2756 Romanam
1420 2727 1499 2755 asciti
1520 2727 1645 2761 fuerant;

771 2809 887 2838 NOTAE.

56 2846 105 2879 (Ἦ)
119 2848 180 2877 Haec
190 2856 304 2885 ηυεοειιο
317 2853 342 2880 in
356 2853 416 2881 cod.
439 2853 550 2881 Taurin.
568 2854 658 2882 iudice
678 2863 731 2882 non
745 2864 794 2882 nu-

30 2886 133 2911 meratur
143 2893 152 2918 ;
161 2885 222 2914 inde
234 2887 538 2931 aCoislinianodili'ert,
549 2898 612 2918 cum
628 2898 681 2927 quo
695 2892 722 2919 in
736 2899 788 2919 utt-

848 2865 923 2920 mer?
934 2862 961 2886 et
975 2859 1071 2888 ordine
1083 2860 1155 2888 circa
1169 2860 1218 2889 I58
1233 2862 1338 2897 priores
1347 2865 1515 2899 quzestioncs
1527 2874 1645 2894 couseu—

848 2900 907 2920 sera
923 2913 930 2920 .

845 2900 930 2921 serat.
