1873 3063
207 159 256 192 691

780 169 914 199 ΡΗΟΤῘΙ
930 170 1185 201 PATRIARCII/E
1205 171 1261 202 ΟΡ.

1787 176 1842 207 ίῖ92

207 216 247 242 sic
263 219 290 242 ct
306 216 375 243 beati
392 217 466 244 Pauli
486 223 611 252 parentes
625 228 687 248 cum
703 222 785 249 vitam
795 231 872 250 suam
883 229 989 259 agerent

1082 225 1244 259 μοποιητδν.
1261 226 1299 258 ὠς
1314 226 1398 260 φάναι
1413 227 1443 254 τὸ
1458 226 1535 261 ἔπος,
1551 227 1582 254 τὸ
1597 228 1743 264 Ῥωμαίων
1760 231 1841 264 γένος

207 261 303 287 nonin
328 261 442 289 obscura
468 269 547 298 gente
566 264 734 300 Iuda-orum,
765 268 812 295 sed
835 269 994 296 ultra'com-

206 315 314 334 munem
342 309 514 342 popularium
534 315 635 338 sortem
650 312 726 347 digni
744 313 926 346 habebantur,
944 315 992 350 qui

205 352 328 379 tribubus
357 353 487 382 Romanis
518 355 628 390 ascripti
665 363 692 384 ct
724 359 854 387 societate
897 368 992 387 eorum

203 398 352 431 gauderent
371 408 377 424 :
398 399 498 427 Paulus
525 403 674 435 prudenter
691 405 774 433 sortis
795 411 914 441 paternae
930 415 992 435 suc-

202 443 367 476 cessionem,
387 449 414 472 et
437 446 605 474 nobilitatem
619 449 651 476 ad
669 457 698 476 se
714 458 728 477 a
745 452 903 485 parentibus
919 453 992 480 deri—

202 493 292 515 vatam
313 497 366 516 non
384 490 535 525 ignorabat.
560 493 690 529 Deinceps
708 495 790 531 igitur
806 497 853 524 tibi
868 505 943 525 curae
957 499 993 526 sit

202 540 258 560 non
288 535 369 562 modo
401 536 480 564 dubia
507 546 669 573 proponere,
695 541 740 568 sed
770 546 798 568 et
827 543 992 577 peculiarem

202 579 312 607 illorum
341 581 506 610 solutionem
540 591 692 619 acceptare,
720 591 747 614 et
766 587 810 615 illa
831 593 992 616 contentum

202 633 263 653 esse
292 635 299 652 :
330 635 393 654 nam
415 629 439 656 si
468 630 530 664 quis
560 631 717 660 dialecticas
747 635 927 668 quzcstiones,
958 636 993 662 ab

203 671 375 704 immediatis.
391 675 523 709 ctprimis
539 681 566 703 ct
580 677 647 703 καθ’
660 678 728 705 αὐτὸ
743 685 858 707 conetur
874 681 991 715 solvere,

202 716 323 745 ludibrio
334 719 488 752 habebitur.
499 730 550 749 nec
559 724 692 751 mendacii
706 725 817 760 ell‘ugict
832 727 967 754 actionem
980 736 988 761 ;

201 768 229 789 ct
259 763 283 790 si
311 765 373 799 quis
406 766 434 792 in
461 767 604 796 rhetoricis
632 770 741 805 regulas
767 771 948 799 elementares
961 778 991 801 ut

202 811 371 838 necessarias
397 812 536 847 requirat;
568 815 590 841 si
620 815 647 842 in
667 816 869 845 mathematicis
882 818 992 852 politica

201 856 369 883 theoremata
388 863 414 885 et
428 860 612 894 superﬁcialcs
625 862 815 895 persuasiones
831 862 857 890 in
870 863 990 891 medium

1045 270 1138 297 ὑπέδυ.
1151 271 1257 305 Ὥσπερ
1268 271 1315 298 οὖν
1323 269 1395 299 οὗτοι
1410 273 1520 306 πάντες,
1534 273 1627 305 ἔθνους
1642 276 1689 301 καὶ
1707 277 1841 310 πατρίδος

1044 315 1122 347 ὄντες
1136 317 1288 352 ἀλλόφυλον
1305 317 1326 349 ι,
1343 319 1382 350 είς
1398 319 1447 354 τὴν
1469 319 1626 356 Ῥωμαϊκὴν
1646 321 1774 348 ἐτέλεσαν
1790 331 1840 348 πο-

1044 361 1226 397 λιτογραφίαν
1243 371 1250 379 ·
1268 363 1340 390 οὓτω
1365 365 1412 391 καὶ
1436 365 1462 391 οἱ
1487 365 1533 391 τοῦ
1554 366 1702 393 Θεσπεσίου
1729 368 1839 395 Παύλου

1045 409 1143 441 γονεῖς,
1159 409 1209 435 οὐκ
1225 410 1253 436 ὲν
1264 409 1303 444 τῷ
1315 409 1439 445 λεληθότι
1453 411 1503 446 τῆς
1525 411 1676 448 Ἰουδαϊκῆς
1695 413 1836 445 πολιτείας

1046 453 1179 487 βιοῦντες,
1198 454 1265 481 ἀλλὰ
1280 456 1327 481 καὶ
1338 455 1392 482 τῶν
1403 456 1509 482 πολλῶν
1521 457 1628 492 ἔχοντες
1639 466 1665 484 τι
1680 458 1773 488 πλέον,
1788 459 1840 493 τῆς

1052 498 1214 534 Ῥωμαῖκῆς
1228 501 1347 536 φατρίας
1365 501 1478 536 φυλέται
1487 501 1532 528 διὰ
1542 503 1592 536 τῆς
1605 503 1750 538 ἐγγραφῆς
1763 505 1839 538 ὲκρὶ-

1048 545 1136 579 θησαν
1153 546 1202 572 οὐκ
1215 546 1320 580 ἀνάξιοι
1334 548 1503 582 χρηματίσαι
1514 557 1522 564 ⁸
1546 549 1576 580 ὲξ
1590 545 1621 575 οὗ
1647 550 1694 576 καὶ
1710 550 1724 575 ό
1756 550 1839 583 σοφὸς

1046 589 1155 621 Παῦλος
1170 587 1296 626 διαδοχῆς
1320 592 1415 627 κλήρῳ
1442 593 1492 628 τὴν
1526 593 1670 628 Ῥωμαίων
1693 595 1838 628 εὐγένειαν

1045 635 1180 670 πατρόθεν
1195 636 1269 672 αὐτῷ
1282 637 1429 664 κατιοῦσαν
1440 638 1489 664 οὒκ
1507 639 1608 673 ἠγνόει.
1626 639 1663 666 Τὸ
1674 640 1769 666 λοιπὸν
1785 649 1840 675 μη-

1047 681 1106 708 κέτι
1119 690 1161 708 σοι
1187 682 1217 708 τὸ
1238 683 1351 718 ἀπορεῖν
1368 684 1469 717 μόνον·
1485 684 1554 711 ἀλλὰ
1579 685 1648 712 πολὺ
1674 686 1777 721 μᾶλλον
1804 688 1836 713 τὸ

1043 727 1184 762 ἐπιζητεῖν
1198 728 1229 754 τὸ
1253 729 1353 755 οἰκεῖον
1367 729 1423 756 τῶν
1441 729 1558 763 λύσεων,
1580 732 1628 757 καὶ
1650 732 1762 766 ἀγαπᾷν
1776 733 1839 758 ἐπι-

1045 773 1140 808 μέλεια
1160 774 1288 808 γινέσθω.
1310 775 1417 810 ’Ὥσπερ
1433 776 1488 811 γὰρ
1503 776 1530 802 εἴ
1540 785 1582 808 τις
1596 777 1630 803 τὰ
1653 777 1724 804 κατὰ
1747 778 1840 804 διαλε-

1044 820 1143 855 κτικὴν
1157 820 1316 856 ζητήματα,
1340 821 1370 854 ἐξ
1389 823 1502 856 ἀμέσων
1516 832 1547 850 τε
1575 824 1622 850 καὶ
1645 823 1765 857 πρώτων
1788 825 1839 851 καὶ

1043 864 1097 901 τῶν
1112 864 1172 890 καθ’
1184 865 1262 897 αὐτὸ,
1283 865 1402 900 πειρῷτο
1417 866 1607 898 διαλύσασθαι,
1631 867 1719 897 διδοὺς
1734 866 1766 892 τὸ
1789 875 1840 901 γε-

201 901 324 934 proferre
341 904 467 937 voluerit,
490 913 525 933 ne
557 907 621 941 quid
651 907 752 935 ftedins
768 908 870 942 dicam,
891 909 929 936 ita
949 914 989 937 est

1077 911 1126 942 iov,
1142 910 1202 936 οὐδὲ
1216 911 1266 945 τὴν
1277 910 1324 936 τοῦ
1339 911 1454 946 ψεύδους
1470 911 1549 947 δίκην
1560 912 1704 946 διαφεύγει
1716 920 1723 926 ⁸
1738 900 1838 939 καὶγὲν

200 952 227 973 ct
244 947 304 979 hic;
324 950 383 981 sed.
402 955 430 977 et
443 951 466 978 si
477 952 539 986 quis
555 952 636 979 etiam
652 953 798 981 historicas
811 955 993 988 quaestiones,

200 999 255 1019 non
272 1001 304 1020 ex
328 994 441 1022 historia
460 997 508 1024 sed
525 998 635 1025 aliunde
644 999 744 1031 solvat,
760 1007 813 1026 non
827 1004 869 1027 cst
883 1008 994 1036 speran-

199 1037 263 1064 dum
293 1047 375 1073 posse
401 1041 477 1069 illum
507 1044 540 1070 ad
564 1043 723 1072 historicam
748 1046 892 1073 veritatem
925 1054 989 1081 pcr-

199 1085 308 1118 venire;
322 1085 358 1113 ita
371 1093 398 1114 et
414 1087 469 1115 hic.

1045 956 1176 991 ῥητορεία
1190 957 1354 991 γραμμικὰς
1367 958 1380 983 ὁ
1395 957 1520 984 ἀπαιτῶν
1537 958 1672 992 ἀνάγκας,
1688 959 1736 985 καὶ
1752 959 1766 984 ὀ
1783 959 1838 985 τῶν

1044 1002 1113 1028 κατὰ
1129 1002 1164 1028 τὰ
1189 1002 1339 1038 μαθήματα
1355 1003 1545 1039 θεωρημάτων
1568 1004 1711 1035 πολιτικάς
1742 1013 1771 1030 τε
1790 1004 1838 1031 καὶ

1044 1048 1224 1081 ἐπιπολαίους
1238 1049 1346 1081 πίστεις
1365 1050 1512 1084 ἐπιχειρῶν
1535 1049 1714 1085 προκομίζειν
1744 1040 1837 1085 παρα-

1044 1093 1160 1127 πλήσιόν
1177 1102 1214 1124 τι,
1248 1094 1292 1120 ἵνα
1322 1094 1359 1129 μὴ
1378 1093 1618 1129 ἀσχημονέστερον
1640 1094 1720 1124 εῐπω,
1749 1101 1837 1121 κατα-

196 1129 333 1164 λαμϐάνει
347 1139 354 1146 ·
365 1132 412 1158 καὶ
426 1133 488 1164 τοὺς
505 1133 562 1160 ὅσοι
577 1133 631 1159 τῶν
645 1134 707 1162 καθ’
721 1135 844 1171 ἱστορίαν
861 1136 1028 1171 ζητημάτων
1061 1138 1112 1171 οὐχ
1145 1140 1301 1174 ἱστορικῶς,
1326 1139 1385 1166 ἀλλ’
1420 1139 1450 1171 ἐξ
1473 1140 1568 1175 ἐτέρου
1597 1139 1705 1174 γένους,
1739 1139 1838 1166 ἐλπίδα

198 1177 351 1211 ἀνέχουσιν,
366 1180 406 1210 εις
424 1179 543 1214 μάθησιν
557 1180 644 1207 ἐλθεῖν
659 1181 709 1216 τῆς
721 1182 862 1217 ἀληθείας.

197 1223 363 1258 ρυΑῑδτιο
375 1224 491 1253 cxvul.
516 1226 611 1262 ισοεει.
626 1227 705 1261 exL,
736 1228 990 1265 Taur.CXXXlX.]

373 1271 427 1299 Cur
437 1273 606 1300 circumcisus
622 1278 661 1300 est
676 1273 820 1303 Christus?

1309 1226 1479 1253 ΕΡΩΊῊΣΙΣ
1494 1227 1570 1253 PIH’.

1193 1273 1246 1301 Διὰ
1260 1273 1289 1300 τί
1303 1268 1488 1308 περιετμήθτί
1499 1275 1514 1300 ό
1543 1273 1670 1307 Χριστός
1683 1281 1694 1305 ;

580 1330 650 1355 Edita
663 1339 676 1356 ι
687 1331 838 1357 Montacutio
849 1333 901 1364 (ep.
917 1332 974 1363 ΜΘ,
989 1333 1021 1357 ad
1031 1333 1120 1364 Georg.
1131 1331 1271 1362 Nicomed.,
1283 1338 1306 1362 p.
1322 1330 1448 1360 380-585).

231 1380 409 1410 Profunditas
424 1383 525 1411 divina:
537 1384 730 1416 Providentiae,
748 1392 797 1420 per
811 1393 893 1420 quam
909 1385 989 1413 Jesus

196 1427 324 1455 Christus
338 1429 407 1456 Deus
421 1434 514 1466 noster
529 1430 556 1456 in
569 1438 652 1458 carne
667 1439 716 1458 sua
728 1431 988 1465 circumcidcbatur,

196 1473 224 1500 in
238 1473 405 1508 judiciorum
414 1475 543 1510 abyssum
556 1477 988 1512 impervestigabilemlnnnanam

196 1525 410 1554 exsuperantem
441 1521 635 1557 cogitationem
660 1522 832 1558 immergitur
859 1532 866 1550 :
895 1524 948 1551 hoc
972 1531 988 1551 ο

196 1566 318 1594 doctrina
335 1566 474 1595 beatorum
492 1568 602 1595 Patrum
624 1573 775 1603 acceptum;
795 1569 914 1604 denique
936 1570 987 1604 ipsi

197 1615 230 1642 ad
250 1614 432 1648 cognitionem
459 1614 639 1653 cogitationes
656 1618 766 1642 nostras
782 1619 986 1648 convertentcs,

197 1667 394 1695 cognoscemus
405 1667 459 1686 non
473 1667 532 1687 esse
543 1659 652 1694 penitus
668 1660 814 1688 insolubile
829 1669 836 1687 τ
851 1660 987 1695 imprimis

197 1705 270 1732 cnim
291 1712 355 1732 caro
371 1705 410 1732 illi
430 1705 688 1738 circumcidehatur,
712 1705 746 1732 ad
764 1705 986 1740 redarguendum

197 1759 244 1779 ros
273 1751 319 1786 qui
345 1750 427 1778 Vetus
455 1751 662 1778 Testamentum
693 1751 931 1786 blasphemabant,
961 1756 988 1779 et

174 1829 179 1835 Ι
196 1797 324 1825 ‹·οηνίιίἰε
350 1796 532 1832 legislaloretn
549 1797 797 1831 prosequebantur.
827 1796 896 1824 Cum
911 1797 986 1824 enim

196 1841 433 1869 circumcisionem
444 1842 479 1869 ibi
490 1842 654 1875 institutam,
670 1841 742 1876 quod
754 1849 852 1877 negare
864 1850 916 1868 non
925 1849 988 1876 pos-

196 1892 277 1920 sunt,
303 1887 325 1914 is
352 1887 466 1919 subiret.
487 1886 534 1921 qui
558 1886 663 1918 bonus,
693 1891 721 1913 et
744 1886 815 1914 Deus
841 1887 986 1920 existebat,

197 1938 290 1968 aperte
322 1937 415 1968 patet,
458 1933 544 1968 legem
585 1932 619 1959 de
657 1932 867 1959 circumcisione
898 1931 988 1959 feren-

198 1986 251 2007 tem
272 1984 298 2007 el.
321 1980 424 2006 bonum
451 1987 562 2014 quoque
583 1987 655 2011 esse,
676 1983 704 2006 ct
729 1979 794 2006 boni
827 1979 986 2013 largitorem

197 2028 291 2059 fuisse,
312 2027 445 2061 ejusdem,
466 2027 547 2060 cujus
572 2026 611 2053 illi
637 2031 725 2058 erant,
753 2026 916 2061 participem
934 2034 986 2053 na-

195 2078 274 2100 tttrm.
291 2072 350 2099 Non
366 2073 439 2099 enim
459 2073 482 2100 si
497 2064 562 2107 quis
581 2080 615 2100 ex
630 2072 758 2107 opposito
778 2072 887 2103 fuisset.
906 2072 985 2098 boni-

199 2119 264 2146 tatis
280 2118 341 2145 fons
357 2118 390 2145 ab
404 2118 463 2153 ipso
479 2123 568 2152 guttas
583 2118 689 2153 aliquas
702 2118 736 2145 de
752 2125 835 2144 carne
848 2117 987 2145 distillati-

197 2170 237 2192 tes
264 2165 445 2192 ostenderet:
474 2165 623 2199 quocirca,
660 2168 689 2191 ut
726 2164 846 2199 patentia
889 2169 985 2192 contra

197 2212 302 2239 Patrem
319 2219 377 2244 ora,
390 2211 431 2237 vel
448 2215 543 2238 contra
558 2210 656 2238 Filium
675 2210 832 2245 blaspheme
847 2210 986 2246 loquentia

195 2259 337 2285 obturaret
351 2259 374 2292 (ι
385 2257 483 2285 Omnia
498 2257 572 2284 enim
588 2257 677 2284 Patris
695 2255 758 2283 Filii
774 2260 850 2290 sunt,
876 2263 907 2283 ea
924 2263 985 2291 qua:
1002 2268 1022 2295 ι)

195 2305 260 2332 facit
272 2304 361 2336 Pater,
378 2304 443 2332 facit
459 2308 487 2331 ct
512 2303 598 2330 Filius
614 2303 648 2337 ι),
665 2310 777 2330 carnem
791 2304 834 2331 sui
856 2302 983 2337 praeputii

194 2351 389 2384 circumcidit;
409 2355 436 2378 et
455 2357 509 2377 una
523 2349 636 2377 sustulit
660 2349 807 2376 multarum
832 2349 982 2383 impiarum

195 2398 341 2425 haeresium
364 2396 526 2424 occasiones
544 2399 579 2422 ιρι
603 2402 694 2422 ansas.
726 2395 865 2427 Secundo.
893 2396 983 2423 recole

195 2451 303 2471 mecum
320 2448 347 2470 ct
375 2442 469 2469 istud:
485 2440 610 2468 Audcbat
635 2441 699 2467 olim
715 2442 817 2476 impius
838 2441 884 2468 ille
901 2442 984 2469 haere-

193 2489 303 2517 siarcha
318 2487 517 2522 ApollinariuS'
531 2487 688 2522 prodigiosa
709 2488 834 2521 quaedam
864 2488 982 2515 commi-

195 2533 274 2565 nisci,
299 2532 371 2567 quod
386 2539 450 2559 caro
473 2535 613 2566 assumpta
631 2539 678 2566 per
706 2531 840 2559 Deitatem
860 2532 982 2560 consub-

193 2578 400 2606 stantialitatem
427 2577 539 2605 Deitatis
571 2577 654 2604 simul
681 2578 834 2611 possideat:
867 2586 980 2608 carnem

192 2624 301 2652 scilicet
328 2623 471 2656 conlinxit,
498 2623 607 2659 qualem
634 2624 754 2655 volebat,
783 2632 839 2651 non
869 2625 978 2658 qualem

191 2669 316 2705 agnoscit
333 2677 411 2698 suam
431 2675 528 2698 natura
544 2670 674 2702 humana,
692 2670 739 2698 sed
765 2670 874 2705 qualem
903 2671 979 2698 elon-

1077 1386 1114 1412 Τὸ
1131 1386 1180 1420 μὲν
1196 1384 1345 1420 βαθύτερον
1361 1384 1412 1418 τῆς
1427 1384 1568 1419 Προνοίας,
1589 1383 1622 1410 δι’
1635 1383 1670 1419 ἢν
1690 1383 1795 1419 Ἰησοῦς
1821 1384 1839 1412 ὁ

1041 1432 1160 1466 Χριστὸς
1175 1431 1221 1457 καὶ
1233 1431 1299 1461 Heiu;
1316 1430 1406 1465 ἡμῶν,
1423 1430 1506 1464 σαρκὶ
1519 1430 1568 1465 τὴν
1579 1430 1731 1466 περιτομὴν
1743 1429 1838 1465 ἔσχεν,

1040 1479 1080 1510 εἰς
1097 1478 1143 1504 τὸν
1163 1476 1375 1511 ἀνεξερεύνητον
1395 1476 1477 1502 αὑτοῦ
1505 1476 1559 1502 τῶν
1575 1477 1719 1512 κριμάτων
1739 1476 1836 1511 βυθὸν,

1039 1524 1089 1558 τῆς
1106 1523 1282 1558 ἀνθρωπίνης
1311 1522 1472 1558 ἀναχωροῦν
1495 1523 1626 1554 διανοίας,
1646 1522 1834 1550 καταδύεται.⁸

1040 1570 1058 1596 ἃ.
1070 1569 1109 1603 δὲ,
1126 1569 1236 1596 καὶτῶν
1248 1569 1392 1604 μακαρίων
1404 1569 1482 1604 ἡμῶν
1496 1569 1628 1605 Πατέρων
1647 1569 1835 1596 διδασκόντων

1040 1617 1087 1642 καὶ
1100 1615 1179 1641 αὐτοὶ
1203 1614 1417 1646 διασκοποῦντες
1444 1615 1572 1646 συνιδεῖν,
1593 1616 1642 1650 οὐχ
1663 1616 1834 1650 εὑρίσκομεν

1040 1660 1155 1696 ἄπορον.
1167 1660 1278 1695 Πρῶτον
1295 1660 1343 1695 μὲν
1358 1661 1402 1686 ἐπ’
1415 1660 1520 1696 ἐλέγχῳ
1531 1661 1662 1696 τέμνεται
1678 1661 1727 1696 τὴν
1742 1662 1837 1696 σάρκα

1038 1706 1092 1733 ¹ιιῶν
1103 1706 1153 1741 τὴν
1173 1706 1296 1732 Παλαιὰν
1309 1706 1525 1741 δυσφημούντων
1540 1706 1690 1741 Διαθήκην,
1712 1707 1760 1733 καὶ
1785 1707 1837 1733 τὸν

1038 1752 1068 1778 ἐν
1082 1752 1150 1786 αὐτῇ
1163 1752 1381 1786 νομοθετήσαντα
1391 1751 1488 1787 ὕϐρεσι
1501 1751 1662 1786 βαλλόντων.
1677 1752 1716 1777 Δι’
1729 1748 1766 1778 ὥν
1776 1752 1836 1788 γὰρ

1039 1798 1088 1833 τὴν
1108 1798 1214 1824 ἐκεῖθεν
1226 1798 1350 1824 δοθεῖσαν
1369 1798 1533 1832 περιτομὴν,
1566 1799 1604 1829 ὼς
1621 1798 1675 1824 οὐδ’
1703 1798 1736 1824 ἂν
1752 1799 1836 1824 αὐτοὶ

1039 1843 1195 1878 ἀρνηθεῖεν,
1220 1844 1234 1870 ὁ
1251 1843 1351 1877 ἀγαθός
1367 1852 1396 1870 τε
1420 1844 1467 1870 καὶ
1483 1843 1589 1879 ἀληθὴς
1619 1843 1685 1875 Θεδς
1711 1844 1834 1879 ὑπέστη,

1038 1891 1096 1920 τοῖς
1112 1889 1204 1924 ἔργοις
1219 1889 1312 1920 αὐτοῖς
1327 1890 1472 1924 μαρτυρεῖ,
1490 1888 1537 1915 τὸν
1551 1888 1602 1923 τῆς
1619 1889 1772 1924 περιτομῆς
1783 1898 1834 1915 νο⁹

1041 1934 1159 1969 μοθὲτην
1171 1934 1274 1968 ἀγαθόν
1296 1942 1327 1960 τε
1347 1931 1428 1966 εἶναι,
1455 1934 1503 1960 καὶ
1524 1933 1635 1968 ἀγαθῶν
1651 1933 1764 1969 δοτῆρα,
1783 1938 1834 1961 καὶ

1038 1980 1088 2014 τῆς
1097 1980 1182 2016 αὐτῆς
1200 1980 1308 2014 φύσεως
1330 1979 1469 2006 κοινωνόν.
1484 1980 1521 2006 Οὺ
1538 1979 1593 2014 γὰρ
1615 1980 1648 2006 ἀν
1660 1988 1733 2011 τινος
1751 1979 1835 2012 ὄντος

1037 2025 1175 2057 ἐναντίας,
1197 2025 1213 2059 ἡ
1229 2024 1278 2059 τῆς
1293 2024 1462 2059 ἀγαθότητος
1476 2025 1552 2059 πηγὴ
1576 2024 1627 2055 τὰς
1654 2025 1761 2051 ἐκεῖθεν
1779 2025 1833 2052 τοῦ

1038 2070 1121 2104 νόμου
1142 2070 1253 2105 ῥανίδας
1272 2070 1317 2096 διὰ
1345 2071 1395 2105 τῆς
1418 2070 1520 2106 σαρκὸς
1546 2070 1688 2096 ἐπεδείκνυ
1716 2079 1833 2105 προχεο-

1039 2116 1134 2150 μένας.
1152 2116 1212 2142 Ἵνα
1224 2115 1271 2151 οὖν
1279 2115 1313 2142 τὰ
1329 2115 1461 2142 ἀπύλωτα
1483 2117 1616 2151 στόματα,
1642 2116 1677 2142 τὰ
1692 2116 1763 2142 κατά
1779 2117 1831 2142 τοῦ

1038 2161 1153 2197 Πατρὺς,
1168 2162 1184 2196 ἢ
1201 2162 1248 2188 καὶ
1254 2162 1313 2188 κατ’
1325 2161 1407 2188 αὑτοῦ
1420 2170 1451 2196 γε
1459 2161 1506 2188 τοῦ
1521 2161 1585 2187 Υίοῦ
1594 2162 1643 2196 τὴν
1652 2162 1830 2197 βλασφημίαν

1036 2208 1190 2243 λαλήσαντα
1214 2208 1378 2243 ἐπιστομίσῃ
1405 2208 1436 2242 (ι
1457 2208 1550 2234 Πάντα
1573 2208 1628 2243 γὰρ
1647 2209 1681 2234 τὰ
1703 2207 1751 2234 τοῦ
1770 2209 1830 2234 Πα-

1038 2254 1100 2289 τρὸς
1122 2253 1170 2280 τοῦ
1182 2253 1247 2280 Υίοῦ
1261 2254 1330 2280 ἐστι·
1346 2254 1404 2285 καὶ,
1422 2252 1440 2280 ἃ
1454 2255 1526 2280 ποιεῖ
1539 2254 1553 2278 ὁ
1568 2253 1663 2287 Πατὴρ
1675 2254 1723 2279 καὶ
1736 2254 1750 2279 ὁ
1764 2253 1830 2284 Υἱὸς

1038 2301 1109 2326 ποιεῖ
1124 2299 1158 2334 ι),
1171 2299 1300 2335 τέμνεται
1312 2299 1360 2326 καὶ
1375 2299 1425 2334 τὴν
1443 2299 1534 2334 σάρκα
1550 2299 1599 2334 τῆς
1617 2299 1805 2334 ἀκροϐυστίας
1820 2309 1827 2315 -

1035 2346 1237 2382 συνδιατέμνων
1272 2347 1342 2381 αὐτῇ
1380 2345 1488 2372 πολλῶν
1517 2345 1656 2372 δυσσεὸὦν
1691 2346 1830 2381 αἱρέσεων

1034 2393 1171 2427 ἀφορμάς.
1181 2392 1312 2428 Δεύτερον
1325 2393 1352 2419 δὲ
1367 2392 1455 2419 ἐκεῖνό
1470 2400 1515 2427 μοι
1535 2392 1590 2418 νόει
1600 2399 1608 2406 ”
1623 2391 1758 2426 ἐτόλμησὲ
1775 2400 1828 2418 πο-

1033 2447 1063 2465 τε
1089 2440 1103 2464 ὁ
1121 2439 1253 2474 δυσσεϐὴς
1279 2439 1467 2475 Ἀπολινάριος
1493 2438 1727 2473 τερατεύσασθαι,
1755 2438 1794 2470 ὡς
1810 2439 1827 2474 ἡ

1035 2485 1240 2520 προσληφθεῖσα
1271 2484 1350 2520 σὰρξ,
1379 2485 1413 2520 τῇ
1437 2485 1631 2520 προσλαδούσῃ
1659 2485 1770 2520 θεότητι
1795 2485 1829 2511 τὸ

1034 2532 1177 2564 ὀμοούσιον
1204 2530 1366 2563 συνδιέσωζε
1379 2539 1386 2546 ο
1405 2532 1495 2566 σάρκα
1518 2532 1574 2566 γὰρ
1590 2531 1769 2562 ἁνέπλαττεν,
1786 2531 1826 2562 ὡς

1035 2575 1175 2611 ἠϐούλετο,
1188 2576 1238 2612 οὐχ
1252 2577 1311 2603 οῖαν
1327 2577 1344 2612 ἡ
1360 2577 1519 2612 ἀνθρωπίνη
1543 2577 1625 2610 φύσις
1653 2575 1725 2603 οἶδεν
1737 2585 1745 2593 υ
1763 2577 1825 2604 ἀλλ’

1034 2621 1094 2648 οἵαν
1116 2623 1132 2657 ὴ
1155 2623 1292 2656 φαντασία
1311 2623 1367 2649 τῶν
1381 2622 1568 2657 ἐξεστηκότων
1592 2623 1734 2657 λογισμῶν
1759 2623 1824 2657 ἐδη-

1035 2667 1161 2703 μιούργει
1174 2676 1180 2683 ·
1199 2668 1217 2704 ὴ
1227 2669 1318 2696 τοίνυν
1332 2674 1352 2688 ιιι
1364 2669 1434 2705 τομὴ
1447 2669 1498 2704 τῆς
1515 2669 1626 2703 σαρκὸς,
1641 2668 1690 2696 καὶ
1704 2668 1737 2695 τὸ
1752 2669 1823 2703 πρὸς

830 2781 946 2809 νΑῐῖΙᾹΞ
958 2782 1160 2812 LECTIONES.

233 2870 240 2890 ι
262 2871 291 2897 (ἶ.
303 2870 335 2898 Μ.
353 2871 405 2898 553
423 2870 442 2897 ί.
454 2870 507 2898 259
525 2870 684 2904 ἀλλοφύλου.
725 2875 742 2886 "
757 2871 777 2898 C
800 2871 834 2898 M.
852 2871 903 2898 553
922 2870 940 2898 ί.
957 2871 1025 2898 26οα
1041 2870 1168 2904 ἡτοίνυν.
