1873 3063
46 225 86 258 τὴν
100 223 212 258 θεότητα
226 223 361 258 λαμπρῶς
379 223 562 263 άνακηρύττει
578 225 736 260 ὲτεροφνὲς,
766 224 815 250 καὶ
832 225 852 254 Α

46 270 69 295 τὸ
88 270 150 304 πρὸς
165 270 214 305 τὴν
238 270 375 305 ἡμετέραν
400 271 492 304 σάρκα
514 270 658 305 ὁμοούσιον
681 271 812 306 παριστᾷ.

45 315 128 350 Τρίτον
155 315 184 341 δὲ
214 316 281 351 πρὸς
303 317 360 347 τοῖς
389 315 556 350 εἰρημένοις,
588 316 613 342 οί
641 316 696 342 τῶν
725 317 813 342 Μανι-

44 362 114 395 χαέων
137 362 240 394 παῖδες,
264 362 400 397 φαντασίᾳ
428 363 477 398 τὴν
505 363 594 398 σάρκα
624 363 670 389 τὸν
695 363 813 398 Χριστὸν

43 407 220 442 προειληφέναι
231 407 477 442 δογμαποιοῦνται·
488 407 544 434 ἀλλ’
553 408 590 439 ὡς
598 409 675 443 ὁρᾷς,
689 416 812 443 προαπο-

43 453 173 486 τειχίζεται
188 454 220 488 τῇ
238 453 386 487 περιτομῇ,
404 453 452 479 καὶ
468 453 547 479 τοῦτο
562 452 592 478 τὸ
608 453 761 487 δύσφημον.
780 453 813 478 Ἦ

43 498 160 530 σαντασία
173 498 227 532 γὰρ
253 498 341 532 τομὴν
357 498 403 524 καὶ
419 498 504 529 πάθος
535 500 583 524 καὶ
599 497 677 533 ῥύσιν
702 498 809 532 ὁρωμέ-

42 551 81 576 νην
96 542 207 577 αἵματος
235 543 287 570 οὐκ
313 543 455 578 ἁνέχεται”
472 544 533 570 οὐδὲ
551 544 587 570 τά
607 545 656 578 τῆς
679 543 811 579 ἀληθείας

42 588 105 621 ἔργα,
133 589 163 614 τὸ
187 589 302 624 πλάσμα
332 590 461 625 καθαρῶς
492 590 686 624 παραδέχεται.
727 590 812 617 Πάλιν

41 635 197 667 Οὐαλεντῖνος
213 638 375 670 κενοφωνεῖ,
394 637 444 662 οὑκ
459 637 490 662 ἐκ
506 637 561 662 τῶν
576 637 750 672 παρθενικῶν
764 638 812 662 καὶ

41 681 164 714 ᾰχράντων
181 681 306 715 αἱμάτων
326 681 376 715 τὴν
399 681 546 708 ἔνωοείσαν
562 682 602 716 τῷ
622 682 702 716 Λόγῳ
722 682 813 717 σάρκα

41 725 158 760 παγῆναι·
167 726 244 752 κάτω
257 726 286 752 δὲ
296 727 346 761 τῆς
355 727 494 758 εὐσεϐείας
508 726 610 758 πεσὼν,
625 722 728 754 ἄνωθεν
738 727 813 762 αὐτῷ

41 769 108 796 ποθεν
123 771 302 803 καταὸισάςει
317 772 349 797 τὸ
362 772 456 807 σῶμα*
469 771 538 798 ἀλλὰ
565 774 611 799 καὶ
625 773 721 799 τούτου
742 774 812 809 πόρ-

41 816 120 848 ρωθεν,
136 817 173 848 ὡς
186 817 278 852 δῆλον,
296 818 313 853 ἠ
328 819 466 854 περιτομὴ
487 819 517 844 τὺ
533 818 632 854 θράσος
655 820 812 855 παραποτέ-

41 869 136 894 μνεται·
164 863 302 898 καὶπρὸς
328 863 435 894 τούτοις
465 864 671 899 περιτέμνεται,
712 865 757 892 ἵνα
781 865 812 892 τὺ

41 908 131 940 {eoum
150 909 203 943 τῆς
230 909 356 944 δοθείσης
372 910 482 944 ἐντολῆς
507 912 691 946 παραστήσῃ·
715 911 812 944 διαμέ-

41 961 83 978 νειν
96 955 146 988 γὰρ
171 955 243 990 αὐτῇ
269 955 299 981 τὸ
324 955 503 990 ἀπαράϐατον
535 956 616 990 μέχρι
643 957 693 991 τῆς
729 957 812 983 αὑτοῦ

40 1001 183 1033 παρουσίας,
198 1001 229 1033 ἐξ
247 997 285 1027 ὧν
304 1001 507 1036 ὑπηρετήσαντο,
522 1002 591 1036 μετὰ
608 1002 655 1028 τοῦ
682 1003 813 1038 ἀνεπιλή-

40 1053 104 1077 mu,
121 1045 386 1079 συγκατασκευάζει.
405 1046 437 1072 Εἰ
451 1046 505 1081 γὰρ
521 1047 535 1072 ὁ
556 1047 593 1082 μὴ
617 1047 724 1081 δεηθεὶς
745 1047 813 1078 ὅλως

39 1092 180 1126 περιτομῆς,
193 1091 270 1125 ὅμως
283 1090 431 1125 ὑπέρχεται
440 1095 454 1108 ¹¹
466 1091 578 1126 ταύτην,
592 1092 673 1127 σχολῇ
692 1092 714 1126 γ’
726 1092 759 1118 ἄν
772 1101 814 1124 τις

38 1135 98 1169 ἁλοίη
124 1136 176 1163 τῶν
202 1136 256 1162 ὑπὸ
283 1136 321 1171 τῷ
348 1137 424 1171 νόμῳ
451 1137 555 1171 ταύτην
595 1138 813 1173 παρεωραμένος

39 1181 77 1207 οὐκ
90 1182 200 1216 ὀφείλων
228 1183 316 1214 δίκας.
336 1183 420 1209 Πάλιν
452 1183 505 1209 τῶν
526 1184 664 1211 Ἰουδαίων
688 1186 702 1211 ὁ
728 1185 814 1219 δῆμος

39 1228 231 1260 φιλαιτιώτατος
243 1229 292 1261 ὢν,
306 1229 415 1261 καὶτὰς
426 1229 463 1264 μὴ
472 1229 555 1260 οὕσας
565 1230 650 1261 δεινὸς
661 1231 814 1265 προφάσεις

38 1273 214 1306 ἀναπλάττειν,
229 1275 253 1300 εί
276 1274 312 1309 μὴ
329 1274 380 1310 τὴν
402 1275 555 1310 περιτομὴν
575 1275 706 1309 ὑποστὰς,
735 1274 813 1308 οὗτος

39 1318 113 1350 αὐτοῖς
127 1319 161 1346 τὰ
176 1320 300 1356 σωτήρια
316 1321 453 1355 εἰσηγεῖτο
465 1329 472 1335 ·
489 1321 562 1353 τίνος
576 1321 609 1348 ἂν
624 1322 675 1348 οὐκ
687 1322 813 1357 ἐνόμιζον

39 1365 248 1401 περιδράττεσθαι
256 1366 435 1401 δικαιολογίας
445 1366 620 1401 διωθούμενοι
630 1368 679 1402 τὴν
688 1368 816 1395 διδασκα-

38 1411 84 1437 λίαν
91 1413 183 1448 ὅτιπερ
200 1413 405 1449 ἀπερίτμητονο
420 1413 485 1439 ὂντα
495 1414 542 1440 καὶ
557 1414 586 1446 ἐξ
599 1414 685 1448 αὐτῆς
694 1414 787 1445 ἑστίας
799 1419 812 1438 1³

37 1457 110 1484 πάντα
122 1458 222 1485 λύοντα
233 1459 345 1493 θεσμὸν,
365 1459 424 1490 πῶς
449 1459 513 1494 ἐνῆν
538 1459 742 1494 παραδέχεσθαι
760 1468 814 1486 σω-

37 1504 109 1538 τῆρας
121 1505 180 1532 Ἰνα
190 1503 240 1532 οὖν
256 1506 346 1531 αὐτῶν
354 1505 530 1541 ἀναχώρησιν
548 1507 637 1532 πᾶσαν
649 1506 813 1541 ἀποκλείσῃ,

38 1550 74 1598 καὶ
87 1550 114 1598 τὸ
128 1552 230 1598 οίκεῐον
246 1551 411 1586 ἁμάρτημα,
436 1551 574 1586 μηδεμίαν
598 1551 682 1585 ἔχωσι
709 1551 811 1587 χώραν,
828 1568 850 1598 c

38 1595 68 1626 εἰς
78 1595 119 1621 τὴν
139 1597 262 1622 ἀναίτιον
289 1597 481 1631 περιτρέπειν,
503 1597 736 1632 περιτεμνόμενος
766 1597 814 1632 τὴν

39 1641 214 1675 ἀκροὸνστίαν,
244 1643 444 1678 συναποτέμνει
471 1642 525 1669 τῶν
540 1642 696 1677 ἀχαρίστων
722 1643 815 1670 πᾶσαν

38 1687 198 1721 εὐπρόσωπον
232 1688 436 1722 πιθανολογίαν.
452 1688 553 1714 Σκόπει
568 1689 597 1715 δέ
619 1697 664 1722 μοι
687 1690 814 1715 κακεῖνο-

38 1733 56 1756 εἰ
67 1733 108 1766 μὲν
122 1734 157 1768 μὴ
171 1734 365 1769 περιτμηθεὶς,
384 1734 470 1760 ἔπαυε
485 1734 535 1768 τὴν
552 1734 654 1766 πρᾶξιν
666 1753 674 1765 ,
689 1734 763 1769 τάχα
782 1734 815 1761 ἄν

38 1784 95 1804 τισιν
114 1779 127 1804 ό
152 1779 305 1814 Δεσπότης,
324 1779 362 1810 ὼς
378 1779 476 1805 ἑαυτὸν
499 1778 682 1805 ἀπαλλάσσων
711 1779 814 1810 αἰτίας,

38 1822 77 1848 καὶ
99 1825 146 1859 τῆς
171 1826 243 1856 ἰδίας
273 1824 430 1860 προθέσεως
456 1825 668 1860 προϊστάμενος,
690 1824 740 1859 τὴν
765 1824 814 1858 τῆς

39 1871 173 1906 περιτομῆς
201 1871 345 1905 ἀναίρεσιν
365 1871 410 1897 διὰ
429 1870 485 1898 τῶν
513 1871 644 1906 μαθητῶν
673 1871 815 1897 ὑπενοεῖτο

41 1915 207 1948 μεθοδεῡσαι·
228 1917 291 1943 ἐπεὶ
305 1917 334 1943 δὲ
363 1918 411 1944 καὶ
428 1918 636 1953 περιτέμνεται,
664 1918 712 1943 καὶ
728 1917 813 1943 παύει

38 1960 61 1986 τὸ
71 1961 153 1997 ἔργον,
166 1963 218 1989 καὶ
229 1963 332 1998 ταύτην
341 1965 554 1999 προαςραιρεῖται
564 1964 752 1999 τὴν¹ὑπόνοιαν
760 1964 815 1990 τῶν

38 2006 174 2038 φιλαιτίων.
193 2009 230 2035 Σὺ
247 2009 276 2036 δὲ
301 2010 363 2044 μηδ’
385 2011 476 2036 ἐκεῖνο
504 2011 687 2046 παραδράμῃς
700 2019 708 2026 ⁸
730 2010 815 2042 τύπος

38 2049 64 2086 ἦν
74 2055 114 2080 καὶ
125 2054 262 2090 σύμϐολον
275 2055 323 2081 τοῦ
338 2055 530 2090 βαπτίσματος
549 2056 566 2091 ἡ
585 2057 720 2091 περιτομή
733 2063 741 2071 ’
759 2056 815 2091 μή.

39 2106 72 2125 τω
100 2101 244 2136 τοιγαροῦν
274 2101 491 2136 τῆςδάληθείας
519 2102 741 2137 φανερωοείσης,
771 2102 815 2128 τὸν

40 2144 109 2172 τιέπον
122 2148 284 2182 ἐπικρατεῖν
301 2147 355 2174 ἔδει
365 2156 372 2163 ·
387 2148 538 2183 ἐπιστάσης
553 2148 575 2174 δ’
589 2149 701 2182 ἐκείνης
713 2149 817 2184 ταύτην

41 2190 186 2228 ὑποχωρεῖν.
205 2194 250 2220 Διὸ
277 2194 474 2229 περιτέμνεται
492 2194 542 2229 μὲν
570 2194 600 2220 τὸ
626 2186 744 2230 κρύφιον
761 2196 812 2229 τῆς

41 2239 135 2271 σαρκὸς,
149 2239 229 2266 οὔπω
245 2239 296 2274 τῆς
309 2240 338 2266 ὲν
362 2239 456 2275 χάριτι
475 2241 628 2275 περιτομῆς
645 2241 814 2276 φανερωθεί-
831 2235 855 2263 Ι)

41 2285 215 2320 της-ἐκείνης
243 2285 272 2312 δὲ
299 2285 337 2320 τῷ
351 2286 510 2321 Δεσποτικῷ
529 2286 699 2321 βαπτίσματι
722 2286 813 2313 πάντα

42 2332 272 2366 περιαυγαζούσης,
291 2332 339 2357 καὶ
365 2331 495 2367 λαμπρὰν
511 2332 562 2366 τὴν
588 2331 718 2366 ἀλήθειαν
746 2332 815 2358 ὑπο-

41 2374 212 2412 δεικνυούσης,
227 2377 263 2404 τὰ
279 2378 308 2403 ἐν
334 2378 399 2412 σκιᾷ
425 2377 473 2403 καὶ
495 2377 638 2412 αἰνίγματι
656 2378 815 2413 παρρησιά-

41 2421 120 2452 quoat
135 2424 221 2450 τόπον
236 2424 285 2458 οὐχ
300 2423 433 2459 εὑρίσκει.
455 2424 548 2459 Χωρὶς
567 2424 595 2450 δὲ
620 2424 676 2451 τῶν
700 2424 814 2459 είρημέ-

42 2476 92 2500 νων,
106 2470 315 2506 ἀναμνησθῆναι
331 2471 412 2496 κακεῖ
435 2471 538 2506 δεήσει,
556 2471 586 2497 ὲν
607 2470 648 2505 τῷ
673 2472 815 2506 σπέρματι

42 2514 78 2540 τιῦ
97 2515 221 2552 Ἀϐραὰμ
244 2516 279 2543 τὰ
302 2517 367 2552 ἔθνη
384 2517 474 2544 πάντα
504 2518 814 2554 ἑνευλογηθήσεσθαιιι⁸

42 2559 108 2593 ὅρκον
121 2563 183 2589 καθ’
194 2563 292 2589 ἑαυτοῦ
309 2563 398 2594 διδοὺς
414 2564 428 2589 ὁ
445 2563 511 2595 Θεὸς
536 2563 574 2598 τῷ
588 2564 696 2599 δικαίῳ,
725 2565 815 2591 ποιεῖ-

42 2613 76 2632 ται
88 2607 183 2642 λογάδα
200 2609 310 2636 πάντων
327 2609 412 2636 ἐθνῶν
426 2609 477 2644 τὴν
501 2609 607 2636 ἐκείνου
628 2610 716 2644 φυλήν
727 2618 733 2625 ·
767 2610 815 2637 καὶ

43 2651 110 2679 ιὶονεὶ
124 2655 284 2690 σφραγίζων
300 2655 385 2690 αὐτὴν
398 2654 443 2681 διὰ
456 2654 504 2681 τοῦ
525 2655 664 2692 φυλάρχου
682 2657 716 2691 τῇ
732 2664 815 2691 περι-

15 2728 16 2734 η
43 2700 110 2734 ῖθμῇ,
124 2701 172 2736 τήν
186 2710 216 2728 τε
233 2701 324 2728 πίστιν
335 2702 549 2738 ἐπισημαίνεται
565 2703 612 2730 τοῦ
627 2703 813 2739 πατριάρχου,

517 170 567 199 AD
584 169 882 199 AMPHILOCHIUM
902 170 1075 205 QU/ESTIO
1089 170 1219 201 CXVIII.

1599 168 1654 200 694

867 229 935 259 gata
947 225 1062 252 rationis
1089 224 1245 259 phantasia,
1263 224 1314 258 ipsi
1327 223 1500 258 suggerebat.
1519 224 1654 257 Quocirca

868 271 960 298 carnis
971 271 1107 298 abscissio
1121 270 1262 304 perspicue
1276 269 1405 303 praedicat
1420 270 1500 296 aliam
1514 275 1653 302 naturam,

867 316 1024 343 distinctam
1034 324 1049 343 a
1059 315 1175 347 Deitate,
1185 323 1266 349 quam
1281 316 1541 342 consubstantialem
1554 320 1655 342 nostra:

867 363 958 390 carnis
974 367 1077 389 natura:
1095 366 1215 396 praestat.
1230 361 1324 388 Tertio
1346 362 1478 388 accedunt
1498 361 1652 392 Maniclleei.

867 410 912 444 qui
925 409 1059 436 docebant
1076 408 1218 435 Christum
1233 412 1338 434 tantum
1355 408 1506 434 secundum
1519 415 1655 442 apparen-

867 456 931 482 tiam
950 463 1060 483 carnem
1079 455 1249 488 sumpsisse:
1268 453 1340 486 quod
1351 461 1398 488 per
1413 453 1653 480 circumcisionem

866 502 1037 529 exscinditur
1055 506 1085 528 ut
1112 501 1323 535 blasphemum:
1349 508 1467 534 namque
1495 498 1654 533 apparentia

867 550 1028 579 sectionem,
1046 548 1213 582 passionem,
1241 546 1383 581 sanguinis
1401 546 1581 573 emissionem
1599 551 1654 571 non

866 594 1004 622 admittit:
1026 601 1076 620 nec
1095 593 1220 620 veritatis
1239 599 1321 626 opera
1335 592 1567 619 consistuntCum
1585 590 1656 616 veri.

868 646 931 668 tate.
947 640 1047 667 lterum
1072 639 1234 666 Valentinus
1260 638 1336 665 fatue
1363 638 1517 665 deblaterat
1543 643 1655 663 carnem

866 687 955 715 Verbo
975 686 1129 716 adnnitam,
1160 693 1213 711 non
1229 692 1244 712 e
1268 684 1416 719 purissimo
1443 683 1558 718 virginis
1590 689 1655 708 san-

867 733 948 767 guine
970 732 1125 764 solidatam,
1143 731 1189 758 sed
1212 731 1269 765 ipse
1284 731 1411 757 deorsum
1436 737 1450 756 a
1463 729 1564 763 pietate
1580 727 1655 754 deci—

866 779 944 810 dens,
964 777 997 804 de
1013 777 1081 804 coelo
1106 784 1218 804 sursum
1249 783 1350 810 corpus
1365 775 1390 801 ei
1414 775 1528 801 devocat
1545 782 1552 806 ;
1575 773 1655 806 cujus

867 825 982 858 impium
1010 824 1217 858 pronuntiatum
1248 822 1378 856 reiectum
1405 820 1552 848 manifeste
1566 819 1656 854 rcjieit

867 871 1054 898 circumcisio.
1075 870 1115 896 Ad
1136 871 1187 896 hoc
1203 869 1297 904 itaque
1307 867 1527 899 circumciditur,
1540 871 1569 893 ιιι
1584 873 1656 892 man-

865 917 958 943 datum
985 915 1244 942 dceircumcisionc
1274 914 1367 941 datum
1401 918 1490 940 ratum
1515 913 1598 939 iixum
1628 916 1656 938 ct

866 961 975 988 ﬁrmum
995 968 1107 987 manere
1130 961 1230 988 debere
1253 960 1359 992 doceat,
1379 964 1406 986 et
1422 968 1475 986 non
1497 959 1653 986 violandum

865 1015 952 1042 usque
962 1007 994 1033 ad
1019 1006 1078 1041 ejus
1092 1007 1249 1037 adventum,
1270 1006 1314 1033 cui
1331 1005 1527 1036 famulabatur,
1550 1011 1601 1031 nec
1615 1004 1656 1029 in-

866 1057 938 1078 terea
954 1051 1099 1078 calumniis
1123 1051 1285 1086 subjaceret.
1302 1050 1368 1076 Nam
1380 1050 1401 1076 si
1417 1049 1448 1081 is,
1463 1049 1507 1076 cui
1528 1056 1581 1075 non
1596 1052 1656 1075 erat

865 1105 934 1132 opus
947 1097 1171 1129 circumcisione,
1185 1097 1424 1124 circumcisionem
1438 1100 1528 1121 taincn
1542 1094 1628 1120 subiit
1644 1103 1651 1120 :

865 1144 888 1171 is
904 1143 950 1178 qui
966 1143 1018 1169 sub
1034 1143 1091 1177 lege
1104 1142 1240 1169 exsistenn
1254 1149 1315 1168 eam
1326 1140 1576 1174 transgrederetur,
1595 1145 1654 1172 pae-

866 1197 915 1216 nas
940 1189 1051 1215 meritas
1081 1188 1147 1214 dare
1174 1188 1302 1215 debebat.
1331 1186 1425 1214 Tertio
1449 1193 1510 1212 cum
1538 1183 1654 1219 querula

864 1240 937 1261 cssut
962 1241 1028 1268 gens
1042 1232 1210 1265 .ludmorum,
1235 1237 1261 1259 et
1295 1231 1443 1259 calumniis
1475 1229 1654 1258 contexendis

865 1280 967 1310 dedita.
984 1288 1034 1307 nec
1066 1287 1120 1306 non
1146 1279 1273 1313 egregius
1303 1277 1402 1304 artiiex
1427 1275 1654 1304 comminiscendi

866 1329 1012 1359 praetexens
1035 1323 1131 1355 ialsos,
1159 1323 1182 1350 si
1212 1322 1424 1349 incircumcisus
1444 1321 1560 1348 salutem
1587 1319 1655 1354 ipsis

865 1370 1069 1401 annuntiasset,
1087 1369 1193 1396 facilem
1204 1369 1240 1395 illi
1256 1368 1444 1396 causationem
1459 1366 1653 1401 arripuissent.

867 1420 895 1442 nt
913 1415 1064 1442 doctrinam
1085 1414 1196 1440 allatam
1219 1414 1299 1448 longe
1317 1420 1332 1439 a
1353 1420 1382 1439 se
1405 1412 1562 1447 rejiccrent,
1589 1418 1653 1437 cum

866 1461 951 1496 legem
962 1461 1097 1495 imprimis
1109 1461 1184 1486 illum
1199 1459 1318 1487 violasse
1326 1458 1533 1485 contenderent.
1551 1457 1655 1490 Quare,

866 1512 896 1535 ut
910 1512 1066 1542 amputaret
1085 1514 1182 1534 eorum
1199 1514 1213 1532 ιι
1230 1505 1347 1533 veritate
1367 1504 1558 1536 defectionem,
1580 1508 1606 1530 et
1623 1511 1657 1530 ne

866 1561 962 1580 ansam
979 1553 1132 1588 arriperent
1143 1560 1223 1579 suum
1240 1552 1363 1586 ipsorum
1376 1555 1518 1585 peccatum
1531 1550 1557 1576 in
1575 1550 1655 1576 inno-

867 1605 974 1628 centem
1004 1599 1199 1631 transferendi,
1226 1598 1408 1625 circumcisus
1438 1597 1583 1632 prreputio,
1602 1603 1657 1622 una

867 1650 991 1680 amputat
1019 1645 1189 1679 ingratorum
1217 1643 1342 1670 omnium
1370 1649 1433 1669 cum
1464 1641 1557 1676 aliquo
1588 1647 1657 1674 prte-

867 1696 942 1718 textu
966 1690 1139 1725 plausibilem
1169 1688 1388 1716 accusationem.
1408 1686 1459 1714 Sed
1488 1693 1515 1713 et
1540 1686 1657 1713 ulterius

867 1737 988 1767 attende.
1016 1737 1038 1763 si
1056 1743 1110 1762 non
1129 1734 1313 1762 circumcisus
1342 1733 1423 1760 ﬁnem
1451 1731 1656 1760 circulncisioni

868 1781 1183 1817 imponeret,,Dominus
1203 1779 1273 1807 forte
1289 1779 1472 1813 suspicionem
1489 1777 1560 1812 apud
1573 1785 1657 1812 quos-

867 1829 929 1855 dam
957 1829 1096 1855 incurrere
1115 1831 1230 1861 poterat,
1253 1825 1326 1861 quod
1354 1833 1384 1851 se
1406 1829 1437 1853 ut
1460 1824 1539 1858 culpa
1556 1823 1661 1850 exime-.

867 1881 917 1906 ret,
934 1881 966 1901 ae
991 1881 1069 1901 suam
1093 1873 1257 1900 sententiam
1280 1871 1459 1902 obtruderct,
1472 1875 1500 1898 et
1513 1869 1657 1904 discipulis

866 1922 938 1948 viam
955 1929 988 1948 ac
1005 1921 1138 1947 rationem
1155 1923 1297 1954 priestaret
1326 1918 1438 1945 tollendi
1466 1917 1575 1952 penitus
1602 1917 1659 1942 cir-

867 1967 1086 1999 cnmcisionem;
1125 1965 1305 1993 circumcisus
1333 1965 1402 1999 ipse,
1430 1971 1463 1991 ac
1493 1971 1547 1990 non
1577 1962 1658 1989 aliter

868 2021 977 2041 cessare
997 2013 1062 2040 fecit
1093 2012 1162 2039 hanc
1187 2012 1371 2047 suspicienem
1392 2010 1468 2038 etab
1484 2008 1657 2036 accusatoris

868 2060 989 2088 sustulit.
1017 2058 1069 2086 Sed
1096 2066 1147 2085 nec
1177 2058 1244 2084 illud
1272 2057 1385 2091 insuper
1411 2060 1578 2090 praetereas:
1596 2060 1657 2081 erat

868 2105 1044 2133 circumcisio
1061 2104 1215 2140 symbolum
1237 2111 1270 2130 ac
1285 2103 1371 2137 ﬁgura
1387 2102 1534 2136 baptismi:
1550 2109 1598 2136 par
1607 2100 1660 2127 fuit.

869 2157 899 2179 ut
925 2159 1098 2186 nequaquam
1112 2150 1166 2177 vim
1188 2157 1265 2176 suam
1282 2149 1417 2175 obtineret
1444 2151 1523 2183 typus
1545 2147 1659 2173 veritate

869 2197 1055 2228 manifestata,
1083 2196 1132 2223 sed
1159 2195 1196 2222 illi
1214 2195 1303 2222 locum
1332 2194 1419 2220 daret.
1442 2191 1660 2219 Circumciditur

868 2250 934 2277 ergo
953 2249 1018 2269 earo
1034 2241 1060 2268 in
1076 2240 1184 2267 occulta
1199 2245 1276 2274 parte
1298 2238 1433 2272 cerporis,
1451 2244 1514 2263 eum
1535 2235 1659 2262 nondum

868 2286 1044 2315 circumcisio
1057 2293 1105 2320 per
1119 2285 1236 2320 gratiam
1253 2286 1436 2317 compararet,
1458 2281 1504 2308 sed
1528 2287 1590 2306 eum
1613 2280 1659 2306 illa

869 2343 917 2370 per
942 2333 1052 2361 Domini
1077 2333 1246 2367 baptismum
1272 2330 1364 2357 omnia
1404 2328 1603 2358 collustrasset,
1630 2330 1659 2353 et

870 2382 1004 2409 illustrem
1032 2380 1196 2407 reddidisset
1213 2379 1368 2409 veritatem,
1391 2383 1453 2411 quae
1473 2374 1583 2401 fuerant
1596 2381 1659 2400 um-

866 2429 922 2455 brze
932 2432 960 2454 et.
986 2427 1131 2461 aenigmata
1143 2424 1233 2452 libere‘
1253 2432 1283 2451 se
1296 2421 1427 2450 exerendi
1443 2420 1560 2448 ulterius
1570 2418 1659 2446 facul-

867 2478 949 2501 tatem
969 2481 1023 2500 non
1040 2472 1180 2499 baberent.
1203 2470 1304 2497 Praeter
1325 2470 1461 2496 hactenus
1487 2473 1659 2494 commemo-

867 2522 936 2548 rata,
962 2516 1148 2544 revoeundum
1175 2519 1217 2542 est
1239 2515 1265 2542 in
1294 2514 1468 2544 memoriam,
1496 2512 1524 2539 in
1552 2511 1660 2538 semine

868 2563 985 2590 Abraltze
999 2561 1201 2589 benedicendas
1213 2568 1274 2587 esse
1297 2559 1362 2586 olim
1384 2565 1481 2585 omnes
1496 2561 1601 2592 gentes,
1621 2556 1660 2583 ita

869 2609 942 2637 enim
969 2607 1045 2642 justo
1071 2607 1110 2634 illi
1125 2607 1195 2638 viro,
1210 2614 1259 2641 per
1273 2605 1394 2640 seipsum
1405 2604 1547 2638 iuraverat
1573 2602 1656 2634 Deus,

870 2656 907 2682 ita
923 2656 982 2690 ejus
993 2655 1153 2690 progeniem
1169 2653 1314 2680 nationum
1330 2651 1455 2678 omnium
1473 2648 1659 2677 collectrieem

872 2701 946 2735 facit,
965 2708 1046 2736 quam
1065 2707 1113 2735 per
1135 2699 1258 2727 tribuum
1283 2698 1394 2726 illarum
1406 2701 1435 2725 et
1457 2696 1566 2733 generis
1583 2697 1661 2731 prin-

673 2805 787 2833 νιιῐιιΑς
805 2804 1010 2833 LECTIONES.

74 2893 130 2921 λυ.
152 2893 188 2922 Μ.
218 2895 413 2931 ὑπερέρχεται.
449 2903 458 2909 "
476 2897 506 2925 C.
520 2896 553 2923 M.
574 2896 751 2931 περίτμητον.
791 2901 803 2921 P
820 2897 850 2924 Ο.

868 2895 902 2925 Μ.
916 2895 1014 2926 αίτίας.
1055 2894 1112 2922 ιιΟ.
1135 2893 1168 2920 Μ.
1189 2892 1433 2927 εὐλογηθήσεσθαι,
