1873 3063
211 162 266 194 699

791 159 923 189 PHOTI-l
938 158 1193 189 PATRIARCH/E
1209 160 1264 190 ΟΡ.

1796 159 1848 191 ’ῖθθ

213 226 341 254 magnus,
367 217 491 251 inquam,
516 214 663 251 Dionysius
683 214 813 250 praclare
838 218 866 242 et
885 214 987 249 gravite

1095 223 1134 242 σιν
1151 215 1220 250 (29).
1238 214 1294 241 Καὶ
1310 214 1343 247 δὴ
1359 213 1416 249 (50)
1434 213 1481 241 καὶ
1495 212 1542 240 τοῦ
1561 213 1681 248 μεγάλου
1695 213 1744 249 τῆς
1768 215 1846 241 εὗσε-

215 265 305 295 docet,
322 262 411 289 Div'ini
436 261 564 289 Numinis
580 261 730 289 essentiam
753 261 893 289 mentibus
913 261 1004 288 homi-

213 319 276 338 num
299 317 438 344 nunquam
457 308 567 343 subjici.
585 308 668 335 Porro
687 315 720 335 ex
747 315 846 342 magno
864 307 1003 342 religionis

211 354 322 385 athleta,
333 354 379 388 qni
392 361 440 387 per
448 360 559 380 onmem
572 353 656 379 vitam
671 353 756 379 multa
767 353 890 387 pertulit,
900 352 1003 385 divino,

211 404 286 433 puta.
310 399 462 426 Athanasio
479 398 536 434 (5i)
562 398 647 425 multa
669 398 805 432 ejusmodi
823 398 902 425 etl‘ata
925 398 1004 425 colli-

210 452 274 479 gere
300 445 374 478 licet,
397 452 457 479 qum
479 444 585 471 Numen
609 452 747 472 summum
774 444 833 472 sine
851 444 1004 471 velamento

211 492 322 526 aliquo,
349 495 526 525 legumento,
550 495 597 517 aut
617 490 799 518 similitudine
822 490 856 517 ab
883 491 1004 518 humano

211 544 321 571 genere,
340 536 412 570 quod
430 536 464 563 ad
485 536 633 563 essentiam
659 540 686 563 et
713 541 838 563 naturam
863 543 1002 570 numquam

212 583 326 617 intelligi
343 590 424 617 posse
443 582 632 617 pronuntiant.
648 582 715 615 Quis
730 590 794 609 vero
813 583 931 616 ignorat,
947 590 1006 608 Ina-

212 636 296 665 gnum
314 633 339 654 et
354 628 546 655 admirabilem
569 628 712 660 Basilium,
730 628 830 662 regiam
855 627 928 655 illaut
953 627 1004 654 Ec-

212 674 303 701 clesiae
326 674 438 705 stolam,
460 674 650 708 optimumque
662 678 689 700 et
702 674 923 700 amantissimum
945 674 1005 700 ani-

212 728 319 747 marum
335 720 484 752 medicum,
501 723 597 747 contra
612 719 739 746 Eunotnii
755 720 871 746 haeresin
892 719 1006 746 medici-

212 774 275 793 nam
292 771 443 800 parantem,
462 766 532 791 inter
551 770 648 792 etetera
667 765 776 792 Paeonia
799 765 919 792 remedia
935 765 960 791 id
979 765 1004 791 in

212 810 308 844 primis
324 810 524 844 suppeditasse,
536 811 609 844 quod
631 810 722 837 divina
746 810 792 836 illa
812 816 839 837 et
859 810 1005 837 inetl'abilis

212 861 309 883 natura
328 864 378 883 nec
393 856 505 890 intelligi
525 864 573 882 nec
592 856 788 890 comprehendi
806 856 916 890 possit?

247 902 380 930 Praeterea
398 903 432 929 ab
450 903 497 929 illo
510 909 636 937 quoque,
653 902 697 929 eui
715 902 833 936 theologi
848 901 959 929 nomine
972 909 1005 929 ex

212 948 314 976 divinis
335 948 421 982 magis
438 948 628 981 sermonibus,
647 955 728 982 quam
745 956 778 975 ex
796 948 867 975 nuda
885 948 1007 983 appella-

214 996 287 1022 tione
305 995 444 1031 designari
465 996 581 1030 contigit
602 996 676 1030 (novi
694 1000 718 1022 te
745 994 907 1029 Gregorium
931 995 1008 1030 cogi-

213 1043 293 1076 tare),
309 1042 410 1076 quique
431 1041 553 1076 copiosis
570 1045 597 1068 et
614 1042 702 1068 acutis
715 1041 886 1076 argumentis
906 1041 1008 1067 verita-

213 1090 266 1113 tem
299 1086 370 1112 ltauc
402 1093 527 1113 asserere
562 1086 699 1117 instituit,
729 1085 762 1112 de
790 1085 887 1112 eodem
920 1086 1009 1120 capite

213 1131 410 1159 commentatio
418 1132 574 1167 perscripta
593 1135 646 1158 est.
666 1130 788 1165 Denique
806 1135 833 1157 et
854 1130 899 1157 ille
914 1129 1009 1157 Eccle-

213 1175 261 1203 sia:
273 1180 376 1207 orator,
393 1176 434 1203 vel
451 1176 495 1203 ille
508 1176 611 1210 potius;
625 1175 672 1210 qui
689 1179 775 1202 totum
795 1176 890 1202 orbem
905 1182 1010 1202 sermo-

214 1223 307 1254 nibus,
321 1223 457 1257 praeconio
477 1222 616 1257 Evangelii
632 1221 749 1256 aliisque
762 1221 896 1249 doctrinis
911 1222 1009 1256 plenis,

213 1269 356 1301 instruxit,
379 1269 442 1300 ille,"
460 1269 584 1303 inquam,
600 1276 681 1303 quem
702 1276 843 1296 sermones
865 1268 907 1295 sui
932 1269 1008 1295 aurei

213 1316 269 1342 oris
289 1316 402 1342 nomine
419 1315 605 1342 communiter
617 1315 748 1350 appellari
765 1315 900 1346 fecerunt,
916 1314 1011 1349 singu-

213 1361 264 1387 lari
279 1361 415 1393 oratione,
433 1360 467 1387 ad
483 1361 627 1387 veritatem
644 1368 697 1388 non
714 1361 817 1390 ritilius.
832 1367 914 1394 quam
932 1361 1011 1387 obse-

214 1407 309 1441 quium
328 1406 465 1439 lleelente,
480 1414 542 1439 quae
558 1406 595 1433 De
610 1406 867 1441 incomprehensibili
884 1406 1012 1434 inscribi-

216 1458 271 1484 tur,
290 1452 357 1478 nihil
374 1452 543 1487 diligeutius,
565 1460 647 1487 quam
664 1452 735 1479 idem
753 1452 804 1479 hoc
820 1456 1010 1487 argumentum

215 1503 312 1532 urget,
338 1503 365 1526 et
390 1501 571 1526 demonstrat.
595 1499 696 1526 Praeter
721 1499 771 1526 hos
797 1499 953 1526 itnutmeros
976 1506 1011 1525 ex

216 1545 376 1572 doctoribus
391 1546 493 1573 nostris
505 1540 573 1572 alios
594 1553 642 1579 per
660 1545 747 1573 otium
764 1546 913 1578 inveneris,
934 1553 1009 1573 eam-
1023 1557 1044 1586 ο

215 1591 277 1618 dem
296 1591 459 1618 sententiam
477 1591 615 1626 sull‘ragiis
639 1592 699 1618 suis
724 1592 923 1626 approbantes,
940 1599 1010 1626 quos

217 1635 330 1662 totidem
358 1635 448 1662 verbis
473 1642 533 1662 eam
551 1636 729 1670 proposuisse
745 1636 934 1663 demonstrare
946 1643 1011 1669 pos-

216 1689 286 1713 sem,
302 1681 355 1708 nisi
372 1689 416 1708 me
430 1681 503 1708 acris
526 1682 640 1708 morbus
659 1681 800 1709 doloribus
817 1682 1011 1710 intensissimis

216 1733 338 1756 vexaret.
355 1727 463 1754 Interim
481 1732 509 1755 et
533 1728 580 1755 tibi
598 1728 661 1762 ipsi,
676 1735 719 1760 ea,
742 1736 803 1763 quae
816 1728 889 1760 dixi,
909 1732 937 1755 et
951 1736 1011 1763 quae

216 1774 270 1801 alia
286 1779 360 1806 sunt,
376 1774 505 1801 memoria
525 1774 668 1808 repetenti,
684 1773 763 1801 facile
783 1774 874 1806 fuerit,
891 1775 1012 1802 testimo-

217 1821 261 1848 nia
278 1821 322 1847 illa
336 1820 474 1855 colligere,
495 1825 522 1846 et
539 1820 635 1847 miram
651 1820 774 1847 omnium
798 1820 1009 1847 consensionem

216 1867 382 1903 perspicere.
399 1866 461 1892 Mihi
484 1866 594 1901 quidem
618 1873 690 1893 nunc
711 1866 849 1893 sutfecerit
875 1874 1011 1900 apponere

216 1921 310 1940 vocent
333 1913 423 1945 illam,
440 1921 522 1948 quam
545 1912 634 1947 angeli
657 1912 809 1946 incorporei
826 1919 859 1939 eo
877 1916 1009 1946 tempore,

216 1969 270 1996 quo
287 1965 358 1988 totus
377 1961 563 1996 apostolorum
589 1961 702 1992 chorus,
720 1959 865 1987 Dominum
881 1964 908 1986 et
924 1959 1009 1987 Deum

217 2012 341 2036 nostrum
360 2016 415 2035 una
434 2015 496 2034 cum
516 2015 559 2040 eo,
577 2007 649 2042 quod
667 2014 700 2033 ex
716 2007 795 2034 nobis
811 2011 1009 2040 assumpserat,

216 2055 244 2081 in
259 2054 359 2081 caelum
383 2059 522 2088 receptutn
545 2053 640 2080 videns
656 2053 806 2080 mirabatur
831 2057 858 2079 et
873 2053 1008 2086 stupebat,

216 2100 290 2127 clare
310 2099 536 2133 promulgarunt,
564 2099 618 2126 illis
641 2099 762 2126 dicentes
783 2107 790 2124 :
814 2107 823 2124 ι
844 2097 914 2130 Quid
931 2098 1010 2125 statis

216 2145 320 2172 coelum
347 2145 501 2172 intuentes?
523 2145 568 2172 hic
582 2144 674 2177 Jesus,
692 2153 707 2172 a
723 2145 800 2172 vobis
820 2145 955 2175 sublatus,
977 2152 1009 2172 eo

219 2189 302 2216 modo
317 2193 479 2221 revertetur,
505 2196 561 2223 quo
576 2189 650 2215 illum
669 2189 695 2215 in
716 2188 816 2216 malum
833 2189 1010 2223 ριόίίςίδουιι-

1055 261 1131 292 ὕειας
1144 260 1313 295 ἁγωνιστοῦ,
1330 260 1359 292 ὃς
1375 260 1432 295 βίον
1449 260 1512 292 τοὺς
1526 260 1625 292 ἄθλους
1639 261 1786 295 ἠνέγκατο,
1803 262 1848 288 τὸν

1054 306 1199 334 θεσπέσιόν
1209 315 1245 342 φη
1250 315 1280 341 μι
1289 306 1478 341 Ἀθανάσιονίῦ
1483 307 1492 332 1
1498 305 1507 342 )
1514 327 1520 337 ,
1525 306 1624 337 πολλὰς
1634 306 1692 332 ἔστι
1701 307 1793 333 λαϐεῖν
1801 307 1848 338 τὰς

1055 353 1159 388 ῥήσεις,
1174 353 1202 379 αἳ
1219 353 1250 379 τὸ
1259 352 1337 379 Θείον
1351 352 1437 387 χωρίς
1451 360 1523 383 τινος
1534 352 1788 386 παραπετάσματος
1803 354 1848 378 καὶ

1055 398 1247 434 προϐλήματος
1265 398 1281 433 ἢ
1304 397 1478 433 όμοιὼματος
1492 398 1614 432 ἄληπτον
1631 395 1784 430 παντελῶς,
1800 398 1848 424 ὅσα

1054 453 1086 478 γε
1099 446 1140 476 εἰς
1155 444 1248 471 οὐσίαν
1268 446 1315 470 καὶ
1333 444 1431 478 φύσιν,
1450 444 1488 479 τῷ
1507 443 1673 479 ἀνθρωπίνῳ
1691 443 1766 477 γένει
1781 444 1847 470 ἁναι

1054 491 1230 526 κηρύττουσι.
1241 491 1295 526 Τὴν
1306 491 1334 517 δὲ
1345 492 1394 526 τῆς
1413 491 1577 525 Ἐκκλησίας
1591 490 1728 525 βασίλειον
1741 490 1846 525 στολὴν,

1055 537 1101 563 τὸν
1118 537 1274 571 θαυμαστὸν
1292 537 1338 563 καὶ
1357 537 1444 571 μέγαν
1460 536 1614 568 Βασίλειον,
1631 536 1677 562 τὸν
1694 536 1806 571 ἄριστόν
1821 545 1847 562 τε

1055 582 1114 617 ἅμα
1128 583 1175 609 καὶ
1183 583 1293 617 ἥδιστον
1306 582 1360 608 τῶν
1368 582 1463 617 ψυχῶν
1473 582 1577 618 ἰατρὸν,
1589 582 1631 614 τίς
1642 582 1692 608 οὐκ
1706 580 1847 613 οἷδεν,ὂτι-

1055 637 1110 664 περ
1127 629 1197 655 κατὰ
1213 629 1263 664 τῆς
1285 629 1420 663 Εὐνομιου
1442 628 1544 663 λύσσης
1564 630 1668 663 κιρνῶν
1684 628 1715 654 τὸ
1738 629 1848 663 φάρμα-

1056 683 1113 707 κον,
1130 676 1167 706 ὡς
1182 675 1212 702 ἓν
1228 684 1255 701 τι
1272 675 1326 701 τῶν
1343 675 1486 701 Παιωνίων
1502 674 1693 709 ἁλεξημὰτων,
1708 675 1757 700 καὶ
1772 673 1849 699 τοῦτο

1055 720 1087 756 δὴ
1110 720 1190 746 τοῦτο
1211 721 1242 746 τὸ
1266 721 1324 752 (52)
1349 721 1398 754 τῆς
1422 720 1498 751 Θείας
1523 721 1571 746 καὶ
1595 720 1717 755 ἀρρήτου
1744 719 1849 754 φύσεως

1056 765 1176 801 ἄληπτόν
1189 774 1219 792 τε
1235 766 1282 792 καὶ
1298 766 1477 801 ἁνεπινόητον
1489 766 1681 801 παρεστήσατο
1698 773 1705 798 ;

1093 899 1150 925 Καὶ
1166 897 1220 933 μὴν
1237 897 1285 924 καὶ
1300 897 1340 932 τῷ
1358 896 1413 931 (55)
1432 896 1486 923 ἀπὸ
1502 896 1552 931 τῆς
1577 896 1717 932 θειότητος
1734 900 1789 923 τῶν
1809 897 1849 924 λό-

1060 953 1115 978 γων
1130 943 1230 979 μᾶλλον
1246 943 1262 978 ἢ
1276 943 1319 970 διὰ
1331 943 1381 977 τῆς
1393 943 1516 978 κλήσεως
1527 943 1736 978 κληρωσαμένῳ
1751 944 1781 970 τὺ
1796 944 1848 979 (54)

1059 989 1310 1027 χαρακτηρίζεσθαι
1327 990 1373 1017 τὸν
1396 990 1527 1023 Θεολόγον
1549 987 1618 1025 (οἶδα
1638 990 1790 1025 Γρηγόριον
1815 991 1849 1021 ὡς

1059 1037 1185 1072 ἑνόησαςὶ
1204 1037 1293 1069 λόγοις
1313 1036 1356 1062 ὅτι
1373 1035 1491 1070 μάλιστα
1508 1037 1620 1067 πυκνοῖς
1635 1045 1666 1062 τε
1683 1036 1728 1062 καὶ
1743 1037 1849 1071 δριμέσι

1059 1085 1114 1115 τοῖς
1143 1083 1319 1118 ἐνθυμήμασι
1341 1081 1529 1117 ἰχνηλατοῦντι
1556 1081 1605 1117 τὴν
1632 1081 1764 1116 ἀλήθειαν
1788 1084 1850 1118 περὶ

1059 1130 1161 1164 ταύτης
1177 1129 1385 1164 ἀναγέγραπται
1398 1128 1448 1162 τῆς
1465 1128 1620 1159 ὑποθέσεως
1635 1128 1702 1163 (55).
1723 1128 1806 1155 ’Λλλὰ
1820 1137 1849 1162 γε

1059 1176 1092 1211 δὴ
1113 1176 1162 1202 καὶ
1186 1175 1226 1210 τῷ
1250 1176 1346 1210 ῥήτορι
1368 1174 1417 1209 τῆς
1444 1173 1619 1209 Ἐκκλησίας,
1644 1174 1746 1209 μᾶλλον
1763 1175 1794 1201 δὲ
1815 1176 1850 1209 τῷ

1061 1219 1131 1254 μετὰ
1142 1218 1247 1245 Παῦλον
1256 1218 1304 1253 τὴν
1320 1218 1458 1254 περίγειον
1471 1219 1561 1245 πᾶσαν
1573 1220 1631 1250 τοῖς
1644 1219 1690 1245 τοῦ
1704 1220 1849 1255 κηρύγμαι

1059 1274 1106 1297 τος
1116 1265 1205 1299 λόγοις
1219 1265 1265 1292 καὶ
1276 1265 1326 1299 τῆς
1338 1265 1421 1300 ἄλλης
1435 1265 1623 1299 παιδαγωγίας
1639 1265 1795 1298 πολίσαντι,
1807 1268 1850 1293 καὶ

1059 1312 1148 1347 τούτῳ
1162 1312 1206 1345 δὴ,
1232 1311 1334 1347 τούτῳ,
1356 1309 1387 1338 οὗ
1413 1311 1445 1338 τὸ
1470 1311 1558 1345 στόμα
1583 1312 1608 1338 οἱ
1637 1311 1712 1345 λόγοι
1736 1312 1851 1346 χρυσοῦν

1060 1356 1100 1392 τῷ
1120 1357 1216 1392 κόσμῳ
1235 1356 1404 1392 ἐγνώρισαν,
1424 1356 1503 1390 λόγος
1527 1357 1598 1392 ῥέων
1611 1357 1679 1383 πολὺ
1703 1357 1777 1391 μετὰ
1803 1358 1851 1393 τῆς

1061 1403 1191 1438 ἀληθείας
1219 1403 1249 1429 τὸ
1273 1402 1433 1438 πειθήνιον,
1452 1403 1481 1434 ὃς
1506 1404 1520 1429 ό
1543 1402 1614 1436 Περὶ
1635 1403 1852 1438 dicata/2:51:01)

1061 1450 1248 1484 ἐπιγράφεται
1264 1449 1336 1484 (36),
1355 1449 1432 1475 οὐδὲν
1449 1449 1542 1484 ἕτερον
1568 1449 1683 1483 μᾶλλον,
1698 1450 1715 1485 ῆ
1733 1449 1765 1475 τὸ
1789 1458 1851 1485 προ-

1062 1495 1191 1529 κείμενον
1207 1494 1370 1526 σπουδάζει,
1387 1495 1434 1520 καὶ
1450 1493 1652 1521 ἀποδείκνυσιν.
1670 1493 1726 1519 Καὶ
1742 1494 1853 1528 μυρίους

1062 1541 1159 1572 ἄλλους
1171 1540 1225 1567 τῶν
1241 1540 1322 1567 θείων
1339 1540 1416 1574 ἡμῶν
1434 1540 1562 1574 Πατέρων
1579 1539 1653 1574 εὖροι
1673 1539 1707 1566 ἄν
1721 1548 1764 1571 τις
1787 1540 1852 1566 κατά

1064 1586 1174 1621 σχολὴν,
1198 1584 1380 1620 ὁμογνώμονα
1397 1586 1452 1616 τοῖς
1472 1584 1629 1619 εἰρημένοις
1644 1583 1694 1619 τὴν
1708 1584 1803 1620 ψῆφον
1817 1584 1855 1617 ἐξ-

1063 1633 1190 1667 άγοντας,
1199 1631 1245 1664 οὒς
1258 1633 1282 1658 εἰ
1299 1633 1337 1667 μὴ
1350 1632 1404 1667 (57)
1420 1631 1451 1657 τὸ
1465 1631 1563 1666 πικρὸν
1575 1631 1626 1666 τῆς
1640 1631 1719 1657 νόσου
1731 1633 1785 1666 τὴν
1797 1632 1852 1658 ἀδύ-

1062 1687 1111 1713 νην
1128 1678 1266 1704 ἐπέτεινεν
1277 1698 1284 1710 ,
1301 1677 1372 1712 τάχα
1393 1677 1425 1703 ἂν
1441 1677 1488 1703 καὶ
1504 1677 1599 1707 αὑταῖς
1616 1676 1706 1708 λέξεσι
1721 1677 1775 1711 τὴν
1790 1676 1855 1710 γνῶ.

1063 1733 1118 1759 μην
1134 1725 1263 1759 παρεῖχον
1276 1722 1459 1754 δεικνύοντας.
1476 1722 1550 1757 Πλὴν
1570 1722 1639 1749 ἀλλά
1656 1722 1699 1748 σοί
1718 1731 1749 1756 γε
1769 1723 1855 1758 ῥᾴδιον

1062 1771 1216 1806 ὑπόμνησιν
1240 1770 1350 1797 λαϐόντι
1372 1770 1426 1796 τῶν
1446 1778 1476 1796 τε
1496 1770 1661 1805 εἰρημένων,
1679 1770 1727 1796 καὶ
1747 1771 1804 1797 τῶν
1819 1770 1854 1796 ἔτι

1061 1817 1241 1852 λειπομένων,
1257 1817 1307 1848 τὰς
1323 1817 1478 1852 μαρτυρίας
1495 1817 1535 1847 εις
1548 1815 1577 1842 ἓν
1591 1815 1795 1852 ἁθροισάμενον
1810 1817 1855 1850 τὴν

1062 1864 1094 1890 ἐκ
1117 1864 1227 1890 πάντων
1250 1862 1412 1897 συμφωνίαν
1436 1862 1593 1896 θαυμασίαν
1613 1862 1673 1888 οἵαν
1692 1861 1853 1888 θεάσασθαι.

1069 1910 1151 1945 Ἡμῖν
1163 1909 1186 1936 δ’
1209 1910 1291 1944 ἀρκεῖ
1309 1909 1344 1936 τὰ
1364 1908 1412 1935 νῦν
1428 1909 1474 1934 καὶ
1490 1908 1545 1934 τῶν
1564 1907 1719 1943 ἀσωμάτων
1739 1909 1823 1942 μόνον
1841 1909 1854 1942 ὴ

1062 1956 1138 1992 φωνὴ
1153 1955 1351 1991 παρατεθεῖσα,
1367 1955 1401 1989 ἣν
1413 1954 1508 1989 ἐπειδὴ
1521 1954 1577 1980 τῶν
1594 1954 1755 1981 ἀποστόλων
1785 1956 1800 1981 ὀ
1812 1964 1855 1989 χο-

1063 2002 1108 2035 ρὸς
1130 2002 1178 2029 τὸν
1197 2001 1286 2028 κοινὸν
1308 2001 1450 2035 Δεσπότην
1474 2000 1521 2026 καὶ
1540 1999 1606 2026 Θεὸν
1630 1999 1710 2034 ἡμῶν
1724 2001 1798 2034 μετὰ
1812 2000 1854 2026 τοῦ

1061 2048 1286 2084 προσλήμματος,
1318 2047 1581 2082 ἀναλαμϐανόμενον
1604 2046 1772 2081 βλέποντες,
1793 2055 1854 2073 κατ-

1061 2095 1225 2128 επλήττοντο
1238 2095 1286 2120 καὶ
1307 2093 1493 2128 ὲτεθήπεσαν,
1514 2092 1665 2127 διαρρήδην
1680 2092 1854 2127 ἀπεφήναντο

1061 2141 1130 2176 πρὸς
1147 2141 1256 2171 αὐτούς·
1283 2149 1292 2165 ι
1319 2139 1352 2166 Τί
1375 2139 1513 2174 ἑστήκατε
1532 2138 1718 2173 ἐμϐλέποντες
1744 2139 1788 2170 εἰς
1812 2138 1853 2163 τὸν

1061 2187 1193 2222 οὑρανόνς
1218 2183 1296 2217 οὗτος
1309 2186 1323 2212 ὸ
1345 2184 1448 2220 Ἰησοῦς
1463 2185 1477 2210 ὁ
1499 2182 1667 2218 ἀναληφθεὶς
1688 2182 1737 2217 ἀεί’
1761 2183 1851 2217 ὑμῶν,

217 2239 270 2260 tem
296 2233 443 2261 vidistis".
463 2243 472 2259 ι
496 2233 596 2260 Abibat
619 2233 739 2265 scilicet,
757 2237 787 2260 ut
810 2241 864 2260 una
890 2241 987 2261 cumet

1095 2241 1139 2264 τος
1151 2231 1341 2262 ὲλεύσεται,ὃν
1355 2230 1458 2266 τρόπον
1472 2229 1623 2256 ἐθεάσασθε
1638 2229 1720 2256 αὑτὸν
1737 2228 1851 2264 πορευό-

216 2278 289 2312 quod
316 2282 513 2313 assumpsorat,
539 2277 566 2304 in
598 2278 688 2304 sinum
712 2276 802 2305 Patris
833 2277 1010 2312 reciperetur,

216 2326 445 2360 quemadmodum
460 2329 539 2352 antea
565 2324 592 2350 in
611 2323 654 2351 his
671 2323 750 2350 terris
771 2323 806 2350 ita
822 2324 1011 2359 conspicieba-

219 2377 272 2405 tur,
289 2376 319 2398 ut
339 2378 422 2399 carne
445 2375 539 2398 nostra
553 2369 674 2397 exterius
699 2370 830 2402 munitus,
853 2374 880 2397 et
894 2370 1010 2397 humana

217 2419 305 2445 turnia
338 2417 450 2444 indutus
473 2421 628 2452 appareret.
662 2415 789 2443 Divinum
818 2417 913 2452 itaque
943 2417 1010 2444 illud

267 2474 290 2489 "
308 2473 368 2500 Aet.
390 2480 409 2506 ι,
423 2473 451 2499 ‘2.

1061 2287 1142 2315 μενον
1177 2279 1216 2309 είς
1240 2277 1286 2304 τὸν
1309 2276 1434 2312 οὐρανόν.
1459 2285 1468 2302 ι
1495 2275 1657 2311 Ἐπορεύετο
1675 2275 1709 2310 δὴ
1734 2274 1851 2310 δηλονότι

1059 2327 1116 2357 τοῖς
1132 2325 1275 2360 πατρικοῖς
1292 2323 1341 2350 καὶ
1365 2322 1436 2358 μετὰ
1451 2321 1498 2348 τοῦ
1515 2321 1732 2357 προσλήμματος
1749 2319 1852 2354 ἐνιδρυο

1059 2371 1191 2408 θήσεσθαι
1200 2370 1322 2402 κόλποις,
1334 2368 1429 2402 ὥσπερ
1442 2368 1490 2394 καὶ⁹
1502 2367 1633 2402 πρότερον
1643 2367 1692 2393 ἐπὶ
1702 2367 1753 2401 γῆς
1766 2366 1851 2401 tbde

1059 2417 1207 2454 πρόϐλημα
1221 2416 1314 2451 φέρων
1328 2415 1378 2450 τὴν
1392 2414 1493 2450 σάρκα,
1506 2414 1553 2441 καὶ
1564 2413 1614 2449 τὴν
1629 2411 1778 2448 ἀνθρώπου
1793 2418 1853 2446 μορ·

988 2520 1105 2548 NOTIE.

251 2592 308 2627 (‘29)
324 2592 394 2630 Vide
403 2593 575 2628 Dionysium,
592 2593 632 2630 De
649 2593 746 2620 divinis
766 2594 927 2627 nominibus,
944 2603 1005 2630 cap.

217 2629 244 2690 il,
262 2635 328 2690 quis].
352 2629 362 2655 l
378 2628 446 2663 Opp.
457 2631 518 2664 ejus
528 2629 594 2656 edit.
613 2628 789 2656 Corderianae
802 2637 828 2664 p.
845 2630 908 2662 457,
925 2628 1004 2665 seqq.

217 2673 231 2690 e
257 2672 270 2690 a
284 2672 300 2690 u
319 2684 326 2690 .

216 2671 243 2691 ct
257 2671 326 2690 atus.

255 2699 310 2734 (30)
325 2699 371 2735 καὶ
385 2700 428 2735 δή.
439 2699 556 2727 Colbcrt.

254 2736 309 2768 (5i)
328 2734 386 2762 Vid.
411 2734 604 2768 Athanasium,
619 2739 685 2761 tom.
701 2735 711 2762 Ι
726 2734 796 2770 Opp.
808 2736 852 2762 ed.
868 2735 1006 2763 Montei'al-

293 2778 318 2805 p.
336 2771 459 2804 94,227,
488 2777 541 2798 etc.
562 2776 590 2799 et
620 2775 687 2798 tom.
709 2770 742 2802 ll,
772 2778 798 2805 p.
819 2771 885 2804 245,
903 2771 956 2798 “208
982 2775 1009 2798 et

253 2826 309 2875 (ἑὲ)
319 2841 460 2869 Posterius
473 2842 526 2869 hoe
538 2842 568 2868 τὸ
576 2845 618 2869 est
629 2849 662 2868 ex
679 2840 758 2869 Colb.

253 2877 307 2911 (55)
324 2878 370 2905 Sic
387 2879 477 2904 scribo
490 2885 552 2912 cum
568 2877 663 2904 eodem
679 2883 728 2911 pro
742 2876 783 2911 τό,
807 2877 907 2912 pendet
931 2877 1005 2905 enim

229 2917 363 2948 sequente
377 2913 428 2948 κλη
439 2911 604 2948 ρωσαμὲνῳ.

1096 2596 1152 2630 (Et)
1168 2597 1198 2623 τὸ
1209 2595 1307 2630 scripsi
1320 2602 1370 2630 pro
1382 2593 1439 2630 τῷε
1529 2627 1534 2630 _
1600 2627 1605 2630 _
1672 2625 1677 2630 .
1712 2624 1718 2630 .
1826 2623 1832 2627 -

1096 2627 1152 2666 (55)
1169 2627 1274 2658 Passim
1289 2627 1341 2658 hoc
1356 2627 1582 2666 agitGregorius,
1592 2627 1626 2666 _in
1637 2627 1735 2660 primis
1745 2630 1811 2666 vero
1826 2630 1849 2666 ιη

1061 2656 1150 2701 λάἦῐιὶέ
1169 2656 1343 2699 οξξνᾷξξιᾷόῖξ
1367 2656 1500 2699 quinque,
1521 2656 1720 2697 uui'legunlur
1743 2664 1817 2686 torno
1841 2656 1849 2682 I

1061 2702 1130 2737 Opp.
1144 2710 1170 2736 p.
1185 2702 1237 2729 519
1250 2709 1327 2736 seqq.
1437 2734 1452 2737 __
1484 2733 1510 2737 Ν
1664 2732 1670 2736 _
1685 2730 1714 2737 η
1815 2726 1845 2737 ηε

1098 2730 1154 2772 (563
1170 2730 1297 2771 Quinque
1309 2730 1418 2763 exstant
1437 2734 1468 2760 ι).
1481 2732 1671 2772 Chrysestonii
1685 2730 1777 2764 λόγοις
1786 2730 1849 2772 ,πῖθι

1062 2766 1268 2807 ἀκαταλήπτοό,
1281 2775 1376 2798 contra
1387 2766 1626 2807 Anomwos'dicti.
1641 2766 1711 2800 Lege
1727 2773 1774 2807 eos
1785 2768 1846 2807 toni.

1064 2796 1398 2840 iram:sasinus}.
1413 2806 1464 2832 589
1485 2811 1576 2838 εει-«ιφ,
1591 2796 1732 2840 ῡυείιέρῆιεμ
1753 2796 1846 2840 tonet].

1060 2831 1601 2878 ᾖ..ἳθῖέλᾷέῖξίοιγνήθίάιιιοΐιιγιοοιιίίῖὶιίιε
1629 2843 1696 2865 tom.
1711 2836 1733 2870 I,
1753 2842 1780 2870 p.
1800 2831 1847 2860 ἀθά

1060 2885 1138 2911 seqq.

1099 2912 1155 2947 (37)
1174 2912 1253 2940 Coll).
1266 2920 1315 2947 pro
1326 2912 1350 2939 οἱ
1366 2912 1414 2948 μή.
