1873 3063
51 150 96 182 701

50 210 100 245 φῆν
119 209 323 244 περικείμενος.
348 209 454 236 Οὐκοῦν
472 210 520 236 καὶ
540 210 580 240 είς
598 207 678 241 αὖθις
695 210 764 236 κατὰ
787 210 837 245 τὴν
851 212 877 240 Λ

51 256 118 282 ἰδέαν
130 263 160 281 τε
177 255 225 281 καὶ
248 254 330 290 φύσιν
351 255 604 290 ἐμφανισθήσεσθαι
615 276 622 286 ,
640 256 680 287 εις
693 256 794 289 γνῶσίν
807 264 838 282 τε

50 302 93 328 καὶ
105 301 260 335 κατάληψιν
271 301 419 334 ἀφικέσθαι
429 301 475 328 τὸν
486 301 576 328 κοινὸν
587 301 725 337 Δεσπότην
738 302 752 328 ὁ
768 301 839 337 ἱερὸς

48 346 168 381 χρησμὸς
188 346 366 373 ἐὸεσαίωσεν.
391 346 447 373 Καὶ
468 347 528 373 τότε
544 347 595 381 ὅρα
612 355 674 381 μοι,
690 347 772 374 τίσιν.
800 348 836 374 Οὐ

48 393 98 428 γὰρ
112 393 169 424 τοῖς
187 392 336 426 τυχοῦσιν,
356 393 411 419 οὐδ’
427 393 484 419 ὅσοι
507 392 598 428 μικρῷ
619 393 657 428 τῷ
676 393 768 428 μέτρῳ
783 394 838 420 τῶν

43 430 132 465 ’ἄλλων
147 436 302 473 ἀνθρώπων
316 439 357 469 εἰς
369 437 513 464 ἐπίπνοιαν
526 446 556 464 τε
573 437 649 464 θείαν
662 438 708 465 καὶ
720 438 837 474 θεωρίας

49 480 127 516 ὕψος,
144 482 194 508 καὶ
212 483 273 514 ταῖς
288 482 382 514 ἄλλαις
397 483 511 518 ἀρεταῖς
527 483 743 518 ὑπερανέχουσιν
755 504 761 514 .
780 483 837 510 ἀλλ’

48 527 136 558 αὐτοῖς
148 526 276 559 ἐκείνοις,
288 529 312 554 οὶ
324 527 371 554 ἀπ’
387 528 477 563 ἀρχῆς
490 528 625 555 αὐτόπται
639 531 687 555 καὶ
703 529 838 564 ὑπηρέται

47 571 90 598 τοῦ
116 572 196 606 λόγου
222 573 390 608 γεγενῆσθαι
418 574 566 609 συμπάσης
589 574 640 609 τῆς
663 574 838 609 ἀνθρωπίνης

47 618 151 651 φύσεως
175 618 221 644 ὑπ’
239 619 322 646 αὑτοῦ
342 618 391 645 τοῦ
416 619 544 646 Πλάστου
561 619 777 655 προεκρίθησαν.
801 620 837 646 Σὺ

46 663 72 689 δέ
87 673 131 698 μοι
147 665 183 691 τά
194 673 224 690 τε
239 665 307 691 ἄλλα
322 665 439 701 ἔρρωσο,
451 665 499 692 καὶ
513 666 602 700 ψυχὴν
618 666 665 692 καὶ
681 666 761 701 σῶμα
776 666 837 700 Θεῷ

48 710 164 744 καθαρὸν
184 711 325 746 συντηρῶν
343 711 403 746 εἴης
417 711 464 737 τοῦ
482 710 542 746 βίου
559 711 594 738 τὰ
615 711 726 746 κύματα
745 711 837 747 ἱλαρὸν

47 755 190 786 πνεούσαις
205 754 303 789 αὔραις
324 756 462 791 διαπερῶν
473 776 480 789 ,
497 755 545 782 καὶ
562 755 610 791 τῆς
625 755 730 782 ἐκεῖθεν
747 755 839 791 ἅλμης

48 800 183 836 ὑπερνηχό
187 810 278 836 μενος.

322 857 491 884 ΕΡΩΤΗΣΙΣ
506 858 572 884 PK’.

50 903 76 931 TI
88 903 182 936 δηλοῖ
208 903 241 930 τὸ
266 903 473 930 ἁποστολικὺν
483 904 590 938 ῥητὸν,
604 903 636 930 τὸ
649 923 656 935 ,
676 913 685 929 ι
705 903 838 930 Πάντοτε

77 940 124 965 καὶ
143 940 205 965 νῦν
223 939 447 972 δοξασθήσεται
464 940 590 973 Χριστὸς
607 939 654 973 ,ἑν-
667 938 706 971 τῷ
723 938 838 973 σώματί

74 983 142 1007 μου,
161 984 169 999 ι
189 983 217 1000 λι.
235 975 258 1000 ἐ.
277 974 352 1008 (58);

546 151 596 182 AD
613 153 911 184 AMPIIILOCHIUM
926 154 1098 189 QUIESTIO
1112 155 1197 186 CXX.

1629 155 1683 185 702

889 210 1030 238 oraculum
1042 204 1197 242 confirmat,
1209 217 1384 238 communem
1396 209 1542 237 Dominum
1557 214 1682 237 nostrum

891 257 985 284 eadem
1009 256 1101 291 specie
1126 256 1270 292 formaque
1286 257 1383 283 iterum
1408 255 1467 283 fore
1491 256 1683 290 conspicnunt,

891 301 1036 337 oculisque
1051 303 1153 329 nostris
1165 306 1193 329 et
1208 302 1356 336 cognitioni
1378 302 1501 329 obvium.
1520 300 1587 328 Vide
1608 309 1683 334 vero,

889 347 989 382 quibus
1006 347 1072 374 illud
1096 348 1132 375 sit
1156 352 1329 376 evettturum.
1351 347 1408 374 Non
1425 355 1492 374 sane
1515 347 1683 382 quibusque.

889 401 978 429 neque
992 394 1046 420 illis
1061 394 1155 426 etiam,
1177 393 1223 429 qui
1242 394 1340 428 exigua
1364 400 1492 420 mensura
1507 393 1576 420 alios
1592 392 1684 419 homi-

889 447 949 472 nes,
961 441 1033 475 quod
1051 440 1083 468 ad
1099 440 1217 468 afflatum
1235 440 1356 467 divinum
1378 439 1597 474 cognitionisque
1615 446 1685 473 prte-

890 486 1033 518 stantiam,
1057 491 1085 513 ut
1110 487 1144 513 de
1167 486 1316 513 virtutibus
1332 486 1394 512 aliis
1416 494 1468 512 non
1484 485 1584 518 dicam,
1603 493 1685 519 supe-

889 535 973 564 rant;
995 531 1042 558 sed
1069 531 1136 565 ipsis
1163 531 1234 563 illis,
1251 531 1297 566 qui
1314 531 1348 558 ab
1366 531 1425 565 ipso
1439 530 1587 557 Conditore
1612 530 1685 564 digni

889 584 945 611 prae
959 577 1021 604 aliis
1041 577 1128 603 habiti
1144 582 1232 609 erant,
1249 581 1279 604 ut
1294 578 1327 603 ab
1342 577 1420 603 initio
1435 580 1604 610 spectatores
1618 574 1685 602 Ver-

889 622 927 655 bi,
942 627 969 649 et
989 623 1022 649 ad
1040 627 1126 650 totum
1144 623 1286 650 hominum
1310 630 1396 657 genus
1411 622 1534 656 ejusdem
1553 622 1685 655 interpres

888 673 916 695 et
932 669 1085 696 administri
1097 674 1198 696 essent.
1217 670 1254 696 lta
1270 674 1297 696 tu
1312 673 1339 696 et
1355 669 1423 695 alias
1436 668 1503 700 vale,
1520 672 1547 695 ct
1562 667 1684 694 animum

889 722 1044 750 corpusque
1064 714 1120 742 Deo
1144 716 1335 742 intemeratum
1360 722 1484 747 servans,
1503 713 1685 747 secundisque

888 761 978 788 ventis
993 749 1069 792 usus,
1091 762 1232 795 praesentis
1249 761 1311 788 vita:
1331 760 1429 788 ﬂuctus
1444 766 1553 794 supera,
1568 758 1686 786 salsum-

889 814 943 841 que
960 807 1011 833 hoc
1028 814 1104 834 mare
1128 808 1252 834 emetire.

926 862 1091 896 quassrto
1110 863 1191 891 cxx.
1208 863 1302 899 [ϐυἱδί.
1321 863 1421 891 CXLII.
1439 863 1521 890 Taur.
1540 861 1643 898 εχει]

892 908 963 940 Quid
986 909 1119 944 signiﬁcat
1136 909 1236 936 dictant
1260 911 1381 943 Ανοδιοίὶ
1397 918 1405 936 ;
1429 920 1437 935 ι
1457 910 1562 943 Semper
1576 915 1600 936 et
1617 916 1685 935 nunc

908 952 1010 979 quoque
1024 944 1146 971 Christus
1159 945 1352 979 gloriﬁcubitur
1365 946 1391 972 in
1402 953 1509 980 corpore
1520 953 1602 977 meo,»
1617 948 1670 971 etc.

74 1031 204 1057 Editarum
216 1040 229 1056 a
241 1031 331 1056 Wolﬁo
340 1033 426 1063 quinta
437 1033 465 1064 (Ι.
476 1039 510 1063 ο,
522 1039 547 1063 p.
562 1031 677 1062 715-719,
689 1031 801 1056 Galland.
813 1039 840 1064 p.
852 1032 966 1064 717—718,
977 1040 1003 1058 n.
1015 1034 1055 1064 21,
1067 1041 1091 1066 p.
1110 1034 1176 1066 H2).
1190 1035 1354 1065 —Expositto
1367 1037 1451 1059 textus
1461 1035 1569 1065 Philipp.
1582 1041 1599 1064 ι,
1613 1034 1651 1058 20.

83 1084 173 1111 Ἡ·τοῦ
183 1084 298 1119 ῥήτορος
308 1084 357 1119 τῆς
366 1083 494 1117 ἀληθείας
506 1083 593 1119 φωνὴ,
607 1084 634 1118 ἡ,
645 1083 682 1114 ὡς
700 1092 709 1109 ι
723 1083 842 1110 Πάντοτε

47 1129 89 1156 καὶ
103 1129 152 1155 νῦν
175 1128 373 1164 δοξασθήσεται
393 1128 511 1162 Χριστὸς
531 1129 560 1154 ἐν
577 1127 617 1163 τῷ
641 1127 749 1163 σώματί
770 1137 839 1163 μου,

47 1176 97 1201 εἴτε
112 1175 159 1202 διὰ
176 1175 262 1209 ζωῆς,
276 1174 331 1200 εἴτε
345 1173 389 1200 διὰ
415 1173 530 1200 θανάτου
556 1173 624 1208 (59).
644 1182 654 1198 ι
682 1173 765 1199 πόθου
791 1173 841 1208 μὲν

49 1221 111 1256 αὑτὴ
123 1221 181 1256 (40)
198 1221 343 1255 προχεῖται
358 1219 509 1255 σεϐασμίου
522 1228 552 1246 τε
568 1220 615 1246 καὶ
630 1219 715 1254 ἱεροῦ,
733 1219 842 1250 ἐλπίδος

48 1267 71 1293 δὲ
83 1267 202 1302 βέϐηκεν
215 1268 296 1301 φύσιν
311 1265 589 1301 ἀγνοούσης-θνητὴν,
604 1265 733 1300 τοιαύτην
747 1265 775 1291 δὲ
788 1265 838 1300 τὴν

47 1311 162 1337 διάνοιαν
172 1310 317 1346 ὑπτοδηλοῖ⁸
334 1310 456 1337 Πάντοτε
471 1311 485 1337 ὁ
499 1311 617 1346 Χριστὸς
632 1311 661 1337 ἐν
678 1310 717 1345 τῷ
732 1310 840 1345 σώματι

47 1356 151 1383 Πιύλου
172 1356 377 1391 ἐμεγαλύνετο,
401 1355 450 1383 καὶ
476 1356 521 1383 ὅτε
547 1356 657 1390 δεσμοῖς
683 1355 764 1382 αὑτὸν
792 1354 839 1381 καὶ

49 1401 155 1436 μάστιξι
181 1400 446 1435 ὲνταλαιπωρεῖσθαι
465 1400 631 1436 συνεχώρει,
651 1401 699 1426 καὶ
722 1400 837 1427 θανάτου

48 1446 96 1480 πρὸ
118 1445 215 1472 πυλῶν
240 1445 385 1482 ἐρρῖφθαι,
413 1446 460 1471 καὶ
482 1445 526 1472 ὅτε
554 1445 658 1478 ἐξεῖλκε
679 1444 760 1472 αὑτὸν
789 1445 838 1471 καὶ

47 1490 204 1525 ἀνήρπαζεν
230 1491 263 1516 ἐκ
288 1490 379 1525 μέσων
403 1490 457 1516 τῶν
483 1489 612 1524 ἀνιαρῶν.
633 1488 680 1521 Οἷς
708 1491 758 1525 μὲν
783 1490 838 1526 γὰρ

48 1537 166 1563 ἐναθλεῖν
187 1535 283 1571 ἠφίετο
295 1555 303 1568 ,
323 1536 369 1562 καὶ
385 1537 443 1567 τοῖς
458 1537 497 1567 εἰς
515 1535 630 1562 θάνατον
647 1535 743 1570 ἄγουσι
775 1544 839 1562 συν-

49 1582 185 1615 επλέκετο,
199 1583 362 1618 πειρασμοῖς
379 1581 537 1608 ἐϐεϐαιιοῦτο
551 1583 598 1608 καὶ
608 1581 772 1617 ἐκρατύνετο
787 1582 838 1616 τῆς

49 1629 185 1661 εὑσεόείας
206 1629 236 1656 τὸ
260 1629 403 1665 κήρυγμα.
423 1628 614 1663 Λογιζομένων
634 1628 689 1654 τῶν
711 1628 837 1663 ὁρώντων

50 1676 79 1702 sit
92 1675 200 1702 Παύλου
214 1675 318 1710 δεσμὰ,
336 1675 384 1701 καὶ
404 1676 452 1706 τὰς
472 1674 594 1709 θλίψεις,
614 1675 661 1701 καὶ
677 1674 725 1710 τὴν
739 1675 768 1700 ἐν
784 1674 834 1701 αὑ-

49 1724 100 1753 τοῖς
113 1721 254 1757 ὑπομονὴν
265 1709 509 1756 ἐκπληττομένων,
523 1720 618 1756 καὶτῷ
631 1709 752 1756 θαύματι
765 1721 834 1756 πρὸς
847 1709 869 1740 C

51 1768 214 1803 ἐπιστροφὴν
238 1767 455 1802 διανισταμένων
469 1787 477 1799 ,
492 1766 529 1798 ὡς
547 1767 571 1792 εἰ
592 1766 629 1802 μὴ
653 1766 726 1793 θεῖόν
748 1775 773 1793 τι
789 1766 836 1792 καὶ

51 1813 200 1849 πινάληθες
211 1813 243 1839 τὸ
258 1813 323 1848 παρ’
338 1812 421 1840 αὑτοῦ
439 1812 645 1849 κηρυσσόμενον
659 1813 834 1848 καθεστήκει,

49 1860 94 1886 ob:
111 1860 143 1887 ἂν
159 1859 255 1886 ἐαυτὸν
272 1859 381 1895 μυρίοις
403 1859 506 1895 χαίρων
525 1861 572 1886 καὶ
586 1859 734 1895 ἁφορήτοις
751 1859 836 1886 ἐδίδου

49 1907 149 1939 κακοῖς,
166 1906 226 1933 ἐνὸν
246 1905 421 1940 παυσάμενον
437 1905 657 1932 ἀπαλλάττεσθαι
673 1904 728 1931 τῶν
743 1905 836 1939 ἀλγει-

50 1951 98 1978 νῶν
112 1953 160 1978 καὶ
175 1951 214 1987 μὴ
226 1952 340 1979 θάνατον
352 1952 392 1983 είς
405 1952 500 1985 ἀγῶνα
515 1951 617 1978 καλεῖν.
639 1951 836 1986 Ἐμεγαὶώνετο

50 1997 132 2024 τοίνυν
149 1997 264 2028 εἰκότως
276 1997 320 2024 διὰ
333 1996 437 2023 τούτων
451 1997 466 2022 ὁ
480 1996 609 2031 Χριστὸς,
626 1995 672 2022 τοῦ
689 1995 835 2031 κηρύγμα-

50 2052 90 2075 τος
108 2046 148 2075 εἰς
170 2044 318 2078 βεϐαίωσιν
335 2045 392 2075 τοῖς
412 2043 518 2074 πολλοῖς
544 2042 744 2078 ἀφικνουμένου
757 2062 764 2074 ,
787 2042 836 2069 καὶ

49 2091 103 2120 ταῖς
115 2090 172 2116 τῶν
188 2088 341 2124 ἀνθρώπων
354 2088 596 2124 ἐμπλατυνομένου
616 2087 728 2122 ψυχαῖς.
751 2088 836 2114 Πάλιν

49 2134 84 2167 δὲ,
107 2136 191 2170 ὴνίκα
212 2135 333 2167 ἐξεῖλκεν
353 2136 434 2162 αὑτὸν
452 2135 499 2161 καὶ
522 2134 681 2170 ἀνήρπαζεν
704 2132 835 2161 κινδύνων
859 2156 865 2161 .

51 2180 191 2217 ὀλεθρίων,
207 2181 320 2208 αὐτόθεν
340 2181 532 2217 ἐμεγαλύνετο.
550 2181 618 2208 Οὐδὲ
632 2182 686 2215 γάρ
701 2190 772 2213 τινος
787 2182 835 2208 ἀν-

52 2226 184 2263 θρωπίνης
211 2225 246 2262 ἦν
272 2227 393 2258 ἐπινοίας
419 2228 452 2254 ἐκ
476 2228 560 2262 μέσον
582 2227 674 2262 χειρὸς
699 2226 835 2261 φονώσης,

51 2273 94 2298 καὶ
111 2273 159 2299 τοῦ
179 2273 297 2307 αἵματος
319 2272 460 2307 διψώντων
476 2273 579 2306 κακῶν,
600 2273 692 2308 ἀπαθῆ
705 2272 834 2304 πολλάκις

51 2319 211 2346 ἀπολύεσθαι
226 2319 271 2345 τὸν
285 2318 455 2354 ἀγωνιστὴν,
472 2318 539 2345 ἀλλὰ
556 2318 616 2345 θεία
642 2327 683 2350 τις
704 2320 750 2344 καὶ
765 2319 835 2354 ὑπὲρ

52 2366 188 2398 ἄνθρωπον
202 2366 282 2402 χάρις
298 2363 332 2401 ἧν
344 2385 351 2397 ,
372 2365 389 2400 ἡ
412 2366 476 2400 παρ’
494 2365 604 2396 ἐλπίδας
622 2364 667 2391 τὸν
681 2363 833 2399 θεράποντα
846 2377 873 2405 D

54 2412 166 2447 ῥυομένη
187 2412 235 2438 καὶ
254 2411 398 2438 διαλύουσα
419 2412 454 2437 τὰ
482 2410 569 2437 δεινάς
595 2410 656 2441 Πῶς
681 2410 775 2436 ἐλύετο
797 2409 833 2436 τὰ

53 2455 147 2491 δεσμά;
180 2457 243 2488 Πῶς
271 2457 416 2490 ἐξέπιπτον
443 2456 472 2482 αἱ
500 2455 625 2488 ἁλύσεις;
651 2455 682 2481 τὸ
709 2455 767 2488 φῶς
791 2455 834 2486 τίς

54 2502 168 2536 ὑφῆπτεν
182 2503 222 2538 τῷ
234 2503 364 2538 οἰκήματι
376 2502 431 2537 (41)
443 2511 450 2535 ;
464 2502 523 2534 πῶς
537 2502 757 2537 περιήστραπτεν
773 2500 834 2526 ὅλον

53 2549 81 2582 τῇ
93 2549 173 2585 αἴγλῃ
187 2549 318 2584 πληροῦν,
333 2549 467 2584 μηδεμιᾶς
482 2547 548 2583 ὕλης
563 2548 698 2582 ὑπηρετου
703 2545 786 2581 μένης
799 2547 830 2581 τῇ

932 1083 990 1111 Vox
1011 1084 1057 1111 illa
1073 1085 1207 1119 praeconis
1222 1085 1355 1117 veritatis,
1384 1092 1446 1120 quae
1459 1085 1497 1112 ait
1513 1095 1520 1112 :
1543 1095 1551 1110 I
1571 1084 1685 1120 Semper

892 1133 920 1157 et
933 1137 1005 1157 nunc
1020 1137 1130 1165 quoque
1146 1131 1272 1158 Christus
1290 1131 1315 1157 in
1332 1138 1445 1165 corpore
1465 1138 1526 1157 meo
1548 1130 1685 1166 glorifica-

892 1174 976 1208 bitur,
989 1176 1047 1203 sive
1061 1184 1110 1211 per
1125 1177 1220 1209 vitam,
1236 1178 1293 1204 sive
1307 1185 1355 1212 per
1378 1182 1503 1210 mortem,
1521 1186 1531 1203 ι
1554 1185 1588 1205 ex
1610 1179 1684 1205 desi-

892 1221 968 1248 derio
997 1222 1117 1256 quodam
1143 1222 1273 1256 religioso
1299 1227 1326 1250 et
1349 1230 1428 1250 sacro
1451 1223 1571 1257 proﬂuit,
1602 1224 1685 1254 simul

890 1273 955 1293 vero
970 1266 1004 1294 ad
1019 1273 1093 1301 spem
1108 1266 1221 1301 aspirat,
1234 1274 1294 1301 qua:
1311 1266 1451 1293 mortalem
1465 1271 1590 1294 naturam
1606 1267 1684 1301 igno-

890 1317 942 1339 rat.
974 1312 1089 1340 Sensum
1118 1321 1184 1340 vero
1205 1313 1278 1340 hunc
1302 1314 1394 1346 refert,
1413 1314 1486 1348 quod
1513 1313 1640 1342 Christus
1655 1314 1683 1342 in

890 1366 1006 1394 corpore
1028 1358 1104 1386 Pauli
1129 1367 1237 1402 semper
1259 1359 1294 1387 sit
1315 1360 1523 1394 magniﬁcatus,
1548 1360 1606 1388 sive
1621 1368 1683 1388 eutn

889 1404 1006 1432 vinculis
1027 1409 1054 1432 et
1078 1404 1174 1432 ferulis
1189 1405 1281 1440 atlligi,
1305 1405 1456 1440 mortisque
1473 1406 1540 1433 adeo
1556 1406 1686 1441 periculis

889 1450 971 1485 objici
992 1455 1131 1485 pateretur
1154 1451 1238 1484 Deus,
1259 1451 1316 1478 sive
1333 1451 1409 1478 illum
1432 1459 1465 1479 ex
1489 1452 1586 1479 mediis
1601 1459 1685 1479 vexa-

888 1497 1009 1524 tionibus
1028 1498 1156 1532 eriperet,
1169 1502 1196 1525 et
1215 1498 1376 1526 vindicaret.
1397 1498 1452 1526 lllis
1467 1499 1539 1526 enim
1557 1499 1684 1527 tentatio—

888 1543 986 1576 nibus,
1008 1543 1050 1570 vel
1066 1547 1183 1570 mortem
1207 1543 1293 1578 ipsam
1308 1544 1487 1576 minantibus,
1503 1551 1565 1572 cum
1583 1544 1683 1579 quibus

887 1589 1038 1616 conflictari
1054 1594 1081 1616 et
1094 1589 1251 1624 depugnare
1267 1590 1423 1624 jubebatur,
1442 1590 1609 1625 praeconium
1624 1591 1684 1625 pie-

887 1634 951 1660 tatis
975 1633 1136 1661 firmabatur
1157 1639 1185 1662 et
1211 1634 1411 1662 stabilicbatur.
1435 1634 1487 1667 Qui
1515 1635 1588 1662 enim
1607 1634 1682 1662 Panli

887 1680 996 1707 vincula
1013 1680 1241 1715 calamitatesque
1255 1688 1318 1708 cum
1335 1681 1440 1708 ratione
1460 1681 1683 1716 perspiciebant,

888 1731 914 1752 et
936 1726 1095 1760 patientiam
1120 1727 1147 1753 in
1169 1726 1222 1753 illis
1249 1727 1391 1761 probatam
1408 1726 1625 1759 admirabantur,
1643 1726 1682 1753 illi

887 1769 947 1804 ipsa
959 1770 1009 1796 hac
1020 1770 1201 1798 admiratione
1214 1770 1246 1797 ad
1260 1771 1467 1798 conversionem
1479 1771 1680 1804 excitabantur,

887 1814 1048 1848 cogitantes,
1067 1813 1119 1841 nisi
1134 1814 1271 1849 praeconio
1291 1814 1351 1849 ejus
1366 1815 1451 1842 divini
1472 1815 1574 1850 aliquid
1591 1819 1619 1842 ct
1633 1823 1681 1842 ve-

886 1858 988 1885 rissimi
1011 1859 1156 1892 subesset,
1182 1867 1211 1886 se
1232 1859 1321 1894 ipsum
1340 1859 1452 1887 inﬁnitis
1480 1865 1507 1888 et
1525 1860 1568 1887 vix
1584 1860 1682 1890 tolera.

885 1904 986 1931 bilibus
1008 1912 1063 1931 non
1086 1903 1171 1931 [uisse
1188 1905 1377 1939 objecturutn,
1396 1912 1478 1939 cum,
1506 1913 1521 1932 a
1545 1897 1680 1934 sententia

885 1950 1045 1983 discedens,
1073 1950 1205 1978 molestiis
1230 1951 1284 1978 illis
1309 1951 1418 1978 liberari
1451 1951 1602 1986 potuisset,
1629 1960 1680 1980 nec

885 1997 984 2023 mortis
995 1996 1145 2031 periculum
1157 1996 1249 2023 subire
1262 1997 1410 2024 debuisset.
1425 1996 1482 2024 Iloc
1492 1998 1584 2032 itaque
1600 1998 1679 2024 modo

885 2041 987 2069 Christi
1029 2042 1114 2076 gloria
1150 2043 1408 2070 convenientissima
1443 2043 1677 2078 atnpliticabatur,

885 2084 1108 2122 quandoquidem
1127 2088 1294 2122 praconitttu
1313 2088 1378 2115 illttd
1395 2096 1477 2123 quam
1493 2089 1618 2123 plurimis
1636 2097 1680 2116 ra~

886 2136 944 2159 tttm
961 2132 1051 2164 ﬁebat,
1071 2132 1269 2167 hominumque
1284 2132 1384 2159 animis
1400 2132 1573 2167 infigebatur.
1589 2133 1678 2165 Quatt-

885 2178 920 2205 do
943 2179 977 2205 ab
994 2178 1078 2205 altera
1107 2182 1184 2212 parte
1200 2177 1271 2206 Deus
1298 2179 1372 2205 illum
1397 2187 1429 2206 ex
1458 2180 1678 2213 praesentissimis

885 2223 1015 2258 periculis
1032 2223 1175 2259 eripiebat,
1195 2224 1277 2251 etiam
1293 2229 1349 2251 ttnn
1364 2224 1490 2252 Christus
1507 2225 1678 2260 glorificaba-

886 2274 940 2297 tur.
955 2269 1047 2304 Neque
1058 2270 1131 2297 enim
1147 2270 1260 2297 ltumaui
1274 2275 1332 2297 crat
1347 2270 1454 2297 consilii
1467 2276 1494 2297 et
1507 2271 1577 2304 opis,
1592 2271 1678 2297 athle-

885 2320 939 2342 tatn
966 2316 1038 2342 hunc
1060 2323 1093 2342 ex
1124 2316 1223 2343 mediis
1250 2323 1349 2342 ntanus
1371 2315 1601 2348 sanguinolenta},
1630 2321 1677 2343 aut

887 2361 1073 2395 improborum
1089 2361 1242 2393 hominum,
1258 2361 1418 2396 sanguinem
1434 2361 1595 2393 sitientium,
1611 2369 1678 2388 con-

886 2406 954 2434 siliis
974 2407 1088 2433 illmsum
1113 2407 1197 2434 exire.
1220 2406 1324 2434 Divina:
1350 2407 1440 2441 potius
1462 2412 1488 2434 et
1507 2407 1568 2441 plus
1593 2415 1677 2441 quam

888 2453 1014 2480 humanae
1027 2454 1121 2489 gratim
1136 2454 1296 2481 beneficium
1307 2453 1332 2480 id
1347 2458 1415 2485 erat,
1427 2461 1488 2488 quae
1503 2454 1607 2481 scilicet
1620 2462 1678 2482 ser-

889 2506 952 2525 vum
967 2498 1043 2525 illum
1063 2499 1163 2526 amotis
1188 2498 1268 2525 malis
1294 2498 1436 2531 omnibus,
1459 2503 1557 2533 praeter
1579 2506 1678 2534 exspe-

885 2545 1044 2577 ctatiouem,
1058 2545 1200 2572 liberabat.
1230 2543 1371 2577 Quomodo
1396 2544 1470 2572 enim
1485 2544 1594 2572 vincula
1619 2546 1678 2573 sol—

813 2633 929 2662 NOTIE.

84 2692 138 2727 ('58)
154 2693 274 2728 Philipp.
291 2701 311 2725 ι,
328 2693 375 2726 ‘20,
393 2693 438 2720 ubi
456 2698 546 2721 tamen
561 2700 611 2728 pro
634 2691 830 2728 δοξασθήσεται

55 2726 146 2761 legitur
159 2726 238 2755 hodie
247 2726 498 2763 μεγαλυνθήσεται,
511 2729 545 2755 ad
556 2726 637 2763 quem
658 2726 751 2756 locum'
758 2728 831 2754 nulla

56 2737 146 2761 legﬂlll'
160 2737 238 2755 ιιοιιιο
255 2737 498 2763 μεγαλυνυησεται,
511 2737 545 2755 au
577 2737 637 2755 uetn
658 2737 747 2756 locum
758 2737 831 2754 “ulla

56 2763 170 2803 godicum
184 2764 305 2803 varietas
331 2764 358 2803 ιιι
378 2764 538 2803 collectione
556 2737 682 2803 liliiliana
707 2767 831 2803 apparet.

57 2796 158 2825 Scilicet
170 2803 197 2825 et
207 2799 260 2829 hic,
273 2803 303 2825 ut
323 2799 401 2831 alias,
425 2798 537 2827 Photius
562 2800 701 2826 memoria:
717 2796 774 2825 suae
789 2799 832 2824 ni-

917 2691 974 2726 (59)
987 2689 1086 2718 Deesse
1099 2690 1207 2717 videtur
1222 2690 1352 2725 λέγουσα.

917 2727 971 2761 (40)
987 2726 1138 2761 Sie'scribo
1154 2734 1201 2760 pro
1215 2727 1294 2761 αὐτῇ.

917 2760 975 2795 (41)
988 2760 1106 2788 llumani
1121 2761 1223 2795 aliquid
1244 2760 1340 2796 passus
1355 2761 1398 2789 hic
1423 2767 1465 2790 est
1477 2762 1604 2790 Pltotius.
1622 2763 1678 2791 Ne-

882 2797 1022 2831 que-enim
1042 2797 1061 2824 ι,
1088 2804 1113 2823 c.
1138 2797 1228 2823 lumen
1245 2797 1350 2824 carceri
1369 2797 1473 2824 illatum
1490 2798 1612 2831 aliunde,
1627 2807 1640 2826 s
1661 2798 1678 2827 d

57 2831 132 2858 mium
146 2833 249 2869 tribuit.
263 2832 329 2869 ipse
344 2838 434 2860 tamen
457 2841 518 2861 mox
533 2834 658 2869 _verbutn
670 2833 832 2866 δοξάζεσθαι
884 2832 995 2869 candela
1012 2839 1027 2858 a
1043 2831 1156 2869 custode
1169 2832 1288 2869 uri-ceris
1299 2831 1447 2869 postul'ata,
1458 2841 1484 2859 v.
1499 2833 1545 2865 ‘29,
1559 2834 1676 2862 dicitur.

57 2873 99 2898 per
109 2867 305 2902 μεγαλύνεσθαι
323 2869 444 2904 exponit.

884 2866 922 2894 Ea
937 2867 991 2894 huc
1004 2866 1111 2899 retulit,
1121 2874 1182 2901 qua:
1192 2866 1273 2894 Petro
1284 2868 1446 2896 acciderunt
1458 2868 1518 2896 Act.
1537 2876 1589 2904 xu,
1611 2869 1656 2898 t7.
