1873 3063
205 166 258 198 703

785 164 900 194 ΡΠΟἸῚ
906 165 917 193 ῐ
938 165 1191 196 ΡΛΤΠῙΑΒΟΙΙᾸΞ
1205 166 1259 196 CP.

1788 166 1835 197 701

204 221 360 248 vehantur?
389 219 527 254 quomodo
562 219 726 247 decidebant
752 219 906 247 camenae"?
935 227 951 253 q

1079 222 1128 255 ιογί
1140 230 1147 253 ;
1160 222 1244 248 Πόθεν
1258 221 1338 256 μόνον
1355 221 1512 248 κατεσείετο
1524 221 1552 247 τὸ
1564 221 1763 256 δεσμωτῆριονς
1779 223 1836 254 ΙΙῶς

203 267 294 293 lumen
323 265 456 292 inferebat
484 262 607 292 carceri?
635 265 774 300 quomodo
801 265 866 292 illud
903 265 996 300 splen-

201 311 268 338 dore
312 319 362 348 suo
404 315 491 337 totum
535 310 737 345 perfundebat,
782 318 844 337 cum
889 309 996 336 nullum

200 357 315 383 ﬂammae
343 355 503 383 alimentum
533 355 713 390 suppeteret?
741 356 813 383 unde
840 363 934 383 carcer
962 354 997 381 il-

201 402 225 429 le
253 401 330 429 solus
360 401 595 429 concutiebatur?
627 401 769 434 Quomodo
804 401 997 436 aperiebantur

200 447 297 474 fores?
332 447 474 482 quomodo
502 451 541 474 tot
568 451 596 474 et
635 450 710 474 tanta
735 447 914 480 accidebant,
942 445 995 474 nisi

202 493 243 520 vis
279 501 396 526 manus,
422 493 512 520 omnia
537 493 723 528 perficientis,
748 500 779 519 se
808 491 997 520 exsertlisset?

201 537 329 571 Utraque
350 538 435 573 igitur
452 546 486 565 ex
500 543 578 573 parte
602 537 704 565 Christi
722 537 808 573 gloria
835 538 861 564 in
879 545 995 573 corpore

202 583 278 609 l’auli
299 583 529 617 atnplificabatur,
547 583 606 610 sive
631 590 720 617 prreco
746 583 856 610 divinus
888 582 995 610 acerbis

202 633 229 655 ct
259 628 340 655 morti
358 628 491 663 proximis
521 629 693 656 cruciatibus
719 633 904 661 exerceretur,
936 628 995 656 sive

202 676 333 702 Christus
363 675 494 702 athletant
510 674 584 702 hunc
620 674 840 710 sanguinolentis
861 674 994 702 insidian-

202 723 271 748 tium
290 719 414 749 consiliis
427 725 526 755 prteter
542 724 670 747 naturam
687 724 714 747 et
734 724 833 754 praeter
844 725 994 755 exspecta-

202 767 303 793 lienem
329 767 498 801 superiorem
522 766 689 793 ostenderet.
715 765 771 792 lloc
788 766 880 800 itaque
899 766 992 797 modo,

201 818 259 840 tum
277 820 324 847 per
341 813 438 844 vitam,
454 812 507 838 hoc
523 815 566 839 est
576 819 676 847 perea,
691 819 751 846 qua:
766 812 851 838 vitam
868 811 905 838 illi
924 818 994 846 prae-

201 859 313 887 stabant
324 862 351 885 et
366 857 551 889 vindicabant,
566 861 623 884 tum
634 864 681 892 per
694 857 789 891 plagas
803 862 830 884 et
840 857 991 889 cruciatus,

1048 267 1221 308 ὰνεῲγνυντο
1245 268 1274 294 αἱ
1290 268 1392 304 θύραι;
1418 268 1477 300 πῶς
1506 269 1598 294 ἐκεῖνα
1622 268 1656 294 τὰ
1684 269 1770 303 μυρία
1793 270 1836 295 καὶ

1048 314 1190 349 παράδοξα
1208 315 1347 349 ἐγεγόνει,
1370 315 1394 341 εί
1414 314 1452 350 μὴ
1471 314 1520 349 τῆς
1541 315 1632 341 πάντα
1650 315 1803 349 κρατούσης
1819 316 1834 349 ἡ

1047 360 1163 395 δύναμις
1178 361 1354 388 ἐπεδείκνυτο
1370 361 1480 396 χειρόςς
1496 362 1535 387 Δί’
1559 361 1662 395 ἀμφοῖν
1683 361 1730 388 οὖν
1744 362 1758 387 δ
1773 362 1836 397 Χρι-

1049 407 1110 438 στὸς
1124 407 1153 433 ἐν
1167 407 1206 442 τῷ
1222 407 1329 442 σώματι
1344 407 1452 434 Παύλου
1466 407 1661 442 ἐμεγαλύνετο,
1677 408 1738 438 ταῖς
1751 415 1781 433 τε
1794 416 1835 432 πι-

1047 454 1127 488 κραῖς
1153 453 1202 480 καὶ
1229 453 1428 489 θανατηφόροις
1455 452 1581 487 βασάνοις
1605 452 1834 487 ἐγκαρτεροῦντος

1045 499 1094 525 τοῦ
1105 499 1238 534 κήρυκος,
1255 499 1304 526 καὶ
1316 500 1351 526 δι’
1365 495 1402 526 ὧν
1420 499 1569 534 ὑπερφυῶς
1585 500 1646 531 ταῖς
1660 498 1715 525 τῶν
1730 498 1835 525 ἐπιδου-

1046 545 1179 572 λευόντων
1197 545 1364 580 μιαιφονίαις
1383 546 1428 572 καὶ
1441 544 1518 580 παρὰ
1533 545 1612 577 δόξαν
1633 544 1769 571 ἀνάλωτον
1784 545 1834 570 ὲτί-

1046 590 1088 617 θει
1105 590 1153 616 καὶ
1167 590 1344 617 ἀπεδείκνυεν
1360 590 1405 617 τὸν
1427 589 1595 624 ἀγωνιστήν.
1613 589 1706 620 Οὕτως
1720 587 1768 616 οὖν
1792 590 1834 615 καὶ

1045 637 1089 664 διὰ
1105 637 1155 672 τῆς
1173 637 1259 672 ζωῆς,
1275 636 1398 663 τουτέστι
1419 636 1474 662 τῶν
1501 636 1706 668 ζωοποιούντων
1723 635 1771 662 καὶ
1785 635 1835 661 διι-

1046 683 1197 716 σωζόντων,
1214 683 1261 710 καὶ
1277 682 1323 709 διὰ
1336 683 1390 709 τῶν
1408 682 1525 709 Θανάτου
1546 681 1702 716 παραιτίων
1724 680 1835 715 πληγῶν

1045 729 1092 755 καὶ
1104 728 1240 763 βασάνων,
1253 728 1269 762 ἡ
1283 728 1331 762 τῆς
1346 727 1442 761 σοφίας
1458 727 1505 754 καὶ
1520 727 1661 762 Sin/altam;
1680 726 1756 761 πηγὴ
1772 726 1835 760 Χρι-

1046 774 1107 805 στὸς
1119 776 1132 800 ὁ
1142 775 1209 806 Θεὸς
1220 774 1299 809 ἡμῶν
1313 775 1342 800 ὲν
1352 773 1391 809 τῷ
1400 773 1506 800 Παύλου
1522 773 1627 808 σώματι
1643 771 1834 807 ἐμεγαλύνετο.

1045 820 1129 846 Οὐδὲν
1151 819 1180 847 δὲ
1200 819 1301 846 κωλύει
1329 819 1363 845 τὰ
1388 819 1436 845 τοῦ
1465 818 1627 845 διδασκάλου
1656 818 1769 853 ῥήματα
1791 817 1835 843 καὶ

1045 865 1199 901 πρόρρησιν
1222 865 1404 900 ὑπογράφειν.
1428 864 1504 891 Ἐπεὶ
1520 864 1575 899 γὰρ
1590 863 1717 899 δεύτερον
1733 862 1774 898 τῷ
1786 862 1834 888 Νέ-

201 905 248 940 qui
270 908 386 931 mortem
415 902 564 930 conciliare
591 907 727 937 poterant,
752 902 889 935 Christus,
919 903 955 930 De

1079 897 1132 942 we;
1147 897 1259 945 -βήματι
1278 897 1414 946 παρέστη,
1431 909 1479 936 κοιλ⁵
1499 909 1550 944 τὴν
1561 897 1621 944 ’μὲν
1643 897 1764 943 πρώτην
1781 908 1833 943 (12)

202 955 308 983 noster,
336 955 468 984 tanquam
499 948 561 976 fons
588 949 730 983 sapientia:
761 953 790 975 et
811 948 940 983 potentiae
965 948 992 975 in

201 996 279 1023 Pauli
318 1003 435 1029 corpore
460 994 675 1029 glorificabatur.
693 993 766 1021 Nihil
794 1002 860 1021 vero
889 994 992 1027 obstat,

201 1043 267 1078 quin
290 1042 410 1070 doctoris
438 1042 525 1068 nostri
541 1041 624 1068 verba
644 1045 672 1068 et
696 1040 904 1075 praedictionem
928 1040 994 1067 sub-

198 1088 339 1123 jiciamus.
371 1085 440 1112 Cum
458 1086 530 1113 enim
545 1087 632 1113 altera
647 1086 704 1113 vice
727 1085 844 1113 Neronis
860 1085 992 1113 tribunali

201 1134 355 1165 sisteretur,
389 1136 449 1167 post
486 1132 602 1167 primam
636 1132 803 1167 apologiam,
834 1131 990 1165 dimissus;

201 1182 287 1206 altera
302 1187 368 1206 vero
391 1179 436 1206 illa
462 1178 530 1210 vice,
559 1178 670 1213 quando
688 1177 808 1205 Neronis
838 1178 987 1206 crudelitas

201 1225 314 1252 immani
337 1224 440 1258 impetu
454 1223 481 1250 in
499 1224 617 1258 pessima
642 1230 758 1257 quaeque
780 1221 931 1253 ferebatur,
953 1222 993 1248 vi—

203 1277 256 1298 tant
273 1271 364 1306 gladio
376 1270 470 1297 amisit
485 1278 493 1303 ς
508 1270 600 1297 dicere
615 1269 711 1304 utique
730 1267 847 1303 peterat,
865 1268 993 1296 Christus

200 1318 228 1344 in
251 1323 368 1351 corpore
391 1323 452 1342 tneo
475 1315 705 1351 magnificabitur,
733 1316 793 1343 sive
822 1323 871 1350 per
894 1315 992 1347 vitam,

201 1364 275 1391 sicut
291 1369 375 1394 nunc,
388 1361 500 1396 quando
512 1369 546 1389 ex
573 1369 656 1389 manu
674 1362 839 1389 adversante
861 1367 994 1389 mortem-

201 1416 255 1442 que
277 1408 430 1434 intentante
444 1414 487 1434 me
503 1414 527 1434 et
535 1407 624 1442 ipuit;
640 1407 698 1434 sive
720 1414 769 1442 per
785 1412 914 1439 mortem,
933 1415 994 1442 qua:

201 1462 266 1481 mox
282 1457 476 1486 consequetur,
493 1452 604 1487 quando
627 1453 791 1487 agonotheta
807 1453 853 1480 ille
869 1460 914 1480 tne
933 1460 994 1480 ma~

202 1500 277 1526 ximo
297 1499 449 1526 certamine
478 1506 534 1525 non
550 1498 689 1525 destituet.
718 1498 891 1526 Conveniens
919 1499 992 1526 enim

203 1546 290 1573 fuisse
312 1545 431 1577 videtur,
450 1549 480 1572 ut
501 1544 603 1572 athleta
619 1544 663 1572 hic
679 1552 734 1572 non
749 1549 813 1572 ante
838 1545 990 1577 fatisceret,

204 1599 294 1626 neque
323 1599 447 1624 cursum,
474 1591 603 1618 hutuanis
627 1591 733 1618 viribus
764 1591 933 1625 superiorem
958 1598 992 1619 eo

203 1638 302 1665 mortis
317 1645 428 1672 genere,
441 1637 513 1672 quod
537 1641 635 1664 natura
652 1644 798 1664 commune
810 1636 886 1669 facit,
907 1637 993 1664 inter-

204 1688 336 1717 rertcrct,
355 1684 402 1711 scd
433 1684 474 1711 fas
490 1683 582 1718 potius
607 1687 677 1715 erat,
697 1687 726 1710 ut
749 1683 808 1718 ipsa
827 1683 888 1718 ejus
906 1690 993 1715 mors,

202 1731 316 1766 ipseque
332 1730 367 1757 ad
378 1729 568 1757 desideratum
594 1729 738 1764 praemium
754 1729 846 1757 abitus
872 1733 900 1757 et
919 1729 994 1757 lucta

202 1777 332 1804 humana:
352 1782 458 1803 natura:
480 1775 554 1802 vires
569 1780 725 1810 superaret.
738 1773 796 1802 Hoc
817 1774 912 1810 igitur,
929 1775 992 1808 hoc,

202 1822 327 1856 inquam,
342 1820 457 1853 Paulus,
471 1820 518 1854 qui
532 1827 588 1847 non
603 1820 666 1854 sibi,
685 1820 734 1847 sed
749 1819 863 1848 Christo
874 1822 993 1854 vivebat,

202 1871 248 1904 qui
267 1870 396 1897 omnibus
421 1869 517 1896 omnia
532 1869 613 1896 [iebat
628 1872 657 1896 et
669 1873 740 1902 erat,
755 1873 819 1896 ante
847 1869 951 1896 indicat
967 1873 995 1896 et

201 1918 284 1944 docet
312 1916 476 1951 discipulos,
507 1923 541 1943 ne
570 1915 676 1943 scilicet
692 1916 720 1942 in
739 1921 878 1950 posterum
905 1915 994 1952 (Pauli

202 1963 277 1991 enim
308 1964 363 1990 vita
393 1970 456 1990 vere
478 1962 585 1997 insigne
605 1970 707 1989 munus
738 1967 798 1990 erat
813 1967 840 1990 et
855 1963 993 1998 praecipua

201 2015 265 2044 post
282 2009 366 2035 Donni
395 2010 484 2041 salus,
511 2009 555 2035 cui
571 2008 676 2036 scilicet
700 2008 836 2035 malorum
857 2009 935 2043 copia
953 2009 995 2036 itt-

202 2056 276 2082 tiicta
302 2054 372 2089 erat)
389 2054 560 2088 perturbatio
585 2054 709 2089 quaedam
737 2059 765 2081 et
782 2055 927 2089 aegritudo,
945 2062 994 2089 spe

203 2101 279 2128 omni
304 2101 421 2134 abjecta,
439 2099 548 2127 anitnos
576 2107 674 2126 eorum
695 2100 871 2134 opprimeret,
889 2108 951 2135 quae
966 2101 993 2127 in

203 2153 341 2174 summam
363 2152 411 2172 eos
423 2144 563 2171 tristitiam
581 2144 768 2179 praecipitans,
787 2152 862 2179 spem
883 2145 1010 2172 omnem'

202 2197 348 2224 everteret,
368 2192 499 2227 ipsosque
517 2192 543 2218 in
573 2191 683 2226 pietatis
702 2192 794 2218 studio
822 2199 921 2227 segnes
938 2192 993 2219 clli-

1045 956 1288 991 ἀπολογησάμενος
1303 955 1415 990 ἠφείθη,
1430 955 1460 982 τὸ
1471 954 1597 990 δεύτερον
1612 954 1650 986 δὲ,
1669 953 1738 989 πρὸς
1751 954 1834 980 πάντα

1044 1003 1095 1038 τῆς
1124 1003 1250 1038 Νέρωνος
1273 1002 1416 1037 ὠμότητος
1437 1001 1546 1037 ἀσχέτῳ
1568 1000 1643 1036 ῥύμῃ
1664 1000 1833 1035 φερομένης,

1046 1050 1117 1086 ξίφει
1133 1051 1178 1077 τὸν
1195 1050 1253 1085 βίον
1265 1049 1462 1084 ἀπολιμπάνει,
1479 1048 1559 1075 τοῦτο
1573 1047 1620 1074 νῦν
1636 1047 1669 1074 ἂν
1683 1047 1727 1082 εῐη
1740 1046 1832 1080 λέγων,

1045 1097 1086 1124 δτι
1102 1096 1346 1132 Μεγαλυνθήσεται
1359 1095 1477 1132 Χριστὸς
1491 1096 1520 1122 ὲν
1531 1094 1570 1130 τῷ
1585 1093 1693 1129 σώματί
1706 1101 1770 1128 μου,
1784 1093 1834 1118 είτε

1045 1143 1091 1169 διὰ
1110 1142 1195 1178 ζωῆς,
1226 1141 1322 1176 ὥσπερ
1351 1142 1398 1168 νῦν
1423 1142 1455 1167 ὲκ
1478 1140 1568 1176 χειρὸς
1587 1139 1767 1173 παλαμναίας
1791 1138 1834 1164 καὶ

1045 1189 1169 1223 φονώσης
1182 1187 1354 1224 ἀφαρπάζων
1368 1196 1413 1223 με,
1428 1187 1484 1213 εἴτε
1499 1187 1544 1213 διὰ
1559 1186 1688 1217 θανάτου,
1703 1185 1743 1216 ὡς
1759 1185 1833 1211 ὑστε-

1044 1242 1092 1269 ρον
1105 1233 1182 1260 ἐσται
1193 1254 1201 1266 ,
1223 1233 1291 1269 μηδὲ
1311 1233 1359 1260 τοῦ
1376 1232 1524 1268 κεφαλαίου
1540 1232 1596 1259 τῶν
1610 1231 1700 1260 ἄθλων
1721 1232 1833 1258 ἀποστε-

1044 1279 1156 1316 ροῦντός
1173 1288 1206 1314 με
1221 1279 1269 1306 τοῦ
1291 1276 1472 1314 ἀγωνοθὲτου.
1491 1279 1568 1305 Ἔδει
1583 1278 1648 1313 γὰρ,
1667 1277 1704 1309 ὡς
1728 1278 1815 1303 ἔοικεν
1827 1297 1833 1307 ,

1045 1325 1083 1361 μὴ
1101 1326 1311 1361 προαποκαμεῖν
1333 1325 1378 1352 τὺν
1400 1325 1531 1361 ἀθλητὴν,
1557 1324 1625 1360 μηδὲ
1648 1324 1693 1350 τὸν
1708 1323 1780 1358 ὑπὲρ
1792 1323 1834 1349 ἄν·

1045 1371 1153 1407 θρωπον
1164 1371 1263 1407 δρόμον
1273 1371 1355 1407 κοινῷ
1363 1371 1412 1407 τῆς
1424 1371 1533 1406 φύσεως
1541 1369 1704 1404 διακοπῆναι
1718 1369 1833 1403 θανάτῳ.

1044 1417 1113 1444 ἀλλὰ
1127 1417 1175 1444 καὶ
1188 1418 1274 1454 αὐτὴν
1284 1418 1334 1453 τὴν
1346 1418 1414 1453 πρὸς
1427 1417 1458 1444 τὸ
1469 1416 1639 1451 ποθούμενον
1653 1416 1745 1448 ἔξοδον
1757 1413 1834 1442 ἆθλον

1044 1461 1114 1490 εἶναι
1128 1463 1176 1504 ηαὶ
1187 1464 1331 1499 ἀγώνισμα
1341 1464 1459 1500 κρείττω
1472 1463 1581 1498 φύσεως
1594 1462 1742 1498 γηγενοῦς.
1755 1463 1835 1489 Τοῦτο

1044 1509 1076 1545 δὴ
1091 1507 1148 1541 οὖν,
1163 1509 1243 1536 τοῦτο
1256 1511 1270 1536 ὁ
1290 1510 1328 1546 μὴ
1344 1510 1399 1542 ζῶν
1415 1510 1505 1545 ἑαυτῷ
1518 1530 1526 1542 ,
1548 1509 1617 1536 ἀλλὰ
1631 1509 1670 1545 τῷ
1688 1509 1811 1544 Χριστῷ,
1823 1510 1836 1534 ὁ

1043 1557 1100 1587 τοῖς
1115 1556 1181 1582 πᾶσι
1199 1556 1288 1583 πάντα
1303 1557 1351 1583 καὶ
1363 1557 1516 1591 γινόμενος,
1531 1557 1578 1583 καὶ
1592 1555 1640 1589 ὢν,
1662 1556 1835 1590 προῦποφαί-

1045 1601 1096 1638 νει,
1109 1605 1157 1631 καὶ
1172 1603 1401 1638 προαναδιδάσκει
1415 1603 1478 1635 τοὺς
1493 1603 1632 1638 μαθητὰς,
1647 1602 1692 1628 ἴνα
1714 1603 1754 1637 μὴ
1773 1602 1836 1637 μετὰ

1044 1650 1131 1678 ταῦτα
1157 1650 1248 1686 (μέγα
1270 1650 1325 1685 γὰρ
1341 1647 1376 1684 ἦν
1396 1649 1434 1680 ὡς
1453 1647 1562 1683 ἀληθῶς
1583 1647 1632 1674 καὶ
1651 1646 1750 1683 πρώτη
1774 1647 1837 1682 μετὰ

1045 1697 1113 1723 Θεὸν
1133 1696 1255 1732 σωτηρία
1270 1696 1287 1731 ἡ
1302 1695 1409 1722 Παύλου
1427 1693 1486 1730 ζωὴ
1500 1693 1547 1720 τοῦ
1568 1693 1654 1725 πάθος
1668 1692 1771 1728 ἀθρόον
1783 1693 1837 1719 δια-

1044 1743 1185 1777 δοθέντος)
1202 1741 1316 1777 θόρυϐός
1338 1749 1381 1772 τις
1405 1739 1452 1766 καὶ
1480 1739 1598 1774 τάραχος
1623 1738 1661 1773 τῷ
1685 1738 1838 1772 ἀνελπίστῳ

1044 1789 1092 1821 τὰς
1103 1788 1193 1824 ψυχὰς
1205 1788 1296 1814 αὐτῶν
1307 1786 1442 1822 διασείσῃ,
1454 1785 1502 1812 καὶ
1513 1787 1552 1817 εἰς
1564 1786 1706 1820 ἀμήχανον
1722 1785 1837 1819 ἀθυμίαν

1045 1834 1172 1870 ἐμϐαλὼν
1191 1834 1281 1860 πᾶσαν
1300 1833 1392 1863 αὐτοῖς
1410 1831 1508 1858 ἐλπίδα
1530 1831 1762 1866 συγκαταστρέψῃ
1775 1831 1836 1864 (43),

1046 1879 1174 1914 καὶπρὸς
1191 1878 1242 1913 τὴν
1257 1877 1399 1904 εύσέὸειαν
1417 1877 1578 1913 καταστήσῃ
1596 1875 1745 1911 ὀκνηροὺς.
1763 1876 1837 1903 Ἐστι

1045 1925 1073 1952 δὲ
1088 1925 1137 1952 καὶ
1149 1924 1243 1960 ἕτερον
1262 1923 1317 1950 τῶν
1334 1923 1467 1959 ῥημάτων
1487 1923 1606 1958 θηρᾶσαι
1623 1921 1745 1954 σκοπὸν,
1763 1922 1788 1948 εί
1803 1921 1836 1956 μή

1044 1980 1071 1997 τι
1090 1970 1154 1998 ἄλλο
1166 1988 1173 2001 ,
1193 1969 1253 1996 ἀλλ’
1278 1968 1325 1995 οὖν
1348 1968 1425 2004 παρὰ
1448 1967 1515 1994 πόδα
1537 1967 1605 1999 τέως
1624 1967 1787 2002 ὑπάρχοντα
1803 1966 1838 2000 τῷ

1046 2016 1131 2052 ῥητῷ.
1146 2016 1194 2047 Τίς
1207 2013 1255 2042 οὖν
1268 2012 1345 2047 οὗτος
1357 2023 1364 2047 ;
1386 2015 1431 2045 Ὠς
1443 2014 1568 2046 πάντοτε,
1582 2013 1674 2048 φησὶν,
1689 2014 1719 2039 ὲν
1736 2014 1791 2048 ὅλῳ
1802 2013 1838 2048 τῷ

1044 2062 1092 2089 τοῦ
1114 2062 1172 2096 βίου
1190 2061 1356 2096 διαστήματι
1376 2060 1561 2095 ἐμεγαλύνετο
1576 2060 1589 2085 ὁ
1610 2058 1731 2094 Χριστὸς
1755 2059 1786 2084 ἐν
1803 2058 1838 2093 τῷ

1044 2107 1092 2134 τοῦ
1113 2106 1222 2134 Παύλου
1241 2107 1361 2142 σώματι,
1385 2106 1537 2141 πάσχοντος
1553 2104 1602 2140 μὲν
1625 2104 1775 2139 ἀνδρείως,
1795 2105 1838 2131 καὶ

1046 2155 1170 2189 κρεῖττον
1185 2152 1202 2187 ἢ
1225 2153 1297 2180 κατὰ
1313 2152 1370 2188 βίον
1386 2151 1526 2186 φιλοῦντος
1542 2150 1571 2178 τὸ
1587 2150 1648 2186 ζῇν,
1664 2151 1836 2177 ἀπαλλασσο-

1047 2200 1127 2234 μένου
1141 2200 1171 2226 δὲ
1186 2199 1262 2232 ξένον
1277 2199 1333 2235 (Η)
1348 2197 1464 2224 ἀκοῦσαι
1478 2197 1534 2233 (15)
1547 2198 1594 2224 καὶ
1609 2197 1730 2229 πίστεως
1749 2197 1836 2233 μεῖξον

203 2245 285 2268 ceret.
307 2238 458 2266 Possumus
483 2245 550 2266 vero
582 2238 665 2265 ctiam
694 2237 778 2264 alium
807 2238 902 2265 horttm
932 2246 955 2265 Vt

1079 2246 1145 2280 ητῆς
1158 2253 1165 2259 ·
1185 2245 1256 2271 οὕτω
1271 2244 1327 2280 (46)
1345 2244 1392 2270 καὶ
1407 2243 1455 2270 νῦν
1473 2243 1711 2279 μεγαλυνθήσεται
1722 2265 1730 2276 ,
1750 2244 1796 2270 καὶ
1810 2244 1836 2268 ὲν

202 2288 299 2315 borum
325 2293 436 2320 scoptun
467 2284 644 2319 investigare,
665 2284 723 2319 qui,
739 2288 769 2310 ut
793 2285 847 2311 alia
876 2289 993 2317 taceant,

202 2338 266 2360 ante
282 2331 366 2368 pedes
382 2331 490 2366 positus
504 2334 573 2357 erat.
592 2329 660 2363 Quis
685 2337 750 2357 vero
763 2330 830 2357 ille?
845 2330 870 2357 ls
887 2331 992 2365 tttique,

201 2380 274 2414 quod
306 2378 408 2405 Paulus
421 2377 506 2408 dicat,
524 2377 598 2403 sicut
613 2375 742 2403 Christus
767 2383 876 2410 semper
895 2380 922 2403 et
947 2383 995 2410 per

201 2432 313 2452 omnem
330 2423 393 2451 vitae
421 2431 479 2450 sua:
498 2429 610 2449 cursum
640 2423 668 2449 in
689 2429 805 2457 corpore
817 2430 868 2449 suo
887 2422 994 2456 magni-

201 2474 301 2498 ticatus
328 2471 375 2502 sit,
406 2477 468 2497 cum
488 2468 596 2496 fortiter
614 2469 707 2496 omnia
725 2473 923 2504 perpeteretur,
949 2469 990 2496 vi-

203 2524 314 2552 tamque
346 2522 454 2543 amaret
473 2521 609 2551 praesente
637 2515 868 2550 przestantiorem,
895 2515 991 2542 codetn

202 2572 267 2591 vero
288 2570 410 2598 tempore
424 2563 558 2590 liberatus
569 2563 733 2591 insolentius
747 2563 861 2598 aliquid,
878 2567 905 2590 et
918 2571 992 2590 tuor-

204 2611 250 2638 tali
268 2610 320 2637 fide
347 2610 434 2643 majus
453 2602 635 2645 perciperet;
665 2609 703 2638 ita
723 2617 798 2636 nunc
823 2617 933 2644 quoque
965 2609 992 2636 in

203 2656 264 2691 ipso
289 2655 367 2682 luctae
390 2655 444 2682 line
460 2655 587 2682 eumdem
613 2654 818 2690 magnificatum
835 2654 879 2681 iri.
903 2653 992 2681 Glori-

236 2725 258 2740 ⁸⁸
271 2725 331 2752 Act.
347 2731 403 2757 xvt,
419 2724 464 2753 26.

1044 2291 1120 2326 αύτῷ
1134 2291 1189 2317 τῶν
1209 2290 1409 2326 ἀγωνισμάτων
1430 2289 1468 2324 τῷ
1484 2290 1566 2316 τέλει.
1592 2289 1835 2325 Μεγαλυνθήσεται

1044 2337 1073 2363 δὲ
1089 2337 1122 2364 ἐκ
1134 2346 1164 2364 τε
1182 2337 1228 2364 τοῦ
1246 2337 1283 2372 μὴ
1300 2336 1397 2363 παθεῖν
1415 2335 1461 2363 τὸν
1477 2336 1652 2371 ὑπασπιστὴν
1665 2336 1769 2370 ὁμοίως
1793 2336 1835 2362 καὶ

1045 2384 1077 2410 ἐκ
1091 2383 1139 2410 τοῦ
1150 2383 1258 2410 παθεῖν.
1274 2383 1370 2409 ⁸Ἡκων
1387 2382 1441 2417 γὰρ
1455 2382 1469 2408 ὁ
1479 2381 1610 2415 γεννάδας
1625 2378 1703 2412 οὗτος
1716 2382 1760 2408 ὲπ*
1775 2381 1836 2407 αὐτὸ

1045 2430 1075 2456 τὸ
1095 2429 1252 2456 τελευταῖον
1278 2429 1387 2456 στάδιον
1408 2428 1464 2455 τῶν
1479 2428 1567 2455 ἄθλων
1579 2448 1587 2460 ,
1605 2428 1716 2462 ἀφίεται
1736 2428 1786 2463 μὲν
1804 2427 1834 2452 τὰ

1047 2475 1146 2510 πρῶτα
1162 2475 1209 2502 τοῦ
1226 2476 1342 2503 θανάτου
1358 2474 1407 2501 καὶ
1421 2475 1471 2510 τῆς
1490 2474 1608 2509 σφαγῆς,
1624 2474 1696 2509 λόγῳ
1709 2473 1835 2508 ἀληθείας

1047 2523 1094 2548 καὶ
1115 2521 1212 2558 γνώμῃ
1229 2521 1351 2548 θεοσεϐεῖ
1367 2521 1564 2556 διαλυσάμενος
1582 2520 1632 2552 τὰς
1645 2520 1752 2551 αἰτίας,
1772 2519 1835 2554 μᾶ).-

1049 2567 1094 2594 λον
1109 2567 1137 2594 δὲ
1152 2568 1201 2602 τῆς
1217 2568 1438 2604 παντοκράτορος
1453 2567 1706 2602 φιλοτιμησαμένης
1719 2565 1834 2592 ἐνταῦθα

1045 2613 1148 2645 δεξιοῖς,
1171 2614 1219 2640 καὶ
1236 2613 1358 2648 δηλονότι
1374 2612 1557 2649 ἐμεγαλύνετο
1570 2613 1599 2639 ἐν
1611 2612 1650 2647 τῷ
1663 2611 1772 2639 Παύλου
1786 2611 1834 2637 σώο

1049 2665 1114 2692 ματι
1131 2659 1145 2684 ὁ
1162 2658 1290 2693 Χριστός.
1305 2658 1389 2685 Πάλιν
1411 2658 1439 2685 δὲ
1457 2657 1488 2684 τὸ
1501 2657 1637 2692 δεύτερον
1659 2657 1690 2683 οὐ
1709 2657 1764 2692 γὰρ
1785 2656 1833 2682 ἕδη

964 2772 1081 2800 ΝΟΤΑΕ.

205 2819 247 2883 w(
255 2820 294 2856 12)
308 2821 422 2856 Πρώτην
437 2820 528 2848 addidi
553 2828 586 2847 ex
601 2820 722 2852 Colbert.
738 2819 818 2848 Conf.
834 2820 856 2848 11
873 2819 944 2848 Tim.
957 2828 992 2853 tv,

237 2892 294 2927 (45)
311 2892 364 2920 Pro
378 2891 628 2926 συγκαταστρέψει,
647 2896 676 2918 ut
693 2899 754 2918 mox
779 2891 955 2925 καταστήσει.

1081 2821 1137 2856 (tl)
1156 2821 1235 2849 Colb.
1252 2828 1303 2856 pro
1315 2820 1386 2853 ζέον.

1079 2857 1136 2890 (45)
1159 2855 1339 2887 Ἀκούσαντος
1358 2855 1462 2887 malim,
1476 2863 1509 2883 cx
1524 2863 1623 2883 vocum
1648 2857 1796 2882 structura.

1081 2893 1137 2926 (46)
1149 2892 1195 2920 Sic
1209 2892 1287 2920 Colb.
1306 2898 1355 2927 pro
1369 2891 1455 2918 οὔπω.
