1873 3063
171 151 223 183 ’115

751 155 884 197 ΡΙΙΟΤΙ
897 156 1149 188 ΡᾹΤΒῙΑΗΕΗιΕ
1170 159 1222 189 CP.

1749 154 1800 188 ’116

171 213 273 242 ctatur,
298 207 345 236 sed
363 207 480 243 primum
502 209 611 244 quidem
633 209 766 238 miracula
785 216 813 238 et
831 211 954 247 exiguam

1071 212 1134 247 ιέχει
1147 221 1153 227 -
1172 212 1242 239 ἀλλὰ
1269 211 1430 246 κατ’ἀρχὰς
1444 211 1495 246 μὲν
1517 210 1646 246 θαύματα
1666 210 1713 238 καὶ
1732 211 1803 238 διδα-

172 260 276 291 partem
307 255 438 283 doctrina
462 256 663 291 apostolorum,
691 262 787 292 postea
811 265 876 285 vero
904 262 961 285 tota

174 301 298 330 tractatio
321 301 348 329 in
367 301 482 329 Paulum
502 302 696 330 transferatur.
720 303 868 331 Enimvero
892 303 962 332 liber

173 353 313 383 propterea
340 348 459 375 Actuum
487 348 702 382 apostolicorum
729 349 838 376 titulum
864 349 961 382 refert,

171 394 246 428 quia,
262 398 331 422 teste
348 393 445 427 Paulo,
461 403 471 420 ι
488 393 612 423 Membro
626 403 681 423 uno
701 395 855 430 glorificato
871 396 963 424 Omnia

173 439 294 466 utelubra
321 440 402 467 simul
423 440 614 475 glorificantur
626 440 646 468 ⁸.
663 450 672 467 ι
698 440 832 468 Similiter
855 449 964 476 quoque

172 485 216 512 hic
232 485 362 520 scriptor,
380 485 453 512 Petri
466 491 493 513 ct
507 485 584 513 Pauli
599 490 660 514 acta
677 487 833 514 communia
849 487 963 520 faciens,

173 529 274 556 librum
288 529 363 556 hunc
387 529 575 565 apostolorum
591 530 659 558 Acta
680 531 832 566 inscripsit.
850 531 928 565 Quod
940 531 965 559 si

173 582 256 609 porro
282 575 333 602 sub
359 575 449 610 capite
473 580 559 604 totum
586 583 687 611 corpus
711 576 964 612 comprehenditur.

173 620 369 647 convenienter
391 626 452 649 acta
479 621 680 656 praeeipuorum
708 622 793 650 Actus
825 620 965 658 apostolo-

174 673 234 693 runt
246 671 390 699 vorantur,
407 667 638 702 quemadmodum
650 668 822 703 eldoctrina,
833 673 965 704 tanquam

174 712 306 747 apostolis
333 714 512 745 communis.
544 714 571 741 in
599 714 655 745 illis
672 715 806 747 traditur,
838 715 966 750 quamvis

173 758 314 785 enarratio
329 759 389 793 eius
408 759 550 787 succincte
566 764 594 787 et
607 760 702 794 paucis
717 759 774 793 fiat,
794 761 966 788 commodam

175 809 266 832 tamen
286 805 369 840 hujus
389 805 579 840 inscriptionis
601 805 775 833 occasionem
800 807 966 842 suppeditat.

177 850 346 886 Scriptorcm
365 859 432 879 vero
444 851 562 879 Actuum
582 852 629 879 alii
643 851 802 880 Clementem
817 852 967 880 Romanum

1013 258 1128 285 σκαλιαν
1140 258 1235 293 ὀλίγην
1251 258 1305 285 τῶν
1318 258 1488 290 ἀποστόλων,
1514 256 1614 292 ἐφεξῆς
1628 257 1657 283 δὲ
1673 257 1714 289 εἰς
1726 257 1800 284 Παῦ-

1013 303 1058 330 λον
1074 305 1191 330 κινετται
1209 303 1284 333 πᾶσα
1302 303 1320 338 ἠ
1342 303 1529 338 πραγματεία.
1560 302 1635 338 Πλὴν
1661 302 1705 329 διὰ
1728 303 1804 330 τοῦτο

1014 349 1130 385 Πράξεις
1153 349 1207 376 τῶν
1231 349 1388 375 ἀποστόλων
1406 348 1602 383 ἐπιγράφεται,
1628 347 1706 379 διότι,
1734 350 1804 375 κατὰ

1013 396 1059 422 τὸν
1075 394 1192 426 Παῦλον,
1211 403 1220 420 ι
1239 393 1424 429 Δοξαζομένου
1440 393 1502 425 ἐνὸς
1521 393 1619 428 μέλους
1644 393 1803 425 συνδοξέμῖε-

1013 450 1059 468 ται
1074 441 1131 476 (85)
1148 440 1238 467 πάντα
1249 440 1284 468 τὰ
1301 439 1380 475 μέλη.
1399 449 1408 466 ι
1427 439 1505 466 οὕτω
1518 439 1547 466 δὲ
1565 439 1614 465 καὶ
1634 439 1684 470 τὰς
1700 439 1803 474 Πέτρου

1014 488 1062 515 καὶ
1070 487 1177 514 Παύλου
1198 485 1312 522 πράξεις
1334 485 1572 520 κοινοποιούμενος
1587 484 1601 510 ὁ
1618 484 1806 519 συγγραφεὺς,

1014 534 1070 560 τῶν
1084 533 1242 562 ἀποστόλων
1253 533 1284 558 τὸ
1301 531 1403 567 βιϐλίον
1416 530 1572 566 ἐπέγραψε,
1593 530 1721 566 Πράξεις.
1734 530 1765 556 El
1781 530 1807 556 δὲ

1015 579 1063 606 καὶ
1083 580 1117 614 τῇ
1138 579 1245 614 κορυφῇ
1268 577 1561 613 συμπεριλαμϐάνεται
1585 576 1615 603 τὺ
1640 576 1701 603 ὅλον
1719 575 1806 610 σῶμα,

1016 625 1135 659 εὐλόγως
1150 624 1184 652 ἃν
1211 624 1260 655 τὰς
1285 623 1445 660 κορυφαίων
1469 622 1588 658 Πράξεις
1601 622 1738 649 ἐκάλεσαν
1755 622 1808 648 τῶν

1017 670 1186 702 ἀποστόλων,
1213 670 1284 705 πλήν
1303 678 1338 704 γε
1365 670 1412 696 καὶ
1432 669 1450 704 ἡ
1477 669 1556 704 κοινὴ
1578 668 1633 695 τῶν
1653 668 1808 695 ἀποστόλων

1017 715 1236 752 ἐμπεριεχομένη
1248 715 1364 746 ταύταις
1373 714 1545 747 διδασκαλία,
1561 714 1613 741 κᾶν
1623 714 1667 740 ἐπ’
1680 714 1772 748 όλιγον
1790 715 1806 749 ἡ

1016 761 1120 796 ταύτης
1140 760 1268 796 διήγησις
1294 760 1489 796 παρατείνεται
1502 779 1509 792 ,
1529 760 1588 787 ἀλλ’
1614 759 1745 796 ἀφορμὴν
1761 760 1810 794 τῆς

1019 807 1176 841 ἐπιγραφῆς
1201 805 1492 841 παρέχεταιηεῦλογον.
1518 806 1571 833 Τὸν
1597 806 1628 832 δέ
1652 806 1811 841 συγγραφέα

1018 853 1071 880 τῶν
1086 853 1217 888 Πράξεων
1227 854 1252 879 οι
1263 852 1313 887 μὲν
1326 852 1487 887 Κλήμεγτα
1497 852 1606 887 λέγουσι
1621 852 1668 879 τὸν
1686 852 1809 887 Ῥώμης,

177 897 327 932 appellant,
343 896 499 924 Barnabam
519 897 576 929 alii,
598 897 644 925 alii
660 906 724 925 vero
745 897 841 925 Lucan
857 907 953 934 evange

1071 908 1092 926 οι
1104 899 1133 926 δὲ
1148 899 1319 933 Βαρνάϐαν,
1339 899 1387 926 καὶ
1397 898 1474 926 ἄλλοι
1488 898 1610 927 Λουκᾶν
1623 898 1677 925 τὸν
1689 899 1811 933 εὐαγγε-

177 942 280 970 listam.
297 943 356 977 Ipse
376 950 440 970 vero
458 942 545 970 Lucas
570 950 639 970 rem'
651 943 759 976 delinit,
779 943 891 978 quando
909 944 967 979 pri-

177 997 253 1016 mum
266 989 377 1024 quidem
390 989 417 1016 in
434 989 529 1017 limine
540 989 603 1017 libri
620 994 782 1024 praemonet,
793 989 866 1024 quod
884 989 967 1017 aliam

178 1034 435 1062 commentationem
449 1052 458 1065 .
487 1034 593 1061 Domini
615 1038 691 1069 gesta
718 1033 944 1068 complectentem
959 1053 968 1067 ,

178 1080 338 1115 scripserit;
354 1079 454 1108 deinde
468 1087 535 1108 vero
551 1087 566 1107 a
579 1079 686 1107 caeteris
699 1079 875 1114 evangelistis
892 1078 919 1105 in
936 1085 970 1106 eo

177 1126 291 1159 diﬂert,
329 1126 404 1161 quod
432 1133 514 1153 nemo
542 1133 637 1154 eorum
668 1124 861 1153 tractationem
890 1131 969 1151 suam

179 1180 265 1208 usque
285 1173 320 1200 ad
337 1172 528 1201 ascensionem
544 1171 649 1200 Christi
669 1171 809 1207 producit,
824 1169 884 1206 ipse
903 1177 970 1198 vero

179 1219 256 1248 solus
284 1223 310 1247 et
335 1219 525 1246 ascensionem
543 1218 618 1246 illam
637 1221 765 1247 accurate
783 1217 922 1252 exposuit,
943 1221 972 1244 et

179 1268 214 1294 ab
235 1266 330 1294 eadem
353 1265 471 1298 Apctuum
494 1264 599 1292 initium
621 1263 696 1291 fecit.
712 1262 837 1290 ΜαιιΙιωί
858 1262 970 1298 quidem

180 1312 361 1348 Evangelium
389 1311 416 1339 in
443 1319 477 1339 eo
498 1311 609 1343 desiuit,
637 1315 668 1338 ut
689 1309 817 1345 discipuli
843 1308 971 1338 undecim

180 1358 296 1394 profecti
321 1358 459 1390 dicantur,
484 1357 603 1393 ﬁnisque
621 1356 682 1392 eius
706 1360 772 1384 est:
794 1364 804 1382 ε
821 1354 914 1390 Usque
937 1354 971 1382 ad

181 1403 449 1434 consummationem
478 1396 575 1433 mundi
603 1411 612 1429 :
637 1401 724 1433 Amen
736 1401 758 1429 '.
778 1409 788 1428 ι
816 1400 910 1436 itaque
939 1401 973 1428 de

181 1450 343 1479 ascensione
360 1449 427 1477 nihil
441 1449 526 1477 addit.
543 1448 653 1480 Marcus
667 1455 732 1476 vero
751 1454 805 1479 non
823 1451 876 1474 tam
890 1453 973 1476 enar-

183 1500 226 1523 rat
240 1503 313 1527 eam,
327 1502 409 1530 quam
425 1495 514 1522 obiter
526 1493 607 1528 quasi
626 1495 836 1525 commemorat,
851 1491 948 1519 dicens
964 1499 972 1517 :

1018 944 1140 980 λιστήν.
1155 943 1243 976 Αὐτὸς
1259 944 1289 971 δὲ
1315 943 1436 978 Λουκᾶς
1459 944 1607 979 ὲπικρίνει,
1628 944 1740 979 πρῶτον
1763 944 1812 979 μὲν

1019 991 1049 1024 ἐξ
1059 987 1098 1018 ὧν
1107 989 1330 1026 προοιμιάζεται,
1342 990 1379 1023 ὡς
1388 990 1436 1017 καὶ
1443 990 1527 1026 ἑτέρα
1538 989 1613 1026 αὐτῷ
1622 990 1809 1026 πραγματεία,

1019 1037 1069 1069 τὰς
1084 1037 1255 1069 Δεσποτικὰς
1270 1037 1436 1073 περιέχουσα
1460 1036 1576 1073 πράξεις
1594 1037 1809 1073 καταϐέϐληται.

1020 1083 1152 1119 Δεύτερον
1165 1083 1204 1116 δὲ,
1215 1082 1246 1116 ἐξ
1258 1079 1297 1110 ὦν
1305 1083 1353 1110 καὶ
1366 1082 1421 1110 τῶν
1434 1082 1523 1110 ἄλλων
1536 1083 1742 1117 εὐαγγελιστῶν
1756 1083 1812 1109 δια-

1022 1129 1171 1163 στέλλεται,
1183 1129 1225 1156 ὅτι
1240 1128 1323 1165 μέχρι
1332 1128 1383 1164 τῆς
1398 1128 1562 1164 ἀναλήψεως
1578 1128 1667 1160 οὐδεὶς
1678 1128 1770 1155 αὐτῶν
1783 1127 1811 1154 τὸ

1023 1175 1168 1210 σύνταγμα
1191 1174 1335 1210 προελθεῖν
1362 1175 1523 1210 ἐποιήσατο,
1553 1174 1613 1201 ἀλλ’
1628 1170 1708 1206 οὗτος
1736 1173 1812 1209 μόνος

1022 1221 1070 1248 καὶ
1084 1221 1135 1256 τὴν
1149 1220 1284 1255 ἀνάληψιν
1299 1220 1422 1256 ἀκριὸὦς
1435 1220 1599 1256 ἐξηγήσατο,
1611 1221 1659 1247 καὶ
1673 1220 1756 1247 πάλιν
1768 1219 1814 1254 τὴν

1022 1267 1077 1294 τῶν
1111 1266 1241 1302 Πράξεων
1266 1266 1396 1301 ἀπαρχὴν
1422 1266 1477 1293 ἀπὺ
1498 1266 1602 1302 ταύτης
1631 1266 1812 1300 ὑπεστήσατο.

1023 1312 1176 1340 Ματθαίου
1196 1312 1247 1348 μὲν
1268 1311 1324 1348 γὰρ
1345 1312 1423 1344 τέλος
1455 1311 1513 1347 εχει
1534 1312 1565 1339 τὸ
1583 1311 1764 1346 Εὑαγγέλιον·
1786 1311 1816 1336 οι

1023 1359 1120 1387 ἕνδεκα
1136 1359 1256 1395 μαθηταὶ
1272 1358 1472 1394 ἐπορεύθησαν*
1487 1358 1589 1390 τέλος,ι
1604 1358 1677 1389 Ἕως
1691 1358 1744 1393 τῆς
1760 1366 1818 1384 συν-

1024 1404 1130 1436 τελείας
1142 1404 1189 1431 τοῦ
1205 1404 1314 1435 αἰῶνος.
1331 1403 1428 1439 ⁹Αμήν.
1449 1412 1459 1429 ι
1476 1403 1531 1430 Καὶ
1545 1402 1611 1438 περὶ
1624 1402 1675 1437 μὲν
1690 1402 1742 1438 τῆς
1753 1403 1819 1429 ἀνα-

1024 1451 1134 1486 λήψεως
1146 1450 1224 1477 ούδέν
1239 1449 1413 1486 προστίθησι.
1428 1449 1550 1483 Μάρκος
1566 1449 1596 1476 δέ
1607 1449 1633 1476 εἰ
1647 1449 1695 1475 καὶ
1712 1457 1819 1484 μνημο-

1025 1497 1108 1530 νεύει,
1123 1495 1183 1524 ἀλλ⁹
1195 1496 1234 1528 ὡς
1243 1497 1271 1523 ἐν
1287 1495 1433 1531 ἐπιδρομῇ,
1448 1495 1537 1530 λέγων
1547 1503 1555 1510 ⁸
1578 1494 1608 1522 '0
1625 1494 1675 1530 μέν
1698 1492 1748 1522 οὗν
1763 1494 1820 1521 Κύ-

187 1551 196 1568 ι
216 1541 348 1569 Dominus
383 1540 497 1575 itaque,
520 1544 668 1574 postquam
694 1545 757 1566 cum
786 1538 840 1565 illis
863 1536 954 1565 locutu

233 1591 240 1594 .
347 1593 351 1594 ν
377 1590 393 1594 μ
411 1593 414 1594 ,
457 1589 493 1594 Δί.
517 1585 523 1594 1
537 1593 540 1594 ν
579 1585 674 1594 --Διημ
730 1588 752 1594 ,ι
786 1581 908 1594 -.ι-.-λλζι
941 1589 953 1594 λ

1073 1552 1087 1575 ς
1102 1542 1172 1578 μετὰ
1186 1542 1216 1569 τὸ
1225 1541 1343 1577 λαλῆσαι
1360 1542 1452 1574 αὐτοῖς
1468 1541 1607 1577 ἀνελήφθη
1620 1542 1661 1572 εις
1675 1540 1725 1567 τὸν
1739 1541 1820 1576 ούρα-

183 1591 263 1620 erat,
294 1590 421 1621 receptus
452 1589 496 1613 est
517 1585 544 1612 in
576 1585 697 1616 coelum,
727 1588 753 1611 et
784 1581 910 1611 consedit
940 1581 976 1615 ad

184 1633 309 1660 dextram
330 1630 377 1658 Dei
389 1631 410 1657 ⁸.
430 1639 440 1656 ι
462 1630 558 1665 Itaque
585 1636 636 1657 nec
658 1628 782 1660 modum,
806 1634 857 1655 nec
871 1627 974 1661 locum,

186 1685 237 1705 nec
251 1677 316 1709 alia,
334 1683 396 1711 quin
422 1682 484 1703 cum
509 1674 618 1702 actione
638 1674 690 1702 hac
710 1673 859 1708 conjuncta
884 1676 973 1706 erant,

186 1723 369 1759 persequitur.
399 1722 513 1750 Joannis
540 1721 659 1756 denique
684 1720 861 1756 Evangelium
886 1719 976 1754 histo-

186 1771 255 1798 riam
275 1769 446 1797 ascensionis
466 1769 494 1796 in
523 1768 578 1796 fine
603 1775 660 1795 non
683 1766 806 1799 tradidit,
833 1765 976 1794 subinnuit

187 1824 263 1849 vero,
280 1815 366 1844 multa
389 1815 442 1844 alia
464 1814 561 1842 fecisse
580 1812 693 1845 Iesum,
715 1812 816 1848 quibus
838 1812 866 1840 in
892 1818 977 1839 unum

188 1863 308 1895 collatis,
325 1869 380 1893 non
394 1861 507 1891 credere
521 1868 561 1893 se,
579 1859 669 1896 ipsum
688 1858 821 1887 mundum
841 1857 929 1886 libros
944 1857 978 1886 de

189 1909 222 1936 iis
247 1908 364 1943 scriptos
393 1914 492 1942 capere
515 1906 627 1942 posse'.
656 1905 751 1940 Itaque
777 1912 851 1932 unus
874 1902 978 1936 Lucos,

188 1954 261 1990 quod
278 1953 346 1986 dixi,
367 1957 395 1985 et
410 1952 600 1981 ascensionem
620 1951 648 1979 in
664 1950 718 1978 line
738 1948 877 1984 Evangelii
897 1948 980 1983 latius

190 1999 375 2035 persequitur,
388 2005 416 2028 et
430 1999 465 2027 ab
480 1998 576 2027 eadem
592 1997 712 2027 Actuum
728 1996 794 2025 facit
808 1996 928 2024 initium.

191 2078 357 2115 ρυιΕερτιο
372 2077 479 2106 CXXIV
500 2077 595 2114 [CoiaL
613 2075 730 2110 CXLVI,
758 2075 841 2104 Tour.
862 2074 980 2111 CXLV].

229 2126 340 2159 Quoties
369 2126 492 2152 Christus
517 2124 646 2159 apostolis
673 2127 732 2157 pou
763 2122 981 2159 resurrectionem

327 2168 404 2188 suam
422 2157 558 2195 apparuit,
570 2165 596 2187 et
609 2159 665 2192 ubi,
681 2163 705 2185 et
721 2157 848 2193 quando?

1029 1588 1075 1615 νδν
1088 1587 1137 1614 καὶ
1151 1587 1279 1614 ἐκάθισεν
1293 1588 1323 1614 ἐν
1338 1586 1414 1622 δεξιᾷ
1424 1586 1471 1613 τοῦ
1489 1586 1569 1614 Θεοῦ.
1592 1596 1601 1613 ι
1616 1585 1685 1619 Οὔτε
1702 1585 1761 1621 γὰρ
1778 1585 1822 1612 τὸν

1029 1632 1143 1668 τρόπον,
1162 1631 1217 1659 οὐδ’
1230 1631 1295 1663 ἄλλο
1310 1639 1337 1658 τι
1353 1631 1408 1658 τῶν
1428 1630 1598 1658 συνεκτικῶν
1613 1630 1775 1664 κεφαλαίων
1788 1630 1820 1664 τῇ

1028 1677 1181 1714 τηλικαύτῃ
1193 1677 1293 1714 πράξει
1302 1677 1486 1705 συνδιέλαϐεν.
1504 1675 1642 1704 Ἰωάννου
1656 1676 1684 1703 δὲ
1693 1678 1728 1704 τὸ
1738 1678 1824 1711 Εὐαγ-

1029 1721 1163 1759 γέλιον[ὲν
1170 1721 1221 1758 τῷ]
1229 1721 1302 1748 τέλει
1309 1721 1471 1756 ἀναλήψεως
1483 1721 1533 1756 μὲν
1541 1722 1572 1748 οὺ
1580 1721 1743 1757 παρέδωκεν
1753 1723 1824 1750 ἱστο-

1032 1767 1106 1802 ρίαν,
1117 1766 1320 1802 ἐπεσημαίνετο
1331 1765 1370 1798 δὲ,
1383 1766 1446 1799 ὅτι]
1458 1765 1548 1793 Πολλὰ
1557 1766 1605 1793 καὶ
1618 1766 1685 1793 ἄλλα
1696 1767 1824 1802 ἐποίησεν

1028 1811 1043 1837 ὀ
1050 1811 1166 1847 Ἰησοῦς,
1174 1811 1254 1839 ἅτινα
1264 1811 1313 1839 ἐὰν
1321 1811 1462 1847 γράφηται
1469 1811 1530 1839 καθ’
1539 1811 1580 1844 ἓν,
1589 1812 1649 1839 οὐδὲ
1655 1813 1741 1840 αὑτὸν
1751 1811 1824 1849 οἶμαι

1028 1858 1075 1885 τδν
1083 1857 1185 1893 κόσμον
1194 1857 1360 1893 χωρῆσαιτὰ
1373 1857 1535 1893 γραφόμενα
1545 1857 1647 1892 emta.
1662 1868 1672 1885 ι
1688 1860 1778 1891 Μόνος
1787 1861 1824 1890 δὲ.

1028 1904 1067 1937 ὡς
1084 1903 1203 1939 εἴρηται,
1215 1903 1335 1937 Λουκᾶς
1348 1905 1395 1932 καὶ
1411 1905 1462 1940 τὴν
1487 1904 1620 1940 ἀνάληψιν
1635 1905 1666 1932 ἐν
1688 1905 1731 1941 τῷ
1755 1907 1824 1933 τέλει

1028 1950 1076 1977 τοῦ
1089 1950 1256 1985 Εὖαγγελίου
1267 1950 1436 1987 πλατύτερον
1446 1950 1595 1985 διεξῆλθεν,
1612 1950 1664 1978 καὶ
1674 1952 1727 1987 τὴν
1741 1953 1827 1989 ἀρχὴν

1028 1996 1084 2032 τῶν
1102 1995 1233 2032 Πράξεων
1245 1996 1300 2023 ἀπὸ
1318 1995 1423 2032 ταύτης
1436 1997 1567 2031 προάγει.

1314 2074 1481 2106 ΕΡΩἹἪΣΙΣ
1494 2074 1579 2103 ΡΚΔ’.

1036 2121 1170 2160 Ποσάκις
1181 2121 1198 2147 ὁ
1207 2119 1341 2160 ⁸ινςῖριιγτὸς
1357 2120 1420 2160 τοῖς
1433 2118 1620 2160 ᾷποστόλοίς
1635 2123 1710 2160 μετὰ
1725 2124 1784 2156 τὴν
1794 2123 1826 2150 ἐκ

1072 2155 1188 2191 νεκρῶν
1197 2155 1368 2184 ἀνάστασιν
1379 2156 1474 2190 ὤφθη,
1489 2159 1538 2183 καὶ
1551 2157 1622 2191 ποῦ,
1635 2155 1689 2185 λαὶ
1703 2155 1797 2191 mlite;

224 2230 350 2258 Editarum
361 2237 375 2255 ι
388 2230 477 2258 Wolﬁo
487 2236 552 2256 non:
562 2229 590 2261 (Ι.
603 2234 637 2260 c.,
649 2235 674 2260 p.
686 2228 742 2259 752,
754 2227 809 2252 733.
822 2226 954 2282 ϐουλή.ιέἒέ

1071 2225 1120 2281 Eg,
1130 2232 1155 2250 u.
1168 2225 1210 2256 25)
1238 2237 1270 2243 —
1281 2224 1319 2250 De
1330 2231 1434 2250 numero
1444 2225 1729 2257 apparitionumﬂirlsti
1746 2228 1803 2257 post

228 2318 300 2346 lutra
313 2317 497 2352 quadraginta
511 2316 570 2344 dies
583 2315 710 2343 Salvator
723 2322 738 2342 a
754 2313 897 2349 discipulis
915 2320 982 2340 con-
998 2312 1022 2340 ι)

192 2369 304 2400 ερεειιιε
318 2368 370 2397 est,
388 2362 517 2391 undecies
533 2368 599 2389 vero
625 2364 731 2388 tantum
752 2367 782 2388 se
801 2360 857 2388 illis
875 2358 986 2393 conspi-

192 2408 322 2436 ciendum
350 2407 486 2442 prazbuit;
515 2413 567 2441 nec
590 2405 651 2436 sine
678 2405 795 2433 ratione.
822 2404 891 2432 Cum
911 2403 985 2431 enim

194 2453 322 2481 undecim
342 2456 436 2481 essent
455 2451 596 2486 discipuli,
617 2450 746 2478 undecies
762 2457 872 2486 quoque
887 2449 985 2477 iisdem

195 2499 334 2534 apparuit.
357 2497 438 2524 Unde
456 2504 522 2524 vero
535 2495 645 2532 probari
667 2500 756 2533 potest
773 2495 902 2523 undecies
925 2500 987 2522 tan-

196 2549 254 2572 tum
278 2551 341 2570 eum
367 2542 402 2569 ab
427 2542 482 2569 illis
501 2541 539 2569 ita
564 2547 742 2576 conspectum
758 2540 860 2568 fuisse?
878 2539 990 2567 Scilicet

196 2590 317 2625 primum
336 2587 462 2623 apparuit
476 2587 566 2615 Maria:
579 2587 657 2622 juxta
677 2586 845 2622 sepulcrum.
865 2592 915 2613 nec
937 2585 989 2612 mi-

199 2644 252 2664 nus
271 2634 382 2662 feminis
396 2633 459 2662 aliis
468 2633 491 2661 ⁸.
509 2633 539 2661 Id
551 2633 626 2670 quod
637 2637 665 2661 et
681 2632 771 2661 Ιεαὶαι
783 2631 989 2668 praenuntiavit,

200 2681 329 2711 mulieres
346 2680 498 2716 appellans,
514 2684 542 2708 et
553 2680 649 2708 dicens
665 2688 671 2706 :
688 2689 698 2705 (
714 2678 841 2706 Mulieres
852 2685 868 2705 a
883 2678 991 2707 visione

236 2751 266 2780 ⁸1
279 2751 343 2781 Cor.
363 2758 413 2786 xu,
425 2750 471 2779 9.6.

509 2751 519 2767 ⁸
531 2749 626 2778 Matth.
643 2756 739 2781 xxvnt,
753 2747 799 2776 20.
840 2746 944 2779 ‘Marc.
962 2754 1017 2777 va,
1034 2746 1077 2773 l9.

1071 2311 1134 2339 ’Ότι
1156 2312 1186 2339 ἐν
1204 2311 1411 2347 τεσσαράκοντα
1437 2311 1557 2347 ἡμέραις
1583 2312 1640 2344 τοῖς
1664 2312 1802 2348 μαθηταῖς
1817 2311 1830 2337 ό

1039 2356 1134 2392 Σωτὴρ
1160 2357 1318 2390 ὠπτάνετο,
1348 2357 1490 2388 ἐνδεκάκις
1512 2356 1542 2388 δέ
1566 2356 1648 2392 μόνον
1675 2358 1770 2391 αὐτοῖς
1792 2357 1829 2387 εὶς

1039 2404 1174 2430 ὀπτασίαν
1187 2403 1318 2438 κατέστη.
1337 2404 1393 2431 Καὶ
1414 2403 1528 2435 εἰκότως
1539 2411 1546 2418 ·
1563 2403 1660 2430 ἕνδεκα
1675 2403 1732 2438 γὰρ
1747 2403 1830 2430 όντων

1038 2448 1093 2475 τῶν
1118 2448 1258 2484 μαθητῶν,
1282 2448 1429 2483 ἑνδεκάτην
1453 2448 1500 2474 καὶ
1524 2448 1606 2480 αὐτὸς
1628 2448 1678 2483 τὴν
1699 2448 1831 2476 ὀπτασίαν

1030 2494 1200 2530 ἐποιήσατο.
1215 2494 1300 2522 Πόθεν
1319 2495 1348 2521 δὲ
1370 2495 1386 2530 ἡ
1404 2495 1552 2528 ἀπόδειξις,
1575 2495 1611 2525 ὡς
1629 2494 1727 2521 ἕνδεκα
1753 2493 1831 2529 μόνον

1040 2541 1118 2576 ὤφθη
1131 2540 1276 2574 ὲντεῦθεν;
1292 2541 1349 2568 Καὶ
1361 2541 1416 2576 γὰρ
1429 2541 1539 2577 πρῶτον
1556 2541 1606 2576 μὲν
1624 2540 1704 2575 ὤφθη
1717 2541 1751 2575 τῇ
1769 2539 1829 2566 Μα-

1043 2587 1090 2623 ρίᾳ
1105 2587 1135 2613 ιν
1144 2587 1183 2622 τῷ
1198 2586 1331 2622 μνήματι,
1347 2587 1395 2614 καὶ
1406 2587 1465 2619 ταῖς
1476 2586 1570 2619 ἄλλαις
1580 2586 1712 2621 γυναιξίν.
1727 2587 1831 2620 Ὠσπερ

1043 2632 1092 2659 καὶ
1109 2632 1235 2664 Ἡσαΐας
1248 2633 1449 2668 προαναφωνεῖ,
1465 2632 1556 2659 καλῶν
1568 2633 1618 2665 τὰς
1630 2633 1773 2667 γυναῖκας,
1785 2630 1830 2658 καὶ

1043 2677 1145 2712 λέγων’
1160 2687 1169 2703 ι
1187 2677 1317 2709 Γυναῖκες
1331 2677 1480 2714 ἐρχόμεναι
1489 2677 1544 2705 ἀπὸ
1558 2677 1634 2711 θέας,
1644 2677 1732 2711 δεῦτε,
1749 2677 1827 2711 ἀναν-

1117 2748 1126 2762 ⁷
1138 2747 1218 2779 Joan.
1236 2755 1293 2780 ut,
1308 2747 1355 2775 25.
1394 2747 1405 2764 ⁸
1418 2746 1498 2776 Joan.
1515 2755 1560 2781 xx,
1577 2747 1621 2775 M.

968 2805 1086 2835 NOTE.

241 2870 297 2908 (83)
315 2870 326 2899 Ι
342 2870 408 2900 Cor.
425 2877 477 2906 xu,
494 2870 541 2905 26,
557 2869 602 2898 ubi
618 2874 709 2897 tamen
725 2875 774 2905 pro
791 2866 954 2901 συνδοξὰζετη

1071 2875 1087 2896 ι·
1108 2866 1261 2904 συγχαίρει.
