  <div class='ocr_page' id='page_1' title='image "/cluster/home/n/w/nwhite01/storage/ocr_20150623/101/njp.32101077772877/442.png"; bbox 0 0 1873 3063; ppageno 0'>
   <div class='ocr_carea' id='block_1_1' title="bbox 69 168 119 200">
    <p class='ocr_par' dir='ltr' id='par_1_1' title="bbox 69 168 119 200">
     <span class='ocr_line' id='line_1_1' title="bbox 69 168 119 200; baseline 0.02 -1"><span class='ocrx_word' id='word_1_1' title='bbox 69 168 119 200; x_wconf 81' lang='grc'><strong>717</strong></span> 
     </span>
    </p>
   </div>
   <div class='ocr_carea' id='block_1_2' title="bbox 561 171 1237 208">
    <p class='ocr_par' dir='ltr' id='par_1_2' title="bbox 561 171 1237 208">
     <span class='ocr_line' id='line_1_2' title="bbox 561 171 1237 208; baseline 0.003 -8"><span class='ocrx_word' id='word_1_2' title='bbox 561 171 611 201; x_wconf 78' lang='grc' dir='ltr'><strong>ΑΙ)</strong></span> <span class='ocrx_word' id='word_1_3' title='bbox 628 171 926 202; x_wconf 80' lang='lat' dir='ltr'><strong>AMPHlLOCIIIUM</strong></span> <span class='ocrx_word' id='word_1_4' title='bbox 944 171 1117 208; x_wconf 76' lang='lat' dir='ltr'><strong>QU/ESTIO</strong></span> <span class='ocrx_word' id='word_1_5' title='bbox 1128 172 1237 202; x_wconf 77' lang='lat' dir='ltr'><strong>CXXV--</strong></span> 
     </span>
    </p>
   </div>
   <div class='ocr_carea' id='block_1_3' title="bbox 1652 171 1704 204">
    <p class='ocr_par' dir='ltr' id='par_1_3' title="bbox 1652 171 1704 204">
     <span class='ocr_line' id='line_1_3' title="bbox 1652 171 1704 204; baseline -0.038 0"><span class='ocrx_word' id='word_1_6' title='bbox 1652 171 1704 204; x_wconf 72' lang='lat'><strong>713</strong></span> 
     </span>
    </p>
   </div>
   <div class='ocr_carea' id='block_1_4' title="bbox 69 222 865 261">
    <p class='ocr_par' dir='ltr' id='par_1_4' title="bbox 69 222 860 261">
     <span class='ocr_line' id='line_1_4' title="bbox 69 222 860 261; baseline 0.005 -13"><span class='ocrx_word' id='word_1_7' title='bbox 69 222 174 255; x_wconf 72' lang='grc' dir='ltr'>γείλατε</span> <span class='ocrx_word' id='word_1_8' title='bbox 193 222 260 257; x_wconf 78' lang='grc' dir='ltr'><strong>ἡμῖν</strong></span> <span class='ocrx_word' id='word_1_9' title='bbox 276 222 371 258; x_wconf 74' lang='grc'><strong>(85⁸).»</strong></span> <span class='ocrx_word' id='word_1_10' title='bbox 391 223 507 251; x_wconf 78' lang='grc' dir='ltr'>Ἔπειτα</span> <span class='ocrx_word' id='word_1_11' title='bbox 520 223 599 260; x_wconf 75' lang='grc' dir='ltr'><strong>ὤφθη</strong></span> <span class='ocrx_word' id='word_1_12' title='bbox 612 225 719 261; x_wconf 83' lang='grc' dir='ltr'>Πέτρῳ,</span> <span class='ocrx_word' id='word_1_13' title='bbox 733 224 791 252; x_wconf 71' lang='grc' dir='ltr'>εἶτα</span> <span class='ocrx_word' id='word_1_14' title='bbox 804 227 860 257; x_wconf 75' lang='grc' dir='ltr'>τοῖς</span> 
     </span>
    </p>
   </div>
   <div class='ocr_carea' id='block_1_5' title="bbox 951 222 1705 261">
    <p class='ocr_par' dir='ltr' id='par_1_5' title="bbox 951 223 1705 260">
     <span class='ocr_line' id='line_1_5' title="bbox 951 223 1705 260; baseline 0 -8"><span class='ocrx_word' id='word_1_15' title='bbox 951 229 1093 257; x_wconf 72' lang='lat' dir='ltr'><strong>vertentes,</strong></span> <span class='ocrx_word' id='word_1_16' title='bbox 1107 224 1208 258; x_wconf 91' lang='lat' dir='ltr'><strong>venite,</strong></span> <span class='ocrx_word' id='word_1_17' title='bbox 1229 223 1388 252; x_wconf 83' lang='lat' dir='ltr'><strong>annuntiate</strong></span> <span class='ocrx_word' id='word_1_18' title='bbox 1407 224 1494 253; x_wconf 90' lang='lat' dir='ltr'><strong>nobis.</strong></span> <span class='ocrx_word' id='word_1_19' title='bbox 1511 234 1520 251; x_wconf 90' lang='grc' dir='ltr'><strong>ι</strong></span> <span class='ocrx_word' id='word_1_20' title='bbox 1540 224 1637 254; x_wconf 78' lang='lat' dir='ltr'><strong>Postea</strong></span> <span class='ocrx_word' id='word_1_21' title='bbox 1658 233 1705 260; x_wconf 82' lang='lat' dir='ltr'><strong>ap-</strong></span> 
     </span>
    </p>
   </div>
   <div class='ocr_carea' id='block_1_6' title="bbox 69 267 860 305">
    <p class='ocr_par' dir='ltr' id='par_1_6' title="bbox 69 267 860 305">
     <span class='ocr_line' id='line_1_6' title="bbox 69 267 860 305; baseline 0.006 -12"><span class='ocrx_word' id='word_1_22' title='bbox 69 268 131 302; x_wconf 79' lang='grc' dir='ltr'>περὶ</span> <span class='ocrx_word' id='word_1_23' title='bbox 151 267 290 298; x_wconf 82' lang='grc' dir='ltr'>Κλεόπαν.</span> <span class='ocrx_word' id='word_1_24' title='bbox 306 269 346 300; x_wconf 81' lang='grc' dir='ltr'><strong>είς</strong></span> <span class='ocrx_word' id='word_1_25' title='bbox 360 277 390 295; x_wconf 87' lang='grc' dir='ltr'><strong>τε</strong></span> <span class='ocrx_word' id='word_1_26' title='bbox 405 269 455 305; x_wconf 85' lang='grc' dir='ltr'>τὴν</span> <span class='ocrx_word' id='word_1_27' title='bbox 482 270 540 297; x_wconf 81' lang='grc' dir='ltr'>ὁδὸν</span> <span class='ocrx_word' id='word_1_28' title='bbox 562 270 687 298; x_wconf 79' lang='grc' dir='ltr'><strong>ἐπιοῦσιν</strong></span> <span class='ocrx_word' id='word_1_29' title='bbox 712 271 804 303; x_wconf 77' lang='grc' dir='ltr'>αὐτοῖς</span> <span class='ocrx_word' id='word_1_30' title='bbox 820 273 860 303; x_wconf 85' lang='grc' dir='ltr'><strong>είς</strong></span> 
     </span>
    </p>
   </div>
   <div class='ocr_carea' id='block_1_7' title="bbox 74 311 860 352">
    <p class='ocr_par' dir='ltr' id='par_1_7' title="bbox 74 311 860 352">
     <span class='ocr_line' id='line_1_7' title="bbox 74 311 860 352; baseline 0.009 -15"><span class='ocrx_word' id='word_1_31' title='bbox 74 311 230 347; x_wconf 79' lang='grc' dir='ltr'>Ἐμμαοὺμ,</span> <span class='ocrx_word' id='word_1_32' title='bbox 245 313 297 339; x_wconf 77' lang='grc' dir='ltr'><strong>κᾶν</strong></span> <span class='ocrx_word' id='word_1_33' title='bbox 323 313 400 340; x_wconf 80' lang='grc' dir='ltr'>οὔπω</span> <span class='ocrx_word' id='word_1_34' title='bbox 416 314 551 350; x_wconf 85' lang='grc' dir='ltr'>συνῄεσαν</span> <span class='ocrx_word' id='word_1_35' title='bbox 575 317 686 349; x_wconf 79' lang='grc' dir='ltr'>ἐκεῖνοι,</span> <span class='ocrx_word' id='word_1_36' title='bbox 716 317 763 343; x_wconf 72' lang='grc' dir='ltr'><strong>καὶ</strong></span> <span class='ocrx_word' id='word_1_37' title='bbox 780 318 810 343; x_wconf 87' lang='grc' dir='ltr'><strong>ἐν</strong></span> <span class='ocrx_word' id='word_1_38' title='bbox 826 319 860 352; x_wconf 80' lang='grc' dir='ltr'><strong>τῇ</strong></span> 
     </span>
    </p>
   </div>
   <div class='ocr_carea' id='block_1_8' title="bbox 67 357 859 396">
    <p class='ocr_par' dir='ltr' id='par_1_8' title="bbox 67 357 859 396">
     <span class='ocr_line' id='line_1_8' title="bbox 67 357 859 396; baseline 0.009 -14"><span class='ocrx_word' id='word_1_39' title='bbox 67 357 163 396; x_wconf 63' lang='grc' dir='ltr'>ιελάσει</span> <span class='ocrx_word' id='word_1_40' title='bbox 183 357 231 384; x_wconf 88' lang='grc' dir='ltr'><strong>τοῦ</strong></span> <span class='ocrx_word' id='word_1_41' title='bbox 253 358 348 393; x_wconf 80' lang='grc' dir='ltr'>ἄρτου,</span> <span class='ocrx_word' id='word_1_42' title='bbox 365 359 410 386; x_wconf 80' lang='grc' dir='ltr'>ὅτε</span> <span class='ocrx_word' id='word_1_43' title='bbox 435 360 609 396; x_wconf 76' lang='grc' dir='ltr'><strong>ἐφανέρωσεν</strong></span> <span class='ocrx_word' id='word_1_44' title='bbox 635 362 729 394; x_wconf 74' lang='grc' dir='ltr'>αὐτοῖς</span> <span class='ocrx_word' id='word_1_45' title='bbox 753 362 859 389; x_wconf 75' lang='grc' dir='ltr'>ἑαυτόν.</span> 
     </span>
    </p>
   </div>
   <div class='ocr_carea' id='block_1_9' title="bbox 68 401 860 443">
    <p class='ocr_par' dir='ltr' id='par_1_9' title="bbox 68 401 860 443">
     <span class='ocr_line' id='line_1_9' title="bbox 68 401 860 443; baseline 0.005 -14"><span class='ocrx_word' id='word_1_46' title='bbox 68 401 134 430; x_wconf 76' lang='grc' dir='ltr'>Εἶτα</span> <span class='ocrx_word' id='word_1_47' title='bbox 150 405 208 436; x_wconf 79' lang='grc' dir='ltr'>τοῖς</span> <span class='ocrx_word' id='word_1_48' title='bbox 217 404 295 437; x_wconf 81' lang='grc' dir='ltr'>δέκα,</span> <span class='ocrx_word' id='word_1_49' title='bbox 317 403 355 440; x_wconf 87' lang='grc' dir='ltr'>μὴ</span> <span class='ocrx_word' id='word_1_50' title='bbox 371 405 505 440; x_wconf 84' lang='grc' dir='ltr'><strong>παρόντος</strong></span> <span class='ocrx_word' id='word_1_51' title='bbox 519 405 614 440; x_wconf 83' lang='grc' dir='ltr'>Θωμᾱ,</span> <span class='ocrx_word' id='word_1_52' title='bbox 631 406 714 442; x_wconf 84' lang='grc' dir='ltr'>οῠσης</span> <span class='ocrx_word' id='word_1_53' title='bbox 734 407 813 442; x_wconf 83' lang='grc' dir='ltr'>ὀψίας</span> <span class='ocrx_word' id='word_1_54' title='bbox 827 409 860 443; x_wconf 83' lang='grc' dir='ltr'>τῇ</span> 
     </span>
    </p>
   </div>
   <div class='ocr_carea' id='block_1_10' title="bbox 65 448 861 487">
    <p class='ocr_par' dir='ltr' id='par_1_10' title="bbox 65 448 861 487">
     <span class='ocr_line' id='line_1_10' title="bbox 65 448 861 487; baseline 0.006 -12"><span class='ocrx_word' id='word_1_55' title='bbox 65 450 161 485; x_wconf 67' lang='grc' dir='ltr'>ἡμέρᾳ</span> <span class='ocrx_word' id='word_1_56' title='bbox 175 450 278 487; x_wconf 81' lang='grc' dir='ltr'>ἐκείνῃ.</span> <span class='ocrx_word' id='word_1_57' title='bbox 297 448 365 478; x_wconf 80' lang='grc' dir='ltr'>Εἶτα</span> <span class='ocrx_word' id='word_1_58' title='bbox 382 451 450 487; x_wconf 82' lang='grc' dir='ltr'>ὁμοῦ</span> <span class='ocrx_word' id='word_1_59' title='bbox 467 452 560 479; x_wconf 80' lang='grc' dir='ltr'>ἐπάνω</span> <span class='ocrx_word' id='word_1_60' title='bbox 574 453 766 485; x_wconf 76' lang='grc' dir='ltr'><strong>πεντακοσίοις</strong></span> <span class='ocrx_word' id='word_1_61' title='bbox 782 454 861 480; x_wconf 83' lang='grc' dir='ltr'>ἀδελ-</span> 
     </span>
    </p>
   </div>
   <div class='ocr_carea' id='block_1_11' title="bbox 67 495 862 531">
    <p class='ocr_par' dir='ltr' id='par_1_11' title="bbox 67 495 862 531">
     <span class='ocr_line' id='line_1_11' title="bbox 67 495 862 531; baseline 0.006 -10"><span class='ocrx_word' id='word_1_62' title='bbox 67 495 139 527; x_wconf 73' lang='grc' dir='ltr'>φοῖς,</span> <span class='ocrx_word' id='word_1_63' title='bbox 160 495 281 529; x_wconf 74' lang='grc' dir='ltr'>ἐφάπαξ,</span> <span class='ocrx_word' id='word_1_64' title='bbox 308 496 346 527; x_wconf 85' lang='grc' dir='ltr'><strong>ὡς</strong></span> <span class='ocrx_word' id='word_1_65' title='bbox 370 496 584 531; x_wconf 74' lang='grc' dir='ltr'><strong>ἐπισημαίνεται</strong></span> <span class='ocrx_word' id='word_1_66' title='bbox 600 498 721 530; x_wconf 81' lang='grc' dir='ltr'><strong>Παῦλος,</strong></span> <span class='ocrx_word' id='word_1_67' title='bbox 750 499 791 526; x_wconf 81' lang='grc' dir='ltr'>ὅτι</span> <span class='ocrx_word' id='word_1_68' title='bbox 815 500 862 526; x_wconf 80' lang='grc' dir='ltr'><strong>καὶ</strong></span> 
     </span>
    </p>
   </div>
   <div class='ocr_carea' id='block_1_12' title="bbox 67 541 859 580">
    <p class='ocr_par' dir='ltr' id='par_1_12' title="bbox 67 541 859 580">
     <span class='ocr_line' id='line_1_12' title="bbox 67 541 859 580; baseline 0.004 -13"><span class='ocrx_word' id='word_1_69' title='bbox 67 541 159 567; x_wconf 77' lang='grc' dir='ltr'>αὐτῶν</span> <span class='ocrx_word' id='word_1_70' title='bbox 168 542 191 567; x_wconf 87' lang='grc' dir='ltr'><strong>οἰ</strong></span> <span class='ocrx_word' id='word_1_71' title='bbox 203 541 314 574; x_wconf 86' lang='grc' dir='ltr'>πλείους</span> <span class='ocrx_word' id='word_1_72' title='bbox 328 542 456 577; x_wconf 89' lang='grc' dir='ltr'>μένουσιν</span> <span class='ocrx_word' id='word_1_73' title='bbox 465 542 518 575; x_wconf 77' lang='grc' dir='ltr'>ἓως</span> <span class='ocrx_word' id='word_1_74' title='bbox 526 543 600 579; x_wconf 80' lang='grc' dir='ltr'>ἄρτι.</span> <span class='ocrx_word' id='word_1_75' title='bbox 613 544 672 570; x_wconf 88' lang='grc' dir='ltr'><strong>Ἔτι</strong></span> <span class='ocrx_word' id='word_1_76' title='bbox 683 544 712 571; x_wconf 79' lang='grc' dir='ltr'>δὲ</span> <span class='ocrx_word' id='word_1_77' title='bbox 729 545 859 580; x_wconf 80' lang='grc' dir='ltr'>Ἰακώϐῳ·</span> 
     </span>
    </p>
   </div>
   <div class='ocr_carea' id='block_1_13' title="bbox 67 587 860 624">
    <p class='ocr_par' dir='ltr' id='par_1_13' title="bbox 67 587 860 624">
     <span class='ocr_line' id='line_1_13' title="bbox 67 587 860 624; baseline 0.005 -10"><span class='ocrx_word' id='word_1_78' title='bbox 67 588 115 614; x_wconf 77' lang='grc' dir='ltr'><strong>καὶ</strong></span> <span class='ocrx_word' id='word_1_79' title='bbox 131 587 212 615; x_wconf 83' lang='grc' dir='ltr'>τοῦτο</span> <span class='ocrx_word' id='word_1_80' title='bbox 236 588 345 620; x_wconf 80' lang='grc' dir='ltr'><strong>Παῦλος</strong></span> <span class='ocrx_word' id='word_1_81' title='bbox 359 589 481 616; x_wconf 79' lang='grc' dir='ltr'><strong>διδάσκει</strong></span> <span class='ocrx_word' id='word_1_82' title='bbox 502 589 564 624; x_wconf 79' lang='grc' dir='ltr'><strong>οὐχὶ</strong></span> <span class='ocrx_word' id='word_1_83' title='bbox 579 590 660 624; x_wconf 83' lang='grc' dir='ltr'>μόνον</span> <span class='ocrx_word' id='word_1_84' title='bbox 674 592 729 623; x_wconf 75' lang='grc' dir='ltr'>τοῖς</span> <span class='ocrx_word' id='word_1_85' title='bbox 744 591 860 621; x_wconf 86' lang='grc' dir='ltr'>δώδεκα.</span> 
     </span>
    </p>
   </div>
   <div class='ocr_carea' id='block_1_14' title="bbox 67 632 862 672">
    <p class='ocr_par' dir='ltr' id='par_1_14' title="bbox 67 632 862 672">
     <span class='ocr_line' id='line_1_14' title="bbox 67 632 862 672; baseline 0.005 -12"><span class='ocrx_word' id='word_1_86' title='bbox 67 634 124 660; x_wconf 77' lang='grc' dir='ltr'><strong>Καὶ</strong></span> <span class='ocrx_word' id='word_1_87' title='bbox 139 634 195 670; x_wconf 74' lang='grc' dir='ltr'><strong>γὰρ</strong></span> <span class='ocrx_word' id='word_1_88' title='bbox 212 634 356 669; x_wconf 82' lang='grc' dir='ltr'>προλαϐὼν</span> <span class='ocrx_word' id='word_1_89' title='bbox 368 632 445 662; x_wconf 82' lang='grc' dir='ltr'>εἶπεν</span> <span class='ocrx_word' id='word_1_90' title='bbox 455 643 463 651; x_wconf 73' lang='grc'><strong><em>⁸</em></strong></span> <span class='ocrx_word' id='word_1_91' title='bbox 484 644 494 661; x_wconf 92' lang='lat'><strong>1</strong></span> <span class='ocrx_word' id='word_1_92' title='bbox 513 635 603 671; x_wconf 80' lang='grc' dir='ltr'>Ὠφθη</span> <span class='ocrx_word' id='word_1_93' title='bbox 617 637 717 672; x_wconf 83' lang='grc' dir='ltr'><strong>Κηφᾷ·</strong></span> <span class='ocrx_word' id='word_1_94' title='bbox 735 635 795 664; x_wconf 76' lang='grc' dir='ltr'>εἶτα</span> <span class='ocrx_word' id='word_1_95' title='bbox 806 639 862 670; x_wconf 78' lang='grc' dir='ltr'>τοῖς</span> 
     </span>
    </p>
   </div>
   <div class='ocr_carea' id='block_1_15' title="bbox 66 679 861 715">
    <p class='ocr_par' dir='ltr' id='par_1_15' title="bbox 66 679 861 715">
     <span class='ocr_line' id='line_1_15' title="bbox 66 679 861 715; baseline 0.006 -11"><span class='ocrx_word' id='word_1_96' title='bbox 66 679 164 705; x_wconf 82' lang='grc' dir='ltr'>ἕνδεκα</span> <span class='ocrx_word' id='word_1_97' title='bbox 178 679 251 715; x_wconf 86' lang='grc'><strong>(86);</strong></span> <span class='ocrx_word' id='word_1_98' title='bbox 273 689 283 706; x_wconf 79' lang='grc' dir='ltr'><strong>ι</strong></span> <span class='ocrx_word' id='word_1_99' title='bbox 297 681 345 708; x_wconf 76' lang='grc' dir='ltr'><strong>καὶ</strong></span> <span class='ocrx_word' id='word_1_100' title='bbox 361 680 449 712; x_wconf 78' lang='grc' dir='ltr'>οὕτως</span> <span class='ocrx_word' id='word_1_101' title='bbox 463 680 605 715; x_wconf 79' lang='grc' dir='ltr'>ἐπήγαγεν</span> <span class='ocrx_word' id='word_1_102' title='bbox 618 683 676 713; x_wconf 80' lang='grc' dir='ltr'>τοῖς</span> <span class='ocrx_word' id='word_1_103' title='bbox 690 682 861 714; x_wconf 76' lang='grc' dir='ltr'>ἀποστόλοις.</span> 
     </span>
    </p>
   </div>
   <div class='ocr_carea' id='block_1_16' title="bbox 68 723 860 763">
    <p class='ocr_par' dir='ltr' id='par_1_16' title="bbox 68 723 860 763">
     <span class='ocr_line' id='line_1_16' title="bbox 68 723 860 763; baseline 0.004 -12"><span class='ocrx_word' id='word_1_104' title='bbox 68 723 136 752; x_wconf 74' lang='grc' dir='ltr'>Εἶτα</span> <span class='ocrx_word' id='word_1_105' title='bbox 153 727 209 757; x_wconf 80' lang='grc' dir='ltr'><strong>τοίς</strong></span> <span class='ocrx_word' id='word_1_106' title='bbox 224 726 296 753; x_wconf 77' lang='grc' dir='ltr'>ἑπτὰ</span> <span class='ocrx_word' id='word_1_107' title='bbox 309 726 358 752; x_wconf 73' lang='grc' dir='ltr'>ἐπὶ</span> <span class='ocrx_word' id='word_1_108' title='bbox 383 727 434 762; x_wconf 75' lang='grc' dir='ltr'><strong>τῆς</strong></span> <span class='ocrx_word' id='word_1_109' title='bbox 453 727 592 762; x_wconf 78' lang='grc' dir='ltr'><strong>θαλάσσης</strong></span> <span class='ocrx_word' id='word_1_110' title='bbox 618 727 669 762; x_wconf 85' lang='grc' dir='ltr'>τῆς</span> <span class='ocrx_word' id='word_1_111' title='bbox 691 727 860 763; x_wconf 79' lang='grc' dir='ltr'>Τιϐεριάδος,</span> 
     </span>
    </p>
   </div>
   <div class='ocr_carea' id='block_1_17' title="bbox 66 770 863 808">
    <p class='ocr_par' dir='ltr' id='par_1_17' title="bbox 66 770 863 808">
     <span class='ocr_line' id='line_1_17' title="bbox 66 770 863 808; baseline 0.004 -12"><span class='ocrx_word' id='word_1_112' title='bbox 66 770 207 797; x_wconf 76' lang='grc' dir='ltr'><strong>τουτέστιν</strong></span> <span class='ocrx_word' id='word_1_113' title='bbox 227 770 322 807; x_wconf 83' lang='grc' dir='ltr'>Πέτρῳ</span> <span class='ocrx_word' id='word_1_114' title='bbox 335 771 381 798; x_wconf 83' lang='grc' dir='ltr'><strong>καὶ</strong></span> <span class='ocrx_word' id='word_1_115' title='bbox 399 772 485 807; x_wconf 82' lang='grc' dir='ltr'><strong>Θωμᾷ</strong></span> <span class='ocrx_word' id='word_1_116' title='bbox 499 772 547 800; x_wconf 77' lang='grc' dir='ltr'>καὶ</span> <span class='ocrx_word' id='word_1_117' title='bbox 560 772 719 808; x_wconf 78' lang='grc' dir='ltr'>Ναθαναὴλ,</span> <span class='ocrx_word' id='word_1_118' title='bbox 742 773 863 808; x_wconf 83' lang='grc' dir='ltr'>Ἰακώϐῳ</span> 
     </span>
    </p>
   </div>
   <div class='ocr_carea' id='block_1_18' title="bbox 68 816 862 854">
    <p class='ocr_par' dir='ltr' id='par_1_18' title="bbox 68 816 862 854">
     <span class='ocr_line' id='line_1_18' title="bbox 68 816 862 854; baseline 0.005 -12"><span class='ocrx_word' id='word_1_119' title='bbox 68 816 116 842; x_wconf 71' lang='grc' dir='ltr'><strong>καὶ</strong></span> <span class='ocrx_word' id='word_1_120' title='bbox 137 817 258 852; x_wconf 81' lang='grc' dir='ltr'>Ἰωάννῃ,</span> <span class='ocrx_word' id='word_1_121' title='bbox 286 817 334 844; x_wconf 82' lang='grc' dir='ltr'>καὶ</span> <span class='ocrx_word' id='word_1_122' title='bbox 356 817 447 849; x_wconf 75' lang='grc' dir='ltr'>ἄλλοις</span> <span class='ocrx_word' id='word_1_123' title='bbox 463 817 511 845; x_wconf 82' lang='grc' dir='ltr'>δύο</span> <span class='ocrx_word' id='word_1_124' title='bbox 533 818 591 845; x_wconf 87' lang='grc' dir='ltr'><strong>τῶν</strong></span> <span class='ocrx_word' id='word_1_125' title='bbox 609 818 741 854; x_wconf 75' lang='grc' dir='ltr'>μαθητῶν</span> <span class='ocrx_word' id='word_1_126' title='bbox 765 818 862 846; x_wconf 81' lang='grc' dir='ltr'>αὑτοῦ.</span> 
     </span>
    </p>
   </div>
   <div class='ocr_carea' id='block_1_19' title="bbox 68 860 862 900">
    <p class='ocr_par' dir='ltr' id='par_1_19' title="bbox 68 860 862 900">
     <span class='ocr_line' id='line_1_19' title="bbox 68 860 862 900; baseline 0.003 -11"><span class='ocrx_word' id='word_1_127' title='bbox 68 860 137 889; x_wconf 77' lang='grc' dir='ltr'>Εἶτα</span> <span class='ocrx_word' id='word_1_128' title='bbox 151 864 207 894; x_wconf 82' lang='grc' dir='ltr'>τοῖς</span> <span class='ocrx_word' id='word_1_129' title='bbox 218 863 380 895; x_wconf 71' lang='grc' dir='ltr'>ἀποστόλοις</span> <span class='ocrx_word' id='word_1_130' title='bbox 411 864 509 896; x_wconf 83' lang='grc' dir='ltr'>πᾶσιν,</span> <span class='ocrx_word' id='word_1_131' title='bbox 524 865 651 892; x_wconf 73' lang='grc' dir='ltr'>τουτέστι</span> <span class='ocrx_word' id='word_1_132' title='bbox 667 866 725 896; x_wconf 86' lang='grc' dir='ltr'>τοῖς</span> <span class='ocrx_word' id='word_1_133' title='bbox 744 864 862 900; x_wconf 84' lang='grc' dir='ltr'>ἐϐδομή-</span> 
     </span>
    </p>
   </div>
   <div class='ocr_carea' id='block_1_20' title="bbox 914 270 1704 307">
    <p class='ocr_par' dir='ltr' id='par_1_20' title="bbox 914 270 1704 307">
     <span class='ocr_line' id='line_1_20' title="bbox 914 270 1704 307; baseline 0.001 -10"><span class='ocrx_word' id='word_1_134' title='bbox 914 271 1005 307; x_wconf 72' lang='lat' dir='ltr'><strong>paruit</strong></span> <span class='ocrx_word' id='word_1_135' title='bbox 1029 271 1138 303; x_wconf 87' lang='lat' dir='ltr'><strong>Petro&#39;,</strong></span> <span class='ocrx_word' id='word_1_136' title='bbox 1165 271 1263 297; x_wconf 76' lang='lat' dir='ltr'><strong>deinde</strong></span> <span class='ocrx_word' id='word_1_137' title='bbox 1289 270 1448 304; x_wconf 66' lang='lat' dir='ltr'><strong>Cleophar”</strong></span> <span class='ocrx_word' id='word_1_138' title='bbox 1470 270 1585 306; x_wconf 85' lang='lat' dir='ltr'><strong>ejusque</strong></span> <span class='ocrx_word' id='word_1_139' title='bbox 1608 271 1704 303; x_wconf 83' lang='lat' dir='ltr'><strong>sociis.</strong></span> 
     </span>
    </p>
   </div>
   <div class='ocr_carea' id='block_1_21' title="bbox 915 316 1704 351">
    <p class='ocr_par' dir='ltr' id='par_1_21' title="bbox 915 316 1704 351">
     <span class='ocr_line' id='line_1_21' title="bbox 915 316 1704 351; baseline 0.003 -9"><span class='ocrx_word' id='word_1_140' title='bbox 915 325 976 344; x_wconf 81' lang='lat' dir='ltr'><strong>rum</strong></span> <span class='ocrx_word' id='word_1_141' title='bbox 996 318 1049 344; x_wconf 90' lang='lat' dir='ltr'><strong>iter</strong></span> <span class='ocrx_word' id='word_1_142' title='bbox 1067 316 1230 344; x_wconf 86' lang='lat' dir='ltr'><strong>Emauntem</strong></span> <span class='ocrx_word' id='word_1_143' title='bbox 1248 316 1379 348; x_wconf 83' lang='lat' dir='ltr'><strong>facerent,</strong></span> <span class='ocrx_word' id='word_1_144' title='bbox 1401 325 1457 344; x_wconf 87' lang='lat' dir='ltr'><strong>rem</strong></span> <span class='ocrx_word' id='word_1_145' title='bbox 1471 317 1557 351; x_wconf 84' lang='lat' dir='ltr'><strong>ipsam</strong></span> <span class='ocrx_word' id='word_1_146' title='bbox 1583 317 1704 344; x_wconf 82' lang='lat' dir='ltr'><strong>nondum</strong></span> 
     </span>
    </p>
   </div>
   <div class='ocr_carea' id='block_1_22' title="bbox 915 362 1706 398">
    <p class='ocr_par' dir='ltr' id='par_1_22' title="bbox 915 362 1706 398">
     <span class='ocr_line' id='line_1_22' title="bbox 915 362 1706 398; baseline 0 -8"><span class='ocrx_word' id='word_1_147' title='bbox 915 363 1015 395; x_wconf 84' lang='lat' dir='ltr'><strong>cdocti,</strong></span> <span class='ocrx_word' id='word_1_148' title='bbox 1042 368 1068 390; x_wconf 92' lang='lat' dir='ltr'><strong>et</strong></span> <span class='ocrx_word' id='word_1_149' title='bbox 1096 370 1159 390; x_wconf 86' lang='lat' dir='ltr'><strong>cum</strong></span> <span class='ocrx_word' id='word_1_150' title='bbox 1185 363 1211 389; x_wconf 94' lang='lat' dir='ltr'><strong>in</strong></span> <span class='ocrx_word' id='word_1_151' title='bbox 1250 362 1383 390; x_wconf 79' lang='lat' dir='ltr'><strong>fraetione</strong></span> <span class='ocrx_word' id='word_1_152' title='bbox 1403 363 1482 397; x_wconf 90' lang='lat' dir='ltr'><strong>panis</strong></span> <span class='ocrx_word' id='word_1_153' title='bbox 1503 363 1623 398; x_wconf 89' lang='lat' dir='ltr'><strong>seipsum</strong></span> <span class='ocrx_word' id='word_1_154' title='bbox 1650 363 1706 391; x_wconf 83' lang='lat' dir='ltr'><strong>illis</strong></span> 
     </span>
    </p>
   </div>
   <div class='ocr_carea' id='block_1_23' title="bbox 916 408 1706 443">
    <p class='ocr_par' dir='ltr' id='par_1_23' title="bbox 916 408 1706 443">
     <span class='ocr_line' id='line_1_23' title="bbox 916 408 1706 443; baseline 0 -7"><span class='ocrx_word' id='word_1_155' title='bbox 916 409 1116 437; x_wconf 81' lang='lat' dir='ltr'><strong>manifestaret.</strong></span> <span class='ocrx_word' id='word_1_156' title='bbox 1135 408 1221 435; x_wconf 88' lang='lat' dir='ltr'><strong>Porro</strong></span> <span class='ocrx_word' id='word_1_157' title='bbox 1236 409 1329 436; x_wconf 81' lang='lat' dir='ltr'><strong>decem</strong></span> <span class='ocrx_word' id='word_1_158' title='bbox 1346 409 1488 443; x_wconf 86' lang='lat' dir='ltr'><strong>discipulis</strong></span> <span class='ocrx_word' id='word_1_159' title='bbox 1500 409 1533 441; x_wconf 85' lang='lat'><strong>“,</strong></span> <span class='ocrx_word' id='word_1_160' title='bbox 1552 417 1614 437; x_wconf 90' lang='lat' dir='ltr'><strong>cum</strong></span> <span class='ocrx_word' id='word_1_161' title='bbox 1635 409 1706 436; x_wconf 84' lang='lat' dir='ltr'><strong>Tha-</strong></span> 
     </span>
    </p>
   </div>
   <div class='ocr_carea' id='block_1_24' title="bbox 915 455 1705 490">
    <p class='ocr_par' dir='ltr' id='par_1_24' title="bbox 915 455 1705 490">
     <span class='ocr_line' id='line_1_24' title="bbox 915 455 1705 490; baseline 0 -8"><span class='ocrx_word' id='word_1_162' title='bbox 915 464 972 482; x_wconf 75' lang='lat' dir='ltr'><strong>mas</strong></span> <span class='ocrx_word' id='word_1_163' title='bbox 990 463 1043 482; x_wconf 92' lang='lat' dir='ltr'><strong>non</strong></span> <span class='ocrx_word' id='word_1_164' title='bbox 1061 455 1212 487; x_wconf 81' lang='lat' dir='ltr'><strong>adesset“,</strong></span> <span class='ocrx_word' id='word_1_165' title='bbox 1235 458 1264 482; x_wconf 91' lang='lat' dir='ltr'><strong>et</strong></span> <span class='ocrx_word' id='word_1_166' title='bbox 1287 455 1398 490; x_wconf 79' lang='lat' dir='ltr'><strong>quidem</strong></span> <span class='ocrx_word' id='word_1_167' title='bbox 1423 455 1475 482; x_wconf 89' lang='lat' dir='ltr'><strong>sub</strong></span> <span class='ocrx_word' id='word_1_168' title='bbox 1487 462 1628 490; x_wconf 83' lang='lat' dir='ltr'><strong>vesperam</strong></span> <span class='ocrx_word' id='word_1_169' title='bbox 1643 455 1705 490; x_wconf 91' lang='lat' dir='ltr'><strong>ipso</strong></span> 
     </span>
    </p>
   </div>
   <div class='ocr_carea' id='block_1_25' title="bbox 915 501 1707 535">
    <p class='ocr_par' dir='ltr' id='par_1_25' title="bbox 915 501 1707 535">
     <span class='ocr_line' id='line_1_25' title="bbox 915 501 1707 535; baseline -0.001 -6"><span class='ocrx_word' id='word_1_170' title='bbox 915 501 1128 529; x_wconf 77' lang='lat' dir='ltr'><strong>resurrectionis</strong></span> <span class='ocrx_word' id='word_1_171' title='bbox 1144 501 1198 529; x_wconf 88' lang='lat' dir='ltr'><strong>die.</strong></span> <span class='ocrx_word' id='word_1_172' title='bbox 1219 501 1287 528; x_wconf 81' lang='lat' dir='ltr'><strong>Inde</strong></span> <span class='ocrx_word' id='word_1_173' title='bbox 1309 501 1454 535; x_wconf 81' lang='lat' dir='ltr'><strong>discipulis</strong></span> <span class='ocrx_word' id='word_1_174' title='bbox 1475 501 1613 533; x_wconf 75' lang='lat' dir='ltr'><strong>undecim,</strong></span> <span class='ocrx_word' id='word_1_175' title='bbox 1634 509 1707 535; x_wconf 73' lang='lat' dir='ltr'><strong>pra:-</strong></span> 
     </span>
    </p>
   </div>
   <div class='ocr_carea' id='block_1_26' title="bbox 916 546 1705 574">
    <p class='ocr_par' dir='ltr' id='par_1_26' title="bbox 916 546 1705 574">
     <span class='ocr_line' id='line_1_26' title="bbox 916 546 1705 574; baseline 0.001 -1"><span class='ocrx_word' id='word_1_176' title='bbox 916 549 995 574; x_wconf 87' lang='lat' dir='ltr'><strong>sente</strong></span> <span class='ocrx_word' id='word_1_177' title='bbox 1012 547 1095 574; x_wconf 87' lang='lat' dir='ltr'><strong>etiam</strong></span> <span class='ocrx_word' id='word_1_178' title='bbox 1107 550 1135 574; x_wconf 91' lang='lat' dir='ltr'><strong>et</strong></span> <span class='ocrx_word' id='word_1_179' title='bbox 1152 550 1332 574; x_wconf 82' lang='lat' dir='ltr'><strong>annumerato</strong></span> <span class='ocrx_word' id='word_1_180' title='bbox 1345 546 1399 574; x_wconf 88' lang='lat' dir='ltr'><strong>illis</strong></span> <span class='ocrx_word' id='word_1_181' title='bbox 1411 546 1526 574; x_wconf 79' lang='lat' dir='ltr'><strong>Thoma.</strong></span> <span class='ocrx_word' id='word_1_182' title='bbox 1540 546 1636 574; x_wconf 90' lang='lat' dir='ltr'><strong>Postea</strong></span> <span class='ocrx_word' id='word_1_183' title='bbox 1648 546 1705 574; x_wconf 80' lang='lat' dir='ltr'><strong>fra-</strong></span> 
     </span>
    </p>
   </div>
   <div class='ocr_carea' id='block_1_27' title="bbox 916 591 1706 627">
    <p class='ocr_par' dir='ltr' id='par_1_27' title="bbox 916 591 1706 627">
     <span class='ocr_line' id='line_1_27' title="bbox 916 591 1706 627; baseline 0 -8"><span class='ocrx_word' id='word_1_184' title='bbox 916 592 1005 619; x_wconf 77' lang='lat' dir='ltr'><strong>tribus</strong></span> <span class='ocrx_word' id='word_1_185' title='bbox 1024 591 1182 627; x_wconf 78' lang='lat' dir='ltr'><strong>quingentis</strong></span> <span class='ocrx_word' id='word_1_186' title='bbox 1203 597 1231 619; x_wconf 90' lang='lat' dir='ltr'><strong>et</strong></span> <span class='ocrx_word' id='word_1_187' title='bbox 1258 592 1374 627; x_wconf 89' lang='lat' dir='ltr'><strong>amplius</strong></span> <span class='ocrx_word' id='word_1_188' title='bbox 1398 592 1491 626; x_wconf 83' lang='lat' dir='ltr'><strong>simul,</strong></span> <span class='ocrx_word' id='word_1_189' title='bbox 1512 600 1629 627; x_wconf 92' lang='lat' dir='ltr'><strong>quorum</strong></span> <span class='ocrx_word' id='word_1_190' title='bbox 1650 593 1706 627; x_wconf 89' lang='lat' dir='ltr'><strong>ple-</strong></span> 
     </span>
    </p>
   </div>
   <div class='ocr_carea' id='block_1_28' title="bbox 916 637 1707 672">
    <p class='ocr_par' dir='ltr' id='par_1_28' title="bbox 916 637 1707 672">
     <span class='ocr_line' id='line_1_28' title="bbox 916 637 1707 672; baseline 0.001 -8"><span class='ocrx_word' id='word_1_191' title='bbox 916 645 1017 672; x_wconf 86' lang='lat' dir='ltr'><strong>rosque</strong></span> <span class='ocrx_word' id='word_1_192' title='bbox 1027 637 1116 664; x_wconf 89' lang='lat' dir='ltr'><strong>adhuc</strong></span> <span class='ocrx_word' id='word_1_193' title='bbox 1130 646 1273 672; x_wconf 85' lang='lat' dir='ltr'><strong>superesse</strong></span> <span class='ocrx_word' id='word_1_194' title='bbox 1288 638 1388 665; x_wconf 88' lang='lat' dir='ltr'><strong>Paulus</strong></span> <span class='ocrx_word' id='word_1_195' title='bbox 1400 643 1516 666; x_wconf 80' lang='lat' dir='ltr'><strong>testatur</strong></span> <span class='ocrx_word' id='word_1_196' title='bbox 1528 639 1560 666; x_wconf 82' lang='lat'><strong>&quot;.</strong></span> <span class='ocrx_word' id='word_1_197' title='bbox 1571 637 1707 665; x_wconf 60' lang='lat' dir='ltr'><strong>Prmterea</strong></span> 
     </span>
    </p>
   </div>
   <div class='ocr_carea' id='block_1_29' title="bbox 915 682 1708 718">
    <p class='ocr_par' dir='ltr' id='par_1_29' title="bbox 915 682 1708 718">
     <span class='ocr_line' id='line_1_29' title="bbox 915 682 1708 718; baseline -0.001 -7"><span class='ocrx_word' id='word_1_198' title='bbox 915 682 1059 717; x_wconf 71' lang='lat' dir='ltr'><strong>Iacobo&quot;;</strong></span> <span class='ocrx_word' id='word_1_199' title='bbox 1075 683 1147 718; x_wconf 89' lang='lat' dir='ltr'><strong>quod</strong></span> <span class='ocrx_word' id='word_1_200' title='bbox 1157 684 1229 711; x_wconf 89' lang='lat' dir='ltr'><strong>idem</strong></span> <span class='ocrx_word' id='word_1_201' title='bbox 1240 683 1437 715; x_wconf 79' lang='lat' dir='ltr'><strong>Paulusdocet,</strong></span> <span class='ocrx_word' id='word_1_202' title='bbox 1451 691 1505 711; x_wconf 93' lang='lat' dir='ltr'><strong>non</strong></span> <span class='ocrx_word' id='word_1_203' title='bbox 1520 684 1630 718; x_wconf 84' lang='lat' dir='ltr'><strong>quidem</strong></span> <span class='ocrx_word' id='word_1_204' title='bbox 1647 689 1708 711; x_wconf 87' lang='lat' dir='ltr'><strong>tan-</strong></span> 
     </span>
    </p>
   </div>
   <div class='ocr_carea' id='block_1_30' title="bbox 917 728 1707 757">
    <p class='ocr_par' dir='ltr' id='par_1_30' title="bbox 917 728 1707 757">
     <span class='ocr_line' id='line_1_30' title="bbox 917 728 1707 757; baseline 0.001 -2"><span class='ocrx_word' id='word_1_205' title='bbox 917 732 975 756; x_wconf 92' lang='lat' dir='ltr'><strong>tum</strong></span> <span class='ocrx_word' id='word_1_206' title='bbox 1010 729 1081 756; x_wconf 84' lang='lat' dir='ltr'><strong>inter</strong></span> <span class='ocrx_word' id='word_1_207' title='bbox 1106 728 1250 756; x_wconf 82' lang='lat' dir='ltr'><strong>duodecim</strong></span> <span class='ocrx_word' id='word_1_208' title='bbox 1280 729 1352 756; x_wconf 85' lang='lat' dir='ltr'><strong>illos.</strong></span> <span class='ocrx_word' id='word_1_209' title='bbox 1378 729 1450 756; x_wconf 82' lang='lat' dir='ltr'><strong>Ante</strong></span> <span class='ocrx_word' id='word_1_210' title='bbox 1473 729 1545 756; x_wconf 92' lang='lat' dir='ltr'><strong>enim</strong></span> <span class='ocrx_word' id='word_1_211' title='bbox 1574 729 1707 757; x_wconf 74' lang='lat' dir='ltr'><strong>dixerat:</strong></span> 
     </span>
    </p>
   </div>
   <div class='ocr_carea' id='block_1_31' title="bbox 919 774 1710 809">
    <p class='ocr_par' dir='ltr' id='par_1_31' title="bbox 919 774 1710 809">
     <span class='ocr_line' id='line_1_31' title="bbox 919 774 1710 809; baseline 0.001 -8"><span class='ocrx_word' id='word_1_212' title='bbox 919 783 928 801; x_wconf 97' lang='lat'><strong>1</strong></span> <span class='ocrx_word' id='word_1_213' title='bbox 940 774 1074 809; x_wconf 86' lang='lat' dir='ltr'><strong>Apparuit</strong></span> <span class='ocrx_word' id='word_1_214' title='bbox 1084 774 1183 809; x_wconf 65' lang='lat' dir='ltr'><strong>(Iephte</strong></span> <span class='ocrx_word' id='word_1_215' title='bbox 1196 784 1202 802; x_wconf 91' lang='lat'>:</span> <span class='ocrx_word' id='word_1_216' title='bbox 1217 779 1310 809; x_wconf 88' lang='lat' dir='ltr'><strong>postea</strong></span> <span class='ocrx_word' id='word_1_217' title='bbox 1322 774 1468 802; x_wconf 85' lang='lat' dir='ltr'><strong>duodecim</strong></span> <span class='ocrx_word' id='word_1_218' title='bbox 1482 775 1537 802; x_wconf 91' lang='lat' dir='ltr'><strong>illis</strong></span> <span class='ocrx_word' id='word_1_219' title='bbox 1550 774 1591 809; x_wconf 85' lang='grc'><strong>¹⁵;</strong></span> <span class='ocrx_word' id='word_1_220' title='bbox 1605 783 1614 800; x_wconf 84' lang='grc' dir='ltr'><strong>ι</strong></span> <span class='ocrx_word' id='word_1_221' title='bbox 1626 775 1710 802; x_wconf 80' lang='lat' dir='ltr'><strong>adeo-</strong></span> 
     </span>
    </p>
   </div>
   <div class='ocr_carea' id='block_1_32' title="bbox 917 821 1708 857">
    <p class='ocr_par' dir='ltr' id='par_1_32' title="bbox 917 821 1708 857">
     <span class='ocr_line' id='line_1_32' title="bbox 917 821 1708 857; baseline -0.003 -8"><span class='ocrx_word' id='word_1_222' title='bbox 917 829 971 856; x_wconf 86' lang='lat' dir='ltr'><strong>que</strong></span> <span class='ocrx_word' id='word_1_223' title='bbox 992 822 1126 857; x_wconf 78' lang='lat' dir='ltr'><strong>apostolis</strong></span> <span class='ocrx_word' id='word_1_224' title='bbox 1152 822 1230 849; x_wconf 89' lang='lat' dir='ltr'><strong>illum</strong></span> <span class='ocrx_word' id='word_1_225' title='bbox 1257 822 1456 855; x_wconf 86' lang='lat' dir='ltr'><strong>superaddidit.</strong></span> <span class='ocrx_word' id='word_1_226' title='bbox 1476 821 1579 848; x_wconf 84' lang='lat' dir='ltr'><strong>Deinde</strong></span> <span class='ocrx_word' id='word_1_227' title='bbox 1603 825 1708 855; x_wconf 63' lang='lat' dir='ltr'><strong>septem</strong></span> 
     </span>
    </p>
   </div>
   <div class='ocr_carea' id='block_1_33' title="bbox 917 865 1708 902">
    <p class='ocr_par' dir='ltr' id='par_1_33' title="bbox 917 865 1708 902">
     <span class='ocr_line' id='line_1_33' title="bbox 917 865 1708 902; baseline -0.001 -8"><span class='ocrx_word' id='word_1_228' title='bbox 917 867 983 899; x_wconf 90' lang='lat' dir='ltr'><strong>illis,</strong></span> <span class='ocrx_word' id='word_1_229' title='bbox 1005 867 1038 894; x_wconf 90' lang='lat' dir='ltr'><strong>ad</strong></span> <span class='ocrx_word' id='word_1_230' title='bbox 1055 875 1130 895; x_wconf 82' lang='lat' dir='ltr'><strong>mare</strong></span> <span class='ocrx_word' id='word_1_231' title='bbox 1145 866 1299 894; x_wconf 85' lang='lat' dir='ltr'><strong>Tiberiadis</strong></span> <span class='ocrx_word' id='word_1_232' title='bbox 1321 867 1506 902; x_wconf 75' lang='lat' dir='ltr'><strong>congregatis,</strong></span> <span class='ocrx_word' id='word_1_233' title='bbox 1527 867 1580 894; x_wconf 88' lang='lat' dir='ltr'><strong>hoc</strong></span> <span class='ocrx_word' id='word_1_234' title='bbox 1598 870 1640 893; x_wconf 88' lang='lat' dir='ltr'><strong>est</strong></span> <span class='ocrx_word' id='word_1_235' title='bbox 1657 865 1708 893; x_wconf 87' lang='lat' dir='ltr'><strong>Pe-</strong></span> 
     </span>
    </p>
   </div>
   <div class='ocr_carea' id='block_1_34' title="bbox 67 906 865 946">
    <p class='ocr_par' dir='ltr' id='par_1_34' title="bbox 67 906 862 945">
     <span class='ocr_line' id='line_1_34' title="bbox 67 906 862 945; baseline 0.005 -11"><span class='ocrx_word' id='word_1_236' title='bbox 67 917 163 937; x_wconf 78' lang='grc' dir='ltr'>κοντα.</span> <span class='ocrx_word' id='word_1_237' title='bbox 182 906 248 936; x_wconf 82' lang='grc' dir='ltr'>Εἶτα</span> <span class='ocrx_word' id='word_1_238' title='bbox 276 910 317 941; x_wconf 86' lang='grc' dir='ltr'><strong>είς</strong></span> <span class='ocrx_word' id='word_1_239' title='bbox 332 909 362 936; x_wconf 77' lang='grc' dir='ltr'>τὸ</span> <span class='ocrx_word' id='word_1_240' title='bbox 378 909 443 944; x_wconf 76' lang='grc' dir='ltr'>ὄρος</span> <span class='ocrx_word' id='word_1_241' title='bbox 469 910 520 945; x_wconf 84' lang='grc' dir='ltr'>τῆς</span> <span class='ocrx_word' id='word_1_242' title='bbox 535 909 682 942; x_wconf 75' lang='grc' dir='ltr'>Γαλιλαίας</span> <span class='ocrx_word' id='word_1_243' title='bbox 699 907 730 941; x_wconf 67' lang='grc' dir='ltr'><strong>οὗ</strong></span> <span class='ocrx_word' id='word_1_244' title='bbox 750 911 862 944; x_wconf 76' lang='grc' dir='ltr'>ἐτάξατο</span> 
     </span>
    </p>
   </div>
   <div class='ocr_carea' id='block_1_35' title="bbox 951 906 1710 946">
    <p class='ocr_par' dir='ltr' id='par_1_35' title="bbox 951 911 1710 946">
     <span class='ocr_line' id='line_1_35' title="bbox 951 911 1710 946; baseline 0 -7"><span class='ocrx_word' id='word_1_245' title='bbox 951 921 970 945; x_wconf 78' lang='grc' dir='ltr'><strong>ι,</strong></span> <span class='ocrx_word' id='word_1_246' title='bbox 992 912 1115 944; x_wconf 68' lang='lat' dir='ltr'><strong>Thomas,</strong></span> <span class='ocrx_word' id='word_1_247' title='bbox 1139 912 1315 944; x_wconf 81' lang='lat' dir='ltr'><strong>Natltanaeli,</strong></span> <span class='ocrx_word' id='word_1_248' title='bbox 1330 912 1445 946; x_wconf 86' lang='lat' dir='ltr'><strong>Jacobo,</strong></span> <span class='ocrx_word' id='word_1_249' title='bbox 1464 911 1574 944; x_wconf 81' lang='lat' dir='ltr'><strong>Joanni,</strong></span> <span class='ocrx_word' id='word_1_250' title='bbox 1599 916 1627 938; x_wconf 90' lang='lat' dir='ltr'><strong>et</strong></span> <span class='ocrx_word' id='word_1_251' title='bbox 1648 912 1710 939; x_wconf 88' lang='lat' dir='ltr'><strong>aliis</strong></span> 
     </span>
    </p>
   </div>
   <div class='ocr_carea' id='block_1_36' title="bbox 67 954 862 993">
    <p class='ocr_par' dir='ltr' id='par_1_36' title="bbox 67 954 862 993">
     <span class='ocr_line' id='line_1_36' title="bbox 67 954 862 993; baseline 0.003 -12"><span class='ocrx_word' id='word_1_252' title='bbox 67 954 182 985; x_wconf 57' lang='grc' dir='ltr'>αἰτοῖςὸ</span> <span class='ocrx_word' id='word_1_253' title='bbox 195 954 310 990; x_wconf 88' lang='grc' dir='ltr'>Ἰησοῦς,</span> <span class='ocrx_word' id='word_1_254' title='bbox 326 955 374 982; x_wconf 83' lang='grc' dir='ltr'><strong>καὶ</strong></span> <span class='ocrx_word' id='word_1_255' title='bbox 385 956 424 986; x_wconf 75' lang='grc' dir='ltr'><strong>είς</strong></span> <span class='ocrx_word' id='word_1_256' title='bbox 432 955 462 982; x_wconf 84' lang='grc' dir='ltr'><strong>τδ</strong></span> <span class='ocrx_word' id='word_1_257' title='bbox 469 955 533 991; x_wconf 77' lang='grc' dir='ltr'>ὅρος</span> <span class='ocrx_word' id='word_1_258' title='bbox 544 955 599 983; x_wconf 81' lang='grc' dir='ltr'>τῶν</span> <span class='ocrx_word' id='word_1_259' title='bbox 616 955 740 989; x_wconf 82' lang='grc' dir='ltr'>Ἐλαιῶν,</span> <span class='ocrx_word' id='word_1_260' title='bbox 753 956 862 993; x_wconf 58' lang='grc' dir='ltr'>ὃτεςωῖ)</span> 
     </span>
    </p>
   </div>
   <div class='ocr_carea' id='block_1_37' title="bbox 67 1000 306 1036">
    <p class='ocr_par' dir='ltr' id='par_1_37' title="bbox 67 1000 306 1036">
     <span class='ocr_line' id='line_1_37' title="bbox 67 1000 306 1036; baseline 0.008 -10"><span class='ocrx_word' id='word_1_261' title='bbox 67 1000 115 1026; x_wconf 69' lang='grc' dir='ltr'><strong>καὶ</strong></span> <span class='ocrx_word' id='word_1_262' title='bbox 128 1001 144 1035; x_wconf 81' lang='grc' dir='ltr'>ἡ</span> <span class='ocrx_word' id='word_1_263' title='bbox 161 1001 306 1036; x_wconf 72' lang='grc' dir='ltr'>ἀνάληψις,</span> 
     </span>
    </p>
   </div>
   <div class='ocr_carea' id='block_1_38' title="bbox 916 959 1708 995">
    <p class='ocr_par' dir='ltr' id='par_1_38' title="bbox 916 959 1708 995">
     <span class='ocr_line' id='line_1_38' title="bbox 916 959 1708 995; baseline -0.001 -9"><span class='ocrx_word' id='word_1_264' title='bbox 916 959 1025 987; x_wconf 88' lang='lat' dir='ltr'><strong>duobus</strong></span> <span class='ocrx_word' id='word_1_265' title='bbox 1051 960 1192 995; x_wconf 81' lang='lat' dir='ltr'><strong>discipulis</strong></span> <span class='ocrx_word' id='word_1_266' title='bbox 1220 961 1279 988; x_wconf 91' lang='lat' dir='ltr'><strong>suis</strong></span> <span class='ocrx_word' id='word_1_267' title='bbox 1294 961 1326 988; x_wconf 77' lang='lat'><strong>‘°.</strong></span> <span class='ocrx_word' id='word_1_268' title='bbox 1352 961 1439 987; x_wconf 86' lang='lat' dir='ltr'><strong>Porro</strong></span> <span class='ocrx_word' id='word_1_269' title='bbox 1463 959 1596 995; x_wconf 81' lang='lat' dir='ltr'><strong>apostolis</strong></span> <span class='ocrx_word' id='word_1_270' title='bbox 1616 959 1708 986; x_wconf 91' lang='lat' dir='ltr'><strong>omni-</strong></span> 
     </span>
    </p>
   </div>
   <div class='ocr_carea' id='block_1_39' title="bbox 918 1005 1709 1042">
    <p class='ocr_par' dir='ltr' id='par_1_39' title="bbox 918 1005 1709 1042">
     <span class='ocr_line' id='line_1_39' title="bbox 918 1005 1709 1042; baseline -0.003 -8"><span class='ocrx_word' id='word_1_271' title='bbox 918 1007 970 1034; x_wconf 90' lang='lat' dir='ltr'><strong>bus</strong></span> <span class='ocrx_word' id='word_1_272' title='bbox 983 1007 1015 1039; x_wconf 86' lang='lat'><strong>&quot;’,</strong></span> <span class='ocrx_word' id='word_1_273' title='bbox 1041 1007 1092 1033; x_wconf 88' lang='lat' dir='ltr'><strong>ltoe</strong></span> <span class='ocrx_word' id='word_1_274' title='bbox 1115 1013 1158 1034; x_wconf 89' lang='lat' dir='ltr'><strong>est</strong></span> <span class='ocrx_word' id='word_1_275' title='bbox 1185 1006 1358 1042; x_wconf 76' lang='lat' dir='ltr'><strong>septuaginta</strong></span> <span class='ocrx_word' id='word_1_276' title='bbox 1384 1006 1536 1041; x_wconf 84' lang='lat' dir='ltr'><strong>discipulis.</strong></span> <span class='ocrx_word' id='word_1_277' title='bbox 1558 1005 1660 1032; x_wconf 85' lang='lat' dir='ltr'><strong>Deinde</strong></span> <span class='ocrx_word' id='word_1_278' title='bbox 1682 1005 1709 1032; x_wconf 92' lang='lat' dir='ltr'><strong>in</strong></span> 
     </span>
    </p>
   </div>
   <div class='ocr_carea' id='block_1_40' title="bbox 66 1046 1635 1087">
    <p class='ocr_par' dir='ltr' id='par_1_40' title="bbox 66 1046 1635 1087">
     <span class='ocr_line' id='line_1_40' title="bbox 66 1046 1635 1087; baseline 0.003 -15"><span class='ocrx_word' id='word_1_279' title='bbox 66 1051 162 1073; x_wconf 87' lang='lat' dir='ltr'><strong>monte</strong></span> <span class='ocrx_word' id='word_1_280' title='bbox 177 1046 295 1075; x_wconf 75' lang='lat' dir='ltr'><strong>Galilaeae</strong></span> <span class='ocrx_word' id='word_1_281' title='bbox 306 1048 337 1080; x_wconf 74' lang='grc' dir='ltr'>η,</span> <span class='ocrx_word' id='word_1_282' title='bbox 350 1056 405 1083; x_wconf 88' lang='lat' dir='ltr'><strong>quo</strong></span> <span class='ocrx_word' id='word_1_283' title='bbox 415 1048 563 1077; x_wconf 86' lang='lat' dir='ltr'><strong>convenire</strong></span> <span class='ocrx_word' id='word_1_284' title='bbox 573 1056 621 1078; x_wconf 86' lang='lat' dir='ltr'><strong>eos</strong></span> <span class='ocrx_word' id='word_1_285' title='bbox 628 1048 710 1078; x_wconf 83' lang='lat' dir='ltr'><strong>Jesus</strong></span> <span class='ocrx_word' id='word_1_286' title='bbox 722 1049 854 1085; x_wconf 79' lang='lat' dir='ltr'><strong>iusserat,</strong></span> <span class='ocrx_word' id='word_1_287' title='bbox 869 1057 896 1080; x_wconf 87' lang='lat' dir='ltr'><strong>et</strong></span> <span class='ocrx_word' id='word_1_288' title='bbox 910 1053 938 1080; x_wconf 90' lang='lat' dir='ltr'><strong>in</strong></span> <span class='ocrx_word' id='word_1_289' title='bbox 954 1058 1046 1082; x_wconf 83' lang='lat' dir='ltr'><strong>monte</strong></span> <span class='ocrx_word' id='word_1_290' title='bbox 1059 1053 1170 1087; x_wconf 79' lang='lat' dir='ltr'><strong>()liveti,</strong></span> <span class='ocrx_word' id='word_1_291' title='bbox 1187 1053 1258 1081; x_wconf 87' lang='lat' dir='ltr'><strong>unde</strong></span> <span class='ocrx_word' id='word_1_292' title='bbox 1278 1058 1305 1081; x_wconf 82' lang='lat' dir='ltr'><strong>et</strong></span> <span class='ocrx_word' id='word_1_293' title='bbox 1317 1052 1449 1080; x_wconf 85' lang='lat' dir='ltr'><strong>Ascensio</strong></span> <span class='ocrx_word' id='word_1_294' title='bbox 1463 1051 1534 1079; x_wconf 79' lang='lat' dir='ltr'><strong>facta</strong></span> <span class='ocrx_word' id='word_1_295' title='bbox 1550 1056 1592 1078; x_wconf 85' lang='lat' dir='ltr'><strong>est</strong></span> <span class='ocrx_word' id='word_1_296' title='bbox 1602 1051 1635 1077; x_wconf 85' lang='lat'><strong>&quot;.</strong></span> 
     </span>
    </p>
   </div>
   <div class='ocr_carea' id='block_1_41' title="bbox 320 1105 606 1135">
    <p class='ocr_par' dir='ltr' id='par_1_41' title="bbox 320 1105 606 1135">
     <span class='ocr_line' id='line_1_41' title="bbox 320 1105 606 1135; baseline 0.01 -3"><span class='ocrx_word' id='word_1_297' title='bbox 320 1105 488 1133; x_wconf 79' lang='grc' dir='ltr'><strong>ΕΡΩΊἪΣΙΣ</strong></span> <span class='ocrx_word' id='word_1_298' title='bbox 517 1107 606 1135; x_wconf 82' lang='lat' dir='ltr'><strong>PKE&#39;.</strong></span> 
     </span>
    </p>
   </div>
   <div class='ocr_carea' id='block_1_42' title="bbox 66 1151 862 1186">
    <p class='ocr_par' dir='ltr' id='par_1_42' title="bbox 66 1151 862 1186">
     <span class='ocr_line' id='line_1_42' title="bbox 66 1151 862 1186; baseline 0.005 -9"><span class='ocrx_word' id='word_1_299' title='bbox 66 1151 120 1177; x_wconf 76' lang='grc' dir='ltr'><strong>Διὰ</strong></span> <span class='ocrx_word' id='word_1_300' title='bbox 136 1151 165 1177; x_wconf 82' lang='grc' dir='ltr'><strong>τί</strong></span> <span class='ocrx_word' id='word_1_301' title='bbox 179 1151 379 1185; x_wconf 73' lang='grc' dir='ltr'><strong>παρήγγειλεν</strong></span> <span class='ocrx_word' id='word_1_302' title='bbox 394 1153 411 1178; x_wconf 84' lang='lat' dir='ltr'><strong>d</strong></span> <span class='ocrx_word' id='word_1_303' title='bbox 432 1152 560 1185; x_wconf 76' lang='grc' dir='ltr'>Χριστὸς</span> <span class='ocrx_word' id='word_1_304' title='bbox 590 1152 652 1186; x_wconf 80' lang='grc' dir='ltr'>τοῖς</span> <span class='ocrx_word' id='word_1_305' title='bbox 676 1153 862 1186; x_wconf 75' lang='grc' dir='ltr'>ἀποστόλοις</span> 
     </span>
    </p>
   </div>
   <div class='ocr_carea' id='block_1_43' title="bbox 102 1186 861 1221">
    <p class='ocr_par' dir='ltr' id='par_1_43' title="bbox 102 1186 861 1221">
     <span class='ocr_line' id='line_1_43' title="bbox 102 1186 861 1221; baseline 0.005 -9"><span class='ocrx_word' id='word_1_306' title='bbox 102 1186 162 1212; x_wconf 73' lang='grc' dir='ltr'><strong>ἀπὸ</strong></span> <span class='ocrx_word' id='word_1_307' title='bbox 194 1187 409 1220; x_wconf 82' lang='grc' dir='ltr'>Ἰεροσολύμων</span> <span class='ocrx_word' id='word_1_308' title='bbox 426 1187 469 1221; x_wconf 74' lang='grc' dir='ltr'>μὴ</span> <span class='ocrx_word' id='word_1_309' title='bbox 500 1187 689 1221; x_wconf 82' lang='grc' dir='ltr'>χωρίζεσθαι,</span> <span class='ocrx_word' id='word_1_310' title='bbox 713 1188 764 1215; x_wconf 74' lang='grc' dir='ltr'><strong>καὶ</strong></span> <span class='ocrx_word' id='word_1_311' title='bbox 789 1189 861 1216; x_wconf 79' lang='grc' dir='ltr'>πότε</span> 
     </span>
    </p>
   </div>
   <div class='ocr_carea' id='block_1_44' title="bbox 103 1220 731 1257">
    <p class='ocr_par' dir='ltr' id='par_1_44' title="bbox 103 1220 731 1257">
     <span class='ocr_line' id='line_1_44' title="bbox 103 1220 731 1257; baseline 0.005 -10"><span class='ocrx_word' id='word_1_312' title='bbox 103 1220 162 1254; x_wconf 79' lang='grc' dir='ltr'><strong>τὴν</strong></span> <span class='ocrx_word' id='word_1_313' title='bbox 175 1221 360 1256; x_wconf 74' lang='grc' dir='ltr'><strong>ἐπαγγελίαν</strong></span> <span class='ocrx_word' id='word_1_314' title='bbox 373 1221 427 1249; x_wconf 79' lang='grc' dir='ltr'><strong>τοῦ</strong></span> <span class='ocrx_word' id='word_1_315' title='bbox 442 1220 558 1256; x_wconf 45' lang='lat' dir='ltr'><strong>Harl)ch</strong></span> <span class='ocrx_word' id='word_1_316' title='bbox 572 1222 731 1257; x_wconf 78' lang='grc' dir='ltr'><strong>ἢκουσαν;</strong></span> 
     </span>
    </p>
   </div>
   <div class='ocr_carea' id='block_1_45' title="bbox 913 1101 1708 1148">
    <p class='ocr_par' dir='ltr' id='par_1_45' title="bbox 913 1101 1708 1148">
     <span class='ocr_line' id='line_1_45' title="bbox 913 1101 1708 1148; baseline -0.003 -10"><span class='ocrx_word' id='word_1_317' title='bbox 913 1110 1080 1144; x_wconf 74' lang='grc' dir='ltr'><strong>ΩυΑΞδΤΙΟ</strong></span> <span class='ocrx_word' id='word_1_318' title='bbox 1101 1109 1196 1138; x_wconf 82' lang='lat' dir='ltr'><strong>CXXV</strong></span> <span class='ocrx_word' id='word_1_319' title='bbox 1216 1109 1309 1148; x_wconf 67' lang='grc' dir='ltr'>[ϐοὶδί.</span> <span class='ocrx_word' id='word_1_320' title='bbox 1330 1107 1458 1142; x_wconf 75' lang='lat' dir='ltr'><strong>CXLVII,</strong></span> <span class='ocrx_word' id='word_1_321' title='bbox 1479 1108 1561 1136; x_wconf 86' lang='lat' dir='ltr'><strong>Taur.</strong></span> <span class='ocrx_word' id='word_1_322' title='bbox 1579 1101 1708 1144; x_wconf 61' lang='lat' dir='ltr'><strong>CXLVI].</strong></span> 
     </span>
    </p>
   </div>
   <div class='ocr_carea' id='block_1_46' title="bbox 913 1153 1707 1190">
    <p class='ocr_par' dir='ltr' id='par_1_46' title="bbox 913 1153 1707 1190">
     <span class='ocr_line' id='line_1_46' title="bbox 913 1153 1707 1190; baseline -0.004 -8"><span class='ocrx_word' id='word_1_323' title='bbox 913 1155 1004 1188; x_wconf 79' lang='lat' dir='ltr'><strong>Quare</strong></span> <span class='ocrx_word' id='word_1_324' title='bbox 1026 1156 1148 1182; x_wconf 70' lang='lat' dir='ltr'><strong>L/lrislus</strong></span> <span class='ocrx_word' id='word_1_325' title='bbox 1165 1156 1288 1190; x_wconf 76' lang='lat' dir='ltr'><strong>pra&#39;cepit</strong></span> <span class='ocrx_word' id='word_1_326' title='bbox 1313 1155 1454 1189; x_wconf 73' lang='lat' dir='ltr'><strong>apostolis,</strong></span> <span class='ocrx_word' id='word_1_327' title='bbox 1478 1163 1487 1180; x_wconf 90' lang='lat'><strong>1</strong></span> <span class='ocrx_word' id='word_1_328' title='bbox 1503 1162 1534 1181; x_wconf 86' lang='lat' dir='ltr'><strong>ne</strong></span> <span class='ocrx_word' id='word_1_329' title='bbox 1554 1153 1707 1190; x_wconf 66' lang='lat' dir='ltr'><strong>Hierosoly—</strong></span> 
     </span>
    </p>
   </div>
   <div class='ocr_carea' id='block_1_47' title="bbox 950 1188 1708 1225">
    <p class='ocr_par' dir='ltr' id='par_1_47' title="bbox 950 1188 1708 1225">
     <span class='ocr_line' id='line_1_47' title="bbox 950 1188 1708 1225; baseline -0.004 -8"><span class='ocrx_word' id='word_1_330' title='bbox 950 1191 1001 1217; x_wconf 69' lang='lat' dir='ltr'><strong>mis</strong></span> <span class='ocrx_word' id='word_1_331' title='bbox 1016 1188 1192 1222; x_wconf 67' lang='lat' dir='ltr'><strong>discederent,</strong></span> <span class='ocrx_word' id='word_1_332' title='bbox 1212 1188 1370 1225; x_wconf 19' lang='lat' dir='ltr'><strong>et,rqnaudo</strong></span> <span class='ocrx_word' id='word_1_333' title='bbox 1390 1189 1593 1225; x_wconf 73' lang='lat' dir='ltr'><strong>promissionem</strong></span> <span class='ocrx_word' id='word_1_334' title='bbox 1615 1188 1708 1215; x_wconf 82' lang='lat' dir='ltr'><strong>Putris</strong></span> 
     </span>
    </p>
   </div>
   <div class='ocr_carea' id='block_1_48' title="bbox 949 1226 1186 1252">
    <p class='ocr_par' dir='ltr' id='par_1_48' title="bbox 949 1226 1186 1252">
     <span class='ocr_line' id='line_1_48' title="bbox 949 1226 1186 1252; baseline 0 0"><span class='ocrx_word' id='word_1_335' title='bbox 949 1226 1108 1252; x_wconf 67' lang='lat' dir='ltr'><strong>audiverunt</strong></span> <span class='ocrx_word' id='word_1_336' title='bbox 1120 1226 1160 1251; x_wconf 67' lang='lat'><strong>&quot;1&#39;</strong></span> <span class='ocrx_word' id='word_1_337' title='bbox 1177 1236 1186 1252; x_wconf 87' lang='grc' dir='ltr'><strong>ι</strong></span> 
     </span>
    </p>
   </div>
   <div class='ocr_carea' id='block_1_49' title="bbox 200 1279 1559 1314">
    <p class='ocr_par' dir='ltr' id='par_1_49' title="bbox 200 1279 1559 1314">
     <span class='ocr_line' id='line_1_49' title="bbox 200 1279 1559 1314; baseline 0 -10"><span class='ocrx_word' id='word_1_338' title='bbox 200 1279 328 1304; x_wconf 84' lang='lat' dir='ltr'><strong>Editarum</strong></span> <span class='ocrx_word' id='word_1_339' title='bbox 340 1287 354 1304; x_wconf 84' lang='lat' dir='ltr'><strong>a</strong></span> <span class='ocrx_word' id='word_1_340' title='bbox 372 1280 461 1305; x_wconf 78' lang='lat' dir='ltr'><strong>Wolfio</strong></span> <span class='ocrx_word' id='word_1_341' title='bbox 473 1280 568 1306; x_wconf 85' lang='lat' dir='ltr'><strong>decima</strong></span> <span class='ocrx_word' id='word_1_342' title='bbox 579 1282 608 1313; x_wconf 85' lang='grc' dir='ltr'><strong>(Ι.</strong></span> <span class='ocrx_word' id='word_1_343' title='bbox 626 1288 660 1312; x_wconf 86' lang='lat' dir='ltr'><strong>c.,</strong></span> <span class='ocrx_word' id='word_1_344' title='bbox 672 1288 697 1313; x_wconf 92' lang='lat' dir='ltr'><strong>p.</strong></span> <span class='ocrx_word' id='word_1_345' title='bbox 711 1281 766 1312; x_wconf 65' lang='grc'><strong>754,</strong></span> <span class='ocrx_word' id='word_1_346' title='bbox 778 1281 832 1306; x_wconf 77' lang='grc'><strong>755.</strong></span> <span class='ocrx_word' id='word_1_347' title='bbox 846 1282 956 1308; x_wconf 81' lang='lat' dir='ltr'><strong>Gallam].</strong></span> <span class='ocrx_word' id='word_1_348' title='bbox 968 1290 993 1314; x_wconf 91' lang='lat' dir='ltr'><strong>p.</strong></span> <span class='ocrx_word' id='word_1_349' title='bbox 1007 1283 1062 1313; x_wconf 66' lang='lat'><strong>725,</strong></span> <span class='ocrx_word' id='word_1_350' title='bbox 1079 1283 1134 1314; x_wconf 68' lang='lat'><strong>725,</strong></span> <span class='ocrx_word' id='word_1_351' title='bbox 1144 1290 1169 1308; x_wconf 95' lang='lat' dir='ltr'><strong>n.</strong></span> <span class='ocrx_word' id='word_1_352' title='bbox 1182 1283 1234 1314; x_wconf 80' lang='lat'><strong>26).</strong></span> <span class='ocrx_word' id='word_1_353' title='bbox 1247 1295 1278 1300; x_wconf 92' lang='lat'><em>—</em></span> <span class='ocrx_word' id='word_1_354' title='bbox 1287 1282 1317 1306; x_wconf 86' lang='lat' dir='ltr'><strong>In</strong></span> <span class='ocrx_word' id='word_1_355' title='bbox 1333 1281 1395 1307; x_wconf 76' lang='lat' dir='ltr'><strong>Acta</strong></span> <span class='ocrx_word' id='word_1_356' title='bbox 1405 1284 1485 1313; x_wconf 86' lang='lat' dir='ltr'><strong>apost.</strong></span> <span class='ocrx_word' id='word_1_357' title='bbox 1504 1287 1521 1311; x_wconf 84' lang='grc' dir='ltr'><strong>ι,</strong></span> <span class='ocrx_word' id='word_1_358' title='bbox 1536 1281 1559 1305; x_wconf 76' lang='grc'><strong>4.</strong></span> 
     </span>
    </p>
   </div>
   <div class='ocr_carea' id='block_1_50' title="bbox 103 1334 863 1372">
    <p class='ocr_par' dir='ltr' id='par_1_50' title="bbox 103 1334 863 1372">
     <span class='ocr_line' id='line_1_50' title="bbox 103 1334 863 1372; baseline 0.003 -11"><span class='ocrx_word' id='word_1_359' title='bbox 103 1334 293 1369; x_wconf 83' lang='grc' dir='ltr'>Παρήγγειλεν</span> <span class='ocrx_word' id='word_1_360' title='bbox 309 1335 403 1367; x_wconf 75' lang='grc' dir='ltr'>αὐτοῖς</span> <span class='ocrx_word' id='word_1_361' title='bbox 423 1335 477 1363; x_wconf 71' lang='grc' dir='ltr'>ἀπὸ</span> <span class='ocrx_word' id='word_1_362' title='bbox 503 1334 698 1372; x_wconf 78' lang='grc' dir='ltr'>Ἰεροσολύμων</span> <span class='ocrx_word' id='word_1_363' title='bbox 721 1336 760 1372; x_wconf 72' lang='grc' dir='ltr'><strong>μὴ</strong></span> <span class='ocrx_word' id='word_1_364' title='bbox 777 1337 863 1372; x_wconf 83' lang='grc' dir='ltr'>χωρί-</span> 
     </span>
    </p>
   </div>
   <div class='ocr_carea' id='block_1_51' title="bbox 67 1380 861 1418">
    <p class='ocr_par' dir='ltr' id='par_1_51' title="bbox 67 1380 861 1418">
     <span class='ocr_line' id='line_1_51' title="bbox 67 1380 861 1418; baseline 0.003 -11"><span class='ocrx_word' id='word_1_365' title='bbox 67 1380 176 1413; x_wconf 77' lang='grc' dir='ltr'>ζεσθαι,</span> <span class='ocrx_word' id='word_1_366' title='bbox 192 1381 260 1407; x_wconf 78' lang='grc' dir='ltr'>ἀλλὰ</span> <span class='ocrx_word' id='word_1_367' title='bbox 272 1381 432 1417; x_wconf 82' lang='grc' dir='ltr'>περιμένειν</span> <span class='ocrx_word' id='word_1_368' title='bbox 441 1381 490 1417; x_wconf 85' lang='grc' dir='ltr'>τὴν</span> <span class='ocrx_word' id='word_1_369' title='bbox 501 1382 668 1416; x_wconf 78' lang='grc' dir='ltr'>ἐπαγγελίαν</span> <span class='ocrx_word' id='word_1_370' title='bbox 679 1381 725 1408; x_wconf 87' lang='grc' dir='ltr'><strong>τοῦ</strong></span> <span class='ocrx_word' id='word_1_371' title='bbox 742 1382 861 1418; x_wconf 81' lang='grc' dir='ltr'>Πατρὺς,</span> 
     </span>
    </p>
   </div>
   <div class='ocr_carea' id='block_1_52' title="bbox 68 1427 863 1464">
    <p class='ocr_par' dir='ltr' id='par_1_52' title="bbox 68 1427 863 1464">
     <span class='ocr_line' id='line_1_52' title="bbox 68 1427 863 1464; baseline 0.004 -12"><span class='ocrx_word' id='word_1_372' title='bbox 68 1428 101 1462; x_wconf 80' lang='grc' dir='ltr'><strong>ἦν</strong></span> <span class='ocrx_word' id='word_1_373' title='bbox 110 1427 249 1462; x_wconf 68' lang='grc' dir='ltr'>ἠκούσατέ</span> <span class='ocrx_word' id='word_1_374' title='bbox 262 1435 333 1462; x_wconf 49' lang='grc' dir='ltr'>μου(</span> <span class='ocrx_word' id='word_1_375' title='bbox 347 1428 418 1454; x_wconf 81' lang='grc' dir='ltr'>Ἀλλ’</span> <span class='ocrx_word' id='word_1_376' title='bbox 432 1427 474 1454; x_wconf 84' lang='grc' dir='ltr'>ὅτι</span> <span class='ocrx_word' id='word_1_377' title='bbox 493 1427 543 1462; x_wconf 79' lang='grc' dir='ltr'>μὲν</span> <span class='ocrx_word' id='word_1_378' title='bbox 554 1429 568 1454; x_wconf 87' lang='grc' dir='ltr'>ὁ</span> <span class='ocrx_word' id='word_1_379' title='bbox 588 1428 683 1463; x_wconf 81' lang='grc' dir='ltr'>Σωτὴρ</span> <span class='ocrx_word' id='word_1_380' title='bbox 704 1428 768 1464; x_wconf 76' lang='grc' dir='ltr'>ἔφη,</span> <span class='ocrx_word' id='word_1_381' title='bbox 783 1429 863 1455; x_wconf 86' lang='grc' dir='ltr'>τοῦτο</span> 
     </span>
    </p>
   </div>
   <div class='ocr_carea' id='block_1_53' title="bbox 67 1471 861 1510">
    <p class='ocr_par' dir='ltr' id='par_1_53' title="bbox 67 1471 861 1510">
     <span class='ocr_line' id='line_1_53' title="bbox 67 1471 861 1510; baseline 0.001 -11"><span class='ocrx_word' id='word_1_382' title='bbox 67 1473 158 1508; x_wconf 77' lang='grc' dir='ltr'>δῆλον.</span> <span class='ocrx_word' id='word_1_383' title='bbox 183 1471 264 1500; x_wconf 72' lang='grc' dir='ltr'>Εἶπεν</span> <span class='ocrx_word' id='word_1_384' title='bbox 283 1473 349 1509; x_wconf 74' lang='grc' dir='ltr'>γὰρ.</span> <span class='ocrx_word' id='word_1_385' title='bbox 366 1474 407 1502; x_wconf 75' lang='grc' dir='ltr'>ἇτι</span> <span class='ocrx_word' id='word_1_386' title='bbox 442 1483 452 1499; x_wconf 95' lang='lat'><strong>1</strong></span> <span class='ocrx_word' id='word_1_387' title='bbox 474 1473 627 1500; x_wconf 82' lang='grc' dir='ltr'>Ἀναϐαίνω</span> <span class='ocrx_word' id='word_1_388' title='bbox 641 1474 710 1510; x_wconf 76' lang='grc' dir='ltr'>πρὸς</span> <span class='ocrx_word' id='word_1_389' title='bbox 733 1474 779 1501; x_wconf 82' lang='grc' dir='ltr'>τὸν</span> <span class='ocrx_word' id='word_1_390' title='bbox 803 1475 861 1500; x_wconf 87' lang='grc' dir='ltr'>Πα-</span> 
     </span>
    </p>
   </div>
   <div class='ocr_carea' id='block_1_54' title="bbox 67 1519 864 1556">
    <p class='ocr_par' dir='ltr' id='par_1_54' title="bbox 67 1519 864 1556">
     <span class='ocr_line' id='line_1_54' title="bbox 67 1519 864 1556; baseline 0.003 -11"><span class='ocrx_word' id='word_1_391' title='bbox 67 1519 134 1554; x_wconf 78' lang='grc' dir='ltr'>τέρα</span> <span class='ocrx_word' id='word_1_392' title='bbox 150 1527 214 1553; x_wconf 88' lang='grc' dir='ltr'>μου,</span> <span class='ocrx_word' id='word_1_393' title='bbox 234 1519 281 1546; x_wconf 73' lang='grc' dir='ltr'><strong>καὶ</strong></span> <span class='ocrx_word' id='word_1_394' title='bbox 300 1519 453 1554; x_wconf 83' lang='grc' dir='ltr'>παρακαλῶ</span> <span class='ocrx_word' id='word_1_395' title='bbox 476 1519 569 1553; x_wconf 84' lang='grc' dir='ltr'>αὐτὸν,</span> <span class='ocrx_word' id='word_1_396' title='bbox 594 1519 643 1546; x_wconf 70' lang='grc' dir='ltr'>καὶ</span> <span class='ocrx_word' id='word_1_397' title='bbox 665 1520 772 1555; x_wconf 80' lang='grc' dir='ltr'>πέμπει</span> <span class='ocrx_word' id='word_1_398' title='bbox 797 1520 864 1556; x_wconf 78' lang='grc' dir='ltr'>ὑμῖν</span> 
     </span>
    </p>
   </div>
   <div class='ocr_carea' id='block_1_55' title="bbox 67 1564 861 1601">
    <p class='ocr_par' dir='ltr' id='par_1_55' title="bbox 67 1564 861 1601">
     <span class='ocr_line' id='line_1_55' title="bbox 67 1564 861 1601; baseline 0.004 -11"><span class='ocrx_word' id='word_1_399' title='bbox 67 1564 113 1591; x_wconf 73' lang='grc' dir='ltr'>τὸν</span> <span class='ocrx_word' id='word_1_400' title='bbox 127 1564 318 1600; x_wconf 73' lang='grc' dir='ltr'>Παράκλητον.</span> <span class='ocrx_word' id='word_1_401' title='bbox 339 1575 348 1591; x_wconf 83' lang='grc' dir='ltr'><strong>ι</strong></span> <span class='ocrx_word' id='word_1_402' title='bbox 369 1565 398 1592; x_wconf 90' lang='lat'><strong>&#39;0</strong></span> <span class='ocrx_word' id='word_1_403' title='bbox 415 1566 445 1593; x_wconf 81' lang='grc' dir='ltr'>δὲ</span> <span class='ocrx_word' id='word_1_404' title='bbox 467 1566 563 1601; x_wconf 85' lang='grc' dir='ltr'>Πατὴρ</span> <span class='ocrx_word' id='word_1_405' title='bbox 578 1565 631 1592; x_wconf 88' lang='grc' dir='ltr'><strong>ποῦ</strong></span> <span class='ocrx_word' id='word_1_406' title='bbox 656 1566 861 1601; x_wconf 82' lang='grc' dir='ltr'>ἐπηγγείλατο;</span> 
     </span>
    </p>
   </div>
   <div class='ocr_carea' id='block_1_56' title="bbox 69 1611 865 1648">
    <p class='ocr_par' dir='ltr' id='par_1_56' title="bbox 69 1611 865 1648">
     <span class='ocr_line' id='line_1_56' title="bbox 69 1611 865 1648; baseline 0.004 -11"><span class='ocrx_word' id='word_1_407' title='bbox 69 1611 100 1638; x_wconf 79' lang='grc' dir='ltr'><strong>ἐκ</strong></span> <span class='ocrx_word' id='word_1_408' title='bbox 112 1612 164 1646; x_wconf 87' lang='grc' dir='ltr'>μὲν</span> <span class='ocrx_word' id='word_1_409' title='bbox 174 1611 230 1646; x_wconf 83' lang='grc' dir='ltr'><strong>γὰρ</strong></span> <span class='ocrx_word' id='word_1_410' title='bbox 244 1611 292 1639; x_wconf 85' lang='grc' dir='ltr'><strong>τοῦ</strong></span> <span class='ocrx_word' id='word_1_411' title='bbox 309 1612 479 1647; x_wconf 78' lang='grc' dir='ltr'>Εὑαγγελίου</span> <span class='ocrx_word' id='word_1_412' title='bbox 501 1613 518 1648; x_wconf 87' lang='grc' dir='ltr'><strong>ή</strong></span> <span class='ocrx_word' id='word_1_413' title='bbox 533 1611 585 1639; x_wconf 86' lang='grc' dir='ltr'><strong>τοῦ</strong></span> <span class='ocrx_word' id='word_1_414' title='bbox 609 1612 718 1648; x_wconf 80' lang='grc' dir='ltr'>Πατρδς</span> <span class='ocrx_word' id='word_1_415' title='bbox 742 1615 865 1647; x_wconf 82' lang='grc' dir='ltr'>ἐπαγγε-</span> 
     </span>
    </p>
   </div>
   <div class='ocr_carea' id='block_1_57' title="bbox 953 1335 1707 1373">
    <p class='ocr_par' dir='ltr' id='par_1_57' title="bbox 953 1335 1707 1373">
     <span class='ocr_line' id='line_1_57' title="bbox 953 1335 1707 1373; baseline -0.005 -7"><span class='ocrx_word' id='word_1_416' title='bbox 953 1338 1086 1373; x_wconf 71' lang='lat' dir='ltr'><strong>Praecepit</strong></span> <span class='ocrx_word' id='word_1_417' title='bbox 1116 1338 1170 1365; x_wconf 92' lang='lat' dir='ltr'><strong>illis</strong></span> <span class='ocrx_word' id='word_1_418' title='bbox 1193 1345 1226 1365; x_wconf 90' lang='lat' dir='ltr'><strong>ne</strong></span> <span class='ocrx_word' id='word_1_419' title='bbox 1249 1336 1446 1372; x_wconf 81' lang='lat' dir='ltr'><strong>Hierosolymis</strong></span> <span class='ocrx_word' id='word_1_420' title='bbox 1460 1335 1644 1368; x_wconf 83' lang='lat' dir='ltr'><strong>discederent,</strong></span> <span class='ocrx_word' id='word_1_421' title='bbox 1659 1335 1707 1362; x_wconf 88' lang='lat' dir='ltr'><strong>sed</strong></span> 
     </span>
    </p>
   </div>
   <div class='ocr_carea' id='block_1_58' title="bbox 917 1381 1710 1418">
    <p class='ocr_par' dir='ltr' id='par_1_58' title="bbox 917 1381 1710 1418">
     <span class='ocr_line' id='line_1_58' title="bbox 917 1381 1710 1418; baseline -0.008 -6"><span class='ocrx_word' id='word_1_422' title='bbox 917 1388 1110 1418; x_wconf 83' lang='lat' dir='ltr'><strong>exspectarent</strong></span> <span class='ocrx_word' id='word_1_423' title='bbox 1124 1383 1336 1418; x_wconf 85' lang='lat' dir='ltr'><strong>promissionem</strong></span> <span class='ocrx_word' id='word_1_424' title='bbox 1352 1381 1451 1413; x_wconf 85' lang='lat' dir='ltr'><strong>Patris,</strong></span> <span class='ocrx_word' id='word_1_425' title='bbox 1465 1389 1548 1416; x_wconf 88' lang='lat' dir='ltr'><strong>quam</strong></span> <span class='ocrx_word' id='word_1_426' title='bbox 1567 1389 1598 1407; x_wconf 83' lang='lat' dir='ltr'><strong>ex</strong></span> <span class='ocrx_word' id='word_1_427' title='bbox 1615 1388 1644 1407; x_wconf 85' lang='lat' dir='ltr'><strong>se</strong></span> <span class='ocrx_word' id='word_1_428' title='bbox 1659 1387 1710 1406; x_wconf 91' lang='lat' dir='ltr'><strong>au-</strong></span> 
     </span>
    </p>
   </div>
   <div class='ocr_carea' id='block_1_59' title="bbox 917 1425 1710 1463">
    <p class='ocr_par' dir='ltr' id='par_1_59' title="bbox 917 1425 1710 1463">
     <span class='ocr_line' id='line_1_59' title="bbox 917 1425 1710 1463; baseline -0.009 -5"><span class='ocrx_word' id='word_1_429' title='bbox 917 1430 1046 1458; x_wconf 81' lang='lat' dir='ltr'><strong>diverim.</strong></span> <span class='ocrx_word' id='word_1_430' title='bbox 1075 1429 1153 1463; x_wconf 84' lang='lat' dir='ltr'><strong>Quod</strong></span> <span class='ocrx_word' id='word_1_431' title='bbox 1178 1429 1309 1456; x_wconf 81' lang='lat' dir='ltr'><strong>Servator</strong></span> <span class='ocrx_word' id='word_1_432' title='bbox 1336 1428 1363 1456; x_wconf 93' lang='lat' dir='ltr'><strong>id</strong></span> <span class='ocrx_word' id='word_1_433' title='bbox 1388 1427 1508 1459; x_wconf 85' lang='lat' dir='ltr'><strong>dixerit,</strong></span> <span class='ocrx_word' id='word_1_434' title='bbox 1533 1425 1710 1454; x_wconf 80' lang='lat' dir='ltr'><strong>manifestum</strong></span> 
     </span>
    </p>
   </div>
   <div class='ocr_carea' id='block_1_60' title="bbox 918 1472 1713 1511">
    <p class='ocr_par' dir='ltr' id='par_1_60' title="bbox 918 1472 1713 1511">
     <span class='ocr_line' id='line_1_60' title="bbox 918 1472 1713 1511; baseline -0.008 -7"><span class='ocrx_word' id='word_1_435' title='bbox 918 1476 1014 1511; x_wconf 87' lang='lat' dir='ltr'><strong>utique</strong></span> <span class='ocrx_word' id='word_1_436' title='bbox 1039 1480 1092 1503; x_wconf 80' lang='lat' dir='ltr'><strong>est.</strong></span> <span class='ocrx_word' id='word_1_437' title='bbox 1115 1475 1225 1503; x_wconf 82' lang='lat' dir='ltr'><strong>Dixerat</strong></span> <span class='ocrx_word' id='word_1_438' title='bbox 1249 1473 1322 1502; x_wconf 85' lang='lat' dir='ltr'><strong>enim</strong></span> <span class='ocrx_word' id='word_1_439' title='bbox 1339 1483 1345 1501; x_wconf 91' lang='lat'>:</span> <span class='ocrx_word' id='word_1_440' title='bbox 1364 1483 1374 1500; x_wconf 95' lang='lat'><strong>1</strong></span> <span class='ocrx_word' id='word_1_441' title='bbox 1389 1473 1516 1501; x_wconf 82' lang='lat' dir='ltr'><strong>Ascendo</strong></span> <span class='ocrx_word' id='word_1_442' title='bbox 1545 1473 1579 1499; x_wconf 85' lang='lat' dir='ltr'><strong>ad</strong></span> <span class='ocrx_word' id='word_1_443' title='bbox 1602 1472 1713 1499; x_wconf 84' lang='lat' dir='ltr'><strong>Patrem</strong></span> 
     </span>
    </p>
   </div>
   <div class='ocr_carea' id='block_1_61' title="bbox 915 1517 1712 1557">
    <p class='ocr_par' dir='ltr' id='par_1_61' title="bbox 915 1517 1712 1557">
     <span class='ocr_line' id='line_1_61' title="bbox 915 1517 1712 1557; baseline -0.01 -6"><span class='ocrx_word' id='word_1_444' title='bbox 915 1531 1021 1556; x_wconf 88' lang='lat' dir='ltr'><strong>meum,</strong></span> <span class='ocrx_word' id='word_1_445' title='bbox 1035 1527 1063 1550; x_wconf 90' lang='lat' dir='ltr'><strong>et</strong></span> <span class='ocrx_word' id='word_1_446' title='bbox 1083 1522 1216 1557; x_wconf 89' lang='lat' dir='ltr'><strong>precabor</strong></span> <span class='ocrx_word' id='word_1_447' title='bbox 1231 1521 1319 1552; x_wconf 82' lang='lat' dir='ltr'><strong>illum,</strong></span> <span class='ocrx_word' id='word_1_448' title='bbox 1342 1525 1370 1548; x_wconf 89' lang='lat' dir='ltr'><strong>et</strong></span> <span class='ocrx_word' id='word_1_449' title='bbox 1388 1519 1479 1547; x_wconf 91' lang='lat' dir='ltr'><strong>mittet</strong></span> <span class='ocrx_word' id='word_1_450' title='bbox 1497 1519 1574 1546; x_wconf 86' lang='lat' dir='ltr'><strong>vobis</strong></span> <span class='ocrx_word' id='word_1_451' title='bbox 1591 1517 1712 1544; x_wconf 84' lang='lat' dir='ltr'><strong>Paracli-</strong></span> 
     </span>
    </p>
   </div>
   <div class='ocr_carea' id='block_1_62' title="bbox 915 1562 1711 1600">
    <p class='ocr_par' dir='ltr' id='par_1_62' title="bbox 915 1562 1711 1600">
     <span class='ocr_line' id='line_1_62' title="bbox 915 1562 1711 1600; baseline -0.008 -5"><span class='ocrx_word' id='word_1_452' title='bbox 915 1571 975 1596; x_wconf 85' lang='lat' dir='ltr'><strong>tum</strong></span> <span class='ocrx_word' id='word_1_453' title='bbox 987 1568 1022 1594; x_wconf 80' lang='lat'><strong>“.</strong></span> <span class='ocrx_word' id='word_1_454' title='bbox 1038 1576 1047 1592; x_wconf 89' lang='grc' dir='ltr'><strong>ι</strong></span> <span class='ocrx_word' id='word_1_455' title='bbox 1072 1567 1123 1594; x_wconf 88' lang='lat' dir='ltr'><strong>Ubi</strong></span> <span class='ocrx_word' id='word_1_456' title='bbox 1138 1574 1203 1593; x_wconf 86' lang='lat' dir='ltr'><strong>vero</strong></span> <span class='ocrx_word' id='word_1_457' title='bbox 1219 1565 1301 1593; x_wconf 83' lang='lat' dir='ltr'><strong>Pater</strong></span> <span class='ocrx_word' id='word_1_458' title='bbox 1316 1564 1382 1592; x_wconf 90' lang='lat' dir='ltr'><strong>illud</strong></span> <span class='ocrx_word' id='word_1_459' title='bbox 1399 1563 1543 1600; x_wconf 86' lang='lat' dir='ltr'><strong>promisit?</strong></span> <span class='ocrx_word' id='word_1_460' title='bbox 1560 1562 1622 1590; x_wconf 64' lang='lat' dir='ltr'><strong>llaec</strong></span> <span class='ocrx_word' id='word_1_461' title='bbox 1638 1563 1711 1590; x_wconf 88' lang='lat' dir='ltr'><strong>enim</strong></span> 
     </span>
    </p>
   </div>
   <div class='ocr_carea' id='block_1_63' title="bbox 917 1606 1715 1647">
    <p class='ocr_par' dir='ltr' id='par_1_63' title="bbox 917 1606 1715 1647">
     <span class='ocr_line' id='line_1_63' title="bbox 917 1606 1715 1647; baseline -0.009 -8"><span class='ocrx_word' id='word_1_462' title='bbox 917 1612 1008 1640; x_wconf 83' lang='lat' dir='ltr'><strong>Patris</strong></span> <span class='ocrx_word' id='word_1_463' title='bbox 1023 1611 1173 1647; x_wconf 81' lang='lat' dir='ltr'><strong>promissio</strong></span> <span class='ocrx_word' id='word_1_464' title='bbox 1189 1618 1222 1637; x_wconf 83' lang='lat' dir='ltr'><strong>ex</strong></span> <span class='ocrx_word' id='word_1_465' title='bbox 1236 1609 1385 1645; x_wconf 78' lang='lat' dir='ltr'><strong>Evangelio</strong></span> <span class='ocrx_word' id='word_1_466' title='bbox 1400 1616 1454 1636; x_wconf 93' lang='lat' dir='ltr'><strong>non</strong></span> <span class='ocrx_word' id='word_1_467' title='bbox 1480 1611 1599 1635; x_wconf 71' lang='lat' dir='ltr'><strong>Constat.</strong></span> <span class='ocrx_word' id='word_1_468' title='bbox 1616 1606 1715 1633; x_wconf 83' lang='lat' dir='ltr'><strong>Nonne</strong></span> 
     </span>
    </p>
   </div>
   <div class='ocr_carea' id='block_1_64' title="bbox 70 1651 865 1694">
    <p class='ocr_par' dir='ltr' id='par_1_64' title="bbox 70 1657 865 1694">
     <span class='ocr_line' id='line_1_64' title="bbox 70 1657 865 1694; baseline 0.003 -11"><span class='ocrx_word' id='word_1_469' title='bbox 70 1657 114 1684; x_wconf 76' lang='grc' dir='ltr'><strong>λία</strong></span> <span class='ocrx_word' id='word_1_470' title='bbox 125 1657 175 1692; x_wconf 79' lang='grc' dir='ltr'><strong>οὐχ</strong></span> <span class='ocrx_word' id='word_1_471' title='bbox 190 1658 358 1693; x_wconf 83' lang='grc' dir='ltr'>εὑρίσκεται.</span> <span class='ocrx_word' id='word_1_472' title='bbox 376 1659 411 1685; x_wconf 86' lang='grc' dir='ltr'><strong>Ἦ</strong></span> <span class='ocrx_word' id='word_1_473' title='bbox 426 1658 518 1694; x_wconf 81' lang='grc' dir='ltr'>δῆλον,</span> <span class='ocrx_word' id='word_1_474' title='bbox 533 1659 571 1691; x_wconf 85' lang='grc' dir='ltr'>ὼς</span> <span class='ocrx_word' id='word_1_475' title='bbox 587 1659 617 1685; x_wconf 86' lang='grc' dir='ltr'>ἐν</span> <span class='ocrx_word' id='word_1_476' title='bbox 639 1659 697 1691; x_wconf 85' lang='grc' dir='ltr'>τοῖς</span> <span class='ocrx_word' id='word_1_477' title='bbox 712 1659 865 1694; x_wconf 73' lang='grc' dir='ltr'>προφήταις</span> 
     </span>
    </p>
   </div>
   <div class='ocr_carea' id='block_1_65' title="bbox 951 1651 1714 1694">
    <p class='ocr_par' dir='ltr' id='par_1_65' title="bbox 951 1651 1714 1692">
     <span class='ocr_line' id='line_1_65' title="bbox 951 1651 1714 1692; baseline -0.009 -7"><span class='ocrx_word' id='word_1_478' title='bbox 951 1659 1003 1685; x_wconf 85' lang='lat' dir='ltr'><strong>itur</strong></span> <span class='ocrx_word' id='word_1_479' title='bbox 1025 1657 1215 1692; x_wconf 85' lang='lat' dir='ltr'><strong>consequitur,</strong></span> <span class='ocrx_word' id='word_1_480' title='bbox 1235 1655 1263 1683; x_wconf 91' lang='lat' dir='ltr'><strong>in</strong></span> <span class='ocrx_word' id='word_1_481' title='bbox 1282 1654 1425 1691; x_wconf 79' lang='lat' dir='ltr'><strong>prophetis</strong></span> <span class='ocrx_word' id='word_1_482' title='bbox 1451 1661 1511 1681; x_wconf 87' lang='lat' dir='ltr'><strong>eam</strong></span> <span class='ocrx_word' id='word_1_483' title='bbox 1527 1652 1666 1680; x_wconf 83' lang='lat' dir='ltr'><strong>inveniri?</strong></span> <span class='ocrx_word' id='word_1_484' title='bbox 1685 1651 1714 1678; x_wconf 87' lang='lat' dir='ltr'><strong>ld</strong></span> 
     </span>
    </p>
   </div>
   <div class='ocr_carea' id='block_1_66' title="bbox 69 1703 864 1740">
    <p class='ocr_par' dir='ltr' id='par_1_66' title="bbox 69 1703 864 1740">
     <span class='ocr_line' id='line_1_66' title="bbox 69 1703 864 1740; baseline 0.001 -10"><span class='ocrx_word' id='word_1_485' title='bbox 69 1703 228 1739; x_wconf 80' lang='grc' dir='ltr'>εὑρίσκεται</span> <span class='ocrx_word' id='word_1_486' title='bbox 241 1712 249 1736; x_wconf 88' lang='grc'>;</span> <span class='ocrx_word' id='word_1_487' title='bbox 264 1704 302 1736; x_wconf 82' lang='grc' dir='ltr'><strong>ὡς</strong></span> <span class='ocrx_word' id='word_1_488' title='bbox 318 1706 453 1740; x_wconf 79' lang='grc' dir='ltr'>μαρτυρεῖ</span> <span class='ocrx_word' id='word_1_489' title='bbox 470 1705 517 1732; x_wconf 81' lang='grc' dir='ltr'><strong>καὶ</strong></span> <span class='ocrx_word' id='word_1_490' title='bbox 529 1704 636 1736; x_wconf 83' lang='grc' dir='ltr'>Παῦλος</span> <span class='ocrx_word' id='word_1_491' title='bbox 654 1705 753 1739; x_wconf 86' lang='grc' dir='ltr'>λέγων·</span> <span class='ocrx_word' id='word_1_492' title='bbox 770 1715 779 1731; x_wconf 94' lang='lat'><strong>1</strong></span> <span class='ocrx_word' id='word_1_493' title='bbox 792 1705 864 1732; x_wconf 63' lang='grc' dir='ltr'>Παῦε</span> 
     </span>
    </p>
   </div>
   <div class='ocr_carea' id='block_1_67' title="bbox 72 1750 862 1788">
    <p class='ocr_par' dir='ltr' id='par_1_67' title="bbox 72 1750 862 1788">
     <span class='ocr_line' id='line_1_67' title="bbox 72 1750 862 1788; baseline 0.004 -12"><span class='ocrx_word' id='word_1_494' title='bbox 72 1750 135 1784; x_wconf 87' lang='grc' dir='ltr'>λος,</span> <span class='ocrx_word' id='word_1_495' title='bbox 164 1752 259 1783; x_wconf 82' lang='grc' dir='ltr'>δοῦλος</span> <span class='ocrx_word' id='word_1_496' title='bbox 292 1750 380 1787; x_wconf 82' lang='grc' dir='ltr'>Ἰησοῦ</span> <span class='ocrx_word' id='word_1_497' title='bbox 409 1752 540 1787; x_wconf 84' lang='grc' dir='ltr'>Χριστοῦ,</span> <span class='ocrx_word' id='word_1_498' title='bbox 569 1752 667 1788; x_wconf 75' lang='grc' dir='ltr'>κλητὸς</span> <span class='ocrx_word' id='word_1_499' title='bbox 700 1753 862 1784; x_wconf 81' lang='grc' dir='ltr'>ἀπόστολος,</span> 
     </span>
    </p>
   </div>
   <div class='ocr_carea' id='block_1_68' title="bbox 71 1797 865 1833">
    <p class='ocr_par' dir='ltr' id='par_1_68' title="bbox 71 1797 865 1833">
     <span class='ocr_line' id='line_1_68' title="bbox 71 1797 865 1833; baseline 0.001 -10"><span class='ocrx_word' id='word_1_500' title='bbox 71 1797 265 1833; x_wconf 75' lang='grc' dir='ltr'>ἀφωρισμένος</span> <span class='ocrx_word' id='word_1_501' title='bbox 280 1798 321 1829; x_wconf 85' lang='grc' dir='ltr'>εις</span> <span class='ocrx_word' id='word_1_502' title='bbox 347 1798 513 1832; x_wconf 76' lang='grc' dir='ltr'>Εὐαγγέλιον</span> <span class='ocrx_word' id='word_1_503' title='bbox 539 1797 619 1830; x_wconf 80' lang='grc' dir='ltr'>Θεοῦ,</span> <span class='ocrx_word' id='word_1_504' title='bbox 637 1797 652 1824; x_wconf 86' lang='grc' dir='ltr'><strong>ὃ</strong></span> <span class='ocrx_word' id='word_1_505' title='bbox 679 1797 865 1833; x_wconf 84' lang='grc' dir='ltr'>προεπηγγεί-</span> 
     </span>
    </p>
   </div>
   <div class='ocr_carea' id='block_1_69' title="bbox 70 1841 865 1880">
    <p class='ocr_par' dir='ltr' id='par_1_69' title="bbox 70 1841 865 1880">
     <span class='ocr_line' id='line_1_69' title="bbox 70 1841 865 1880; baseline 0.001 -12"><span class='ocrx_word' id='word_1_506' title='bbox 70 1841 134 1869; x_wconf 79' lang='grc' dir='ltr'>λατο</span> <span class='ocrx_word' id='word_1_507' title='bbox 147 1842 193 1869; x_wconf 78' lang='grc' dir='ltr'><strong>διὰ</strong></span> <span class='ocrx_word' id='word_1_508' title='bbox 216 1842 272 1869; x_wconf 82' lang='grc' dir='ltr'>τῶν</span> <span class='ocrx_word' id='word_1_509' title='bbox 296 1844 447 1880; x_wconf 79' lang='grc' dir='ltr'>προφητῶν</span> <span class='ocrx_word' id='word_1_510' title='bbox 461 1843 544 1870; x_wconf 80' lang='grc' dir='ltr'>αὐτοῦ</span> <span class='ocrx_word' id='word_1_511' title='bbox 570 1845 600 1871; x_wconf 83' lang='grc' dir='ltr'><strong>ὲν</strong></span> <span class='ocrx_word' id='word_1_512' title='bbox 629 1844 753 1879; x_wconf 83' lang='grc' dir='ltr'>Γραφαῖς</span> <span class='ocrx_word' id='word_1_513' title='bbox 772 1843 865 1878; x_wconf 79' lang='grc' dir='ltr'>ἁγίαις</span> 
     </span>
    </p>
   </div>
   <div class='ocr_carea' id='block_1_70' title="bbox 71 1889 865 1926">
    <p class='ocr_par' dir='ltr' id='par_1_70' title="bbox 71 1889 865 1926">
     <span class='ocr_line' id='line_1_70' title="bbox 71 1889 865 1926; baseline 0.003 -11"><span class='ocrx_word' id='word_1_514' title='bbox 71 1890 137 1925; x_wconf 79' lang='grc' dir='ltr'>περὶ</span> <span class='ocrx_word' id='word_1_515' title='bbox 153 1889 201 1916; x_wconf 85' lang='grc' dir='ltr'><strong>τοῦ</strong></span> <span class='ocrx_word' id='word_1_516' title='bbox 218 1889 284 1916; x_wconf 84' lang='grc' dir='ltr'>Υἰοῦ</span> <span class='ocrx_word' id='word_1_517' title='bbox 297 1890 392 1916; x_wconf 83' lang='grc' dir='ltr'>αὑτοῦ.</span> <span class='ocrx_word' id='word_1_518' title='bbox 413 1899 422 1915; x_wconf 89' lang='grc' dir='ltr'><strong>ι</strong></span> <span class='ocrx_word' id='word_1_519' title='bbox 452 1890 748 1926; x_wconf 74' lang='grc' dir='ltr'>Προεπαγγειλάμενος</span> <span class='ocrx_word' id='word_1_520' title='bbox 773 1890 865 1917; x_wconf 83' lang='grc' dir='ltr'>τοίνυν</span> 
     </span>
    </p>
   </div>
   <div class='ocr_carea' id='block_1_71' title="bbox 71 1935 863 1972">
    <p class='ocr_par' dir='ltr' id='par_1_71' title="bbox 71 1935 863 1972">
     <span class='ocr_line' id='line_1_71' title="bbox 71 1935 863 1972; baseline 0.001 -11"><span class='ocrx_word' id='word_1_521' title='bbox 71 1935 251 1969; x_wconf 78' lang='grc' dir='ltr'>Εὐαγγὲλιον,</span> <span class='ocrx_word' id='word_1_522' title='bbox 266 1935 450 1971; x_wconf 76' lang='grc' dir='ltr'>ἐπηγγείλατο</span> <span class='ocrx_word' id='word_1_523' title='bbox 466 1937 513 1963; x_wconf 74' lang='grc' dir='ltr'>καὶ</span> <span class='ocrx_word' id='word_1_524' title='bbox 525 1935 638 1972; x_wconf 85' lang='grc' dir='ltr'>Πνεῦμα</span> <span class='ocrx_word' id='word_1_525' title='bbox 653 1936 731 1970; x_wconf 73' lang='grc' dir='ltr'>ἄτιον</span> <span class='ocrx_word' id='word_1_526' title='bbox 750 1936 863 1963; x_wconf 79' lang='grc' dir='ltr'>διδόναι.</span> 
     </span>
    </p>
   </div>
   <div class='ocr_carea' id='block_1_72' title="bbox 71 1980 866 2017">
    <p class='ocr_par' dir='ltr' id='par_1_72' title="bbox 71 1980 866 2017">
     <span class='ocr_line' id='line_1_72' title="bbox 71 1980 866 2017; baseline 0 -10"><span class='ocrx_word' id='word_1_527' title='bbox 71 1981 154 2015; x_wconf 79' lang='grc' dir='ltr'>Λέγει</span> <span class='ocrx_word' id='word_1_528' title='bbox 172 1980 202 2007; x_wconf 88' lang='grc' dir='ltr'><strong>δέ</strong></span> <span class='ocrx_word' id='word_1_529' title='bbox 217 1981 265 2008; x_wconf 79' lang='grc' dir='ltr'>καὶ</span> <span class='ocrx_word' id='word_1_530' title='bbox 286 1981 331 2008; x_wconf 67' lang='grc' dir='ltr'>διὰ</span> <span class='ocrx_word' id='word_1_531' title='bbox 345 1980 392 2008; x_wconf 86' lang='grc' dir='ltr'><strong>τοῦ</strong></span> <span class='ocrx_word' id='word_1_532' title='bbox 421 1981 564 2017; x_wconf 82' lang='grc' dir='ltr'>προφήτου</span> <span class='ocrx_word' id='word_1_533' title='bbox 584 1982 599 2009; x_wconf 80' lang='grc' dir='ltr'><strong>ὁ</strong></span> <span class='ocrx_word' id='word_1_534' title='bbox 613 1981 680 2014; x_wconf 76' lang='grc' dir='ltr'><strong>Θεός</strong></span> <span class='ocrx_word' id='word_1_535' title='bbox 694 1989 701 1996; x_wconf 89' lang='grc'><strong>·</strong></span> <span class='ocrx_word' id='word_1_536' title='bbox 714 1991 724 2008; x_wconf 97' lang='lat'><strong>1</strong></span> <span class='ocrx_word' id='word_1_537' title='bbox 735 1981 780 2008; x_wconf 81' lang='grc' dir='ltr'><strong>Ἐν</strong></span> <span class='ocrx_word' id='word_1_538' title='bbox 806 1982 866 2013; x_wconf 86' lang='grc' dir='ltr'>ταῖς</span> 
     </span>
    </p>
   </div>
   <div class='ocr_carea' id='block_1_73' title="bbox 70 2029 867 2065">
    <p class='ocr_par' dir='ltr' id='par_1_73' title="bbox 70 2029 867 2065">
     <span class='ocr_line' id='line_1_73' title="bbox 70 2029 867 2065; baseline 0 -9"><span class='ocrx_word' id='word_1_539' title='bbox 70 2029 202 2065; x_wconf 72' lang='grc' dir='ltr'>ἐσχάταις</span> <span class='ocrx_word' id='word_1_540' title='bbox 213 2030 344 2065; x_wconf 79' lang='grc' dir='ltr'>ἡμέραις,</span> <span class='ocrx_word' id='word_1_541' title='bbox 357 2030 431 2065; x_wconf 84' lang='grc' dir='ltr'>λέγει</span> <span class='ocrx_word' id='word_1_542' title='bbox 442 2030 544 2065; x_wconf 82' lang='grc' dir='ltr'>Κύριος</span> <span class='ocrx_word' id='word_1_543' title='bbox 552 2029 762 2065; x_wconf 81' lang='grc' dir='ltr'>παντοκράτωρ,</span> <span class='ocrx_word' id='word_1_544' title='bbox 779 2029 867 2064; x_wconf 78' lang='grc' dir='ltr'>ἐκχεῶ</span> 
     </span>
    </p>
   </div>
   <div class='ocr_carea' id='block_1_74' title="bbox 70 2075 867 2112">
    <p class='ocr_par' dir='ltr' id='par_1_74' title="bbox 70 2075 867 2112">
     <span class='ocr_line' id='line_1_74' title="bbox 70 2075 867 2112; baseline -0.001 -10"><span class='ocrx_word' id='word_1_545' title='bbox 70 2076 126 2103; x_wconf 74' lang='grc' dir='ltr'><strong>ἀπὸ</strong></span> <span class='ocrx_word' id='word_1_546' title='bbox 141 2075 190 2102; x_wconf 84' lang='grc' dir='ltr'><strong>τοῦ</strong></span> <span class='ocrx_word' id='word_1_547' title='bbox 210 2075 369 2111; x_wconf 75' lang='grc' dir='ltr'>Πνεύματός</span> <span class='ocrx_word' id='word_1_548' title='bbox 386 2084 436 2111; x_wconf 82' lang='grc' dir='ltr'><strong>μου</strong></span> <span class='ocrx_word' id='word_1_549' title='bbox 451 2076 499 2103; x_wconf 74' lang='grc' dir='ltr'>ἐπὶ</span> <span class='ocrx_word' id='word_1_550' title='bbox 511 2076 602 2103; x_wconf 82' lang='grc' dir='ltr'>πᾶσαν</span> <span class='ocrx_word' id='word_1_551' title='bbox 622 2075 723 2112; x_wconf 82' lang='grc' dir='ltr'>σάρκα,</span> <span class='ocrx_word' id='word_1_552' title='bbox 738 2075 786 2102; x_wconf 70' lang='grc' dir='ltr'><strong>καὶ</strong></span> <span class='ocrx_word' id='word_1_553' title='bbox 798 2082 867 2110; x_wconf 83' lang='grc' dir='ltr'>προ-</span> 
     </span>
    </p>
   </div>
   <div class='ocr_carea' id='block_1_75' title="bbox 70 2121 863 2157">
    <p class='ocr_par' dir='ltr' id='par_1_75' title="bbox 70 2121 863 2157">
     <span class='ocr_line' id='line_1_75' title="bbox 70 2121 863 2157; baseline -0.003 -8"><span class='ocrx_word' id='word_1_554' title='bbox 70 2122 254 2157; x_wconf 76' lang='grc' dir='ltr'>φητεύσουσιν</span> <span class='ocrx_word' id='word_1_555' title='bbox 268 2123 293 2149; x_wconf 77' lang='grc' dir='ltr'>οἱ</span> <span class='ocrx_word' id='word_1_556' title='bbox 311 2122 364 2149; x_wconf 76' lang='grc' dir='ltr'>υῐοὶ</span> <span class='ocrx_word' id='word_1_557' title='bbox 379 2122 458 2156; x_wconf 76' lang='grc' dir='ltr'>ὑμῶν</span> <span class='ocrx_word' id='word_1_558' title='bbox 472 2122 521 2149; x_wconf 79' lang='grc' dir='ltr'>καὶ</span> <span class='ocrx_word' id='word_1_559' title='bbox 536 2122 564 2148; x_wconf 78' lang='grc' dir='ltr'>αἱ</span> <span class='ocrx_word' id='word_1_560' title='bbox 580 2121 731 2157; x_wconf 73' lang='grc' dir='ltr'>θυγατέρες</span> <span class='ocrx_word' id='word_1_561' title='bbox 747 2121 835 2156; x_wconf 77' lang='grc' dir='ltr'>ὑμῶν.</span> <span class='ocrx_word' id='word_1_562' title='bbox 853 2131 863 2147; x_wconf 85' lang='grc' dir='ltr'><strong>ι</strong></span> 
     </span>
    </p>
   </div>
   <div class='ocr_carea' id='block_1_76' title="bbox 75 2165 869 2203">
    <p class='ocr_par' dir='ltr' id='par_1_76' title="bbox 75 2165 869 2203">
     <span class='ocr_line' id='line_1_76' title="bbox 75 2165 869 2203; baseline -0.004 -8"><span class='ocrx_word' id='word_1_563' title='bbox 75 2168 144 2195; x_wconf 78' lang='grc' dir='ltr'>Ίδοῦ</span> <span class='ocrx_word' id='word_1_564' title='bbox 156 2168 172 2203; x_wconf 90' lang='grc' dir='ltr'><strong>ή</strong></span> <span class='ocrx_word' id='word_1_565' title='bbox 184 2167 337 2202; x_wconf 73' lang='grc' dir='ltr'>ἐπαγγελία</span> <span class='ocrx_word' id='word_1_566' title='bbox 349 2168 355 2194; x_wconf 84' lang='lat' dir='ltr'><strong>l</strong></span> <span class='ocrx_word' id='word_1_567' title='bbox 373 2166 442 2194; x_wconf 74' lang='grc' dir='ltr'><strong>Ἡδὲ</strong></span> <span class='ocrx_word' id='word_1_568' title='bbox 456 2166 579 2198; x_wconf 77' lang='grc' dir='ltr'>ἔκϐασις,</span> <span class='ocrx_word' id='word_1_569' title='bbox 590 2166 631 2193; x_wconf 83' lang='grc' dir='ltr'>ὅτι</span> <span class='ocrx_word' id='word_1_570' title='bbox 640 2165 696 2202; x_wconf 90' lang='lat'><strong>(88)</strong></span> <span class='ocrx_word' id='word_1_571' title='bbox 712 2165 743 2192; x_wconf 87' lang='grc' dir='ltr'><strong>τδ</strong></span> <span class='ocrx_word' id='word_1_572' title='bbox 755 2165 869 2200; x_wconf 85' lang='grc' dir='ltr'>Πνεῦμα</span> 
     </span>
    </p>
   </div>
   <div class='ocr_carea' id='block_1_77' title="bbox 71 2211 868 2248">
    <p class='ocr_par' dir='ltr' id='par_1_77' title="bbox 71 2211 868 2248">
     <span class='ocr_line' id='line_1_77' title="bbox 71 2211 868 2248; baseline -0.005 -7"><span class='ocrx_word' id='word_1_573' title='bbox 71 2215 102 2242; x_wconf 72' lang='grc' dir='ltr'>τὸ</span> <span class='ocrx_word' id='word_1_574' title='bbox 125 2214 205 2248; x_wconf 84' lang='grc' dir='ltr'>ἆγιον</span> <span class='ocrx_word' id='word_1_575' title='bbox 230 2213 259 2240; x_wconf 77' lang='grc' dir='ltr'><strong>ἐν</strong></span> <span class='ocrx_word' id='word_1_576' title='bbox 284 2213 348 2240; x_wconf 76' lang='grc' dir='ltr'>εἴδει</span> <span class='ocrx_word' id='word_1_577' title='bbox 375 2213 507 2248; x_wconf 84' lang='grc' dir='ltr'>γλωσσῶν</span> <span class='ocrx_word' id='word_1_578' title='bbox 522 2212 574 2248; x_wconf 74' lang='grc' dir='ltr'>ἐφ’</span> <span class='ocrx_word' id='word_1_579' title='bbox 604 2212 652 2238; x_wconf 71' lang='grc' dir='ltr'><strong>ἕνα</strong></span> <span class='ocrx_word' id='word_1_580' title='bbox 673 2211 790 2239; x_wconf 71' lang='grc' dir='ltr'>ἕκαστον</span> <span class='ocrx_word' id='word_1_581' title='bbox 813 2211 868 2238; x_wconf 81' lang='grc' dir='ltr'><strong>τῶν</strong></span> 
     </span>
    </p>
   </div>
   <div class='ocr_carea' id='block_1_78' title="bbox 73 2256 867 2296">
    <p class='ocr_par' dir='ltr' id='par_1_78' title="bbox 73 2256 867 2296">
     <span class='ocr_line' id='line_1_78' title="bbox 73 2256 867 2296; baseline -0.004 -9"><span class='ocrx_word' id='word_1_582' title='bbox 73 2259 206 2296; x_wconf 83' lang='grc' dir='ltr'>μαθητῶν</span> <span class='ocrx_word' id='word_1_583' title='bbox 228 2259 349 2292; x_wconf 75' lang='grc' dir='ltr'>ἐκάθισε,</span> <span class='ocrx_word' id='word_1_584' title='bbox 376 2259 424 2287; x_wconf 78' lang='grc' dir='ltr'>καὶ</span> <span class='ocrx_word' id='word_1_585' title='bbox 450 2258 564 2286; x_wconf 81' lang='grc' dir='ltr'>ἐλάλουν</span> <span class='ocrx_word' id='word_1_586' title='bbox 591 2257 626 2285; x_wconf 81' lang='grc' dir='ltr'><strong>τὰ</strong></span> <span class='ocrx_word' id='word_1_587' title='bbox 656 2257 789 2292; x_wconf 76' lang='grc' dir='ltr'>μεγαλεῖα</span> <span class='ocrx_word' id='word_1_588' title='bbox 818 2256 867 2284; x_wconf 87' lang='grc' dir='ltr'><strong>τοῦ</strong></span> 
     </span>
    </p>
   </div>
   <div class='ocr_carea' id='block_1_79' title="bbox 72 2303 866 2340">
    <p class='ocr_par' dir='ltr' id='par_1_79' title="bbox 72 2303 866 2340">
     <span class='ocr_line' id='line_1_79' title="bbox 72 2303 866 2340; baseline -0.004 -7"><span class='ocrx_word' id='word_1_589' title='bbox 72 2306 151 2333; x_wconf 81' lang='grc' dir='ltr'>Θεοῦ.</span> <span class='ocrx_word' id='word_1_590' title='bbox 169 2306 232 2332; x_wconf 83' lang='grc' dir='ltr'>Ὅτι</span> <span class='ocrx_word' id='word_1_591' title='bbox 259 2305 288 2331; x_wconf 81' lang='grc' dir='ltr'>δὲ</span> <span class='ocrx_word' id='word_1_592' title='bbox 308 2306 323 2332; x_wconf 84' lang='grc' dir='ltr'><strong>ό</strong></span> <span class='ocrx_word' id='word_1_593' title='bbox 346 2304 441 2340; x_wconf 85' lang='grc' dir='ltr'>Πατὴρ</span> <span class='ocrx_word' id='word_1_594' title='bbox 465 2304 553 2331; x_wconf 84' lang='grc' dir='ltr'>ταῦτα</span> <span class='ocrx_word' id='word_1_595' title='bbox 573 2303 657 2339; x_wconf 84' lang='grc' dir='ltr'>λέγει,</span> <span class='ocrx_word' id='word_1_596' title='bbox 678 2304 729 2339; x_wconf 83' lang='grc' dir='ltr'><strong>οὐχ</strong></span> <span class='ocrx_word' id='word_1_597' title='bbox 754 2304 770 2330; x_wconf 82' lang='grc' dir='ltr'><strong><em>ὁ</em></strong></span> <span class='ocrx_word' id='word_1_598' title='bbox 791 2303 866 2335; x_wconf 64' lang='grc' dir='ltr'>Υῑδςη,</span> 
     </span>
    </p>
   </div>
   <div class='ocr_carea' id='block_1_80' title="bbox 72 2349 866 2387">
    <p class='ocr_par' dir='ltr' id='par_1_80' title="bbox 72 2349 866 2387">
     <span class='ocr_line' id='line_1_80' title="bbox 72 2349 866 2387; baseline -0.004 -8"><span class='ocrx_word' id='word_1_599' title='bbox 72 2353 106 2379; x_wconf 84' lang='grc' dir='ltr'>ἐκ</span> <span class='ocrx_word' id='word_1_600' title='bbox 117 2352 170 2387; x_wconf 82' lang='grc' dir='ltr'>τῆς</span> <span class='ocrx_word' id='word_1_601' title='bbox 183 2351 332 2386; x_wconf 76' lang='grc' dir='ltr'>ἐπαγωγῆς</span> <span class='ocrx_word' id='word_1_602' title='bbox 343 2350 433 2386; x_wconf 85' lang='grc' dir='ltr'>δῆλον.</span> <span class='ocrx_word' id='word_1_603' title='bbox 450 2359 459 2376; x_wconf 87' lang='lat'><strong>1</strong></span> <span class='ocrx_word' id='word_1_604' title='bbox 475 2351 530 2377; x_wconf 81' lang='grc' dir='ltr'>Καὶ</span> <span class='ocrx_word' id='word_1_605' title='bbox 541 2350 620 2376; x_wconf 89' lang='grc' dir='ltr'>δώσω</span> <span class='ocrx_word' id='word_1_606' title='bbox 632 2349 698 2385; x_wconf 79' lang='grc' dir='ltr'>γὰρ,</span> <span class='ocrx_word' id='word_1_607' title='bbox 717 2349 794 2385; x_wconf 76' lang='grc' dir='ltr'>φησὶ,</span> <span class='ocrx_word' id='word_1_608' title='bbox 816 2358 866 2384; x_wconf 87' lang='grc' dir='ltr'>ση-</span> 
     </span>
    </p>
   </div>
   <div class='ocr_carea' id='block_1_81' title="bbox 75 2393 869 2433">
    <p class='ocr_par' dir='ltr' id='par_1_81' title="bbox 75 2393 869 2433">
     <span class='ocr_line' id='line_1_81' title="bbox 75 2393 869 2433; baseline -0.003 -9"><span class='ocrx_word' id='word_1_609' title='bbox 75 2399 141 2433; x_wconf 88' lang='grc' dir='ltr'>μεῖα</span> <span class='ocrx_word' id='word_1_610' title='bbox 153 2398 183 2424; x_wconf 88' lang='grc' dir='ltr'>ἐν</span> <span class='ocrx_word' id='word_1_611' title='bbox 194 2397 233 2433; x_wconf 88' lang='grc' dir='ltr'>τῷ</span> <span class='ocrx_word' id='word_1_612' title='bbox 244 2396 350 2433; x_wconf 84' lang='grc' dir='ltr'>οὐρανῷ</span> <span class='ocrx_word' id='word_1_613' title='bbox 362 2396 430 2430; x_wconf 78' lang='grc' dir='ltr'>ἄνω,</span> <span class='ocrx_word' id='word_1_614' title='bbox 448 2397 495 2423; x_wconf 79' lang='grc' dir='ltr'>καὶ</span> <span class='ocrx_word' id='word_1_615' title='bbox 508 2397 536 2422; x_wconf 84' lang='grc' dir='ltr'>ἐν</span> <span class='ocrx_word' id='word_1_616' title='bbox 551 2397 584 2431; x_wconf 81' lang='grc' dir='ltr'><strong>τῇ</strong></span> <span class='ocrx_word' id='word_1_617' title='bbox 599 2397 636 2431; x_wconf 83' lang='grc' dir='ltr'>γῇ</span> <span class='ocrx_word' id='word_1_618' title='bbox 649 2396 735 2424; x_wconf 78' lang='grc' dir='ltr'>κάτω.</span> <span class='ocrx_word' id='word_1_619' title='bbox 757 2405 767 2422; x_wconf 86' lang='grc' dir='ltr'><strong>ι</strong></span> <span class='ocrx_word' id='word_1_620' title='bbox 793 2393 869 2430; x_wconf 77' lang='grc' dir='ltr'>Αἷμα</span> 
     </span>
    </p>
   </div>
   <div class='ocr_carea' id='block_1_82' title="bbox 75 2441 870 2480">
    <p class='ocr_par' dir='ltr' id='par_1_82' title="bbox 75 2441 870 2480">
     <span class='ocr_line' id='line_1_82' title="bbox 75 2441 870 2480; baseline -0.008 -8"><span class='ocrx_word' id='word_1_621' title='bbox 75 2446 125 2480; x_wconf 81' lang='grc' dir='ltr'><strong>μὲν</strong></span> <span class='ocrx_word' id='word_1_622' title='bbox 140 2445 208 2480; x_wconf 71' lang='grc' dir='ltr'>γὰρ,</span> <span class='ocrx_word' id='word_1_623' title='bbox 220 2444 235 2471; x_wconf 82' lang='grc' dir='ltr'><strong>ὃ</strong></span> <span class='ocrx_word' id='word_1_624' title='bbox 249 2443 402 2479; x_wconf 80' lang='grc' dir='ltr'>παραδόξου</span> <span class='ocrx_word' id='word_1_625' title='bbox 430 2442 543 2478; x_wconf 86' lang='grc' dir='ltr'>σημείου</span> <span class='ocrx_word' id='word_1_626' title='bbox 565 2441 644 2476; x_wconf 76' lang='grc' dir='ltr'>λάγον</span> <span class='ocrx_word' id='word_1_627' title='bbox 664 2441 770 2477; x_wconf 81' lang='grc' dir='ltr'>ἐπέχει,</span> <span class='ocrx_word' id='word_1_628' title='bbox 788 2441 819 2467; x_wconf 79' lang='grc' dir='ltr'>τὸ</span> <span class='ocrx_word' id='word_1_629' title='bbox 837 2441 870 2467; x_wconf 74' lang='grc' dir='ltr'>ἐκ</span> 
     </span>
    </p>
   </div>
   <div class='ocr_carea' id='block_1_83' title="bbox 74 2487 872 2526">
    <p class='ocr_par' dir='ltr' id='par_1_83' title="bbox 74 2487 872 2526">
     <span class='ocr_line' id='line_1_83' title="bbox 74 2487 872 2526; baseline -0.004 -9"><span class='ocrx_word' id='word_1_630' title='bbox 74 2492 125 2526; x_wconf 81' lang='grc' dir='ltr'>τῆς</span> <span class='ocrx_word' id='word_1_631' title='bbox 144 2490 313 2525; x_wconf 84' lang='grc' dir='ltr'>Δεσποτικῆς</span> <span class='ocrx_word' id='word_1_632' title='bbox 329 2489 400 2525; x_wconf 84' lang='grc' dir='ltr'>μετὰ</span> <span class='ocrx_word' id='word_1_633' title='bbox 418 2489 534 2516; x_wconf 81' lang='grc' dir='ltr'>Θάνατον</span> <span class='ocrx_word' id='word_1_634' title='bbox 548 2487 650 2524; x_wconf 82' lang='grc' dir='ltr'>ρεῦσαν</span> <span class='ocrx_word' id='word_1_635' title='bbox 662 2488 794 2523; x_wconf 60' lang='grc' dir='ltr'>πλευρᾶς</span> <span class='ocrx_word' id='word_1_636' title='bbox 815 2487 872 2521; x_wconf 86' lang='grc' dir='ltr'><strong>πῦρ</strong></span> 
     </span>
    </p>
   </div>
   <div class='ocr_carea' id='block_1_84' title="bbox 77 2532 870 2571">
    <p class='ocr_par' dir='ltr' id='par_1_84' title="bbox 77 2532 870 2571">
     <span class='ocr_line' id='line_1_84' title="bbox 77 2532 870 2571; baseline -0.004 -9"><span class='ocrx_word' id='word_1_637' title='bbox 77 2536 115 2568; x_wconf 74' lang='grc' dir='ltr'>δὲ,</span> <span class='ocrx_word' id='word_1_638' title='bbox 129 2536 161 2563; x_wconf 83' lang='grc' dir='ltr'><strong>τὺ</strong></span> <span class='ocrx_word' id='word_1_639' title='bbox 173 2537 230 2567; x_wconf 81' lang='grc' dir='ltr'>τοῖς</span> <span class='ocrx_word' id='word_1_640' title='bbox 250 2535 425 2568; x_wconf 75' lang='grc' dir='ltr'>ἀποστόλοις,</span> <span class='ocrx_word' id='word_1_641' title='bbox 454 2534 493 2567; x_wconf 87' lang='grc' dir='ltr'>ὡς</span> <span class='ocrx_word' id='word_1_642' title='bbox 520 2534 696 2571; x_wconf 83' lang='grc' dir='ltr'>προείρηται,</span> <span class='ocrx_word' id='word_1_643' title='bbox 718 2532 870 2569; x_wconf 81' lang='grc' dir='ltr'>διαιρεθέν.</span> 
     </span>
    </p>
   </div>
   <div class='ocr_carea' id='block_1_85' title="bbox 915 1698 1715 1737">
    <p class='ocr_par' dir='ltr' id='par_1_85' title="bbox 915 1698 1715 1737">
     <span class='ocr_line' id='line_1_85' title="bbox 915 1698 1715 1737; baseline -0.009 -6"><span class='ocrx_word' id='word_1_644' title='bbox 915 1705 989 1732; x_wconf 89' lang='lat' dir='ltr'><strong>enim</strong></span> <span class='ocrx_word' id='word_1_645' title='bbox 1017 1703 1118 1731; x_wconf 86' lang='lat' dir='ltr'><strong>Paulus</strong></span> <span class='ocrx_word' id='word_1_646' title='bbox 1143 1710 1254 1737; x_wconf 86' lang='lat' dir='ltr'><strong>quoque</strong></span> <span class='ocrx_word' id='word_1_647' title='bbox 1283 1705 1415 1734; x_wconf 88' lang='lat' dir='ltr'><strong>testatur,</strong></span> <span class='ocrx_word' id='word_1_648' title='bbox 1439 1700 1555 1728; x_wconf 84' lang='lat' dir='ltr'><strong>dicens:</strong></span> <span class='ocrx_word' id='word_1_649' title='bbox 1572 1709 1581 1725; x_wconf 92' lang='lat'><strong>1</strong></span> <span class='ocrx_word' id='word_1_650' title='bbox 1599 1698 1715 1730; x_wconf 76' lang='lat' dir='ltr'><strong>Paulus,</strong></span> 
     </span>
    </p>
   </div>
   <div class='ocr_carea' id='block_1_86' title="bbox 917 1746 1713 1781">
    <p class='ocr_par' dir='ltr' id='par_1_86' title="bbox 917 1746 1713 1781">
     <span class='ocr_line' id='line_1_86' title="bbox 917 1746 1713 1781; baseline -0.01 -4"><span class='ocrx_word' id='word_1_651' title='bbox 917 1757 1014 1777; x_wconf 87' lang='lat' dir='ltr'><strong>servus</strong></span> <span class='ocrx_word' id='word_1_652' title='bbox 1030 1748 1097 1776; x_wconf 82' lang='lat' dir='ltr'><strong>Jesu</strong></span> <span class='ocrx_word' id='word_1_653' title='bbox 1111 1747 1225 1779; x_wconf 81' lang='lat' dir='ltr'><strong>Christi,</strong></span> <span class='ocrx_word' id='word_1_654' title='bbox 1246 1751 1360 1774; x_wconf 84' lang='lat' dir='ltr'><strong>vocatus</strong></span> <span class='ocrx_word' id='word_1_655' title='bbox 1384 1746 1540 1781; x_wconf 83' lang='lat' dir='ltr'><strong>apostolus,</strong></span> <span class='ocrx_word' id='word_1_656' title='bbox 1567 1747 1713 1779; x_wconf 84' lang='lat' dir='ltr'><strong>separatus</strong></span> 
     </span>
    </p>
   </div>
   <div class='ocr_carea' id='block_1_87' title="bbox 916 1791 1711 1829">
    <p class='ocr_par' dir='ltr' id='par_1_87' title="bbox 916 1791 1711 1829">
     <span class='ocr_line' id='line_1_87' title="bbox 916 1791 1711 1829; baseline -0.009 -7"><span class='ocrx_word' id='word_1_657' title='bbox 916 1795 949 1822; x_wconf 78' lang='lat' dir='ltr'><strong>ad</strong></span> <span class='ocrx_word' id='word_1_658' title='bbox 965 1794 1144 1829; x_wconf 75' lang='lat' dir='ltr'><strong>Evangelium</strong></span> <span class='ocrx_word' id='word_1_659' title='bbox 1163 1793 1223 1826; x_wconf 87' lang='lat' dir='ltr'><strong>Dei,</strong></span> <span class='ocrx_word' id='word_1_660' title='bbox 1240 1792 1315 1828; x_wconf 88' lang='lat' dir='ltr'><strong>quod</strong></span> <span class='ocrx_word' id='word_1_661' title='bbox 1340 1796 1420 1819; x_wconf 88' lang='lat' dir='ltr'><strong>antea</strong></span> <span class='ocrx_word' id='word_1_662' title='bbox 1437 1791 1565 1826; x_wconf 88' lang='lat' dir='ltr'><strong>promisit</strong></span> <span class='ocrx_word' id='word_1_663' title='bbox 1581 1797 1629 1825; x_wconf 89' lang='lat' dir='ltr'><strong>per</strong></span> <span class='ocrx_word' id='word_1_664' title='bbox 1645 1796 1711 1823; x_wconf 86' lang='lat' dir='ltr'><strong>pro-</strong></span> 
     </span>
    </p>
   </div>
   <div class='ocr_carea' id='block_1_88' title="bbox 915 1836 1710 1876">
    <p class='ocr_par' dir='ltr' id='par_1_88' title="bbox 915 1836 1710 1876">
     <span class='ocr_line' id='line_1_88' title="bbox 915 1836 1710 1876; baseline -0.01 -8"><span class='ocrx_word' id='word_1_665' title='bbox 915 1842 1012 1876; x_wconf 83' lang='lat' dir='ltr'><strong>phetas</strong></span> <span class='ocrx_word' id='word_1_666' title='bbox 1034 1848 1101 1868; x_wconf 87' lang='lat' dir='ltr'><strong>suos</strong></span> <span class='ocrx_word' id='word_1_667' title='bbox 1125 1840 1153 1867; x_wconf 89' lang='lat' dir='ltr'><strong>in</strong></span> <span class='ocrx_word' id='word_1_668' title='bbox 1169 1838 1321 1873; x_wconf 86' lang='lat' dir='ltr'><strong>Scripturis</strong></span> <span class='ocrx_word' id='word_1_669' title='bbox 1341 1837 1430 1866; x_wconf 85' lang='lat' dir='ltr'><strong>sacris</strong></span> <span class='ocrx_word' id='word_1_670' title='bbox 1449 1837 1483 1865; x_wconf 94' lang='lat' dir='ltr'><strong>de</strong></span> <span class='ocrx_word' id='word_1_671' title='bbox 1498 1836 1568 1864; x_wconf 89' lang='lat' dir='ltr'><strong>Filio</strong></span> <span class='ocrx_word' id='word_1_672' title='bbox 1588 1843 1639 1863; x_wconf 89' lang='lat' dir='ltr'><strong>suo</strong></span> <span class='ocrx_word' id='word_1_673' title='bbox 1648 1836 1681 1862; x_wconf 86' lang='lat'><strong>“.</strong></span> <span class='ocrx_word' id='word_1_674' title='bbox 1700 1843 1710 1860; x_wconf 77' lang='grc' dir='ltr'><strong>ι</strong></span> 
     </span>
    </p>
   </div>
   <div class='ocr_carea' id='block_1_89' title="bbox 919 1883 1715 1923">
    <p class='ocr_par' dir='ltr' id='par_1_89' title="bbox 919 1883 1715 1923">
     <span class='ocr_line' id='line_1_89' title="bbox 919 1883 1715 1923; baseline -0.01 -7"><span class='ocrx_word' id='word_1_675' title='bbox 919 1889 1034 1922; x_wconf 87' lang='lat' dir='ltr'><strong>Quando</strong></span> <span class='ocrx_word' id='word_1_676' title='bbox 1045 1889 1140 1923; x_wconf 83' lang='lat' dir='ltr'><strong>itaque</strong></span> <span class='ocrx_word' id='word_1_677' title='bbox 1160 1887 1340 1922; x_wconf 75' lang='lat' dir='ltr'><strong>Ev&#39;angelium</strong></span> <span class='ocrx_word' id='word_1_678' title='bbox 1357 1891 1421 1914; x_wconf 88' lang='lat' dir='ltr'><strong>ante</strong></span> <span class='ocrx_word' id='word_1_679' title='bbox 1433 1884 1573 1920; x_wconf 84' lang='lat' dir='ltr'><strong>promisit,</strong></span> <span class='ocrx_word' id='word_1_680' title='bbox 1589 1883 1715 1919; x_wconf 84' lang='lat' dir='ltr'><strong>promisit</strong></span> 
     </span>
    </p>
   </div>
   <div class='ocr_carea' id='block_1_90' title="bbox 918 1929 1714 1970">
    <p class='ocr_par' dir='ltr' id='par_1_90' title="bbox 918 1929 1714 1970">
     <span class='ocr_line' id='line_1_90' title="bbox 918 1929 1714 1970; baseline -0.01 -7"><span class='ocrx_word' id='word_1_681' title='bbox 918 1936 999 1963; x_wconf 84' lang='lat' dir='ltr'><strong>ctiam</strong></span> <span class='ocrx_word' id='word_1_682' title='bbox 1022 1943 1052 1963; x_wconf 89' lang='lat' dir='ltr'><strong>se</strong></span> <span class='ocrx_word' id='word_1_683' title='bbox 1075 1935 1209 1970; x_wconf 84' lang='lat' dir='ltr'><strong>Spiritum</strong></span> <span class='ocrx_word' id='word_1_684' title='bbox 1232 1939 1359 1962; x_wconf 84' lang='lat' dir='ltr'><strong>sanctum</strong></span> <span class='ocrx_word' id='word_1_685' title='bbox 1383 1933 1512 1960; x_wconf 89' lang='lat' dir='ltr'><strong>daturum</strong></span> <span class='ocrx_word' id='word_1_686' title='bbox 1545 1937 1618 1958; x_wconf 87' lang='lat' dir='ltr'><strong>esse.</strong></span> <span class='ocrx_word' id='word_1_687' title='bbox 1641 1929 1714 1956; x_wconf 83' lang='lat' dir='ltr'><strong>Deus</strong></span> 
     </span>
    </p>
   </div>
   <div class='ocr_carea' id='block_1_91' title="bbox 916 1975 1713 2016">
    <p class='ocr_par' dir='ltr' id='par_1_91' title="bbox 916 1975 1713 2016">
     <span class='ocr_line' id='line_1_91' title="bbox 916 1975 1713 2016; baseline -0.01 -7"><span class='ocrx_word' id='word_1_688' title='bbox 916 1989 981 2009; x_wconf 84' lang='lat' dir='ltr'><strong>vero</strong></span> <span class='ocrx_word' id='word_1_689' title='bbox 998 1981 1080 2008; x_wconf 86' lang='lat' dir='ltr'><strong>etiam</strong></span> <span class='ocrx_word' id='word_1_690' title='bbox 1097 1989 1144 2016; x_wconf 87' lang='lat' dir='ltr'><strong>per</strong></span> <span class='ocrx_word' id='word_1_691' title='bbox 1159 1981 1320 2016; x_wconf 77' lang='lat' dir='ltr'><strong>prophetam</strong></span> <span class='ocrx_word' id='word_1_692' title='bbox 1337 1979 1375 2006; x_wconf 92' lang='lat' dir='ltr'><strong>ait</strong></span> <span class='ocrx_word' id='word_1_693' title='bbox 1389 1987 1395 2006; x_wconf 93' lang='lat'><strong>:</strong></span> <span class='ocrx_word' id='word_1_694' title='bbox 1416 1987 1425 2004; x_wconf 89' lang='lat'><strong>1</strong></span> <span class='ocrx_word' id='word_1_695' title='bbox 1441 1978 1470 2005; x_wconf 92' lang='lat' dir='ltr'><strong>ln</strong></span> <span class='ocrx_word' id='word_1_696' title='bbox 1488 1976 1593 2004; x_wconf 87' lang='lat' dir='ltr'><strong>ultimis</strong></span> <span class='ocrx_word' id='word_1_697' title='bbox 1604 1975 1713 2007; x_wconf 84' lang='lat' dir='ltr'><strong>diebus,</strong></span> 
     </span>
    </p>
   </div>
   <div class='ocr_carea' id='block_1_92' title="bbox 917 2021 1714 2062">
    <p class='ocr_par' dir='ltr' id='par_1_92' title="bbox 917 2021 1714 2062">
     <span class='ocr_line' id='line_1_92' title="bbox 917 2021 1714 2062; baseline -0.011 -6"><span class='ocrx_word' id='word_1_698' title='bbox 917 2028 984 2056; x_wconf 89' lang='lat' dir='ltr'><strong>dicit</strong></span> <span class='ocrx_word' id='word_1_699' title='bbox 998 2027 1070 2056; x_wconf 84' lang='lat' dir='ltr'><strong>Deus</strong></span> <span class='ocrx_word' id='word_1_700' title='bbox 1085 2027 1270 2062; x_wconf 87' lang='lat' dir='ltr'><strong>omnipotens,</strong></span> <span class='ocrx_word' id='word_1_701' title='bbox 1285 2026 1319 2054; x_wconf 90' lang='lat' dir='ltr'><strong>de</strong></span> <span class='ocrx_word' id='word_1_702' title='bbox 1334 2024 1439 2060; x_wconf 87' lang='lat' dir='ltr'><strong>Spiritu</strong></span> <span class='ocrx_word' id='word_1_703' title='bbox 1455 2031 1516 2051; x_wconf 87' lang='lat' dir='ltr'><strong>meo</strong></span> <span class='ocrx_word' id='word_1_704' title='bbox 1528 2022 1669 2049; x_wconf 82' lang='lat' dir='ltr'><strong>ell&#39;undam</strong></span> <span class='ocrx_word' id='word_1_705' title='bbox 1685 2021 1714 2047; x_wconf 91' lang='lat' dir='ltr'><strong>in</strong></span> 
     </span>
    </p>
   </div>
   <div class='ocr_carea' id='block_1_93' title="bbox 917 2067 1716 2108">
    <p class='ocr_par' dir='ltr' id='par_1_93' title="bbox 917 2067 1716 2108">
     <span class='ocr_line' id='line_1_93' title="bbox 917 2067 1716 2108; baseline -0.01 -7"><span class='ocrx_word' id='word_1_706' title='bbox 917 2081 1027 2101; x_wconf 88' lang='lat' dir='ltr'><strong>omnem</strong></span> <span class='ocrx_word' id='word_1_707' title='bbox 1038 2081 1160 2107; x_wconf 89' lang='lat' dir='ltr'><strong>carnem,</strong></span> <span class='ocrx_word' id='word_1_708' title='bbox 1176 2077 1203 2100; x_wconf 88' lang='lat' dir='ltr'><strong>et</strong></span> <span class='ocrx_word' id='word_1_709' title='bbox 1217 2071 1422 2108; x_wconf 86' lang='lat' dir='ltr'><strong>prophetahunt</strong></span> <span class='ocrx_word' id='word_1_710' title='bbox 1437 2070 1486 2097; x_wconf 87' lang='lat' dir='ltr'><strong>lilii</strong></span> <span class='ocrx_word' id='word_1_711' title='bbox 1503 2069 1600 2101; x_wconf 77' lang='lat' dir='ltr'><strong>vestri,</strong></span> <span class='ocrx_word' id='word_1_712' title='bbox 1615 2073 1642 2095; x_wconf 89' lang='lat' dir='ltr'><strong>et</strong></span> <span class='ocrx_word' id='word_1_713' title='bbox 1652 2067 1716 2094; x_wconf 72' lang='lat' dir='ltr'><strong>tilitc</strong></span> 
     </span>
    </p>
   </div>
   <div class='ocr_carea' id='block_1_94' title="bbox 917 2113 1716 2154">
    <p class='ocr_par' dir='ltr' id='par_1_94' title="bbox 917 2113 1716 2154">
     <span class='ocr_line' id='line_1_94' title="bbox 917 2113 1716 2154; baseline -0.008 -7"><span class='ocrx_word' id='word_1_714' title='bbox 917 2123 1015 2147; x_wconf 67' lang='lat' dir='ltr'><strong>vestra;</strong></span> <span class='ocrx_word' id='word_1_715' title='bbox 1025 2120 1058 2146; x_wconf 81' lang='lat'><strong>&quot;.</strong></span> <span class='ocrx_word' id='word_1_716' title='bbox 1073 2129 1083 2146; x_wconf 85' lang='grc' dir='ltr'><strong>ι</strong></span> <span class='ocrx_word' id='word_1_717' title='bbox 1108 2119 1148 2146; x_wconf 89' lang='lat' dir='ltr'><strong>En</strong></span> <span class='ocrx_word' id='word_1_718' title='bbox 1173 2118 1403 2154; x_wconf 79' lang='lat' dir='ltr'><strong>promissionem!</strong></span> <span class='ocrx_word' id='word_1_719' title='bbox 1436 2116 1550 2151; x_wconf 87' lang='lat' dir='ltr'><strong>lmpleta</strong></span> <span class='ocrx_word' id='word_1_720' title='bbox 1578 2121 1644 2142; x_wconf 81' lang='lat' dir='ltr'><strong>vero</strong></span> <span class='ocrx_word' id='word_1_721' title='bbox 1667 2113 1716 2141; x_wconf 77' lang='lat' dir='ltr'><strong>illa</strong></span> 
     </span>
    </p>
   </div>
   <div class='ocr_carea' id='block_1_95' title="bbox 918 2161 1711 2201">
    <p class='ocr_par' dir='ltr' id='par_1_95' title="bbox 918 2161 1711 2201">
     <span class='ocr_line' id='line_1_95' title="bbox 918 2161 1711 2201; baseline -0.009 -8"><span class='ocrx_word' id='word_1_722' title='bbox 918 2169 971 2197; x_wconf 88' lang='lat' dir='ltr'><strong>est,</strong></span> <span class='ocrx_word' id='word_1_723' title='bbox 983 2165 1093 2201; x_wconf 83' lang='lat' dir='ltr'><strong>quando</strong></span> <span class='ocrx_word' id='word_1_724' title='bbox 1113 2165 1231 2200; x_wconf 88' lang='lat' dir='ltr'><strong>Spiritus</strong></span> <span class='ocrx_word' id='word_1_725' title='bbox 1246 2168 1360 2192; x_wconf 85' lang='lat' dir='ltr'><strong>sanctus</strong></span> <span class='ocrx_word' id='word_1_726' title='bbox 1374 2163 1426 2191; x_wconf 90' lang='lat' dir='ltr'><strong>sub</strong></span> <span class='ocrx_word' id='word_1_727' title='bbox 1439 2162 1532 2197; x_wconf 87' lang='lat' dir='ltr'><strong>specie</strong></span> <span class='ocrx_word' id='word_1_728' title='bbox 1551 2161 1711 2196; x_wconf 79' lang='lat' dir='ltr'><strong>linguarum</strong></span> 
     </span>
    </p>
   </div>
   <div class='ocr_carea' id='block_1_96' title="bbox 919 2206 1714 2246">
    <p class='ocr_par' dir='ltr' id='par_1_96' title="bbox 919 2206 1714 2246">
     <span class='ocr_line' id='line_1_96' title="bbox 919 2206 1714 2246; baseline -0.009 -7"><span class='ocrx_word' id='word_1_729' title='bbox 919 2211 947 2238; x_wconf 94' lang='lat' dir='ltr'><strong>in</strong></span> <span class='ocrx_word' id='word_1_730' title='bbox 974 2218 1142 2246; x_wconf 84' lang='lat' dir='ltr'><strong>unoquoque</strong></span> <span class='ocrx_word' id='word_1_731' title='bbox 1162 2210 1361 2245; x_wconf 85' lang='lat' dir='ltr'><strong>discipulorum</strong></span> <span class='ocrx_word' id='word_1_732' title='bbox 1393 2208 1521 2236; x_wconf 85' lang='lat' dir='ltr'><strong>consedit</strong></span> <span class='ocrx_word' id='word_1_733' title='bbox 1532 2208 1575 2239; x_wconf 65' lang='grc' dir='ltr'>η,</span> <span class='ocrx_word' id='word_1_734' title='bbox 1603 2206 1714 2241; x_wconf 89' lang='lat' dir='ltr'><strong>ipsique</strong></span> 
     </span>
    </p>
   </div>
   <div class='ocr_carea' id='block_1_97' title="bbox 919 2253 1714 2293">
    <p class='ocr_par' dir='ltr' id='par_1_97' title="bbox 919 2253 1714 2293">
     <span class='ocr_line' id='line_1_97' title="bbox 919 2253 1714 2293; baseline -0.009 -8"><span class='ocrx_word' id='word_1_735' title='bbox 919 2265 1017 2293; x_wconf 75' lang='lat' dir='ltr'><strong>magna</strong></span> <span class='ocrx_word' id='word_1_736' title='bbox 1041 2257 1089 2285; x_wconf 91' lang='lat' dir='ltr'><strong>Dei</strong></span> <span class='ocrx_word' id='word_1_737' title='bbox 1112 2265 1195 2292; x_wconf 84' lang='lat' dir='ltr'><strong>opera</strong></span> <span class='ocrx_word' id='word_1_738' title='bbox 1215 2256 1401 2292; x_wconf 80' lang='lat' dir='ltr'><strong>exponebant.</strong></span> <span class='ocrx_word' id='word_1_739' title='bbox 1423 2255 1532 2282; x_wconf 85' lang='lat' dir='ltr'><strong>Patrem</strong></span> <span class='ocrx_word' id='word_1_740' title='bbox 1560 2260 1624 2280; x_wconf 89' lang='lat' dir='ltr'><strong>vero</strong></span> <span class='ocrx_word' id='word_1_741' title='bbox 1646 2253 1714 2284; x_wconf 72' lang='lat' dir='ltr'><strong>hmc,</strong></span> 
     </span>
    </p>
   </div>
   <div class='ocr_carea' id='block_1_98' title="bbox 919 2297 1712 2338">
    <p class='ocr_par' dir='ltr' id='par_1_98' title="bbox 919 2297 1712 2338">
     <span class='ocr_line' id='line_1_98' title="bbox 919 2297 1712 2338; baseline -0.01 -7"><span class='ocrx_word' id='word_1_742' title='bbox 919 2311 974 2331; x_wconf 90' lang='lat' dir='ltr'><strong>non</strong></span> <span class='ocrx_word' id='word_1_743' title='bbox 988 2303 1100 2335; x_wconf 86' lang='lat' dir='ltr'><strong>Filium,</strong></span> <span class='ocrx_word' id='word_1_744' title='bbox 1117 2303 1202 2338; x_wconf 84' lang='lat' dir='ltr'><strong>loqui,</strong></span> <span class='ocrx_word' id='word_1_745' title='bbox 1213 2310 1248 2329; x_wconf 82' lang='lat' dir='ltr'><strong>ex</strong></span> <span class='ocrx_word' id='word_1_746' title='bbox 1260 2301 1440 2336; x_wconf 80' lang='lat' dir='ltr'><strong>sequentibus</strong></span> <span class='ocrx_word' id='word_1_747' title='bbox 1455 2303 1570 2335; x_wconf 85' lang='lat' dir='ltr'><strong>apparet</strong></span> <span class='ocrx_word' id='word_1_748' title='bbox 1583 2307 1590 2325; x_wconf 88' lang='lat'>:</span> <span class='ocrx_word' id='word_1_749' title='bbox 1610 2307 1619 2323; x_wconf 94' lang='lat'><strong>1</strong></span> <span class='ocrx_word' id='word_1_750' title='bbox 1637 2297 1712 2324; x_wconf 90' lang='lat' dir='ltr'><strong>Dabo</strong></span> 
     </span>
    </p>
   </div>
   <div class='ocr_carea' id='block_1_99' title="bbox 919 2342 1712 2384">
    <p class='ocr_par' dir='ltr' id='par_1_99' title="bbox 919 2342 1712 2384">
     <span class='ocr_line' id='line_1_99' title="bbox 919 2342 1712 2384; baseline -0.011 -7"><span class='ocrx_word' id='word_1_751' title='bbox 919 2350 1004 2382; x_wconf 89' lang='lat' dir='ltr'><strong>enim,</strong></span> <span class='ocrx_word' id='word_1_752' title='bbox 1023 2349 1122 2384; x_wconf 87' lang='lat' dir='ltr'><strong>inquit,</strong></span> <span class='ocrx_word' id='word_1_753' title='bbox 1139 2348 1218 2383; x_wconf 79' lang='lat' dir='ltr'><strong>signa</strong></span> <span class='ocrx_word' id='word_1_754' title='bbox 1239 2348 1267 2375; x_wconf 90' lang='lat' dir='ltr'><strong>in</strong></span> <span class='ocrx_word' id='word_1_755' title='bbox 1287 2347 1358 2375; x_wconf 63' lang='lat' dir='ltr'><strong>coelo</strong></span> <span class='ocrx_word' id='word_1_756' title='bbox 1382 2352 1476 2381; x_wconf 91' lang='lat' dir='ltr'><strong>supra,</strong></span> <span class='ocrx_word' id='word_1_757' title='bbox 1493 2348 1520 2372; x_wconf 91' lang='lat' dir='ltr'><strong>et</strong></span> <span class='ocrx_word' id='word_1_758' title='bbox 1536 2343 1564 2370; x_wconf 90' lang='lat' dir='ltr'><strong>in</strong></span> <span class='ocrx_word' id='word_1_759' title='bbox 1581 2347 1654 2370; x_wconf 84' lang='lat' dir='ltr'><strong>terra</strong></span> <span class='ocrx_word' id='word_1_760' title='bbox 1670 2342 1712 2369; x_wconf 93' lang='lat' dir='ltr'><strong>in-</strong></span> 
     </span>
    </p>
   </div>
   <div class='ocr_carea' id='block_1_100' title="bbox 918 2389 1709 2430">
    <p class='ocr_par' dir='ltr' id='par_1_100' title="bbox 918 2389 1709 2430">
     <span class='ocr_line' id='line_1_100' title="bbox 918 2389 1709 2430; baseline -0.01 -7"><span class='ocrx_word' id='word_1_761' title='bbox 918 2396 971 2423; x_wconf 79' lang='lat' dir='ltr'><strong>fra.</strong></span> <span class='ocrx_word' id='word_1_762' title='bbox 988 2405 997 2422; x_wconf 83' lang='grc' dir='ltr'><strong>ι</strong></span> <span class='ocrx_word' id='word_1_763' title='bbox 1015 2396 1133 2430; x_wconf 82' lang='lat' dir='ltr'><strong>Sanguis</strong></span> <span class='ocrx_word' id='word_1_764' title='bbox 1148 2395 1232 2427; x_wconf 89' lang='lat' dir='ltr'><strong>enim,</strong></span> <span class='ocrx_word' id='word_1_765' title='bbox 1255 2394 1303 2430; x_wconf 90' lang='lat' dir='ltr'><strong>qui</strong></span> <span class='ocrx_word' id='word_1_766' title='bbox 1323 2393 1396 2429; x_wconf 80' lang='lat' dir='ltr'><strong>signi</strong></span> <span class='ocrx_word' id='word_1_767' title='bbox 1422 2390 1556 2419; x_wconf 88' lang='lat' dir='ltr'><strong>mirabilis</strong></span> <span class='ocrx_word' id='word_1_768' title='bbox 1573 2389 1709 2417; x_wconf 78' lang='lat' dir='ltr'><strong>rationem</strong></span> 
     </span>
    </p>
   </div>
   <div class='ocr_carea' id='block_1_101' title="bbox 920 2436 1710 2476">
    <p class='ocr_par' dir='ltr' id='par_1_101' title="bbox 920 2436 1710 2476">
     <span class='ocr_line' id='line_1_101' title="bbox 920 2436 1710 2476; baseline -0.01 -6"><span class='ocrx_word' id='word_1_769' title='bbox 920 2443 1011 2475; x_wconf 87' lang='lat' dir='ltr'><strong>habet,</strong></span> <span class='ocrx_word' id='word_1_770' title='bbox 1031 2442 1077 2470; x_wconf 78' lang='lat' dir='ltr'><strong>ille</strong></span> <span class='ocrx_word' id='word_1_771' title='bbox 1098 2446 1151 2476; x_wconf 91' lang='lat' dir='ltr'><strong>est,</strong></span> <span class='ocrx_word' id='word_1_772' title='bbox 1172 2441 1220 2476; x_wconf 92' lang='lat' dir='ltr'><strong>qui</strong></span> <span class='ocrx_word' id='word_1_773' title='bbox 1240 2449 1272 2469; x_wconf 75' lang='lat' dir='ltr'><strong>ex</strong></span> <span class='ocrx_word' id='word_1_774' title='bbox 1290 2440 1397 2469; x_wconf 87' lang='lat' dir='ltr'><strong>Domini</strong></span> <span class='ocrx_word' id='word_1_775' title='bbox 1419 2439 1505 2466; x_wconf 80' lang='lat' dir='ltr'><strong>latere</strong></span> <span class='ocrx_word' id='word_1_776' title='bbox 1527 2441 1589 2472; x_wconf 86' lang='lat' dir='ltr'><strong>post</strong></span> <span class='ocrx_word' id='word_1_777' title='bbox 1603 2436 1710 2462; x_wconf 91' lang='lat' dir='ltr'><strong>obitum</strong></span> 
     </span>
    </p>
   </div>
   <div class='ocr_carea' id='block_1_102' title="bbox 926 2480 1711 2524">
    <p class='ocr_par' dir='ltr' id='par_1_102' title="bbox 926 2480 1711 2524">
     <span class='ocr_line' id='line_1_102' title="bbox 926 2480 1711 2524; baseline -0.011 -9"><span class='ocrx_word' id='word_1_778' title='bbox 926 2487 1019 2521; x_wconf 83' lang='lat' dir='ltr'><strong>ﬂuxit;</strong></span> <span class='ocrx_word' id='word_1_779' title='bbox 1039 2488 1109 2524; x_wconf 80' lang='lat' dir='ltr'><strong>ignis</strong></span> <span class='ocrx_word' id='word_1_780' title='bbox 1120 2495 1185 2515; x_wconf 88' lang='lat' dir='ltr'><strong>vero</strong></span> <span class='ocrx_word' id='word_1_781' title='bbox 1204 2487 1259 2521; x_wconf 85' lang='lat' dir='ltr'><strong>ille,</strong></span> <span class='ocrx_word' id='word_1_782' title='bbox 1271 2486 1329 2522; x_wconf 87' lang='lat' dir='ltr'><strong>qui,</strong></span> <span class='ocrx_word' id='word_1_783' title='bbox 1345 2490 1374 2512; x_wconf 93' lang='lat' dir='ltr'><strong>ut</strong></span> <span class='ocrx_word' id='word_1_784' title='bbox 1390 2481 1494 2514; x_wconf 82' lang='lat' dir='ltr'><strong>diclum</strong></span> <span class='ocrx_word' id='word_1_785' title='bbox 1506 2486 1559 2515; x_wconf 83' lang='lat' dir='ltr'><strong>est,</strong></span> <span class='ocrx_word' id='word_1_786' title='bbox 1575 2480 1711 2515; x_wconf 84' lang='lat' dir='ltr'><strong>apostolis</strong></span> 
     </span>
    </p>
   </div>
   <div class='ocr_carea' id='block_1_103' title="bbox 925 2527 1715 2566">
    <p class='ocr_par' dir='ltr' id='par_1_103' title="bbox 925 2527 1715 2566">
     <span class='ocr_line' id='line_1_103' title="bbox 925 2527 1715 2566; baseline -0.01 -5"><span class='ocrx_word' id='word_1_787' title='bbox 925 2538 967 2562; x_wconf 83' lang='lat' dir='ltr'><strong>est</strong></span> <span class='ocrx_word' id='word_1_788' title='bbox 987 2533 1161 2562; x_wconf 84' lang='lat' dir='ltr'><strong>distributus.</strong></span> <span class='ocrx_word' id='word_1_789' title='bbox 1176 2542 1186 2559; x_wconf 86' lang='lat'><strong>1</strong></span> <span class='ocrx_word' id='word_1_790' title='bbox 1204 2532 1258 2560; x_wconf 88' lang='lat' dir='ltr'><strong>Sed</strong></span> <span class='ocrx_word' id='word_1_791' title='bbox 1285 2536 1313 2559; x_wconf 90' lang='lat' dir='ltr'><strong>ct</strong></span> <span class='ocrx_word' id='word_1_792' title='bbox 1331 2531 1384 2564; x_wconf 86' lang='lat' dir='ltr'><strong>sol,</strong></span> <span class='ocrx_word' id='word_1_793' title='bbox 1409 2530 1508 2566; x_wconf 74' lang='lat' dir='ltr'><strong>inquit,</strong></span> <span class='ocrx_word' id='word_1_794' title='bbox 1531 2530 1559 2556; x_wconf 90' lang='lat' dir='ltr'><strong>in</strong></span> <span class='ocrx_word' id='word_1_795' title='bbox 1586 2527 1715 2560; x_wconf 84' lang='lat' dir='ltr'><strong>tenebras</strong></span> 
     </span>
    </p>
   </div>
   <div class='ocr_carea' id='block_1_104' title="bbox 111 2603 1717 2647">
    <p class='ocr_par' dir='ltr' id='par_1_104' title="bbox 111 2603 1717 2647">
     <span class='ocr_line' id='line_1_104' title="bbox 111 2603 1717 2647; baseline -0.008 -5"><span class='ocrx_word' id='word_1_796' title='bbox 111 2615 142 2641; x_wconf 82' lang='lat' dir='ltr'><strong>&#39;l</strong></span> <span class='ocrx_word' id='word_1_797' title='bbox 159 2615 224 2642; x_wconf 88' lang='lat' dir='ltr'><strong>Cor.</strong></span> <span class='ocrx_word' id='word_1_798' title='bbox 242 2614 320 2647; x_wconf 63' lang='lat'><strong>“,5.</strong></span> <span class='ocrx_word' id='word_1_799' title='bbox 342 2614 364 2630; x_wconf 80' lang='lat'><strong>“’</strong></span> <span class='ocrx_word' id='word_1_800' title='bbox 375 2613 444 2641; x_wconf 86' lang='lat' dir='ltr'><strong>Luc.</strong></span> <span class='ocrx_word' id='word_1_801' title='bbox 460 2621 536 2643; x_wconf 83' lang='lat' dir='ltr'><strong>xxtv.</strong></span> <span class='ocrx_word' id='word_1_802' title='bbox 555 2612 596 2639; x_wconf 82' lang='grc' dir='ltr'>ιϐ.</span> <span class='ocrx_word' id='word_1_803' title='bbox 617 2611 637 2629; x_wconf 80' lang='grc'><strong>¹¹</strong></span> <span class='ocrx_word' id='word_1_804' title='bbox 650 2611 729 2639; x_wconf 78' lang='lat' dir='ltr'><strong>Joan.</strong></span> <span class='ocrx_word' id='word_1_805' title='bbox 746 2612 845 2643; x_wconf 76' lang='lat' dir='ltr'><strong>xx,19.</strong></span> <span class='ocrx_word' id='word_1_806' title='bbox 866 2611 888 2627; x_wconf 85' lang='grc'>¹¹</span> <span class='ocrx_word' id='word_1_807' title='bbox 901 2610 1024 2639; x_wconf 74' lang='lat' dir='ltr'><strong>ibid.26.</strong></span> <span class='ocrx_word' id='word_1_808' title='bbox 1046 2610 1161 2638; x_wconf 79' lang='lat' dir='ltr'><strong>&quot;lCnr.</strong></span> <span class='ocrx_word' id='word_1_809' title='bbox 1180 2617 1225 2647; x_wconf 78' lang='lat' dir='ltr'><strong>x_v,</strong></span> <span class='ocrx_word' id='word_1_810' title='bbox 1241 2609 1268 2647; x_wconf 62' lang='grc' dir='ltr'><strong>6ἶ</strong></span> <span class='ocrx_word' id='word_1_811' title='bbox 1289 2608 1387 2647; x_wconf 75' lang='lat' dir='ltr'><strong>&#39;_‘ibi1|.</strong></span> <span class='ocrx_word' id='word_1_812' title='bbox 1401 2608 1427 2634; x_wconf 88' lang='lat'><strong>7.</strong></span> <span class='ocrx_word' id='word_1_813' title='bbox 1448 2606 1543 2647; x_wconf 63' lang='lat' dir='ltr'><strong>&quot;ibid.</strong></span> <span class='ocrx_word' id='word_1_814' title='bbox 1607 2603 1717 2647; x_wconf 36' lang='lat' dir='ltr'><strong>&quot;‘Joan.</strong></span> 
     </span>
    </p>
   </div>
   <div class='ocr_carea' id='block_1_105' title="bbox 79 2647 757 2683">
    <p class='ocr_par' dir='ltr' id='par_1_105' title="bbox 79 2647 757 2683">
     <span class='ocr_line' id='line_1_105' title="bbox 79 2647 757 2683; baseline -0.004 -7"><span class='ocrx_word' id='word_1_815' title='bbox 79 2650 175 2682; x_wconf 69' lang='lat'><strong>“1,2.</strong></span> <span class='ocrx_word' id='word_1_816' title='bbox 215 2650 235 2665; x_wconf 83' lang='lat'><strong>&quot;</strong></span> <span class='ocrx_word' id='word_1_817' title='bbox 248 2649 257 2676; x_wconf 94' lang='lat' dir='ltr'><strong>l</strong></span> <span class='ocrx_word' id='word_1_818' title='bbox 269 2650 332 2676; x_wconf 79' lang='lat' dir='ltr'><strong>Cor.</strong></span> <span class='ocrx_word' id='word_1_819' title='bbox 350 2657 395 2683; x_wconf 78' lang='lat' dir='ltr'><strong>xv,</strong></span> <span class='ocrx_word' id='word_1_820' title='bbox 410 2649 437 2677; x_wconf 87' lang='lat'><strong>7.</strong></span> <span class='ocrx_word' id='word_1_821' title='bbox 477 2649 498 2664; x_wconf 75' lang='grc'><strong>⁸³</strong></span> <span class='ocrx_word' id='word_1_822' title='bbox 510 2647 604 2675; x_wconf 83' lang='lat' dir='ltr'><strong>Matth.</strong></span> <span class='ocrx_word' id='word_1_823' title='bbox 620 2655 717 2683; x_wconf 56' lang='lat' dir='ltr'><strong>xxrut,</strong></span> <span class='ocrx_word' id='word_1_824' title='bbox 732 2647 757 2673; x_wconf 84' lang='lat'><strong>7.</strong></span> 
     </span>
    </p>
   </div>
   <div class='ocr_carea' id='block_1_106' title="bbox 796 2646 989 2678">
    <p class='ocr_par' dir='ltr' id='par_1_106' title="bbox 796 2646 989 2678">
     <span class='ocr_line' id='line_1_106' title="bbox 796 2646 989 2678; baseline 0.005 -6"><span class='ocrx_word' id='word_1_825' title='bbox 796 2647 817 2663; x_wconf 78' lang='grc'><strong>¹²</strong></span> <span class='ocrx_word' id='word_1_826' title='bbox 831 2648 890 2673; x_wconf 81' lang='lat' dir='ltr'><strong>Act.</strong></span> <span class='ocrx_word' id='word_1_827' title='bbox 907 2653 929 2678; x_wconf 88' lang='lat' dir='ltr'><strong>t,</strong></span> <span class='ocrx_word' id='word_1_828' title='bbox 944 2646 989 2673; x_wconf 73' lang='grc'><strong>12.</strong></span> 
     </span>
    </p>
   </div>
   <div class='ocr_carea' id='block_1_107' title="bbox 1025 2641 1716 2676">
    <p class='ocr_par' dir='ltr' id='par_1_107' title="bbox 1025 2641 1716 2676">
     <span class='ocr_line' id='line_1_107' title="bbox 1025 2641 1716 2676; baseline -0.01 -3"><span class='ocrx_word' id='word_1_829' title='bbox 1025 2647 1048 2662; x_wconf 73' lang='grc' dir='ltr'><strong>ὐ</strong></span> <span class='ocrx_word' id='word_1_830' title='bbox 1058 2646 1124 2672; x_wconf 79' lang='lat' dir='ltr'><strong>ibid.</strong></span> <span class='ocrx_word' id='word_1_831' title='bbox 1146 2653 1166 2675; x_wconf 82' lang='lat' dir='ltr'><strong>I.</strong></span> <span class='ocrx_word' id='word_1_832' title='bbox 1182 2641 1221 2671; x_wconf 50' lang='grc' dir='ltr'>ἰζ</span> <span class='ocrx_word' id='word_1_833' title='bbox 1260 2645 1280 2660; x_wconf 88' lang='grc'><strong>²¹</strong></span> <span class='ocrx_word' id='word_1_834' title='bbox 1292 2643 1373 2671; x_wconf 79' lang='lat' dir='ltr'><strong>Joan.</strong></span> <span class='ocrx_word' id='word_1_835' title='bbox 1392 2650 1449 2675; x_wconf 74' lang='lat' dir='ltr'><strong>xm,</strong></span> <span class='ocrx_word' id='word_1_836' title='bbox 1466 2642 1512 2675; x_wconf 74' lang='grc'>16,</span> <span class='ocrx_word' id='word_1_837' title='bbox 1530 2641 1609 2676; x_wconf 79' lang='lat' dir='ltr'><strong>cujus</strong></span> <span class='ocrx_word' id='word_1_838' title='bbox 1624 2644 1716 2667; x_wconf 84' lang='lat' dir='ltr'><strong>tamen</strong></span> 
     </span>
    </p>
   </div>
   <div class='ocr_carea' id='block_1_108' title="bbox 80 2677 1519 2720">
    <p class='ocr_par' dir='ltr' id='par_1_108' title="bbox 80 2677 1519 2720">
     <span class='ocr_line' id='line_1_108' title="bbox 80 2677 1519 2720; baseline -0.005 -8"><span class='ocrx_word' id='word_1_839' title='bbox 80 2677 135 2712; x_wconf 80' lang='lat' dir='ltr'><strong>noti</strong></span> <span class='ocrx_word' id='word_1_840' title='bbox 148 2690 203 2712; x_wconf 90' lang='lat' dir='ltr'><strong>tam</strong></span> <span class='ocrx_word' id='word_1_841' title='bbox 215 2685 309 2718; x_wconf 84' lang='lat' dir='ltr'><strong>verba,</strong></span> <span class='ocrx_word' id='word_1_842' title='bbox 328 2677 410 2720; x_wconf 74' lang='lat' dir='ltr'><strong>quain</strong></span> <span class='ocrx_word' id='word_1_843' title='bbox 428 2691 540 2712; x_wconf 89' lang='lat' dir='ltr'><strong>sensum</strong></span> <span class='ocrx_word' id='word_1_844' title='bbox 555 2683 652 2710; x_wconf 85' lang='lat' dir='ltr'><strong>recitat</strong></span> <span class='ocrx_word' id='word_1_845' title='bbox 663 2677 788 2710; x_wconf 84' lang='lat' dir='ltr'><strong>Pltotius.</strong></span> <span class='ocrx_word' id='word_1_846' title='bbox 824 2682 846 2697; x_wconf 83' lang='lat'><em>“</em></span> <span class='ocrx_word' id='word_1_847' title='bbox 858 2677 940 2709; x_wconf 80' lang='lat' dir='ltr'><strong>Rom.</strong></span> <span class='ocrx_word' id='word_1_848' title='bbox 959 2690 977 2714; x_wconf 88' lang='grc' dir='ltr'><strong>ι,</strong></span> <span class='ocrx_word' id='word_1_849' title='bbox 996 2680 1023 2708; x_wconf 73' lang='lat'><strong>2.</strong></span> <span class='ocrx_word' id='word_1_850' title='bbox 1043 2680 1132 2708; x_wconf 81' lang='lat' dir='ltr'><strong>“Jocl</strong></span> <span class='ocrx_word' id='word_1_851' title='bbox 1157 2688 1198 2713; x_wconf 86' lang='grc' dir='ltr'>ιιι,</span> <span class='ocrx_word' id='word_1_852' title='bbox 1218 2680 1230 2707; x_wconf 83' lang='grc'><strong>1</strong></span> <span class='ocrx_word' id='word_1_853' title='bbox 1249 2687 1311 2714; x_wconf 88' lang='lat' dir='ltr'><strong>sqq.</strong></span> <span class='ocrx_word' id='word_1_854' title='bbox 1329 2679 1353 2694; x_wconf 75' lang='lat'>&quot;</span> <span class='ocrx_word' id='word_1_855' title='bbox 1368 2679 1430 2706; x_wconf 84' lang='lat' dir='ltr'><strong>Act.</strong></span> <span class='ocrx_word' id='word_1_856' title='bbox 1446 2685 1478 2711; x_wconf 85' lang='lat' dir='ltr'><strong>tt,</strong></span> <span class='ocrx_word' id='word_1_857' title='bbox 1491 2677 1519 2704; x_wconf 81' lang='grc'><strong>5.</strong></span> 
     </span>
    </p>
   </div>
   <div class='ocr_carea' id='block_1_109' title="bbox 843 2752 957 2781">
    <p class='ocr_par' dir='ltr' id='par_1_109' title="bbox 843 2752 957 2781">
     <span class='ocr_line' id='line_1_109' title="bbox 843 2752 957 2781; baseline 0.009 -1"><span class='ocrx_word' id='word_1_858' title='bbox 843 2752 957 2781; x_wconf 70' lang='grc' dir='ltr'><strong>ΝΟΤᾸΕ.</strong></span> 
     </span>
    </p>
   </div>
   <div class='ocr_carea' id='block_1_110' title="bbox 115 2801 872 2883">
    <p class='ocr_par' dir='ltr' id='par_1_110' title="bbox 115 2801 872 2883">
     <span class='ocr_line' id='line_1_110' title="bbox 115 2801 872 2883; baseline -0.003 -33"><span class='ocrx_word' id='word_1_859' title='bbox 115 2801 241 2883; x_wconf 50' lang='lat' dir='ltr'><strong>SSS&#39;Hsa.</strong></span> <span class='ocrx_word' id='word_1_860' title='bbox 256 2831 341 2856; x_wconf 79' lang='lat' dir='ltr'><strong>xxvu,</strong></span> <span class='ocrx_word' id='word_1_861' title='bbox 353 2823 397 2854; x_wconf 78' lang='lat' dir='ltr'><strong>ll,</strong></span> <span class='ocrx_word' id='word_1_862' title='bbox 410 2823 455 2851; x_wconf 92' lang='lat' dir='ltr'><strong>ubi</strong></span> <span class='ocrx_word' id='word_1_863' title='bbox 468 2829 557 2864; x_wconf 79' lang='lat' dir='ltr'><strong>tamen</strong></span> <span class='ocrx_word' id='word_1_864' title='bbox 569 2821 667 2850; x_wconf 87' lang='lat' dir='ltr'><strong>ultima</strong></span> <span class='ocrx_word' id='word_1_865' title='bbox 681 2821 772 2849; x_wconf 68' lang='lat' dir='ltr'><strong>verba:</strong></span> <span class='ocrx_word' id='word_1_866' title='bbox 788 2820 872 2855; x_wconf 72' lang='grc' dir='ltr'>ἀναγ-</span> 
     </span>
     <span class='ocr_line' id='line_1_111' title="bbox 130 2858 585 2883; baseline 0 0"><span class='ocrx_word' id='word_1_867' title='bbox 130 2858 191 2883; x_wconf 83' lang='grc' dir='ltr'>λατε</span> <span class='ocrx_word' id='word_1_868' title='bbox 205 2860 282 2883; x_wconf 72' lang='grc' dir='ltr'>ἡμῖν.</span> <span class='ocrx_word' id='word_1_869' title='bbox 299 2858 400 2883; x_wconf 75' lang='lat' dir='ltr'><strong>[rustra</strong></span> <span class='ocrx_word' id='word_1_870' title='bbox 416 2867 585 2883; x_wconf 71' lang='lat' dir='ltr'><strong>mtmstverts.</strong></span> 
     </span>
    </p>
   </div>
   <div class='ocr_carea' id='block_1_111' title="bbox 85 2858 668 2930">
    <p class='ocr_par' dir='ltr' id='par_1_111' title="bbox 85 2858 668 2930">
     <span class='ocr_line' id='line_1_112' title="bbox 85 2858 585 2893; baseline 0 -9"><span class='ocrx_word' id='word_1_871' title='bbox 85 2858 191 2892; x_wconf 69' lang='grc' dir='ltr'>γείλατε</span> <span class='ocrx_word' id='word_1_872' title='bbox 205 2860 282 2893; x_wconf 83' lang='grc' dir='ltr'>ἡμῖν,</span> <span class='ocrx_word' id='word_1_873' title='bbox 299 2858 400 2886; x_wconf 77' lang='lat' dir='ltr'><strong>[rustra</strong></span> <span class='ocrx_word' id='word_1_874' title='bbox 416 2859 585 2893; x_wconf 73' lang='lat' dir='ltr'><strong>quzesiveris.</strong></span> 
     </span>
     <span class='ocr_line' id='line_1_113' title="bbox 120 2892 668 2930; baseline -0.004 -9"><span class='ocrx_word' id='word_1_875' title='bbox 120 2894 193 2929; x_wconf 69' lang='lat' dir='ltr'><strong>(86H</strong></span> <span class='ocrx_word' id='word_1_876' title='bbox 208 2894 271 2923; x_wconf 70' lang='lat' dir='ltr'><strong>Cor.</strong></span> <span class='ocrx_word' id='word_1_877' title='bbox 289 2902 333 2928; x_wconf 75' lang='lat' dir='ltr'><strong>xv,</strong></span> <span class='ocrx_word' id='word_1_878' title='bbox 353 2894 379 2929; x_wconf 81' lang='grc'>5,</span> <span class='ocrx_word' id='word_1_879' title='bbox 399 2895 466 2930; x_wconf 76' lang='lat' dir='ltr'><strong>legis</strong></span> <span class='ocrx_word' id='word_1_880' title='bbox 481 2895 538 2926; x_wconf 87' lang='grc' dir='ltr'>τοῖς</span> <span class='ocrx_word' id='word_1_881' title='bbox 552 2892 668 2922; x_wconf 82' lang='grc' dir='ltr'>δώδεκα.</span> 
     </span>
    </p>
   </div>
   <div class='ocr_carea' id='block_1_112' title="bbox 965 2818 1332 2854">
    <p class='ocr_par' dir='ltr' id='par_1_112' title="bbox 965 2818 1332 2854">
     <span class='ocr_line' id='line_1_114' title="bbox 965 2818 1332 2854; baseline -0.005 -8"><span class='ocrx_word' id='word_1_882' title='bbox 965 2819 1022 2854; x_wconf 83' lang='lat'>(87)</span> <span class='ocrx_word' id='word_1_883' title='bbox 1041 2819 1141 2853; x_wconf 77' lang='lat' dir='ltr'><strong>Legere</strong></span> <span class='ocrx_word' id='word_1_884' title='bbox 1153 2818 1245 2846; x_wconf 88' lang='lat' dir='ltr'><strong>malim</strong></span> <span class='ocrx_word' id='word_1_885' title='bbox 1259 2818 1332 2845; x_wconf 78' lang='grc' dir='ltr'>ὅθεν.</span> 
     </span>
    </p>
   </div>
   <div class='ocr_carea' id='block_1_113' title="bbox 963 2854 1327 2890">
    <p class='ocr_par' dir='ltr' id='par_1_113' title="bbox 963 2854 1327 2890">
     <span class='ocr_line' id='line_1_115' title="bbox 963 2854 1327 2890; baseline -0.005 -8"><span class='ocrx_word' id='word_1_886' title='bbox 963 2855 1019 2890; x_wconf 74' lang='lat'><strong>(88)</strong></span> <span class='ocrx_word' id='word_1_887' title='bbox 1032 2854 1134 2890; x_wconf 76' lang='lat' dir='ltr'><strong>Legem</strong></span> <span class='ocrx_word' id='word_1_888' title='bbox 1148 2855 1251 2887; x_wconf 78' lang='lat' dir='ltr'><strong>malim,</strong></span> <span class='ocrx_word' id='word_1_889' title='bbox 1270 2854 1327 2883; x_wconf 74' lang='grc' dir='ltr'>ὅτε.</span> 
     </span>
    </p>
   </div>
  </div>
