1873 3063
159 141 213 174 719

738 139 870 169 PHOTII
886 138 1140 169 PA’I‘ltIARCII.’E
1155 138 1209 168 ΟΡ.

1744 134 1804 166 720

160 199 349 228 convertetur,
369 199 395 224 ct
414 195 478 222 luna
497 194 524 222 in
547 194 722 229 sanguinem,
738 199 884 228 antequam
901 200 972 225 ινα-Λ

1056 193 1122 221 ma
1146 193 1192 220 καὶ
1212 193 1226 219 ὁ
1249 191 1335 227 ἥλιος,
1359 191 1455 227 φησὶν,
1475 191 1739 226 μεταστραφήσεται
1761 192 1804 222 εἰς

161 242 218 270 niat
246 242 303 270 dies
322 241 430 268 Domini
456 248 555 275 magna
581 245 609 267 et
637 240 763 272 illustris.
781 249 789 265 I
819 240 871 267 hoc
895 244 948 271 cst,

163 287 236 319 Filii.
260 286 322 314 llzec
341 291 433 313 autem
461 293 475 312 ιι
499 285 592 318 Patre,
613 293 667 312 non
686 293 700 312 a
726 285 869 320 propheta,
886 284 949 317 diei,

163 334 270 361 initium
287 332 391 360 oraculi
407 332 490 367 hujus
508 336 633 359 testatur.
648 331 676 358 Id
700 332 772 362 enim
791 332 826 359 ita
849 331 928 358 habet
943 341 949 359 :

164 389 173 403 ι
189 379 218 407 III
239 379 344 407 ullimis
362 378 470 410 diebus,
492 378 580 413 inquit
597 377 739 409 Dominus,
762 377 898 407 cil'undam
918 377 952 404 de

163 425 265 460 Spiritu
280 433 340 452 meo
363 433 445 459 super
460 432 570 451 omnem
587 431 708 458 carnem,
724 433 734 450 ι
761 428 815 451 etc.
835 422 951 452 Manife-

163 476 236 498 stum
259 472 323 503 hinc
343 475 386 503 est
403 479 450 506 per
465 470 623 502 Dominum,
647 477 701 498 non
717 470 888 507 prophetam,
904 469 950 504 qui

163 525 317 545 conservus
341 522 434 544 uoster
453 521 505 552 est,
526 516 574 546 sed
601 516 684 545 thm
710 522 737 545 et
756 516 875 549 Patrem,
905 515 952 554 qui

164 569 228 589 eum
243 561 359 594 miserit,
374 561 501 588 indicari.

166 658 331 694 QUIESTlO
345 658 451 688 CXXVI
472 659 713 696 [Coisl.CKL\’lll,
724 659 956 696 Tam‘.CXLVlI].

238 705 351 741 Quando
367 707 496 740 baptizati
506 711 567 733 sunt
584 707 709 741 apouoli,
728 711 754 735 et
773 715 790 732 ιι
813 707 887 740 quo?

1003 239 1109 272 σκότος,
1138 239 1185 267 καὶ
1212 239 1229 274 ὴ
1255 238 1353 273 σελήνη
1375 238 1415 268 είς
1444 234 1524 272 αἷμα,
1545 237 1610 272 πρὶν
1636 235 1727 264 ἐλθεῖν
1751 237 1805 270 τὴν

1003 285 1110 320 ἡμέραν
1126 283 1230 318 Κυρίου
1240 282 1289 319 τὴν
1304 281 1426 318 μεγάλην
1447 281 1495 310 καὶ
1509 281 1643 316 ἐπιφανῆ,
1659 283 1802 314 τουτέστι,

1004 328 1052 355 τοῦ
1067 327 1143 353 Υίοῠ.
1160 336 1170 353 ι
1189 327 1250 353 ’Ότι
1265 327 1293 353 δὲ
1306 327 1361 353 ἀπὸ
1382 325 1430 353 τοῦ
1447 325 1554 361 Πατρὸς
1575 325 1685 361 εἴρηται
1697 326 1804 358 ταῦτα,

1006 373 1053 401 καὶ
1064 373 1113 399 οὐκ
1128 373 1182 400 ἀπὸ
1195 372 1242 402 τοῦ
1254 372 1410 409 προφήτου,
1435 372 1452 407 ἡ
1468 371 1542 407 ἀρχὴ
1560 371 1608 398 τοῦ
1625 371 1707 407 ῥητοῦ
1731 361 1805 406 μ.αῇ-

1003 419 1089 454 τυρεῖ.
1109 419 1186 455 Ἔχει
1203 419 1266 454 γάρ·
1283 428 1292 445 ι
1304 418 1351 446 Ἐν
1363 419 1424 450 ταῖς
1437 417 1566 453 ἐσχάταις
1578 418 1707 457 ἡμέραις,
1723 418 1807 451 λέγει

1005 465 1119 501 Κύριος,
1146 465 1234 502 ἐκχεῶ
1256 465 1309 492 ἀπὸ
1323 465 1370 492 τοῦ
1388 465 1546 500 Πνεύματός
1570 473 1622 500 μου
1638 465 1686 492 ἐπὶ
1708 466 1807 491 πᾶσαν

1007 511 1108 548 σάρκα,
1125 521 1135 540 ι
1150 514 1200 538 καὶ
1216 509 1291 545 ἑξῆς.
1307 510 1409 547 Κύριος
1424 510 1453 538 δὲ
1464 510 1555 545 δῆλον,
1571 511 1613 538 ὃτι
1630 511 1679 545 οὐχ
1697 510 1713 536 ό
1737 518 1809 544 προ-

1007 558 1107 597 φήτης,
1121 557 1266 593 ὁμόδουλος
1276 557 1315 585 ὣν
1325 558 1403 593 ἡμῖν,
1414 557 1472 585 ἀλλ’
1486 558 1500 584 ὁ
1512 555 1606 586 τοῦτον
1619 555 1808 587 ἀπεσταλκὼς

1007 604 1073 636 Θεὸς
1092 604 1140 632 καὶ
1151 604 1258 640 Πατήρ.
1588 631 1590 633 .

1269 658 1437 687 ΕΡΩΊῊΣΙΣ
1451 658 1551 692 extr.

1012 704 1088 735 Πότε
1123 703 1351 739 ἐϐαπτίσθησαν
1375 704 1413 764 tot
1439 703 1606 731 ἀπόστολοι
1640 701 1691 730 και
1723 700 1811 735 παρὰ

1357 747 1374 764 τ
1387 746 1458 764 γοιῚ

1357 746 1440 771 τινος
1447 746 1458 772 ;

252 795 381 827 Editarum
394 804 408 822 a
426 796 515 822 Wolﬁo
526 776 657 823 undecima
668 797 704 828 (ρ.
720 797 839 825 7353157,
851 797 962 825 Galland.
973 804 998 829 p.
1010 797 1067 828 72L
1078 804 1104 824 ιι,
1116 797 1168 829 27).
1179 808 1212 817 -ι-
1227 796 1266 825 De
1276 795 1399 828 baptismo
1415 794 1536 827 apostolis
1545 793 1636 822 Christi
1648 794 1716 819 dato.

205 852 334 881 Videmus
349 853 489 888 apostolos
503 857 567 880 ante
578 853 735 887 passionem
751 853 855 880 Christi
871 853 961 888 bapti-
976 857 999 885 Β

167 906 257 926 smum
272 897 388 925 Joannis
398 898 545 933 accepisse.
558 896 653 933 Neque
667 897 741 925 enim
756 897 881 926 Salvator
897 903 962 926 ante

168 944 323 981 passionem
347 943 432 972 alium
463 943 630 979 baptismum
663 943 787 977 contulit,
805 952 840 972 ne
856 944 962 973 scilicet

168 990 334 1025 praeconium
365 988 480 1019 Joannis
507 989 616 1018 irritum
645 989 781 1023 redderet,
797 995 843 1017 aut
860 989 962 1018 Judaeis

168 1035 376 1065 adversantibus
391 1034 566 1065 occasionem
589 1035 723 1070 praeberet
737 1035 856 1069 dicendi,
887 1036 962 1071 quod

168 1081 197 1109 in
211 1081 388 1116 quprobriunt
408 1080 523 1109 Joannis
549 1081 718 1117 baptismum
736 1082 883 1117 quemdam
897 1090 962 1117 pro-

169 1127 259 1163 prium
289 1127 432 1155 invexerit.
451 1126 531 1160 Quod
551 1134 617 1155 vero
632 1127 670 1155 illi
685 1127 791 1160 deerat,
806 1128 962 1163 supplebat,

168 1181 224 1204 non
253 1181 324 1208 aqua
349 1173 505 1207 baptizans,
531 1173 578 1201 sed
607 1172 721 1208 Spiritu.
748 1173 794 1201 Sic
814 1174 887 1201 enim
904 1174 963 1209 ipse

167 1218 206 1246 ait
221 1227 229 1246 :
251 1228 261 1245 ι
281 1217 335 1246 Vos
350 1226 415 1246 vero
432 1218 641 1253 baptizabimini
662 1217 766 1253 Spiritu
782 1223 889 1252 sancto,
906 1226 963 1246 non

170 1269 232 1299 post
249 1264 350 1292 multos
364 1264 423 1292 dies
434 1264 457 1283 "
470 1283 478 1297 ,
499 1273 510 1291 ι
525 1271 622 1297 nempe
636 1263 742 1292 decem.
771 1264 868 1295 Decem
899 1273 964 1293 vero

169 1310 228 1338 dies
248 1310 312 1339 huic
342 1310 416 1345 operi
447 1309 626 1343 deﬁniuntur,
645 1314 675 1337 ut
688 1309 757 1338 ﬁdes
773 1311 963 1346 apostolorum

169 1355 340 1391 probaretur.
352 1355 446 1384 Gratia
458 1355 531 1383 enim
542 1354 710 1394 quiescente,
720 1356 849 1391 nulloque
856 1365 964 1391 eorum,

170 1409 232 1434 quae
261 1401 398 1436 promissa
428 1405 519 1434 erant,
549 1405 737 1436 comparente,
772 1400 839 1429 fides
868 1409 964 1430 eorum

171 1447 361 1480 exercebatur,
379 1455 440 1482 spes
455 1455 519 1478 vero
543 1447 718 1475 occasionem
740 1448 964 1482 naneiscebatur,

173 1496 254 1523 ﬁdem
266 1503 320 1523 non
334 1495 446 1523 dubiam
463 1496 599 1532 pariendi.
630 1495 735 1530 Spiritu
759 1495 852 1528 itaque
869 1500 966 1524 sancto

172 1540 317 1576 baptizari,
333 1540 404 1569 idem
429 1545 483 1574 est,
507 1540 580 1577 quod
603 1540 735 1576 Spiritum
753 1546 878 1568 sanctum
893 1540 964 1568 acci-

172 1591 246 1618 pere.
274 1583 379 1619 Spiritu
409 1583 494 1620 igitur
519 1588 547 1614 et
576 1592 647 1620 aqua
675 1590 738 1613 ante
763 1585 966 1620 perpessionem

175 1629 278 1657 Christi
297 1630 428 1665 baptizati
445 1634 524 1658 erant
538 1631 665 1666 apostoli,
683 1631 878 1666 lavacrumque
901 1631 967 1658 illud

174 1674 273 1704 iisdem
304 1675 332 1703 in
365 1676 556 1704 remissionem
586 1680 772 1711 peccatorum,
793 1684 848 1703 non
874 1681 967 1704 autem

175 1720 293 1755 Spiritus
306 1721 393 1749 sancti
409 1720 596 1755 collationem,
610 1721 736 1750 cedebat.
754 1721 888 1751 Joannem
905 1729 968 1749 vero

175 1767 313 1802 apostolos
334 1768 498 1803 baptizasse,
531 1767 664 1796 Dominus
697 1772 791 1797 noster
817 1767 907 1800 docet,
934 1767 969 1795 ad

175 1813 295 1845 Petrum,
317 1820 381 1841 cum
397 1813 530 1841 lavandos
543 1817 628 1846 esset,
655 1813 822 1842 abnuentem
849 1813 944 1841 dicens
961 1821 968 1839 :

179 1869 189 1884 ι
207 1859 260 1893 Qui
277 1860 349 1887 lotus
359 1864 410 1891 est,
427 1867 539 1888 necesse
550 1867 605 1888 non
620 1860 701 1888 habet
715 1859 813 1893 lavari,
828 1859 882 1887 nisi
896 1858 970 1895 quod

175 1905 210 1933 ad
227 1906 309 1941 pedes
321 1906 354 1933 “‘.
373 1916 384 1933 ι
404 1905 462 1934 liae
472 1906 546 1935 enim
563 1913 631 1934 voce
644 1906 776 1938 ostendit,
789 1913 843 1933 non
859 1905 969 1934 Petrum

176 1951 276 1984 solum,
295 1952 342 1980 sed
357 1952 440 1980 etiam
470 1957 596 1984 caeteros.
622 1959 743 1988 quorum
772 1951 867 1979 itidem
887 1951 970 1986 pedes

177 2002 282 2027 tantum
309 1998 429 2030 lavabat,
457 1998 572 2027 Joannis
605 1997 742 2036 baptismo
770 2004 830 2025 esse
850 1996 969 2024 ablutos.

178 2043 303 2070 Salvator
317 2042 400 2078 igitur
409 2043 575 2078 baptismum
585 2043 764 2079 pcenitentite,
775 2042 824 2078 qui
837 2049 853 2069 a
865 2040 971 2070 Joanne

179 2089 207 2116 in
221 2088 413 2116 remissionem
438 2095 613 2125 peccatorum
633 2089 887 2121 administrabatur,
904 2087 972 2115 adeo

178 2142 233 2163 non
246 2134 400 2170 abrogavit,
417 2140 448 2165 ut
459 2135 553 2164 addito
568 2135 689 2172 Spiritus
713 2134 804 2164 sancti
818 2134 891 2163 dono
907 2141 970 2162 eum

178 2180 335 2215 perfecerit.

240 2236 410 2272 QUASSTIO
422 2238 541 2268 CXXVII
562 2239 656 2275 [CoisL
680 2237 796 2271 CXLIX,
817 2237 898 2265 Taur.

496 2284 650 2321 CXLVIII].
706 2299 711 2305 ν

180 2331 331 2366 Quomodo,
355 2333 401 2367 qui
416 2332 444 2360 in
459 2331 595 2394 Cltrja‘tium
612 2331 808 2393 tlpzplizautur.
837 2331 974 2359 Christum

221 2375 225 2380 α
508 2375 534 2394 ιιι
557 2375 609 2394 tum
631 2387 638 2393 .

221 2375 225 2380 ”
508 2375 621 2394 tnautmt
631 2376 638 2393 Δ

1048 853 1220 890 Εὑρίσκομεν
1233 853 1299 885 τοὺς
1320 851 1486 884 ἀποστόλους
1508 850 1641 882 λαϐόντας
1661 849 1810 888 βάπτισμα

1012 900 1067 936 πρὸ
1075 899 1123 927 τοῦ
1139 899 1243 931 πάθους
1258 897 1379 935 Χριστοῦ
1401 898 1431 924 τὺ
1452 897 1589 925 Ἰωάννου.
1611 896 1641 923 '0
1658 895 1686 923 δὲ
1707 895 1810 931 Σωτὴρ

1012 946 1067 982 πρὸ
1080 945 1129 972 τοῦ
1153 945 1257 977 πάθους
1274 945 1306 972 οὐ
1321 944 1413 971 δίδωσι
1427 943 1569 979 βάπτισμα
1582 942 1687 977 ἕτερον,
1705 942 1754 968 ῐνα
1770 942 1809 977 μὴ

1012 992 1083 1028 λύσῃ
1097 991 1127 1018 τὸ
1153 991 1278 1018 Ἰωάννου
1299 991 1441 1026 κήρυγμα,
1462 989 1509 1016 καὶ
1535 989 1573 1024 δῷ
1595 987 1724 1023 ἀφορμὴν
1751 988 1809 1018 τοῖς

1013 1038 1199 1073 ἀντιλέγουσιν
1221 1037 1371 1069 Ἰουδαίοις,
1385 1036 1426 1063 ὃτι
1445 1035 1515 1071 πρὸς
1529 1035 1608 1070 ῢὸριν
1625 1035 1672 1061 τοῦ
1699 1034 1808 1060 Βαπτι-

1014 1084 1079 1110 στοῦ
1094 1084 1159 1111 ἴδιον
1172 1083 1359 1118 ἐπεισήγαγεν
1375 1082 1527 1117 βάπτισμα.
1551 1081 1721 1116 Ἀναπληροῖ
1731 1080 1762 1106 δὲ
1779 1079 1810 1105 τὸ

1013 1129 1117 1163 λεῖπον,
1135 1130 1186 1158 οὐκ
1204 1130 1234 1156 ὲν
1259 1128 1336 1157 ὕδατι
1361 1127 1511 1164 βαπτίζων,
1524 1127 1582 1155 ἀλλ’
1607 1127 1636 1153 ἐν
1652 1126 1808 1161 Πνεύματι.

1015 1175 1114 1208 Καθὼς
1129 1175 1177 1202 καὶ
1203 1175 1285 1207 αὐτός
1313 1182 1408 1210 φησιν,
1425 1183 1435 1200 ι
1461 1174 1556 1211 Ὑμεῖς
1579 1173 1608 1199 δὲ
1624 1172 1810 1208 βαπτισθήσε-

1016 1223 1063 1250 σθε
1077 1223 1108 1250 ὲν
1128 1222 1268 1257 Πνεῦματι
1281 1220 1352 1256 ἁγίῳ
1365 1220 1396 1247 οὗ
1413 1220 1482 1256 μετὰ
1497 1219 1597 1251 πολλὰς
1612 1218 1716 1250 ταύτας
1738 1218 1810 1252 ἡμέ-

1017 1278 1078 1306 ρας,
1098 1279 1108 1295 I
1130 1269 1250 1303 δηλονότι
1266 1268 1344 1295 δέκα.
1360 1267 1484 1297 Δίδονται
1502 1266 1532 1293 δὲ
1555 1264 1722 1301 προθεσμίσι
1743 1264 1810 1290 δέκα

1016 1315 1118 1352 ἡμέραι
1130 1315 1175 1342 διὰ
1190 1314 1346 1349 γυμνασίαν
1359 1314 1410 1349 τῆς
1424 1313 1480 1340 τῶν
1492 1311 1652 1339 ἀποστόλων
1669 1310 1806 1340 πίστεως.

1022 1361 1226 1397 Ἦσυχαςούσης
1241 1361 1292 1396 τῆς
1308 1360 1432 1396 χάριτος,
1448 1359 1497 1387 καὶ
1511 1358 1626 1394 μηδενὸς
1651 1358 1706 1384 τῶν
1721 1358 1812 1392 ἐπηγ-

1016 1408 1158 1443 γελμένων
1171 1406 1352 1442 φαινομένων,
1377 1405 1547 1441 ἐγυμνάζετο
1562 1404 1654 1431 αὐτῶν
1669 1404 1685 1439 ἡ
1704 1403 1813 1434 πίστις,

1017 1453 1064 1481 καὶ
1081 1454 1097 1489 ἡ
1113 1453 1191 1485 ἐλπὶς
1204 1453 1235 1479 τὸ
1250 1452 1414 1480 ἁδίστακτον
1430 1450 1487 1485 (89)
1503 1449 1691 1485 καρποφορεῖν
1712 1447 1812 1483 καιρὸν

1018 1499 1180 1535 ἐλάμϐανεν.
1198 1497 1243 1534 Τῷ
1255 1498 1321 1533 γοῦν
1340 1496 1523 1533 βαπτισθῆναι
1536 1496 1566 1523 ἐν
1580 1495 1722 1530 Πνεύματι
1739 1494 1813 1528 ἁγίῳ

1018 1546 1076 1574 ἴσον
1090 1544 1149 1573 ἐστὶ
1163 1543 1194 1571 τὸ
1207 1543 1299 1571 λαϐεῖν
1313 1542 1426 1578 Πνεῦμα
1443 1542 1531 1576 ἅγιον.
1542 1537 1637 1568 "How
1652 1540 1699 1567 οὖν
1722 1539 1813 1567 [1νεύ-

1020 1599 1086 1627 ματι
1100 1590 1149 1618 καὶ
1162 1589 1239 1618 ὕδατι
1249 1589 1303 1625 πρὸ
1317 1589 1364 1616 τοῦ
1377 1588 1482 1619 πάθους
1497 1586 1692 1623 βαπτισθέντες
1706 1586 1734 1612 οἱ
1747 1585 1814 1612 ὰπὸ-
1839 1605 1842 1607 μ

1019 1637 1120 1666 στολοι.
1144 1636 1201 1664 Kal
1212 1634 1247 1672 ἦν
1275 1636 1307 1663 τὸ
1329 1635 1441 1670 λουτρὸν
1468 1635 1557 1661 ὲκεῖνο
1583 1633 1623 1665 εἰς
1638 1633 1740 1667 ἄφεσιν
1764 1631 1814 1666 μὲν

1019 1682 1173 1718 ἁμαρτιῶν,
1186 1681 1236 1708 οὐκ
1250 1682 1290 1713 είς
1302 1681 1419 1716 μετοχὴν
1432 1679 1461 1706 δὲ
1472 1678 1631 1714 Πνεύματος
1645 1677 1738 1712 ἁγίου.
1752 1677 1813 1703 Ὅτι

1021 1726 1049 1753 δὲ
1064 1726 1127 1757 τοὺς
1144 1725 1312 1757 ἀποστόλους
1324 1726 1339 1752 ὁ
1364 1725 1492 1760 Ἰωάννης
1506 1724 1649 1755 ὲδάπτισε,
1662 1721 1783 1757 φανερὸν
1800 1721 1813 1747 ὁ

1021 1772 1161 1808 Δεσπότης
1176 1773 1258 1805 ποιεί,
1277 1772 1306 1800 ἐν
1318 1771 1356 1807 τῷ
1366 1771 1457 1806 λέγειν
1468 1770 1536 1805 πρὸς
1551 1770 1598 1796 τὸν
1613 1770 1729 1803 Πέτρον,
1744 1767 1814 1796 κατὰ

1020 1818 1066 1845 τὸν
1088 1818 1185 1854 καιρὸν
1198 1817 1246 1845 τοῦ
1260 1818 1390 1852 νιπτῆρος
1417 1815 1582 1844 ἀνανεύοντα
1600 1814 1673 1850 (90)·
1697 1823 1708 1840 ι
1722 1814 1754 1840 ’0
1771 1813 1814 1839 λε-

1021 1864 1152 1900 λουμένος
1167 1864 1217 1890 οὐκ
1234 1863 1290 1899 ἔχει
1307 1863 1402 1898 χρείαν
1418 1861 1559 1897 νίψασθαι,
1580 1862 1606 1889 εἰ
1623 1860 1662 1896 μὴ
1679 1860 1746 1892 τοὺς
1765 1858 1813 1887 πός

1021 1911 1080 1942 δας.
1100 1920 1110 1937 ι
1132 1909 1238 1942 "sane:
1250 1909 1306 1944 γὰρ
1317 1908 1362 1937 διὰ
1379 1908 1429 1944 τῆς
1440 1908 1533 1943 φωνῆς
1549 1907 1580 1934 οὐ
1599 1907 1681 1942 μόνον
1698 1906 1748 1933 τὸν
1761 1905 1814 1933 Πέ-

1021 1965 1086 1992 τρον
1099 1955 1270 1990 λελουμένον,
1290 1954 1358 1985 ἀλλὰ
1369 1954 1418 1982 καὶ
1432 1954 1495 1986 τοὺς
1506 1953 1603 1984 ἄλλους
1616 1953 1645 1981 ὲν
1657 1951 1696 1986 τῷ
1705 1951 1813 1978 νίπτειν

1022 2003 1112 2030 αὐτῶν
1137 2002 1202 2034 τοὺς
1217 2001 1301 2032 πόδας
1326 2001 1416 2036 μόνον,
1441 1999 1482 2035 τῷ
1501 1999 1549 2027 τοῦ
1570 1999 1694 2028 Ἰωάννου
1711 1996 1813 2033 βαπτί-

1024 2056 1120 2083 σματι.
1143 2047 1174 2075 '0
1196 2046 1294 2083 Σωτὴρ
1311 2046 1359 2075 οὖν
1372 2046 1404 2073 τὺ
1421 2046 1472 2081 μὲν
1492 2045 1634 2081 βάπτισμα
1653 2044 1704 2079 τῆς
1728 2051 1814 2077 μετα-

1022 2093 1098 2124 νοίας
1111 2093 1160 2122 καὶ
1173 2093 1214 2125 είς
1224 2093 1321 2127 ἄφεσιν
1341 2091 1486 2128 ἁμαρτιῶν
1500 2091 1664 2126 τελούμενον
1676 2089 1756 2125 παρὰ
1767 2086 1814 2115 τοῦ

1029 2140 1154 2167 Ἰωάννου
1169 2140 1220 2166 οὐκ
1232 2138 1379 2174 ὴθέτησεν.
1390 2138 1460 2166 ἀλλὰ
1471 2137 1520 2165 καὶ
1528 2136 1671 2167 ἐτελείωσε
1683 2134 1813 2173 προσθεὶς

987 2198 1010 2226 ι)
1024 2186 1058 2221 τῇ
1073 2185 1121 2213 τοῦ
1134 2185 1268 2218 παναγίου
1281 2183 1441 2219 Πνεῦματος
1455 2184 1556 2222 δωρεᾷ.

1291 2241 1460 2268 ΕΡΩΤΗΣΙΣ
1474 2241 1562 2267 ΡΚΖ¹.

1028 2330 1094 2364 Πῶς
1118 2331 1145 2357 οι
1168 2331 1213 2362 εὶς
1235 2327 1595 2390 Χριστὸνδραπτιζόμσγοι
1618 2324 1749 2361 Χριστὸν
1767 2324 1812 2352 ἐν·

1380 2371 1503 2390 vortat:

1380 2371 1482 2391 υονται
1494 2371 1503 2397 ί

493 2454 495 2457 ι
524 2437 649 2463 Editarum
659 2444 673 2462 a
685 2437 775 2462 Wolﬁo
784 2436 928 2462 duodecima
940 2436 972 2467 (pi

1057 2435 1111 2460 758.
1125 2433 1236 2459 Galland.
1253 2433 1308 2464 724,
1322 2433 1378 2463 725,
1389 2439 1414 2457 n.
1427 2433 1479 2464 28).

217 2495 244 2522 Si
260 2495 380 2529 Spiritus
395 2502 448 2522 non
468 2500 512 2522 est
524 2495 607 2527 Deus,
625 2495 648 2522 si
667 2502 721 2522 non
743 2499 784 2522 est
799 2494 899 2522 divinat
910 2501 972 2530 gra-

182 2543 226 2568 tiae
244 2541 316 2573 fons,
343 2540 483 2576 quomodo
506 2541 544 2568 illi
564 2541 612 2576 qui
630 2541 770 2569 Christum
790 2541 914 2570 divinum
930 2542 973 2568 in-

1064 2493 1095 2519 Εἰ
1114 2489 1152 2527 μὴ
1168 2491 1235 2524 Θεὸς
1253 2490 1284 2517 τὺ
1296 2490 1422 2525 Πνεῦμα,
1438 2489 1462 2515 εί
1480 2489 1517 2525 μὴ
1527 2488 1621 2525 θεῖκῆς
1635 2486 1747 2522 χάριτος
1764 2492 1812 2518 πη·

1028 2539 1075 2574 γὴ,
1092 2538 1150 2570 πῶς
1165 2538 1190 2565 οί
1206 2537 1297 2564 οεϊκὺν
1312 2536 1414 2572 ἔνδυμα
1434 2535 1481 2562 τὸν
1504 2533 1621 2570 Χρισιὺν
1643 2532 1813 2566 ἐνδυσάμενοι

182 2587 342 2614 dumentum
357 2587 517 2619 induerunt,
534 2587 646 2622 vulgare
665 2587 733 2615 illud
754 2587 872 2623 Spiritus
885 2587 972 2615 sancti

1056 2584 1163 2612 ιωτικὸν
1187 2584 1219 2612 τὸ
1239 2583 1285 2611 τοῦ
1308 2583 1472 2618 Πνεύματος
1496 2580 1691 2611 ὲπενδύονται-;
1709 2579 1739 2605 Εἰ
1752 2576 1811 2612 γὰρσ

182 2632 323 2660 induunt?
338 2631 367 2660 Si
385 2633 472 2666 enim,
489 2638 626 2668 quotquot
641 2633 669 2661 in
685 2633 827 2661 CIII-istum
843 2633 972 2668 baptizati

1056 2640 1085 2657 τοι
1105 2632 1145 2662 είς
1153 2630 1271 2666 Χριστὸν
1287 2629 1504 2664 ἐϐαπτίσθησαν,
1516 2627 1634 2663 Χριστὸν
1645 2625 1810 2653 ὲνεδύσαντει

219 2722 243 2738 ³⁵
258 2721 317 2750 Act.
336 2730 355 2755 I,
375 2721 401 2748 5.
469 2723 492 2738 “
507 2721 660 2756 Joan..xIII,
691 2722 732 2748 10.

941 2765 1045 2794 ΝΟΤΙΕ
1050 2786 1058 2794 .

220 2814 276 2884 (89}
291 2813 336 2842 Sic
350 2814 439 2842 scribo
452 2821 500 2848 pro
514 2813 705 2840 ἀδιάστακτον.
722 2811 818 2840 Nostra
835 2813 883 2840 illa,
894 2819 959 2840 voce
978 2811 1091 2840 Photius
1104 2811 1186 2845 infra,
1206 2819 1277 2846 resp.
1295 2810 1355 2844 l5-l,
1371 2814 1397 2838 et
1413 2809 1493 2842 alias,
1504 2807 1603 2836 utitur.

221 2849 265 2884 (90
293 2849 330 2878 lta
348 2849 492 2884 legendum
509 2857 558 2884 pro
571 2849 758 2880 ἀνανεύοντος.

221 2849 276 2885 (90)
293 2849 330 2878 lta
348 2849 492 2884 legendum
509 2857 558 2884 pro
571 2849 758 2880 ἀνανεύοντος.
