1873 3063
197 170 255 202 ττι

199 228 227 249 ct
243 230 317 250 mare
331 221 464 249 obediunt
482 221 530 249 ei?
549 230 558 247 ι
573 220 613 248 sic
638 219 675 248 et"
691 220 803 253 coelum,
820 221 991 249 incarna‘tam
1007 223 1030 252 Α

201 269 294 296 ridens
306 268 487 301 divinitatem,
501 267 648 295 attonitum
660 266 727 294 dicit
743 276 751 294 :
770 277 779 293 ι
795 266 865 300 Quis
881 272 923 295 est
941 267 991 294 iste

201 323 246 343 rex
260 315 377 350 gloriae?
398 325 408 341 ι

240 405 408 440 ουΑεετιο
423 404 520 433 cxxx
541 403 648 441 [CoisL
669 403 747 437 cur,
772 403 856 432 Taur.
875 402 954 439 CLI].

216 453 306 486 Quare
318 452 415 487 jejunii
430 456 531 484 tempus
551 451 640 478 diebus
655 451 837 486 quadraginta
852 455 965 477 constet.

782 166 916 198 PHOTII
926 165 1186 197 PATRIARCILE
1202 165 1256 196 ΟΡ.

1789 162 1843 195 724

1043 220 1084 247 ὅτι
1103 220 1149 246 καὶ
1164 220 1180 255 ἡ
1196 219 1317 246 θάλασσα
1328 218 1376 245 καὶ
1384 219 1407 245 οἱ
1423 218 1520 254 ἄνεμοι
1534 216 1721 244 ὑπακούουσιν
1730 217 1804 252 αὺτῴ
1819 227 1840 249 ;ι

1044 266 1115 293 οὕτω
1131 267 1178 292 καὶ
1192 266 1206 292 6
1223 265 1337 301 οὐρανὸς
1348 265 1377 291 ὲν
1395 265 1479 300 σαρκὶ
1509 264 1617 298 βλέπων
1633 263 1682 299 τὴν
1717 262 1843 298 θεότητα,

1045 311 1215 346 ξενιζόμενος
1237 312 1321 346 λέγει·
1340 321 1349 336 ι
1366 311 1415 342 Τίς
1429 311 1503 337 ἐστιν
1523 307 1601 342 οὗτος
1615 310 1629 337 ὁ
1648 309 1777 344 βασιλεὺς
1794 310 1845 344 τῆς

1045 358 1124 394 δοξης
1142 367 1150 392 ;
1170 367 1179 384 ι

1301 402 1470 430 ΕΡΩΤΙῙΣΙΣ
1496 402 1560 429 PA'.

1041 447 1094 474 Διὰ
1107 448 1136 474 τί
1146 449 1162 475 ὁ
1171 448 1379 483 τῆςνηστείας
1384 447 1496 508 1ζὲιξόνος
1504 438 1572 481 ἐὶημ¹
1580 445 1705 480 ἡμέραις
1715 445 1845 479 ἀριθμεῖ-

1423 491 1432 508 ι
1447 490 1456 508 :

1423 490 1456 514 ιί

536 540 609 566 Edita
619 548 633 566 a
650 541 714 566 Maio
727 542 756 573 (l.
774 548 797 566 c.
815 541 892 573 p.99,
907 541 971 572 l00).
989 554 1021 560 —
1036 542 1074 567 De
1087 542 1184 572 jejunio
1200 540 1365 572 quadraglnta
1376 539 1486 564 dierum.

235 593 367 626 Quaerunt
391 594 497 628 aliqui:
522 595 613 628 Quare
638 595 736 631 jejunii
769 600 878 631 tempus
895 595 994 623 diebus

198 639 377 674 quadraginta
421 640 502 668 nobis
540 641 796 675 circumscribitur,
830 649 881 669 nec
905 648 994 676 usque

199 684 232 710 ad
244 684 442 719 quinquaginta
458 686 500 712 vel
517 693 550 714 ac
571 687 711 722 sexaginta
733 688 908 720 extenditur,
940 694 991 715 nec

199 729 297 757 iterum
322 731 390 758 citra
416 732 597 767 quadraginta
625 733 786 760 clauditur?
810 733 868 760 Non
900 734 989 760 solum

199 775 278 802 nobis
291 776 326 802 ita
343 777 472 804 traditum
488 782 541 809 est,
566 778 614 806 sed
631 782 659 806 et
681 779 741 814 ipse
757 779 882 805 omnium
896 779 989 806 Domi-

200 829 252 848 nus
266 827 293 849 et
308 822 433 850 Salvator
447 828 552 856 noster,
569 825 711 860 legislator
737 832 834 852 eorum
860 825 907 860 qui
925 828 990 852 sunt

199 866 227 893 in
243 867 341 901 gratia,
357 868 537 904 quadraginta
558 869 655 896 diebus
670 869 777 897 videtur
791 869 941 905 jejunassc,
960 874 989 897 ut

1080 594 1195 630 Ζητοῦσί
1210 601 1294 626 τινεςο
1319 593 1352 620 Τί
1377 592 1478 629 δήποτε
1491 592 1506 618 ὁ
1521 593 1571 628 τῆς
1602 591 1730 627 νηστείας
1748 591 1843 626 χρόνος

1045 641 1074 667 ὲν
1097 640 1218 675 ἡμέραις
1244 640 1311 675 ἡμῖν
1339 642 1366 675 μ’
1395 638 1611 673 περιγράφεται·
1639 637 1686 663 καὶ
1712 636 1775 663 οὔτε
1805 638 1845 667 εἱς

1044 687 1090 713 τὸν
1120 686 1306 721 πεντηκοστὸν
1331 685 1348 720 ἢ
1379 684 1527 719 ἑξηκοστὸν
1550 683 1755 719 παρατείνεται,
1783 683 1847 709 οὐδὲ

1043 732 1119 764 ὲντὺς
1136 732 1218 759 πάλιν
1236 732 1291 758 τῶν
1309 734 1335 766 μ’
1351 730 1554 766 περικλείεται;
1571 729 1618 756 καὶ
1632 729 1682 764 οὐχ
1700 729 1767 764 ἡμῖν
1796 729 1847 762 μό-

1043 788 1089 806 νον
1119 778 1190 805 οὕτω
1211 777 1418 814 παραδέδοται,
1448 776 1517 804 ἀλλὰ
1542 776 1592 804 καὶ
1606 775 1689 807 αὐτὸς
1713 776 1728 801 6
1755 775 1847 806 κοινὸς

1043 825 1182 860 Δεσπότης
1207 825 1255 851 καὶ
1288 823 1385 859 Σωτὴρ
1421 822 1525 858 ἡμῶν,
1554 823 1569 849 6
1605 821 1756 856 νομοθέτης
1788 821 1844 846 τῶν

1041 870 1070 898 ὲν
1084 871 1117 906 τῇ
1135 869 1238 905 χάριτι,
1258 871 1285 904 μ’
1299 868 1406 904 ἡμέρας
1421 867 1547 902 φαίνεται
1571 865 1724 901 νηστεύσας
1738 885 1746 897 ,
1775 864 1843 891 ὁπό-

199 917 261 937 cum
269 911 306 937 illi
316 911 492 940 insidiaretur
501 913 637 945 diabolus,
647 914 680 941 ad
690 921 808 949 pugnam
824 920 936 949 paratus
944 915 977 942 ini

1095 914 1170 950 αὐτῷ
1204 913 1369 949 προσὸαλεῖν
1394 910 1532 949 [ἔμελλεν]
1555 911 1570 937 6
1598 910 1749 946 πειράζων,
1776 911 1847 945 πρὶς

199 956 269 982 venit
277 960 347 983 etur.
357 956 390 983 Et
399 961 462 985 ante
472 957 617 985 Dominum
627 958 714 985 Eliam
724 959 887 993 prophetam
895 960 991 987 eodem

199 1002 303 1030 dierum
319 1011 435 1030 numero
450 1003 477 1030 in
489 1003 601 1039 jejuniis
616 1009 755 1032 moratum
775 1006 865 1033 fuisse
879 1006 991 1042 legitur,

199 1054 225 1075 et
241 1048 323 1075 etiam
339 1054 402 1076 ante
417 1050 494 1076 illum
511 1049 636 1086 Moysen.
663 1051 690 1078 in
707 1055 800 1079 monte
824 1051 912 1085 Sinai,
928 1060 991 1080 cum

199 1095 231 1122 a.l
250 1095 355 1123 tabulas
371 1096 436 1130 legis
449 1104 463 1123 a
480 1097 534 1124 Deo
546 1097 716 1132 recipiendas
732 1105 795 1125 sese
808 1103 991 1133 compararet.

199 1141 320 1173 Quaestio
335 1149 401 1176 ergo
423 1150 454 1170 ea
470 1147 522 1171 cst.
544 1143 621 1171 Alius
648 1143 720 1171 forte
744 1139 949 1179 profundiorem
966 1151 993 1172 et

199 1186 386 1214 sublimiorem
396 1208 403 1219 .
419 1196 469 1216 nec
481 1197 536 1217 non
553 1195 580 1217 et
592 1189 717 1217 altiorem
727 1197 755 1218 et
768 1191 855 1226 magis
870 1191 992 1219 divinant

199 1239 322 1265 causam,
351 1234 439 1262 oculis
457 1236 490 1262 ad
512 1236 658 1271 prmdictos
673 1237 748 1265 viros
762 1238 875 1265 attentis
891 1242 919 1265 et
937 1238 993 1266 ele-

198 1279 280 1311 vatis,
296 1281 384 1307 daret.
399 1280 466 1313 que
484 1287 574 1309 autem
587 1282 668 1310 nobis
683 1283 710 1311 in
726 1288 846 1311 mentem
858 1288 993 1311 venerunt

197 1325 334 1354 dicemus.
348 1326 400 1354 Sex
415 1327 511 1355 diebus
529 1328 601 1356 Deus
616 1329 689 1357 hunc
704 1334 866 1364 praesentem
879 1335 907 1358 et
925 1331 993 1358 visi-

200 1371 281 1399 bilem
297 1373 428 1400 uuindum
442 1374 556 1406 ereavit,
572 1375 689 1410 septima
706 1380 798 1403 autem
818 1376 863 1404 die
880 1377 991 1412 requie-

198 1415 238 1442 vit
251 1415 285 1442 ab
296 1417 370 1444 omni
390 1425 482 1453 opere,
499 1424 526 1446 et
539 1419 620 1446 linem
634 1420 798 1454 perpulchro
810 1421 885 1455 operi
898 1421 991 1454 dedit;

198 1470 214 1489 ο
225 1468 414 1491 munmeratur
428 1470 519 1492 autem
536 1465 582 1493 illa
602 1473 665 1493 cum
681 1466 715 1494 iis
742 1475 803 1500 quae
819 1472 884 1494 sunt
900 1472 991 1501 antea.

199 1508 272 1535 sicut
285 1514 312 1535 et
325 1517 406 1537 omne
416 1511 549 1546 temporis
561 1512 680 1548 alicujus
695 1514 861 1549 principium
875 1519 902 1542 et
917 1515 990 1550 linis,

200 1555 227 1582 in
242 1557 432 1584 numeratione
446 1558 555 1586 illorum
571 1567 633 1594 quae
647 1560 795 1594 intersunt,
811 1563 991 1597 comprehen-

199 1601 320 1636 duntur;
331 1607 358 1629 et
372 1610 492 1637 prteSPns
509 1606 639 1633 Saeculum
665 1607 796 1635 continua
812 1608 992 1638 hebdomade:
1005 1603 1027 1631 ο

200 1648 226 1674 in
241 1647 352 1675 modum
367 1649 463 1677 circuli
485 1650 557 1679 serie
570 1653 755 1687 componitur.
784 1653 886 1682 Octava
901 1660 993 1683 autem

201 1693 323 1721 futurum
345 1696 477 1723 saeculum
504 1696 639 1732 designat.
671 1703 698 1726 et
710 1700 945 1736 (translationem)
959 1709 994 1729 ex

201 1739 253 1766 hoc
270 1745 403 1773 prmsente
418 1742 519 1770 smcule
536 1743 563 1770 in
583 1744 657 1771 aliud
681 1745 819 1780 quoddam
837 1747 925 1782 magis
949 1747 994 1774 di-

199 1786 293 1813 vinum
321 1788 408 1815 otium
433 1793 461 1816 et
483 1789 510 1817 in
526 1790 657 1825 quietem,
681 1799 742 1826 quae
766 1798 861 1821 octava
880 1801 995 1822 vocatur

199 1833 329 1867 etprima
360 1839 388 1861 et
409 1842 475 1862 una.
506 1834 608 1863 Octava
631 1837 754 1872 quidem.
781 1847 842 1866 cum
866 1840 901 1867 sit
920 1840 994 1867 aliud

199 1879 336 1912 quoddam
347 1880 523 1908 interstitium
538 1889 587 1917 per
599 1887 708 1918 tempus
720 1889 784 1912 ante
792 1885 994 1914 hebdomadam

201 1932 433 1959 consummatum,
445 1929 533 1962 prima
549 1937 625 1963 vero,
645 1938 708 1958 cum
721 1932 756 1958 sit
768 1931 876 1959 initium
891 1934 993 1968 requiei

199 1977 228 1999 et
247 1972 308 1999 vita:
324 1974 408 2009 magis
423 1974 522 2002 divina:
535 1979 562 2002 ct
577 1976 710 2009 melioris,
727 1985 781 2004 una
804 1983 908 2011 autem,
929 1980 995 2014 quia

202 2025 257 2044 non
281 2023 324 2046 est
351 2024 414 2053 post
439 2028 499 2047 eam
521 2021 575 2048 alia
601 2023 760 2057 temporalis
786 2024 928 2058 periodus,
947 2026 994 2053 sed

202 2064 260 2098 ipsa
277 2069 320 2092 est
339 2065 400 2093 sine
412 2065 467 2094 line
482 2075 625 2095 mansura.

237 2153 300 2181 Istis
317 2161 381 2189 ergo
397 2155 557 2190 praemissis,
584 2157 742 2193 quicunque
753 2173 758 2178 ’
771 2159 913 2193 septimam
930 2159 996 2188 heb-

202 2199 325 2228 domadaa
345 2201 434 2234 diem,
455 2210 516 2237 quae
530 2206 573 2230 est
591 2207 697 2238 tempus
714 2203 857 2239 fugitivum
874 2210 902 2233 et
913 2207 997 2235 cadu-

202 2253 276 2279 cum,
288 2251 315 2274 et
331 2255 391 2274 cum
409 2246 531 2283 fugitivis
554 2253 583 2276 et
607 2248 753 2284 tragilihus
767 2252 954 2285 pertransiens
970 2258 998 2281 et

201 2292 326 2325 clliuens,
347 2301 446 2322 sensus
461 2302 557 2323 omnes
571 2295 763 2330 iniquitatibus
787 2301 815 2324 et
832 2300 994 2332 passionum
1012 2285 1035 2313 υ

203 2339 312 2367 turbine
350 2339 536 2374 l‘ascinabant;
561 2341 687 2369 auditum
715 2342 832 2378 quidem
862 2345 993 2373 cantibus

201 2385 367 2413 meretriciis
381 2390 409 2413 et
423 2386 552 2414 omnibus
575 2387 656 2414 istius
675 2387 784 2422 generis
799 2389 993 2423 repleverant;

201 2431 279 2458 visus
296 2436 387 2458 autem
419 2431 474 2459 illis
500 2432 661 2460 enervantia
691 2434 872 2468 spectacula;
905 2439 995 2463 tactus

201 2478 283 2505 etiam
301 2483 329 2505 et
344 2484 440 2513 gustus
462 2484 490 2506 et
517 2478 645 2512 olfactus,
667 2487 702 2507 ne
730 2479 766 2508 de
787 2481 896 2516 singulo
912 2489 998 2510 sensu

202 2524 338 2559 loquendo
350 2531 504 2552 sermonem
518 2524 625 2560 longius
637 2526 808 2560 protraham,
825 2527 927 2562 quibus
941 2535 995 2555 non

202 2570 265 2598 licet
281 2570 465 2606 applicantur,
485 2570 521 2597 ita
538 2576 567 2598 ut
587 2571 625 2598 illi
641 2571 892 2600 indiscriminatum
912 2573 946 2600 ad
962 2581 995 2602 ea

203 2623 264 2651 quae
279 2620 376 2644 natura
405 2616 460 2644 illis
480 2615 570 2649 allert,
590 2621 618 2645 et
637 2625 698 2653 quas
712 2626 727 2645 a
754 2618 813 2654 lege
828 2619 920 2647 divina
940 2627 994 2647 non

203 2661 395 2697 prohibentur,
423 2670 485 2690 sese
518 2663 620 2691 ferant.
647 2663 775 2699 Quinque
802 2672 868 2700 ergo
897 2673 997 2694 sensus

204 2715 265 2735 eum
279 2707 316 2734 ita
329 2708 464 2743 inquinati
480 2709 535 2738 sint
548 2715 575 2738 et
589 2711 768 2739 contaminati
784 2719 798 2737 a
813 2712 993 2746 passionilins

204 2757 232 2780 et
256 2752 480 2783 inclinationibus
507 2763 577 2791 quas
605 2756 632 2783 in
657 2756 709 2784 hoc
734 2761 857 2792 tempore
885 2757 999 2792 fugitivo

207 2799 407 2834 contrahimus,
428 2801 551 2830 ‘illorum
569 2802 727 2837 purilicatio
750 2808 777 2830 ct
793 2805 827 2830 ad
849 2804 998 2838 pristinum

205 2845 343 2873 restitutio
368 2854 421 2874 non
445 2848 503 2876 lieri
528 2853 615 2884 potest
645 2849 796 2877 secundam
821 2849 938 2877 formam
974 2856 1001 2879 et

204 2889 387 2922 imitationem
399 2893 508 2930 fugitivi
533 2899 560 2923 ct
587 2895 711 2931 perversi
733 2896 876 2932 temporis,
899 2897 995 2933 potius

1046 961 1140 995 ἀγῶνα
1159 959 1293 987 ἀπεδύετο
1306 967 1314 976 ·
1329 959 1377 987 καὶ
1391 958 1446 995 πρό
1460 966 1493 993 γε
1506 957 1554 985 τοῦ
1565 957 1700 985 Δεσπότου
1714 958 1729 984 6
1741 957 1846 993 προφή-

1045 1016 1096 1044 της
1122 1007 1226 1039 Ἠλίας,
1243 1005 1379 1037 τοσαύτας
1390 1004 1500 1040 ἡμέρας
1508 1003 1633 1031 διανύσαι
1649 1003 1679 1030 ἐν
1697 1002 1844 1038 νηστείαις

1045 1053 1250 1089 ἀναγέγραπται
1262 1060 1270 1068 ·
1285 1052 1333 1079 καὶ
1353 1051 1394 1078 ἑτι
1410 1051 1464 1086 πρὸ
1485 1049 1593 1076 τούτου.
1609 1049 1731 1084 Μωῡσῆς
1760 1049 1790 1076 ὲν
1807 1048 1845 1083 τῷ

1045 1100 1145 1135 Σιναίῳ
1160 1100 1218 1136 δρει
1241 1099 1323 1135 ἡνίκα
1348 1099 1398 1131 τὰς
1426 1097 1535 1130 πλάκας
1559 1097 1652 1124 θεόθεν
1667 1091 1761 1123 λαϐεῖν
1770 1104 1845 1131 παρα

1046 1147 1210 1179 εσκευάζετο
1226 1153 1234 1161 ·
1253 1146 1270 1179 ἡ
1286 1146 1335 1181 μὲν
1353 1145 1400 1172 οὖν
1428 1144 1543 1180 ζήτησις
1568 1143 1650 1178 αὓτη.
1681 1143 1762 1169 Ἀλλὰ
1789 1143 1846 1177 γὰρ

1045 1193 1096 1230 τὴν
1115 1193 1164 1229 μὲν
1179 1192 1333 1228 βαθυτέραν
1349 1191 1399 1218 καὶ
1413 1189 1640 1226 ἁποῤῥητοτέραν
1668 1189 1758 1216 αίτίαν
1778 1190 1846 1219 iam;

1045 1240 1079 1268 ἄν
1092 1249 1136 1272 τις
1162 1240 1243 1271 ἄλλος
1258 1239 1330 1266 κατὰ
1345 1239 1410 1270 τοὺς
1427 1237 1647 1273 προειρημένους
1669 1236 1771 1272 ἄνδρας
1799 1237 1846 1262 ἁν-

1046 1287 1169 1323 ηγμένος
1182 1295 1213 1313 τε
1238 1286 1288 1313 καὶ
1302 1285 1449 1321 μετάρσιος
1462 1284 1512 1320 τὴν
1527 1284 1644 1319 θεωρίαν
1651 1297 1661 1317 ,-
1676 1283 1850 1319 ὑψηλοτέραν

1046 1343 1075 1360 τε
1091 1333 1140 1360 καὶ
1170 1332 1311 1368 θειοτέραν
1338 1331 1518 1358 ἀποδώσειεν·
1544 1331 1606 1358 ass
1634 1331 1675 1362 είς
1701 1330 1844 1365 ἡμετέραν

1045 1377 1097 1416 ἧκε
1114 1379 1243 1414 μάθησιν,
1261 1377 1389 1414 ἑροῦμεν.
1420 1376 1465 1403 Ἐν
1486 1376 1516 1409 ἓξ
1547 1376 1665 1412 ἡμέραις
1690 1378 1703 1402 ό
1718 1375 1784 1407 Θεδς
1802 1375 1849 1402 τὸν

1047 1425 1169 1460 παρόντα
1183 1424 1230 1450 καὶ
1240 1423 1379 1460 ὁρώμενον
1396 1421 1491 1450 τοῦτον
1517 1423 1621 1457 κόσμον
1632 1421 1744 1456 ἑδημιού
1750 1429 1850 1456 ργησε,

1045 1472 1079 1507 τῇ
1111 1471 1139 1497 δὲ
1156 1470 1261 1506 ἑῦδόμῃ
1288 1469 1446 1497 κατέπαυσε
1466 1468 1515 1504 μὲν
1525 1468 1579 1495 ἀπὺ
1599 1468 1653 1495 τῶν
1675 1467 1766 1503 ἔργων
1802 1467 1850 1494 καὶ

1046 1517 1134 1550 πέρας
1161 1516 1245 1551 έοηκε
1274 1515 1314 1551 τῷ
1342 1515 1568 1551 φιλοτεχνήματι·
1595 1513 1808 1549 συναριθμεῖται
1823 1514 1851 1540 δὲ

1047 1562 1096 1589 καὶ
1118 1561 1189 1597 αὕτη
1212 1563 1272 1594 ταῖς
1288 1561 1341 1596 πρὸ
1367 1561 1452 1596 αὐτῆς
1467 1580 1475 1593 ,
1496 1560 1591 1596 ὥσπερ
1610 1561 1658 1586 καὶ
1681 1560 1758 1586 πᾶσα
1775 1560 1851 1595 ἀρχὴ

1046 1608 1145 1643 χρόνου
1161 1607 1233 1638 τινὺς
1246 1606 1294 1633 καὶ
1309 1606 1396 1642 πέρας
1412 1607 1441 1632 ἑν
1460 1607 1493 1642 τῇ
1510 1605 1712 1642 συναριθμήσει
1729 1605 1784 1631 τῶν
1802 1614 1851 1640 με·

1046 1653 1114 1686 ταξὺ
1154 1652 1463 1688 συμπεριλαμϐάνεται·
1492 1652 1541 1678 καὶ
1563 1653 1577 1679 ὁ
1597 1650 1693 1687 παρὼν
1715 1651 1785 1678 αἰὼν
1802 1652 1852 1686 τῆς

1047 1699 1193 1734 ἑϐδομάδος
1227 1698 1349 1734 συνεχῶς
1374 1698 1616 1734 ἀνακυκλούμενος
1655 1697 1850 1733 ἀπαρτίζεται·

1047 1745 1065 1779 ἡ
1080 1744 1108 1771 δὲ
1122 1744 1218 1778 ὀγδοὰς
1237 1743 1284 1771 τὸν
1306 1743 1441 1779 μέλλοντα
1456 1743 1543 1770 αἰῶνα
1569 1743 1655 1779 δηλοῖ,
1674 1743 1723 1770 καὶ
1748 1743 1799 1771 τὸν
1821 1744 1852 1770 ἐκ

1047 1790 1095 1817 τοῦ
1115 1791 1250 1826 παρόντος
1276 1791 1316 1823 εἰς
1335 1790 1422 1827 ἄλλην
1449 1792 1510 1817 τινὰ
1535 1791 1676 1826 θειοτέραν
1701 1791 1780 1825 λῆξιν
1805 1792 1852 1818 καὶ

1049 1838 1229 1870 κατάστασιν,
1255 1837 1318 1872 ἥτις
1345 1838 1394 1864 καὶ
1423 1838 1520 1871 ὀγδοὰς
1531 1837 1656 1864 καλεῖται
1677 1837 1726 1864 καὶ
1749 1837 1850 1873 πρώτη

1050 1883 1098 1910 καὶ
1118 1882 1178 1918 μίαε
1204 1883 1301 1918 ὀγδοὰς
1329 1883 1378 1918 μὲν
1407 1882 1445 1914 ὡς
1472 1882 1537 1910 ἄλλο
1552 1891 1578 1910 τι
1594 1883 1735 1918 διάστημα
1772 1883 1852 1920 παρὰ

1048 1930 1094 1957 τὸν
1126 1930 1373 1966 συμπληρούμενον
1411 1930 1506 1966 χρόνον
1533 1930 1588 1965 πρὸ
1615 1930 1665 1966 τῆς
1701 1930 1853 1965 ἑϐδομάδος

1049 1976 1221 2012 ὑπάρχουσω
1243 1977 1340 2012 πρώτη
1351 1976 1380 2002 δὲ
1394 1976 1432 2008 ὡς
1444 1975 1517 2012 ἀρχὴ
1538 1975 1608 2003 οὖσα
1631 1976 1737 2011 λήξεως
1751 1977 1852 2012 ἑτέρας

1049 2023 1096 2051 καὶ
1122 2022 1260 2055 πολιτείας
1273 2023 1414 2058 θειοτέρας
1441 2023 1489 2049 καὶ
1523 2023 1677 2058 ἀμείνονος·
1698 2023 1748 2057 μία
1761 2022 1791 2049 δὲ
1816 2023 1852 2055 ὡς

1049 2070 1100 2096 οὒκ
1120 2068 1220 2104 ἔχουσα
1246 2068 1311 2104 μετ’
1335 2068 1432 2104 αὐτὴν,
1447 2067 1545 2104 ἑτέραν
1565 2067 1694 2103 χρονικὴν
1712 2067 1850 2103 περίοδον,

1050 2114 1108 2141 ἀλλ’
1123 2114 1193 2150 αὑτὴ
1208 2114 1397 2150 ἀτελευτὴτως
1431 2114 1593 2150 ὑπάρχουσα
1608 2114 1656 2141 καὶ
1668 2114 1849 2149 διαμένουσα.

1086 2159 1196 2187 Τούτων
1225 2160 1297 2187 οὕτω
1325 2159 1595 2196 προτεθεωρημένων
1611 2161 1689 2195 ἡμῖν,
1721 2160 1781 2187 ὅσοι
1801 2161 1851 2195 μὲν

1052 2205 1170 2242 ἑϐδόμην
1178 2206 1249 2233 κατὰ
1273 2206 1323 2241 τὴν
1343 2206 1480 2242 ἑϐδομάδα
1493 2205 1631 2241 βούλοιντο
1657 2206 1705 2232 τὸν
1737 2207 1852 2241 ρευστὸν

1052 2251 1146 2280 τοῦτον
1167 2251 1264 2288 χρόνον
1282 2252 1329 2279 καὶ
1350 2252 1486 2287 ἐπίκηρον
1508 2252 1558 2279 καὶ
1579 2253 1637 2284 τοῖς
1663 2253 1791 2287 ῥευστοτς
1805 2253 1851 2280 καὶ

1050 2297 1179 2333 φθαρτοῖς
1189 2297 1512 2334 συμπαραμετρούμενόν
1519 2306 1550 2324 τε
1561 2298 1608 2325 καὶ
1617 2299 1851 2335 συμπαραρῤέον-

1049 2350 1094 2375 τα,
1104 2339 1178 2370 οὗτοι
1187 2343 1248 2374 ταῖς
1258 2343 1407 2379 ἁμαρτίαις
1418 2343 1530 2370 καὶτῶν
1542 2343 1637 2371 παθῶν
1652 2345 1685 2379 τῇ
1704 2344 1788 2379 ἀχλύῖ
1803 2345 1850 2376 τὰς

1049 2389 1190 2425 αἰσθήσεις
1201 2389 1290 2421 πάσας
1304 2389 1536 2424 κατεκηλίδωσαν·
1546 2390 1593 2417 καὶ
1601 2390 1687 2425 ἀκοὴν
1700 2390 1754 2424 μὲν
1764 2390 1850 2425 ἔπλη-

1051 2442 1101 2461 σαν
1111 2434 1241 2470 ᾀσμάτων
1247 2434 1382 2470 πορνικιῖω
1390 2435 1500 2462 καὶτῶν
1511 2435 1562 2462 ὅσα
1573 2435 1678 2467 τούτοις
1690 2436 1848 2462 συνέπεται·

1051 2479 1099 2506 καὶ
1112 2479 1173 2514 terg
1189 2479 1240 2514 μὲν
1255 2480 1347 2512 αὐτοῖς
1359 2479 1394 2506 τὰ
1411 2479 1572 2516 ψυχοφθόρα
1596 2479 1732 2515 θεάματα·
1747 2480 1805 2515 ἁφὴ
1823 2480 1850 2506 δὲ

1052 2525 1099 2551 καὶ
1113 2524 1206 2559 γεῦσις
1235 2524 1283 2551 καὶ
1299 2525 1445 2561 ὄσφρησις,
1470 2525 1515 2552 ἵνα
1542 2525 1580 2560 μὴ
1605 2524 1779 2552 καθέκαστον
1808 2526 1850 2551 αἱ-

1049 2570 1195 2606 σθητὴριον
1218 2570 1304 2605 λέγων
1316 2571 1358 2603 εις
1383 2571 1470 2606 μῆκος
1483 2571 1619 2598 ἀποτείνω
1631 2570 1678 2598 τὸν
1701 2571 1794 2605 λόγον,
1812 2570 1851 2602 ei;

1051 2617 1082 2644 ού
1097 2616 1177 2652 θέμις
1202 2617 1425 2652 ἑνδιατρίϐουσιν·
1444 2616 1475 2649 ἑξ
1488 2613 1527 2645 ὧν
1542 2617 1636 2650 αὐτοῖς
1652 2617 1849 2654 ἅκαταχρίτως

1053 2664 1071 2691 ἃ
1088 2673 1116 2691 τε
1133 2664 1151 2699 ἡ
1175 2663 1255 2699 φύσις
1269 2664 1423 2700 παρέσχετο
1444 2664 1493 2691 καὶ
1505 2663 1524 2691 ἃ
1539 2664 1577 2700 μὴ
1593 2664 1664 2697 θεῖος
1677 2664 1761 2700 νόμος
1777 2667 1847 2692 ἑκώ-

1048 2711 1124 2745 λυσε,
1140 2711 1206 2746 περὶ
1219 2710 1308 2738 ταῦτα
1331 2710 1566 2747 ἀναστρέφεσθαι.
1593 2711 1656 2737 Τῶν
1672 2708 1720 2737 οὗν
1733 2713 1764 2738 ἑν
1781 2712 1845 2746 ἡμῖν

1049 2760 1070 2783 ι’
1096 2757 1249 2793 αἰσθήσεων
1270 2757 1358 2789 οὕτως
1388 2758 1595 2794 ἑρῤυπωμένων
1607 2766 1637 2784 τε
1652 2758 1699 2784 καὶ
1725 2757 1844 2792 λελυμιι⁹

1049 2804 1157 2839 σμένων
1183 2804 1236 2830 ὑπὸ
1266 2804 1321 2831 τῶν
1346 2803 1440 2831 παθῶν
1453 2813 1482 2832 τε
1498 2804 1545 2831 καὶ
1562 2803 1611 2839 τῆς
1635 2804 1710 2839 ῥοῆς,
1728 2803 1746 2830 ἃ
1762 2805 1791 2830 ἐν
1811 2804 1846 2838 τῷ

1051 2851 1142 2886 ῥέοντι
1178 2850 1427 2886 προσλαμϐάνομεν
1454 2851 1553 2887 χρόνῳ,
1581 2851 1686 2877 τούτων
1705 2851 1722 2885 ἡ
1740 2850 1842 2878 κάθαρ-

1051 2905 1092 2930 σις
1108 2897 1154 2925 καὶ
1179 2898 1195 2933 ἡ
1223 2898 1262 2930 εἰς
1287 2898 1317 2925 τὸ
1341 2898 1454 2934 ἀρχαῖον
1477 2897 1702 2930 ἀποκατάστασις
1734 2898 1786 2925 οὐχ
1815 2897 1844 2923 ἓν
