1873 3063
55 157 100 189 725

448 158 499 188 AD
520 158 817 189 AMPHILOCH‘IUM
834 158 1007 196 QUIESTIO
1026 160 1140 198 CXXX,
1168 161 1298 192 CXXXI.

1619 161 1677 194 7‘26

56 214 147 249 γένοιτο
172 213 241 241 κατὰ
266 214 312 241 τὸν
328 215 412 242 τύπον
440 217 488 243 καὶ
502 217 552 253 τὴν
567 217 682 253 μίμησιν
701 217 748 244 τοῦ
767 219 830 253 ῥευ-

917 219 946 246 ro'
960 220 1111 247 secundum
1124 220 1324 249 ordinationem
1342 226 1369 250 et
1384 221 1556 256 disciplinam
1573 225 1600 249 et
1613 222 1672 248 τοι--

57 259 110 287 στοῦ
131 260 177 286 καὶ
203 259 443 296 φιλαμαρτήμονος
469 262 575 297 χρόνον
598 263 668 290 κατὰ
684 263 734 298 τὴν
749 264 826 296 τάξιν

55 306 78 332 δὲ
100 305 197 340 μᾶλλον
229 306 276 332 καὶ
312 307 502 342 παιδαγωγίαν
526 309 573 334 καὶ
601 308 754 345 ἐκμίμησιν
780 310 828 336 τοῦ

54 350 162 382 ἀπαθοῦς
187 359 214 377 τε
241 350 290 377 καὶ
317 351 468 387 ἁῤῥεύστου
495 353 542 379 καὶ
569 352 748 388 ἀτελευτήτου
762 353 829 389 χρό-

55 404 93 422 νου
115 403 121 410 ·
148 395 177 421 δν
201 396 215 422 ὁ
250 396 329 431 λόγος
371 397 469 433 μικρὸν
511 397 617 425 ἄνωθεν
660 399 756 434 ὀγδόην
799 407 830 425 τε

55 440 93 466 καὶ
124 439 235 475 πρώτην
265 440 313 467 καὶ
342 441 408 476 μίαν
435 441 556 474 ἐδίδαξεν
596 443 828 478 ἐπονομάζεσθαι.

60 484 126 510 Ἐπεὶ
148 482 193 511 οὖν
221 486 250 512 αι
266 489 286 512 ε’
317 486 459 522 αἰσθήσεις
479 487 561 522 ἡμῶν
588 488 635 514 ἐπὶ
663 488 713 523 τὴν
737 486 833 522 ὀγδοά-

56 529 81 555 δα
92 529 388 567 πολλαπλασιαζόμεναι
400 534 446 573 τὸν
462 536 488 567 μ’
501 533 679 563 ἀποτελοῦσιν
702 534 831 569 ἀριθμόν

55 574 90 600 διὰ
102 574 128 601 δέ
142 575 196 601 τῶν
213 579 233 602 ε’
247 577 399 612 αἰσθήσεων
427 577 520 612 ζῶμεν
535 587 565 604 τε
581 578 629 605 καὶ
650 579 700 611 τὰς
716 579 831 614 πράξεις

55 620 220 657 ἐπιτελοῦμεν
249 622 313 648 ὅσαι
329 631 359 648 τε
386 623 484 657 φαῦλοι
508 624 555 651 καὶ
577 625 640 652 ὅσαι
665 626 705 657 είς
726 625 832 661 ἀρετῶν

56 666 223 701 ἀναφέρονται
237 667 327 701 λόγον,
340 669 454 701 εἰκότως
481 670 526 696 διὰ
553 673 580 705 μ’
599 670 711 706 ήμερῶν
731 671 833 703 ταύτας

56 710 220 746 καθαίρομεν,
239 713 287 739 καὶ
301 713 392 739 πᾶσαν
416 713 513 745 αὐταῖς
540 714 661 750 ἰατρείαν
684 715 833 750 προσάγειν

56 756 242 792 παρελάϐομεν,
255 757 327 784 οὓτω
343 758 414 786 κατὰ
428 759 530 791 ταύτας
544 760 734 787 πολιτεύεσθαι
745 761 783 793 ὡς
799 761 833 788 ἂν

55 802 179 836 ἠόγδοὰς,
201 803 271 831 ἀλλὰ
286 805 324 840 μὴ
348 804 380 831 τὸ
402 805 516 840 ῥευστὺν
529 807 579 842 τῆς
601 806 750 841 ἐὸδομάδος
772 809 834 834 ἐπι-

878 273 950 293 mam
968 266 1146 300 impassibilis
1168 272 1196 294 et
1212 267 1391 296 immutabilis
1414 272 1440 295 et
1458 268 1552 294 :eterni
1567 272 1673 301 tempo-

877 312 927 344 ris,
946 313 1019 347 quod
1049 314 1131 347 paulo
1152 315 1278 349 superius
1301 319 1424 342 octavam
1448 315 1621 350 primamque
1646 319 1674 342 ct

878 366 960 386 unam
981 359 1071 386 vocari
1086 359 1244 388 didicimus.
1264 359 1332 387 Cum
1357 368 1421 395 ergo
1437 361 1556 395 quinque
1575 367 1675 388 sensus

879 405 966 432 nostri
985 413 1031 440 per
1046 409 1170 433 octavam
1188 406 1359 440 multiplicati
1375 406 1554 442 quadraginta
1574 414 1672 433 nume-

881 456 942 476 rum
957 450 1084 483 eillciaut,
1114 458 1161 485 per
1176 451 1298 486 quinque
1312 457 1402 479 autem
1425 459 1523 479 sensus
1537 452 1673 483 vivamus.

881 499 909 522 et
920 495 1041 522 actiones
1056 496 1115 523 sive
1131 501 1236 532 turpes,
1260 497 1318 524 sive
1344 497 1453 525 virtutis
1479 497 1610 524 habentes
1627 504 1673 523 ra-

882 540 986 568 tionem
997 541 1157 574 eﬂiciamus,
1170 543 1267 570 merito
1285 543 1347 571 illos
1359 551 1408 578 per
1422 543 1602 579 quadraginta
1615 542 1675 568 dies

882 586 1070 621 puriﬁcamus,
1087 593 1114 615 et
1127 588 1181 616 illis
1202 596 1311 616 omnem
1338 590 1508 616 sanationem
1525 595 1673 622 procurare

881 634 1059 668 suscipimus.
1073 634 1110 661 ita
1126 635 1187 662 illos
1199 640 1324 670 regentes
1338 640 1368 663 ut
1381 640 1489 667 octava,
1510 638 1539 661 at
1553 641 1608 660 non
1629 633 1674 659 lu-

881 679 964 713 gitiva
981 679 1150 708 hebdomada
1167 681 1266 717 dirigat
1288 685 1315 709 et
1329 682 1453 716 imperet.
1487 679 1556 707 Huic
1581 683 1674 706 autem

882 726 1024 752 sententia!
1049 731 1161 754 sanctus
1196 726 1316 754 Joannes
1342 724 1674 759 Constantinopolitanus,

883 770 911 797 in
934 770 1024 806 aliqua
1050 779 1083 798 ex
1114 772 1172 800 suis
1186 772 1357 800 orationibus
1376 779 1438 807 quze
1453 771 1561 798 titulum
1580 770 1672 802 habet,

883 817 922 846 De
932 818 1047 853 jejunio.
1059 820 1229 858 concordare
1244 825 1271 848 et
1285 821 1430 848 testiﬁcare
1448 819 1565 847 videtur.

56 857 126 893 τάττῃ
145 867 174 885 τε
186 859 235 886 καὶ
249 859 452 895 διακελεύηται·
479 860 566 897 ταύτῃ
581 861 610 888 δὲ
623 861 703 897 ἡμῶν
715 862 750 898 τῆ
783 862 886 898 θεωρίᾳ
916 864 965 890 καὶ
986 865 1001 890 ό
1018 864 1096 899 ἅγιος
1117 866 1245 902 Ἰωάννης
1258 867 1273 893 ὁ
1290 864 1604 894 Κωνσταντινουπόλεως
1637 861 1668 889 ἐν

56 911 97 930 τινι
110 904 160 931 τῶν
176 904 262 931 αὐτοῦ
277 905 365 940 λόγων
376 906 407 936 ὃς
421 907 637 942 ἐπιγέγραπται,
652 908 721 944 Περὶ
731 908 869 944 νηστείας,
888 909 1009 944 συνᾴδων
1020 918 1050 936 τε
1065 910 1112 937 καὶ
1139 911 1403 946 προμαρτυρόμενος
1425 909 1621 936 ἐπιδείκνυται.

301 965 471 992 ΕΡΩΤΗΣΙΣ
489 966 556 993 ΡΛΑ
566 984 575 994 .

263 1010 295 1037 τι
316 1010 435 1045 λέγεται
452 1011 612 1047 ματνῆτις.

845 961 870 991 Β
919 965 1084 999 ΟΠΔΕΞΤῘΟ
1099 966 1208 995 cxxm
1224 966 1320 1003 [σοίει.
1333 966 1422 999 CLIII,
1440 966 1521 994 Taur.
1536 964 1626 1001 CLII].

1149 1013 1221 1046 Quid
1236 1013 1271 1040 sit
1288 1020 1408 1047 ningues.

566 1070 638 1097 Edita
648 1079 662 1097 ε
679 1070 740 1096 Maio
755 1072 830 1103 (Nov.
843 1071 906 1098 Coll.
920 1075 938 1097 l.
950 1072 971 1102 ι,
980 1078 1005 1103 p.
1021 1070 1147 1102 125-127).

81 1121 113 1147 α’.
129 1120 272 1156 Μαγνῆτις
290 1121 359 1157 ὅπερ
374 1122 516 1159 ἐρὼτησας
531 1124 654 1151 καλεῖται
680 1124 697 1159 ἠ
718 1125 764 1151 τὸν
788 1124 830 1151 σί-

55 1165 123 1202 δηρον
142 1167 260 1194 ἕλκουσα
284 1167 375 1199 λίθοςο
389 1169 431 1195 ότι
447 1169 597 1204 Μάγνητας
610 1169 712 1204 ἄνδρας
724 1169 832 1204 λιθοφό-

57 1218 117 1244 ρους.
131 1211 271 1247 ἀρχηγούς
287 1220 355 1247 φησι
369 1213 505 1248 εὑρέσεως
520 1214 605 1249 αὐτῆς
624 1214 762 1249 γενέσθαι,
782 1215 831 1242 καὶ

55 1255 95 1290 τῆς
109 1257 246 1291 ἐνεργείας
258 1258 299 1289 είς
311 1257 414 1291 γνῶσιν
426 1258 513 1285 ἐλθεῖν
522 1267 530 1274 ·
545 1258 699 1294 λιθοφόροις
711 1259 779 1294 γὰρ,
792 1258 830 1291 ὡς

56 1300 126 1333 ἔοικε,
140 1302 274 1337 κρηπῖσιν
286 1302 479 1336 ὑποδεδεμένοι
504 1300 588 1337 οὗτοι,
609 1304 670 1330 ἐπεὶ
692 1304 763 1330 κατὰ.
779 1304 831 1338 γῆς

56 1345 203 1381 σιδηρίτιδος
215 1347 309 1382 ἡρέμα
323 1347 476 1382 βαδίζοντες
491 1348 623 1383 γένοιντο,
642 1349 743 1384 βάρους
758 1349 831 1381 τινὸς

56 1393 94 1418 καὶ
105 1392 282 1428 δυσκινησίαν
298 1394 508 1429 προσεχομένων
524 1394 578 1422 τῶν
598 1395 696 1430 ψήφων
710 1396 767 1427 τοῖς
791 1404 832 1422 σι-

56 1437 144 1473 δηρίοις
159 1439 396 1475 ἀπελαμὸάνοντο
406 1448 413 1455 ·
428 1440 522 1475 θαῦμα
542 1440 572 1467 δέ
593 1441 765 1476 προσπίπτον
784 1442 832 1469 αὑ-

57 1483 113 1514 τοῖς,
124 1485 168 1510 καὶ
184 1484 255 1519 πρὸς
272 1483 387 1519 ζήτησιν
398 1484 448 1519 τῆς
462 1485 550 1516 αἰτίας
561 1485 717 1518 ἀνακινοῦν,
726 1486 776 1521 τὴν
787 1486 833 1512 εὖ·

59 1535 123 1559 ρεσιν
137 1530 289 1564 παρασχεῖν
299 1530 349 1564 τῆς
361 1530 391 1556 ἐν
406 1531 440 1565 τῇ
451 1530 517 1566 λίθῳ
531 1530 673 1565 δυνάμεως
683 1539 689 1546 ·
704 1531 735 1558 οὐ
751 1531 832 1566 μόνον

58 1571 81 1597 δὲ
97 1574 226 1610 μαγνῆτις
249 1575 318 1609 αὕτη
338 1575 482 1608 καλεῖται,
507 1575 576 1602 ἀλλὰ
596 1575 644 1602 καὶ
658 1575 761 1609 Λυδία,
784 1577 833 1603 καὶ

62 1616 205 1653 Ἡράκλεια,
219 1620 268 1646 καὶ
282 1620 422 1655 σιδηρῖτις·
433 1620 474 1646 δεῖ
487 1620 542 1656 γάρ
557 1628 597 1647 σοι
611 1621 834 1655 σπουδαιολογου-

60 1662 121 1697 μένῳ
142 1665 206 1700 περὶ
229 1664 327 1697 ταῦτα,
354 1665 403 1692 καὶ
417 1665 490 1700 ἡμᾶς
514 1664 831 1701 προσφιλοτιμήσασθαι·

60 1707 119 1734 ἀλλὰ
137 1710 190 1745 γὰρ
207 1710 341 1745 σιδηρῖτις
356 1710 408 1744 μὲν
429 1710 484 1737 ἀπὸ
497 1712 547 1746 τῆς
564 1711 706 1746 ἐνεργείας
719 1709 753 1748 ἧς
767 1712 832 1748 περὶ

917 1124 945 1151 1.
963 1123 1073 1159 Magnos
1096 1123 1129 1150 de
1143 1129 1199 1157 quo
1214 1129 1257 1148 me
1275 1121 1426 1155 interrogas
1438 1140 1445 1152 ,
1476 1119 1576 1146 dicitur
1604 1119 1674 1154 lapis

882 1169 987 1197 ferrum
1000 1169 1112 1196 trahens
1129 1176 1136 1195 :
1164 1167 1229 1202 quia
1258 1166 1387 1201 Magnesii
1406 1165 1530 1192 homines
1547 1164 1618 1191 hunc
1631 1165 1672 1190 la-

882 1215 970 1249 pidem
986 1214 1160 1249 gestitantes,
1187 1212 1226 1239 rei
1243 1211 1397 1239 inventores
1416 1210 1540 1237 feruntur
1558 1209 1674 1243 ejusque
1704 1243 1707 1245 _

881 1260 935 1286 vim
949 1258 1029 1293 primi
1047 1257 1177 1285 sensisse.
1203 1255 1272 1282 Nam
1289 1254 1414 1289 lapideis,
1430 1259 1460 1281 ut
1477 1252 1606 1280 credibile
1619 1256 1673 1283 cst,

882 1304 999 1338 crepidis
1014 1302 1114 1334 induti,
1140 1302 1205 1329 dum
1221 1301 1318 1328 tellure
1333 1299 1407 1328 ferro
1423 1300 1581 1326 abundante
1600 1297 1673 1324 lentc

882 1349 1051 1380 incederent,
1077 1346 1276 1382 ponderitatem
1305 1345 1399 1372 nescio
1429 1351 1511 1379 quam
1528 1347 1675 1376 motusque

882 1394 1085 1425 dillicultatem,
1117 1392 1282 1420 haerentibus
1312 1391 1384 1418 ferro
1417 1390 1538 1424 lapillis,
1569 1388 1674 1422 experti

883 1445 957 1468 sunt.
974 1439 1024 1466 Rei
1051 1438 1184 1466 miraculo
1208 1437 1336 1465 commoti
1353 1441 1434 1473 atque
1456 1435 1490 1462 ad
1512 1441 1604 1461 causa:
1627 1441 1675 1459 ve-

883 1485 1054 1519 stigationem
1071 1483 1192 1519 impulsi.
1202 1483 1257 1510 vim
1273 1482 1353 1517 lapidi
1372 1482 1484 1509 insitam
1498 1487 1557 1508 esse
1572 1487 1674 1514 cogun-

883 1533 990 1556 verunt.
1004 1529 1097 1563 Neque
1112 1536 1225 1563 magnes
1239 1526 1429 1555 tantummodo
1444 1526 1488 1552 hic
1499 1525 1568 1559 lapis
1584 1523 1676 1557 appot-

884 1575 965 1609 latur,
983 1582 1078 1602 verum
1093 1574 1176 1602 etiam
1192 1573 1281 1609 lydius
1297 1577 1325 1600 et
1344 1571 1480 1600 heraclius
1492 1577 1518 1597 et
1536 1569 1675 1597 sidt-riti-s.

883 1619 951 1647 Nam
984 1620 1034 1647 tibi
1057 1620 1091 1647 de
1117 1621 1169 1647 hoc
1193 1619 1328 1647 vocabulo
1359 1621 1488 1645 accurate
1515 1615 1675 1650 inquirenti,

883 1673 991 1701 mquam
1018 1670 1061 1693 est
1088 1673 1140 1693 nos
1166 1665 1224 1700 pari
1238 1664 1384 1692 Sedulitate
1413 1661 1594 1698 respondere.
1611 1660 1674 1688 Jam

884 1712 1005 1740 sideritat
1015 1719 1114 1739 nomen
1132 1720 1146 1738 a
1161 1712 1186 1738 vi
1196 1711 1256 1746 ejus
1271 1718 1353 1745 quam
1369 1717 1432 1744 erga
1453 1709 1555 1736 l‘errum
1574 1714 1675 1741 expro-

58 1753 86 1778 τὰ
99 1754 201 1790 σιδήρια
223 1755 408 1783 ἐνδείκνυται·
425 1757 450 1782 εἰ
474 1755 610 1791 βούλειδέ
632 1756 679 1783 καὶ
704 1757 758 1783 ἀπὸ
781 1758 830 1793 τῆς

921 1763 931 1785 ι
954 1757 1007 1785 dici
1035 1761 1165 1784 constat:
1198 1756 1249 1788 vel.
1283 1756 1306 1783 si
1334 1755 1432 1786 mavis,
1460 1755 1544 1781 etiam
1563 1753 1597 1779 ab
1614 1753 1676 1785 ejus

59 1798 147 1832 ὅψεως·
172 1801 231 1836 ἔχει
246 1801 299 1835 γάρ
314 1810 340 1827 τι
356 1802 475 1837 ἐμφερὲς
490 1802 562 1829 κατὰ
581 1802 631 1838 τὴν
655 1802 738 1838 χρόαν
753 1803 832 1839 ἀργῷ

59 1844 97 1870 καὶ
109 1844 178 1872 οὔπω
192 1846 405 1882 διακαθαρθέντι
427 1847 545 1883 σιδήρῳ·
560 1848 629 1875 ἀλλὰ
649 1850 696 1875 καὶ
715 1849 783 1876 διότι
802 1849 832 1882 ἐξ

58 1889 132 1924 ἀρχῆς
146 1891 279 1926 εὑρῆσθαί
303 1900 369 1926 φασι
386 1892 471 1928 αὐτὴν
495 1894 551 1925 τοῖς
571 1893 619 1921 τοῦ
648 1895 759 1929 σιδήρου
781 1903 831 1930 με-

59 1935 152 1968 τάλλοις
164 1938 406 1973 ἀναμεμιγμένην*
426 1938 575 1972 Ἡράκλεια
590 1939 619 1966 δὲ
638 1939 675 1971 ὡς
691 1941 740 1974 μέν
759 1948 831 1967 τισιν

58 1978 118 2012 εδοξε
134 1981 176 2008 διὰ
190 1983 223 2009 τὸ
248 1983 358 2018 ἰσχυρὸν
370 1983 420 2018 τῆς
431 1983 514 2018 ὁλκῆς
528 1985 576 2011 καὶ
592 1985 743 2020 κρατερόν·
763 1986 832 2020 μᾶλ-

59 2024 94 2051 ὶον
105 2026 124 2053 δ’
139 2027 170 2055 ἄν
186 2028 285 2064 ῥηθείη
300 2029 350 2064 τὴν
371 2029 532 2065 ἐπωνυμίαν
547 2030 649 2063 ἕλκειν,
674 2031 742 2058 διότι
765 2031 832 2067 περὶ

63 2070 214 2107 Ἡράκλειαν
227 2074 259 2100 τὸ
272 2075 434 2110 πρᾶηον,ὥς
443 2084 536 2110 φασιν,
552 2076 638 2112 ἐφάνη
649 2084 656 2091 ·
666 2075 831 2113 Ἡράκλειαν

57 2115 81 2142 δὲ
100 2118 122 2144 οί
139 2119 187 2153 μὲν
208 2120 260 2155 τὴν
278 2121 307 2146 ὲν
334 2121 427 2157 Πόντῳ
452 2122 630 2158 ἱστορήκασι·
648 2124 704 2154 τοῖς
718 2123 746 2150 δέ
766 2124 783 2159 ὴ
802 2124 832 2150 ἐν

59 2161 208 2201 Σαμοθράκῃ
221 2166 311 2198 ἔδοξεν
320 2173 327 2181 ·
342 2167 396 2194 εἰσὶ
409 2167 438 2194 δέ
454 2164 495 2199 οἷς
506 2168 588 2204 ἐτέρα
601 2168 651 2203 τῆς
665 2169 830 2204 μαγνήτιδος

59 2206 209 2243 ήσιδηρίτις
235 2210 393 2244 νομίζεται·
420 2212 455 2247 ἢν
476 2212 522 2238 καὶ
540 2211 672 2247 λαμπρὰν
694 2213 764 2245 ὅλως
782 2214 832 2240 καὶ

59 2249 143 2287 διαυγῆ
158 2263 240 2288 φασιν
257 2254 394 2288 εἷναι,καὶ
410 2259 607 2293 μαρμαρυγαῖς
619 2259 832 2294 ἀργυριζούσαις

61 2300 254 2335 χιρασσομὲνην
268 2301 303 2327 δι’
316 2301 378 2328 ὅλου
391 2302 438 2329 τοῦ
453 2302 596 2339 σώματος·
611 2304 654 2340 εῑη
671 2305 700 2331 δὲ
716 2305 763 2331 καὶ
776 2306 833 2332 Λυ-

62 2339 98 2366 δὲα
108 2343 153 2376 τὴν
171 2344 279 2379 κλῆσιν,
298 2346 363 2379 ἴσως
376 2347 432 2374 ἀπὸ
448 2348 498 2383 τῆς
521 2349 616 2385 πόῤῥω
632 2339 762 2385 πατρίδος
777 2350 833 2378 τῶν

882 1803 971 1838 specie
985 1811 993 1830 :
1009 1807 1051 1831 est
1066 1804 1138 1830 enim
1152 1803 1272 1838 ejusdem
1293 1802 1369 1828 color
1383 1808 1466 1835 prope
1481 1800 1580 1828 similis
1596 1807 1678 1827 nam-

882 1849 932 1877 rali
960 1849 1139 1884 nondumque
1162 1848 1293 1876 defaecato
1318 1847 1408 1874 ferro:
1429 1851 1486 1874 tum
1511 1847 1593 1873 etiam
1611 1847 1676 1881 quia

881 1895 1016 1930 principio
1043 1895 1184 1922 inventum
1214 1894 1300 1921 fuisse
1325 1892 1437 1920 tradunt
1462 1891 1527 1919 ferri
1561 1893 1675 1919 metallo

881 1945 1049 1969 concretum.
1082 1940 1151 1967 Tum
1178 1939 1316 1967 heraclius
1331 1938 1470 1966 nonnullis
1483 1938 1536 1965 dici
1556 1938 1674 1969 videtur,

882 1988 916 2014 ob
932 1986 1086 2014 attrahendi
1103 1986 1157 2013 vim
1171 1985 1290 2013 validam
1313 1989 1340 2012 et
1365 1985 1497 2019 vigorem.
1523 1983 1575 2011 Sed
1600 1983 1674 2010 enim

882 2033 988 2068 aequius
1003 2032 1212 2067 appellationem
1233 2031 1347 2059 sortitus
1370 2030 1496 2063 videtur,
1519 2029 1584 2064 quia
1600 2029 1674 2056 circa

883 2078 1040 2107 Heracleam
1065 2078 1152 2113 primo
1175 2081 1339 2113 conspectus
1361 2076 1472 2104 dicitur.
1494 2075 1578 2103 Porro
1594 2075 1674 2102 Ilera-

882 2125 967 2153 cleam
983 2125 1028 2152 alii
1044 2124 1123 2151 Ponti
1140 2117 1264 2156 traduni,
1295 2124 1342 2151 alii
1362 2122 1569 2150 Samothracia}.
1597 2121 1675 2149 Nou—

883 2171 950 2200 nulli
961 2171 1120 2199 existimant
1130 2171 1269 2198 diversum
1280 2178 1342 2198 esse
1357 2177 1373 2197 a
1385 2174 1511 2205 magnete
1526 2169 1650 2196 sideritin
1664 2176 1674 2195 :

883 2223 964 2251 quem
993 2219 1160 2250 postremum
1185 2215 1358 2250 splendidum
1397 2219 1424 2241 et
1467 2221 1676 2249 quaquaversus

883 2263 1021 2289 lucentem
1047 2262 1134 2294 aiunt,
1159 2260 1352 2296 argenteisque
1376 2259 1462 2287 radiis
1489 2263 1546 2286 toto
1560 2267 1676 2292 corpore

883 2308 1054 2343 insignitum.
1082 2306 1204 2341 Denique
1225 2310 1252 2333 et
1266 2313 1364 2333 nomen
1382 2305 1482 2341 lydius,
1515 2304 1557 2331 vel
1582 2311 1597 2330 a
1615 2304 1675 2330 lon-

885 2354 984 2389 ginqua
1008 2353 1116 2380 illorum
1142 2353 1228 2387 patria
1260 2351 1375 2378 inditum
1401 2354 1454 2382 est,
1482 2349 1528 2384 qui
1547 2349 1673 2376 virtutem

64 2387 242 2426 ἐφευρηκότων
253 2393 338 2429 αὐτῆς
351 2394 400 2430 τὴν
419 2395 560 2431 ἐνέργειαν
569 2403 577 2412 ³
600 2397 616 2433 ἢ
631 2397 695 2424 εἴτι
711 2397 776 2425 ἄλλο
788 2407 831 2430 τις

917 2407 941 2427 is
958 2399 1213 2434 deprehenderunt;
1235 2398 1276 2425 vel
1304 2398 1337 2425 de
1363 2398 1414 2424 hac
1429 2404 1458 2424 re
1472 2397 1581 2431 quidvis
1600 2395 1674 2423 aliud

64 2433 108 2479 ξιπὺ
116 2437 160 2463 τοῦ
172 2438 307 2472 πελάγους
323 2440 373 2475 τῆς
385 2440 522 2478 ἀρχαϊκῆς
535 2442 655 2478 ἱστορίας
673 2444 768 2479 καιρὸν
781 2443 830 2471 λά-

64 2477 97 2505 θοι
108 2481 285 2517 ἀναλέξασθαι
300 2485 369 2522 (96).

883 2452 918 2473 ex
932 2445 1051 2480 antiquae
1069 2443 1191 2472 historia:
1207 2443 1357 2471 verticibus
1380 2443 1517 2478 cxpiscari
1535 2450 1584 2478 pro
1597 2443 1678 2470 libito

888 2491 959 2518 licet.

805 2565 920 2595 ΝΟΤιΕ.

80 2642 147 2682 ,(96)
160 2645 232 2674 later
245 2650 351 2675 veteres
369 2651 496 2682 auctores
519 2647 587 2674 satis
601 2646 654 2674 erit
674 2647 766 2674 videre
778 2646 833 2674 Pli-

65 2680 188 2721 [lintn_lib.
203 2689 281 2714 xxvv,’
293 2686 361 2721 sect.
376 2681 421 2714 25,
437 2681 471 2709 de
492 2687 618 2721 magnete
635 2689 692 2721 μου
707 2683 834 2721 sine_co-

66 2714 101 2754 lli!
114 2714 302 2754 disserentem.
317 2716 385 2754 Nam
406 2714 572 2754 recentiores
585 2716 754 2754 Kirkerium,
771 2716 834 2744 Sal-

66 2751 183 2788 masium,
207 2751 376 2778 Gasseudum
390 2771 398 2783 ,
421 2751 834 2788 reiquephysicaeliodiernos

67 2786 200 2821 magistros
210 2793 427 2813 commemorare
441 2786 507 2820 quid
526 2786 656 2813 interest?
671 2786 729 2813 Vim
743 2792 832 2814 tamen

67 2813 137 2856 hylas
152 2820 246 2854 lapidis
269 2813 467 2856 ignorat/erunt
493 2821 656 2856 praecipuam
677 2822 760 2855 prisci
785 2830 833 2848 an-

67 2854 154 2887 etores,
175 2863 245 2890 quos
266 2854 339 2885 inter
355 2855 480 2890 Photius,
494 2854 707 2885 demonstrandi
730 2857 836 2885 scilicet

884 2647 1061 2674 meridianam
1088 2648 1199 2679 lineam,
1217 2647 1334 2682 ideoque
1354 2651 1382 2674 et
1405 2646 1538 2674 arcticum
1556 2646 1647 2681 polum
1666 2655 1674 2673 :

884 2690 916 2709 ex
944 2690 998 2717 qua
1020 2683 1114 2710 notitia
1141 2691 1184 2710 res
1209 2683 1318 2710 nautica
1342 2682 1517 2709 incredibiles
1545 2682 1676 2708 ιιιίΙιιιιιι-ιι

883 2718 1014 2752 percepit.
1029 2720 1163 2746 (Da-terum
1175 2717 1279 2745 Plinius
1293 2717 1461 2752 prohahilius
1475 2717 1540 2744 dicit
1559 2717 1676 2752 ferratas

883 2751 1024 2786 pastorum
1040 2753 1166 2787 crepidas
1185 2751 1335 2780 adluesiSse
1356 2752 1486 2787 tnagneti,
1503 2759 1584 2786 quam
1602 2751 1676 2778 l’ho-

883 2789 938 2850 trius
962 2789 1000 2828 ait
1025 2788 1193 2824 magneticas
1208 2789 1339 2823 icrcpidas
1362 2786 1510 2816 cohaesisse
1525 2795 1588 2814 cum
1616 2786 1676 2815 solo

899 2830 1013 2850 errario.

899 2830 1013 2851 errario.
