1873 3063
197 168 250 200 727

776 165 889 197 PHOTI
892 165 907 196 Ι
925 164 1025 197 PATR
1031 164 1182 198 [ARCHIE
1193 170 1250 200 ΟΡ.

1778 175 1842 208 7i"?

232 227 261 254 ‘2.
278 225 362 252 Porro
382 229 473 252 autem
498 224 577 252 decet
600 231 651 251 nos
676 225 858 252 attrahentem
890 218 988 260 lapidis

1080 227 1110 261 β’.
1125 227 1191 262 (96‘)
1209 228 1364 264 ’Δλλ“ἡμᾶς
1377 237 1410 264 γε
1424 230 1561 266 προσήκει
1576 232 1624 268 τὴν
1639 233 1766 271 ἑλκτικὴν
1782 236 1840 269 τῆς

200 270 281 303 hujus
296 270 422 296 virtutem
439 268 646 295 considerantes
661 274 744 303 atque
753 270 938 304 sympathiam
955 277 988 298 ac

199 315 281 342 vclnti
296 321 418 341 amorem
434 319 532 341 natura
545 314 634 342 eidem
657 322 721 349 erga
736 314 838 342 ferrum
860 315 988 348 inditum,

199 359 408 386 admirationem
437 364 557 387 nostram
580 360 613 387 ad
628 361 778 388 crcationis
793 361 926 395 optimum
943 368 990 389 ar-

197 405 344 432 chitectum
385 405 470 432 Deum
512 405 689 434 transferre:
720 407 823 441 pudere
847 412 938 435 autem
955 408 990 436 ob

198 459 289 478 rerum
320 451 519 478 insensibilium
546 460 646 479 nexum
672 457 754 486 atque
787 454 988 488 eompaginem,

198 498 263 524 dum
280 505 330 524 nos
344 497 450 525 interim
477 498 523 533 qui
540 499 647 526 ratione
670 499 800 534 pricditos
824 506 873 526 nos
888 499 990 534 gloria-

199 551 272 575 mur,
288 543 484 571 benevolentia:
496 545 656 579 amorisque
669 544 808 572 vinCulum
823 543 896 572 haud
914 552 991 580 atque

199 596 341 615 servamus
370 597 378 615 :
407 594 435 616 et
471 589 582 623 quidem
616 589 717 616 diserte
743 589 844 622 edocti,
862 590 990 624 quamvis

201 636 271 664 forte
294 644 379 671 genus
411 644 493 664 omne
522 638 653 664 virtutum
679 637 815 672 complexi
843 638 989 670 fuerimus,

200 683 302 717 absque
315 687 409 710 mutua
425 684 558 711 charitate
584 684 758 718 spiritalique
782 685 833 711 hoc
851 692 945 712 amore
959 691 992 712 ac

199 729 320 759 vinculo,
336 728 394 756 fore
409 734 438 756 ut
451 730 529 757 nobis
542 730 634 756 omnia
647 729 760 757 ellluant
773 736 804 758 ac
814 731 983 765 dispeream.

205 773 357 809 Ceteroqui
381 775 452 803 alius
476 775 569 802 nescio
585 775 648 810 quis
663 774 817 803 celebratur
836 775 906 809 lapis
923 783 992 803 con-

200 819 313 846 trariam
330 820 460 853 praedicto
484 822 538 847 vim
565 821 691 852 sortitus,
720 821 766 855 qui
781 821 901 848 nondum
922 820 992 856 lapis

199 865 234 892 ad
251 873 326 893 meas
348 870 448 894 manus
464 867 550 894 venit.
580 865 658 894 Hunc
673 866 751 894 aiunt
764 867 919 901 proximum
935 867 993 894 l'cr-

1040 270 1113 297 λίθου
1125 272 1228 306 ταύτης
1249 273 1364 308 δύναμιν
1382 274 1607 308 διασκοποῦντας.
1624 279 1672 304 καὶ.
1694 270 1839 315 τὴννσυμ-

1040 317 1167 349 πάθειαν,
1191 319 1243 345 καὶ·
1262 318 1306 345 τὸν
1322 317 1378 348 οἷον
1396 320 1486 355 ἔρωτα
1501 322 1530 349 ὃν
1549 323 1565 357 ἡ
1583 323 1664 358 φύσις
1675 326 1745 361 αὐτῇ
1762 326 1841 361 πρὸς

1039 362 1085 389 τὸν
1101 363 1210 399 σίδηρον
1226 364 1368 400 ἐνέθηκεν,
1384 366 1551 399 ἀγάλλεσθαι
1569 369 1617 404 μὲν
1633 370 1682 404 τῆς
1698 371 1842 406 δημιουρ-

1040 407 1103 442 γίας
1119 408 1167 435 τὸν
1180 409 1377 446 ἀριστοτέχνην
1389 412 1465 446 Θεὸν,
1475 413 1654 448 αἰσχύνεσθαι
1671 415 1698 441 δὲ
1714 418 1764 451 τὴν
1776 417 1840 443 τῶν

1040 453 1215 489 ἀναισθήτων
1234 454 1415 491 ἀλληλουχίαν
1430 456 1478 484 καὶ
1500 458 1648 493 συνάφειαν
1659 467 1666 474 υ
1679 461 1793 486 ἐπειδὰν
1812 462 1840 487 al

1040 499 1111 534 λόγῳ
1135 499 1298 534 τιμηθέντες
1322 501 1402 536 ἡμεῖς
1428 503 1475 529 τὸν
1501 502 1551 538 τῆς
1571 502 1765 540 φιλοστοργίας
1784 506 1842 533 καὶ

1041 544 1152 580 ἀγάπης
1177 545 1277 581 δεσμὸν
1299 547 1353 572 οὐδ’
1369 547 1470 582 ὁμοίως
1492 549 1609 582 ἐκείνοις
1632 550 1839 586 φυλάττωμεν·

1041 589 1128 616 καίτοι
1150 598 1183 624 γε
1216 591 1310 626 σαφῶς
1324 591 1535 628 διδασκόμενοι,
1552 593 1590 624 ὡς
1615 595 1640 620 εἰ
1664 595 1712 620 καὶ
1739 596 1841 630 πάσης

1041 635 1144 670 ἀρετῆς
1160 632 1229 668 εἶδος
1244 636 1340 672 εῐημεν
1355 637 1600 674 περιειλημμένοι,
1623 639 1688 666 ἄνευ
1713 641 1766 676 τῆς
1795 642 1841 672 εἰς

1042 679 1175 716 ἀλλήλους
1188 681 1300 718 ἀγάπης
1314 681 1361 708 καὶ
1377 682 1425 710 τοῦ
1447 682 1634 719 πνευματικοῦ
1656 685 1754 712 τούτου
1772 686 1840 719 φῦ.-

1041 733 1108 760 τρου
1124 727 1171 752 καὶ
1182 727 1296 762 δεσμοῦ,
1313 727 1401 755 πάντα
1415 728 1483 764 ἡμῖν
1498 729 1670 765 διαρῤυἲσκει
1693 732 1741 758 καὶ
1758 732 1840 766 οἴχε-

1041 779 1101 798 ται·
1116 772 1140 799 εί
1156 772 1184 799 δὲ
1203 773 1249 799 καὶ
1266 773 1347 808 ἐτέρα
1369 782 1412 805 τις
1433 774 1543 808 λέγεται
1563 775 1635 807 λίθος
1653 777 1779 803 ἐναντίαν
1802 779 1841 811 τῇ

1042 817 1214 854 προκειμένῃ
1228 817 1277 854 τὴν
1290 819 1371 853 φύσιν
1391 819 1524 854 λαχοῦσα,
1540 817 1574 857 ἦς
1588 821 1669 856 ἡμεῖς
1686 821 1736 857 μέν
1756 822 1843 848 οὔπω

1042 863 1082 894 είς
1097 865 1198 898 πεῖραν
1211 864 1352 899 ἀφίγμεθα
1367 865 1427 900 (τὴν
1442 865 1468 893 δέ
1481 874 1567 900 φασιν
1580 867 1751 894 ἀπωθεῖσθαι
1763 869 1840 902 αὑτῇ

200 917 261 937 rum
276 911 413 946 repellere.
429 911 519 946 Atque
533 912 577 939 hic
589 911 691 946 pariter
702 911 764 940 usui
773 915 867 939 nostro
880 917 990 939 accom-

1080 910 1238 945 ηοσαγόμενα
1252 911 1287 937 τὰ
1303 910 1424 946 σιδήρια)
1445 912 1494 938 καὶ
1507 911 1587 938 τοῦτο
1601 911 1736 948 ἡμέτερον
1747 921 1755 928 ·
1773 913 1840 939 οὐδὲ

200 957 327 984 modulus
343 961 394 984 est.
409 956 479 984 Nam
503 958 552 992 qui
575 957 707 992 spiritalis
721 957 865 985 charitatis
881 957 991 984 vinculo

200 1002 308 1036 generis
333 1003 419 1030 nostri
451 1003 627 1031 consortibus
659 1003 780 1038 copulari
807 1003 992 1039 conjungique

199 1048 342 1081 debemus,
366 1048 448 1076 iidem
475 1049 611 1076 interdum
636 1049 758 1077 aversari
784 1049 845 1077 illos
858 1050 992 1077 debemus

200 1097 284 1128 atque
303 1095 433 1127 repellere
449 1104 455 1121 :
489 1102 587 1130 nempe
605 1103 667 1122 cum
682 1096 733 1130 ipsi
752 1096 945 1123 scandalorum
966 1100 992 1123 et

202 1139 432 1168 olle-ridiculorum
445 1141 534 1169 instar
552 1141 651 1174 cﬂ'ecti,
677 1142 757 1170 nobis
774 1142 801 1169 in
819 1142 863 1169 via
881 1142 991 1176 pietatis

200 1185 396 1220 impedimento
413 1190 499 1221 sunt;
526 1187 569 1214 vel
592 1194 654 1214 cum
678 1187 811 1214 virtutum
834 1187 992 1215 subvertere

198 1237 231 1258 ac
250 1231 415 1266 detorquere
433 1240 545 1266 gressus
562 1232 699 1260 nituntur.
716 1232 744 1260 Id
759 1234 831 1260 enim
850 1233 992 1260 Dominico

199 1276 280 1304 etiam
291 1276 373 1304 eﬂ‘alo
401 1277 571 1312 praecipitur,
587 1285 686 1313 nempe
707 1278 729 1307 si
745 1279 808 1313 quis
823 1277 865 1306 vel
879 1278 991 1306 amicis-

200 1322 288 1349 simus
304 1323 345 1349 \el
360 1330 467 1350 summa
482 1324 685 1351 necessitudine
711 1324 832 1358 junctus,
859 1323 992 1359 nobisque

200 1368 227 1394 in
243 1369 371 1396 civilibus
386 1369 486 1397 studiis
501 1377 533 1397 ac
551 1369 678 1405 negotiis,
707 1368 781 1398 haud
808 1378 889 1398 secus
908 1378 991 1405 quam

199 1414 293 1441 dexter
317 1415 414 1443 oculus
448 1416 491 1443 vel
516 1415 611 1443 dextra
637 1424 757 1450 manus,
780 1416 856 1444 utilis
885 1416 991 1450 fuerit,

199 1460 382 1489 nihilominus
401 1462 476 1489 hunc
491 1470 602 1498 quoque
618 1463 688 1491 velis
709 1462 848 1498 remisque
862 1470 923 1490 esse
942 1461 991 1490 de-

200 1507 352 1535 vitandum.

217 1563 382 1596 ρυΑςεΤιο
396 1565 525 1594 CXXXII.
543 1566 636 1602 [CoisL
653 1566 744 1599 CLIV,
771 1566 853 1593 Taur.
867 1565 971 1602 CLlll.]
1004 1573 1028 1604 α

202 1610 319 1648 Quinam
331 1612 435 1648 vocari”
446 1612 541 1640 debent
564 1614 670 1644 τεκνία,
684 1619 708 1640 et
732 1614 778 1648 qui
804 1618 864 1640 sunt
882 1613 989 1648 παιδία,

235 1647 310 1680 quive
324 1647 396 1673 olei?
414 1647 447 1673 Et
466 1655 517 1681 quo
546 1656 623 1675 sensu
650 1650 713 1675 dicit
737 1649 831 1675 l’elrus
843 1657 853 1675 :
875 1658 884 1675 ‹
901 1647 992 1675 Haba-

237 1689 296 1708 mus
308 1690 453 1709 sermonem
469 1683 650 1717 propheticum
666 1684 822 1718 [irntiarenu
842 1693 851 1709 ι

1042 957 1096 992 γὰρ
1111 957 1166 983 οὐδ’
1184 958 1265 991 ἡμεῖς
1288 957 1370 992 μόνον
1388 957 1428 993 τῷ
1451 958 1544 994 δεσμῷ
1567 959 1618 994 τῆς
1644 961 1841 995 πνευματικῆς

1042 1003 1152 1037 ἀγάπης
1165 1002 1310 1037 ὀφείλομεν
1325 1003 1446 1037 ἡνῶσθαι
1468 1003 1516 1030 καὶ
1531 1003 1703 1031 συνδεδέσθαι
1719 1005 1791 1040 πρὸς
1808 1006 1842 1031 τὸ

1042 1047 1189 1082 ὁμόφυλον,
1214 1047 1272 1074 ἀλλ’
1295 1047 1352 1075 ἐσθ’
1366 1049 1410 1077 ὅτε
1428 1049 1476 1076 καὶ
1498 1049 1619 1076 ἀπωθεῖν
1636 1051 1683 1076 καὶ
1701 1050 1841 1086 ἐκτρέπε-

1044 1092 1105 1119 σθαι
1118 1101 1125 1107 ·
1152 1093 1263 1119 ἐπειδὰν
1290 1093 1446 1120 σκανδάλων
1473 1094 1519 1121 καὶ
1544 1095 1768 1130 προσκομμάτων
1786 1097 1842 1122 ὑπ-

1042 1138 1167 1170 ελθόντες
1191 1138 1249 1173 βίον
1274 1138 1401 1174 ἐμποδὼν
1420 1139 1598 1175 ἐπιχειρῶσιν
1615 1140 1741 1167 ἵστασθαι
1767 1142 1840 1176 πρὸς

1032 1184 1092 1222 *τὰς
1107 1184 1156 1218 τῆς
1171 1184 1313 1216 εὐσεϐείας
1335 1184 1458 1219 τρίϐους,
1472 1184 1489 1220 ἢ
1504 1185 1567 1217 τοὺς
1579 1184 1634 1212 τῶν
1648 1186 1755 1221 ἀρετῶν
1768 1186 1841 1213 ὑπο-

1044 1229 1179 1262 σκελίζειν
1195 1230 1243 1257 καὶ
1265 1230 1440 1267 διαστρέφειν
1464 1230 1592 1267 δρόμους.
1608 1232 1694 1259 Τοῦτο
1713 1233 1769 1268 γὰρ
1789 1233 1842 1260 καὶ

1043 1275 1073 1301 τὸ
1096 1275 1236 1310 Κυριακὸν
1254 1276 1393 1304 ἐπιτάττει
1417 1278 1522 1313 λόγιον·
1547 1279 1585 1311 ὡς
1610 1281 1635 1307 ει
1659 1279 1704 1307 καί
1729 1289 1772 1312 τις
1794 1283 1843 1317 εἴη

1043 1320 1128 1355 φίλων
1149 1320 1196 1348 καὶ
1223 1321 1330 1349 οἰκείων
1347 1323 1361 1350 ὁ
1376 1324 1511 1359 μάλιστα.
1529 1325 1599 1353 ὥστε
1620 1327 1668 1355 καὶ
1693 1330 1844 1363 συνεργεῖν

1043 1367 1109 1402 ἡμῖν
1122 1367 1162 1399 εἰς
1173 1368 1222 1400 τὰς
1237 1369 1379 1401 πολιτικὰς
1395 1370 1512 1406 θεωρίας
1527 1379 1557 1398 τε
1572 1372 1619 1398 καὶ
1635 1372 1764 1408 πράξεις,
1788 1374 1838 1400 ἴσα

1044 1415 1092 1441 καὶ
1119 1414 1251 1450 ὀφθαλμῷ
1275 1415 1355 1451 δεξιῷ
1380 1417 1428 1444 καὶ
1448 1418 1521 1453 χειρὶ
1541 1418 1628 1454 δεξιᾷ,
1651 1419 1699 1445 καὶ
1723 1420 1843 1451 τούτους

1044 1461 1190 1496 ἐκτέμνειν
1222 1461 1270 1488 καὶ
1302 1462 1510 1498 ἀποτρέπεσθαι
1540 1465 1575 1501 τῇ
1612 1464 1690 1502 πάσῃ
1720 1464 1844 1501 δυνάμει

1045 1508 1146 1545 χρεών.

1308 1567 1473 1593 ΕΡΩἸῊΣΙΣ
1485 1566 1568 1594 ΡΛΒ¹.

1047 1611 1078 1639 Τί
1089 1611 1136 1638 δεῖ
1148 1611 1254 1639 καλεῖν
1272 1611 1374 1642 τέκνα,
1389 1612 1438 1639 καὶ
1455 1612 1528 1639 ποῖα
1548 1611 1670 1644 παιδία,
1688 1612 1738 1639 καί
1754 1612 1846 1647 τινας

1080 1647 1165 1680 υἱούς
1173 1655 1183 1683 ,j
1198 1646 1261 1679 Kal,
1274 1648 1302 1673 τι
1310 1648 1391 1683 λέγει
1400 1647 1512 1683 Πέτρος
1520 1656 1527 1662 ·
1534 1657 1543 1673 ‹
1551 1646 1847 1683 Ἐχομενβεϐαιότεὲ

1080 1657 1182 1680 υιους;
1198 1657 1261 1679 nat,
1274 1657 1301 1673 τι
1310 1657 1391 1682 ιιεγει
1400 1657 1457 1674 ιιετ
1478 1657 1512 1680 ος
1520 1657 1543 1673 ”(

1078 1690 1136 1716 ρον
1153 1681 1207 1708 τὸν
1222 1681 1409 1716 προφητικὸν·
1422 1657 1533 1716 idsi-or;
1552 1692 1562 1709 ι

201 1738 330 1765 Editarum
347 1739 469 1766 a.Woltio
479 1741 575 1766 decima
587 1746 673 1773 quarta
687 1743 749 1775 (Cur
761 1741 852 1767 Philol.
867 1745 885 1766 t.
898 1730 1109 1796 νῂρρἔρςῖιξὲ
1121 1739 1233 1765 Galland.
1256 1739 1376 1765 Biblioth.
1390 1742 1409 1764 t.
1420 1739 1487 1771 Xlll,
1499 1746 1524 1771 p.
1538 1740 1594 1772 725,
1607 1740 1653 1765 726
1662 1747 1689 1765 n.
1701 1740 1755 1772 50).
1768 1754 1802 1759 —-
1820 1740 1847 1764 lu

1021 1789 1027 1795 .
1042 1789 1060 1802 .,
1083 1789 1118 1795 ....

237 1826 300 1854 Tria
316 1832 391 1859 sunt,
406 1828 508 1862 quibus
519 1826 646 1856 homines
676 1828 828 1855 redduntur
851 1826 997 1863 perlectio‘

203 1879 257 1904 res,
290 1874 430 1901 inundatio
447 1883 460 1901 a
484 1875 616 1909 peccatis,
647 1874 713 1902 lides
741 1875 795 1909 pia,
824 1882 874 1902 nec
901 1874 995 1906 dubia,

202 1919 332 1953 nullaque
351 1928 378 1947 re
392 1927 462 1947 vana
479 1926 527 1948 aut
543 1928 637 1948 recens
650 1921 755 1948 invecta
773 1921 929 1951 immutata,
947 1920 996 1947 de-

203 1964 285 1999 nique
301 1971 365 1992 vero
379 1965 451 1992 lucta
479 1970 507 1992 et
534 1965 650 1992 victoria
680 1965 813 1992 adversus
836 1971 948 1999 peccata
971 1969 998 1992 et

202 2009 355 2037 diabolum.
379 2009 519 2038 Mundatio
534 2011 644 2045 quidem
671 2019 685 2037 ιι
717 2011 834 2045 peccatis
858 2010 998 2045 generatio

202 2056 328 2090 quaedam
342 2056 493 2090 spiritualis
509 2062 560 2089 est,
581 2057 621 2084 vel
633 2056 723 2091 potius
738 2057 923 2092 regeneratio,
937 2065 997 2092 qua:

204 2106 324 2127 \‘etet'eln
355 2101 494 2128 hominem
522 2106 645 2129 renovat.
676 2101 705 2129 ln
733 2102 804 2129 hanc
834 2102 996 2129 sententiam

204 2145 307 2174 Paulus
320 2154 431 2181 quoque
447 2147 486 2174 ait
502 2156 509 2174 :
535 2157 545 2174 ι
565 2147 668 2180 Filioli,
683 2155 754 2183 quos
777 2148 878 2176 iterum
908 2148 995 2184 pario,

1081 1825 1152 1861 Τρία
1167 1825 1223 1861 (97)
1239 1825 1328 1853 ταῦτᾶ
1343 1826 1428 1859 ἐστιν,
1440 1823 1522 1858 οἷς’τὸ
1533 1825 1706 1861 ἀνθρώπινον
1717 1826 1845 1854 τελειοῦ-

1045 1879 1109 1898 ταιο
1123 1871 1261 1907 κάθαρσις
1285 1872 1496 1907 ἁμαρτημάτων
1508 1892 1516 1904 ,
1535 1872 1627 1903 πίστις
1650 1873 1779 1908 εὐσεϐὴς,
1800 1874 1846 1900 καὶ

1045 1916 1219 1949 ἀδίστακτος,
1235 1917 1304 1952 πρὸς
1321 1916 1407 1952 μηδὲν
1421 1916 1499 1944 κενὸν
1512 1917 1569 1953 (98)
1596 1917 1667 1952 μηδέ
1682 1917 1846 1953 πρόσφατον

1047 1963 1278 1998 ὑπαλλοιουμένη,
1295 1962 1371 1997 ἀγὼν
1400 1962 1449 1990 καὶ
1471 1963 1534 1999 νίκη
1563 1963 1635 1990 κατὰ
1664 1963 1722 1990 τῶν
1747 1964 1846 1990 παθῶν

1052 2009 1164 2037 καὶτοῦ
1180 2009 1315 2037 διαϐόλου.
1338 2009 1375 2036 Ἦ
1398 2009 1450 2045 μὲν
1478 2007 1525 2036 οὖν
1548 2009 1603 2036 τῶν
1630 2010 1846 2045 ἁμαρτημάτων

1052 2054 1197 2090 κάθαρσις,
1209 2054 1338 2089 γέννησίς
1348 2053 1392 2086 τίς
1405 2055 1464 2081 ἐστι
1487 2054 1669 2090 πνευματικὴ,
1696 2055 1804 2090 μᾶλλον
1819 2056 1845 2082 δὲ

1051 2099 1244 2135 ἁναγέννησις,
1252 2100 1298 2127 τὸν
1307 2100 1500 2128 παλαιωθέντα
1508 2100 1725 2132 ἅνακαινίζουσα
1735 2101 1787 2128 ἇνο
1793 2110 1845 2137 ρω-

1051 2155 1110 2172 πον.
1125 2146 1194 2172 Καθ’
1209 2145 1223 2172 ὃ
1236 2146 1282 2172 καὶ
1293 2145 1400 2177 Παῦλος
1411 2145 1519 2180 ἔλεγεν·
1541 2156 1551 2172 ι
1571 2146 1684 2180 Τεκνία,
1698 2146 1748 2179 οὓς
1761 2147 1844 2174 πάλιν

204 2192 292 2228 donec
322 2192 448 2219 Christus
473 2192 500 2220 in
517 2193 593 2219 vobis
621 2192 796 2221 formetur“.
818 2202 827 2218 ι
851 2193 899 2220 Per
927 2193 997 2221 hanc

1080 2189 1147 2223 Ξίνω,
1165 2190 1219 2223 ἕως
1232 2191 1265 2218 ἂν
1279 2192 1294 2217 ό
1308 2191 1428 2226 Χριστὸς
1449 2192 1478 2218 ὲν
1503 2192 1568 2227 ὑμῖν
1601 2192 1745 2228 μορφωθῇ.
1768 2202 1779 2218 ι
1795 2192 1844 2219 Διὰ

205 2244 270 2264 vero
299 2237 542 2272 regenerationem,
572 2237 655 2265 etiam
676 2238 703 2265 in
729 2238 800 2265 ﬁlios
823 2238 998 2274 adoptannir,

205 2282 276 2309 servi
292 2282 400 2310 Domini
416 2283 519 2311 Christi
536 2283 612 2311 facti.
630 2283 777 2319 Propterea
800 2289 874 2311 recte
888 2292 1000 2319 quoque

204 2333 232 2356 et
246 2328 326 2363 ﬁlioli
355 2334 382 2357 et
401 2330 475 2365 pueri
487 2335 632 2362 vocantur,
647 2330 694 2364 qui
719 2330 802 2365 hujus
825 2330 919 2365 gratia:
937 2330 1001 2358 lacti

205 2380 270 2403 sunt
301 2376 463 2411 participes.
496 2376 549 2409 Qui
573 2384 639 2403 vero
655 2376 808 2403 doctrinam
826 2377 944 2411 pietatis,
966 2377 1000 2404 ab

205 2422 284 2448 initio
296 2422 483 2457 praedicatum,
499 2427 635 2450 sectantes
653 2422 725 2457 quod
749 2423 782 2450 ad
798 2423 919 2450 animum
933 2431 1000 2450 con—

205 2472 365 2501 senuerunt,
381 2468 442 2495 vani
457 2468 537 2499 nihil,
564 2468 632 2495 nihil
651 2476 745 2496 recens
777 2468 891 2502 inventi,
919 2468 999 2501 nihil,

205 2512 278 2546 quod
292 2511 441 2546 juvenilem
454 2513 580 2540 humana:
594 2506 863 2547 me'ntisjactantiam
886 2511 998 2545 referat,

205 2557 390 2590 admittentes,
407 2558 445 2585 illi
464 2558 574 2594 quidem
601 2558 693 2586 itidem
721 2566 751 2586 se
775 2559 849 2593 ipsos
861 2558 1000 2593 spirituali

205 2603 258 2631 ista
274 2603 496 2632 denominatione
510 2605 607 2640 dignos
623 2612 685 2634 esse
701 2605 814 2633 cordato
841 2605 942 2639 cuique
954 2604 1000 2639 ju-

243 2667 267 2683 ⁹⁰
283 2666 371 2694 Colat.
385 2672 423 2696 IV,
440 2664 483 2692 19.

244 2757 313 2792 (96·)
332 2756 440 2784 Videtur
452 2756 565 2784 Photius
585 2756 670 2783 fuisse
681 2762 749 2792 usus
762 2754 869 2792 Eulogii
885 2754 1000 2792 Μεδου-

209 2789 281 2821 drini
292 2789 373 2826 opere
387 2797 480 2819 contra
490 2791 658 2819 Novatianos
678 2791 737 2824 (lib.
751 2791 794 2824 ll),
807 2797 839 2816 ex
855 2797 909 2824 quo
922 2789 999 2823 plura

210 2829 290 2857 datin
305 2828 473 2854 Bibliotheca
486 2828 547 2854 cod.
561 2827 625 2854 ‘280.

249 2863 304 2899 (97)
318 2863 345 2890 In
357 2863 444 2889 Catal.
460 2861 655 2899 Bibl._Coislin.
672 2869 697 2896 p.
719 2860 782 2899 357_,
798 2859 867 2899 male
877 2859 945 2898 τοῖα.

249 2863 294 2892 (97
318 2863 345 2890 In
357 2863 444 2889 Catal.
460 2863 529 2889 Bibl.
541 2863 655 2889 Coislin.
672 2869 697 2896 p.
719 2863 782 2891 357,
798 2863 867 2886 male
877 2863 945 2885 τοῖα.

249 2863 305 2935 (98;
322 2898 360 2926 lta
374 2898 465 2926 scribo
479 2905 512 2926 ex
523 2897 601 2926 Coll).
617 2904 668 2932 pro
697 2895 802 2928 καινόν,
820 2894 847 2923 id
862 2893 934 2922 enim
954 2901 1001 2921 cx-

1048 2236 1152 2272 ταύτης
1165 2236 1193 2263 δέ
1208 2237 1259 2272 τῆς
1272 2237 1480 2272 ἁναγεννὴσεως
1498 2239 1545 2265 καὶ
1558 2238 1768 2273 υίοθετούμεθα,
1781 2238 1844 2265 δοῦ·

1049 2282 1090 2309 λοι
1103 2283 1180 2314 ὄντες
1199 2283 1238 2318 τῷ
1260 2283 1384 2319 Δεσπότῃ
1407 2283 1529 2319 Χριστῷ.
1550 2283 1597 2310 Διὸ
1612 2284 1727 2316 εἰκότως
1744 2283 1780 2310 ἂν
1799 2284 1844 2310 καὶ

1049 2329 1144 2355 τεκνία
1159 2329 1207 2355 καὶ
1219 2329 1315 2357 παιδία
1330 2331 1355 2356 ol
1370 2329 1474 2365 ταύτης
1491 2331 1540 2366 τῆς
1559 2330 1672 2366 χάριτος
1693 2330 1842 2366 ἠξιωμένοι

1051 2374 1171 2400 καλοῖ-»τ’
1186 2374 1228 2401 ἄν.
1246 2375 1278 2401 οι
1292 2374 1321 2401 δέ
1343 2375 1394 2410 τὴν
1415 2375 1537 2411 ἀρχῆθεν
1556 2375 1842 2411 προκατηγγελμένι,ν

1050 2419 1192 2446 εὺσέὅειαν
1208 2420 1420 2455 πρεσϐεύοντες,
1431 2421 1481 2456 ἤδη
1500 2421 1531 2448 τὸ
1549 2421 1843 2456 φρόνημαιπεπολίων-

1049 2474 1105 2498 ται,
1135 2465 1218 2501 μηδὲν
1240 2467 1318 2494 κενὸν
1344 2467 1414 2503 (99),
1429 2468 1498 2502 μηδὲ
1521 2468 1696 2504 πρόσφατον,
1713 2469 1776 2504 μηδ’
1792 2469 1839 2495 ἀν-

1051 2511 1192 2547 θρωπίνης
1209 2513 1330 2542 ἐπινοίας
1344 2513 1493 2548 νεανίευμα
1517 2514 1578 2545 ταῖς
1592 2514 1725 2546 διανοίαις
1741 2514 1781 2549 (ι)
1796 2515 1842 2541 αὑ-

1050 2559 1105 2586 τῶν
1124 2559 1318 2595 είσδεχόμενοι,
1335 2561 1360 2586 οἳ
1377 2560 1425 2587 καὶ
1439 2561 1532 2596 δικαίᾳ
1550 2560 1642 2596 κρίσει
1651 2562 1843 2595 πνευματικῆς

1052 2606 1150 2638 αὐτοὺς
1163 2606 1322 2642 ἐπωνυμίας
1336 2607 1429 2638 ἀξίους
1455 2606 1638 2634 δεικνύουσιν.
1655 2606 1718 2633 Ἐπὶ
1747 2606 1787 2642 (2)
1817 2606 1841 2632 δὲ

969 2706 1087 2736 ΝΟΤᾸΕ-

1049 2755 1177 2789 primitur
1196 2761 1245 2789 per
1259 2755 1428 2789 πρόσφατον.
1445 2754 1478 2781 Et
1490 2754 1531 2782 sic
1544 2760 1620 2788 mox,
1631 2760 1661 2781 n.
1675 2753 1702 2781 3.

1087 2791 1143 2825 (99)
1159 2790 1223 2817 Vide
1237 2797 1263 2816 η.
1280 2789 1323 2816 98.

1100 2826 1123 2857 l)
1139 2825 1169 2852 ln
1182 2825 1243 2852 cod.
1258 2828 1317 2851 erat
1329 2823 1489 2856 διακονίαις.

1100 2827 1123 2857 1)
1139 2827 1169 2852 ln
1182 2827 1243 2852 cod.
1258 2828 1317 2851 erat
1329 2827 1413 2850 6mm

1086 2827 1126 2896 :2)
1140 2860 1233 2888 Codex
1243 2859 1317 2892 ἐπεί,
1333 2859 1413 2887 male.
