1873 3063
216 137 265 171 Ἰθέ

215 193 363 228 Sulijungit
375 192 448 220 enim
462 202 468 220 :
483 201 493 218 1
507 191 560 220 Cui
577 191 600 220 si
615 191 798 225 atlenderitis,
814 197 888 220 recte
901 191 1006 220 facitis»
1024 196 1047 223 Α

212 244 281 270 (vos,
292 238 390 273 inquit,
402 246 456 266 non
463 238 525 273 ego)
537 246 559 265 :1
570 242 700 271 tauquam
709 238 840 271 candelae,
850 238 878 264 in
885 238 970 265 obscu
977 245 1008 265 ro

211 285 270 311 loco
284 284 398 316 lucenti,
423 284 511 311 donec
525 283 584 311 dies
600 284 758 317 illucescat,
783 288 810 311 et
833 284 1010 319 phuspborus

210 331 317 357 oriatur
333 330 358 356 in
375 330 504 357 cordibus
519 329 618 357 vestris
630 329 662 357 ³⁸.
681 339 693 356 1

228 374 395 409 ΩυΑΞδΤΙΟ
416 374 550 402 CXXXIII
565 374 660 411 [CoisL
672 374 775 409 CLXV,
789 375 871 403 Taur.
887 375 991 412 CLIV].

325 420 398 453 Quid
417 420 560 455 Apostolus
576 426 651 447 vocat
669 430 678 446 1
697 421 844 455 peripsemu
856 421 869 447 .’
881 430 891 448 ι

798 132 929 167 ΡΗΟἹἯ
942 133 1200 166 ΡΛΤΒῙΛΒΟΠΕ
1219 132 1273 164 CP.

1801 129 1856 161 732

1060 191 1150 227 λύχνῳ
1178 190 1301 224 φαίνοντι
1323 188 1353 215 ὲν
1379 186 1515 223 αὐχμηρῷ
1534 185 1621 221 τόπῳ,
1646 185 1700 217 ἕως
1714 180 1746 212 οὗ
1762 186 1854 220 ἡμέρα

1060 238 1213 273 διαυγάσῃ.
1246 236 1294 263 καὶ
1323 235 1468 270 φωσφόρος
1489 232 1618 269 ἀνατείλῃ
1642 233 1672 259 ἑν
1693 234 1752 264 cui;
1784 241 1855 267 καρ-

1061 284 1132 314 δίαις
1145 283 1233 319 ὑμῶν.
1254 291 1265 308 ι

1326 370 1498 398 ΕΡΩΤΙΙΣΙΣ
1512 369 1597 396 PAI".

1160 419 1192 447 Τί
1205 418 1289 454 λέγει
1303 419 1319 446 ὀ
1337 417 1521 449 Ἀπόσταιος
1538 425 1548 442 1
1566 416 1738 450 περίψημας
1749 420 1760 440 ι

271 478 400 503 Editarum
416 485 430 502 a
441 477 531 502 Wolﬁo
542 476 639 502 decima
655 478 742 509 quinta
756 479 784 510 (1.
803 486 825 504 c.
839 486 864 510 p.
875 478 981 503 ἨΞ-748
992 478 1104 504 Galland.
1120 477 1139 501 l.
1151 483 1174 502 c.
1184 475 1240 506 727,
1252 476 1299 501 128
1315 482 1340 500 n.
1357 475 1410 506 51).
1421 473 1490 498 —ln
1505 473 1581 499 lCor.
1609 478 1644 502 IV,
1660 471 1689 496 13
1699 478 1771 503 seqq.

247 528 305 556 Vox
323 529 469 565 περίψημα
489 534 579 565 potest
593 530 705 565 quidem
724 531 888 566 simpliciter
903 532 1010 568 signifi-

208 583 274 602 care
289 576 333 608 id,
353 577 425 611 quod
446 581 632 611 contemptmn
657 582 720 611 est,
745 581 773 606 et
799 579 913 613 pedibus
930 579 1010 614 "quasi

210 621 375 656 subjectum.
398 621 511 650 Rectius
534 628 600 650 vero
630 630 742 651 sensum
768 625 939 659 expresseris
962 631 1012 659 per

209 667 442 702 redemptionem.
463 671 490 694 et
501 667 640 695 vrctimam
663 675 713 703 pro
740 668 802 696 aliis
831 669 1010 704 piacularem.

209 713 285 740 Illam
301 713 374 739 cnim
397 717 502 740 veteres
521 712 693 748 frequentius
707 714 853 750 περίψημα
875 715 1012 750 appellare

208 762 423 791 consueverunt,
445 758 691 794 appellationisqne
709 759 783 786 illius
806 759 877 787 hanc
891 760 1010 787 reddunt

210 805 356 831 rationem.
370 803 602 840 Quand‘ocunque
618 810 724 833 veteres
739 806 768 833 in
784 806 870 833 divini
885 806 1010 834 Numinis

1096 531 1118 557 Τ
1120 530 1134 557 ὺ
1142 539 1152 555 1
1167 529 1311 565 περίψημα
1320 538 1330 554 »
1346 527 1460 555 δύναται
1477 528 1527 563 μὲν
1535 526 1620 559 οὕτως
1629 525 1723 557 ἁπλῶς
1731 526 1792 552 νυνὶ
1808 533 1855 560 ση-

1063 576 1171 612 μαίνειν
1182 575 1213 602 τὸ
1223 576 1252 602 ὲν
1263 574 1373 610 ἀτιμίᾳ,
1387 574 1436 601 καὶ
1450 572 1507 600 οἷον
1521 572 1574 599 ὑπὸ
1591 571 1626 598 τὰ
1635 572 1696 607 ῐχνη
1712 571 1855 606 κείμενον·

1061 622 1210 658 ἐγγύτερον
1228 621 1250 648 δ’
1271 620 1306 647 ἂν
1325 620 1369 655 εἴη
1392 619 1444 654 τῆς
1467 618 1606 654 σημασίας
1627 618 1644 652 ἡ
1663 617 1857 652 ἀπολύτρωσις

1061 670 1110 696 καὶ
1124 669 1154 696 τὸ
1165 665 1221 695 οἷον
1235 667 1306 702 ὑπέρ
1321 674 1404 693 τινων
1418 666 1527 701 ἱερεῖον.
1553 664 1702 700 Περίψημα
1725 662 1783 699 γὰρ
1811 671 1858 689 κα·

1060 715 1119 742 λείν
1135 715 1225 741 έκεῖνο
1246 713 1348 748 μ’ᾶλλον
1372 713 1387 739 ὀ
1409 711 1525 743 παλαιὸς
1544 708 1599 738 οῐδε
1617 709 1707 744 λόγος,
1730 709 1781 736 καὶ
1807 708 1858 743 τὴν

1061 760 1152 788 αἰτίαν
1165 759 1295 794 τοιαύτην
1311 757 1465 794 παρέχεται
1478 757 1518 793 τῷ
1533 756 1657 791 ὀνόματι.
1680 755 1719 782 Τὸ
1737 755 1858 781 παλαιὸν

1060 805 1171 833 ἐπειδάν
1189 813 1271 832 τινων
1283 803 1389 831 ἄνωθεν
1414 803 1577 839 μηνιμάτων
1591 802 1632 833 είς
1646 802 1745 837 πεῖραν
1762 800 1857 827 ἐνέπι-

210 849 426 884 indignationem
447 850 611 884 inciderant,
631 859 769 887 praveque
790 852 927 880 factorum
950 860 1000 888 pce-

1094 859 1140 882 τον,
1167 849 1216 876 καὶ
1237 849 1335 881 ποινὰς
1357 848 1457 881 αὐτοὺς
1473 848 1529 875 τῶν
1540 847 1753 882 τετολμημένων
1768 847 1856 873 ἁπαι-

209 903 260 922 nas
287 903 302 922 a
328 903 358 922 se
375 896 461 930 repeti
485 897 654 930 sentiebant,
681 903 738 925 tum
764 897 839 925 cives
853 905 938 925 unum
953 898 1006 925 ali-

208 948 291 976 quem
306 949 434 974 suorum,
448 942 496 977 qui
510 942 553 970 vel
569 947 646 970 sorte
669 943 791 971 delectus
813 948 881 976 erat,
902 944 943 971 vel
957 951 1008 971 suo

209 985 325 1012 arbitrio
339 989 422 1020 atque
435 986 505 1013 adeo
520 991 617 1021 sponte
633 994 663 1013 se
677 994 726 1021 pro
736 986 864 1014 omnibus
880 987 908 1014 in
927 987 1007 1014 vieti-

210 1039 282 1059 mam
303 1032 400 1059 sistere
414 1039 517 1067 eosque
529 1033 642 1067 expiare
656 1037 808 1066 statuerat,
827 1033 936 1068 agmine
963 1032 1007 1060 fa-

209 1082 263 1111 cto,
276 1078 418 1113 cingentes
430 1078 558 1106 manibus
569 1086 632 1106 eum
649 1082 771 1113 tangere,
786 1078 907 1114 palpare,
921 1085 950 1106 et
959 1079 1007 1106 de-

209 1123 290 1151 linire
312 1124 391 1158 quasi
420 1124 566 1158 solebant,
594 1124 741 1152 dicentes:
775 1133 785 1150 1
805 1124 850 1152 Sis
881 1129 1006 1152 nostrum

208 1168 371 1204 peripsema.
389 1177 399 1194 ι
435 1167 500 1196 lude
527 1169 609 1203 igitur
642 1168 742 1196 factum
770 1173 872 1202 cst,ut
894 1169 1006 1201 Paulus,

207 1214 254 1248 qui
274 1214 359 1241 multa
370 1221 444 1249 saepe
455 1214 594 1249 sapienter
609 1214 638 1241 in
657 1215 820 1250 obsequium
842 1215 945 1242 Christi
961 1223 1007 1242 re-

207 1260 298 1295 degit,
322 1261 394 1287 idem
426 1267 481 1287 non
509 1261 601 1288 minus
625 1261 660 1289 de
688 1261 836 1296 phrasibus
864 1261 1005 1297 gentilium

208 1305 319 1337 faceret,
331 1313 384 1332 non
397 1306 423 1332 in
434 1310 567 1340 quantum
579 1311 695 1341 comptae
707 1306 759 1333 illa:
767 1310 859 1334 essent
869 1311 896 1334 et
906 1307 1006 1341 jucun-

207 1351 249 1377 d.u
269 1351 364 1377 auditu
376 1370 383 1382 ,
409 1352 456 1378 sed
480 1348 506 1378 in
519 1357 654 1387 quantum
676 1352 710 1379 ad
729 1359 786 1379 rem
806 1356 881 1379 recte
900 1351 1007 1386 signiﬁ-

211 1397 328 1423 candam
344 1401 372 1424 et
387 1397 634 1432 repraesentandam
656 1399 760 1433 optime
784 1402 876 1425 essent
897 1405 1007 1425 accom-

210 1442 340 1470 modatas.
356 1443 458 1470 Vocem
474 1444 566 1478 itaque
587 1443 723 1477 ejusmodi
748 1443 777 1470 h.
801 1443 820 1471 Ι.
837 1443 960 1478 deligens
972 1443 1007 1471 ad

208 1489 367 1516 CorinthiOs
383 1489 481 1517 scribit
496 1498 503 1517 :
524 1499 534 1516 1
552 1489 684 1517 Omnium
700 1489 790 1517 factus
806 1497 867 1517 Sum
885 1489 1007 1524 peripse-

208 1543 251 1561 tua
261 1535 296 1563 ³⁵.
316 1545 326 1562 ι
349 1535 418 1564 Vere
444 1537 534 1569 enim,
555 1527 685 1571 tanquam
711 1536 825 1564 victima
858 1536 1006 1571 piacularis
1021 1531 1042 1561 C

207 1580 345 1612 omnium,
361 1582 453 1609 omnia
473 1582 660 1609 calamitatum
683 1589 782 1617 genera
797 1583 961 1614 sustinebat,
979 1586 1006 1609 et

208 1626 373 1659 vexabatur,
411 1632 439 1655 et
468 1627 617 1656 durissima
652 1636 767 1663 quasque
792 1628 1003 1663 perpetiebatur.

207 1672 284 1700 Mitto
309 1674 374 1701 alia.
401 1673 511 1701 Invenio
528 1681 594 1702 vero
611 1678 640 1702 et
663 1675 744 1702 aliam
764 1674 887 1710 ejusdem
905 1675 1004 1702 dictio-

208 1725 287 1750 nem,
314 1726 375 1746 cum
400 1719 507 1747 caeteris
518 1720 651 1748 omnibus
666 1721 881 1756 comparandam
900 1727 907 1746 :
927 1729 936 1746 1
954 1719 1005 1748 Per

207 1766 400 1800 gloriationem
415 1772 538 1795 nostram
562 1768 589 1795 in
606 1768 666 1795 dies
682 1768 797 1795 morior.
817 1777 826 1794 ι
850 1767 931 1795 Vides
950 1767 1005 1794 uti-

207 1819 273 1846 que,
304 1813 443 1846 quomodo
451 1813 575 1840 omnium
590 1813 672 1840 fuerit
689 1813 826 1848 piaculum
842 1818 868 1841 et
883 1813 1004 1846 victima,

207 1862 235 1884 et
248 1859 407 1893 peripuma.
420 1858 515 1894 Neque
529 1859 603 1887 enim
626 1867 677 1895 pro
690 1859 793 1887 Iudaeis
817 1859 905 1887 solum
931 1859 1004 1886 intra

209 1911 238 1930 se
256 1904 386 1931 urebatur
401 1908 429 1932 et
446 1905 571 1938 ardebat,
587 1905 710 1940 forisque
736 1905 841 1933 inﬁnita
858 1905 927 1933 mala
953 1912 1005 1939 pa-

209 1949 343 1982 tiebatur,
361 1957 454 1985 neque
475 1958 525 1986 pro
541 1951 666 1986 cognatis
681 1955 806 1983 tantum,
829 1951 877 1979 sed
907 1956 935 1979 et
955 1958 1005 1986 pro

209 1993 315 2021 Grzeris
327 1999 356 2021 et
366 1995 504 2028 barbaris,
514 1996 699 2030 omnibusque
710 1995 824 2022 omnino
835 1994 1003 2027 hominibus,

210 2048 275 2066 num
291 2048 372 2074 quem
401 2041 528 2074 fortasse,
553 2042 625 2077 quod
654 2043 710 2076 ipse
734 2041 880 2072 clamabat,
898 2041 1004 2068 salvare

209 2089 303 2118 posset
313 2085 345 2112 “.
358 2086 436 2119 Quod
451 2087 533 2122 igitur
548 2087 670 2123 quotidie
687 2087 779 2119 fiebat,
794 2087 820 2114 id
832 2085 923 2114 verbis
936 2094 1004 2121 quo-

209 2138 262 2165 que
276 2132 493 2165 contestabatur,
511 2142 522 2159 1
542 2133 665 2161 omnium
682 2140 712 2160 se
728 2133 880 2168 peripsema
899 2132 1002 2160 factum

208 2183 280 2209 esse,
297 2186 307 2202 ι
325 2177 474 2212 professus.

243 2221 321 2249 llunc
354 2231 419 2251 vero
449 2224 631 2260 signiﬁcatum
660 2224 751 2252 ﬁrmat
776 2225 834 2260 ipsa
865 2212 1040 2253 scrmonisD

207 2266 304 2293 Series.
317 2264 376 2294 Non
389 2268 474 2301 enim,
488 2268 586 2302 inquit,
602 2268 778 2303 pudefaciens
792 2277 841 2296 vos
855 2269 913 2297 haec
927 2269 998 2301 dico,

207 2313 258 2340 hoc
281 2317 334 2346 est,
352 2313 411 2341 Non
425 2315 561 2349 exprobro
575 2315 652 2343 vobis
674 2315 881 2343 beneﬁcentiam
900 2323 998 2348 meam,

206 2366 296 2394 neque
313 2359 443 2387 beneﬁcia
460 2360 538 2388 vobis
560 2360 693 2389 exhibita.
710 2361 782 2394 Quid
801 2360 904 2396 igitur?
920 2365 951 2387 ut
966 2359 998 2387 ﬁ-

206 2404 258 2432 lms
273 2405 386 2433 dilectos
403 2406 495 2440 potius
518 2407 653 2435 admoneo
662 2407 695 2434 ³⁷.
716 2407 800 2435 Filios
819 2408 892 2435 enim
908 2413 999 2442 pater-

205 2458 247 2478 na:
264 2450 448 2479 beneﬁcentia:
477 2453 635 2481 meminisse
656 2453 743 2486 decet,
767 2454 794 2481 in
807 2454 914 2489 primis.
936 2461 1000 2489 eum

205 2505 261 2524 non
275 2498 438 2532 simpliciter
455 2503 520 2526 sunt
534 2499 594 2532 ﬁlii,
618 2500 664 2527 scd
679 2500 761 2527 etiam
777 2500 880 2528 dilecti.
902 2500 1005 2529 Sensus

205 2542 298 2577 itaque
312 2548 377 2571 est:
397 2543 451 2571 Vos
466 2543 535 2572 adeo
553 2545 620 2572 mihi
645 2545 765 2576 vindico,
791 2551 874 2580 atque
899 2546 937 2574 ita
959 2555 1005 2573 ve-

205 2587 255 2613 stri
269 2594 364 2614 amore
386 2587 484 2620 ardeo,
506 2593 536 2615 ut
558 2596 612 2616 non
638 2589 760 2617 dubitem
783 2591 932 2625 peripsema
954 2597 1004 2625 pro

205 2632 282 2659 vobis
297 2631 376 2666 ﬁeri,
401 2637 428 2660 et
449 2633 476 2661 in
498 2638 618 2662 vestrum
644 2635 820 2663 commodum
847 2644 891 2665 me
913 2636 1001 2671 ipsum

238 2711 260 2727 "
280 2710 385 2740 lchtr.
402 2721 421 2745 ι,
446 2713 488 2741 l9.
527 2713 549 2730 ³⁵
577 2713 586 2740 Ι
614 2714 679 2742 Cor.
704 2723 749 2748 xv,
767 2715 812 2743 3|.
852 2713 901 2740 ³⁸1
925 2714 988 2743 Cor.
1013 2723 1051 2747 tl.

1058 896 1164 924 τεῖσθαι
1181 896 1356 931 συνῄσθοντο,
1375 894 1470 930 ἀθρόοι
1483 894 1663 930 περιστάντες
1674 894 1705 920 τὸ
1715 892 1856 928 ὁμόφυλον

1058 942 1099 969 ἑνί
1117 951 1170 969 τινι
1184 940 1284 974 αὐτῶν,
1299 941 1330 973 δς
1346 940 1458 976 ἔμελλεν
1471 941 1488 975 ἢ
1503 940 1599 975 κλήρῳ
1611 938 1781 974 ἀφορισθεὶς,
1791 938 1808 973 ἢ
1818 938 1857 973 τῷ

1058 986 1193 1022 προθύμῳ
1217 986 1268 1021 τῆς
1287 984 1403 1020 γνώμης
1421 985 1478 1020 (Η)
1503 985 1627 1016 ἑκούσιος
1647 982 1719 1019 ὑπὲρ
1741 982 1856 1010 πάντων

1058 1031 1240 1067 προθύεσθαι,
1257 1031 1305 1058 καὶ
1316 1030 1467 1066 καθάρσιον
1489 1029 1579 1055 αὐτῶν
1602 1028 1740 1063 γίνεσθαι,
1757 1027 1855 1054 τοῦτον

1057 1078 1137 1113 χερσὶ
1174 1076 1347 1112 περιψῶντες
1376 1076 1423 1103 καὶ
1453 1074 1640 1110 ὲφαψὼμενοι,
1671 1083 1680 1100 1
1702 1074 1854 1110 Περίψημα

1058 1123 1149 1159 ἡμῶν,
1159 1123 1263 1157 ἔλεγον,
1286 1121 1380 1157 γενοῦ.
1397 1131 1406 1148 ι
1428 1121 1549 1149 Ἐκεῖθεν
1560 1120 1607 1148 οὖν
1617 1121 1632 1147 ὸ
1646 1120 1732 1147 πολλὰ
1753 1121 1854 1148 πολλά-

1059 1179 1103 1202 κις
1135 1169 1226 1205 σοφῶς
1255 1168 1463 1205 αἰχμαλωτίσας
1480 1167 1588 1198 Παῦλος
1606 1168 1646 1199 είς
1658 1166 1709 1202 τὴν
1725 1167 1854 1202 ὑπακοὴν

1058 1216 1106 1243 τοῦ
1136 1215 1269 1251 Χριστοῦ,
1286 1215 1362 1242 οὐδὲν
1387 1214 1425 1242 δῖ
1439 1211 1522 1250 ἦττον
1550 1212 1662 1240 καὶτῶν
1677 1214 1730 1247 ἔξω
1742 1213 1854 1248 φωνῶν,

1058 1263 1108 1298 οὺχ
1120 1261 1171 1297 ὅση
1187 1262 1245 1298 (l2)
1262 1261 1355 1297 κομψή
1383 1261 1431 1288 καὶ
1455 1260 1563 1295 γλῶττα
1583 1260 1631 1287 καὶ
1654 1259 1766 1295 εὖηχος,
1795 1260 1854 1287 ἀλλ’

1058 1309 1109 1344 ὅση
1121 1309 1222 1344 γνησία
1233 1309 1356 1344 σημᾶναι
1370 1307 1419 1334 καὶ
1429 1307 1606 1342 παραστῆσαι
1618 1306 1647 1333 τὸ
1657 1307 1853 1341 προκείμενον.

1059 1354 1116 1381 Καὶ
1123 1354 1174 1390 τὴν
1185 1355 1277 1390 φωνὴν
1286 1353 1389 1388 ταύτην
1399 1352 1551 1385 συλλασὼν,
1563 1352 1641 1387 φησὶ,
1651 1362 1660 1378 1
1671 1351 1781 1387 Περίψη
1786 1361 1836 1386 μα,
1844 1361 1852 1376 ι

1059 1401 1129 1436 πρὸς
1147 1399 1309 1436 Κορινθίους
1324 1400 1450 1435 γράφων,
1469 1407 1479 1424 1
1497 1398 1607 1426 πάντων
1623 1397 1770 1433 ἐγενόμην.
1786 1406 1798 1424 ι
1810 1397 1856 1433 Τῷ

1057 1446 1115 1473 ὄντι
1131 1445 1187 1481 γὰρ
1207 1446 1246 1477 ὡς
1270 1445 1379 1472 πάντων
1407 1444 1554 1480 περίψημα
1574 1443 1647 1470 οὕτω
1674 1443 1717 1470 διὰ
1749 1444 1856 1475 παντὸς

1060 1491 1180 1527 ἔπασχεν
1207 1491 1256 1518 καὶ
1282 1491 1509 1525 ἔταλαιπωρεττο,
1531 1489 1579 1518 καὶ
1602 1490 1659 1521 τοῖς
1671 1489 1769 1521 δεινοῖς
1784 1498 1856 1516 κατ-

1058 1537 1188 1565 ετείνετο.
1209 1537 1262 1564 Ἐῶ
1275 1536 1370 1565 τᾶλλα.
1383 1537 1439 1564 Καὶ
1449 1536 1505 1572 γὰρ
1517 1536 1638 1572 εὑρίσκω
1659 1535 1753 1570 φωνὴν
1767 1535 1856 1562 αὑτοῦ

1058 1584 1164 1612 ἐκείνου
1181 1584 1237 1611 τῶν
1249 1583 1338 1611 ἄλλων
1360 1584 1491 1611 ἁπάντων
1513 1583 1678 1619 ἀντίρροπον
1689 1589 1695 1596 ·
1716 1590 1725 1607 1
1744 1581 1791 1616 Νὴ
1807 1582 1857 1616 τὴν

1058 1630 1197 1666 ἡμετέραν
1221 1631 1356 1666 καύχησιν
1380 1629 1441 1658 καθ’
1458 1629 1578 1664 ἑκάστην
1601 1628 1709 1664 ἡμέραν
1730 1628 1857 1663 ἀποθνή-

1058 1685 1126 1704 σκω.
1134 1685 1143 1702 ι
1153 1676 1238 1712 Ὀρᾷς
1249 1677 1324 1708 ὅπως
1335 1674 1370 1712 ἦν
1389 1676 1498 1704 πάντων
1507 1674 1723 1711 καθάρσιον,καὶ
1739 1673 1855 1709 ἱερεῖον,

1057 1723 1105 1750 καὶ
1125 1731 1135 1749 1
1151 1722 1308 1758 περίψημα.
1327 1731 1337 1750 ι
1355 1722 1423 1750 Οὐδὲ
1440 1723 1496 1757 γὰρ
1508 1722 1579 1757 ὑπὲρ
1605 1720 1744 1748 Ἰουδαίων
1769 1721 1856 1755 μόνον

1056 1767 1239 1803 ὲπυρπολεῖτο
1253 1768 1287 1795 τὰ
1303 1767 1385 1801 ἔνδον,
1401 1768 1448 1794 καὶ
1469 1767 1615 1802 ἐφλέγετο,
1629 1765 1677 1792 καὶ
1699 1765 1735 1792 τὰ
1765 1765 1855 1801 μυρία

1056 1814 1156 1846 ἔξωθεν
1173 1813 1303 1850 ἔπασχεν.
1314 1814 1377 1841 Οὐδ’
1394 1813 1465 1850 ὑπὲρ
1479 1813 1630 1848 συγγενῶν,
1641 1812 1711 1840 ἀλλὰ
1722 1812 1771 1839 καὶ
1781 1812 1854 1846 ὑπὲρ

1060 1860 1197 1896 Ἐλλήνων
1210 1861 1258 1888 καὶ
1272 1860 1429 1896 βαρσάρων,
1445 1860 1493 1887 καὶ
1506 1860 1616 1887 πάντων
1631 1857 1725 1885 ἁπλῶς
1742 1858 1854 1893 ἀνθρώ-

1055 1913 1127 1939 πων,
1148 1906 1175 1933 ει
1186 1906 1244 1938 πώς
1258 1914 1329 1939 τινα,
1346 1906 1384 1938 ὡς
1397 1905 1478 1938 αὐτὸς
1497 1905 1572 1937 ἐϐόα,
1590 1903 1729 1931 διασώσει.
1747 1904 1783 1929 ’0
1796 1903 1855 1929 τοί-

1057 1960 1104 1978 νυν
1116 1951 1224 1986 ἐγένετο
1238 1951 1300 1978 καθ’
1320 1951 1440 1986 ἑκάστην
1459 1950 1578 1987 ῄμέραν,
1593 1949 1674 1976 τοῦτο
1688 1948 1738 1976 καὶ
1748 1947 1797 1974 διὰ
1806 1947 1854 1974 τοῦ

1055 1998 1136 2032 λόγου
1149 1998 1337 2033 ἀπαγγέλλει,
1349 1998 1459 2025 πάντων
1489 1996 1635 2032 περίψημα
1656 1995 1745 2029 λέγων
1767 2002 1853 2029 γεγε-

1054 2044 1161 2080 νῆσθαι.

1093 2224 1203 2253 Βεϐαιοϊ
1215 2225 1245 2252 δὲ
1263 2225 1294 2253 τὺ
1306 2225 1489 2262 προκείμενον
1510 2223 1557 2252 τοῦ
1581 2225 1786 2261 σημαινομένου
1803 2226 1852 2252 καὶ

1054 2270 1071 2306 ἡ
1087 2271 1158 2297 κατὰ
1173 2271 1242 2298 πόδα
1257 2272 1383 2307 συνέχεια
1405 2271 1453 2298 τοῦ
1477 2271 1572 2308 ῥητοῦ.
1586 2272 1623 2298 Οὐ
1640 2271 1695 2306 γὰρ
1707 2272 1851 2306 ἐντρέπων

1054 2318 1136 2353 ὑμᾶς,
1155 2318 1233 2354 φησὶ,
1248 2319 1337 2352 ταῦτα,
1345 2319 1433 2354 λέγω·
1450 2316 1516 2351 οἷον,
1528 2319 1585 2346 Οὐκ
1598 2318 1721 2350 ὀνειδίζω
1737 2318 1790 2354 τὴν
1807 2320 1852 2345 εὑ-

1053 2363 1193 2398 εργεσίαν,
1205 2364 1267 2391 οὐδὲ
1277 2364 1327 2396 τὰς
1340 2365 1471 2400 χάριτας·
1492 2364 1562 2392 ἀλλὰ
1582 2364 1627 2397 τί;
1642 2364 1681 2396 ὡς
1689 2363 1775 2391 τέκνα
1798 2372 1851 2399 μου

1053 2410 1185 2444 ἀγαπητὰ
1199 2409 1329 2438 νουθετῶ.
1346 2411 1392 2437 Δεῖ
1401 2410 1456 2446 γὰρ
1472 2411 1506 2437 τὰ
1520 2410 1602 2437 τέκνα
1616 2411 1753 2445 πατρικῆς
1771 2411 1818 2436 εὺε
1824 2419 1852 2444 ρ‹

1055 2454 1151 2488 γεσίας
1168 2455 1335 2491 μεμνῆσθαι,
1354 2456 1400 2483 καὶ
1414 2456 1463 2491 οὐχ
1483 2455 1576 2487 ἁπλῶς
1595 2456 1689 2488 τέκνα,
1703 2455 1776 2483 ἀλλὰ
1801 2455 1852 2482 καὶ

1055 2500 1186 2535 ἀγαπητά
1198 2509 1204 2516 ·
1217 2501 1370 2533 τουτέστιν,
1386 2501 1521 2528 Τοσοῦτον
1535 2501 1690 2536 οἱκεισϋμαι
1701 2501 1787 2535 ὑμᾶς,
1802 2502 1852 2527 καὶ

1056 2546 1185 2573 τοσοῦτον
1201 2547 1251 2582 τῆς
1275 2547 1353 2584 ὑμῶν
1370 2548 1481 2583 ἀγάπης
1510 2548 1667 2584 ὲκκαίομαι,
1696 2547 1769 2574 ὥστε
1801 2547 1851 2574 καὶ

1053 2593 1209 2628 περίψημα
1237 2593 1314 2629 ὑμῶν
1339 2594 1369 2621 οὐ
1398 2594 1586 2630 παραιτοῦμαι
1617 2593 1753 2628 γίνεσθαι,
1772 2593 1849 2628 θῦμα

1053 2638 1101 2665 καὶ
1112 2637 1210 2674 ἱερεῖον
1223 2639 1271 2666 καὶ
1284 2640 1433 2675 καθάρσιον
1458 2640 1643 2676 προσάγεσθαι
1665 2640 1737 2676 ὑπὲρ
1757 2639 1848 2676 ὑμῶν.

1069 2715 1114 2743 22.
1155 2717 1175 2732 ³⁷
1194 2717 1201 2744 l
1219 2717 1282 2745 Cor.
1299 2725 1334 2751 Iv,
1357 2718 1399 2746 M.

961 2778 1074 2809 ΝΟΤίΕ.

241 2819 297 2855 (li)
311 2819 423 2855 γνώμης
437 2827 470 2847 ex
487 2819 563 2848 Coll).
577 2827 628 2855 pro
643 2818 782 2854 γνώσεως.

237 2841 297 2891 ὕἑὶ
313 2841 843 2890 ίςὶέἒῖέιὲιῖι”ῶ’έῆῖ’ρῖἓῖός’ἦΪᾶἹιιοι
862 2853 920 2881 ἀλλ’
935 2854 996 2889 ὅση,

1094 2854 1198 2882 ιλλόσει.
