1873 3063
36 154 98 185 733

520 153 570 182 AD
592 151 886 182 AMPHlLOCHIUM
901 151 1075 186 QUIESTIO
1086 151 1248 181 CXXXIII.

1645 155 1699 187 734

35 212 98 236 Rc:
110 211 147 244 δὴ
166 210 242 244 καὶὴ
256 209 372 244 ὀρθότης
383 208 433 243 τῆς
447 209 476 234 ἐν
490 207 529 243 τῷ
538 207 611 243 λόγῳ
625 207 764 243 συνθήκης
778 206 848 242 πρὸς
864 210 885 238 Α
900 205 987 232 instar
1001 212 1043 232 εει(

931 210 987 232 star
1001 205 1129 232 sacriﬁcii
1156 210 1183 232 et
1198 205 1315 232 vtctinue
1339 204 1488 240 piacularis
1504 206 1614 236 offerre.
1639 208 1698 244 Ipsa

33 255 124 281 τοῦτο
137 254 243 290 μᾶλλον
259 254 338 289 ῥέπει
354 253 404 288 τῆς
418 252 540 288 φωνῆςῆ
553 253 621 288 πρὸς
643 252 674 278 τὸ
698 252 780 287 ῥηθὲν
798 251 848 287 τὴν

32 301 145 337 ἀρχὴν,
160 301 227 328 ἐπεὶ
249 301 280 327 τὸ
306 300 355 335 μὲν
376 299 552 335 ἠτιμωμένον
582 299 629 326 καὶ
655 298 848 326 κατάπτυστον

33 348 109 374 πᾶσι
147 348 252 383 μᾶλλον
285 346 444 374 ἀποδίδοται
477 346 550 373 κατὰ
571 345 621 381 τὴν
640 345 777 377 σύνταξιν,
790 343 848 371 ἀλλ’

32 394 100 428 οὐχὶ
116 394 249 420 πάντων.
271 393 301 419 '0
317 393 346 419 δὲ
359 392 442 427 σοφὸς
453 391 503 418 καὶ
516 391 660 423 θεσπέσιος
675 391 784 422 Παῦλος
801 391 847 423 οὐ,

33 439 199 474 Περίψημα
215 438 271 474 (15)
289 439 375 466 πᾶσιν
395 437 542 474 ἐγενόμην,
565 438 659 473 φησὶν,
681 437 760 471 ἀλλὰ,
772 436 849 464 πάν-

32 493 112 511 των.
130 485 171 510 Οὐ
185 484 250 520 μὴν,
262 483 388 511 ἀλλὰκαὶ
399 483 430 510 τὸ
450 482 657 520 προηγούμενον
679 482 779 518 χωρίον
797 482 848 518 τῆς

32 529 147 562 λέξεως
165 531 202 566 τῇ
216 529 324 566 διανοίᾳ
337 529 425 565 ταύτῃ
440 529 659 565 συμφθέγγεται.
677 528 770 555 Εἰπὼν
780 528 846 564 γὰρ,

36 586 46 601 ι
62 576 291 612 Λοιδορούμενοι
307 575 489 611 εὐλογοῦμεν,
502 575 664 610 διωκόμενοι
681 574 847 612 ἀνεχόμεθα,

34 622 295 657 βλασφημούμενοι
324 620 551 656 παρακαλοῦμεν,
570 630 580 646 ι
598 620 755 654 ἐπήγαγεν·
776 629 785 645 ι
803 619 848 650 Ὧς

33 656 284 704 περικαθάρματα
314 667 362 694 τοῦ
389 667 493 702 κόσμου
521 666 711 701 ἐγενήθημεν,
738 665 847 691 πάντων

34 714 196 749 περίψημα
211 713 265 745 ἕως
278 714 341 748 ἄρτι
352 721 358 727 ·
377 722 386 739 ι
402 713 537 745 τουτέστι,
548 712 581 738 Τί
601 708 643 738 δεῖ
656 709 717 738 καθ’
732 711 847 737 ἕκαστον

34 761 102 791 τοὺς
142 759 246 790 πόνους
267 757 499 793 άπαριθμεῖσθαι,
525 757 572 783 καὶ
592 756 643 788 τὰς
664 755 779 790 θλίψεις,
797 751 846 781 καὶ

34 806 102 836 τοὺς
125 805 253 839 ἀγῶνας,
269 804 316 836 οὓς
330 803 401 839 ὑπὲρ
412 804 462 838 τῆς
485 803 622 839 ὑμετέρας
644 802 782 836 σωτηρίας
795 801 846 835 ὐφ-

35 849 242 884 ἱτταμαι.;¹Εν
259 848 398 883 κεφαλαίῳ
412 848 505 883 φάναι,
522 858 532 875 ι
553 849 596 880 Ὠς
612 846 844 883 περικαθάρματα

900 259 983 285 porro
1000 258 1098 278 vocum
1113 255 1252 278 structura
1268 250 1302 277 ad
1322 251 1396 279 hunc
1407 252 1501 286 potius
1514 253 1700 288 signiﬁcatum

899 297 1068 329 tenendum,
1088 305 1170 332 quam
1189 297 1284 329 illum,
1300 296 1334 324 de
1350 305 1405 332 quo
1430 298 1519 332 primo
1544 299 1606 326 loco
1628 301 1700 327 dixi-

899 351 973 375 mus,
990 343 1109 370 adducit.
1127 343 1155 370 Si
1172 343 1245 370 enim
1266 348 1453 378 contemptum
1470 344 1574 380 aliquid
1590 350 1618 372 et
1634 347 1701 373 abo-

898 390 1061 417 minandum
1082 389 1244 423 inferretur,
1259 395 1400 417 structura
1417 398 1515 418 vocum
1537 391 1634 419 idonea
1651 400 1699 419 vo-

898 443 959 463 cem
974 437 1043 463 πᾶσι
1060 436 1204 472 (omnibus)
1223 437 1315 469 potius
1331 445 1415 472 quam
1433 439 1542 465 πάντων
1556 438 1696 473 (omnium)

898 483 1063 518 requireret.
1075 481 1137 509 Jam
1151 490 1216 510 vero
1236 483 1346 518 sapiens
1360 488 1388 511 et
1403 484 1514 511 divinus
1527 483 1627 512 Paulus
1642 493 1697 511 non

898 528 937 555 ait
951 537 958 555 :
975 527 1134 564 Peripsema
1159 528 1280 555 omnibus
1303 528 1392 557 factus
1408 537 1487 562 sum,
1503 530 1550 557 sed
1568 531 1696 557 ontm‘um.

899 574 959 602 lmo
973 582 1040 602 vero
1054 579 1082 602 et
1102 582 1146 608 ea,
1160 582 1220 610 qua:
1240 575 1312 602 hanc
1326 575 1441 610 phrasin
1458 577 1513 604 hoc
1526 576 1586 603 loco
1605 577 1698 611 proxi—

899 629 944 649 me
960 622 1138 654 antecedunt,
1157 621 1251 649 sensui
1270 621 1334 649 huic
1351 622 1532 650 veliﬁcantur.
1549 622 1696 657 Postquam

897 667 971 694 enim
986 666 1119 694 dixerat:
1142 675 1153 693 ε
1173 666 1312 694 Conviciis
1334 666 1423 694 affecti
1441 666 1510 694 bene
1534 674 1696 702 precamur,

895 714 986 742 vexati
1009 713 1190 745 sustinemus,
1217 713 1340 740 infamati
1365 720 1523 747 precamur,
1541 722 1550 738 ι
1578 713 1696 748 subjun-

896 761 934 797 git
954 770 962 788 ι
980 770 989 786 ι
1009 759 1086 788 Facti
1108 767 1205 788 sumus
1222 764 1251 787 ut
1276 764 1456 794 purgamenta
1481 759 1596 792 mundi,
1621 764 1648 786 et
1668 764 1699 787 ut

895 806 1020 834 omnium
1035 807 1131 834 sordes
1146 813 1232 841 usque
1247 805 1342 838 huc",
1363 814 1372 831 ι
1387 805 1440 832 hoe
1454 809 1506 837 est,
1519 805 1588 838 Quid
1615 805 1698 832 [ποιε-

894 853 962 881 stias
978 860 1075 880 omnes
1091 857 1119 879 et
1126 851 1297 880 calamitates
1312 855 1340 878 et
1353 851 1453 884 luctas,
1470 859 1539 886 quas
1554 859 1604 885 pro
1619 851 1698 879 vobis

33 895 223 930 ἐγενήθημεν
232 895 279 921 τοῦ
291 895 406 930 κόσμου,
418 894 528 921 πάντων
538 893 741 930 περίψημαὲως
747 893 818 928 ἄρτι.
832 900 842 918 ι
861 899 884 930 ιι
897 898 1035 926 "anum

927 898 1054 932 :antlavi,
1073 898 1212 933 sigillatim
1235 905 1367 925 enarrare
1389 897 1503 925 attinet?
1531 897 1696 925 Summatim

34 944 91 969 Καὶ
100 942 164 976 γὰρ
179 941 266 968 καὶτὸ
277 940 538 976 «περικαθάρματα»
554 938 651 975 ῥηθείη
666 938 716 973 μὲν
723 937 757 964 ἂν
773 937 844 964 κατὰ

34 989 83 1016 τοῦ
99 987 310 1022 ὲΰδελυγμένου
323 989 372 1014 καὶ
392 985 512 1021 φευκτοῦ
523 1006 531 1019 ,
552 984 654 1020 μᾶλλον
669 984 691 1011 δ’
713 984 844 1019 ἁρμόσειε

34 1035 96 1061 νυνὶ
117 1034 158 1060 τὰ
181 1033 320 1068 καθάρσια
336 1033 384 1060 καὶ
399 1032 435 1060 τὰ
450 1031 596 1067 ίλαστήρια
611 1029 730 1066 Θύματα,
745 1029 762 1056 ἃ.
774 1028 844 1064 ὑπὲρ

33 1080 130 1107 ἀλλων
146 1079 246 1106 εἴωθεν
264 1078 389 1112 θύεσθαι,
416 1077 566 1114 παριστᾷν.
595 1073 669 1111 Πλὴν
701 1076 762 1101 ἐπεὶ
783 1073 845 1110 μηδ’

33 1127 137 1162 ἕτερον
171 1125 220 1151 τοῦ
245 1123 448 1160 σημαινομένου
479 1123 514 1159 τῇ
539 1120 655 1157 ἀληθείᾳ
669 1121 843 1156 λυμαίνεται,

32 1174 172 1204 ἕκαστος,
192 1168 214 1204 ᾧ
239 1170 339 1206 μᾶλλον
365 1169 468 1205 χαίρει,
490 1168 571 1194 τοῦτο
597 1167 645 1194 καὶ
661 1166 796 1202 αἱρεῖσθαι
812 1165 843 1191 οὑ

36 1216 273 1244 κεκώὶ.υται.”Αν
288 1225 318 1242 τε
331 1216 386 1251 γὰρ
402 1215 440 1247 ὼς
454 1215 552 1250 ἱερεῖον
564 1214 578 1240 ὁ
590 1212 695 1245 Παῦλος
705 1212 774 1248 ὑπὲρ
790 1211 844 1238 τῶν

35 1263 180 1299 μαθητῶν
198 1263 304 1295 ἐθύετο,
320 1262 366 1288 τὸν
376 1261 518 1296 Δεσπότην
541 1260 670 1295 ἐμιμεῖτο
695 1258 743 1286 καὶ
769 1258 844 1284 διδά-

35 1311 155 1342 σκαλον,
174 1308 207 1336 ἄν
232 1317 262 1335 τε
290 1309 426 1336 διδάσκων
437 1307 486 1334 καὶ
499 1306 657 1342 παραινῶν,
687 1306 735 1332 καὶ
755 1307 844 1333 πάντα

34 1360 111 1393 ὑπὲρ
127 1360 183 1393 τῆς
193 1357 284 1384 αὐτῶν
296 1356 434 1392 σωτηρίας
446 1354 724 1392 πραγματευόμενος,
736 1353 774 1386 ὡς
788 1353 845 1380 ἄτι-

35 1415 87 1442 μος
107 1407 161 1432 καὶ
188 1403 384 1439 ὲόδελυγμένος
415 1402 575 1437 ἐνομίζετο,
594 1400 662 1436 πρὸς
687 1399 733 1426 τὸν
761 1399 844 1425 αὑτὸν

33 1453 157 1489 ἀφορῶν
169 1452 320 1486 Δεσπότην,
342 1451 423 1477 πάλιν
441 1449 529 1477 ταῦτα
552 1448 698 1483 ἑπάσχετο,
714 1446 744 1478 ὃς
757 1446 843 1473 λοιδο-

36 1500 182 1536 ρούμενος
194 1499 243 1525 καὶ
258 1498 450 1533 ὑϐριζόμενος,
470 1496 519 1524 καὶ
532 1497 588 1523 πᾶν
609 1490 681 1526 εἶδος
697 1493 843 1528 ὑπομένων

34 1546 145 1581 χλεύης
171 1545 224 1580 τῆς
248 1544 304 1571 τῶν
328 1543 496 1579 ὐσριζόντων
512 1542 560 1569 καὶ¹
579 1540 842 1577 προπηλακιζόντων

35 1593 185 1628 σωτηρίας
197 1592 247 1618 καὶ
259 1591 390 1626 προνοίας
401 1589 452 1616 οὐκ
467 1589 614 1624 ἀφίστατο.

854 1580 876 1609 ο
892 1583 973 1612 viciis
990 1588 1017 1611 et
1039 1583 1147 1618 injuriis
1169 1589 1318 1616 oneratus,

895 943 1001 976 dicam,
1030 952 1040 969 ‹
1060 943 1094 970 lJt
1114 947 1295 978 purgamenta
1317 942 1412 970 mundi
1435 942 1498 970 facti
1528 951 1642 976 sumus,
1668 948 1698 971 ut

896 990 994 1018 sordes
1014 990 1138 1017 omnium
1159 997 1248 1024 usque
1267 989 1333 1017 huc.
1359 999 1368 1015 ι
1388 988 1522 1022 Quamvis
1547 990 1620 1016 enim
1644 998 1695 1017 vox

896 1033 1131 1069 περικαθάρματα
1160 1033 1243 1060 etiam
1267 1033 1314 1060 de’
1326 1032 1437 1060 homine
1461 1032 1646 1060 abominamlo
1668 1038 1697 1061 et

897 1080 1027 1114 fugiendo
1039 1079 1164 1107 adhiberi
1177 1078 1274 1114 possit,
1289 1078 1342 1106 hoc
1356 1082 1446 1106 tamen
1455 1078 1516 1106 loco
1529 1079 1696 1106 convenien-

896 1127 951 1154 tius
968 1125 1060 1158 fuerit,
1076 1133 1137 1153 eam
1162 1126 1196 1153 de
1220 1124 1338 1152 victimis
1355 1124 1554 1160 piacularibus,
1581 1133 1642 1160 qum
1668 1125 1694 1153 in

895 1172 1012 1199 aliorum
1028 1172 1143 1199 salutem
1164 1171 1258 1199 olI'erri
1275 1175 1487 1204 consueverant,
1509 1171 1694 1207 interpretari.

895 1218 1031 1251 Quoniam
1053 1221 1144 1244 autem
1161 1221 1257 1244 neuter
1283 1217 1454 1252 signiﬁcatus
1479 1225 1543 1244 vero
1564 1217 1695 1244 adversa-

896 1269 952 1296 tur,
965 1271 1026 1290 etttlt
1043 1264 1160 1298 quisque
1182 1263 1282 1299 eligere
1295 1263 1406 1298 poterit,
1425 1263 1472 1298 qui
1491 1264 1607 1290 maxime
1623 1265 1695 1290 arri-

895 1309 966 1336 deat.
985 1308 1048 1335 Sive
1061 1308 1135 1336 cutim
1151 1308 1238 1336 instar
1252 1308 1369 1336 victima:
1386 1309 1533 1343 piacularis
1547 1317 1597 1344 pro
1612 1310 1695 1336 disci-

895 1354 968 1389 pulis
985 1354 1152 1381 oﬂerebatur
1167 1353 1269 1382 Paulus
1282 1374 1289 1386 ,
1314 1353 1459 1381 Dominum
1487 1359 1514 1382 et
1532 1355 1693 1390 magistrum

896 1400 991 1435 utique
1010 1400 1190 1434 imitabatur;
1211 1400 1268 1427 sive
1283 1402 1387 1428 docens
1409 1400 1468 1435 ipse
1486 1404 1514 1428 et
1530 1400 1694 1433 admonens,

894 1447 1041 1481 omniaque
1065 1454 1117 1482 pro
1141 1446 1230 1474 salute
1256 1454 1353 1474 eorum
1379 1447 1499 1481 faciens,
1515 1448 1693 1482 contemptim

894 1493 1047 1521 trahebatur
1066 1498 1094 1521 et
1119 1493 1226 1521 invisus
1246 1497 1319 1526 erat,
1341 1494 1422 1521 etiam
1445 1494 1500 1521 hoc
1516 1493 1550 1521 ad
1566 1495 1692 1521 eumdem

896 1538 1042 1565 Dominum
1059 1538 1221 1573 respiciens,
1242 1538 1456 1573 perpetiebatur.
1475 1537 1522 1565 Ille
1536 1539 1609 1566 enim
1625 1546 1694 1566 con-

1345 1592 1482 1619 omneque
1510 1584 1692 1612 ludibriorum

35 1646 131 1674 genus
146 1644 318 1673 perpessus,,
335 1637 479 1665 hominum
510 1635 677 1672 injuriorum
707 1633 873 1672 probrisque
891 1631 1085 1660 inscetantium
1117 1631 1199 1659 saluti
1237 1634 1266 1659 et
1281 1631 1433 1660 commodis
1456 1631 1613 1667 prospicere
1635 1639 1693 1661 non

36 1684 200 1713 desinebat.

78 1731 158 1759 Ἀλλ’
175 1731 217 1762 εἰς
230 1729 326 1765 καιρὸν
340 1728 396 1764 ἄρα.
416 1729 467 1764 τῆς
487 1728 598 1764 μνήμης
624 1726 759 1763 προῆλθεν
779 1725 839 1758 καὶ,

35 1780 49 1805 ὃ
62 1778 156 1805 πάλαι
170 1776 356 1812 διηρώτησας,
370 1775 397 1802 τί
407 1783 474 1801 ποτε
486 1774 563 1809 δηλοῖ
576 1773 607 1800 τὸ
620 1774 649 1800 ὲν
662 1772 701 1808 τῷ
713 1772 840 1806 Εὐάγγε-

35 1826 90 1861 λίῳ
108 1823 211 1860 ῥηθένο
227 1832 237 1849 ι
252 1822 307 1849 Καὶ
320 1822 487 1856 ἐκολάφισαν
503 1821 594 1848 αὐτόν.
611 1829 622 1846 ι
638 1818 725 1846 Τοῦτο
736 1818 766 1845 δὲ
781 1826 824 1844 κοι

36 1873 100 1898 νότε
105 1879 155 1906 ρον
171 1869 221 1905 μὲν
234 1869 277 1902 τὸ,
292 1867 450 1901 ἐνέπαιξαν,
463 1866 602 1903 σημαίνει.
611 1865 726 1896 Παιδιᾶς
734 1864 762 1892 δὲ
771 1861 839 1897 εἶδός

36 1919 100 1943 ἐστι
121 1915 155 1941 τὺ
171 1913 342 1948 κολαφίζειν,
359 1911 558 1948 μεταϐαλόντος
573 1909 620 1937 τοῦ
642 1909 731 1940 ἔθους,
745 1906 840 1942 ὥσπερ

37 1962 87 1989 καὶ
104 1961 152 1988 ἐπ’
169 1960 258 1987 ἄλλων
273 1958 393 1991 πολλῶν,
405 1957 468 1990 toﬁ
489 1958 530 1988 είς
544 1957 574 1984 τὸ
584 1965 606 1990 φ
619 1964 626 1971 ·
643 1955 660 1991 ὴ
677 1954 731 1990 γὰρ
751 1954 841 1980 ’Δττι-

36 2009 162 2041 κίζουσα
192 2005 304 2040 γλῶσσα
327 2004 373 2031 διὰ
389 2004 437 2030 τοῦ
455 2003 480 2036 ,β
493 2002 593 2038 μᾶλλον
617 2001 666 2037 τὴν
685 1998 758 2032 λέξιν
774 2007 841 2034 προ-

37 2056 135 2090 φέρει.
146 2051 245 2079 Τοίνυν
263 2050 404 2086 μιαιφόνον
413 2049 461 2076 καὶ¹
472 2048 620 2083 ἀχάριστον
632 2045 686 2073 τῶν
705 2044 841 2071 Ἰουδαίων

37 2101 118 2131 ἔθνος
130 2099 180 2126 ἐπὶ
194 2097 321 2125 τοσοῦτον
336 2096 378 2128 εἰς
393 2095 439 2122 τὸν
451 2094 602 2130 εὐεργέτην
616 2093 672 2125 τοῖς
687 2092 782 2127 θυμοῖς
794 2091 841 2118 ἀν-

36 2148 185 2184 ηρέθιστο,
203 2145 241 2176 ὡς
254 2144 292 2179 μὴ
313 2144 395 2179 μόνον
409 2144 505 2178 χεῖρας
518 2141 595 2176 αὑτῷ
610 2139 718 2174 σφαγῆς
732 2137 841 2166 ἀνατεί-

37 2183 109 2225 my,
125 2191 188 2219 ἀλλ’
204 2192 229 2218 εί
244 2191 291 2218 καί
302 2199 328 2217 τι
342 2190 411 2222 ὅλως
425 2189 525 2220 αὐτοὺς
541 2187 663 2214 διαλάθοι
679 2185 779 2221 χλεύης
792 2183 841 2211 καὶ

39 2236 243 2274 μυκτηρισμωῖ
259 2237 307 2263 καὶ
324 2234 479 2270 ἀσελγείας,
494 2233 509 2260 ὃ
529 2233 566 2269 μὴ
583 2232 736 2268 ὲντρίψειεν
753 2230 839 2266 αὐτῷ,

36 2285 117 2312 οὐδὲν
135 2282 254 2318 ἡγοῦντο
262 2280 438 2317 κατορθῶσαι
448 2279 531 2315 μέγα.
546 2278 625 2306 υῦτω
636 2277 739 2305 καὶτὸν
753 2277 840 2304 ἀκάν-

38 2331 114 2356 θινον
144 2327 291 2360 στέφανον,
313 2326 362 2353 καὶ⁵
379 2325 425 2352 τὸν
445 2324 580 2360 κάλαμον,
600 2323 649 2350 καὶ
665 2321 840 2358 τὸνβασιλέα

927 1722 1110 1750 Commodum
1126 1722 1171 1750 hic
1182 1722 1210 1749 in
1227 1728 1346 1750 mentem
1362 1722 1437 1750 venit
1454 1723 1592 1751 recordari
1606 1724 1691 1758 illius,

891 1770 964 1805 quod
981 1769 1046 1797 olim
1060 1777 1094 1797 ex
1113 1776 1157 1796 me
1171 1768 1334 1804 qumsivisti,
1350 1769 1417 1804 quid
1441 1777 1539 1805 nempe
1557 1770 1609 1798 sibi
1628 1771 1692 1797 veiit

891 1815 968 1847 illud,
986 1814 1059 1849 quod
1075 1814 1106 1841 in
1121 1813 1269 1850 Evangelio
1281 1814 1382 1841 dicitur
1396 1823 1404 1842 :
1425 1822 1435 1840 ‹
1453 1813 1487 1842 Ει
1504 1815 1634 1850 colaphos
1651 1815 1690 1843 illi

892 1861 1107 1897 impegerunt”.
1128 1870 1137 1887 ι
1154 1860 1229 1888 ΙιΙειη
1246 1860 1353 1888 scilicet
1374 1865 1427 1894 est,
1446 1861 1518 1896 quod
1535 1862 1691 1889 communi-

893 1911 934 1933 ter
948 1914 997 1941 per
1011 1905 1157 1939 ἐνέπαιξαν
1171 1905 1336 1940 exprimitur
1351 1914 1359 1932 :
1379 1905 1488 1933 ludibrii
1514 1906 1586 1933 enim
1604 1915 1691 1943 genus

892 1955 934 1978 est
949 1950 1117 1984 κολαφίζειν,
1134 1954 1242 1977 mutato
1264 1949 1369 1977 scilicet
1385 1957 1431 1984 per
1450 1950 1689 1983 consuetudinem.

891 1995 966 2032 quod
989 2000 1017 2023 et
1047 1995 1172 2030 plurimis
1195 1993 1307 2022 vocibus
1328 1994 1391 2022 aliis
1419 2002 1470 2030 usu
1496 1985 1586 2026 venit,
1607 1995 1646 2031 τῷ
1674 1996 1690 2031 β

891 2042 919 2070 in
949 2050 979 2077 φ.
1012 2040 1101 2069 Attica
1131 2040 1205 2068 enim
1235 2040 1370 2068 dialectus
1403 2041 1516 2069 verbum
1545 2042 1611 2069 illud
1641 2050 1691 2077 per

892 2088 908 2124 β
923 2087 1078 2123 exprimere
1093 2091 1178 2115 amat.
1194 2086 1412 2122 Sanguinolenta
1438 2087 1530 2122 itaque
1545 2091 1572 2115 et
1598 2088 1690 2123 ingra-

892 2133 1168 2162 tissimaJudaeorum
1184 2139 1250 2168 gens
1263 2131 1290 2159 in
1304 2132 1508 2160 benefactorem
1524 2140 1604 2159 suum
1620 2133 1689 2161 adeo

891 2180 1057 2215 impotenter
1070 2179 1220 2213 ferebatur,
1231 2183 1261 2206 ut
1276 2185 1331 2206 non
1343 2179 1432 2206 solum
1449 2179 1620 2208 truculentas
1631 2187 1687 2207 ma-

892 2234 945 2254 nus
966 2226 1005 2254 illi
1029 2225 1170 2259 injiceret,
1194 2224 1243 2253 sed
1259 2224 1283 2252 si
1305 2224 1370 2260 quid
1387 2224 1513 2258 ludibrii,
1533 2225 1689 2253 subsanna-

892 2273 976 2301 tionis
988 2277 1017 2300 et
1032 2271 1209 2308 procacitatis
1220 2271 1358 2307 reliquum
1374 2271 1505 2299 adversus
1519 2271 1595 2298 illum
1607 2271 1688 2298 fecis-

891 2325 943 2352 set,
960 2318 1041 2351 nihil,
1053 2317 1127 2353 quod
1141 2317 1232 2353 magni
1247 2322 1322 2345 esset
1340 2316 1484 2349 momenti,
1497 2317 1643 2352 perfecisse
1658 2325 1690 2344 se

38 2374 136 2402 καὶτὰ
151 2372 270 2400 τοιαῦτα
283 2370 431 2403 ἐνέπαιζον
445 2369 531 2405 αὐτῷ.
548 2369 604 2396 Καὶ
624 2369 672 2396 νῦν
683 2368 712 2395 δέ
727 2376 810 2402 φησιν
823 2368 837 2394 ὁ
853 2369 875 2398 ι)
890 2365 1043 2400 opinaretur

928 2365 1061 2392 inaretur.
1088 2363 1126 2392 Ita
1145 2368 1173 2392 et
1195 2371 1297 2391 corona
1320 2363 1414 2398 spinea
1437 2367 1465 2390 et
1488 2363 1623 2390 arundine
1642 2371 1687 2390 re-

41 2422 91 2455 μὲν
108 2419 216 2454 ὑψηλὸς
227 2419 275 2445 καὶ
290 2417 380 2452 μέγας
395 2417 524 2452 Ἰωάννης
536 2436 544 2449 ,
562 2415 657 2451 ὥσπερ
685 2414 839 2450 ἐπιτρέχων

39 2467 87 2502 τὴν
98 2466 193 2500 ὕϐριν,
207 2463 397 2498 Καίιὲδιδουν
406 2461 488 2494 αὐτῷ
502 2461 691 2496 ῥαπίσματα,
710 2461 739 2487 '0
751 2460 779 2486 δὲ
794 2460 838 2487 θε-

42 2512 154 2542 σπέσιος
175 2510 289 2544 Μάρκος
316 2509 363 2536 καὶ
390 2509 530 2540 Ματθαῖος
549 2508 649 2544 (μικρὰ
673 2508 728 2544 γὰρ
751 2508 768 2543 ἡ
783 2507 838 2534 τῶν

41 2558 177 2592 ῥημάτων
194 2554 370 2590 παραλλαγὴ)
387 2554 437 2581 καὶ
457 2554 488 2580 τὸ
502 2553 588 2589 ὄνομα
604 2553 654 2589 τῆς
667 2553 773 2588 ὕϐρεως
790 2552 836 2579 λέ-

40 2611 148 2635 γουσιν,
162 2600 212 2628 καὶ
224 2599 274 2635 τὴν
288 2599 336 2635 τῆς
352 2598 459 2634 ὕϐρεως
483 2599 594 2634 πρᾶξιντ
617 2608 627 2624 ‹
653 2598 834 2632 Ἐκολάφισαν

41 2650 94 2683 γὰρ
118 2646 215 2679 αὐτὸν,
246 2646 294 2673 καὶ
309 2644 429 2681 ἤρξαντο
456 2644 672 2680 περικαλύπτειν
701 2644 785 2671 αὑτοῦ
804 2644 835 2671 τὸ

75 2738 99 2755 ³⁸
123 2737 134 2765 l
155 2738 222 2767 Cor.
241 2745 284 2771 ιν,
311 2736 356 2765 12.
395 2737 416 2753 ³⁸
439 2736 534 2764 Matth.
559 2744 632 2769 xxvr,
649 2736 694 2764 67.
733 2736 756 2752 ⁵⁰
770 2735 850 2764 Joan.
867 2743 925 2768 xu,
943 2735 970 2763 3.
1008 2735 1030 2751 ⁸⁸

943 2735 970 2763 3.

891 2413 988 2448 gisque
1002 2411 1183 2447 appellatione
1201 2415 1229 2438 et
1245 2410 1383 2438 similibus
1396 2410 1420 2438 ei
1439 2409 1599 2438 illudebaut.
1625 2409 1687 2437 Jam

890 2465 956 2486 vero
972 2457 1099 2485 sublimis
1122 2461 1149 2484 et
1174 2463 1290 2492 magnus
1304 2454 1465 2489 Joannes“,
1489 2455 1587 2483 factam
1612 2456 1687 2490 inju.

890 2504 960 2531 riam
976 2503 1137 2531 summatim
1154 2502 1349 2537 complexurus
1360 2521 1368 2534 ,
1385 2501 1453 2529 dixit
1470 2510 1477 2529 :
1499 2501 1533 2528 Et
1557 2501 1686 2528 dederunt

891 2550 933 2577 illi
949 2549 1063 2585 alapas,-
1088 2548 1145 2576 divi
1173 2553 1264 2576 autem
1282 2547 1421 2576 Marcus“
1449 2552 1476 2575 et
1499 2547 1641 2575 Matthaeus
1652 2547 1686 2579 δ’,

890 2596 998 2632 (exigua
1010 2596 1083 2624 enim
1096 2600 1139 2623 est
1150 2603 1258 2628 vocum,
1271 2595 1373 2630 quibus
1384 2599 1509 2627 utuntur,
1522 2595 1686 2628 dillerentia)

890 2646 916 2670 et
929 2642 1071 2678 proprium
1088 2641 1197 2677 injuria:
1209 2641 1292 2676 hujus
1305 2647 1415 2674 nomen,
1431 2646 1458 2668 et
1474 2641 1563 2676 ipsum
1578 2641 1687 2676 injuria:

1008 2735 1030 2751 “
1053 2734 1137 2763 Marc.
1157 2742 1213 2768 xlv,
1234 2733 1280 2761 65.
1318 2733 1341 2749 ⁸³
1365 2732 1462 2760 Matth.
1479 2740 1552 2765 xxvr,
1569 2731 1613 2759 67.

812 2826 927 2855 ΝυΤίΕ.

80 2875 138 2911 (15)
153 2875 200 2903 Sic
219 2874 300 2904 Coll).
318 2882 370 2911 pro
387 2874 592 2911 περιψήμασιν.
