1873 3063
55 108 111 153 ’ἑο-ί

473 124 523 153 ΑΙ)
537 116 834 155 ΑΜΡΠΙΙ.ΟΟΗῙῘΙΜ
848 124 1019 161 ΟΙΙίΕΞΤΙΟ
1031 126 1182 160 CXXXIV.

1632 126 1684 162 738

55 178 144 213 ωην
166 177 195 204 δὲ
214 176 339 214 πάτριον,
361 178 408 205 καὶ
422 178 472 214 τὴν
482 179 578 215 λοιπήν
593 188 622 206 τε
637 180 685 207 καὶ
696 180 829 214 κυκλικὴν
840 188 847 195 ·
862 183 886 212 Α
903 181 957 215 ipsa

935 190 959 209 sa
978 184 1094 217 primum
1105 187 1241 212 sacratum
1252 185 1413 219 appellabat,
1426 186 1538 214 alterum
1556 188 1684 221 patrium.

56 225 204 260 ἱερατικὴν
220 225 270 259 μὲν
284 224 330 251 οὖν
345 225 427 260 ἡνίκα
442 225 487 252 τὸν
503 226 659 262 Λίγόκερων
670 228 684 253 ὁ
695 226 770 261 ἣλιος
782 235 852 260 παρ-

55 272 116 304 ιὼν,
140 272 182 304 είς
203 269 317 306 αὔξησιν
348 271 410 305 ἄγει
426 272 476 306 τὴν
495 272 613 307 ἡμέραν.
638 272 713 307 Λῦτη
732 272 760 298 δὲ
782 281 852 307 συμ-

55 317 158 344 πίπτει
185 316 254 352 πρὸς
282 316 425 352 ἀκρίϐειαν
451 317 499 351 μὲν
514 318 584 344 κατὰ
613 318 659 343 τὸν
681 317 852 352 καλούμενον

54 362 229 398 Δεκέμϐριον
242 362 328 397 μῆνα·
340 362 409 398 πρὸς
422 363 548 397 αἴσθησιν
556 363 584 389 δὲ
596 363 643 390 καὶ
656 363 773 398 μάλιστα
787 363 853 389 Ῥω-

57 409 166 444 μαίοις,
181 409 222 440 είς
248 408 294 435 τὸν
314 409 480 443 Ἰανουάριον
504 409 648 436 διαϐαίνει.
665 410 721 444 Τὴν
748 410 776 436 δὲ
801 411 852 435 πά-

56 455 165 490 τριονὸ
187 455 243 482 τῶν
272 455 365 490 μηνῶν
393 455 560 491 καλούμενος
584 457 706 492 Μάρτιος
731 456 853 490 ἀπεκλη-

60 503 161 538 ροῦτο·
185 502 231 528 ὅτε
260 503 307 529 καὶ
327 502 417 529 ὅπλων
441 502 548 538 κίνησίς
571 511 601 528 τε
623 502 671 528 καὶ
692 503 853 538 παρασκευὴ

58 547 236 574 ἐπεδείκνυτο
255 548 412 583 Ῥωμαίοις.
432 548 483 574 Τὸν
494 548 522 574 δὲ
532 557 563 582 γε
581 548 769 584 Σεπτέμϐριον
781 549 854 584 μῆνα

58 597 75 630 ἠ
88 595 209 630 κυκλική
224 603 254 621 τε
266 595 314 621 καὶ
326 594 452 630 πολιτικὴ
466 595 567 630 ψῆφος,
580 595 595 621 li
609 595 640 621 τὸ
655 595 700 622 σὸν
711 595 854 629 φιλόπονον

61 640 248 675 ἐπεζήτησεν,
276 640 364 676 ἀρχὴν
392 640 516 674 ἀπέφηνε
531 640 576 666 τοῦ
600 639 724 666 ἐνιαυτοῦ
739 639 804 675 (l7).
821 640 853 665 Ὅ

58 686 108 711 καὶ
120 685 234 719 γλῶσσα
251 685 301 720 μὲν
307 684 498 720 Ἐλληνίζουσα
511 685 603 711 καλεῖν
617 685 779 720 ἐπινέμησιν
787 682 853 716 οἶδε,

64 731 203 766 Ῥωμαῖοι
217 731 245 758 δὲ
260 732 413 758 ίνδικτιῶνα
424 740 431 746 '
447 732 494 758 καὶ
508 731 610 766 ταύτην
621 731 651 757 τὸ
667 731 716 766 μὲν
727 730 852 762 παλαιὸν,

59 776 273 812 πενταετηρίδος
293 777 389 812 χρόνος
417 776 577 807 ἀνεκύκλου,
600 775 629 802 ὃν
654 776 700 801 καὶ
725 775 855 810 λοΰστρον

57 823 186 858 πατρίως
196 822 320 849 ἐκάλουν.
338 822 453 849 Ἔπειτα
463 821 490 848 δὲ
502 821 636 856 τιμῶντες
652 821 723 855 ’Δρη
741 820 798 852 τὸν,
815 819 853 851 ὥς

59 877 140 903 φασι,
156 868 273 903 πάτριον
286 868 395 900 αὐτοῖς·
413 867 474 894 ἐπεὶ
489 867 544 894 τῶν
557 867 680 902 ἀστέρων
695 863 774 897 οὗτος
786 874 851 892 πεν-

59 914 267 950 τεκαιδεκαετίᾳ
284 914 423 948 ἐλάχιστον
431 913 530 948 δρόμον
544 912 632 938 ἀνύων
653 912 699 938 τὸν
713 911 778 952 [διον
803 920 852 938 πε-

61 961 190 996 ραιοῦται
207 960 457 995 κύκλον,ίσ4χρονον
469 959 559 986 ἔθεντο
573 959 620 985 καὶ
629 959 677 993 τὴν
691 958 852 993 ἐπινέμησιν

59 1007 120 1042 ἦτοι
137 1006 188 1042 τὴν
203 1006 357 1033 ίνδικτιῶνα
380 1006 520 1040 θέσπισμα
533 1004 687 1032 τελεῖσθαι·
704 1003 773 1031 ἀλλὰ
786 1003 852 1030 ταύ-

60 1059 111 1085 την
139 1051 192 1086 μὲν
214 1051 264 1086 τὴν
294 1050 395 1082 αἰτίαν,
422 1050 459 1082 ὡς
474 1049 508 1077 ἂν
530 1050 547 1085 ἡ
569 1049 681 1076 ἐκείνων
704 1050 853 1084 ἀρχαιότης

61 1097 140 1133 φαίη,
163 1097 179 1124 ὁ
204 1096 358 1132 θεολογικδς
376 1096 466 1123 αὐτῶν
484 1096 533 1122 καὶ
555 1095 671 1131 κρύφιος
699 1095 851 1130 ὑπογράφει

61 1145 175 1180 τρόπος.
193 1144 230 1171 ού
246 1143 343 1180 πόρρω
357 1143 385 1170 δὲ
400 1142 503 1178 ταύτης
516 1143 564 1169 καὶ
581 1143 598 1178 ὴ
608 1142 735 1176 λέγουσα,
748 1142 788 1168 ὅτι
802 1141 852 1176 τὴν

64 1190 227 1226 ίσημερινὴν
242 1189 319 1225 ὤραν
342 1189 541 1216 πεντεκαίδεκα
556 1188 661 1224 μορίοις
685 1188 741 1214 τισὶ
758 1187 851 1222 μαθὼν

61 1237 146 1270 ἐγγὺς
180 1235 423 1271 περιγραφομένην
453 1235 467 1261 ὁ
493 1234 669 1269 αὑταρχήσας
697 1232 851 1267 Αὔγουστος

68 1283 228 1318 Ῥωμαίων,
244 1283 291 1310 καὶ
313 1282 362 1317 τὴν
378 1281 564 1316 ἀνακύκλησιν
583 1280 630 1307 τοῦ
659 1279 783 1306 ὲνιαυτοῦ
811 1281 851 1311 είς

61 1329 106 1356 τὸν
123 1328 209 1355 αὑτὸν
232 1327 348 1363 ἀριθμὸν
372 1327 516 1355 ἐδικαίωσε
540 1325 717 1361 περιορίζειν.
742 1324 851 1352 Πολιτι-

62 1375 181 1410 κώτερον
196 1374 220 1401 δ’
234 1373 268 1401 ἂν
290 1373 394 1408 λέγοιεν
417 1373 465 1400 καὶ
484 1373 509 1400 oi
520 1372 587 1400 διότι
602 1373 740 1403 τοσούτοις
763 1371 851 1398 ἐτεσιν

67 1421 204 1456 Ἀντωνίῳ
226 1419 445 1447 συνυπατευκότι
467 1418 518 1454 τήν
531 1427 562 1445 τε
578 1418 632 1445 τῶν
645 1418 744 1444 κοινῶν
762 1425 850 1453 πραγ-

63 1468 156 1502 μάτων
177 1466 363 1502 μεταχείρισιν
378 1465 457 1501 ἔσχεν
467 1472 474 1480 ·
488 1462 547 1492 εἶτα
562 1464 610 1491 καὶ
626 1464 718 1499 μάχην
735 1463 848 1498 συνῆψε,

904 229 1014 256 tertium
1033 230 1172 265 politicum
1186 235 1215 258 et
1234 231 1376 266 cyclitanu.
1407 232 1521 259 Sacrum
1547 238 1599 265 est,
1625 241 1685 261 cum

902 274 1069 309 Capricorno
1081 277 1122 304 sol
1138 276 1280 311 egrediens
1295 277 1347 304 dici
1364 277 1533 305 incrementa
1546 278 1618 306 facit.
1630 279 1684 307 Hoc

902 325 992 348 autem
1006 321 1172 349 adamussim
1190 322 1285 349 incidit
1303 322 1329 349 in
1350 322 1526 351 Decembrem
1544 331 1685 352 mensem‘

903 366 948 392 sed
966 371 1054 394 tamen
1070 368 1108 399 id.
1124 367 1255 395 Romanis
1272 369 1417 403 praecipue,
1435 370 1542 397 nonnisi
1554 369 1685 398 Januario

903 420 998 440 mense
1015 414 1141 441 sentitur.
1168 413 1276 442 Initium
1294 422 1358 442 vero
1386 416 1502 450 patrium
1522 416 1685 451 appellatum

903 457 931 484 in
946 464 1067 485 mensem
1080 458 1206 486 Martium
1226 459 1395 492 incurrebat.
1411 468 1465 495 quo
1477 467 1596 496 tempore
1612 470 1686 490 arma

903 511 1013 530 movere
1028 504 1116 531 solent
1139 504 1255 532 Romani
1269 512 1296 533 et
1323 507 1357 533 ad
1371 507 1471 534 bellum
1501 507 1609 534 instrui.
1637 507 1684 536 Ser

903 550 1017 584 ptembri
1037 558 1130 578 mense
1143 551 1260 586 denique
1283 553 1385 587 cyclico
1401 553 1564 588 politicoque
1590 554 1682 582 suil'ra-

903 595 948 628 gio
964 595 998 621 de
1013 603 1066 629 quo
1081 600 1108 622 tu
1124 597 1245 624 studiose
1261 598 1467 631 rogas,initium
1483 599 1546 626 anni
1556 604 1686 628 statutum

904 642 965 669 fuit.
981 641 1014 668 Et
1027 650 1108 677 quam
1126 644 1234 678 quidem
1251 642 1342 671 Graeca
1360 653 1470 679 quoque
1486 646 1578 679 lingua
1600 646 1682 672 tntvé

905 695 989 722 μησιν
1003 689 1138 723 appellare
1156 689 1240 722 novit,
1255 688 1369 716 Romani
1385 697 1475 719 autem
1499 692 1686 726 indictionem,

905 733 973 760 banc
996 734 1060 760 olim
1077 734 1288 769 quinquennalis
1303 736 1396 771 cyelus
1411 737 1556 764 reducebat
1571 746 1577 764 :
1607 738 1686 772 idque

904 779 984 805 etiam
997 779 1111 806 lustrum
1128 781 1239 815 proprio
1250 781 1380 808 vocabulo
1395 782 1575 817 appellabant.
1588 782 1686 812 Deinde

905 824 969 859 quia
985 824 1097 852 Martem
1112 825 1247 860 colebant,
1260 834 1340 861 quem
1357 827 1398 855 sui
1415 828 1523 862 generis
1546 834 1685 857 auctorem

905 870 1001 903 aiunt;
1014 875 1041 897 et
1057 871 1120 905 quia
1139 871 1189 898 hoc
1204 872 1279 899 sidus
1295 873 1448 907 quindecim
1464 875 1544 902 annis
1559 875 1685 903 brevissi-

905 924 979 943 mum
998 924 1110 944 cursum
1125 918 1279 950 absolvens,
1291 926 1370 946 suum
1385 920 1490 955 cyclum
1501 921 1614 956 perlicit,
1630 922 1687 956 pari

904 962 1047 990 intervallo
1064 964 1225 998 ἐπινέμησιν
1241 964 1297 991 sive
1313 965 1488 993 indictionem
1518 966 1574 993 ﬁeri
1593 967 1687 995 decrea

902 1013 1011 1036 verunt.
1031 1008 1220 1037 Verumtamen
1237 1010 1306 1038 hanc
1332 1017 1455 1046 causam,
1482 1018 1512 1040 ut
1537 1013 1565 1040 in
1592 1021 1688 1042 eorum

903 1055 1113 1089 antiquitatibus
1128 1055 1224 1088 fertur,
1248 1057 1400 1092 theologica
1425 1053 1584 1086 earumdem
1606 1064 1688 1095 atque

903 1108 1002 1128 arcana
1017 1101 1086 1128 ratio
1100 1101 1239 1128 describit.
1255 1100 1348 1136 Neque
1365 1102 1399 1129 ab
1411 1102 1463 1130 hac
1489 1103 1566 1131 valde
1583 1104 1688 1132 abludit

903 1147 1035 1174 sententia
1057 1147 1103 1174 illa
1120 1154 1181 1182 quae
1195 1148 1232 1175 ait
1258 1148 1410 1183 Augustum
1432 1149 1617 1178 Romanorum
1635 1152 1687 1178 imi

902 1197 1066 1227 peratorem,
1081 1201 1143 1221 cum
1171 1193 1327 1221 rescivisset
1342 1194 1556 1229 mquinoctialem
1580 1200 1686 1231 tempes

901 1242 998 1265 statem
1018 1245 1034 1264 a
1061 1238 1233 1266 nonnullisin
1248 1239 1402 1274 quindecim
1413 1245 1502 1275 partes
1516 1240 1610 1274 dividi,
1623 1243 1686 1270 anni

902 1291 1011 1318 quoque
1022 1283 1162 1318 periodum
1179 1284 1274 1312 eodem
1293 1293 1406 1312 numero
1418 1286 1599 1314 deliniendam
1616 1295 1681 1315 cett-

902 1330 1000 1357 suisse.
1018 1329 1070 1357 Sed
1086 1330 1192 1358 civilior
1202 1335 1243 1358 est
1265 1332 1399 1359 Sententia
1427 1339 1483 1359 rem
1506 1334 1686 1368 repetentium

902 1375 936 1402 ab
964 1376 1087 1408 Augusto
1104 1376 1151 1411 qui
1165 1376 1276 1404 totidem
1291 1377 1370 1405 annis
1388 1377 1570 1413 principatum
1589 1379 1617 1406 in
1637 1387 1687 1414 pa-

902 1421 953 1447 tria
966 1429 1028 1448 cum
1040 1421 1159 1449 Antonio
1173 1422 1298 1457 gesserit,
1323 1429 1386 1449 cum
1414 1430 1501 1458 eoque
1529 1423 1686 1458 reipublicae

901 1467 1008 1494 clavum
1035 1467 1161 1501 tenuerit,
1183 1472 1240 1495 tum
1270 1468 1400 1497 adversus
1421 1477 1484 1496 eum
1508 1469 1687 1498 decertaverit

62 1514 149 1541 καὶτὸ
164 1513 224 1541 κατ’
233 1513 317 1541 αὐτοῦ
330 1513 460 1549 τρόπαιον
471 1509 552 1544 εἷλεν,
564 1513 609 1539 ὅτε
624 1511 672 1538 καὶ
680 1511 762 1546 μηνὸς
776 1511 850 1537 ἱστα-
862 1521 884 1550 c
904 1513 955 1540 tri“

935 1513 1126 1549 tumpbumque
1154 1515 1287 1547 retulerit,
1317 1519 1397 1551 atque
1421 1515 1567 1552 Egyptum
1593 1524 1688 1545 mense

63 1561 146 1595 μένου
174 1560 363 1596 Σεπτεμϐρίου
390 1561 407 1595 ἡ
426 1560 564 1594 Αἴγυπτος
586 1557 660 1594 αὺτῷ
682 1557 849 1594 δορυάλωτος

61 1607 182 1642 κατέστη
200 1605 269 1641 (18).
286 1606 409 1633 Ἐτέλουν
426 1605 475 1640 μὲν
493 1604 540 1632 οὖν
554 1604 614 1632 καθ’
631 1605 749 1639 ἑκάστην
763 1603 851 1639 ἀρχὴν

61 1653 188 1680 ἐνιαυτοῦ
205 1652 358 1685 ἰδιαζούσας
372 1660 403 1678 τε
415 1651 511 1682 Θυσίας
522 1651 570 1678 καὶ
580 1651 701 1684 τελετὰς,
715 1650 850 1685 τιμῶντες

61 1701 109 1728 καὶ
124 1699 301 1735 ἱλασκόμενοι
313 1699 360 1730 οὓς
372 1698 497 1734 ἐνόμιζον
523 1698 601 1725 αὐτοὶ
616 1697 693 1728 θεούς
705 1704 712 1711 ⁸
732 1697 849 1731 μάλιστα

61 1747 90 1774 δὲ
103 1745 176 1773 κατὰ
190 1745 236 1772 τὸν
252 1744 438 1780 Σεπτέμϐριον
458 1745 531 1780 μῆνα
546 1744 734 1779 λαμπρότερον
757 1743 849 1773 αὐτοῖς

61 1791 108 1818 καὶ
121 1790 327 1826 φιλοτιμότερον
351 1790 501 1826 ἐπράττετο
517 1789 620 1816 ταῦτα.

96 1837 129 1872 β’.
154 1836 234 1864 Ἐπεὶ
248 1836 293 1864 οὖν
307 1837 356 1870 τῆς
370 1836 489 1867 παλαιᾶς
507 1836 616 1870 Ῥώμης
629 1836 646 1869 ἡ
662 1835 709 1861 νέα
722 1834 768 1860 τὸν
783 1834 849 1868 κλῆ-

61 1892 109 1919 ρον
128 1883 233 1918 ὑπῆλθε
261 1884 308 1910 καὶ
332 1883 422 1910 κοινὸν
445 1883 581 1916 ἐκτήσατο
595 1882 625 1908 τὸ
654 1882 765 1916 κράτος.
785 1889 848 1915 μετ-

59 1930 158 1964 έστησε
171 1928 201 1956 δὲ
213 1928 261 1956 τοῦ
277 1928 448 1963 σεϐάσματος
464 1928 495 1955 τὸ
510 1928 610 1955 πλάνον
626 1928 665 1958 εἰς
681 1927 731 1962 τὴν
749 1926 847 1959 εὐσεϐῆ

59 1983 88 2002 τε
104 1975 152 2002 καὶ
166 1974 226 2009 Θεῷ
244 1974 404 2008 πρέπουσαν
420 1972 777 2009 λατρείαν,-συμμεθίστησι
801 1971 848 1998 καὶ

59 2021 108 2052 τὰς
119 2020 277 2055 δαιμονίους
296 2020 410 2051 τελετὰς
424 2020 472 2046 καὶ
484 2018 579 2049 θυσίας
589 2019 629 2050 εἰς
640 2017 804 2048 εὐσεϐούσας
818 2025 848 2042 τε

59 2068 105 2094 καὶ
120 2067 282 2102 θεοπρεπεῖς
296 2067 449 2101 ἁγιστείας.
466 2067 522 2094 Καὶ
544 2065 588 2093 διὰ
601 2066 679 2092 τοῦτο
697 2064 746 2100 τὴν
771 2063 847 2098 πρώ-

58 2123 107 2149 την
122 2113 172 2140 τοῦ
183 2112 368 2148 Σεπτεμϐρίου
382 2113 466 2148 μηνὸς
481 2112 631 2143 λιτανείαις
641 2120 672 2138 τε
684 2110 846 2146 δημοτελέσι

58 2160 105 2187 καὶ
119 2160 181 2191 ταῖς
203 2159 296 2190 ἄλλαις
312 2158 480 2193 ιλαστηρίοις
501 2158 595 2193 εὐχαῖς
615 2158 697 2192 νόμον
712 2156 787 2183 ἔθετο
802 2158 847 2182 τίν

902 1558 1053 1594 Septembri
1067 1560 1177 1587 ineunte
1190 1560 1274 1587 armis
1288 1560 1444 1588 obtinuerit.
1461 1561 1581 1597 Singulis
1595 1566 1686 1589 autem

901 1606 964 1633 anni
977 1605 1063 1633 initiis
1080 1606 1229 1641 peculiaria
1259 1607 1392 1635 sacriﬁcia
1422 1607 1546 1643 ritusque
1572 1615 1686 1643 perage;

902 1652 977 1685 bant,
1005 1653 1118 1681 honoris
1134 1660 1200 1688 ergo
1211 1656 1238 1681 et
1253 1653 1412 1688 placationis
1425 1661 1521 1682 eorum
1548 1662 1617 1689 quos
1633 1655 1684 1690 ipsi

901 1698 1033 1733 putabant
1048 1699 1299 1733 deoszprmsertim
1324 1706 1391 1727 vero
1417 1706 1510 1728 mense
1534 1699 1686 1735 Septembri

902 1743 1087 1778 splendidiora
1107 1743 1164 1772 haec
1178 1751 1257 1772 sacra
1273 1749 1300 1770 et
1323 1744 1495 1772 accuratiora
1521 1744 1573 1772 diis
1600 1745 1684 1773 facie-

901 1788 976 1815 bant.

937 1833 963 1860 2.
978 1833 1038 1860 .Iam
1055 1834 1101 1861 ubi
1118 1833 1215 1861 veteris
1229 1833 1323 1860 Romae
1335 1840 1406 1860 nova
1419 1836 1520 1860 sortem
1531 1833 1684 1868 occupavit,

902 1887 1130 1914 communemque
1167 1879 1316 1914 potentiam
1339 1879 1446 1914 adepta.
1483 1879 1686 1913 superstitionis

902 1933 1021 1952 errorem
1037 1925 1064 1952 in
1084 1925 1156 1960 piam
1172 1924 1281 1959 Deoque
1304 1924 1412 1959 dignam
1430 1924 1585 1960 religionem
1617 1932 1686 1951 con-

901 1971 981 1998 vertit
997 1980 1004 2004 ;
1022 1975 1088 1997 tunc
1104 1970 1237 1997 diabolica
1264 1977 1374 2004 quoque
1388 1969 1517 2005 mysteria
1534 1977 1566 1997 ac
1577 1970 1683 1997 sacriﬁ-

901 2017 943 2044 cia
968 2017 1070 2044 sanctis
1086 2016 1196 2051 Deoque
1209 2016 1300 2051 dignis
1314 2015 1483 2043 caeremoniis
1498 2015 1685 2044 commutavit.

902 2061 1007 2089 idcirco
1035 2062 1121 2096 prima
1138 2059 1307 2096 Septembris
1321 2060 1365 2087 die
1380 2059 1482 2087 litaniis
1496 2059 1613 2094 publicis
1625 2067 1687 2095 pred

905 2107 1037 2142 cibusque
1060 2106 1247 2142 piacularibus
1273 2105 1359 2133 Deum
1383 2106 1531 2141 propitiare
1547 2105 1687 2133 decrevit:

905 2154 1113 2189 pontiiicemque
1131 2153 1226 2181 adesse
1239 2153 1278 2181 rei
1291 2160 1387 2186 sacrae,
1404 2157 1486 2188 atque
1506 2160 1568 2180 eum
1593 2153 1690 2188 praeire

58 2206 124 2234 Θεὸν
136 2188 316 2239 ἐξιλεοῦσθαι.
332 2188 460 2240 παρεῖναί
472 2188 506 2231 τε
520 2188 565 2230 τίν
584 2188 715 2238 ἀρχιερέα
734 2203 791 2234 τοῖς
804 2210 848 2228 τε·
862 2188 886 2217 D
906 2188 953 2235 ipia

935 2202 953 2227 ia
968 2206 994 2228 et
1010 2201 1141 2228 salutaria
1157 2207 1271 2227 munera
1287 2207 1319 2227 ac
1341 2199 1487 2226 sacriﬁcia.
1506 2198 1590 2226 Porro
1605 2199 1689 2226 annui

58 2252 213 2287 λουμένοις,
224 2251 280 2278 τῶν
295 2251 460 2286 ἷλαστηρίων
485 2250 532 2277 καὶ
551 2249 694 2284 σωτηρίων
708 2247 847 2284 προηγού-

60 2307 140 2334 μενον
156 2297 302 2333 ίρουργιῶν
314 2305 345 2324 τε
364 2297 412 2324 καὶ
432 2296 571 2330 Θυμάτων.
598 2295 630 2322 Ἢ
649 2294 676 2321 δέ
699 2304 730 2326 γε
745 2296 848 2321 ἐπωνυ-

60 2344 108 2380 μία
123 2344 171 2371 τοῦ
189 2344 325 2370 ἐνιαυσίου
342 2343 443 2370 κύκλου
458 2344 475 2378 ἡ
492 2343 542 2378 μὲν
565 2341 757 2376 Ῥωμαῖξουσα
772 2339 847 2375 φωνὴ

58 2391 88 2418 τὸ
99 2391 216 2426 μήνυμα
235 2389 364 2425 σημαίνει
375 2398 382 2404 ·
400 2388 498 2424 μηνύει
512 2389 566 2422 γὰρ
583 2388 599 2422 ἠ
614 2388 685 2422 ἁρχὴ
701 2387 750 2423 τὴν
764 2387 843 2421 περί-

57 2437 114 2463 οδον
123 2445 132 2452 ⁸
151 2436 200 2463 καὶ
211 2434 291 2462 τοῦτο
302 2435 392 2466 αὐτοῖς
404 2436 478 2461 ἐστιν
495 2434 637 2461 ίνδικτιὼν.
662 2433 693 2459 'H
704 2433 733 2459 δὲ
753 2432 844 2463 Ἑλλὰς

61 2481 231 2518 φερωνύμως
245 2480 326 2516 ἔθηκε
350 2482 400 2515 τὴν
423 2480 594 2514 ἐπινέμησιν.
612 2480 648 2505 Οὐ
667 2479 721 2512 γὰρ
747 2479 786 2509 είς
814 2478 844 2503 ἁ-

60 2528 218 2563 παράϐατον
232 2527 280 2554 καὶ
294 2526 446 2562 ὡρισμένον
461 2525 544 2560 βάρος
559 2526 589 2551 τὸ
603 2525 717 2551 παλαιὸν
728 2525 752 2551 οἱ
764 2525 842 2559 φόροι

58 2574 111 2605 τοῖς
124 2572 258 2607 ὑπηκόοις
271 2572 414 2599 ἐτάττοντο
423 2571 491 2604 ,ἀλλ’
506 2572 523 2605 ἡ
538 2570 593 2597 τῶν
607 2570 721 2606 καρπῶν
734 2569 842 2603 γένεσις

60 2619 105 2653 τὴν
123 2617 252 2650 σύνταξιν
269 2618 360 2648 αὐτοῖς
385 2615 653 2651 ὲφιλανθρωπεύετο”
675 2614 843 2646 σπανίζουσα

61 2665 107 2699 μὲν
125 2665 182 2700 γὰρ
194 2665 360 2700 ήριάφρυνεν,
372 2662 522 2696 εὑθηνοῦσα
535 2662 562 2688 δὲ
579 2663 629 2688 οὐκ
643 2661 759 2696 ἐϐάρυνε
770 2669 778 2677 α
796 2661 843 2687 καὶ

901 2248 968 2284 cycli
980 2248 1123 2283 appellatio
1132 2247 1256 2274 Romano
1263 2246 1395 2273 vocabulo
1406 2244 1539 2281 signiﬁcat
1546 2244 1687 2272 indicium:

900 2294 1024 2328 Namque
1040 2294 1147 2321 initium
1166 2293 1255 2320 innuit
1267 2291 1408 2326 periodum
1427 2299 1434 2317 :
1450 2294 1533 2324 atque
1561 2289 1620 2316 haec
1645 2293 1688 2317 est

900 2341 954 2368 illis
978 2339 1102 2367 indietio.
1123 2338 1228 2365 Graecia
1243 2343 1352 2371 quoque
1368 2335 1490 2362 "nomine
1511 2335 1549 2361 rei
1566 2341 1687 2369 congruo

901 2385 971 2412 dixit
986 2384 1150 2419 ἐπινέμησιν
1164 2380 1418 2417 (distributionem).
1442 2380 1500 2407 Non
1515 2379 1588 2406 enim
1615 2379 1687 2414 apud

901 2435 1006 2457 veteres
1022 2430 1131 2456 tributis
1141 2433 1199 2456 erat
1211 2427 1360 2462 praeﬁnitus
1373 2430 1464 2454 certus
1477 2430 1559 2460 atque
1588 2424 1687 2451 immoa

899 2477 963 2503 bilis
981 2476 1079 2508 limes;
1093 2475 1140 2502 sed
1153 2481 1203 2509 pro
1230 2473 1369 2500 fructuum
1391 2477 1522 2507 proventu
1553 2469 1687 2506 stipendia

903 2521 959 2548 illis
975 2521 1124 2547 clementer
1152 2518 1380 2554 imperabantur:
1399 2518 1437 2544 ita
1469 2523 1497 2543 ut
1522 2517 1547 2543 in
1572 2523 1688 2543 annona:

896 2566 1029 2593 cbaritate
1046 2566 1246 2596 minuerentur.
1260 2565 1286 2590 in
1299 2566 1422 2591 ubertate
1438 2571 1490 2589 non
1503 2566 1685 2597 augerentur:
1730 2560 1733 2561 ⁷

897 2620 982 2647 quare
998 2612 1058 2639 sine
1081 2611 1190 2638 tristitia
1216 2610 1397 2646 quaestoribus
1424 2610 1527 2644 justum
1554 2607 1684 2635 tributum

898 2659 1102 2694 pet'solrebutur
1123 2666 1128 2683 :
1147 2657 1295 2691 etquidem
1315 2656 1360 2683 ubi
1389 2663 1458 2690 opus
1486 2661 1558 2682 esset
1575 2664 1582 2682 :
1611 2654 1686 2682 nulla

809 2731 928 2760 NOTAE.

92 2780 146 2815 (Π)
160 2779 228 2807 Vide
243 2779 434 2815 Kalendarium
461 2778 795 2815 ConstantinopoIitanum
810 2779 842 2805 ad

60 2817 126 2842 diem
136 2813 258 2850 primam
274 2814 455 2849 Septembris,
467 2819 494 2840 et
507 2821 567 2848 quae
582 2813 618 2840 ibi
631 2815 709 2840 docte
721 2813 843 2848 disputat

60 2850 210 2885 Stephanus
219 2850 385 2877 Morcetlius.

234 2899 368 2929 Parnm.
392 2899 448 2928 Gn.
467 2898 518 2929 Gl.

933 2776 988 2810 (18)
1007 2775 1042 2802 lie
1061 2775 1110 2801 hac
1126 2774 1295 2810 universam
1323 2772 1416 2800 confer
1432 2772 1572 2799 Patavium
1589 2769 1685 2798 Doctrt

899 2808 977 2846 temp.
993 2817 1058 2838 tom.
1075 2809 1106 2842 ll,
1121 2817 1147 2843 p.
1164 2808 1294 2835 566-368.

1490 2890 1528 2918 ἓιῶ
