1873 3063
204 91 258 122 ’139

782 88 914 119 ΡΠΟΤΙΙ
935 85 1188 116 PATRIARCIUE
1198 85 1251 114 (ΖΡ.

1776 84 1826 116 740

203 143 408 171 enim~iustante
437 142 612 174 necessitate,
639 142 770 170 tributum
800 150 913 178 prorsus
936 149 991 169 non
1006 139 1056 171 Αδ

1074 139 1180 171 ένειμεν
1189 138 1300 170 ἀλύπως
1315 138 1370 169 τοῖς
1383 136 1627 173 φορολογουμένοις
1638 137 1669 163 τὺ
1681 137 1811 172 ἀνάλογον
1822 147 1829 155 ·

204 190 380 225 exigebatur;
392 189 438 216 sed
453 189 498 216 uni
514 189 693 224 sibiquisque
702 189 822 224 agricola
838 189 989 217 laborabat.

204 235 297 270 Itaque
311 235 345 262 ab
359 235 519 270 imperando
532 236 671 270 sigillatim
684 237 800 264 subditis
815 237 915 264 tributo
944 243 992 263 na-

203 284 246 308 cta
259 284 299 307 est
314 287 413 306 nomen
426 281 590 315 ἐπινέμησις
606 280 670 308 anni
684 281 820 315 periodus.
848 280 900 314 Qui
928 287 992 308 vero

202 333 217 352 a
230 325 340 352 victoria
354 326 387 352 ad
405 326 514 352 Actium
528 325 705 354 indictionem
719 327 993 362 confingunt,duram

202 372 295 399 auditu
312 376 339 399 et
355 372 408 399 iide
425 373 541 399 alienam
557 372 683 400 vocabuli
694 373 826 408 originem
846 374 871 400 vi
893 380 992 408 procu-

202 419 280 446 dunt.
297 417 348 445 Sed
364 423 454 445 tamen
468 418 537 451 haec,
551 423 634 453 prout
654 419 786 446 memoria
803 419 868 446 mihi
893 426 993 454 suppe-
1007 436 1011 439 -

201 464 298 492 ditavit
315 464 349 491 ad
365 468 439 491 tuam
457 464 699 499 interrogationem
727 464 799 492 dicta
823 465 888 491 sint.
914 463 992 497 Quod

201 510 264 537 situ
287 517 319 536 ex
338 515 386 536 tuo
409 509 516 536 diutino
531 509 654 537 historiae
666 509 758 536 studio
789 509 916 536 haustum
941 509 992 536 ali—

202 555 265 590 quid
284 555 351 582 mihi
369 555 525 590 protuleris.
541 555 676 590 dictisque
691 555 761 582 meis
785 555 935 587 addideris,
963 555 990 581 id

202 601 269 629 mihi
284 601 516 636 jucundissimum
535 600 594 628 fore
608 601 687 628 scito.

1042 186 1089 213 καὶ
1105 185 1165 212 τότε
1182 186 1227 211 ὅτε
1250 184 1329 220 χρεία
1357 184 1459 216 ἐκάλει,
1487 183 1602 218 μηδενδς
1628 183 1655 209 δὲ
1680 183 1754 215 ὄντος
1785 185 1828 211 τοῦ

1044 230 1216 266 βιαζομένου,
1232 229 1287 256 οὐδ’
1302 230 1370 260 Ιἷλως
1380 230 1394 256 ὁ
1409 229 1491 264 φόρος
1516 228 1678 264 ἐπράττετο,
1702 229 1759 256 ἀλλ’
1776 230 1830 265 ὲγί-

1043 286 1104 304 νετο
1117 277 1212 312 κέρδος
1225 277 1239 302 ὁ
1256 276 1336 307 πόνος
1347 276 1408 306 ὅλος
1423 276 1483 307 τοῖς
1493 276 1697 310 γεωργήσασιν.
1724 277 1770 310 Ἐξ
1782 275 1826 303 οὖν

1043 323 1090 350 τοῦ
1107 323 1283 358 διανέμεσθαι
1311 323 1367 353 τοῖς
1391 322 1522 357 ὑπηκόοις
1552 321 1601 357 τὴν
1627 322 1765 355 σύνταξιν,
1781 323 1826 358 τὴν

1045 369 1203 404 ἐπωνυμίαν
1223 369 1302 404 ἔσχεν
1323 368 1401 404 ήτοῦ
1416 368 1541 394 ἐνιαυτοῦ
1562 368 1686 403 περίοδος
1707 369 1829 404 ἐπινέμη-

1044 424 1097 448 σις.
1112 416 1143 442 Οἱ
1157 415 1179 441 δ’
1194 415 1248 442 ἀπὸ
1255 414 1305 450 τῆς
1315 414 1379 450 περὶ
1391 415 1501 440 Ἀκτιον
1515 414 1593 449 νίκης
1610 414 1661 450 τὴν
1675 414 1826 441 ἱνδικτιῶνα

1044 462 1275 497 συμπλάττοντες,
1290 461 1331 492 είς
1344 460 1374 487 τὸ
1391 461 1581 497 λυπηρότατόν
1597 469 1626 487 τε
1649 462 1682 496 τῇ
1699 462 1769 497 ἀκοῇ
1785 462 1829 488 καὶ

1044 508 1154 539 πειθοῦς
1170 507 1288 543 ἀπέσχον
1300 506 1410 534 δοκοῦσί
1426 515 1471 542 μοι
1490 506 1538 539 τὴν
1549 506 1621 539 λέξιν
1644 507 1828 538 ὲκϐιάζεσθᾶι.

1051 553 1131 581 Ἀλλά
1146 554 1201 589 γὰρ
1217 553 1304 580 ταῦτα
1327 553 1378 589 μὲν
1405 553 1478 580 κατὰ
1495 552 1525 579 τὸ
1542 554 1688 588 πρόχειρον
1704 554 1753 588 τῆς
1770 554 1825 588 μνή.

1045 609 1098 635 μης
1124 600 1188 635 περὶ
1202 597 1240 626 ὧν
1254 600 1404 636 ἠρώτησας
1431 598 1549 634 ἀπεδόθη
1560 607 1567 614 ·
1584 600 1608 625 ει
1621 599 1650 625 δέ
1672 608 1698 625 τι
1722 600 1770 626 καὶ
1785 599 1831 633 τῆς

202 646 456 683 περὶτὴνίστορίαν
471 645 583 681 βαθείας
593 646 689 681 σχολῆς
721 645 941 681 ἀνελκυσάμενος
967 645 1121 679 ἐπιδείξεις,
1137 646 1186 672 καὶ
1214 647 1270 677 τοῖς
1299 646 1456 682 εἰρημένοις
1484 644 1644 680 προσθείης,
1678 645 1726 672 καὶ
1758 646 1831 672 τοῦτο

201 697 267 732 ἡμῖν
281 695 459 731 χαριέστατον
472 694 560 722 ἔσται.

192 752 365 788 (ΩυίΕΞΤΙΟ
377 752 511 781 CXXXV.
540 752 636 788 [CoirL
657 751 758 779 CLVII.
787 751 866 778 Taur.
891 749 993 785 CLVI.]

1312 749 1477 776 ΕΡΩΤΗΣΙΣ
1491 750 1576 778 ΡΛΕ¹.

192 786 297 827 {Nonne
322 800 376 826 hau:
408 786 590 825 contradicunt
607 798 657 824 sibi
684 797 793 824 invicem
810 804 818 823 :
836 805 845 822 ι
863 795 957 831 Siquis
972 801 996 822 te
1048 796 1056 821 ί

1074 795 1115 832 tiu;
1129 795 1186 832 vim
1200 794 1286 832 ἔστιν
1295 796 1439 832 ἐναντίον
1455 796 1487 822 τὸ
1501 796 1611 831 λέγειν·
1629 807 1638 823 ε
1657 798 1729 825 Ἑαν
1738 799 1785 832 τίς
1796 807 1831 826 σε

236 835 394 869 percusserit
410 836 437 860 in
452 833 592 860 maxillam
605 833 738 869 dectram,
765 836 834 869 certe
850 833 890 858 illi
905 836 930 869 et
954 831 996 869 al-

239 867 339 902 terum;
361 879 370 895 ι
388 873 415 896 et
430 879 437 896 :
461 878 469 894 I
489 869 519 896 Si
535 872 622 895 autent
646 868 720 900 bene,
735 867 799 902 quid
814 875 854 893 me
865 867 943 894 mdis
957 867 969 893 Υ
983 875 992 892 ι

1079 831 1197 868 puniti};
1209 830 1258 868 ἐπὶ
1273 830 1329 868 τῂν
1346 830 1451 862 δεξιὰν
1465 833 1604 865 σιαγόνα,
1627 833 1763 868 στρέψον
1773 830 1831 860 αὐ-

1084 865 1124 905 ἰῷ
1139 866 1188 892 καὶ
1205 865 1262 899 τὴν
1281 865 1390 900 ἄλλην.
1411 875 1421 890 ι
1438 880 1471 885 ·-
1488 875 1497 891 ε
1517 868 1550 894 El
1573 867 1607 894 δέ
1618 865 1727 902 “aldi”
1753 870 1783 896 τί
1795 878 1831 905 με

1009 903 1032 933 Β
1080 900 1194 934 δέρεις;
1214 910 1222 925 ι

202 979 329 1006 Editarum
344 987 357 1004 ιι
375 979 464 1004 Wolﬁo
473 979 566 1004 decima
577 981 647 1003 sexta
659 977 734 1014 (Eur.
750 976 874 1014 Plhi‘loLt.
885 976 915 1014 γ,
931 977 1085 1014 ρ.-;1ιξ8ς7ω.
1097 978 1222 1014 -ρδιιεῃα
1241 978 1387 1014 ΒίῡίῑοιΙι.ἑ
1402 980 1468 1012 XIII,
1484 988 1509 1013 p.
1525 982 1640 1012 729-732,
1652 989 1677 1006 n.
1692 983 1733 1014 52)
1751 997 1783 1002 -
1797 984 1830 1009 De

630 1008 750 1039 antilogia
765 1008 832 1033 inter
846 1011 942 1033 textum
955 1008 1040 1033 Matth.
1054 1015 1077 1039 ν,
1097 1009 1127 1034 39
1144 1013 1170 1034 et
1183 1011 1254 1035 Joan.
1276 1018 1345 1041 xvul,
1357 1012 1396 1036 25.

240 1077 319 1106 Levis
349 1081 508 1112 pacataeque
539 1076 758 1104 conversationis
782 1076 991 1103 fundamentum

201 1125 305 1159 iaciens
337 1123 471 1155 Salvator,
490 1123 616 1158 praecepti
641 1122 729 1150 instar
755 1121 895 1149 inculcat:
930 1130 939 1147 I
959 1120 991 1148 Si

203 1171 265 1206 quis
279 1174 304 1197 te
317 1169 482 1204 percusserit
499 1168 526 1195 in
539 1167 679 1195 maxillam
695 1167 847 1199 dexteram,
863 1171 937 1194 verte
950 1166 990 1193 illi

202 1221 230 1244 et
254 1216 367 1243 alteram
382 1215 438 1247 ως
457 1223 467 1240 ι
486 1214 544 1248 ipse
557 1221 632 1247 vero,
649 1213 683 1241 ab
709 1213 866 1242 hominibus
895 1212 991 1240 maxil-

204 1259 256 1286 lam
274 1259 389 1286 alteram
416 1265 575 1294 percussus,
603 1264 654 1293 pro
670 1265 703 1285 eo
729 1258 802 1293 quod
822 1258 933 1285 alteram
953 1257 992 1285 illi

201 1309 329 1339 verteret,
341 1304 502 1339 respondit:
521 1313 530 1330 ι
547 1304 616 1337 Quid
628 1312 671 1331 me
685 1305 767 1332 caedis
783 1304 826 1331 "2
846 1314 855 1330 ι
873 1304 910 1331 Ita
928 1311 992 1331 vero

201 1351 269 1386 egit,
291 1359 345 1377 non
369 1358 445 1384 sane,
463 1351 544 1386 quasi
559 1351 763 1379 inconsiderate
788 1356 816 1379 et
835 1351 923 1378 obiter
954 1351 990 1378 ita

202 1396 268 1423 olim
293 1396 450 1431 cogitasset,
480 1400 508 1423 et
536 1403 610 1423 nunc
635 1403 719 1431 opere
750 1396 810 1430 ipso
835 1403 990 1423 sermonem

203 1449 283 1470 suum
303 1445 445 1469 everteret.
471 1441 528 1468 Iiuo
543 1449 608 1469 vero
628 1443 680 1470 hoc
702 1442 760 1476 ipso
784 1441 858 1469 facto
878 1442 991 1469 verbum

203 1487 270 1514 illud
282 1494 362 1513 suum
378 1486 471 1521 potius
487 1487 616 1513 astruxit.
632 1486 700 1513 Nam
716 1486 754 1514 ibi
785 1486 894 1520 quidem
922 1493 992 1520 prae-

203 1538 311 1568 ceptum
324 1533 382 1568 ejus
395 1537 506 1560 mutuas
536 1532 651 1567 injurias
679 1533 816 1568 prohibet,
849 1541 896 1568 per
921 1541 991 1568 quas

201 1579 342 1608 contentio
355 1580 382 1606 in
396 1580 532 1607 infinitum
543 1580 704 1614 producitur
720 1589 726 1606 :
742 1579 859 1614 ideoque
872 1587 888 1606 a
902 1580 990 1614 prima

202 1634 322 1662 quoque,
336 1634 396 1661 quae
414 1626 472 1653 ﬁeri
490 1631 607 1660 poterat,
622 1625 830 1653 retributionem
854 1625 991 1652 abstinere

199 1673 287 1708 jubet.
315 1671 387 1699 Idem
402 1679 468 1699 vero
482 1672 564 1699 etiam
583 1679 655 1698 nunc
667 1671 794 1698 faciebat.
811 1669 906 1705 Neque
917 1671 989 1698 enim

202 1719 298 1746 ultrice
315 1726 397 1746 manu
428 1719 547 1754 injuriae,
575 1726 591 1746 a
618 1718 799 1753 percutientis
832 1717 877 1745 illa
900 1717 987 1751 factae,

200 1773 296 1802 poenas
309 1765 425 1800 repetiit,
451 1765 498 1792 sed
516 1765 544 1791 in
561 1764 601 1791 rei
615 1764 814 1799 indignitatem,
826 1770 917 1791 causa:
930 1770 988 1790 sua:

199 1813 398 1848 patrocinalus,
417 1812 509 1839 verbis
525 1816 630 1839 tantum
644 1811 846 1839 animadvertit.

236 1859 353 1894 Propius
380 1867 444 1886 vero
454 1858 517 1891 illa,
542 1865 603 1893 qum
631 1858 683 1885 sibi
704 1858 819 1885 invicem
837 1866 989 1894 repugnare

199 1910 340 1941 putantur,
361 1905 397 1932 ita
415 1904 644 1932 conciliabuntur.
674 1904 714 1931 Ibi
731 1903 835 1931 scilicet
850 1904 904 1931 illis
915 1909 989 1930 velat

200 1951 339 1982 resistere,
368 1950 416 1985 qui
444 1950 471 1977 in
494 1957 594 1984 corpus
610 1954 637 1977 et
658 1957 701 1983 ea,
717 1957 779 1984 quae
801 1949 873 1977 circa
885 1956 986 1983 corpus

199 2001 274 2030 sunt,
292 1996 410 2031 injurios
424 2003 453 2023 se
471 2000 613 2031 praestant.
642 1995 692 2023 Hic
707 2003 772 2023 vero
789 1995 843 2022 nisi
855 1995 987 2022 erimina-

199 2043 316 2072 tionem.
344 2042 424 2076 quasi
456 2046 623 2077 perverteret
648 2047 676 2070 et
692 2042 832 2069 seduceret
849 2041 986 2074 homines,

199 2094 269 2122 quos
287 2088 346 2122 ipse
366 2087 439 2114 male
461 2087 570 2114 habitus
584 2093 657 2115 recte
677 2088 794 2115 ducebat
805 2092 832 2114 et
851 2087 985 2119 servabat,

199 2133 242 2160 vel
262 2132 352 2159 verbis
368 2132 474 2160 amoliri
488 2133 663 2166 instituisset,
681 2132 791 2168 quando
803 2132 986 2161 calumniato-

198 2185 244 2206 res
257 2178 295 2205 illi
310 2185 360 2206 sua
376 2178 499 2214 colaphis
513 2179 622 2207 ﬁrmare
635 2179 789 2213 audebant;
805 2179 859 2207 illis
876 2180 984 2214 quidem

199 2224 314 2252 liberam
347 2225 512 2252 criminandi
543 2229 704 2260 potestatem
741 2224 861 2259 fecisset,
890 2229 928 2258 et,
957 2230 986 2253 ut

198 2271 292 2306 pejora
319 2271 462 2304 auderent,
493 2277 590 2299 auctor
612 2270 718 2303 fuisset,
744 2277 774 2298 se
789 2270 880 2306 ipsum
893 2279 985 2299 veroa

198 2316 334 2343 calumnia
359 2315 404 2343 illa
430 2321 458 2344 et
479 2315 639 2348 mendaciis,
670 2322 732 2350 quae
748 2315 830 2350 impie
851 2316 878 2342 in
895 2316 984 2351 ipsum

198 2362 370 2395 evomebant,
405 2370 459 2390 non
481 2361 633 2389 liberasset.
664 2360 715 2388 Ubi
738 2361 821 2397 igitur
841 2362 912 2389 inter
928 2362 985 2390 haec

1080 1077 1223 1109 Πολιτείας
1249 1079 1353 1113 ἡμέρου
1382 1079 1429 1105 καὶ
1450 1078 1632 1106 ἀστασιάστου
1646 1079 1769 1114 κρηπῖδα
1780 1089 1829 1114 πη.

1043 1123 1109 1157 γνὺς
1125 1123 1140 1149 ὁ
1153 1123 1259 1159 Σωτὴρ,
1278 1133 1288 1149 ι
1312 1123 1375 1151 Ἐάν
1393 1125 1436 1156 τίς
1447 1133 1478 1151 σε
1495 1125 1600 1160 ῥαπίσῃ
1618 1125 1665 1152 ἐπὶ
1680 1125 1730 1161 τὴν
1742 1125 1830 1158 δεξιὰν

1044 1169 1169 1203 σιαγόνα,
1187 1169 1304 1204 στρέψον
1321 1169 1395 1204 αὐτῷ
1405 1171 1453 1197 καὶ
1463 1171 1512 1206 τὴν
1524 1171 1620 1206 ἄλλην,
1637 1180 1646 1197 ι
1659 1170 1708 1206 τὴν
1722 1172 1831 1207 ἐντολὴν

1041 1213 1144 1249 ταύτην
1173 1214 1372 1247 ὑποὸάλλεται,
1387 1215 1471 1246 αὐτὸς
1485 1215 1514 1241 δὲ
1535 1216 1659 1250 πληγὰς,
1677 1216 1727 1247 τὰς
1744 1216 1775 1248 ἐξ
1788 1217 1832 1242 ἀν-

1043 1259 1172 1294 θρώπων,
1188 1260 1235 1287 ἐπὶ
1260 1261 1363 1296 κόρρης
1386 1260 1477 1287 λαϐὼν
1490 1261 1552 1288 ἀντὶ
1565 1261 1610 1288 τοῦ
1623 1261 1750 1296 στρέψαι,
1771 1271 1781 1287 ι
1801 1263 1832 1288 Τί

1044 1315 1078 1341 με
1091 1306 1180 1342 δέρεις
1194 1315 1201 1340 ;
1215 1316 1225 1333 ι
1242 1307 1391 1342 ἠμείψατο.
1407 1308 1557 1343 Οὐδαμῶς,
1574 1308 1612 1340 ὼς
1637 1308 1670 1335 ἂν
1684 1309 1723 1340 είς
1735 1309 1768 1335 τὸ
1782 1309 1831 1336 ἀπ-

1042 1353 1205 1386 ερίσκεπτον
1225 1353 1281 1388 (19)
1299 1354 1483 1389 περιτραπείη
1502 1354 1533 1380 τὸ
1554 1354 1702 1390 περίεργον
1718 1354 1778 1382 τῶν
1792 1355 1833 1382 λο-

1041 1400 1160 1434 γισμῶν,
1172 1401 1229 1432 τοῖς
1239 1400 1330 1436 ἔργοις
1343 1400 1389 1427 τὸν
1403 1401 1482 1435 λόγον
1493 1401 1548 1436 (20)
1559 1401 1832 1436 καταστρεψάμενος,

1041 1446 1142 1479 τρόπον
1168 1446 1196 1472 δέ
1228 1455 1289 1473 τινα
1314 1447 1415 1482 μᾶλλον
1439 1448 1492 1474 κάν
1511 1449 1543 1483 τῇ
1563 1448 1675 1484 τοιαῦτῃ
1689 1448 1794 1483 πράξει
1804 1448 1833 1474 τὺ

1043 1491 1118 1526 ῥῆμα
1134 1490 1364 1527 βεϐαιωσάμενος.
1380 1494 1469 1520 Κάκεῖ
1483 1493 1533 1528 μὲν
1547 1493 1600 1529 γὰρ
1623 1495 1639 1528 ή
1670 1494 1834 1528 παραίνεσις

1039 1536 1090 1571 τὴν
1107 1537 1255 1571 ἀμοιὸαίαν
1274 1539 1411 1574 τιμωρίαν
1433 1539 1627 1575 περιέκοπτεν,
1648 1539 1681 1566 δι’
1696 1537 1730 1574 ἦς
1749 1541 1793 1572 εἰς
1804 1541 1833 1566 τὺ

1041 1581 1180 1618 ἄπειρονὴ
1195 1583 1289 1616 στάσις
1304 1585 1479 1620 προέρχεται.
1496 1585 1542 1611 Διὸ
1563 1585 1613 1620 τῆς
1639 1584 1756 1620 πρώτης
1771 1587 1834 1612 ἀντ-

1041 1628 1238 1662 επιχειρήσεως
1262 1629 1420 1661 ἐξίστασοαι
1443 1628 1593 1661 διετάξατο.
1611 1630 1667 1656 Καὶ
1687 1628 1736 1656 νῦν
1754 1630 1785 1656 δὲ
1804 1630 1833 1655 τὺ

1040 1672 1106 1698 αὐτὸ
1119 1673 1293 1709 διεπράξατο.
1306 1675 1343 1701 Οὐ
1357 1675 1412 1710 γὰρ
1428 1674 1536 1710 ἀμύνης
1558 1675 1630 1710 χειρίΙ
1646 1675 1696 1710 τὴν
1714 1676 1834 1709 ῥαπίσα-

1004 1722 1026 1752 c
1043 1726 1093 1744 σαν
1105 1718 1155 1753 τῆς
1169 1718 1275 1754 ὕϐρεως
1295 1719 1373 1755 δίκην
1394 1721 1588 1755 εἰσεπράξατο,
1616 1720 1792 1758 δικαιολογία
1806 1721 1832 1747 δὲ

1041 1763 1109 1800 μόνῃ
1124 1765 1254 1799 ῥημάτων
1265 1765 1313 1801 τὴν
1330 1765 1436 1793 ἀδικίαν
1448 1766 1597 1802 διήλεγξεν.

1079 1854 1187 1890 ’Λχθείη
1202 1855 1224 1882 δ’
1247 1856 1279 1882 ἂν
1295 1857 1460 1893 οἰκειότερον
1475 1858 1515 1890 εἰς
1539 1859 1700 1893 συμφωνίαν
1727 1860 1832 1894 μᾶλλον

1038 1900 1068 1926 τὸ
1081 1901 1208 1935 νομισθὲν
1229 1902 1474 1938 ἀντιφθέγγεσθαι,
1501 1905 1542 1932 ὅτι
1557 1905 1618 1932 ἐκεῖ
1630 1905 1680 1940 μὲν
1703 1907 1763 1938 τοῖς
1776 1908 1832 1934 ἀδι-

1039 1946 1132 1973 κοῦσιν
1139 1948 1179 1979 είς
1191 1947 1222 1974 τὸ
1233 1948 1313 1984 σῶμα
1325 1950 1373 1976 καὶ
1387 1952 1454 1986 περὶ
1469 1950 1550 1986 σῶμα
1562 1952 1599 1986 μὴ
1609 1951 1663 1978 δεῖν
1675 1952 1833 1988 ἀπείρηκεν

1039 1992 1261 2022 ἀντανίστασθαι.
1299 1995 1432 2022 Ἐνταῦθα
1452 1997 1480 2023 δὲ
1509 1997 1615 2032 πλάνης
1640 1999 1765 2034 γραφὴν,
1785 2001 1833 2026 καὶ

1038 2038 1140 2075 βλάϐης
1157 2039 1319 2076 ἀνθρώπων,
1337 2041 1382 2074 οὒς
1393 2043 1494 2079 ὼδήγει
1515 2052 1545 2070 τε
1561 2045 1608 2070 καὶ
1625 2043 1752 2077 διέσωζε,
1770 2045 1831 2072 δ;ω-

1038 2086 1163 2121 κὸμενος,
1199 2088 1224 2112 εἰ
1244 2087 1312 2123 μηδὲ
1325 2089 1430 2124 ῥήμασι
1441 2090 1570 2125 διανέστη
1585 2090 1728 2124 λύσασθαι,
1744 2092 1764 2118 ἃ
1777 2101 1826 2119 κα-

1036 2132 1216 2165 τασκευάζειν
1245 2135 1302 2166 τοῖς
1337 2136 1510 2171 ῥαπίσμασιν
1541 2137 1564 2163 oi
1593 2138 1830 2172 συκοφαντοῦντες

1037 2178 1257 2214 ἐμηχανήσαντο,
1271 2181 1396 2213 ἐκείνους
1419 2182 1469 2217 μὲν
1481 2183 1521 2214 εἰς
1534 2183 1631 2216 ἄφεσιν
1646 2182 1768 2210 ἀπέλυεν
1783 2183 1829 2210 τοῦ

1037 2225 1222 2260 ἐγκλήματος,
1241 2227 1288 2253 καὶ
1305 2227 1373 2262 πρὸς
1387 2228 1488 2263 θράσος
1504 2228 1605 2264 μᾶλλον
1619 2229 1768 2265 ὲπὲτριΰεν
1777 2230 1829 2266 τῆς

1037 2272 1220 2307 ἀνοσιότητος,
1236 2273 1318 2301 αὐτὸν
1332 2274 1360 2300 δὲ
1372 2274 1421 2310 τῆς
1438 2275 1621 2310 συκοφαντίας
1637 2277 1684 2302 καὶ
1698 2277 1747 2303 τοῦ
1763 2277 1829 2312 ψεύ-

1036 2317 1107 2349 δους,
1126 2317 1199 2352 ἅπερ
1214 2318 1296 2345 αὐτοῦ
1321 2319 1460 2352 δυσσεὸῶς
1490 2322 1631 2357 κατέχεον,
1658 2322 1709 2349 οὒκ
1726 2323 1762 2350 ἂν
1779 2323 1828 2354 τὰς

1037 2363 1125 2395 αίτίας
1143 2364 1288 2392 ἀπελύετο.
1308 2365 1362 2392 Ποῦ
1384 2367 1530 2403 τοιγαροῦν
1553 2369 1663 2396 ἐναντία
1690 2370 1790 2404 ταῦτα,
1811 2370 1826 2405 ἢ

198 2414 289 2441 pugna
303 2413 356 2440 est,
372 2412 399 2435 et
413 2407 550 2442 quomodo
565 2406 617 2434 sibi
636 2406 826 2435 contradicunt
850 2415 858 2435 :
879 2408 985 2435 caeden-
1002 2401 1024 2430 D
1039 2417 1056 2443 μ

1074 2409 1191 2444 .χόμενα,
1201 2409 1254 2436 Τὸν
1269 2411 1426 2446 ῥαπίσαντα
1447 2401 1485 2448 μη
1502 2414 1717 2451 ἀντιρραπίσῃξ,
1740 2401 1789 2442 τὸν
1800 2401 1828 2441 δέ

197 2458 251 2480 tem
273 2457 299 2482 te
324 2461 358 2481 ne
374 2454 495 2481 vicissim
514 2454 616 2487 caedas;
645 2458 682 2487 et,
712 2454 812 2489 siquis
829 2454 917 2482 dicam
936 2454 984 2482 tibi

197 2499 364 2527 scductionis
396 2504 443 2526 aut
470 2500 840 2535 improbitatisjscripserit,
867 2505 915 2529 aut
943 2506 981 2535 te,

250 2589 285 2606 “"
300 2590 397 2618 Matth.
413 2600 440 2624 ν,
457 2593 510 2626 59;
524 2593 588 2622 Luc.
609 2594 705 2627 vi,‘29.

761 2595 783 2611 ⁸⁸
797 2594 875 2622 Joan.
891 2603 968 2628 xvm,
984 2596 1029 2623 25.

1039 2455 1212 2490 γραφόμενον
1228 2465 1258 2483 σε
1272 2457 1376 2493 πλάνης
1390 2459 1406 2494 ἢ
1421 2458 1580 2491 δυσσεϐείας
1592 2460 1607 2495 ἢ
1622 2460 1673 2496 τὴν
1686 2462 1827 2496 σωτηρίαν

1034 2502 1226 2538 -κηρύττοντα,
1257 2504 1294 2536 ὡς
1322 2505 1472 2541 εἰσηγητὴν
1491 2507 1640 2540 ἀπωλείας,
1665 2507 1760 2535 τοῦτον
1788 2508 1827 2543 μή

955 2696 1069 2726 ΝΟΤΑΕ.

301 2772 552 2812 δοιιυοιξλυοιὺοηκ
564 2777 611 2812 qui
627 2777 663 2803 ita
689 2777 770 2803 habet
786 2784 835 2811 pro
845 2777 1056 2812 εὐπερίσκεπττιε

231 2808 289 2845 (20)
307 2808 342 2837 Ita
357 2810 448 2838 scribo
461 2819 509 2846 pro
521 2808 684 2847 τῶνλόγων,
709 2808 832 2847 quodest
844 2813 872 2839 in
887 2808 975 2841 libris.
