1873 3063
58 115 101 150 ³141
507 114 556 145 AD
574 114 871 147 AMPHILOCHIUM
882 113 1054 150 QUIESTIO
1068 114 1199 147 CXXXV.

1604 114 1657 152 74!

59 171 190 207 ἑπιτρέψῃς
204 167 290 198 ταῦτά
305 178 346 196 σοι
360 169 520 205 περιάπτειν
530 191 538 202 ,
557 171 619 205 μηδ’
635 170 820 197 ὑποκατακλι-

910 170 968 197 utis
980 177 1143 205 praeconem,
1166 167 1296 205 perniciei
1315 169 1453 197 doctorem
1475 170 1656 205 pronuntiarit

59 219 105 250 θεὶς
122 217 185 253 (21),
211 217 250 252 μὴ
265 217 351 252 φωνῇ,
378 215 416 251 μὴ
431 215 548 242 διαθέσει
568 215 671 251 σιγώσῃ
690 217 746 251 (22)
764 216 825 251 μηδ’

58 265 123 291 ἀλλον
135 261 201 289 εἶναι
215 262 315 297 τρόπον
327 262 452 292 ὑπαίτιος
463 270 471 293 ;
490 261 571 289 Ἀλλά
582 261 619 297 τῷ
634 262 683 297 μὲν
693 262 743 296 τῆς
757 262 825 297 ἀλη-

58 310 120 341 θείας
144 308 317 343 φιλοθεάμονι
339 307 400 334 οὐδὲ
418 307 554 343 πρόφασιν
573 307 612 333 ἔτι
634 308 669 333 τὰ
692 308 825 342 εἰρημένα

57 354 269 389 ἀμφισϐητήσεως
283 353 436 380 ὑπολείπει.
451 353 489 379 Τὸ
504 353 544 385 δὲ,
564 362 573 379 α
591 353 636 388 Μὴ
646 354 747 382 ποιεῖτε
767 353 822 388 (25)

56 402 96 437 τὴν
108 399 287 436 ἐλεημοσύνην
302 400 379 435 ὑμῶν
393 399 546 435 ἔμπροσθεν
561 400 615 426 τῶν
629 399 791 437 ἀνθρώπων·
811 409 821 426 ι

57 447 104 477 καὶ,
122 455 131 471 ι
150 446 181 472 Ὂ
193 446 266 471 ποιεῖ
282 445 299 478 ἠ
317 444 392 480 δεξιά
414 453 473 477 σου,
493 445 531 480 μὴ
542 445 639 481 γνώτω
661 446 678 480 ή
692 445 825 481 ἀριστερά

58 498 110 517 σου·
127 501 136 517 ι
150 490 205 523 καὶ,
222 499 232 516 ι
248 490 332 520 Ὅταν
344 489 490 528 νηστεύῃς,
506 490 544 528 μὴ
558 490 691 528 σαλπίσῃς
704 491 824 526 ἐμπροσ-

58 536 94 562 θὲν
107 545 159 567 σου,
176 536 271 572 ὥσπερ
294 537 318 563 οἱ
341 536 500 570 ὑποκριταὶ,
532 546 542 562 ι
566 536 634 572 πρὸς
658 537 698 569 τὺ,
717 546 726 562 ε
746 536 823 562 οὕτω

57 581 173 617 λαμψάτω
188 581 218 608 τδ
239 581 297 614 φῶς
314 580 392 616 ὑμῶν
417 580 572 616 ἔμπροσθεν
590 582 644 608 τῶν
675 581 821 618 ἀθρώπων,

57 628 116 659 ὅπως
128 627 199 653 ἴδωσι
215 626 251 652 τὰ
276 626 347 654 καλὰ
359 626 436 660 ὑμῶν
451 625 534 663 ἔργα,
547 626 595 652 καὶ
620 626 754 659 δοξάσωσι
777 627 822 653 τὸν

58 673 150 707 Πατέρα
165 671 243 708 ὑμῶν
257 671 302 700 τὸν
316 671 346 699 ὲν
360 673 416 703 τόῐς
442 672 578 705 οὐρανοῖς,
605 681 614 697 ι
633 672 760 698 τοσοῦτον
772 673 823 698 ἀπ-

58 720 103 754 έχει
125 719 170 745 τοῦ
189 718 323 756 μάχεσθαι
346 718 414 751 (24),
437 717 506 743 ὥστε
521 718 568 744 καὶ
584 717 633 752 τὴν
647 718 688 744 ὅτι
705 718 821 752 μάλιστα

59 765 201 800 συμφωνίαν
216 763 306 800 κρίσει
317 765 350 798 τῇ
365 765 418 799 ἐμῇ
434 763 646 795 κατασκευάζει.
665 764 757 789 Κακία
774 764 822 798 μὲν

35 840 37 846 λ
58 811 101 846 γὰρ
115 810 270 844 ήὲπίδειξις
282 810 330 836 καὶ
348 809 377 836 τὸ
393 808 512 844 Θηράσαι
534 809 591 844 (25)
607 808 698 841 δόξαν,
714 808 822 844 νέμεσίν

876 215 951 242 illum
973 216 1024 243 ista
1039 215 1089 243 tibi
1103 215 1252 251 impingere
1267 223 1300 243 ne
1316 215 1439 250 patiaris,
1465 223 1564 255 neque,
1594 218 1656 244 sub-

875 262 985 289 mittens
1013 266 1051 293 ιε,
1081 262 1123 288 vel
1139 269 1214 293 voce,
1240 261 1282 290 vel
1297 261 1401 288 silentis
1415 262 1520 294 habitu,
1546 262 1587 289 vel
1603 263 1658 295 ulla

875 307 926 335 alia
945 307 1053 335 ratione
1078 315 1142 336 reus
1166 307 1254 342 culpa;
1277 308 1402 336 videaris.
1434 307 1526 343 Itaque
1545 310 1659 340 cordan

874 352 973 388 cuique
997 353 1118 381 veritatis
1150 354 1296 385 scrutatori
1315 361 1362 381 nec
1382 354 1493 385 minima
1512 354 1654 385 dubitandi

874 407 958 426 causa
981 407 1014 427 ex
1031 399 1112 427 dictis
1128 399 1182 427 illis
1192 401 1382 429 subnascetur.
1395 398 1400 405 '
1412 400 1458 427 Illa
1471 408 1535 428 vero
1550 401 1657 432 Domini

874 444 945 471 dicta
973 453 980 471 :
1013 454 1022 470 ι
1038 443 1076 471 Ne
1098 443 1206 472 faciatis
1231 445 1417 480 elecmosynas
1437 450 1542 473 vestras
1565 453 1657 473 coram

875 489 1031 517 hominibus
1043 490 1084 523 “;
1101 499 1110 516 ι
1139 496 1167 517 et
1195 499 1202 517 :
1235 498 1245 515 ι
1260 489 1326 523 Quae
1346 490 1410 518 facit
1430 491 1539 518 dextera
1551 496 1608 523 tua,
1626 499 1658 521 ca

875 542 927 561 non
951 535 1024 561 norit
1050 534 1160 561 sinistra
1172 538 1217 561 tua
1230 534 1273 567 “’;
1291 544 1301 561 ι
1323 539 1350 562 et
1375 545 1381 563 :
1412 545 1421 561 ι
1438 535 1466 563 Si
1480 536 1657 570 jejunaveris‘

873 587 907 606 ne
932 579 1060 607 buccines
1085 584 1147 607 ante
1175 584 1211 612 te,
1240 584 1269 607 ut
1297 581 1496 616 hypocrita“;
1514 591 1524 608 ι
1554 586 1659 610 tantum

873 625 958 658 abest,
983 629 1013 652 ut
1030 633 1092 652 cum
1116 625 1171 653 illis
1192 635 1199 653 :
1229 636 1238 652 ι
1251 626 1288 654 Ita
1305 627 1450 654 luceatlux
1465 633 1553 659 vestra
1566 635 1657 656 coram

873 669 1046 703 hominibus,
1086 674 1116 697 ut
1140 671 1210 698 bona
1245 676 1332 699 vestra
1364 679 1446 707 opera
1476 673 1605 705 videant,
1632 677 1662 704 ct

874 714 981 743 Patrem
1000 720 1118 743 vestrum
1135 717 1162 744 in
1175 717 1251 745 caelis
1267 718 1377 745 laudent
1388 718 1428 749 “.
1446 727 1455 744 ι
1481 724 1612 753 pugnent,
1628 724 1659 746 ut

874 768 937 788 meo
963 762 1072 796 quidem
1097 762 1202 796 judicio
1227 771 1320 792 secum
1337 764 1452 794 invicem
1473 766 1579 800 egregie
1590 773 1658 792 con-

874 807 989 842 spirent.
1015 807 1115 835 Vitium
1126 810 1199 836 enim
1211 814 1253 836 est
1271 811 1416 838 ostentatio
1433 811 1531 843 omnis,
1559 815 1600 844 et,
1617 811 1659 840 af-

58 866 81 884 τε
94 857 136 883 σὺν
144 857 204 893 δίκῃ
218 856 266 882 καὶ
275 856 371 890 ψόγον,
382 855 413 882 οὐ
427 856 600 890 γραφόμενον
613 854 667 881 ἀπὸ
677 854 731 880 τῶν
744 863 824 880 σπου-

910 856 1009 880 ctatum
1036 853 1130 888 gloriae
1156 854 1288 889 studium,
1315 855 1516 891 vindictamque
1529 861 1556 883 et
1568 864 1660 892 repre-

61 902 138 934 5alwv,
153 900 275 930 κινοῦσα.
297 900 329 926 'H
343 900 373 926 δὲ
384 899 458 934 φυγὴ
471 899 521 933 τῆς
535 898 687 930 κενοδοξίας
698 899 782 934 ἀρετή
797 898 827 924 τέ

59 950 119 977 ἐστιν
133 947 177 974 καὶ
197 946 298 981 σεμνοῦ
313 946 395 981 ἤθους
410 945 458 971 καὶ
471 945 525 971 τῶν
544 945 661 971 συνετῶν
675 943 828 979 ἀνθρώπων

58 994 197 1021 ἀποτίκτειν
211 990 285 1019 οἶδεν
297 992 337 1023 είς
349 991 416 1018 Θεδν
431 990 480 1026 τὴν
499 991 674 1026 εὐχαριστίαν
684 1011 691 1023 ,
706 990 748 1017 ὂτι
765 989 827 1025 βλέ-

58 1047 125 1067 πουσι
137 1039 184 1074 μὲν
205 1037 369 1070 δοξοκοπίαν
384 1037 603 1071 ἀτιμαζομὲνην,
626 1036 727 1070 ἀρετὴν
741 1035 770 1062 δὲ
785 1044 827 1062 τι-

59 1086 181 1122 μωμένην.
193 1085 257 1116 Πῶς
268 1083 314 1110 οὖν
332 1083 357 1110 οι
374 1083 575 1118 ἐνδεικνύμενοι
587 1083 666 1116 δόξαν
680 1082 710 1114 eg
724 1082 827 1117 ἀνθρώ-

59 1139 105 1156 πων
121 1129 266 1165 θηρῶνται,
282 1128 312 1160 ἐξ
335 1124 366 1155 οὗ
390 1128 492 1163 μᾶλλον
509 1128 601 1160 αὐτοῖς
615 1128 712 1154 ἕπεται
726 1127 826 1162 ψόγος;

59 1175 102 1201 Καὶ
119 1176 173 1207 πῶς
188 1176 320 1210 ἀπέχουσι
341 1173 387 1201 τὸν
403 1174 500 1209 μισθὸν
521 1174 627 1206 αὑτῶν;
652 1174 702 1200 οὐκ
727 1174 781 1200 ἀπό
796 1182 827 1207 γε

58 1221 100 1247 τῶν
118 1221 242 1255 θεοφιλῶν
258 1221 306 1248 καὶ
326 1219 477 1246 σπουδαίων
488 1240 496 1252 ,
516 1220 579 1251 τοὺς
595 1219 624 1246 δὲ
641 1219 755 1251 πολλοὺς
776 1220 823 1246 καὶ

59 1267 181 1301 ἀγελαίους
193 1267 249 1302 (26)
265 1265 479 1297 διαπλανῶντες,
493 1266 541 1292 καὶ
560 1266 644 1301 μηδὲν
659 1266 739 1292 πλέον
754 1265 826 1300 ἕχον-

59 1318 98 1341 τας
108 1310 302 1345 διασκέψασθαι
316 1309 364 1339 τοῦ
380 1310 556 1345 φαινομένου.
576 1310 609 1336 Εἰ
629 1310 719 1336 τοίνυν
734 1309 764 1336 τὸ
782 1318 828 1336 κε-

59 1355 147 1388 νόδοξον
159 1355 276 1390 φαύλους
292 1356 376 1388 ποιεῖ,
390 1354 437 1381 καὶ
453 1355 503 1390 τὴν
514 1354 544 1387 ἐξ
554 1354 706 1389 ἀνθρώπων
717 1355 827 1390 νέμεσιν

60 1400 156 1435 ἐγείρει,
175 1401 191 1436 ή
207 1400 236 1427 δὲ
260 1399 357 1431 τούτου
381 1398 455 1434 φυγὴ
471 1399 602 1426 τάναντία
628 1399 753 1434 πράττει,
780 1400 827 1426 καὶ

59 1445 110 1477 τοὺς
118 1446 334 1481 ἐπιεικεστέρους
344 1446 384 1476 είς
390 1444 544 1479 δοξολογίαν
556 1444 622 1471 Θεοῦ
633 1445 827 1480 παραπέμπει,

60 1491 108 1522 πῶς
120 1492 176 1528 οὐχ).
193 1492 357 1522 συστατικδν
371 1491 530 1530 εὑρίσκεται
547 1491 647 1526 μᾶλλον
657 1491 704 1517 τοῦ
719 1491 775 1526 (27)
789 1490 828 1526 μὴ

877 897 1052 932 hensionem,
1081 907 1142 934 quae
1155 900 1276 935 alioquin
1293 909 1325 928 ex
1351 901 1433 930 rebus
1448 903 1588 937 praeclaris
1606 911 1660 935 non

877 945 1009 978 nascitur,
1035 946 1136 973 excitat
1152 955 1159 973 :
1174 954 1251 974 vana:
1265 955 1329 974 vero
1344 947 1437 983 gloriae
1458 947 1521 982 fuga
1534 954 1561 976 et
1575 949 1661 978 virtus

876 995 928 1023 est,
954 995 982 1018 et
1009 991 1140 1019 honestos
1163 992 1251 1024 decet.
1280 993 1463 1028 cordatosque
1488 993 1612 1021 homines
1627 994 1660 1021 ad

876 1037 977 1071 gratias
990 1037 1044 1064 Deo
1057 1038 1175 1072 agendas
1194 1044 1343 1072 permovet,
1361 1038 1470 1073 quando
1483 1039 1672 1070 ambitionem.

877 1083 1026 1115 contemni,
1050 1083 1179 1110 virtutem
1198 1091 1264 1111 vero
1288 1085 1315 1111 in
1338 1085 1425 1119 pretio
1447 1084 1541 1112 haberi
1559 1085 1660 1115 vident.

877 1128 1019 1161 Quomodo
1036 1129 1127 1164 itaque
1135 1134 1304 1157 ostentantes
1317 1137 1346 1157 se
1358 1130 1472 1165 gleriam
1486 1130 1520 1157 ab
1539 1130 1644 1158 homini
1654 1146 1661 1152 ι

877 1174 929 1201 bus
963 1179 1151 1209 aucupantur,
1183 1175 1256 1202 unde
1285 1175 1450 1202 contumelia
1480 1176 1572 1210 potius
1607 1176 1662 1207 illis

877 1220 1020 1248 nascitur?
1051 1220 1085 1247 Et
1100 1220 1238 1255 quomodo
1251 1220 1374 1248 referunt
1390 1222 1540 1249 mercedem
1563 1221 1661 1249 suam?

877 1273 932 1292 non
948 1272 1013 1293 sane
1027 1266 1061 1293 ab
1079 1265 1246 1299 hominibus,
1264 1266 1319 1293 Deo
1334 1265 1425 1294 charis
1438 1270 1466 1294 et
1481 1266 1592 1294 virtutis
1604 1266 1662 1294 cui,

877 1311 993 1345 toribus,
1019 1312 1067 1339 sed
1080 1318 1095 1339 a
1111 1311 1193 1347 vulgo
1204 1316 1231 1339 et
1248 1312 1379 1347 gregariis
1395 1312 1562 1345 hominibus,
1580 1320 1661 1347 quos,

879 1361 1008 1392 tanquam
1024 1362 1135 1385 externa
1156 1362 1262 1385 tantum
1282 1358 1407 1394 judicare
1430 1359 1563 1392 valentes,
1586 1359 1661 1386 deci—

879 1404 970 1438 piunt.
1004 1403 1082 1436 Quod
1111 1403 1136 1431 si
1165 1405 1256 1438 itaque
1276 1411 1354 1432 vanae
1369 1404 1463 1439 gloriae
1477 1405 1598 1432 studium
1611 1405 1661 1432 hO-r

879 1448 967 1476 mines
983 1449 1070 1476 malos
1085 1448 1176 1482 eﬂicit,
1193 1449 1391 1485 hominumque
1409 1450 1539 1478 invidiam
1562 1451 1662 1484 irritat,

878 1493 999 1528 ejusdem
1013 1502 1077 1522 vero
1089 1494 1152 1530 fuga
1172 1495 1263 1522 omnia
1279 1495 1331 1522 alia
1345 1496 1484 1527 conciliat.
1499 1501 1526 1527 et
1545 1497 1662 1532 optimos

60 1537 253 1571 ἐπιδείκνυσθαι,
263 1538 332 1573 μηδὲ
342 1536 490 1569 κενοδοξεῖν
501 1537 532 1563 τό
542 1545 549 1552 ·
563 1546 572 1562 ι
590 1536 682 1568 Οὕτως
693 1536 824 1571 λαμψάτω

910 1547 1003 1574 nosque
1018 1540 1051 1567 ad
1077 1541 1161 1568 divini
1181 1540 1307 1569 Numinis
1321 1541 1426 1569 laudem
1440 1542 1545 1574 incitat,
1572 1550 1662 1571 nonne

59 1582 84 1609 τὺ
95 1583 146 1618 φῶς
155 1584 229 1619 ὑμῶν
244 1583 401 1622 ἔμπροσθεν
413 1583 468 1610 τῶν
482 1581 634 1618 ἀνθρώπων
647 1591 654 1615 ;
674 1592 684 1609 ι

880 1584 982 1612 dictum
1005 1585 1071 1614 illud
1098 1595 1106 1612 :
1138 1586 1199 1614 «Ita
1216 1587 1354 1622 splendeat
1383 1588 1429 1615 lux
1453 1593 1544 1616 vestra
1569 1597 1662 1616 coram

61 1631 239 1665 horninibus“
272 1630 465 1660 commendare
485 1630 537 1658 hoc
579 1631 606 1658 in
631 1630 728 1667 primis
765 1630 979 1666 cxistimabitur,
1011 1630 1047 1662 ne
1082 1635 1144 1669 quis
1183 1642 1212 1662 se
1240 1640 1357 1663 ostentet
1382 1641 1410 1663 et
1430 1644 1527 1667 vanam
1549 1637 1662 1672 gloriam

61 1682 190 1712 aucupetur
196 1677 208 1704 ἲ

93 1727 162 1756 Ἀλλά
173 1729 230 1761 πῶς
246 1728 349 1763 λάμψει
365 1728 396 1754 τὸ
410 1727 468 1762 φῶς
484 1726 641 1762 ἔμπροσθεν
653 1725 707 1752 τῶν
718 1725 824 1760 ἀνθρώ·

61 1781 116 1806 πων,
131 1775 207 1810 μηδὲν
225 1775 281 1801 τῶν
295 1775 323 1800 ὲν
335 1775 425 1809 κρυφῇ
442 1772 639 1809 πραττομένων
659 1772 823 1804 συνιέντων;

62 1818 158 1854 Εἴρηται
173 1822 221 1857 μὲν
235 1816 298 1857 ἠδη.
312 1821 385 1855 Πλὴν
397 1819 469 1846 οὕτω
484 1819 594 1854 μᾶλλον.
610 1818 640 1844 '0
651 1817 706 1853 γὰρ
719 1817 824 1852 βλέπων

62 1862 86 1889 ὲν
95 1864 128 1899 τῷ
139 1866 249 1901 κρυπτῷ
274 1865 380 1900 Πατὴρ,
408 1863 489 1895 αὐτὸς
511 1863 562 1897 τῆς
580 1862 654 1889 ἔνδον
679 1860 825 1897 ἀστραπῆς

61 1908 101 1944 τὴν
116 1910 206 1947 αἴγλην
239 1910 353 1941 δυνατός
367 1911 442 1937 ἐστιν
461 1909 501 1939 εἰς
516 1909 548 1935 τὸ
570 1907 685 1942 φανερὸν
706 1906 824 1940 ὲναυγά-

62 1958 106 1978 σαι.
127 1954 224 1989 Ἄλλως
238 1963 270 1982 τε
290 1953 365 1983 δυσθιν
385 1953 401 1979 6
426 1953 570 1983 σπουδαῖος
594 1950 824 1987 χαρακτηρίζεται

61 1997 168 2032 τρόποις,
194 2001 241 2026 καὶ
279 2000 340 2027 δυσὶ
372 1999 492 2035 μάλιστα
520 1997 657 2034 γράφεται
684 1996 824 2032 χρώμασι,

53 2041 88 2077 ’τῇ
98 2043 145 2079 (ἳ8)
160 2045 218 2072 καθ’
236 2046 367 2081 ὁμοίωσιν
390 2043 437 2072 τοῦ
452 2045 575 2072 Πλάστου
599 2044 705 2078 ἀρετῶν
719 2042 825 2078 αἱρέσει

61 2088 100 2130 καὶ
111 2091 201 2123 κακίας
217 2093 303 2130 φυγῇ.
321 2091 353 2118 Ἦ
370 2091 421 2126 μὲν
439 2089 486 2117 οὖν
501 2090 550 2124 τῆς
562 2089 662 2120 κακίας
678 2088 752 2124 φυγὴ
767 2087 823 2124 (29)

61 2129 148 2166 λάμπει
161 2136 267 2167 πάντως
287 2135 443 2171 ἔμπροσθεν
458 2134 513 2160 τῶν
536 2133 699 2169 ἀνθρώπων,
711 2133 763 2160 κᾶν
771 2132 825 2159 ἔσω

61 2183 94 2207 τις
107 2178 168 2214 (30).
184 2180 233 2215 ὅση
253 2180 385 2215 δύναμις,
406 2179 511 2216 κατέχῃ
534 2179 584 2214 τὴν
599 2179 772 2214 λαμπηδόνα.
788 2178 825 2205 Τὸ

61 2220 105 2255 γὰρ
120 2223 154 2259 μὴ
167 2227 246 2260 χεῖρα
265 2226 351 2252 κακὸν
362 2223 444 2257 εἶναι,
464 2225 501 2260 μὴ
518 2226 583 2260 περὶ
598 2224 689 2259 ὓϐριν,
705 2224 744 2260 μὴ
760 2224 825 2259 περὶ

914 1723 1059 1757 Quomodo
1087 1732 1153 1752 vero
1177 1725 1278 1752 lucebit
1302 1726 1348 1753 lux
1375 1733 1467 1753 coram
1493 1727 1661 1761 hominibus,

878 1770 924 1804 qui
946 1769 1014 1796 nihil
1028 1777 1134 1802 eorum,
1164 1778 1225 1805 quae
1238 1771 1268 1798 in
1287 1771 1405 1798 obscuro
1418 1774 1661 1808 aguntur.perspi.

876 1816 972 1844 ciunt?
1002 1815 1030 1843 id
1058 1816 1168 1851 quidem
1196 1817 1250 1852 jam
1266 1817 1421 1852 expositum
1434 1822 1485 1850 est,
1506 1818 1554 1845 sed
1571 1826 1605 1846 ex
1620 1827 1661 1846 se.

876 1861 1023 1897 quentibus
1041 1862 1159 1896 amplius
1172 1862 1349 1898 intelligetur.
1379 1862 1460 1891 Pater
1482 1864 1596 1895 scilicet.
1612 1865 1662 1900 qui

876 1908 992 1935 obscura
1021 1907 1162 1943 perspicit,
1199 1908 1372 1943 splendorem
1396 1909 1471 1937 intus
1488 1910 1616 1938 latentem
1631 1911 1658 1938 in

876 1951 999 1986 apricum
1041 1951 1164 1987 proferre
1186 1957 1284 1986 potest.
1319 1951 1452 1980 Praeterea
1479 1961 1544 1981 vero
1566 1954 1661 1983 bonus

876 1997 992 2031 quisque
1018 2004 1052 2024 ex
1070 1998 1174 2025 duabus
1189 1998 1272 2026 rebus
1291 1999 1472 2032 cognoscitur,
1501 2005 1530 2027 et
1554 2000 1661 2029 duabus

876 2042 1049 2077 potissimum
1081 2044 1152 2071 notis
1172 2043 1358 2078 distinguitur,
1390 2045 1455 2073 hinc
1477 2053 1510 2073 ex
1528 2045 1659 2077 virtutum

876 2089 978 2120 studio.
1006 2096 1061 2123 quo
1090 2089 1226 2116 conditori
1253 2091 1283 2117 tit
1310 2090 1420 2124 similis,
1445 2091 1510 2119 hinc
1536 2099 1569 2121 ex
1596 2091 1660 2128 iuga

875 2134 1015 2161 vitiorum.
1044 2132 1104 2161 Jam
1116 2141 1180 2162 vero
1199 2135 1328 2162 vitiorum
1340 2135 1402 2172 fuga
1422 2144 1529 2172 semper
1539 2137 1662 2174 splendet

876 2186 970 2207 coram
1001 2180 1171 2213 hominibus,
1204 2181 1312 2209 etiamsi
1337 2182 1410 2217 quis,
1441 2184 1531 2218 quoad
1560 2189 1659 2220 potest,

877 2227 1029 2262 lampadem
1045 2229 1115 2255 intra
1127 2236 1157 2256 se
1175 2229 1325 2257 contineat.
1357 2230 1385 2257 Si
1409 2231 1472 2264 quis
1483 2231 1557 2258 enim
1576 2239 1661 2264 manu

62 2268 181 2312 ξρήματα,
197 2272 260 2306 μηδ’
268 2272 374 2308 ἀκρατῆ
388 2271 515 2305 γλῶσσαν
526 2271 590 2306 περὶ
604 2270 743 2306 διαϐολὴν,
759 2271 822 2306 περὶ

912 2282 927 2300 n
945 2274 1068 2301 abutitur
1091 2274 1163 2302 circa
1190 2276 1305 2310 injurias
1325 2281 1353 2303 et
1380 2277 1452 2304 circa
1465 2277 1661 2312 pecuniamssi

62 2310 151 2346 ὗρκους,
170 2317 232 2351 περὶ
245 2317 336 2352 ὃμοια,
353 2316 400 2343 καὶ
413 2315 508 2347 ἁπλῶς
525 2316 555 2342 ὲν
572 2315 641 2342 πᾶσι
655 2315 710 2351 (51)
726 2316 822 2351 μηδενὶ

875 2319 975 2354 lingunt
1005 2324 1139 2356 temperat
1170 2321 1242 2348 circa
1267 2321 1429 2354 calumnias,
1454 2322 1658 2359 jusjurandum,

89 2381 109 2398 “
121 2383 208 2417 Matth.
224 2395 261 2420 vr,
280 2387 307 2416 1.
324 2387 346 2408 δ’
362 2386 428 2413 ibid.
446 2386 473 2416 5.
490 2385 512 2402 ⁵⁸
530 2386 596 2414 ibid.
613 2387 656 2417 lii,
673 2386 695 2407 θ’
712 2386 808 2417 Matth.
822 2396 850 2421 ν,
864 2388 907 2415 16.

795 2474 911 2504 NOTAE.

149 2531 195 2568 _Ms.
212 2533 457 2568 ὑποκατακληθείς,

90 2565 137 2605 (ἓξ)
149 2566 185 2605 ιμ
198 2572 272 2605 recte
285 2568 361 2596 Colb.
376 2565 425 2604 pro
437 2565 571 2605 στιγώσῃ.

90 2599 137 2633 123)
153 2602 239 2630 Codex
253 2605 320 2631 alter
334 2599 464 2631 ποὶεῖται.

64 2635 136 2694 sagi)
165 2638 265 2674 Ἀνὲχει
292 2639 339 2666 τοῦ
369 2639 521 2674 μάχεσθαι,
543 2638 621 2667 Colb.
649 2646 700 2674 pro
727 2638 824 2673 ἀπεχε-

89 2677 120 2695 αι.

91 2705 138 2745 ίὲἒν)
149 2707 219 2745 idem
231 2717 281 2744 ιπο
297 2709 384 2745 θήρης
398 2709 456 2737 καί·

91 2739 138 2780 (ετξ)
149 2741 193 2780 Sic
204 2739 294 2780 sci-ibo
304 2739 353 2780 p'r'o
362 2739 474 2780 ’ἔχοντες
485 2753 492 2760 ·
510 2744 627 2772 refertur
640 2743 759 2776 enim_ad
771 2750 820 2770 vo-

64 2779 111 2810 earn
122 2777 267 2810 ἀγελαίους.

92 2808 189 2845 mimi
202 2808 297 2853 scripsi
308 2823 358 2854 pro
373 2815 413 2850 τό,
443 2819 470 2843 ct
495 2823 556 2846 mox
583 2814 624 2850 τό,
648 2822 695 2850 pro
710 2813 767 2845 τοῦ.
784 2813 820 2845 Ita

868 2533 941 2563 enim
958 2540 1056 2563 sensus
1066 2532 1152 2566 jubet.

906 2568 963 2602 (28)
978 2568 1017 2594 ita
1031 2568 1207 2602 scribendum
1222 2574 1272 2602 pro
1288 2566 1327 2597 τό.

907 2601 965 2638 (29)
976 2603 994 2638 ἡ
1006 2601 1057 2639 μὲν
1073 2601 1120 2629 οὖν
1129 2603 1184 2639 ,τῆς
1198 2601 1296 2639 κακίας
1307 2603 1381 2639 φυγή
1392 2604 1477 2631 debeo
1489 2603 1656 2639 Colhertino,

873 2646 935 2672 quae
958 2637 1041 2677 verba
1061 2646 1095 2665 ex
1113 2637 1292 2677 altero_male
1307 2637 1467 2677 egeideraut
1485 2639 1520 2669 ob
1534 2637 1658 2677 proxime

874 2673 1038 2715 antecedens
1052 2681 1059 2698 :
1074 2674 1136 2715 Ακα)
1150 2672 1250 2715 κακίαις
1265 2675 1350 2715 φυγῇ,

912 2707 1055 2744 (250)1dem
1073 2707 1150 2736 Colh.
1166 2716 1215 2743 pro
1228 2707 1309 2737 ὲσώὸ.

874 2742 965 2810 Ml(631)
981 2742 1027 2770 Sic
1043 2742 1217 2775 scribendum
1234 2751 1283 2783 pro
1296 2744 1380 2786 πάσῃ,
1391 2747 1419 2773 et
1434 2751 1496 2777 mox
1510 2745 1596 2787 ὶαῇῄν
1608 2754 1658 2786 pro

927 2788 976 2812 ειν.

1715 2544 1720 2557 ί

1703 2563 1718 2596 δι
