1873 3063
198 123 252 155 ’143

773 124 904 155 PHOTII
923 123 1173 155 PATRIARCIL’E
1187 125 1239 154 (ΣΡ.

1770 120 1827 153 ’144

197 183 226 206 et
250 178 331 214 hujus
352 179 459 213 generis
473 179 545 212 alia;
576 179 728 215 sidenique
741 180 841 207 nullam
855 181 981 215 cuiquam

1070 180 1172 216 ιδεμίαν
1186 180 1271 214 λαϐὴν
1286 179 1454 215 ἐμπαρέχειν
1464 187 1470 193 “
1487 177 1573 205 ταῦτα
1584 179 1632 205 καὶ
1649 177 1682 204 τὰ
1696 179 1827 204 τοιαῦτα·

198 224 428 252 animadvertendi
459 226 486 252 in
513 234 541 252 se
571 228 742 254 occasionem
769 229 884 262 prwbet;
914 229 980 260 haec,

200 271 321 305 inquam,
346 275 373 298 et
400 272 455 307 hic,
469 273 580 306 similia,
611 274 703 301 invitis
719 274 800 301 etiam
819 275 909 308 nobis,
922 276 982 302 illn-

198 321 280 343 strem
297 320 325 343 et
336 316 519 345 clarissimam
534 318 622 345 lucem
637 319 778 346 hominum
790 321 878 348 oculis
892 321 981 348 offun-

197 361 274 388 dunt.
299 361 374 390 ldenl
388 363 441 391 hoc
456 363 536 391 divus
553 364 664 397 Paulus,
680 365 822 393 Timotheo
837 367 981 394 sacerdotii

196 407 268 443 leges
280 408 431 441 inculcatis,
449 409 487 436 ait
518 418 525 436 :
558 420 567 436 ‹
582 409 694 444 Oportet
708 419 772 438 vero
782 412 862 439 illum
880 412 981 440 bonum

196 454 382 481 testimonium
392 455 474 482 etiam
486 455 520 482 ab
533 457 652 483 externis
665 457 764 485 habere
771 458 804 486 ”.
819 467 828 483 ι
848 458 981 486 Vitiorum

196 507 278 534 porro
294 499 357 534 fuga
370 500 460 533 efficit,
491 507 522 529 ut
534 501 635 529 Judzcis
650 507 676 529 et
695 503 856 537 gentilibus,
883 509 911 532 et
935 505 982 532 loti

195 544 324 574 Ecclesia:
343 546 446 574 Christi
470 555 524 575 non
538 548 592 576 sint
607 548 769 577 oll‘endicnlo
782 550 817 577 ⁸¹.
844 550 982 586 Jejunium

195 599 271 624 νιν-ο,
297 597 325 621 et
349 601 499 629 pauperum
515 595 666 627 miseratio,
692 596 872 632 lacrymzeque
886 597 983 625 oculo-

196 646 256 665 rum
271 643 298 666 et
313 639 418 667 intenta
441 642 562 675 precatio
585 642 654 669 clam
671 642 727 670 ﬁeri
753 648 863 676 amant;
887 646 982 671 eadem

195 692 261 712 vero
275 685 366 712 itidem
381 685 473 720 fugam
493 687 621 714 vitiorum
635 688 677 715 sui
690 689 792 716 habent
807 689 982 724 interpretem

180 750 181 754 η
194 731 280 758 altum
296 731 470 765 clamantem,
483 738 511 760 et
528 741 680 769 prteconem
696 735 841 767 illustrem,
856 737 983 771 quando-

180 776 305 810 lquidem
320 776 367 804 illa
387 777 530 817 hominum
555 780 650 806 oculos
666 780 785 815 primum
798 782 983 817 perstringens

175 821 309 849 (occulta:
328 815 540 852 etiam/virtutis
574 825 746 859 splendorem
782 835 875 855 secum
899 815 981 859 ferre,

194 873 221 895 et
230 869 318 896 oeulis
329 869 453 904 ingerere
467 871 619 898 consuevit.

231 914 303 942 Sunt
319 922 383 942 vero
402 915 497 948 etiam,
527 922 593 943 sunt
617 917 730 945 virtutes
748 919 894 952 nonnullae,
911 927 981 954 quas

195 960 223 988 in
236 960 356 988 medium
374 960 509 995 proferre,
526 962 645 990 maxime
664 971 729 990 vero
756 963 827 996 illos,
855 965 902 999 qui
920 965 981 992 aliis

194 1006 315 1043 praefecti
328 1012 403 1041 sunt,
421 1012 538 1043 oportet.
554 1008 693 1037 Justitiam
708 1014 785 1045 puto,
800 1015 827 1038 et
840 1011 979 1045 pietatem.

195 1061 346 1089 earumque
375 1055 523 1086 vindicem,
552 1055 751 1090 fortitudinem,
785 1056 910 1092 aliasque
926 1057 981 1084 illis

195 1100 300 1128 attines.
323 1099 470 1136 Propterea
497 1109 547 1130 nec
570 1102 630 1130 illas
655 1102 784 1130 Servatur
809 1103 836 1130 in
862 1104 982 1131 obscuro

196 1146 292 1173 haberi
317 1146 406 1181 jubet,
426 1148 473 1174 sed
486 1147 619 1182 jejunium
638 1149 739 1182 potius,
767 1148 980 1184 elecmosynaln,

195 1192 293 1227 hisque
311 1192 424 1221 similes.
450 1193 478 1220 lu
503 1194 632 1221 omnibus
650 1199 740 1221 tamen
761 1195 838 1228 illud,
856 1195 927 1229 quod
945 1196 981 1223 ad

194 1239 407 1268 ostentationem
435 1245 463 1267 et
490 1247 566 1268 vanae
601 1240 694 1276 gloriae
718 1241 837 1268 studium
866 1247 980 1277 spectat,

195 1286 289 1321 procul
309 1293 371 1314 esse
390 1286 458 1318 vult,
487 1292 568 1322 atque
597 1287 623 1314 id
645 1287 756 1322 quidem
773 1295 821 1323 per
836 1288 982 1315 'occultum

195 1331 272 1364 illud,
283 1335 312 1358 et
331 1335 497 1366 praeceptum
529 1341 537 1359 :
553 1341 578 1368 ι(
590 1331 633 1359 Ne
657 1333 724 1360 sciat
746 1333 858 1360 dextera
872 1339 918 1360 tua
938 1341 981 1365 ea,

195 1383 255 1410 qua:
270 1380 335 1403 sunt
362 1376 518 1410 sinistrae,»
550 1376 661 1404 indicat.
695 1378 748 1410 Qui
778 1385 841 1406 vero
863 1383 982 1406 mentem

193 1429 292 1457 puram
313 1425 341 1449 et
360 1421 457 1450 affectu
473 1423 643 1458 superiorem
668 1423 759 1457 habet,
784 1425 842 1453 sive
857 1423 881 1452 is
896 1424 981 1458 domi,

195 1467 254 1496 sive
268 1468 296 1495 in
305 1468 432 1501 ecclesia,
459 1469 518 1497 sive
541 1469 569 1496 in
587 1470 675 1498 media
693 1470 762 1498 urbe
775 1471 875 1498 bonum
889 1471 982 1503 faciat,

195 1519 361 1551 praeceptum
379 1515 488 1543 Domini
503 1516 678 1544 curatissime
688 1517 826 1544 observat.
850 1517 896 1544 Ille
910 1518 982 1545 enim
998 1537 1020 1566 ο

197 1569 252 1589 non
272 1562 305 1589 ad
323 1562 544 1595 ostentationem,
577 1570 665 1598 neque
686 1571 734 1598 per
744 1571 820 1592 vanae
833 1565 926 1600 gloriae
936 1574 984 1593 au—

196 1608 308 1644 cupium
326 1615 375 1635 sua
393 1609 459 1643 agit.
476 1608 525 1636 sed
543 1616 627 1643 opere
640 1617 690 1636 suo
703 1614 855 1644 spectantes
871 1612 985 1645 quosvis

198 1655 231 1682 ad
258 1654 366 1681 laudem
380 1654 470 1682 Patris
494 1655 639 1682 convertit.
667 1655 802 1688 Quoniam
838 1665 902 1685 vero
930 1666 984 1685 non

199 1701 300 1729 multos
315 1701 384 1728 tales
394 1701 517 1728 videmus
541 1701 675 1736 \prteclari
690 1702 763 1728 enim
772 1702 862 1737 operis
870 1703 985 1730 altitudo

196 1749 315 1774 mentem
333 1753 426 1773 secum
453 1746 552 1778 evehit,
580 1754 735 1781 vanumque
751 1747 844 1783 gloria:
862 1748 984 1776 studium

195 1799 279 1827 grave
310 1791 394 1819 telum
435 1792 570 1823 demittit,
607 1798 757 1828 pectusque
784 1793 867 1822 etiam
900 1795 986 1830 probe

197 1837 333 1864 munitum
349 1837 447 1864 ledere
459 1841 485 1864 et
496 1836 529 1864 ad
544 1836 672 1864 inferiora
685 1837 855 1872 praecipitare
872 1840 984 1873 potest),

197 1883 285 1910 multo
311 1882 396 1910 tutius
418 1887 471 1914 est,
487 1883 510 1910 si
538 1882 607 1909 bona
636 1888 717 1918 atque
736 1891 768 1911 ea
785 1884 812 1910 in
827 1884 933 1919 primis,
951 1885 985 1912 de

197 1929 297 1963 quibus
324 1929 455 1962 diximus,
480 1929 508 1956 in
527 1929 635 1957 occulto
650 1934 821 1964 praestentur.
849 1930 902 1963 Qui
916 1937 983 1958 vero

197 1981 276 2004 extra
289 1983 399 2004 omnem
422 1975 467 2004 teli
485 1975 566 2011 hujus
593 1976 697 2011 jactum
719 1977 800 2012 positi
826 1982 906 2011 sunt,
931 1977 984 2005 illis

197 2023 327 2050 virtutem
342 2022 423 2050 etiam
440 2022 468 2048 in
487 2024 579 2056 aprico
602 2027 629 2049 ct
644 2022 732 2057 palam
743 2023 895 2050 consectari
911 2023 983 2050 licet.

199 2069 239 2096 lla
254 2067 382 2095 Salvator
398 2073 508 2102 quoque
530 2071 622 2094 noster
638 2074 836 2102 nonnunquam
852 2067 984 2096 miracula

198 2122 247 2142 sua
261 2114 332 2142 inter
346 2113 450 2141 medios
466 2113 591 2141 homines
602 2118 628 2141 et
639 2113 667 2140 in
680 2113 826 2148 synagogis
840 2114 982 2148 patrabat;

199 2167 397 2196 nonnunquam
424 2167 490 2187 vero
512 2160 558 2187 illa
580 2159 716 2194 publicari
738 2167 794 2186 non
817 2160 983 2194 patiebatur.

1034 225 1081 251 καὶ
1100 224 1234 260 μηδαμῶς
1252 224 1422 259 βουλομένων
1447 223 1526 259 ἡμῶν
1545 222 1670 258 λαμπρὸν
1685 222 1828 257 ἀναστρά-

1034 279 1095 297 πτει
1111 271 1158 297 καὶ
1171 270 1243 306 μέγα
1255 270 1312 305 φῶς
1319 271 1376 302 τοῖς
1387 268 1651 305 ἀνθρώποιςμΤοῦτο
1665 268 1713 294 καὶ
1729 269 1743 294 ό
1755 268 1829 298 θεῖος

1034 316 1151 348 Παῦλος,
1170 315 1288 350 Θεσμοίις
1304 316 1353 350 τῆς
1378 314 1529 350 ἱερωσύνης
1552 315 1722 349 ὑπογράφων
1739 314 1828 348 Τιμο-

1034 362 1096 397 θέῳ,
1117 363 1207 396 λέγει·
1226 371 1235 388 t
1263 363 1308 388 Δεῖ
1323 362 1350 388 δὲ
1373 361 1456 388 αὐτὸν
1482 361 1528 388 καὶ
1553 361 1710 396 μαρτυρίαν
1736 360 1828 395 καλὴν
1855 396 1856 399 η

1033 409 1106 444 ἔχειν
1118 410 1149 436 ἐκ
1164 409 1218 436 τῶν
1238 408 1349 440 ἔξωθεν.
1374 418 1383 434 ι
1411 408 1492 434 Ἀλλὰ
1504 409 1551 435 καὶ
1572 408 1603 434 τὸ
1629 408 1828 443 ἀπροσκόπους

1033 454 1160 488 γενέσθαι
1182 454 1319 486 Ἰουδαίοις
1335 462 1365 479 τε
1380 454 1428 480 καὶ
1449 454 1574 489 Ἕλλησι,
1589 454 1636 480 καὶ
1650 455 1684 488 τῇ
1704 453 1827 486 Ἐκκλη-

1034 502 1080 536 σίᾳ
1097 501 1171 536 πάσῃ
1185 500 1232 527 τοῦ
1252 500 1384 537 Χριστοῦ,
1407 501 1424 535 ὴ
1439 500 1488 534 τῆς
1504 500 1603 531 κακίας
1617 499 1763 533 συνίστησι
1781 499 1828 524 καὶ

1035 545 1233 578 κατασκευάζει
1244 547 1330 582 φυγή.
1340 546 1463 582 Νηστεία
1476 546 1516 575 δὲ,
1528 546 1574 572 καὶ
1588 545 1714 580 πενήτων
1722 543 1826 576 οἶκτος,

1034 593 1082 618 καὶ
1097 593 1216 628 δάκρυον
1234 592 1264 624 ἐξ
1282 593 1426 628 ὀμμάτων,
1443 592 1490 619 καὶ
1502 592 1660 627 προσευχῆς
1668 591 1745 623 τόνος
1756 591 1828 626 φιλεῖ

1036 639 1084 674 μὲν
1098 640 1147 674 τῆς
1163 639 1297 674 ἐργασίας
1317 639 1348 665 τὸ
1363 638 1490 675 κρύφιον,
1502 637 1578 664 οὐδὲν
1593 636 1622 664 δὲ
1636 635 1720 673 ἦττον
1743 646 1828 672 μηνυ-

1034 684 1084 720 τὴν
1111 685 1305 719 μεγαλόφωνον
1328 685 1507 720 καὶ·κήρυκα
1523 683 1685 718 διαπρύσιον
1710 682 1763 718 τὴν
1778 683 1828 716 τῆς

1034 732 1132 762 κακίας
1149 731 1206 766 ἔχει
1222 731 1328 766 φυγὴν,
1344 731 1406 765 ἥτις
1421 732 1478 761 τοῖς
1495 728 1649 765 ἀνθρώποις
1665 729 1827 766 προεκλάμ-

1033 777 1109 812 ψασα
1125 777 1341 812 συνεφέλκεσθαί
1360 785 1417 808 πως
1432 777 1479 803 καὶ
1501 775 1719 810 συνδιαλάμπειν
1739 775 1827 810 φιλεῖ,

1000 856 1022 884 Β
1035 823 1080 850 καὶ
1097 823 1146 858 τῆς
1156 822 1275 857 κρυφίου
1292 822 1393 857 ἀρετῆς
1407 822 1457 857 τὴν
1472 821 1669 857 μαρμαρυγήν.

1070 913 1131 941 Εἰσὶ
1147 914 1169 940 δ’
1187 914 1245 946 οὖν,
1260 914 1313 940 είσί
1335 922 1408 945 τινες
1434 913 1542 950 ἀρεταὶ,
1564 913 1598 945 ἃς
1617 914 1658 946 είς
1684 913 1715 940 τὸ
1743 913 1829 948 μέσον

1035 960 1107 992 εἰκὺς
1135 960 1267 996 πράττειν
1292 961 1340 987 καὶ
1365 960 1484 995 μάλιστα
1511 960 1575 991 τοὺς
1608 959 1828 995 προεστηκότας,

1034 1005 1280 1041 δικαιοσύνη,φημὶ
1288 1007 1346 1040 ,καὶ
1363 1006 1500 1038 εὐσέϐεια,
1516 1006 1589 1041 καὶή
1603 1005 1706 1040 ταύτης
1716 1006 1829 1040 πρόμα-

1035 1060 1082 1086 χος
1095 1052 1275 1087 ἁνδρεία,καὶ
1288 1052 1349 1079 ὅσαι
1367 1052 1516 1088 συνέριθοι,
1532 1051 1631 1086 Διόπερ
1645 1051 1706 1078 οὐδὲ
1723 1050 1828 1081 ταύτας

1034 1099 1048 1124 ὁ
1072 1097 1168 1133 Σωτὴρ
1192 1097 1232 1133 τῷ
1263 1097 1421 1125 λανθάνοντι
1450 1097 1670 1133 περιγράφεσθαι
1704 1095 1824 1125 κελεύει,

1034 1143 1162 1176 νηστείαν
1176 1143 1205 1170 δὲ
1215 1143 1262 1170 καὶ
1277 1143 1474 1179 ἐλεημοσύνην,
1490 1143 1538 1169 καὶ
1556 1143 1582 1169 εῐ
1596 1151 1623 1169 τι
1634 1142 1736 1178 ὅμοιον.
1752 1142 1826 1176 Πλὴν

1036 1189 1083 1215 ἐπὶ
1098 1189 1195 1215 πασῶν
1211 1198 1242 1224 γε
1257 1189 1288 1215 τὺ
1307 1189 1375 1225 πρὸς
1385 1189 1515 1221 ἐπίδειξίν
1531 1197 1562 1215 τε
1579 1188 1669 1215 καὶτὸ
1684 1187 1827 1220 κενόδοξον

1036 1234 1162 1271 ἐξορίζει,
1179 1234 1318 1262 καὶτοῦτο
1331 1234 1407 1269 αὐτῷ
1423 1234 1453 1261 τὸ
1463 1235 1591 1270 κρύφιον
1607 1235 1662 1271 (32)
1685 1234 1825 1269 βούλεται,

1035 1283 1083 1308 καὶ
1098 1281 1128 1308 τὸ
1145 1281 1184 1317 μὴ
1193 1280 1296 1315 γνῶναι
1313 1281 1362 1316 τὴν
1384 1280 1476 1313 δεξιὰν
1493 1280 1529 1308 τὰ
1550 1281 1602 1316 τῆς
1619 1281 1776 1317 ἀριστερᾶς.
1796 1282 1826 1306 ’0

1035 1329 1063 1355 δὲ
1076 1328 1283 1364 καθαρεύουσαν
1291 1328 1342 1363 τὴν
1354 1327 1468 1364 γνώμην
1481 1327 1550 1364 ἔχων
1564 1328 1612 1355 καὶ
1625 1328 1766 1363 ἀνωτέραν
1776 1327 1824 1353 τοῦ

1036 1375 1148 1408 πάθους,
1165 1375 1198 1402 ἂν
1209 1383 1239 1401 τε
1259 1375 1287 1401 ὲν
1298 1374 1382 1409 οἰκίᾳ,
1396 1373 1429 1401 ἄν
1438 1382 1469 1400 τε
1482 1374 1512 1400 ὲν
1528 1373 1662 1413 ἐκκλησία
1672 1394 1679 1405 ,
1695 1373 1729 1399 ἄν
1741 1381 1771 1399 τε
1797 1374 1826 1399 ὲν

1036 1422 1104 1457 αὐτῇ
1117 1424 1188 1458 μέσῃ
1202 1421 1279 1447 πόλει
1303 1420 1411 1456 πράττῃ
1422 1419 1452 1446 τὸ
1467 1419 1561 1451 καλὸν,
1574 1419 1633 1454 ’τῆς
1656 1418 1826 1452 Δεσποτικῆς

1036 1469 1109 1495 ἐστιν
1124 1468 1235 1503 ἐντολῆς
1258 1466 1457 1503 ἀκριϐέστατος
1480 1465 1579 1501 φύλαξ,
1608 1466 1695 1497 Αὐτός
1719 1474 1750 1492 τε
1770 1466 1827 1499 γὰρ

1036 1515 1067 1542 οὐ
1081 1515 1150 1550 πρὸς
1172 1514 1302 1547 ἐπίδειξιν
1318 1513 1378 1540 οὐδὲ
1398 1513 1480 1547 κενῆς
1504 1512 1583 1546 δόξης
1606 1511 1744 1548 προϐολὴν
1777 1511 1828 1546 τὴν

1037 1561 1136 1596 πρᾶξιν
1152 1561 1279 1593 ποιεῖται,
1295 1559 1394 1595 καὶτῷ
1408 1559 1482 1594 ἔργῳ
1500 1558 1565 1589 τοὺς
1582 1557 1704 1592 ὁρῶντας
1722 1558 1763 1588 είς
1777 1557 1827 1592 τὴν

1035 1607 1083 1634 τοῦ
1115 1607 1222 1642 Πατρὺς
1248 1606 1328 1638 δόξαν
1357 1605 1528 1641 ἐπιστρέφει.
1554 1604 1628 1639 Πλὴν
1649 1603 1767 1638 ἐπείπερ
1795 1603 1827 1628 οὐ

1036 1653 1150 1685 πολλοὺς
1170 1653 1279 1689 ὁρῶμεν
1305 1652 1357 1687 (ὃτι
1378 1651 1526 1686 συνανυψοῖ
1538 1650 1628 1685 ἑαυτῷ
1641 1650 1672 1676 τὸ
1691 1649 1759 1684 ὕψος
1779 1649 1828 1675 τοῦ

1036 1699 1246 1734 κατορθώματος
1258 1706 1264 1713 ·
1284 1698 1398 1733 σφοδρὸν
1411 1698 1465 1733 γὰρ
1478 1697 1576 1733 ἀφίησι
1590 1695 1713 1723 κάτωθεν
1728 1696 1746 1731 ὴ
1760 1695 1829 1730 κενὴ

1035 1744 1098 1777 δόξα
1110 1745 1141 1771 τὸ
1156 1744 1244 1779 βέλος,
1262 1744 1309 1770 καὶ
1320 1743 1421 1777 δυνατὴ
1431 1742 1486 1777 (55)
1499 1741 1629 1773 πολλάκις
1643 1741 1690 1767 καὶ
1711 1740 1828 1775 στερρὸν

1034 1789 1100 1826 ἦθος
1111 1790 1244 1823 διελάσαι,
1258 1789 1305 1816 καὶ
1317 1789 1383 1824 πρὸς
1395 1789 1430 1815 τὰ
1443 1788 1519 1815 κάτω
1531 1785 1719 1822 περιτρέψαι),
1736 1786 1827 1819 ἀσφα-

1036 1837 1151 1873 λεστέρα
1166 1836 1284 1871 πολλῷὴ
1304 1836 1333 1862 ἐν
1354 1835 1394 1870 τῷ
1410 1834 1537 1870 κρυπτῷ,
1563 1833 1609 1859 καὶ
1634 1833 1752 1868 μάλιστα
1773 1831 1828 1857 τιίν

1036 1884 1223 1918 εἰσαγομένων
1239 1882 1397 1918 εὑρίσκεται
1421 1881 1550 1918 ἐργασία.
1567 1880 1631 1912 Τοῖς
1650 1880 1672 1906 δ’
1691 1879 1745 1913 ἔξω
1759 1888 1829 1906 παν-

1035 1930 1131 1961 τελοῦς
1150 1929 1246 1964 βέλους
1261 1929 1403 1963 γεγονόσιν
1419 1927 1560 1958 ἀκώλυτος
1572 1927 1589 1962 ὴ
1605 1927 1634 1954 ἐν
1647 1925 1759 1961 φανερῷ
1779 1927 1830 1952 καὶ

1035 1976 1154 2012 δημοσίᾳ
1177 1975 1364 2011 πραττομένη.
1386 1975 1463 2001 Ἐπεὶ
1476 1974 1523 2001 καὶ
1538 1975 1552 2001 ὁ
1574 1973 1669 2009 Σωτὴρ
1686 1973 1752 1999 ποτὲ
1778 1972 1829 2007 μὲν

1036 2023 1076 2054 εἰς
1102 2022 1204 2057 μέσους
1231 2022 1278 2048 κα)⁵
1301 2022 1330 2047 ὲν
1354 2022 1414 2052 ταῖς
1437 2021 1610 2055 συναγωγαῖς
1636 2019 1670 2045 τὰ
1698 2018 1828 2053 θαύματα

1035 2067 1172 2097 ἐπετέλει,
1189 2066 1246 2092 ἐσθ’
1260 2067 1304 2092 ὅτε
1327 2066 1356 2092 δὲ
1371 2067 1422 2092 οὐκ
1438 2067 1481 2093 εἷα
1500 2064 1712 2100 δημοσιεύεσθαι
1727 2064 1826 2091 ταῦτα.

1035 2113 1072 2139 Τὸ
1091 2113 1150 2148 μὲν,
1167 2113 1208 2139 ὅτι
1222 2112 1348 2147 καθάπερ
1359 2112 1407 2139 καὶΙ
1418 2113 1474 2143 τοῖς
1487 2111 1578 2143 ἄλλοις
1591 2111 1707 2138 πάθεσιν
1720 2111 1827 2146 ἀπροσ-

1036 2161 1170 2192 πέλαστος
1184 2160 1253 2191 ὅλως
1274 2157 1319 2195 ἦν,
1335 2159 1408 2186 οὕτω
1423 2159 1469 2186 καὶ
1489 2159 1538 2194 τὴν
1550 2158 1705 2190 κενοδοξίαν
1719 2159 1826 2193 ἀπρόσ-

197 2208 320 2236 Alterutn
330 2206 440 2242 quidem
455 2214 550 2234 eorum
563 2205 688 2237 faciebat,
704 2205 789 2240 quod,
799 2205 872 2234 sicut
881 2206 981 2234 affecti-

1070 2214 1092 2232 )ν
1107 2207 1232 2240 κατεῖχεν
1249 2214 1255 2220 -
1273 2205 1304 2231 τὸ
1316 2205 1355 2237 δὲ,
1368 2205 1469 2231 κανόνα
1486 2205 1534 2232 καὶ
1553 2204 1680 2239 γνώμονα
1696 2203 1825 2239 παρέχων

197 2255 249 2282 bus
274 2254 336 2282 aliis
358 2253 486 2281 omnibus
501 2260 615 2288 prorsus
630 2259 684 2278 non
700 2255 760 2279 erat
777 2251 924 2285 obnoxius,
946 2252 982 2280 ita

197 2309 248 2330 nec
260 2300 434 2330 ostentationi
454 2299 574 2335 patebat.
591 2298 714 2325 Alterum
730 2305 805 2331 vero,
817 2303 847 2326 ut
860 2298 982 2334 regulam

197 2352 225 2375 et
237 2347 392 2382 exemplum
407 2346 487 2374 nobis
499 2344 644 2380 praeberet,
666 2343 700 2371 ad
718 2343 874 2378 fugiendam
889 2349 983 2372 osten-

198 2393 344 2426 tationem,
375 2397 402 2420 et
425 2390 597 2419 errabundos
621 2390 695 2425 vulgi
726 2390 839 2424 plausus
868 2390 983 2418 sollicite

196 2439 333 2467 vitandos.
347 2438 633 2472 Perfectiusitaqueet
647 2435 829 2470 perfectorum
841 2437 981 2464 hominum

194 2490 248 2518 est,
270 2485 343 2520 quod
370 2484 501 2515 diximus,
528 2483 667 2517 publicum
683 2482 792 2509 virtutis
815 2482 936 2510 studium
956 2487 983 2510 et

194 2531 367 2563 exercitium,
388 2530 473 2557 tutius
490 2536 555 2557 vero
570 2528 720 2556 occultum.
746 2527 784 2555 lbi
809 2529 882 2556 enirn
893 2529 982 2556 latens

227 2633 252 2650 ⁸⁸
268 2633 278 2660 l
292 2632 363 2660 Tim.
378 2638 421 2664 In,
436 2631 460 2658 7.
479 2631 500 2648 "
516 2630 598 2658 lCnr.
615 2640 641 2664 x,
653 2630 698 2658 3‘2.

1036 2253 1113 2288 ἡμῖν,
1129 2252 1241 2287 φεύγειν
1259 2260 1288 2278 τε
1300 2252 1349 2283 τὰς
1367 2250 1522 2283 ἐπιδείξεις,
1546 2251 1593 2278 καὶ
1607 2251 1671 2281 τοὺς
1684 2250 1822 2285 πεπλανη-

1038 2299 1135 2333 μένους
1149 2297 1203 2326 τῶν
1219 2297 1324 2324 πολλῶν
1344 2297 1537 2332 διακρούεσθαι
1560 2297 1697 2328 ἐπαίνους.
1716 2297 1824 2323 Τελειο-

1036 2345 1103 2380 τέρα
1116 2345 1165 2380 μὲν
1179 2344 1226 2371 οὖν
1241 2345 1288 2371 καὶ
1301 2343 1424 2376 τελείων,
1451 2343 1546 2378 ὥσπερ
1564 2343 1679 2379 ἔφαμεν,
1700 2344 1717 2378 ἡ
1740 2343 1770 2369 ὲν
1786 2343 1824 2377 τῷ

1038 2391 1113 2426 μέσῳ
1126 2390 1235 2426 πρᾶξις,
1251 2389 1443 2425 ἀσφαλεστέρα
1466 2389 1494 2415 δὲ
1519 2390 1536 2424 ὴ
1549 2389 1728 2416 λανθάνουσα.
1753 2389 1824 2416 Ἐκεῖ

1037 2436 1087 2471 μὲν
1100 2436 1154 2471 γὰρ
1175 2436 1306 2468 πολλάκις
1322 2435 1440 2462 λαθοῦσα
1458 2436 1643 2462 συνεισδύεται
1658 2437 1692 2470 τῇ
1706 2436 1791 2471 ἀρετῇ
1805 2437 1823 2471 ἡ

1036 2483 1131 2514 κακία,
1148 2482 1264 2509 ἐνταῦθα
1280 2482 1308 2508 δὲ
1326 2483 1389 2516 τόγε
1405 2482 1449 2508 ἐπ’
1466 2482 1534 2518 αὺτῇ
1549 2484 1581 2518 τῇ
1601 2482 1709 2517 κρυφὶῳ
1725 2482 1824 2517 πράξει

1036 2529 1258 2564 ἀποτετείχισται
1286 2528 1425 2560 παντελῶς
1445 2529 1513 2563 αὐτῇ
1541 2528 1598 2563 (54)
1628 2529 1644 2565 ἡ
1666 2528 1822 2560 διείσδυσις.

986 2710 1101 2738 NOTAE.
1132 2754 1139 2762 .

227 2814 284 2850 (3‘2)
299 2816 328 2841 ὲν
339 2814 378 2850 τῷ
394 2814 518 2850 κρυπτῷ,
537 2814 630 2841 Matth.
643 2822 680 2847 Vt,
696 2815 722 2842 ι.

227 2851 284 2887 (53)
295 2850 363 2878 Cum
374 2850 449 2879 Colb.
464 2858 513 2885 pro
528 2850 572 2876 διὰ
587 2850 622 2875 τί.

1029 2851 1043 2877 δ
1068 2816 1123 2876 ἓὸιξ)
1141 2816 1233 2844 Malim
1264 2817 1360 2852 αὐτῆς,
1381 2818 1487 2846 scilicet
1512 2817 1622 2850 κακίας,
1646 2817 1688 2846 vel
1713 2818 1780 2852 αὕτη
1802 2819 1818 2849 ἠ

1046 2860 1068 2877 ΣΕ
1083 2859 1182 2877 σονσις.

1046 2859 1182 2883 ιεισουσις.
