1873 3063
51 168 104 201 τιὸ

512 170 562 200 AD
578 169 877 200 AMPHILOCHIUM
888 169 1061 205 QUIESTIO
1077 169 1213 200 CXXXV.

1592 192 1597 198 .
1617 167 1671 200 ’146

50 223 143 255 οὕτως
165 222 292 258 οὐδαμῶς
306 222 356 249 οὐκ
374 222 450 250 ἐστιν
469 224 577 250 ἐναντία
589 223 644 250 τῶν
663 225 799 251 Δεσποτικε

922 224 983 251 Lium
1000 231 1071 259 saepe
1085 224 1178 252 virtuti
1189 231 1218 252 se
1234 224 1345 258 miscet;
1366 224 1413 258 hic
1425 231 1500 256 vero,
1518 231 1566 258 per
1579 224 1671 251 occul-

50 270 183 304 ῥημάτων
193 271 210 305 ἡ
227 269 383 305 νομοθεσία.

83 401 165 432 Ἴδοις
180 400 204 427 δ’
231 400 264 428 ἂν
289 401 338 428 καὶ
365 401 453 433 ἄλλως
478 401 554 428 οὐδὲν
582 399 663 438 ἦττον
687 403 718 430 τὸ
741 404 835 439 ῥηθέν.

51 449 190 484 Ἑλέγχων
205 449 261 483 γὰρ
275 449 339 481 τοὺς
359 449 524 484 Φαρισαίους
539 450 553 476 ὸ
567 450 672 486 Σωτὴρ,
690 452 736 478 καὶ
752 461 836 486 μετα-

47 495 193 530 ρυθμίζων
205 495 296 522 αὐτῶν
306 496 337 521 τὸ
349 497 640 532 κατεσχηματισμένον
656 499 702 524 καὶ
720 498 836 526 ὕπουλον

43 542 84 572 είς
95 541 127 567 τὺ
141 541 257 576 κόσμιόν
273 550 304 567 τε
316 542 363 568 καὶ
383 542 429 568 τὸν
449 543 568 578 χρηστὸν
590 543 699 578 τρόπον,
720 545 836 571 ἀπεῖπεν

44 587 97 621 μὲν
114 587 208 619 αὐτοῖς
225 587 337 622 φεύγειν
349 587 380 614 τδ
395 587 464 622 πρὸς
473 587 633 623 ἀνθρώπους
649 589 710 624 ζῇν,
728 590 836 617 διώκειν

43 634 84 666 δὲ,
105 635 158 660 ὅσα
180 633 327 669 θεραπεύει
349 634 426 660 Θεόν.
453 634 522 666 Τοὺς
546 634 593 661 οὖν
615 635 664 670 τὴν
683 636 853 668 κενοδοξίανη

43 680 194 710 νοσοῦντας
218 680 401 706 ἀπαλλάσσων
424 680 475 715 τῆς
504 681 593 713 νόσου,
622 681 690 717 πρὸς
715 682 837 714 ἐκείνους

43 726 128 760 φησίν
137 735 145 742 ·
165 735 174 752 ι
187 726 232 761 Μὴ
246 727 348 752 ποιεῖτε
360 727 409 761 τὴν
422 726 608 762 ἐλεημοσύνην
621 728 698 762 ὑμῶν
713 728 837 763 ἔμπροσ-

43 772 89 798 θεν
103 771 162 798 τῶν
175 771 336 806 ἀνθρώπων
359 781 368 796 ι
379 772 436 802 καὶ,
449 782 458 797 ι
468 773 500 798 "0
513 774 584 799 ποιεῖ
599 774 614 806 ἡ
633 772 709 805 δεξιά
723 782 780 806 σου,
800 773 839 808 μὴ

19 832 24 837 -
42 817 144 851 γνώτω
159 818 176 852 ὴ
191 818 323 853 ἀριστερά
336 826 393 848 σου,
413 826 422 843 ι
440 819 487 844 καὶ
501 819 550 845 ὅσα
560 819 650 853 ὅμοια.
665 819 734 851 Τοὺς
746 820 836 854 ἐμπα-

43 863 102 895 θεῖς
139 863 350 899 περικαθαίρων
374 863 422 890 τοῦ
447 863 561 897 πάθους,
590 865 653 897 τοὺς
685 866 837 901 ὑποκριτὰς

887 275 944 297 tum
976 279 1072 306 nempe
1095 271 1203 298 virtutis
1233 271 1411 302 exercitium,
1444 269 1502 297 vitii
1532 270 1673 304 eubreptin

887 317 995 351 penitus
1006 321 1127 344 cavetur.
1162 316 1209 343 Illa
1230 316 1321 350 itaque
1340 315 1448 342 Domini
1472 309 1605 349 praecepta
1619 315 1671 342 sibi

888 364 1044 398 neutiquam
1058 365 1248 391 adversantur.

922 410 995 441 Haec,
1031 418 1091 445 quze
1108 410 1182 437 dicta
1197 413 1271 441 sunt,
1304 409 1354 436 alia
1369 416 1479 443 quoque
1492 409 1597 436 ratione
1610 409 1673 436 illu-

887 460 973 482 strare
983 460 1009 482 et
1021 455 1172 490 perspicere
1182 455 1254 482 licet.
1272 453 1426 481 Pharisaaos
1438 454 1511 481 enim
1522 454 1672 489 castigans,

887 508 1032 535 moresque
1058 508 1152 528 eorum
1177 499 1320 527 simulatos
1340 505 1367 527 et
1380 499 1516 527 sublestos
1531 499 1564 527 ad
1580 507 1672 526 veram

887 545 1058 572 honestatem
1080 550 1106 572 et
1132 544 1295 579 probitatem
1311 544 1526 578 compositurus.
1538 544 1623 571 vetuit
1638 551 1674 571 ne

887 591 920 617 ad
948 590 1087 618 hominum
1114 590 1248 625 judicium
1279 591 1362 617 vitam
1389 597 1468 617 suam
1485 594 1607 624 agerent,
1625 590 1673 617 sed

887 644 918 662 ea
944 636 1035 670 potius
1068 640 1313 668 consectarentur,
1338 643 1399 670 qure
1427 633 1483 662 Deo
1510 635 1673 670 probantur.

888 681 943 708 llos
959 681 1051 716 itaque
1070 688 1085 707 a
1116 688 1192 707 vanae
1218 681 1312 715 gloriae
1338 680 1429 708 studio
1444 685 1622 714 avocaturus,
1637 681 1675 708 ita

887 735 934 755 eos
947 728 1095 762 alloquitur
1114 736 1121 754 :
1141 726 1195 754 «Ne
1211 727 1318 756 faciatis
1331 728 1531 763 eleemosynam
1555 731 1674 755 vestram

888 781 980 801 coram
996 773 1169 806 hominibus;
1183 781 1192 798 ι
1209 778 1237 800 et
1262 781 1269 800 :
1293 782 1302 798 ι
1319 772 1396 805 Quod
1409 772 1474 800 facit
1488 773 1601 801 dextera
1616 778 1673 806 tua,

887 820 953 847 illud
969 819 1074 847 nesciat
1090 819 1216 852 sinistra;
1230 829 1239 845 ι
1263 819 1372 854 aliaque
1386 820 1430 847 his
1444 820 1554 848 similia.
1580 819 1675 848 Homi-

888 875 937 894 nes
948 866 1051 901 itaque,
1068 866 1210 894 affectibus
1226 866 1410 902 indulgentes,
1425 874 1441 893 a
1456 867 1529 895 malo
1542 868 1595 895 hoc
1610 875 1675 902 pur-

41 909 169 936 ἐλαύνων
197 909 249 943 τῆς
275 909 388 945 σκηνῆς,
415 910 480 942 τοὺς
507 911 559 936 ὑπὸ
582 911 656 946 ζόφῳ
673 913 719 938 καὶ
746 911 799 938 πλὰ

922 918 941 944 ι,
968 912 1127 948 hypocritas
1149 919 1183 940 ex
1213 913 1319 940 theatro
1347 913 1500 948 propulsat,
1536 913 1673 947 homines,

40 955 286 989 πολιτευομένους,
314 956 354 986 είς
374 956 420 982 τὸν
444 956 553 990 ἀπλανῆ
579 957 627 983 καὶ
644 958 765 993 καθαρὴν
784 959 834 992 τῆς

40 1000 150 1036 ἀρετῆς
166 1000 224 1035 βίον
240 1001 411 1035 μετακαλῶν,
430 1002 459 1035 ἐξ
481 999 511 1029 οὗ
524 1002 666 1036 διαυγάζει
681 1004 698 1037 ἡ
713 1004 834 1030 ἀπάθεια

40 1048 88 1074 καὶ
116 1047 134 1082 ὴ
165 1047 268 1082 ἀληθὴς
293 1047 367 1081 δόξα,
385 1047 433 1074 καὶ
455 1049 477 1083 ἠγ
498 1048 660 1084 λαμπρότης
681 1050 698 1084 ἡ
720 1050 832 1086 ψυχική.

39 1094 139 1124 Οὕτως
152 1094 205 1119 οὐκ
226 1093 299 1120 ἔστιν
315 1093 442 1129 ἀλλήλοις
458 1094 567 1121 ἐναντία
581 1095 614 1121 τὰ
626 1095 689 1129 ,θεῖα
709 1097 756 1122 καὶ
775 1097 834 1131 ἱερὰ

41 1140 220 1173 Λὰγια,ὅ›στε
236 1140 392 1167 τούναντίον
407 1137 462 1167 οὖδ¹
476 1141 509 1167 ἄν
523 1149 549 1167 τι
566 1141 670 1173 γένοιτο
682 1141 735 1167 τῶν
746 1141 833 1177 ἔργων

39 1185 228 1221 ἀπαστράψαι
240 1185 289 1220 τὴν
310 1185 482 1221 λαμπηδόνα,
499 1187 523 1213 εἰ
549 1189 585 1221 μὴ
609 1188 658 1221 ’τῆς
683 1188 833 1220 κενοδοξίας

38 1232 82 1258 τὸν
119 1232 204 1265 ζόφον
224 1231 357 1266 πρότερον
381 1231 557 1266 διασκεδάσῃ,
585 1231 633 1258 καὶ
662 1233 780 1267 περιέλοι
806 1233 834 1264 ἑξ

38 1277 136 1304 αὑτοῦ.

73 1368 187 1400 Ἄλλως
203 1377 232 1395 τε
246 1368 274 1395 δὲ
287 1389 294 1402 ,
312 1369 337 1395 εί
350 1369 381 1395 τὸ
394 1369 431 1404 μὴ
453 1369 642 1400 σκανδαλίζειν
660 1369 706 1396 τὸν
721 1369 834 1404 πλησίον

37 1414 194 1450 σ’ἇνδρομόν
213 1415 282 1447 ἐστι,
305 1415 404 1449 μᾶλλον
424 1415 452 1442 δὲ
470 1416 678 1450 προηγούμενον
690 1414 737 1441 τοῦ
755 1423 833 1449 περι-

37 1461 150 1496 λάμψάι
167 1461 223 1492 τοῖς
237 1460 329 1496 ἔργοις
340 1461 404 1492 τοὺς
418 1461 590 1497 ἀνθρώπους,
601 1461 631 1488 τὸ
642 1461 681 1494 δὲ,
698 1461 736 1496 μὴ
749 1462 834 1487 ποιεῖν

37 1508 111 1543 πρὸς
127 1506 270 1540 ἐπίδειξιν,
286 1508 315 1534 ὲν
331 1506 370 1543 τῷ
386 1507 423 1542 μὴ
447 1507 637 1540 σκανδαλίζειν
655 1507 693 1539 ὡς
711 1508 739 1534 ἐν
757 1507 834 1542 μέρει

37 1553 122 1586 νόμος
138 1552 298 1587 περιέχεται
313 1552 353 1586 τῷ
373 1552 436 1588 ὅλῳ.
460 1553 516 1579 Καὶ
541 1553 570 1579 τὺ
591 1552 703 1587 φεύγειν
718 1552 772 1588 ἄρα
786 1552 834 1588 τὴν

37 1598 200 1631 κενοδοξίαν
228 1598 448 1633 προπαρασκευὴ
473 1598 579 1632 γίνεται
603 1597 649 1624 τοῦ
680 1598 834 1634 ἔμπροσθεν

37 1644 94 1670 τῶν
116 1643 274 1679 ἀνθρώπων
293 1644 338 1670 διὰ
361 1643 415 1670 τῶν
437 1643 527 1679 ἔργων
552 1643 721 1679 ἀναλάμψαι.
754 1644 834 1671 Ἀλλά

37 1690 94 1724 γὰρ
107 1689 143 1716 τὰ
161 1689 211 1724 μὲν
227 1690 356 1724 Κυριακά
368 1690 446 1724 λόγια
462 1690 511 1725 σὴν
524 1690 579 1725 (55)
603 1690 791 1725 συνεξαίτησίν
804 1699 834 1716 τε

39 1738 88 1764 καὶ
109 1737 194 1772 χάριν
219 1736 359 1772 διαφόροις
381 1735 522 1768 ὲπιὸολαῖς
545 1737 606 1763 ἀντὶ
620 1737 668 1763 τοῦ
690 1737 834 1772 διαφωνεῖν

38 1781 190 1816 ἐπεδείχθη
211 1781 310 1816 μᾶλλον
321 1782 499 1817 ἀσπαζόμενα
509 1782 560 1817 τὴν
575 1783 745 1816 συμφωνίαν.

75 1925 161 1951 Ἐστι
176 1924 205 1951 δὲ
221 1924 267 1951 καί
281 1925 452 1952 Δεσποτικῶν
467 1926 483 1959 ἡ
497 1925 614 1960 μίμησις
629 1925 729 1960 νόμων,
742 1925 835 1952 κάκεῖ-

36 1972 84 1998 θεν
115 1971 177 2005 ἔχει
205 1970 255 2005 τὴν
284 1971 408 2006 πρόοδον.
432 1971 463 1997 τὸ
493 1971 613 1997 πλείοσιν
640 1972 834 2006 ἐπιχειρήμασι

36 2017 203 2052 μεθοδεύειν
227 2017 261 2043 τά
286 2018 443 2049 στασιάζειν
463 2017 587 2053 ἀλλήλοις
617 2018 747 2044 δοκοῦντα
780 2018 835 2044 τῶν

37 2063 260 2099 προϐλημάτων.
278 2063 334 2089 Καὶ
347 2063 402 2099 γὰρ
422 2063 502 2094 αὐτὸς
513 2065 526 2089 ὁ
542 2063 633 2094 κοινὸς
651 2063 697 2090 καὶ
710 2064 836 2097 Πλάστης

35 2112 86 2138 καὶ
103 2109 286 2142 Διδάσκαλος,
306 2109 354 2135 καὶ
378 2109 475 2144 Σωτὴρ
504 2101 653 2144 εἰσηγητὴς
677 2110 772 2144 ὁρᾶται
789 2109 835 2136 τοῦ

36 2156 170 2186 κανόνος.
183 2151 223 2186 οἷς
242 2155 382 2189 ἐποίησεν.
400 2155 457 2182 Οὐκ
472 2154 555 2190 ἄχαρι
578 2153 602 2180 δ’
625 2154 690 2186 ἴσως
703 2155 732 2180 ὲν
744 2152 836 2188 ταυτῷ

37 2212 80 2229 σοι
96 2201 335 2233 συνδιεξαπλῶσαι
356 2201 403 2227 καὶ
417 2200 466 2236 τὴν
481 2200 601 2236 Θεωρίαν
613 2200 660 2227 τοῦ
677 2200 770 2235 τρίτου
786 2200 836 2235 ζη-

36 2250 177 2284 τήματος.
195 2247 261 2274 Ὅτε
286 2247 341 2282 γὰρ
358 2247 388 2273 re
415 2248 562 2281 ἀχάριστον
584 2247 632 2273 κα).
658 2246 835 2282 ἀναίσχυντον

36 2297 116 2326 ἔθνος
131 2294 189 2321 τῶν
210 2293 346 2320 Ἰουδαίων
362 2293 411 2328 τῆς
423 2294 452 2319 ἐν
466 2292 598 2327 Σαϐϐάτῳ
608 2292 760 2326 σιτολογίας
773 2293 836 2324 τοὺς

38 2341 171 2377 μαθητὰς
186 2339 276 2370 αἰτίας
295 2339 487 2374 εἰσέπραττεν,
504 2339 552 2373 οὐχ
572 2338 613 2364 ἐνί
637 2347 669 2372 γε
688 2338 781 2373 τρόπῳ
805 2337 836 2364 τὺ

36 2386 247 2422 ὲπηρεαστικδν
258 2384 348 2411 αὐτῶν
363 2384 554 2417 ἐπεστόμισεν.
573 2383 653 2409 Ἀλλᾶ
667 2383 773 2418 πρῶτον
785 2383 835 2417 μὲν

36 2434 90 2469 τὴν
103 2432 234 2465 ἀνάγκην
252 2431 345 2462 αὐτοῖς
361 2430 574 2464 ἁντεπέστησεν.
602 2429 688 2455 Τοῦτο
712 2428 767 2464 γάρ
787 2429 835 2455 καὶ

37 2476 284 2508 κατασκευάζεται
308 2477 342 2511 τῇ
359 2475 430 2502 κατὰ
446 2475 492 2502 τὸν
516 2475 598 2502 Δαὸιδ
616 2475 714 2509 πράξει
731 2475 778 2501 καὶ
794 2474 833 2509 τῷ

38 2523 262 2559 παραδείγματι.
276 2521 306 2552 ὃς
319 2522 383 2552 τοὺς
400 2522 500 2556 ἄρτους
526 2520 622 2555 φαγὼν
636 2521 686 2547 οὐκ
699 2520 759 2552 ἐξὸν
783 2521 834 2554 τῆς

38 2568 217 2603 πμοέσεως,
229 2567 319 2598 αἰτίας
335 2566 457 2600 ἀφίεται.
477 2567 610 2601 Δεύτερον
624 2566 652 2593 δὲ
665 2566 718 2592 ἀπὸ
729 2565 775 2592 τοῦ
789 2565 835 2592 τό·

39 2624 106 2644 που.
125 2614 186 2649 ἦτοι
213 2613 289 2646 παρὰ
311 2612 342 2639 τὸ
367 2614 396 2638 ἐν
418 2612 457 2647 τῷ
481 2613 557 2646 τόπῳ
571 2612 730 2646 προνόμιον,
747 2612 836 2646 Παρα-

38 2660 225 2695 ὃειγματικόν
244 2659 293 2694 μὲν
309 2659 356 2685 καὶ
374 2657 465 2688 τοῦτο,
482 2658 552 2692 πλὴν
569 2657 617 2684 τοῦ
633 2658 767 2692 προτέρου
785 2658 834 2692 βα-

38 2706 280 2740 θύτερον.”Ωσπερ
291 2705 344 2740 γὰρ
356 2705 448 2739 mea;
459 2703 557 2739 πρᾶξις
569 2703 622 2736 ἔξω
639 2704 689 2739 μὲν
699 2704 746 2730 τοῦ
768 2703 840 2738 ἱεροῦ

78 2764 103 2780 ⁸¹
115 2764 211 2792 Matth.
229 2771 280 2796 xu,
293 2763 306 2790 1
325 2770 404 2798 seqq.

889 958 958 984 inter
974 958 1087 985 nebulas
1116 962 1144 985 et
1165 965 1274 986 errores
1286 958 1369 986 vitam
1386 964 1509 994 agentes,
1536 960 1570 986 ad
1590 959 1674 987 vitam

889 1004 1054 1039 inculpatam
1064 1009 1092 1032 et
1107 1012 1177 1039 puro
1191 1004 1299 1032 virtutis
1308 1004 1399 1032 studio
1408 1012 1563 1038 coruscam,
1572 1013 1606 1032 ex
1620 1013 1679 1040 qua

889 1049 1020 1079 immunis
1045 1050 1079 1078 ab
1106 1050 1248 1078 atl‘ectibus
1262 1050 1381 1082 animus.
1399 1057 1516 1086 veraque
1532 1051 1627 1086 gloria,
1647 1056 1676 1079 et

888 1095 987 1123 mentis
1000 1095 1128 1130 splendor
1143 1095 1253 1127 emicat,
1268 1094 1403 1130 perducit.
1418 1094 1566 1130 Propterea
1582 1095 1681 1123 divina.

887 1145 914 1166 et
927 1147 1006 1167 sacra
1027 1140 1073 1167 illa
1095 1140 1206 1167 oracula
1226 1140 1296 1167 adeo
1309 1140 1359 1167 sibi
1373 1140 1488 1168 invicem
1505 1148 1560 1168 non
1577 1141 1676 1168 adver-

888 1191 993 1220 smttur,
1028 1191 1059 1213 ut
1085 1187 1176 1220 potius
1204 1187 1310 1221 lampas
1326 1186 1459 1214 bonorum
1475 1194 1589 1222 operum
1603 1187 1675 1221 apud

888 1232 1025 1260 neminem
1051 1232 1142 1260 lucere
1169 1232 1265 1267 possit,
1286 1232 1338 1259 nisi
1356 1232 1403 1267 qui
1425 1233 1500 1267 prius
1517 1240 1593 1260 vanae
1612 1241 1674 1260 ant-

887 1278 1001 1305 bitionis
1035 1278 1178 1312 caliginem
1213 1278 1367 1312 dispulerit,
1400 1286 1484 1313 seque
1514 1279 1548 1307 ab
1576 1279 1622 1306 illa
1643 1279 1674 1306 li-

888 1324 999 1351 berarit.

924 1371 997 1398 idem
1013 1371 1064 1398 hoc
1090 1371 1172 1399 etiam
1202 1372 1255 1399 alia
1273 1372 1379 1399 ratione
1397 1371 1537 1405 probatur.
1558 1370 1636 1404 Quod
1651 1370 1675 1398 si

888 1417 1081 1444 oticndiculum
1092 1425 1147 1444 non
1161 1425 1263 1453 ponere
1279 1417 1406 1452 proximo
1431 1417 1609 1452 coniunctum
1621 1421 1674 1450 est,

888 1462 928 1489 vel
944 1462 1074 1496 praevium
1090 1463 1180 1497 potius
1195 1462 1243 1495 illi,
1266 1467 1296 1489 ut
1324 1467 1397 1490 recte
1412 1461 1485 1490 facta
1502 1463 1537 1489 ab
1554 1461 1674 1489 homini-

888 1507 940 1534 bus
956 1507 1177 1542 conspiciantur;
1201 1507 1270 1536 nibil
1291 1513 1381 1535 autem
1403 1507 1438 1534 ad
1463 1507 1676 1535 ostentationem

888 1552 987 1585 facere,
1011 1558 1140 1588 tanquam
1165 1561 1229 1589 pars
1247 1558 1373 1588 respectu
1402 1553 1496 1585 totius,
1512 1553 1672 1588 requiritur,

887 1602 916 1625 ut
935 1597 1078 1625 offensioni
1094 1605 1148 1625 non
1163 1598 1267 1631 simus;
1283 1598 1460 1633 consequitur
1493 1597 1585 1633 fugam
1597 1605 1676 1625 vana:

887 1643 1045 1671 ambitionis
1069 1651 1224 1678 praeparare
1246 1644 1399 1676 hominem,
1414 1647 1445 1670 ut
1469 1643 1598 1678 operibus
1617 1644 1678 1672 suis

886 1698 978 1718 coram
1002 1691 1160 1718 hominibus
1183 1691 1275 1718 lucere
1296 1690 1394 1725 pOSsit.
1424 1689 1519 1725 itaque
1539 1690 1573 1717 ad
1601 1690 1673 1725 peti-

887 1737 988 1764 tionem
1004 1742 1079 1763 tuam
1095 1741 1196 1773 tuaque
1211 1744 1299 1766 causa,
1311 1736 1394 1764 variis
1418 1736 1507 1763 modis
1532 1741 1683 1765 ostensum,

886 1791 956 1811 ame
971 1788 1022 1816 est,
1039 1783 1146 1810 Domini
1175 1783 1263 1811 nostri
1283 1783 1355 1810 dicta
1370 1783 1439 1810 adeo
1476 1783 1528 1810 sibi
1554 1783 1672 1809 invicem

886 1836 941 1855 non
971 1829 1123 1861 adversari,
1160 1834 1190 1855 ut
1233 1828 1378 1855 consensio
1406 1827 1499 1862 potius
1529 1826 1676 1855 manifeste

887 1880 1027 1910 appareat.

922 1919 1015 1948 lmitor
1029 1927 1095 1948 vero
1107 1919 1153 1948 hic
1177 1919 1286 1947 Domini
1311 1919 1397 1947 nostri
1416 1919 1583 1954 exemplum,
1600 1918 1673 1954 quod

886 1967 961 2000 facit,
977 1972 1007 1994 ut
1020 1966 1146 2002 pluribus
1162 1966 1251 1994 modis
1272 1971 1299 1994 et
1313 1965 1482 2001 argumentis
1505 1965 1534 1992 in
1560 1972 1676 1993 concor-

886 2013 958 2040 diam
974 2013 1019 2040 illa
1035 2013 1204 2047 redigantur,
1219 2020 1280 2046 qua:
1303 2019 1396 2039 secum
1422 2012 1539 2039 invicem
1553 2019 1685 2047 pugnare.

887 2059 1023 2086 videntur.
1035 2058 1097 2093 Ipse
1105 2059 1180 2086 enim
1189 2057 1343 2086 communis
1355 2062 1480 2085 nostrum
1497 2062 1525 2086 et
1535 2058 1674 2089 conditor,

887 2111 915 2134 ct
928 2106 1035 2137 doctor,
1047 2110 1073 2132 et
1087 2104 1228 2138 Servator,
1243 2112 1276 2132 ex
1298 2104 1342 2137 iis,
1360 2112 1421 2139 qua:
1435 2105 1493 2140 ipse
1514 2104 1589 2137 fecit.
1605 2105 1677 2132 banc

888 2152 1010 2186 regulam
1027 2149 1159 2177 docuisse
1181 2149 1356 2184 intelligitur.
1375 2149 1443 2176 Dum
1471 2149 1499 2177 ὶιι
1526 2149 1579 2177 hoc
1600 2156 1676 2181 sum,

888 2206 941 2224 nun
955 2195 1136 2231 iniucundum
1160 2195 1208 2223 tibi
1230 2194 1349 2224 fortasse
1362 2195 1463 2229 fuerit,
1484 2195 1565 2223 etiam
1590 2195 1677 2222 tertia:

849 2257 875 2288 D
889 2242 1049 2278 quaestionis
1063 2249 1179 2269 examen
1201 2241 1352 2277 suscipere.
1368 2242 1437 2269 Cum
1461 2241 1534 2268 enim
1550 2240 1682 2276 improba.

888 2294 913 2316 ct
930 2287 1076 2323 impudens
1100 2287 1257 2314 Judznorum
1276 2287 1351 2314 natio
1378 2285 1527 2320 discipulos
1541 2286 1676 2313 rationem

887 2334 1122 2369 redllerejubebat
1133 2334 1169 2366 ",
1186 2341 1237 2361 cur
1251 2334 1278 2360 in
1307 2333 1426 2361 Sabbato
1442 2337 1592 2360 sementem
1601 2339 1677 2359 com-

885 2381 1015 2413 edissent,
1032 2388 1086 2407 non
1113 2387 1168 2407 uno
1182 2379 1263 2407 modo
1278 2379 1394 2413 injurias
1416 2385 1511 2406 eorum
1536 2385 1677 2406 sermones

886 2426 1087 2459 compescebat.
1103 2425 1196 2453 Primo
1209 2425 1319 2460 quidem
1337 2425 1396 2452 loca
1414 2424 1603 2452 necessitatem
1619 2423 1675 2452 illis

887 2472 1054 2500 obvertebat.
1072 2471 1101 2499 Id
1115 2472 1218 2499 scilicet
1233 2472 1292 2506 ipso
1302 2471 1410 2498 Davidis
1427 2470 1499 2498 facto
1513 2475 1541 2498 et
1551 2470 1677 2505 exemplo

887 2518 1058 2550 firmabatur,
1074 2518 1132 2552 qui,
1148 2525 1211 2555 cum
1239 2525 1324 2552 panes
1349 2516 1555 2552 propositionis,
1575 2515 1678 2552 quibus
1694 2544 1697 2547 ,

887 2564 961 2592 vesci
985 2572 1039 2591 non
1065 2564 1176 2597 licebat,
1202 2564 1378 2596 comedisset,
1403 2570 1418 2590 a
1436 2563 1516 2597 culpa
1545 2562 1678 2590 immunis

890 2611 1050 2638 habebatur.
1071 2611 1193 2638 Alterum
1210 2614 1404 2645 argumentum
1418 2610 1485 2644 petit
1498 2616 1514 2636 a
1527 2608 1598 2641 loco,
1618 2608 1678 2635 sive

890 2656 980 2691 potius
995 2664 1010 2683 a
1026 2657 1204 2691 praerogativa
1233 2656 1365 2691 quadam,
1392 2655 1454 2682 loco
1476 2655 1598 2690 propria.
1624 2655 1677 2682 Ar-

897 2707 1055 2737 gumentum
1086 2703 1137 2729 hoc
1162 2703 1256 2730 itidcnt
1274 2702 1308 2728 ab
1327 2701 1451 2736 exemplo
1487 2701 1608 2734 ducitur,
1630 2699 1680 2727 sed

812 2807 924 2836 NOTAE.

82 2867 142 2904 (55)
155 2867 204 2904 σὴν
215 2868 301 2896 babes
312 2875 347 2895 ex
361 2867 482 2904 Colbert.
503 2866 603 2904 Vocula
615 2867 684 2904 haec
707 2866 734 2893 in
750 2866 836 2894 altero
853 2866 888 2894 ob
897 2874 1016 2903 sequens
1053 2867 1241 2902 συνεξαίτησιν
1271 2865 1375 2894 omissa
1391 2867 1463 2895 erat,
1475 2862 1521 2891 ubi
1535 2867 1626 2890 tamen
1640 2866 1673 2890 at-

40 2911 101 2939 que
112 2902 187 2931 adeo
196 2908 224 2931 et
241 2904 285 2931 hic
301 2903 403 2931 rectius
416 2903 519 2937 legetur
533 2903 584 2938 σὴν
598 2902 746 2936 ἐξαίτησιν.
