1873 3063
191 161 246 199 ’147

767 165 898 201 ῘἮΟἸἮ
917 167 1168 203 PATRIARCH/E
1187 169 1237 202 GP.-

1762 164 1815 201 τις

192 225 277 259 priori
297 222 343 252 illo
362 225 404 252 cst
418 225 538 260 gravitIs.
557 223 634 253 Sicut
661 225 734 253 enim
750 226 844 254 eadem
857 227 940 259 actio,
951 227 975 254 si

1082 228 1168 262 ,μένηι
1183 227 1251 261 πρὸς
1273 226 1352 260 δικην
1369 225 1480 260 ὑπάγει,
1503 226 1533 251 ὲν
1553 223 1628 260 αὖτῷ
1643 220 1673 251 δὲ
1687 224 1726 259 τῷ
1750 223 1816 259 ίερῴ

192 266 299 305 quidein
328 275 404 298 extra
441 272 531 298 locum
550 276 674 299 sanctum
705 272 760 305 ﬁat,
779 273 886 300 crimini
912 272 977 300 facit

190 317 350 348 obnoxium,
366 325 427 352 quae
450 318 478 345 in
495 324 590 345 sancto
608 318 669 346 loco
683 322 800 354 patrata.
821 327 898 346 reum
921 327 976 346 non

191 363 279 389 reddit
294 371 301 395 ;
328 363 376 396 ita,
392 363 414 391 si
433 364 480 398 qui
496 364 542 390 alii
555 364 715 399 simpliciter
737 365 764 392 in
782 364 902 392 Sabbato
919 364 977 392 l’ru-

190 412 283 435 mento
305 413 452 436 vescantur
480 408 593 444 (largiar
609 409 661 436 hoc
687 409 789 444 vobis,)
812 410 898 444 culpat
913 414 978 436 sunt

189 454 312 482 obnoxii.
337 454 372 481 At
388 462 453 482 vero
469 455 518 487 illi,
537 455 584 490 qui
612 456 754 483 hominum
782 461 847 483 sunt
875 459 974 483 serv’a-

191 504 276 534 tores,
292 503 320 527 et
333 500 470 532 doctores,
485 501 586 535 quique
601 508 663 534 cum
684 502 743 536 ipso
758 501 905 529 sacerdotii
923 501 977 528 Do-

189 545 267 572 mino
283 549 310 573 et
333 545 491 581 legislature
516 551 671 578 versantur,
698 547 741 574 vel
769 550 914 581 propterea
942 547 976 574 ab

192 591 266 619 Omni
293 591 409 621 crimine
425 591 562 619 immunes
588 593 734 620 habemur.
763 593 830 625 Quae
845 593 917 620 enini
933 593 977 620 hic

192 642 268 670 sunt,
288 641 383 665 sancto
396 638 442 665 illo
458 638 519 665 loco
532 643 595 666 sunt
611 639 726 673 majora.
744 639 828 666 Porro
845 643 909 666 vero
926 639 976 665 mi-

191 682 348 710 sericordiae
367 689 477 718 quoque
492 684 603 710 nomine
620 684 769 711 amentiam
786 688 881 711 eorum
895 683 978 711 casti-

194 731 248 762 gat.
277 727 307 755 Si
329 728 402 756 enim
426 728 604 760 sacriﬁcium,
624 730 726 764 inquit,
740 734 853 765 praestat
878 730 975 757 obsera-

193 774 301 801 vatione
325 774 449 808 Sabbati,
479 774 523 802 lex
548 781 613 802 vero
641 781 732 803 vestra
761 775 978 804 misericordiam

192 820 330 848 sacriﬁcio
358 820 488 855 praefert:
518 830 528 846 ‹
542 820 758 849 Misericordiam
773 822 858 854 enim,
877 821 977 857 inquit,

193 866 267 900 volo,
284 873 338 894 non
356 874 421 894 vero
446 867 611 895 sacriﬁcium
629 867 653 883 ⁸³
670 876 677 901 ;
694 876 703 893 ι
731 868 770 895 illi
799 868 904 902 utique,
929 868 977 903 qui

193 919 244 946 pro
265 919 307 945 eo,
331 913 403 947 quod
431 913 465 940 ad
493 913 711 941 misericordiam
736 913 807 941 ﬂecti
832 914 976 946 debebant,
992 903 1016 932 Β

193 956 427 990 praevaricationis
440 964 535 992 pwnas
549 963 676 992 poscunt,
693 958 806 993 majoris
822 960 925 993 peccati
937 959 977 987 rei

194 1002 293 1029 merito
304 1002 449 1036 habentur,
465 1004 590 1031 umbram
609 1004 678 1039 legis
705 1004 887 1032 vindicantes.
905 1004 979 1032 Prae-

193 1051 267 1075 terea
283 1052 382 1083 quarto
395 1048 476 1076 etiam
494 1055 655 1084 argumento
672 1050 699 1077 in
719 1051 831 1077 eosdem
851 1050 978 1078 animad-

192 1093 285 1128 νει-ιη,
309 1093 415 1128 dicens,
443 1095 582 1122 hominem
607 1103 661 1123 non
687 1100 800 1130 propter
828 1096 978 1124 Sabbatum

192 1141 307 1174 factum,
323 1141 371 1169 sed
391 1142 540 1169 Sabbatum
556 1142 646 1176 potius
671 1144 698 1170 in
714 1144 834 1171 hominis
852 1150 977 1170 commo-

191 1186 258 1214 dum
274 1188 412 1215 conditum
424 1195 484 1215 esse
497 1188 531 1215 “.
551 1188 670 1224 Denique
678 1194 705 1217 et
715 1190 860 1217 verborum
873 1190 978 1225 ﬂagello

192 1234 319 1261 amentia!
333 1241 428 1261 eorum
442 1235 565 1270 quintam
582 1235 678 1270 inﬂigit
693 1235 812 1271 plagam,
824 1243 879 1271 qua
896 1237 979 1264 simul

192 1280 279 1307 instar
292 1279 399 1307 Domini
413 1288 476 1308 cum
499 1280 604 1315 majore
622 1281 741 1315 quadam
765 1283 929 1310 auctoritate
951 1287 979 1310 et

192 1325 314 1352 elﬁcacia
328 1325 438 1353 eosdem
459 1326 583 1361 castigat.
604 1335 614 1352 ι
629 1326 762 1354 Dominus
777 1327 862 1359 enim,
878 1328 978 1362 inquit,

194 1370 305 1399 Sabbati
321 1377 363 1399 est
376 1371 461 1399 Filius
477 1372 640 1400 hominis".
655 1383 664 1398 ι
677 1372 756 1405 Quod
776 1374 798 1400 si
815 1381 881 1401 vero
892 1373 979 1402 Filius

191 1423 236 1446 cst
251 1417 401 1450 Dominus;
415 1418 643 1452 «liscipuliautem
660 1419 700 1445 vel
716 1419 834 1446 maxime
850 1419 898 1446 ﬁlii
915 1426 980 1449 sunt

192 1468 222 1491 et
237 1463 358 1491 lueredes
377 1463 427 1498 (illi
446 1463 520 1490 enim
534 1464 614 1498 primi
630 1471 685 1490 non
701 1472 735 1491 ex
758 1465 904 1500 sanguine,
927 1473 980 1493 nec

193 1517 228 1537 ex
240 1508 380 1536 voluntate
399 1509 491 1536 carnis
514 1517 564 1536 nec
583 1517 617 1537 ex
633 1510 773 1538 voluntate
796 1511 857 1544 viri,
873 1512 922 1539 sed
944 1519 975 1540 ex

1031 273 1177 299 ἀνεύθυνον
1191 272 1303 299 ἀπολύει
1318 280 1325 287 ·
1342 271 1413 298 οὕτω
1435 271 1482 297 καὶ
1504 271 1651 304 σιτολογεῖν
1667 270 1717 304 μέν
1740 278 1818 302 τινας

1028 318 1122 350 ἅπλῶς
1145 319 1175 344 ὲν
1191 318 1321 353 Σαὸὃάτῳ
1334 317 1459 354 (δεδόσθω
1486 317 1541 352 γὰρ
1568 318 1631 351 ὑμῖν
1645 315 1665 351 ,)
1691 317 1765 342 ποιεῖ
1787 318 1817 342 ἐν

1028 365 1172 396 εὐθύναις*
1192 366 1256 396 τοὺς
1284 364 1313 390 δὲ
1327 364 1382 390 τῶν
1396 363 1548 398 ἀνθρώπων
1562 362 1687 397 σωτῆρας
1708 362 1756 387 καὶ
1776 361 1816 387 δι-

1027 410 1188 444 δασκάλους,
1205 410 1253 437 καὶ
1278 406 1353 444 αύτῷ
1366 408 1405 444 τῷ
1429 404 1480 443 τῆς
1511 407 1664 442 ἱερωσύνης
1687 408 1817 438 συνόντας

1027 456 1152 492 Δεσπότῃ
1166 456 1214 482 καὶ
1231 455 1364 492 νομοθέτῃ
1379 454 1479 486 παντὸς
1498 453 1659 488 αἰτιάματος
1676 452 1817 479 ἀπαλλάτ-

1027 511 1078 529 τει.
1094 502 1187 537 Πολλῷ
1201 502 1255 537 γὰρ
1269 501 1355 536 μείζω
1368 501 1415 527 τοῦ
1430 500 1504 535 ἱεροῦ
1516 500 1550 526 τὰ
1565 499 1692 526 ἐνταῦθα.
1713 497 1775 525 Ἔτι
1789 495 1818 525 δὲ

1028 551 1076 577 καὶ
1096 549 1149 576 ἀπὸ
1162 549 1210 576 τοῦ
1234 549 1311 575 ἐλέου
1322 549 1373 584 τὴν
1391 545 1481 575 αὐτῶν
1503 547 1633 575 ἀπόνοιαν
1653 547 1816 582 στηλιτεύει.

1030 595 1061 621 ΕΞ
1075 595 1130 630 γὰρ
1149 594 1250 629 μείζων
1264 594 1314 629 μὶν
1330 594 1346 629 ἠ
1366 592 1447 620 θυσία
1463 594 1513 628 τῆς
1537 594 1758 628 παρατηρήσεως
1771 594 1820 626 τῆς

1028 641 1057 666 ἐν
1071 639 1214 675 Σαϐϐάτῳ,
1241 640 1390 675 ἐπίπροσθέ
1415 648 1443 666 τε
1466 639 1515 674 τῆς
1532 639 1628 671 θυσίας
1645 638 1692 665 καὶ
1707 639 1721 664 ὁ
1737 639 1820 672 νόμος

1028 686 1104 721 ὑμῶν
1118 686 1163 713 τὸν
1192 686 1266 712 ἔλεον
1285 686 1357 720 ἄγει·
1379 695 1389 711 ι
1418 685 1512 712 Ἐλεον
1533 686 1599 720 γὰρ,
1627 685 1720 720 φησὶν,
1737 684 1821 715 θέλω,

1029 732 1077 758 καὶ
1094 731 1124 758 ού
1151 732 1266 759 θυσίαν·
1288 741 1298 758 ι
1322 732 1347 758 οἱ
1371 732 1434 764 τοὺς
1453 731 1577 767 μαθητὰς
1607 729 1724 766 ὁρῶντες
1748 730 1822 764 λιμῷ

1029 778 1075 804 καὶ
1091 778 1183 813 ἀσιτίᾳ
1200 777 1391 812 πιεζομένους,
1407 775 1467 804 εἶτα
1480 779 1540 804 ἀντὶ
1550 772 1598 804 τοῦ
1614 777 1657 803 ἐπ’
1670 777 1744 803 ἔλεον
1763 778 1822 810 (56)

1028 820 1167 858 τραπῆναι
1182 823 1260 857 δίκην
1286 823 1514 858 εἰσπραττόμενοι
1538 823 1721 858 παρανομίας,
1747 821 1822 849 οὗτοι

1030 867 1120 903 πολλῷ
1136 868 1317 904 χαλεπωτέρᾳ.
1333 868 1491 903 παραϐάσει
1509 867 1558 904 τὴν
1576 866 1655 894 σκιὰν
1670 868 1718 894 τοῦ
1736 868 1822 903 νόμον

1030 916 1174 943 διεκδικείν
1185 918 1255 942 εἰσιν
1269 916 1431 947 ὲαλωκότες.
1447 917 1483 943 Ού
1497 917 1550 951 μὴν
1564 916 1631 942 ἀλλὰ
1640 917 1687 942 καὶ
1697 917 1823 951 τετάρπμ

1028 961 1139 993 τούτους
1157 962 1341 998 ἀπορραπίζει
1357 962 1428 997 λόγῳ
1442 982 1450 995 ,
1466 961 1497 989 οὐ
1519 961 1564 988 διὰ
1578 961 1607 988 τὸ
1623 960 1763 988 Σάϐϐατον
1778 962 1824 988 τὸν

1029 1008 1172 1044 ἄνθρωπον
1185 1008 1329 1043 γεγονέναι
1339 1008 1436 1042 λέγων,
1453 1008 1510 1034 ἀλλ’
1526 1008 1660 1036 ἀνάπαλιν
1674 1007 1823 1043 ἀνθρώπου

1029 1055 1108 1090 χρείᾳ
1125 1054 1156 1080 τὸ
1183 1054 1323 1081 Σάδὸατον
1350 1052 1511 1088 ὑφεστάναι.
1531 1054 1586 1081 Ναὶ
1609 1053 1642 1088 δὴ
1670 1053 1718 1079 καὶ
1742 1053 1825 1087 μέχρι

1031 1101 1161 1135 πέμπτης
1177 1100 1287 1135 πληγῆς
1303 1098 1354 1135 τῆς
1369 1099 1462 1131 ἀνοίας
1477 1100 1566 1127 αὐτῶν
1584 1101 1618 1135 τῇ
1643 1100 1756 1134 μάστιγι
1770 1099 1826 1125 τῶν

1030 1146 1118 1180 λόγων
1132 1144 1314 1179 καθικνεῖται,
1344 1141 1577 1182 δεσποτικώτερον
1591 1145 1687 1172 λοιπὸν
1703 1146 1751 1172 καὶ
1767 1143 1826 1180 μετ’

1029 1194 1154 1226 ἐξουσίας
1164 1192 1262 1226 αὐτοὺς
1277 1194 1460 1229 ἐπιπλήττων.
1476 1203 1484 1219 ι
1500 1191 1603 1228 Κύριος
1613 1194 1668 1228 γάρ
1683 1193 1754 1223 ἐστι.
1771 1201 1827 1227 φη-

1030 1242 1084 1274 σὶν,
1101 1242 1115 1268 ό
1129 1240 1194 1272 Υἱὸς
1209 1240 1256 1267 τοῦ
1271 1240 1416 1275 ἀνθρώπου
1433 1237 1538 1266 καὶτοῦ
1552 1238 1708 1266 Σαϐϐάτου.
1725 1247 1734 1263 ι
1752 1238 1784 1264 Ei.
1800 1237 1829 1264 δὲ

1030 1287 1131 1322 Κύριος
1144 1288 1158 1313 ό
1173 1286 1247 1319 Υἱὸς,
1266 1286 1320 1312 υῑοὶ
1339 1286 1368 1312 δὲ
1389 1286 1437 1312 καὶ
1462 1285 1625 1320 κληρονόμοι
1649 1284 1767 1319 μάλιστα
1801 1285 1826 1308 οἱ

1033 1333 1153 1369 μαθηταὶ
1169 1329 1263 1368 (οὗτοι
1290 1332 1345 1367 γὰρ
1369 1331 1416 1358 καὶ
1438 1331 1543 1367 πρῶτοι
1568 1331 1618 1357 οὐκ
1632 1330 1663 1362 ὲξ
1685 1330 1829 1365 αἱμάτων,

1030 1376 1091 1406 οὑδὲ
1125 1381 1157 1406 ἐκ
1185 1379 1338 1414 θελήματος
1371 1378 1488 1414 σαρκὸς,
1519 1374 1579 1404 ούδὲ
1613 1377 1646 1403 ὲκ
1674 1377 1831 1410 θελήματος

1035 1423 1145 1460 ἀνδρὸς,
1164 1424 1223 1450 ἁλλ’
1237 1424 1269 1450 ἐκ
1284 1419 1351 1449 Θεοῦ
1364 1422 1557 1458 ἐγεννήθησαν,
1573 1419 1621 1448 καὶ
1645 1418 1693 1455 τῆς
1724 1419 1833 1447 ἀνωθεν

1032 1469 1168 1502 υἱοθεσίας
1191 1469 1359 1505 ἠξιώθησαν)
1381 1477 1388 1484 ”
1404 1469 1454 1495 οὐκ
1478 1467 1519 1495 ἔτι
1536 1466 1737 1499 δουλεύσουσιν,
1761 1465 1833 1492 ἀλλὰ

1032 1516 1207 1552 κυριεύσουσι
1223 1515 1269 1541 τοῦ
1283 1513 1434 1541 Σαϐϐάτου.
1457 1512 1501 1547 Ἐξ
1523 1511 1571 1540 οὖν
1584 1513 1634 1548 τῆς
1659 1512 1833 1546 Δεσποτικῆς

172 1567 179 1573 κ
195 1554 252 1582 Deo
278 1554 362 1590 geniti
383 1560 457 1587 sunt,
487 1559 514 1582 et
533 1562 550 1582 a
570 1555 626 1582 Deo
652 1556 678 1582 in
700 1557 769 1584 lilios
791 1557 976 1594 adoptati");

1082 1562 1171 1595 τασίας
1184 1561 1298 1597 ταύτης,
1316 1561 1362 1587 καὶ
1376 1557 1425 1596 ὂση
1444 1559 1636 1594 παραπλησία,
1655 1557 1835 1592 δυναμωθέν-

196 1601 279 1628 iidem
288 1609 354 1628 sane
363 1608 416 1628 non
424 1601 555 1634 servient,
565 1601 613 1628 sed
626 1602 840 1630 dominabuntur
853 1602 982 1633 Sabbato.

196 1646 255 1675 Hoc
277 1647 360 1682 igitur
385 1647 495 1675 Domini
517 1655 610 1682 opere,
635 1648 752 1683 allisque
775 1649 814 1676 illi
836 1650 983 1684 similibus,

196 1694 297 1722 muniti
324 1698 351 1722 et
377 1694 478 1728 edocti,
495 1694 580 1727 illam,
601 1698 630 1722 ut
657 1695 779 1727 volebas,
807 1697 984 1724 oraculorum

196 1739 395 1768 venerabilium
433 1745 611 1776 apparentem
645 1741 855 1774 dissensionem,
901 1743 986 1770 variis

198 1786 288 1814 modis
304 1785 332 1813 in
354 1786 564 1814 consensionem
593 1786 767 1814 manifestam
801 1788 985 1816 traduximus.

197 1832 288 1867 Atque
299 1832 345 1859 illa
358 1832 466 1867 quidem
482 1836 574 1860 nostra
591 1832 628 1859 ita
644 1832 738 1860 habes.
755 1832 784 1860 Si
800 1841 864 1860 vero
881 1833 986 1868 ingenii

198 1878 238 1906 tui
256 1878 383 1910 felicitas,
400 1882 428 1905 et
440 1878 535 1912 judicii
553 1885 678 1911 acumen,
694 1886 835 1913 sacraeque
857 1879 990 1906 doctrina:

198 1925 278 1960 copia
301 1929 328 1952 et
345 1925 453 1952 dicendi
472 1923 759 1958 ubertasjucundiora
776 1929 803 1952 et
829 1925 989 1953 sublimiora

199 1972 337 1999 invenerit
363 1971 496 2005 (inveniet
523 1978 588 1997 vero
614 1971 738 2004 omnino,
763 1971 846 1998 modo
862 1972 988 2003 voluerit,

200 2017 337 2052 siquidem
353 2024 403 2050 ego
419 2020 455 2047 te.
467 2016 587 2043 amicum
602 2023 706 2049 meum,
723 2021 798 2044 recte
813 2017 887 2050 novi)
905 2026 912 2050 ;
926 2024 987 2043 mu-

201 2067 276 2089 tuam
295 2062 365 2089 hanc
377 2062 595 2090 benevolentiam
610 2061 698 2089 instar
714 2061 877 2096 amplissimi
886 2062 990 2096 praemii

201 2113 347 2141 accepero.

201 2161 366 2198 QUESTIO
379 2158 511 2190 cxxxtn
533 2162 626 2199 [CaisL
648 2162 763 2191 CLVlll.
779 2163 861 2191 Taur.
878 2160 1000 2197 aLva.

239 2211 330 2243 Quare
340 2208 443 2236 Paulus
455 2210 590 2243 apostolus
606 2211 633 2236 in
655 2209 772 2243 epistolis
781 2211 836 2237 suis
853 2218 946 2237 nomen

449 2253 526 2271 suum
544 2245 680 2279 praemittit
691 2245 704 2271 ἱ)

1037 1616 1084 1638 τες
1098 1615 1128 1633 τε
1152 1606 1199 1634 καὶ
1227 1605 1463 1641 στοιχειωθὲντες,
1479 1604 1573 1639 ὥσπερ
1597 1603 1710 1639 ᾔτησας,
1739 1602 1835 1635 λόγοις

1035 1651 1174 1687 διαφόροις
1188 1652 1238 1686 τὴν
1251 1652 1305 1678 τῶν
1316 1651 1421 1677 σεπτῶν
1434 1649 1675 1684 Λογίωνδοκοῦσαν
1683 1648 1835 1682 διαφωνίαν

1037 1698 1077 1731 είς
1089 1698 1269 1725 ἀστασίαστον
1282 1698 1473 1732 συνηγάγομεν
1485 1695 1642 1730 συμφωνίαν
1656 1695 1724 1729 (5-1).
1749 1694 1836 1720 ’Δλλά

1038 1744 1092 1780 γὰρ
1111 1746 1144 1771 τὰ
1168 1745 1233 1779 παρ’
1255 1744 1334 1779 ἡμῶν
1356 1752 1397 1769 σοι
1421 1742 1468 1769 ἐπὶ
1483 1742 1620 1769 τοσοῦτον.
1637 1742 1668 1768 El
1690 1741 1718 1767 δὲ
1740 1739 1773 1767 τὸ
1791 1741 1836 1767 σὺν

1039 1792 1090 1826 τῆς
1109 1791 1230 1822 διανοίας
1242 1790 1333 1825 τάχος,
1351 1791 1398 1816 καὶ
1420 1789 1450 1816 τὺ
1468 1790 1496 1815 ὲν
1523 1788 1678 1824 φρονήματι
1709 1787 1835 1817 συνετὸν,

1041 1837 1157 1864 καὶτῶν
1180 1836 1261 1872 ιερῶν
1285 1836 1471 1870 θεωρημάτων
1498 1833 1650 1866 ὁπλοῦτος,
1667 1833 1714 1859 καὶ
1739 1833 1836 1868 ῥήτωρ

1040 1884 1122 1919 τέχνη
1141 1882 1296 1918 γλυκύτερά
1308 1890 1337 1908 τε
1354 1882 1402 1908 καὶ
1413 1881 1570 1917 ὑψηλότερα
1582 1879 1836 1915 προσεπιθεωροίη,

1044 1929 1317 1964 προσεπιθεωρὴσειε
1330 1924 1353 1954 δ’
1367 1927 1400 1954 ἂν
1415 1927 1495 1962 μόνον
1513 1925 1668 1961 βουληθείη,
1682 1924 1764 1960 εἴπερ
1781 1924 1837 1958 ἐγὼ

1041 1976 1088 2002 τὸν
1105 1975 1171 2010 ἐμὸν
1189 1975 1239 2001 οὐκ
1254 1974 1345 2009 ἀγνοῶ
1364 1974 1452 2008 φίλον,
1473 1975 1514 2004 είς
1539 1971 1570 2000 τὸ
1590 1973 1783 2007 πληρεστατον
1802 1970 1836 1998 ἂν

1044 2021 1105 2057 εἵην
1118 2022 1174 2057 (58)
1190 2022 1239 2056 τὴν
1256 2020 1404 2055 ἁμοιϐαίαν
1423 2017 1582 2054 ἀπειληφὼς
1600 2019 1690 2054 χάριν.

1296 2161 1464 2190 ΕΡΩΤΠΣΙΣ
1487 2163 1579 2197 PAG'.

1044 2210 1096 2238 Διὰ
1110 2209 1138 2238 τί
1152 2210 1186 2237 ἐν
1205 2210 1467 2243 ταῖς-Ἐπιστολαῖς
1488 2209 1579 2236 αὑτοῦ
1597 2208 1716 2243 Παῦλος
1729 2209 1746 2234 ό
1763 2208 1836 2235 ἁπό-

1138 2239 1415 2279 στολοςῖτροτιὶττει
1423 2239 1542 2271 τὸἸδιον
1554 2243 1645 2277 ὄνομα
1652 2239 1698 2278 (59
1723 2251 1732 2275 ;

204 2301 331 2327 Edital‘um
343 2309 357 2326 a
368 2300 459 2327 Wolﬁo
475 2302 502 2331 (ι.
516 2309 538 2326 c.
556 2309 579 2333 p.
594 2297 700 2326 750—770
715 2301 825 2326 Galland.
838 2299 856 2327 l.
867 2308 889 2327 c.
900 2309 924 2333 p.
937 2302 1059 2364 ’ἒὶἓᾶεέἦέ
1079 2310 1102 2327 n.
1116 2304 1168 2333 55).
1180 2303 1249 2329 -—De
1260 2301 1337 2328 Paulo
1347 2304 1400 2327 suis
1410 2302 1523 2333 epistolis
1535 2301 1661 2332 proprium
1674 2306 1764 2323 nonth
1778 2306 1832 2330 pne

239 2373 354 2402 Divinus
368 2374 469 2401 Paulus
481 2373 612 2408 Epistolis
625 2374 684 2401 suis
707 2381 805 2401 ttomcn
819 2382 900 2402 suum
916 2382 987 2409 prte-

202 2417 272 2456 Iigit,
294 2420 366 2451 ideo,
393 2420 468 2454 quod
495 2427 527 2446 os
541 2427 622 2446 suum
637 2419 696 2447 sine
709 2425 923 2447 commemorata
936 2421 989 2447 Do-

203 2467 271 2494 mini
288 2466 466 2494 beneﬁcentia
495 2467 601 2500 aperire
626 2466 723 2493 noluit.
747 2466 841 2494 Gratia
861 2467 934 2494 enim
952 2467 993 2494 illi

203 2519 303 2540 nomen
316 2519 427 2547 quoque
447 2520 550 2539 novum
573 2512 713 2546 imposuit,
732 2520 800 2548 qua:
820 2513 935 2540 Saulutn
966 2513 994 2540 in

203 2553 320 2586 Paulum
337 2565 390 2584 non
406 2557 496 2584 solum
525 2559 614 2592 quoad
630 2566 730 2591 mores,
752 2559 800 2586 sed
822 2559 904 2586 etim
920 2559 993 2593 quod

203 2604 240 2631 ad
255 2603 466 2638 appellationem
483 2609 666 2631 converterat.
691 2604 840 2639 Propterea
867 2609 947 2632 vocat
963 2612 994 2632 se

204 2644 335 2683 Paulum,
354 2653 483 2684 tanquam
498 2651 545 2686 qui
568 2651 657 2686 ipsum
682 2659 783 2678 nomen
797 2650 904 2678 Domitii
923 2651 950 2678 itt
963 2659 993 2679 sc

1077 2376 1226 2410 Προτὰττει
1242 2376 1297 2402 τῶν
1314 2374 1481 2402 Ἐπιστολῶν
1506 2373 1591 2401 αὑτοῦ
1607 2372 1715 2404 Παῦλος
1731 2373 1745 2398 ὀ
1767 2373 1838 2403 θεῖος

1046 2421 1077 2448 τὸ
1092 2421 1188 2456 δνομα,
1210 2421 1278 2456 μηδὲ
1288 2421 1380 2456 διᾶραι
1403 2421 1490 2456 στόμα
1509 2420 1593 2456 χωρὶς
1610 2419 1657 2446 τοῦ
1681 2418 1839 2454 μεμνῆσθαι

1045 2468 1096 2502 τῆς
1112 2468 1281 2502 Δεσποτικῆς
1307 2467 1469 2503 εὐεργεσίας
1499 2466 1672 2501 βουλόμενος.
1701 2465 1757 2491 Καὶ
1785 2466 1839 2499 γάρ

1048 2512 1185 2547 αύτῷ-καὶ
1199 2513 1248 2548 τὴν
1260 2512 1356 2546 κλῆσιν
1371 2513 1387 2546 ὴ
1409 2513 1490 2548 χάρις
1505 2512 1653 2542 ἐκαίνισεν,
1675 2511 1715 2540 εἰς
1733 2509 1839 2536 Παῦλον

1049 2557 1097 2584 τὸν
1110 2558 1226 2590 Σαῦλον,
1251 2558 1347 2592 ὥσπερ
1360 2557 1424 2588 τοὺς
1450 2557 1579 2592 τρόπους,
1606 2555 1676 2582 οὕτω
1690 2555 1838 2590 διαμειψα-

1049 2604 1118 2639 μένη
1134 2604 1181 2630 καὶ
1198 2604 1233 2630 τὰ
1245 2605 1368 2640 ῥήματα.
1389 2604 1434 2630 Διό
1451 2610 1520 2638 φησι
1533 2601 1651 2634 Παῦλος,
1667 2602 1681 2627 ὁ
1692 2601 1742 2627 καὶ
1757 2600 1839 2635 αὐτὴν

1047 2651 1130 2678 οἱονεὶ
1143 2651 1193 2686 τὴν
1213 2650 1310 2687 κλῆσιν
1325 2652 1357 2677 ἐκ
1372 2650 1540 2685 Δεσποτικῆς
1555 2647 1711 2683 φιλοτιμίας
1737 2647 1838 2681 φέρων.

242 2724 266 2746 ⁵³
276 2727 347 2757 Osce
359 2737 395 2763 Vt,
407 2730 442 2763 6;
455 2727 549 2757 Matth.
565 2735 614 2763 xit,
635 2731 661 2758 7.
699 2726 722 2746 ⁵⁵
738 2730 820 2757 Marc.
836 2738 866 2763 ιι,
878 2727 923 2757 27.
961 2731 976 2746 ⁵²

1089 2731 1132 2758 28.
1174 2730 1289 2757 “‘Joan.
1310 2729 1382 2761 ι,13.

964 2776 1081 2805 NOTAE.

239 2820 298 2857 (‘56)
309 2818 349 2850 ita
364 2823 442 2850 Colb.
459 2827 510 2857 pro
524 2820 609 2850 altero
623 2822 746 2851 ἔλαττον,

241 2859 302 2893 (-53)
316 2859 357 2890 είς
376 2859 459 2885 ἀσασ.
477 2859 670 2893 συνηγάγομεν
688 2858 860 2893 συμφωνίαν,
873 2866 906 2886 ex
915 2857 995 2887 Colb.

242 2894 301 2929 (IS-8)
312 2893 385 2922 idem
397 2901 448 2929 pro
466 2893 534 2928 εἴης.

1088 2823 1142 2858 (59)
1157 2824 1267 2851 initium
1283 2823 1364 2857 hujus
1378 2823 1501 2858 responsi
1515 2828 1606 2849 exstat
1624 2823 1693 2857 apud
1704 2822 1837 2850 (Boume-

1052 2859 1126 2887 nium
1141 2859 1193 2887 sub
1203 2858 1291 2887 Photii
1312 2859 1432 2892 nomine,
1446 2867 1471 2894 p.
1487 2858 1539 2886 202
1551 2858 1737 2886 Commentar.
