1873 3063
59 180 98 215 τις
462 184 513 215 AD
530 184 825 215 AMPIIILOCHIUM
845 185 1017 221 QUrESTIO
1040 184 1198 216 CXXXVI.

1593 186 1649 220 750

59 239 148 267 ὀπάντα
158 238 304 276 πλουτήσας
320 240 377 268 ἀπὺ
391 240 438 267 τοῦ
450 241 581 277 Χριστοῦ,
597 242 628 268 τὸ
645 242 743 277 ὄνομα,
757 243 798 278 τὴπ

907 243 945 270 ori
965 243 1087 277 deberet,
1113 243 1216 279 quique
1237 250 1251 270 a
1277 242 1388 270 Christo
1411 243 1515 275 omnia,
1547 252 1646 272 nomen

60 285 138 318 πίστιν,
149 285 190 312 τὸν
201 285 291 319 πόθον,
313 287 359 313 τὸν
382 287 493 322 δρόμον,
517 287 567 322 τὴν
595 287 759 324 ἀποστολὴν,
775 288 810 315 τὰ

59 330 220 366 πολιτεύματα,
236 331 349 363 εἰκότως
364 332 509 367 τοιγαροῦν
526 332 573 358 καὶ
597 341 607 358 ι
628 331 722 364 δοῦλος
743 333 810 368 Χρι-

60 377 138 404 στοῦ.»
157 376 184 404 '0
196 377 248 413 γὰρ
272 379 374 413 προῖκα
390 377 511 405 τοσαῦτα
534 377 636 411 λαϐὼν,
659 378 708 405 καὶ
728 378 811 414 μηδὲν

59 422 275 457 προκαταθέμενος,
301 423 360 453 πῶς
375 423 436 458 οὐχὶ
458 423 550 456 δοῦλος
577 423 644 458 (40),
667 424 715 450 καὶ
737 424 764 451 εἴ
785 434 811 451 τι

58 468 156 501 ἄλλο,τοῦ
167 468 208 495 διὰ
221 469 357 496 τοσούτων
378 470 560 505 τιμήσαντοςς
577 470 671 497 Δοῦλοι
695 469 745 505 μὲν
758 471 813 506 γὰρ

59 515 205 547 καὶ“ᾶκοντες
227 515 356 548 ἅπαντες,
378 516 458 548 ὅσους
481 517 496 542 δ
517 516 713 552 δημιουργικδς
728 517 813 551 Λόγος

58 562 81 586 ἐκ
92 561 122 596 μὴ
131 561 206 588 δντων
218 562 258 593 εἰς
269 562 387 597 ὓπαρξιν
403 562 526 596 θέμενος,
537 563 606 598 πρὸς
620 563 665 590 τὸν
675 564 814 598 Δεσπότην

57 604 108 639 ΰρᾷν
128 606 282 639 ἀναγκάζει,
305 607 354 633 καὶ
378 607 426 633 τοῦ
442 607 567 635 Πλάστου
593 608 624 634 τὸ
639 609 740 644 κράτος
754 609 814 635 ἐπι-

58 649 157 677 ornatui.
171 651 223 678 Kal.
247 651 302 686 γὰρ
326 651 435 688 ἀνάγκη
460 653 491 680 τὸ
508 652 704 690 δημιούργημα
723 653 815 681 δοῦλον

58 693 161 723 εἶναικαὶ
175 697 332 729 ὺπεξούσιον
349 699 400 733 τῆς
418 699 466 726 τοῦ
487 699 751 736 δεδημιουργηκότος
766 709 816 727 κυ-

59 742 166 777 ριότητος.
179 743 275 772 Δοῦλον
289 745 318 771 δὲ
331 745 379 772 καὶ
392 745 454 772 ὅσον
465 746 515 781 τῆς
526 745 574 772 τοῦ
586 746 738 781 κρείττονος
749 747 816 774 ἀπο-

58 787 115 814 λαύει
130 790 261 824 προνοίας,
276 792 324 818 καὶ
342 791 393 825 τῆς
412 791 486 826 ζωῆς
508 791 603 827 ὥσπερ
629 792 734 819 ἐκεῖθεν
759 793 816 828 ἔχει

58 834 95 867 τὴν
103 834 220 871 ὕπαρξιν,
235 837 308 864 οὕτω
322 837 371 864 καὶ
385 839 434 873 τῆς
447 838 580 874 διαμονῆς
593 839 643 872 τὴν
662 839 814 874 συνέχειαν.

57 877 103 907 Εἶεν
111 880 167 909 δ’ἆν
176 883 410 919 εὐγνωμονοῦντες
424 884 526 918 δοῦλοι,
545 885 593 912 καὶ
605 885 702 917 οἵτινες
718 894 816 920 τυραν-

57 926 112 959 νίδος
127 930 223 965 πικρᾶς
243 930 291 957 καὶ
323 931 446 966 χαλεπῆς
468 931 658 966 αἰχμαλωσίας
688 931 817 966 μεγάλοις

57 972 259 1010 ἐλευθερωθέντες
268 977 388 1013 λύτροις,
402 977 448 1004 τὸν
459 978 599 1012 λυτρωτὴν
616 979 817 1014 ἐπιγράφεσθαι

55 1019 171 1056 Δεσπάιην
191 1021 354 1056 ἐγνώκασιν.
385 1023 456 1050 Ἀλλ’
482 1023 496 1049 δ
512 1031 545 1057 γε
571 1023 643 1055 θεῖος
659 1024 764 1055 Παῦλος
786 1025 817 1050 ού

55 1063 139 1096 τούτοις
152 1066 244 1094 ἑαυτὸν
257 1068 313 1098 τοῖς
327 1068 439 1103 τρόποις
466 1068 599 1100 ὑποτάξαι
621 1069 730 1104 Χριστῷ
747 1069 818 1104 μέγα

55 1109 162 1140 ἐποιεῖτο,
178 1113 265 1140 Κοινὰ
277 1122 306 1140 τε
326 1114 381 1150 γὰρ
403 1114 500 1148 ταῦτα,
519 1115 566 1141 καὶ
583 1115 659 1142 οὐδὲν
679 1115 818 1150 ἐξαίρετον

55 1155 102 1183 om
111 1157 262 1193 θαυμαστὸν
284 1160 489 1195 ἐνδεικνύμενα.
515 1161 636 1197 Ἐτέροις
663 1161 692 1188 δὲ
718 1161 818 1196 μᾶλλον

55 1201 133 1229 ἑαυτὸν
145 1203 298 1240 διακοσμεῖ,
317 1206 366 1232 καὶ
382 1205 540 1233 διαπλάττει
554 1206 647 1233 δοῦλον
668 1207 772 1233 πλείοσί
789 1216 818 1233 τε

54 1248 90 1273 καὶ
105 1249 214 1284 μείζοσι,
228 1250 318 1277 καὶτὸ
333 1251 384 1285 τῆς
396 1251 517 1283 δουλείας
533 1253 663 1288 καϋαρὸν,
678 1254 724 1279 καὶ
736 1253 819 1285 ὅντως

54 1292 175 1330 ἐλεύθερον
193 1296 330 1332 λαμπρῶς
345 1297 542 1324 ἐπιδείκνυται.
561 1298 615 1324 Καὶ
634 1298 741 1333 πρῶτον
758 1299 818 1333 μὲν,

54 1335 86 1370 οἷς
101 1339 170 1375 ἔσχεν
190 1342 263 1373 ῑδίως
285 1342 485 1378 φιλοτιμεῖσθαι
503 1344 560 1374 τοῖς
574 1343 727 1379 δεδομένοις
745 1344 820 1378 αὑτῷ

54 1385 114 1418 παρὰ
125 1387 169 1413 τοῦ
182 1388 304 1415 Πλάστου
325 1389 486 1424 χαρίσμασι.
507 1389 647 1424 Δεύτερον,
662 1390 701 1425 τῷ
720 1390 820 1426 ἐξῃρη-

55 1429 114 1465 μένῳ
133 1432 184 1460 τῶν
207 1433 297 1460 ἄλλων
311 1433 464 1469 ἀνθρώπων
487 1436 534 1461 καὶ¹
556 1434 683 1470 διαπύρῳ
702 1435 752 1470 τῆς
780 1436 820 1466 εἰς

54 1474 119 1502 αὐτὸν
131 1477 305 1514 ἀγαπήσεως.
323 1480 378 1507 Καὶ
403 1480 495 1515 τρίτον
558 1481 757 1516 ἁπροφαοῐστῳ
771 1481 820 1516 τῆς

54 1521 182 1559 ἀποστολῆς
203 1525 355 1561 ὑπηρεσίᾳ,
378 1526 424 1553 καὶ
449 1526 488 1561 τῷ
512 1527 701 1562 ἀπαραὸλήτῳ
728 1527 821 1563 δρόμῳ

55 1566 93 1599 τῆς
103 1568 227 1603 δουλείας,
253 1571 389 1607 ἐλευθέρῳ
411 1573 567 1608 φρονήματι
582 1573 630 1608 τὴν
650 1573 688 1604 ὡς
713 1573 820 1608 ἀληθῶς

54 1612 175 1646 ἐμφανίζει
196 1617 350 1651 εὐγένειαν.
373 1618 428 1645 Καὶ
445 1618 515 1654 πρός
539 1627 570 1653 γε
587 1620 644 1651 τοῖς
666 1620 822 1655 εἰρημένοις

55 1659 79 1700 ’ςῇ
92 1660 208 1699 ἀκριϐείᾳ
231 1663 281 1690 καὶ
302 1663 469 1699 καθαρότητι
493 1665 540 1691 τοῦ
557 1665 767 1700 πολιτεύματος,
789 1666 823 1692 δι’

55 1698 84 1728 ὧν
95 1705 181 1735 ἑαυτὸν
190 1698 287 1735 δοῦλον
298 1708 345 1735 καὶ
357 1698 491 1745 σῶμαγκαὶ
502 1710 590 1746 ψυχὴν
603 1711 649 1738 καὶ
664 1698 822 1746 λογισμοὺς,

55 1749 92 1775 καὶ
103 1752 183 1780 πάντα
206 1755 240 1780 τὰ
270 1754 309 1789 τῷ
332 1755 443 1790 Χριστῷ
472 1756 664 1791 παρεστήσατο
683 1763 690 1770 ”
706 1756 824 1791 οὐδαμοῦ

55 1793 94 1826 τὴν
104 1796 210 1834 ἐκλογὴν
224 1799 371 1835 αἰσχύνας,
384 1801 445 1828 οὐδὲ
463 1801 512 1836 τὴν
529 1801 633 1828 ἄνωθεν
652 1802 741 1837 ψῆφον
757 1812 825 1836 φαυ-

55 1837 127 1874 λίσας,
142 1846 283 1881 πανταχοῦ
298 1846 325 1873 δὲ
343 1846 445 1882 μᾶλλον
457 1847 532 1873 θείαν
544 1847 582 1879 ὡς
597 1847 704 1882 ἀληθῶς
717 1848 825 1884 ἀποφή-

55 1893 102 1918 νας,
119 1889 162 1916 καὶ
174 1893 231 1924 τοῖς
245 1892 340 1928 ἔργοις
351 1892 401 1928 τὴν
421 1893 512 1927 κρίσιν
531 1893 764 1929 βεϐαιωσάμενος,
779 1895 827 1921 καὶ

56 1933 125 1967 μηδὲν
135 1936 232 1971 λιπὼν,
251 1938 280 1964 τι
297 1938 337 1965 δεῖ
348 1938 438 1972 λέγειν
453 1939 507 1965 τῶν
529 1939 644 1965 ἐντολῶν
668 1939 827 1975 ἀκατόρθω-

55 1986 99 2013 τον,
109 1981 170 2009 ὅπου
181 1983 367 2018 λαϐεῐνεστιν,
381 1985 414 2017 ἃς
423 1986 469 2012 καὶ
484 1985 684 2021 ὑπερεϐάλλετο
698 1995 705 2019 ;
716 1987 825 2013 Δείχνυ-

54 2032 90 2051 ται
111 2029 254 2064 τοιγαροῦν
271 2029 287 2056 ό
308 2030 460 2064 Θαυμάσιος
486 2029 602 2063 Παῦλος,
626 2030 688 2057 καθ’
706 2031 756 2058 ἕνα
778 2032 827 2067 μὲν

55 2070 139 2104 τρόπον
148 2073 252 2108 δοῦλος,
265 2075 302 2107 ὡς
324 2075 373 2110 τῆς
391 2075 591 2111 δημιουργικῆς
606 2077 736 2113 παλάμης
753 2078 828 2112 φιλο-

54 2114 170 2152 τέχνημα.
186 2119 258 2146 Καθ’
275 2119 369 2155 ἕτερον
382 2119 421 2152 δὲ,
439 2120 477 2152 ὡς
490 2121 522 2156 τῇ
537 2121 641 2148 ἐκεῖθεν
654 2121 768 2158 προνοίᾳ
778 2123 828 2157 τὴν

56 2159 156 2197 ὕπαρξιν
166 2166 360 2201 συνεχόμενος,
374 2163 434 2192 εἶτα
443 2165 480 2198 ὡς
491 2167 723 2202 ὴγορασμένοςτῷ
731 2169 828 2195 Δεσπο-

54 2210 110 2245 τικῷ
131 2212 238 2248 αἵματι,
262 2214 356 2241 λοιπὸν
378 2214 504 2241 ἐντεῦθεν
532 2215 565 2242 τὰ
594 2215 748 2248 ίδιάξοντα’
768 2217 828 2243 οὐδὲ

859 291 935 322 puta,
963 287 1056 320 ﬁdem,
1085 287 1267 320 desiderium,
1294 295 1418 319 cursum,
1451 289 1647 323 apostolatum,

861 333 1045 369 reliquamque
1073 333 1333 362 vitzeconditiouem
1362 337 1462 361 nactus
1492 339 1649 367 esset;nee

862 380 952 408 minus
966 381 1160 408 convenienter
1177 389 1187 406 ι
1203 388 1311 408 servum
1323 381 1424 408 Christi
1434 381 1467 408 ⁵⁷.
1482 391 1491 407 ι
1508 381 1561 414 Qui
1573 383 1646 410 enim

861 425 946 461 gratis
958 427 1049 454 omnia
1074 431 1226 461 acceperat,
1244 426 1366 460 nihilque
1382 431 1444 454 ante
1462 428 1639 461 praestiterat,

862 471 1000 507 quomodo
1015 472 1038 500 is
1057 471 1206 499 nonetiam
1224 479 1330 504 servus,
1343 476 1380 504 et,
1400 472 1424 499 si
1438 472 1505 507 quid
1526 473 1597 500 aliud
1609 479 1651 501 est

863 517 989 550 inferius,
1007 518 1093 551 illius,
1106 518 1152 553 qui
1170 518 1252 546 tantis
1266 526 1329 545 eum
1345 518 1651 551 beneﬁciisornaverat.

863 564 1023 598 appelletur.
1042 563 1145 591 Omnes
1168 563 1254 595 enim,
1270 563 1352 590 etiam
1376 563 1465 596 inviti,
1483 565 1555 591 servi
1576 569 1652 596 sunt,

864 613 1000 644 quotquot
1011 609 1134 637 Verbum
1153 608 1231 641 illud,
1247 609 1320 644 quod
1343 610 1436 636 omnia
1464 610 1598 641 condidit,
1619 617 1653 637 ex

865 656 951 683 nihilo
966 655 1130 689 producens,
1158 654 1191 681 ad
1208 654 1353 681 Dominum
1377 656 1525 689 respicere,
1549 655 1652 683 Condi-

866 701 988 735 torisque
1015 700 1055 728 sui
1076 700 1224 735 potentiam
1243 707 1392 736 agnoscere
1422 701 1505 735 cogit.
1534 700 1652 729 Necesse

866 747 939 774 enim
958 750 1001 775 est
1017 751 1140 774 creatum
1165 746 1294 781 quodque
1313 753 1422 773 servum
1447 754 1519 778 esse.
1548 746 1651 774 Condi~

868 792 990 827 lorisque
1013 792 1056 819 sui
1076 791 1203 826 potestati
1234 791 1397 819 obnoxium.
1424 791 1526 819 Servus
1539 800 1603 820 vero
1627 800 1653 820 et

868 839 912 866 ille
927 842 980 870 est,
999 838 1048 873 qui
1061 837 1174 873 majoris
1201 845 1274 865 curae
1300 837 1419 865 fructum
1445 838 1528 872 capit,
1552 838 1655 873 quique

867 884 957 912 cidem
973 892 1029 911 non
1057 884 1145 912 solum
1171 883 1198 911 id
1221 883 1313 916 debet,
1339 884 1412 918 quod
1435 883 1483 915 sit,
1507 883 1555 911 sed
1581 882 1655 918 quod

869 930 951 958 etiam
968 937 1030 958 esse
1051 933 1218 965 perseveret.
1249 928 1325 956 Servi
1341 937 1423 964 porro
1436 930 1520 956 etiam
1539 929 1579 956 illi
1590 929 1653 964 jure

870 976 968 1004 merito
989 976 1152 1009 habeantur,
1166 975 1323 1011 quicunque
1336 975 1370 1002 ab
1398 975 1496 1002 acerba
1515 975 1656 1011 tyrannide

869 1025 896 1048 et
903 1021 1050 1049 durissima
1061 1021 1216 1055 captivitate
1228 1027 1326 1056 magno
1336 1020 1421 1054 pretio
1436 1020 1569 1055 redempti
1590 1020 1657 1048 libe-

871 1073 988 1095 ratorem
1003 1067 1147 1093 Dominum
1165 1074 1274 1101 quoque
1291 1074 1372 1094 suum
1386 1066 1583 1101 appellandum
1596 1073 1657 1093 esse

871 1112 1036 1147 intelligunt.
1058 1111 1173 1139 Divinus
1209 1119 1272 1139 \ero
1302 1111 1405 1140 Paulus
1430 1112 1498 1139 tanti
1520 1112 1579 1139 haec
1602 1119 1656 1138 non

873 1158 947 1191 fecit,
966 1164 995 1186 ut
1008 1159 1042 1185 iis
1059 1162 1163 1185 tantum
1177 1158 1335 1185 nominibus
1348 1166 1378 1185 se
1399 1157 1561 1192 subjiceret;
1580 1164 1656 1184 como

871 1205 963 1231 munia
990 1203 1063 1231 enim
1093 1203 1150 1230 hrec
1182 1202 1298 1229 habebat
1317 1210 1379 1230 cum
1399 1202 1473 1235 aliis,
1504 1210 1566 1235 qua:
1588 1202 1659 1228 nihil

871 1250 999 1285 praacipui
1019 1253 1067 1276 aut
1096 1249 1280 1276 admiratione
1297 1248 1373 1284 digni
1403 1256 1496 1276 secum
1523 1249 1658 1277 terebant;

870 1297 929 1323 Alia
948 1304 1012 1323 vero
1027 1300 1118 1327 erant,
1144 1303 1231 1330 eaque
1249 1296 1326 1330 plura
1350 1299 1377 1323 et
1403 1295 1520 1330 majora,
1546 1300 1658 1330 propter

871 1350 933 1376 qua:
952 1342 1023 1370 servi
1048 1349 1077 1370 se
1093 1342 1204 1368 nomine
1223 1342 1385 1368 cohonestat
1407 1345 1435 1368 et
1464 1346 1555 1372 ornat.
1572 1340 1659 1369 servi-

872 1388 991 1423 tutisque
999 1387 1159 1422 dignitatem
1176 1391 1203 1414 et
1213 1387 1366 1413 libertatem
1380 1393 1444 1414 vere
1458 1385 1540 1413 talem
1552 1386 1658 1420 magni-

872 1434 922 1462 ticc
956 1438 1086 1461 ostentat.
1119 1433 1192 1460 Inter
1218 1432 1275 1460 lucc
1299 1432 1418 1467 primum
1449 1431 1538 1460 locum
1568 1436 1661 1460 tenent

872 1479 986 1516 egregia:
1003 1479 1054 1507 illa:
1080 1479 1169 1511 dotes,
1187 1478 1288 1513 quibus
1310 1485 1325 1504 ιι
1343 1477 1492 1505 Conditore
1514 1477 1567 1506 sibi
1591 1484 1659 1505 con-

873 1527 958 1555 cessis
973 1525 1086 1561 gloriari
1100 1533 1155 1560 pra:
1171 1525 1233 1552 aliis
1254 1529 1369 1560 poterat.
1391 1524 1511 1552 Alterum
1526 1529 1569 1552 est
1583 1532 1661 1552 amor

835 1588 858 1618 ο
873 1571 1074 1603 efﬁcacissime,
1093 1575 1120 1598 et
1144 1571 1242 1605 magis,
1266 1577 1349 1604 quam
1374 1569 1402 1596 in
1429 1568 1555 1596 homines
1580 1567 1660 1600 alios,

874 1618 1006 1646 adversus
1020 1625 1050 1644 se
1066 1617 1208 1652 probatus.
1228 1615 1352 1642 Tertium
1369 1615 1475 1642 iunctio
1489 1614 1661 1649 apostolatus

875 1664 934 1691 sine
945 1662 1168 1698 tergiversatione
1182 1665 1319 1696 suscepta,
1336 1668 1386 1688 nec
1399 1661 1575 1688 intermissus
1591 1668 1660 1695 pra:—

875 1709 949 1736 conii
962 1707 1112 1743 evangelici
1125 1715 1233 1735 cursus.
1252 1706 1290 1734 Ex
1301 1706 1344 1734 his
1353 1707 1541 1741 prmrogativis
1555 1706 1661 1741 magni-

875 1756 925 1782 tice
941 1754 1095 1790 etingenue
1111 1753 1145 1781 de
1159 1753 1290 1781 servitute
1301 1760 1352 1780 sua
1369 1752 1492 1779 sentiens
1504 1759 1595 1778 veram
1612 1759 1660 1778 n0-

876 1801 1008 1828 bilitatem
1031 1800 1212 1828 demonstrat.
1239 1799 1280 1826 Ad
1305 1799 1363 1826 haec
1391 1799 1484 1826 omnia
1515 1798 1663 1827 accedebat

876 1851 970 1874 curata
977 1851 1004 1874 et
1015 1846 1130 1881 ingenua
1143 1853 1187 1873 res
1199 1853 1264 1874 suas
1278 1845 1374 1880 agendi
1387 1845 1465 1878 ratio,
1476 1853 1611 1880 perquam
1621 1851 1664 1871 se-

876 1893 962 1926 ipSum
977 1899 1086 1918 servum
1097 1891 1169 1925 quod
1184 1891 1217 1918 ad
1230 1898 1340 1925 corpus,
1353 1891 1470 1918 animam
1492 1896 1664 1926 mentemque

876 1942 903 1965 et
913 1941 1012 1964 cmtera
1025 1936 1143 1971 denique
1161 1936 1252 1964 omnia
1275 1936 1386 1963 Christo
1400 1937 1534 1969 sistebat;
1549 1935 1664 1963 electio-

877 1990 938 2010 nem
963 1982 1006 2009 sui
1021 1982 1090 2009 adeo
1108 1990 1162 2008 non
1189 1981 1349 2016 deturpans,
1376 1986 1424 2008 aut
1449 1982 1561 2009 caeleste
1577 1981 1610 2008 de
1634 1989 1665 2009 se

875 2029 1009 2065 judicium
1033 2027 1111 2064 parvi
1130 2027 1243 2060 faciens,
1263 2033 1292 2055 ut
1307 2028 1397 2062 potius
1419 2035 1470 2063 pro
1490 2028 1583 2055 divino
1601 2035 1665 2055 mu-

877 2083 943 2103 nere
957 2083 981 2107 .a
995 2082 1024 2103 se
1051 2074 1146 2102 haberi
1176 2079 1304 2102 testatum
1340 2074 1451 2106 faceret,
1479 2074 1562 2109 idque
1584 2081 1666 2109 opere

878 2121 938 2156 ipso
963 2119 1093 2152 [inruat-et,
1112 2126 1161 2146 nec
1196 2119 1345 2154 quidquam
1387 2123 1583 2154 praeceptorum
1606 2119 1677 2154 ejus,

878 2166 1036 2202 negligeret,
1052 2169 1082 2193 ut
1103 2165 1198 2193 eadem
1225 2165 1251 2192 in
1269 2165 1408 2193 nonnullis
1434 2165 1515 2192 ctiam
1536 2172 1668 2200 superare

879 2213 1055 2248 intelligatur.
1082 2213 1269 2240 Admirandus
1299 2212 1391 2247 itaque
1428 2212 1529 2239 Paulus
1552 2220 1586 2246 ex
1614 2219 1667 2238 una

56 2255 109 2290 γάρ,
126 2258 185 2285 οὐδὲ
203 2261 288 2295 μέχρι
303 2260 407 2287 τούτων
421 2261 538 2293 ἵσταται,
552 2261 612 2288 οὐδὲ
622 2261 676 2298 (41)
692 2264 748 2294 τοῖς
770 2272 795 2289 κ(

56 2302 98 2333 νηῑς
108 2303 154 2334 τὴν
167 2306 252 2332 αὑτοῦ
277 2306 400 2333 δουλείαν
417 2307 594 2334 περιγράφει.
619 2308 687 2334 ἀλλὰ
711 2308 759 2334 καὶ
780 2318 795 2334 γ

941 2268 957 2288 e
983 2268 1093 2288 servum
1118 2268 1148 2288 se
1167 2261 1250 2294 sistit,
1268 2265 1400 2295 tanquam
1419 2268 1518 2287 manus
1540 2259 1667 2293 omnipo-

928 2265 962 2334 ἐς
979 2315 1068 2334 onus:
1088 2314 1122 2334 ex
1138 2306 1222 2334 altera
1236 2314 1301 2334 vero
1315 2306 1409 2334 talem.
1421 2306 1467 2334 cui
1485 2313 1532 2334 per
1547 2305 1667 2332 divinam

55 2302 98 2333 νηῑς
108 2303 154 2340 τὴν
167 2306 252 2332 αὑτοῦ
277 2306 400 2333 δουλείαν
417 2307 594 2342 περιγράφει,
619 2308 687 2334 ἀλλὰ
711 2308 759 2336 καὶ
780 2318 829 2344 χα-

56 2350 179 2382 putuier
202 2352 322 2378 πλοῦτον
338 2352 567 2388 περιϐαλλόμενος
577 2373 585 2385 ,
611 2353 694 2388 ἄλλης
708 2353 829 2386 δουλείας

55 2393 116 2430 ζυγῷ
136 2398 182 2424 καὶ
208 2398 306 2434 τρόπῳ
334 2399 429 2426 ὲαυτὺν
463 2399 661 2434 ὑποζεύγνυσιν
678 2420 685 2432 ,
725 2400 830 2427 ἀντιδε-

56 2436 163 2468 ξιοῦσθαι
194 2443 359 2476 φιλονεικῶν
375 2442 425 2470 οὐκ
453 2444 560 2470 εἰωθόσι
588 2444 758 2480 θεραπείαις,
786 2445 830 2471 τὸν

55 2486 212 2522 καινοτέραις
228 2488 314 2514 αὑτὸν
336 2489 585 2524 φιλοτιμησάμενον
600 2490 703 2525 χάρισι.
729 2490 783 2516 Ναὶ
798 2490 830 2526 δὴ

57 2529 93 2554 καὶ
101 2531 159 2558 ἀντὶ
168 2533 282 2560 πάντων
293 2533 366 2568 φιλεῖ
375 2534 420 2560 τὸν
427 2534 577 2570 Δεσπότην,
590 2535 701 2569 φίλτρου
713 2535 831 2572 ὑπερϐο-

56 2573 94 2609 λὴν
106 2578 134 2604 ού
148 2579 253 2607 λείπων
272 2579 340 2615 (42),
365 2581 414 2607 καὶ
432 2580 524 2616 μεῖζον
541 2582 565 2608 εἰ
589 2582 662 2608 κατὰ
687 2581 765 2615 λόγον
784 2582 830 2609 τοῦ

56 2619 242 2657 θαυμάζεσθαι.
284 2627 340 2654 Καὶ
364 2627 453 2654 πάντα
482 2626 604 2654 σκύϐαλα
630 2628 758 2662 ἡγεῖται,
789 2628 831 2654 ἵνα

57 2666 157 2703 Χριστὸν
175 2673 223 2699 τὸν
251 2672 420 2708 ποθούμενον
434 2674 562 2708 κερδήσῃ.
588 2674 668 2700 ’Λλλὰ
695 2674 741 2701 καὶ
763 2675 831 2700 απο-

99 2727 118 2743 ¹⁷
134 2727 213 2757 Βυιιι.
224 2738 245 2762 I,
265 2730 290 2757 L

880 2305 962 2334 lenﬁs
979 2315 1068 2342 opus;
1088 2314 1122 2334 ex
1138 2306 1222 2334 altera
1236 2314 1301 2334 vero
1315 2306 1409 2337 talem.
1421 2306 1467 2340 qui
1485 2313 1532 2340 per
1547 2305 1668 2332 divinam

880 2353 1081 2388 providentiam
1093 2360 1154 2381 esse
1176 2357 1344 2388 perseveret,
1362 2352 1465 2387 quique
1482 2350 1592 2378 Domini
1606 2358 1670 2378 san-

880 2398 961 2433 guine
974 2399 1010 2426 sit
1032 2398 1198 2433 redemptus.
1218 2397 1265 2425 liis
1281 2405 1344 2425 vero
1361 2405 1402 2429 ea,
1418 2405 1478 2432 quae
1493 2396 1603 2431 propria
1617 2395 1669 2423 sibi

882 2445 972 2477 habet,
987 2445 1087 2480 jungit,
1106 2445 1233 2480 nequein
1254 2444 1336 2472 dictis
1356 2444 1517 2478 acquiescit.
1537 2447 1670 2470 autcom—

883 2491 1013 2518 munibus
1042 2491 1096 2518 illis
1114 2491 1254 2518 beneﬁciis
1269 2491 1427 2518 servitutem
1453 2497 1532 2517 suam
1550 2489 1670 2516 circum-

883 2537 987 2564 scribit.
1013 2536 1105 2565 Multis
1133 2537 1205 2565 enim
1225 2536 1317 2572 gratia:
1341 2536 1421 2563 donis
1441 2543 1471 2563 se
1495 2535 1667 2562 cumulatum

884 2590 1046 2618 agnoscens,
1061 2583 1132 2610 alius
1151 2583 1292 2611 servitutis
1315 2582 1380 2617 jugo
1395 2586 1422 2608 et
1442 2581 1535 2615 generi
1554 2587 1584 2608 se
1606 2580 1670 2608 sub-

882 2628 951 2663 jicit,
969 2637 1080 2664 operam
1094 2629 1173 2661 dans,
1190 2633 1219 2656 ut
1244 2637 1297 2656 non
1313 2628 1418 2662 vulgari
1432 2632 1458 2654 et
1472 2631 1604 2655 consueto
1620 2627 1670 2654 ob—

884 2674 979 2710 sequio
1002 2683 1076 2707 eum,
1094 2676 1139 2710 qui
1169 2683 1199 2703 se
1224 2675 1302 2703 notis
1328 2679 1355 2701 et
1386 2674 1502 2701 insolitis
1533 2673 1671 2701 Leueticiis

818 2780 935 2809 NOTA'L.

58 2822 134 2883 bviii-0)
147 2827 160 2851 ὸ
176 2826 233 2861 γὰρ
251 2827 355 2860 προῖκα
367 2841 400 2846 -
419 2827 480 2862 οὐχὶ
507 2827 598 2858 δοῦλος
611 2827 703 2862 accepi
721 2834 754 2855 ex
772 2828 832 2855 Col-

84 2893 136 2929 (ιι)
153 2895 233 2924 Colb.
250 2896 305 2922 οὐδ’
319 2898 359 2924 ὲν.

889 2865 896 2891 Ι
925 2828 980 2862 (42)
997 2828 1041 2900 ξι(
1069 2828 1159 2856 scribo
1185 2834 1234 2862 pro
1260 2827 1361 2853 Λείπον.
1384 2825 1443 2853 Mox
1471 2831 1521 2860 pro
1536 2825 1560 2850 εἰ
1580 2822 1674 2851 malim

899 2872 977 2900 cgere
1018 2884 1023 2890 .

899 2872 977 2900 cgere
997 2872 1023 2900 η.
