1873 3063
192 142 243 177 ’151

766 152 898 184 ΡΗΟΤΙΙ
917 154 1170 186 ΡΑΤΒΙΑΗΟΗίΕ
1188 156 1243 186 CP-

1765 154 1816 187 752

193 203 370 233 mactaverat,
398 201 519 229 vicissim
537 203 686 238 exciperet.
712 204 860 240 Propterea
893 208 976 234 etiam

1056 208 1170 236 τέλλεται
1198 209 1298 244 κῆρυξ,
1325 209 1371 235 καὶ
1393 207 1560 242 οἰκουμένην
1587 207 1685 242 πληροῖ
1705 206 1743 241 τῷ
1765 216 1811 236 κη-

194 245 337 273 Domiuum
350 253 405 280 prae
420 247 484 275 aliis
504 249 634 277 omnibus
652 255 736 282 amat,
754 252 787 279 de
808 254 910 280 amoris
922 253 976 285 sui.

192 290 250 325 ipsa
280 292 471 327 admiratione,
499 300 529 322 ut
559 297 727 324 conveniens
752 303 820 332 erat,
854 299 978 335 majoris.

192 337 379 371 magnitudine
393 339 464 374 nihil
479 342 631 369 remittens.
656 342 754 371 Omnia
770 352 853 379 porro
869 353 918 380 pro
937 353 979 373 re-

190 381 283 415 jiculis
294 383 387 418 habet,
409 391 440 413 ut
455 387 607 420 Christum,
628 389 680 417 sibi
701 389 978 424 desideratissimum,

192 427 323 456 lucretur.
340 429 457 459 Mittitur
469 439 535 460 vero
560 434 641 461 etiam
657 439 687 462 ut
706 443 807 469 praeco,
833 441 980 472 totumque

192 473 286 502 orbem
315 477 454 510 praeconio
481 486 532 506 suo
554 479 659 514 implet,
685 480 893 517 Hierosolymis,
919 488 981 510 tan-

193 532 276 558 quam
293 532 307 551 a
322 525 491 559 carceribus,
508 534 595 562 usque
611 527 646 554 ad
659 535 756 556 omnes
769 533 903 556 terrarum
916 529 982 556 ﬁnes

185 577 352 604 excurrens,
372 571 578 607 etevangelium
597 581 683 609 usque
704 575 737 602 ad
752 574 854 602 Oceani
870 575 982 603 ﬁumina

191 615 375 644 cbuccinans.
391 615 532 652 Ejusmodi
559 619 720 649 servitutem
745 621 849 649 servire
873 621 983 650 Christo

194 659 294 687 Paulus
310 660 452 689 didicerat.
478 661 526 690 His
543 671 608 691 vero
626 669 654 692 et
674 665 818 700 septimum
834 667 984 701 servitutis,

193 713 278 739 genus
292 707 414 740 accedit,
431 709 541 742 quando
566 709 640 744 leges
661 715 686 736 et
715 710 841 739 instituta
862 711 935 744 vitae,
956 712 983 739 in

191 751 304 783 Christo
321 756 397 786 actae,
424 757 478 780 tam
507 759 603 783 sancte
641 755 822 792 solliciteque.
855 763 886 785 ut
906 766 986 786 nemo

194 798 265 826 alius
285 806 391 830 eorum.
411 800 458 834 qui
474 800 516 827 vel
531 805 597 828 tunc
620 802 661 828 vcl
675 808 768 836 postea
782 804 920 837 vivebant,
938 805 987 833 ob—

194 845 312 875 servavit
322 849 350 873 et
357 846 497 879 custodiit,
505 854 606 881 corpus
617 855 698 874 suum
707 849 845 884 castigans
855 855 882 877 et
890 851 918 877 in
929 858 987 879 ser-

194 889 309 920 vitutem
323 889 460 926 redigens,
486 899 520 918 ne
534 891 595 918 aliis
606 892 760 926 {medicans
773 893 832 928 ipse
849 895 927 922 ﬁeret
943 903 985 922 re-
1002 889 1023 916 Β

195 935 309 973 probus.
330 935 393 964 Hac
409 940 474 964 sunt
486 936 646 965 admiranda
661 937 706 965 illa
720 939 850 974 omnique
861 941 985 969 libertate

195 981 309 1009 meliora
322 982 462 1010 servitutis
470 990 579 1017 genera,
591 991 652 1018 qua:
664 983 767 1012 Paulus
776 986 908 1020 spirabat,
924 994 986 1022 quae

195 1028 333 1057 sustinere
339 1037 394 1057 non
404 1030 556 1063 desinebat,
566 1031 667 1066 quibus
676 1032 793 1061 onustus
803 1033 984 1068 gloriabatur.

195 1075 343 1111 Propterea
357 1076 463 1105 litteras
482 1077 605 1106 scribens
623 1086 732 1107 servum
755 1087 784 1107 se
804 1079 869 1108 Jesu
883 1080 985 1109 Christi

195 1122 358 1158 appellabat.
371 1123 445 1157 Hmc,
457 1125 575 1158 dicebat,
589 1132 650 1153 mea
659 1129 702 1153 est
718 1126 836 1160 dignitas
850 1127 856 1153 !
872 1127 985 1155 hocim-

194 1168 340 1207 peratoria:
352 1170 497 1204 potestatis
517 1170 623 1206 insigne
636 1171 644 1198 ί
658 1171 709 1198 hoc
731 1171 843 1200 nomine
856 1173 985 1201 omnibus

195 1215 276 1242 velim
286 1216 477 1245 innotescere!
500 1216 553 1250 Qui
567 1217 596 1245 in
612 1217 716 1245 mundo
730 1224 775 1245 res
794 1225 859 1245 suas
872 1218 983 1251 habent,

196 1259 236 1288 illi
251 1260 361 1295 quidem
377 1269 392 1289 a
408 1261 503 1289 mundi
514 1262 692 1297 dignitatibus
708 1263 842 1291 celebrari
858 1264 982 1299 cupiunt,

195 1313 270 1346 nunc
288 1307 445 1342 consulum,
463 1315 538 1335 nunc
566 1307 771 1342 praefectorum,
790 1317 863 1337 nunc
894 1310 981 1337 tribu-

196 1359 306 1386 norum,
330 1359 403 1381 nunc
418 1353 480 1380 aliis
497 1353 585 1381 titulis
604 1358 726 1382 utentes.
748 1354 835 1382 Paulo
857 1362 923 1382 vero
947 1355 981 1383 ad

196 1398 302 1437 gloriae,
319 1398 426 1433 imperii
445 1403 472 1427 et
487 1399 630 1434 dignitatis
646 1400 855 1436 amplitudinem
872 1401 982 1433 sufﬁcit,

1034 255 1163 291 ρύγματι,
1183 255 1237 282 ἀπὸ
1257 254 1436 291 Ἰερουσαλὴμ
1451 254 1481 285 ἐξ
1501 253 1651 289 ἀφετηρίου
1666 253 1738 285 τινὸς
1752 254 1816 288 πρὸς

1031 301 1066 328 τὰ
1079 301 1132 335 γῆς
1158 300 1248 327 πάντα
1274 299 1387 334 δραμὼν
1413 299 1529 334 πέρατα,
1544 298 1592 325 καὶ
1617 298 1713 333 μέχρις
1733 297 1816 325 αὐτῶν

1032 346 1088 373 τῶν
1107 345 1235 373 Ὠκεανοῦ
1261 345 1404 381 ῥευμάτων
1432 344 1566 375 σαλπίσας
1591 343 1622 369 τδ
1638 342 1815 376 Εύαγγὲλιον.

1034 391 1170 427 Τοιαύτην
1177 391 1300 419 δουλείαν
1312 391 1326 417 ὀ
1336 390 1442 423 Παῦλος
1449 390 1593 426 ἠπίστατο,
1604 389 1647 423 ἐφ’
1657 386 1697 420 οἷς
1707 388 1816 423 ἕϐδομος

1034 438 1158 469 δουλείας
1190 437 1331 470 ἐξανύεται
1354 439 1465 472 τρόπος,
1483 436 1516 462 δι’
1533 432 1563 462 οῦ
1579 435 1630 476 τῆς
1657 435 1686 461 ὲν
1713 433 1818 469 Χριστῷ

1035 483 1174 515 πολιτείας
1190 484 1252 514 τοὺς
1267 484 1386 518 θεσμοὺς
1400 483 1447 509 καὶ
1464 481 1499 508 τὰ
1523 481 1627 516 νόμιμα
1649 480 1778 516 καθαρῶς
1791 488 1818 506 τε

1036 529 1082 556 καὶ
1101 528 1263 562 σπουδαίως,
1280 529 1328 556 καὶ
1343 529 1380 560 ὡς
1391 529 1441 555 οὐκ
1459 528 1492 555 ἀν
1506 535 1549 558 τις
1572 528 1677 562 ἕτερος,
1698 526 1731 553 οὺ
1750 526 1818 559 τότε,

1037 573 1093 609 (45)
1118 574 1167 608 οὐχ
1182 573 1306 608 ὕστερον,
1323 572 1507 608 κατώρθωσεν
1523 581 1552 600 τε
1582 571 1629 599 καὶ
1653 570 1819 605 διεφύλαξεν,

1038 619 1207 651 ὑπωπιάζων
1222 618 1279 655 (44)
1303 619 1334 646 τὸ
1348 619 1427 654 σῶμα
1444 619 1490 646 καὶ
1503 617 1695 652 δουλαγωγῶν,
1711 617 1749 652 μή
1767 624 1821 648 πως

1037 667 1128 699 ἄλλοις
1143 666 1267 703 κηρύξας
1288 666 1370 697 αὐτὸς
1384 665 1514 700 ἀδόκιμος
1531 664 1654 699 γένηται.
1671 660 1757 690 Λῦται
1775 662 1821 696 τῆς

1038 714 1160 747 δουλείας
1174 715 1202 741 al
1217 714 1367 748 θαυμάσιαι
1385 713 1432 739 καὶ
1444 712 1585 748 κρείττους
1596 711 1705 746 ἁπάσης
1719 709 1822 736 ἐλευθε-

1042 761 1101 797 ρίας
1111 760 1179 787 ἰδέαι
1187 759 1304 796 (4541)·
1317 758 1429 789 ταύταις
1439 757 1678 790 ἀνέπνει,ταύταις
1686 755 1738 782 οὐκ
1746 755 1823 789 ἔληγε

1039 806 1191 839 δουλεύων,
1216 804 1332 836 ταύταις
1362 803 1482 831 ὲναθλῶν
1505 801 1679 838 ἐσεμνύνετο.
1708 800 1755 828 Διδ
1780 799 1824 826 καὶ

1041 851 1156 888 γράφων
1166 851 1259 879 δοῦλον
1275 850 1372 878 ἑαυτὸν
1390 849 1479 886 Ἰησοῦ
1492 847 1612 884 Χριστοῦ
1624 847 1821 881 άπογράφεται.

1036 898 1121 926 Τοῦτό
1139 906 1202 933 μου,
1229 898 1307 932 φησὶ,
1329 897 1359 924 τὸ
1373 895 1493 930 ἀξίωμα.
1519 894 1605 921 Τοῦτο
1630 894 1680 928 τῆς
1709 891 1824 927 ἀρχικῆς

1035 943 1160 977 ἐξουσίας
1174 944 1205 970 τὸ
1224 944 1373 978 ἐπίσημον.
1396 940 1464 968 Ἀπὸ
1479 941 1576 967 τούτου
1604 939 1736 975 βούλομαι
1761 939 1823 965 πᾶσι

1037 988 1232 1024 γνωρίζεσθαι.
1251 988 1283 1015 Ol
1301 987 1352 1022 μὲν
1368 988 1397 1013 ἐν
1411 986 1507 1021 κόσμῳ
1522 984 1759 1020 ἀναστρεφόμενοι
1774 984 1823 1010 ἀπὸ

1037 1034 1092 1060 τῶν
1121 1034 1150 1060 ἐν
1169 1033 1264 1068 κόσμῳ
1297 1032 1462 1068 ἀξιωμάτων
1497 1029 1645 1066 δηλοῦσθαι
1675 1029 1822 1064 βούλονται..

1038 1080 1159 1110 ὑπάτους
1172 1079 1297 1110 ἑαυτοὺς.
1313 1078 1368 1112 ,καὶ
1392 1076 1564 1112 στρατηγοὺς
1587 1075 1635 1103 καὶ
1658 1075 1822 1110 δημάρχους,

1039 1125 1087 1153 καὶ
1100 1125 1135 1151 τὰ
1149 1123 1264 1151 τοιαῦτα
1280 1123 1495 1158 ὑπογράφοντες.
1517 1122 1616 1157 Παύλῳ
1640 1121 1668 1148 δὲ
1683 1121 1766 1156 ἀρκεῖ
1787 1120 1823 1150 εἰς

1040 1171 1156 1206 μέγεθος
1167 1171 1215 1197 καὶ
1238 1170 1318 1204 δόξης
1349 1169 1397 1196 καὶ
1421 1169 1509 1205 ἀρχῆς
1532 1169 1578 1195 καὶ
1602 1168 1771 1203 ἀξιώματος,
1796 1167 1823 1193 τὸ

1037 1217 1130 1244 δοῦλον
1149 1214 1218 1243 εἶναι
1232 1215 1366 1252 Χριστοῦ,
1391 1215 1518 1242 κάκεῖθεν
1537 1213 1669 1250 μᾶλλονῆ
1687 1213 1743 1240 ἀπό
1756 1221 1823 1244 τινος

1036 1263 1117 1290 ἄλλου
1128 1262 1323 1298 γινώσκεσθαι.
1339 1262 1412 1290 ,Ἀλλ’
1424 1260 1496 1288 οὕτω
1509 1261 1602 1295 μέντοι
1614 1259 1796 1294 τεθεωρήσθω
1807 1259 1822 1293 ἡ

1036 1309 1111 1335 αἰτία
1125 1307 1173 1334 τοῦ
1184 1316 1215 1334 τε
1227 1306 1431 1343 προτάττεσθαι
1441 1307 1490 1341 τὴν
1506 1305 1604 1340 κλῆσιν
1621 1305 1677 1332 τῶν
1698 1304 1824 1331 Ἐπιστο-

1035 1355 1088 1382 λῶν
1101 1354 1220 1386 Παῦλον,
1235 1354 1282 1380 καὶ
1296 1353 1342 1380 τοῦ
1358 1353 1402 1380 διὰ
1420 1353 1520 1385 παντὸς
1536 1352 1629 1380 δοῦλον
1648 1351 1748 1378 ἑαυτὸν
1762 1351 1825 1378 ἀνσ-

1038 1402 1156 1437 γράφειν
1170 1400 1301 1436 Χριστοῦ.

195 1444 295 1473 Christi
309 1453 371 1473 esse
381 1453 501 1478 servum.
510 1451 591 1481 atque
599 1447 652 1475 hoc
660 1448 760 1483 potius,
770 1456 852 1483 quam
868 1448 923 1475 alio
933 1449 1032 1483 quovis
1048 1448 1169 1480 nomine,
1182 1448 1374 1476 inclarescere.
1387 1448 1476 1482 Atque
1485 1447 1544 1476 haec
1560 1447 1671 1482 quidem
1679 1454 1766 1474 causa
1781 1445 1826 1472 tibi

195 1492 374 1520 existimanda
393 1492 485 1524 fuerit,
498 1500 546 1520 cur
560 1492 661 1522 Paulus
678 1500 778 1521 nomen
787 1502 866 1521 suum
877 1494 1007 1528 Epistolis
1021 1494 1192 1529 prtemiserit,
1202 1501 1365 1529 semperque
1376 1501 1407 1521 sc
1423 1493 1526 1520 Christi
1545 1500 1655 1521 servum
1671 1492 1824 1527 appellarit-

231 1539 309 1572 Quod
324 1547 389 1567 vero
404 1539 514 1566 additur
533 1549 540 1566 :
559 1548 568 1566 ι
582 1540 634 1573 Qui
653 1540 807 1568 declaratus
830 1540 881 1569 fuit
894 1541 980 1577 Filius

1068 1541 1103 1568 Τὸ
1118 1541 1173 1576 (42)
1193 1541 1222 1568 δέ
1234 1549 1240 1556 ·
1257 1550 1266 1566 ι
1279 1540 1449 1575 Ὀρισθέντος
1462 1539 1527 1566 Υἱοῦ
1553 1539 1583 1566 ἐν
1605 1538 1731 1573 δυνάμει,
1747 1548 1757 1565 ι
1782 1538 1827 1568 καὶ

197 1585 244 1612 Dei
265 1585 293 1612 in
306 1584 481 1620 potentia”,i
495 1589 561 1617 etc.,
577 1585 622 1612 illa
634 1585 702 1613 mihi
716 1586 825 1620 quidem
838 1587 909 1614 hanc
921 1595 984 1614 sen-

197 1632 308 1660 tentiam
324 1631 426 1659 inferre
437 1631 570 1660 videntur.
583 1632 756 1660 Declaratum
778 1633 906 1667 appellat,
923 1639 983 1660 Iau-

199 1685 293 1712 quam,
309 1677 355 1712 qui
370 1681 399 1704 ut
411 1677 472 1705 talis
487 1678 612 1712 cognitus
627 1678 672 1709 sit,
689 1681 716 1705 et
731 1678 764 1705 ad
787 1678 915 1705 notitiam
936 1678 984 1705 ho-

197 1723 304 1751 minum
323 1723 481 1758 perductus.
499 1722 551 1751 lies
576 1723 649 1754 enim
670 1724 712 1751 vel
738 1731 769 1752 ex
797 1725 908 1755 nomine
934 1732 984 1753 suo

196 1776 380 1804 cognoscere,
397 1768 440 1796 vel
453 1768 622 1796 deﬁnitionis
644 1768 762 1804 alicujus
775 1777 826 1804 ope
845 1770 985 1805 percipere

197 1816 328 1848 solemus.
350 1815 492 1850 Deﬁnitum
515 1815 607 1849 itaque
625 1815 759 1850 appellat,
785 1823 841 1843 non
867 1816 946 1852 quasi
968 1823 984 1844 a

196 1868 334 1897 quoquam
348 1860 375 1889 in
390 1860 476 1891 ﬁlium
499 1860 535 1888 sit
544 1861 688 1895 adoptatus
699 1869 706 1894 ;
717 1861 790 1893 absit
805 1861 873 1889 hoc!
885 1870 983 1897 neque,

196 1908 270 1943 quod
291 1914 391 1935 nomen
407 1906 469 1934 Filii
487 1905 533 1934 Dei
548 1914 596 1941 per
617 1907 820 1942 impositionem
837 1908 983 1943 quamdam

197 1958 294 1985 nactus
311 1953 366 1986 sit;
383 1953 431 1980 sed
455 1953 594 1987 deﬁnitum
621 1958 718 1986 vocat,
739 1959 869 1989 tanquam
890 1954 936 1988 qui
951 1962 983 1981 ex

198 1999 412 2035 proprietatibus
427 1999 485 2027 suis
497 2000 575 2027 nobis
590 1999 752 2032 innotuerit,
769 2004 797 2028 et
813 2000 839 2027 iu
852 1999 985 2034 cognitio-

199 2053 260 2074 nem
276 2043 415 2077 nostram,‘
434 2045 523 2080 quoad
539 2045 583 2072 illa
600 2045 627 2072 in
647 2045 775 2073 homines
792 2045 875 2078 cadit,
889 2052 986 2079 perre-

200 2091 280 2118 ucrit.
296 2089 372 2117 Unde
392 2090 474 2125 igitur
488 2110 496 2122 ,
515 2095 542 2117 et
558 2098 591 2118 ex
614 2090 716 2125 quibus
738 2090 886 2117 momentis
901 2089 986 2119 Filius

202 2137 248 2165 Dei
260 2137 470 2169 deter-minatur,
492 2141 520 2163 et
541 2137 640 2172 quibus
661 2136 874 2171 proprietatibus
888 2137 985 2165 distin-

199 2188 260 2211 ctus
273 2190 288 2210 a
308 2183 389 2211 nobis
407 2183 607 2218 cognoscitur?
627 2183 664 2210 Ex
686 2183 851 2218 propheticis
864 2203 871 2216 ,
885 2184 984 2219 inquit,

1033 1587 1107 1622 ἑξῆς,
1123 1587 1251 1622 τοιαύτην
1271 1587 1333 1613 τινά
1359 1594 1404 1620 μοι
1427 1585 1500 1611 δοκεί
1524 1584 1574 1619 τὴν
1599 1584 1717 1620 Θεωρίαν
1744 1584 1825 1619 ἔχειν·

1039 1632 1333 1668 ’ορισοἐντος,φησὶν,
1342 1632 1424 1658 οἱονεὶ
1432 1630 1662 1665 ἐπιγνωσθέντος,
1672 1631 1712 1662 εἰς
1726 1630 1826 1666 γνῶσιν

1034 1678 1189 1715 ἀνθρώποις
1206 1678 1366 1714 ἐληλυθότος
1379 1677 1447 1712 (45).
1457 1677 1600 1712 Είώοαμεν
1614 1677 1669 1712 γάρ
1682 1676 1698 1711 ἢ
1713 1675 1828 1712 ὀνόματί

1034 1735 1086 1752 τινι
1113 1724 1331 1759 καταλαμϐάνειν
1343 1723 1378 1750 τὰ
1401 1723 1561 1758 πράγματα,
1574 1722 1591 1757 ἢ
1611 1722 1656 1749 διά
1667 1731 1752 1749 τινων
1767 1723 1823 1757 ὀρι-

1035 1772 1091 1799 κῶν
1107 1772 1195 1805 λόγων
1205 1772 1245 1802 εἰς
1258 1770 1306 1806 τὴν
1319 1769 1408 1797 αὐτῶν
1421 1768 1592 1804 ἀφικνεῖσθαι
1605 1768 1765 1801 ἐπίγνωσιν.
1774 1767 1828 1794 Νῦν

1035 1816 1361 1852 οῦν,ὁρισθέντος,φησὶν
1371 1816 1431 1851 οὐχ),
1439 1816 1470 1842 τὸ
1478 1815 1554 1851 παρά
1566 1823 1637 1846 τινος
1645 1815 1684 1845 είς
1693 1813 1828 1841 υἱοθεσίαν

1035 1862 1206 1897 ἀνειλῆφθαι,
1230 1862 1332 1895 ἄπαγε,
1354 1861 1409 1888 οὐδ’
1426 1861 1467 1888 ὅτι
1488 1861 1538 1896 τὴν
1553 1859 1600 1886 τοῦ
1617 1859 1683 1886 Υἱοῦ
1697 1859 1747 1886 τοῦ
1762 1858 1827 1885 Θεοῦ

1037 1909 1220 1946 προσηγορίαν
1236 1908 1290 1934 ἀπό
1313 1915 1386 1938 τινος
1406 1907 1521 1942 ἐπέσχεν
1542 1905 1663 1937 θέσεως,
1687 1904 1762 1938 ἀλλ’,
1772 1906 1828 1939 dpt-

1035 1954 1268 1989 σθέντος,φησὶν,
1287 1950 1343 1980 οἷον
1367 1953 1414 1979 τοῦ
1431 1953 1477 1980 διὰ
1500 1952 1555 1980 τῶν
1579 1952 1643 1987 περὶ
1659 1951 1742 1978 αὐτὴν
1760 1952 1828 1978 ίδιω-

1038 2001 1131 2036 μάτων
1150 2001 1216 2035 ἡμῖν
1232 1999 1456 2034 ἐμφανισθέντος,
1471 1999 1518 2026 καὶ
1531 1998 1572 2030 είς
1598 1997 1701 2032 γνῶσιν
1716 1998 1768 2025 καὶ
1782 2006 1828 2023 κα-

1035 2048 1161 2082 τάληψιν,
1173 2046 1210 2077 ὡς
1224 2043 1281 2072 οἷόν
1293 2045 1324 2072 τέ
1340 2046 1413 2072 ἐστιν
1430 2044 1588 2080 ἀνθρωπίνῃ
1602 2043 1683 2079 φύσει
1695 2064 1702 2077 ,
1718 2043 1825 2079 περιελ-

1037 2093 1139 2124 θόντος.
1163 2092 1248 2118 Πόθεν
1268 2091 1314 2118 οὖν
1337 2091 1384 2118 καὶ
1408 2092 1441 2117 ἐκ
1468 2090 1577 2117 τίνωνό
1597 2089 1645 2119 τοῦ
1669 2089 1740 2116 Θεοῦ
1768 2090 1827 2120 Υἱὸς

1036 2136 1207 2173 ἀφορίζεται,
1225 2137 1272 2163 καὶ
1286 2137 1356 2163 τίσιν
1371 2136 1483 2171 ίδιὸτησι
1501 2134 1776 2170 χαρακτηριζόμενος
1786 2135 1823 2164 εἰς

1037 2185 1137 2218 γνῶσιν
1154 2185 1219 2220 ἡμῖν
1242 2184 1370 2219 ἕρχεται;
1392 2182 1439 2209 Ἐκ
1454 2181 1648 2217 προφητικῶν,
1666 2181 1746 2216 φησὶ,
1760 2188 1826 2216 χρη-

198 2229 330 2257 oraculis.
355 2228 383 2256 Id
405 2229 478 2256 enim
503 2228 658 2264 signiﬁcat,
672 2229 767 2257 dicens
785 2239 792 2257 :
812 2230 902 2262 ιριιοιι
917 2238 986 2265 ιιι-ιιι-

1058 2231 1127 2266 μῶν.
1149 2229 1233 2256 Τοῦτο
1246 2230 1299 2263 γάρ
1311 2228 1459 2264 παρίστησι
1470 2228 1514 2254 διὰ
1526 2227 1572 2253 τοῦ
1584 2228 1682 2254 εἰπεῖν·
1698 2237 1706 2252 ι
1716 2228 1751 2253 Ὃ
1761 2234 1826 2261 προ-

199 2275 335 2302 nuutiavit
349 2283 397 2309 per
418 2275 566 2310 prophetas
579 2282 645 2303 suos
667 2275 693 2301 in
715 2276 801 2303 sacris
818 2276 985 2302 Litteris‘h

200 2320 302 2347 Deinde
315 2328 382 2347 vero
398 2328 431 2347 cx
446 2320 587 2348 miraculis
597 2340 604 2352 ,
621 2327 681 2355 qum
696 2328 777 2356 supra
796 2327 898 2348 natura:
916 2323 987 2349 vires

199 2365 294 2394 edidit.
318 2365 387 2393 Dicit
401 2366 474 2393 enim
488 2375 494 2392 :
512 2375 521 2391 ι
539 2366 591 2398 Qui
608 2366 763 2394 declaratus
785 2371 827 2394 cst
841 2367 926 2395 Filius
940 2368 986 2395 Dci

200 2412 227 2439 in
243 2411 363 2446 potentia
372 2411 421 2438 δι.»
443 2411 528 2439 Porro
548 2419 581 2438 cx
599 2412 701 2446 Spiritu
718 2418 824 2444 sancto,
840 2421 920 2446 quem
937 2414 986 2440 ho-

201 2456 321 2484 minibus
338 2455 365 2483 in
382 2463 410 2483 se
429 2457 604 2484 credentibus
625 2457 754 2484 doaabat.
782 2457 904 2493 Denique
923 2467 985 2486 vero

200 2510 232 2529 ex
249 2509 293 2534 co,
315 2503 399 2536 quod,
413 2503 460 2536 qui
478 2510 509 2529 ex
528 2502 637 2530 Davidis
648 2505 752 2530 semine
771 2510 853 2531 natus
867 2509 936 2536 erat,
952 2513 984 2532 cx

201 2547 316 2575 mortuis
330 2553 486 2574 resnrrcxit.
505 2547 609 2575 llorum
625 2549 699 2576 enim
710 2549 832 2576 omnium
845 2551 984 2584 congeries

236 2606 259 2621 ⁶⁹
276 2605 354 2632 llom.
371 2613 389 2636 1,
404 2605 430 2631 4.
468 2606 490 2621 ⁵ο
505 2606 568 2634 ibid.
583 2607 610 2634 2.
650 2608 669 2623 “
685 2607 750 2634 ibid.
763 2607 799 2640 5.(

1039 2275 1221 2310 επηγγείλατο
1244 2274 1288 2300 διὰ
1302 2274 1356 2300 τῶν
1375 2273 1523 2309 προφητῶν
1548 2272 1630 2299 αὑτοῦ
1654 2273 1682 2298 ἐν
1705 2272 1826 2307 Γραφαίς

1040 2322 1143 2355 ἁγίαις·
1165 2330 1175 2346 ι
1198 2319 1324 2354 δεύτερον
1341 2320 1373 2345 ἐκ
1397 2318 1452 2344 τῶν
1466 2318 1620 2352 δυνάμεων,
1636 2316 1668 2348 ἃς
1680 2316 1825 2351 ὑπερφυῶς

1038 2367 1134 2393 ὲτέλει.
1151 2376 1160 2391 ί
1185 2365 1238 2393 Τοῦ
1254 2364 1409 2400 ὁρισθέντος
1433 2363 1498 2399 γὰρ,
1514 2363 1608 2398 φησὶν,
1622 2363 1688 2389 Υἱοῦ
1704 2362 1774 2389 Θεοῦ
1799 2363 1826 2388 ἐν

1038 2413 1161 2447 δυνάμει.
1184 2421 1194 2438 ι
1209 2410 1276 2438 Εἶτα
1290 2412 1323 2438 ὲκ
1336 2411 1383 2437 τοῦ
1400 2411 1559 2447 ίινεύματος
1572 2409 1620 2435 τοῦ
1634 2409 1727 2443 ἁγίου,
1741 2409 1756 2436 δ
1772 2410 1826 2439 τοῖς

1041 2462 1080 2492 εἰς
1107 2459 1187 2487 αὐτὸν
1202 2459 1397 2485 πεπιστευκόσι
1415 2459 1551 2495 ἐχορήγει.
1573 2457 1654 2484 ’Λλλά
1672 2457 1719 2483 καὶ
1733 2457 1767 2484 ἐκ
1781 2455 1826 2483 τοῦ

1039 2506 1188 2540 ἀναστῆναι
1202 2505 1277 2539 (νιι)
1296 2505 1376 2531 αὑτὸν
1392 2506 1423 2531 ἐκ
1445 2504 1600 2538 σπέρματος
1620 2503 1667 2530 τοῦ
1682 2503 1765 2529 Δασὶδ
1783 2511 1827 2534 γε-

1039 2553 1212 2586 γεννημένον.
1239 2551 1293 2578 Καὶ
1320 2551 1374 2585 γὰρ
1391 2549 1634 2576 τούτωνὰπάντων
1658 2549 1675 2584 ἡ
1691 2548 1826 2583 συνδρομὴ

972 2653 1088 2683 NOTAE.

238 2701 295 2733 (ιδ)
316 2699 354 2727 Ex
367 2701 443 2729 Colb.
461 2702 520 2729 loco
533 2699 608 2733 οὗτός
624 2711 663 2729 τε.

240 2736 267 2770 (4
273 2737 296 2770 ι)
309 2735 380 2763 Idem
396 2745 444 2771 pro
462 2737 610 2769 κοπιάζων.

251 2770 344 2806 45-41)
361 2770 430 2798 ίδέαι
442 2773 533 2800 scribo
548 2780 598 2806 pro
623 2772 696 2799 ἰδίαι.

250 2808 295 2842 42)
308 2807 355 2834 τοῦ
374 2815 422 2842 pra
441 2808 482 2840 τὸ,
498 2816 529 2835 ex
540 2808 618 2835 Coll).

240 2834 296 2877 (45)
315 2834 435 2877 Respicit
450 2834 702 2870 luicOEcumenius
715 2843 734 2869 l.
751 2850 788 2874 c.,
804 2851 830 2877 p;
854 2842 916 2870 203.
944 2841 987 2870 his

206 2879 296 2910 verbis
312 2887 318 2905 :
335 2878 380 2906 Atii
393 2878 492 2909 καίτις
504 2877 551 2904 τοῦ
566 2877 731 2912 ὁρισθέντος,
748 2878 793 2904 τοῦ
805 2877 985 2911 ἐπιγνωσθέν-

1039 2711 1084 2733 τος
1101 2704 1178 2738 φησὶ,
1195 2704 1241 2730 καὶ
1253 2704 1292 2734 εἰς
1309 2703 1410 2736 γνῶσιν
1424 2702 1579 2738 ἀνθρώποις
1595 2701 1730 2738 ἐλθόντος.
1746 2699 1824 2738 ~Elui:-

1039 2735 1192 2773 θαμίν’γὰρ
1200 2739 1233 2765 δι’
1244 2735 1366 2773 ὁρισμῶν
1374 2746 1455 2764 τινων
1466 2735 1670 2771 ἐπιγινώσκειν,
1678 2735 1697 2764 ἃ
1709 2735 1825 2770 βεϐαίως

1038 2773 1349 2811 καὶ-οῦκμὲν-δισταγμῷ
1368 2773 1574 2811 ἐπιστάμεθα.-
1615 2807 1621 2811 _
1704 2805 1748 2811 Μ-

1074 2809 1128 2843 (44)
1145 2809 1221 2836 Colb.
1236 2816 1285 2842 pro
1296 2806 1476 2840 dvdam’vtag.
1507 2809 1537 2835 ὃ.
1557 2807 1659 2836 Paulus
1674 2816 1681 2834 :
1704 2806 1749 2837 Ἐξ
1762 2806 1824 2832 ἅνα-

1038 2845 1158 2876 στᾶςεως
1170 2844 1286 2880 νεκρῶν.
