  <div class='ocr_page' id='page_1' title='image "/cluster/home/n/w/nwhite01/storage/ocr_20150623/101/njp.32101077772877/460.png"; bbox 0 0 1873 3063; ppageno 0'>
   <div class='ocr_carea' id='block_1_1' title="bbox 74 188 116 218">
    <p class='ocr_par' dir='ltr' id='par_1_1' title="bbox 74 188 116 218">
     <span class='ocr_line' id='line_1_1' title="bbox 74 188 116 218; baseline 0 0"><span class='ocrx_word' id='word_1_1' title='bbox 74 188 116 218; x_wconf 78' lang='lat'><strong>753</strong></span> 
     </span>
    </p>
   </div>
   <div class='ocr_carea' id='block_1_2' title="bbox 73 243 880 278">
    <p class='ocr_par' dir='ltr' id='par_1_2' title="bbox 73 243 880 278">
     <span class='ocr_line' id='line_1_2' title="bbox 73 243 880 278; baseline 0.004 -9"><span class='ocrx_word' id='word_1_2' title='bbox 73 243 168 275; x_wconf 71' lang='grc' dir='ltr'>διορίζει</span> <span class='ocrx_word' id='word_1_3' title='bbox 180 243 226 269; x_wconf 79' lang='grc' dir='ltr'>καὶ</span> <span class='ocrx_word' id='word_1_4' title='bbox 237 243 423 278; x_wconf 80' lang='grc' dir='ltr'>ἀποδιίστησιν</span> <span class='ocrx_word' id='word_1_5' title='bbox 435 243 518 271; x_wconf 77' lang='grc' dir='ltr'>αὐτὸν</span> <span class='ocrx_word' id='word_1_6' title='bbox 529 244 585 271; x_wconf 84' lang='grc' dir='ltr'><strong>τῶν</strong></span> <span class='ocrx_word' id='word_1_7' title='bbox 603 244 691 272; x_wconf 81' lang='grc' dir='ltr'>ἄλλων</span> <span class='ocrx_word' id='word_1_8' title='bbox 701 245 841 276; x_wconf 77' lang='grc' dir='ltr'>ἁπάντων,</span> <span class='ocrx_word' id='word_1_9' title='bbox 857 249 880 275; x_wconf 89' lang='grc' dir='ltr'><strong>Α</strong></span> 
     </span>
    </p>
   </div>
   <div class='ocr_carea' id='block_1_3' title="bbox 71 289 843 326">
    <p class='ocr_par' dir='ltr' id='par_1_3' title="bbox 71 289 843 326">
     <span class='ocr_line' id='line_1_3' title="bbox 71 289 843 326; baseline 0.003 -11"><span class='ocrx_word' id='word_1_10' title='bbox 71 291 131 320; x_wconf 75' lang='grc' dir='ltr'>ὅσοις</span> <span class='ocrx_word' id='word_1_11' title='bbox 142 289 210 316; x_wconf 75' lang='grc' dir='ltr'>κατὰ</span> <span class='ocrx_word' id='word_1_12' title='bbox 227 289 305 323; x_wconf 78' lang='grc' dir='ltr'>χάριν</span> <span class='ocrx_word' id='word_1_13' title='bbox 320 290 432 323; x_wconf 85' lang='grc' dir='ltr'>γέγονεν</span> <span class='ocrx_word' id='word_1_14' title='bbox 447 290 522 321; x_wconf 81' lang='grc' dir='ltr'>υἱοὺς</span> <span class='ocrx_word' id='word_1_15' title='bbox 543 290 772 326; x_wconf 74' lang='grc' dir='ltr'><strong>ἐπονομασθῆναι.</strong></span> <span class='ocrx_word' id='word_1_16' title='bbox 789 292 843 318; x_wconf 77' lang='grc' dir='ltr'><strong>Καὶ</strong></span> 
     </span>
    </p>
   </div>
   <div class='ocr_carea' id='block_1_4' title="bbox 71 333 843 370">
    <p class='ocr_par' dir='ltr' id='par_1_4' title="bbox 71 333 843 370">
     <span class='ocr_line' id='line_1_4' title="bbox 71 333 843 370; baseline 0.003 -10"><span class='ocrx_word' id='word_1_17' title='bbox 71 335 177 361; x_wconf 77' lang='grc' dir='ltr'>δ;ίκνυσι</span> <span class='ocrx_word' id='word_1_18' title='bbox 191 336 238 360; x_wconf 69' lang='grc' dir='ltr'>καὶ</span> <span class='ocrx_word' id='word_1_19' title='bbox 250 334 370 361; x_wconf 74' lang='grc' dir='ltr'><strong>διδάσκει</strong></span> <span class='ocrx_word' id='word_1_20' title='bbox 390 335 503 367; x_wconf 79' lang='grc' dir='ltr'><strong>πάντας,</strong></span> <span class='ocrx_word' id='word_1_21' title='bbox 518 335 599 361; x_wconf 70' lang='grc' dir='ltr'>αὐτὸν</span> <span class='ocrx_word' id='word_1_22' title='bbox 616 333 688 362; x_wconf 72' lang='grc' dir='ltr'>εἶναι</span> <span class='ocrx_word' id='word_1_23' title='bbox 715 337 761 362; x_wconf 70' lang='grc' dir='ltr'><strong>τὸν</strong></span> <span class='ocrx_word' id='word_1_24' title='bbox 776 337 843 370; x_wconf 80' lang='grc' dir='ltr'>ἁλη-</span> 
     </span>
    </p>
   </div>
   <div class='ocr_carea' id='block_1_5' title="bbox 71 381 840 415">
    <p class='ocr_par' dir='ltr' id='par_1_5' title="bbox 71 381 840 415">
     <span class='ocr_line' id='line_1_5' title="bbox 71 381 840 415; baseline 0 -7"><span class='ocrx_word' id='word_1_25' title='bbox 71 381 116 413; x_wconf 78' lang='grc' dir='ltr'>θῶς</span> <span class='ocrx_word' id='word_1_26' title='bbox 129 381 174 407; x_wconf 71' lang='grc' dir='ltr'>καὶ</span> <span class='ocrx_word' id='word_1_27' title='bbox 187 381 265 415; x_wconf 80' lang='grc' dir='ltr'>φύσει</span> <span class='ocrx_word' id='word_1_28' title='bbox 280 381 343 407; x_wconf 78' lang='grc' dir='ltr'><strong>Υξδν</strong></span> <span class='ocrx_word' id='word_1_29' title='bbox 357 381 404 408; x_wconf 81' lang='grc' dir='ltr'><strong>τοῦ</strong></span> <span class='ocrx_word' id='word_1_30' title='bbox 417 381 485 408; x_wconf 77' lang='grc' dir='ltr'>Θεοῦ</span> <span class='ocrx_word' id='word_1_31' title='bbox 501 382 549 408; x_wconf 77' lang='grc' dir='ltr'>καὶ</span> <span class='ocrx_word' id='word_1_32' title='bbox 569 382 645 408; x_wconf 82' lang='grc' dir='ltr'>Θεόν.</span> <span class='ocrx_word' id='word_1_33' title='bbox 661 381 744 408; x_wconf 71' lang='grc' dir='ltr'>Ὅθεν</span> <span class='ocrx_word' id='word_1_34' title='bbox 759 381 840 408; x_wconf 83' lang='grc' dir='ltr'>δυνα-</span> 
     </span>
    </p>
   </div>
   <div class='ocr_carea' id='block_1_6' title="bbox 70 426 842 462">
    <p class='ocr_par' dir='ltr' id='par_1_6' title="bbox 70 426 842 462">
     <span class='ocr_line' id='line_1_6' title="bbox 70 426 842 462; baseline 0.001 -10"><span class='ocrx_word' id='word_1_35' title='bbox 70 426 107 452; x_wconf 76' lang='grc' dir='ltr'>τδν</span> <span class='ocrx_word' id='word_1_36' title='bbox 122 426 152 452; x_wconf 79' lang='grc' dir='ltr'>ἂν</span> <span class='ocrx_word' id='word_1_37' title='bbox 162 426 203 461; x_wconf 81' lang='grc' dir='ltr'>εἴη</span> <span class='ocrx_word' id='word_1_38' title='bbox 217 427 224 459; x_wconf 84' lang='grc'><strong>(</strong></span> <span class='ocrx_word' id='word_1_39' title='bbox 235 426 269 452; x_wconf 63' lang='grc'><strong>45</strong></span> <span class='ocrx_word' id='word_1_40' title='bbox 280 428 300 460; x_wconf 86' lang='grc'>),</span> <span class='ocrx_word' id='word_1_41' title='bbox 312 427 359 452; x_wconf 83' lang='grc' dir='ltr'>καὶ</span> <span class='ocrx_word' id='word_1_42' title='bbox 373 427 434 461; x_wconf 80' lang='grc' dir='ltr'>οὐχὶ</span> <span class='ocrx_word' id='word_1_43' title='bbox 451 427 617 462; x_wconf 82' lang='grc' dir='ltr'><strong>πλαγιασμῷ</strong></span> <span class='ocrx_word' id='word_1_44' title='bbox 634 427 689 453; x_wconf 83' lang='grc' dir='ltr'><strong>τῶν</strong></span> <span class='ocrx_word' id='word_1_45' title='bbox 711 427 842 462; x_wconf 79' lang='grc' dir='ltr'><strong>ῥημάτων</strong></span> 
     </span>
    </p>
   </div>
   <div class='ocr_carea' id='block_1_7' title="bbox 72 471 841 508">
    <p class='ocr_par' dir='ltr' id='par_1_7' title="bbox 72 471 841 508">
     <span class='ocr_line' id='line_1_7' title="bbox 72 471 841 508; baseline 0.003 -11"><span class='ocrx_word' id='word_1_46' title='bbox 72 471 150 506; x_wconf 83' lang='grc' dir='ltr'>μόνον,</span> <span class='ocrx_word' id='word_1_47' title='bbox 165 471 232 498; x_wconf 71' lang='grc' dir='ltr'>ἀλλὰ</span> <span class='ocrx_word' id='word_1_48' title='bbox 249 471 311 498; x_wconf 78' lang='grc' dir='ltr'>κατ’</span> <span class='ocrx_word' id='word_1_49' title='bbox 325 472 431 498; x_wconf 80' lang='grc' dir='ltr'>εὐθεῖαν</span> <span class='ocrx_word' id='word_1_50' title='bbox 449 472 518 499; x_wconf 75' lang='grc' dir='ltr'>αὐτὰ</span> <span class='ocrx_word' id='word_1_51' title='bbox 531 472 703 508; x_wconf 78' lang='grc' dir='ltr'><strong>συνείροντας</strong></span> <span class='ocrx_word' id='word_1_52' title='bbox 717 473 748 499; x_wconf 77' lang='grc' dir='ltr'>τὸ</span> <span class='ocrx_word' id='word_1_53' title='bbox 765 472 841 505; x_wconf 73' lang='grc' dir='ltr'>ἐξαί-</span> 
     </span>
    </p>
   </div>
   <div class='ocr_carea' id='block_1_8' title="bbox 71 515 843 552">
    <p class='ocr_par' dir='ltr' id='par_1_8' title="bbox 71 515 843 552">
     <span class='ocr_line' id='line_1_8' title="bbox 71 515 843 552; baseline 0.004 -11"><span class='ocrx_word' id='word_1_54' title='bbox 71 523 136 549; x_wconf 81' lang='grc' dir='ltr'>ρετον</span> <span class='ocrx_word' id='word_1_55' title='bbox 160 515 209 549; x_wconf 83' lang='grc' dir='ltr'>τῆς</span> <span class='ocrx_word' id='word_1_56' title='bbox 234 515 357 550; x_wconf 83' lang='grc' dir='ltr'>υίότητος</span> <span class='ocrx_word' id='word_1_57' title='bbox 383 516 431 542; x_wconf 81' lang='grc' dir='ltr'><strong>τοῦ</strong></span> <span class='ocrx_word' id='word_1_58' title='bbox 455 517 573 552; x_wconf 82' lang='grc' dir='ltr'><strong>Χριστοῦ</strong></span> <span class='ocrx_word' id='word_1_59' title='bbox 603 518 650 543; x_wconf 81' lang='grc' dir='ltr'>καὶ</span> <span class='ocrx_word' id='word_1_60' title='bbox 672 517 740 544; x_wconf 82' lang='grc' dir='ltr'><strong>Θεοῦ</strong></span> <span class='ocrx_word' id='word_1_61' title='bbox 763 517 843 552; x_wconf 82' lang='grc' dir='ltr'>ἡμῶν</span> 
     </span>
    </p>
   </div>
   <div class='ocr_carea' id='block_1_9' title="bbox 70 561 841 599">
    <p class='ocr_par' dir='ltr' id='par_1_9' title="bbox 70 561 841 599">
     <span class='ocr_line' id='line_1_9' title="bbox 70 561 841 599; baseline 0.004 -12"><span class='ocrx_word' id='word_1_62' title='bbox 70 561 182 596; x_wconf 78' lang='grc' dir='ltr'>ἀφορίσαι</span> <span class='ocrx_word' id='word_1_63' title='bbox 194 570 224 588; x_wconf 78' lang='grc' dir='ltr'><strong>τε</strong></span> <span class='ocrx_word' id='word_1_64' title='bbox 241 563 287 588; x_wconf 73' lang='grc' dir='ltr'><strong>καὶ</strong></span> <span class='ocrx_word' id='word_1_65' title='bbox 315 564 501 597; x_wconf 82' lang='grc' dir='ltr'>παραστῆσαι.</span> <span class='ocrx_word' id='word_1_66' title='bbox 525 564 573 590; x_wconf 76' lang='grc' dir='ltr'>καὶ</span> <span class='ocrx_word' id='word_1_67' title='bbox 588 563 637 599; x_wconf 84' lang='grc' dir='ltr'>τὴν</span> <span class='ocrx_word' id='word_1_68' title='bbox 669 564 734 598; x_wconf 77' lang='grc' dir='ltr'>περὶ</span> <span class='ocrx_word' id='word_1_69' title='bbox 758 563 841 590; x_wconf 69' lang='grc' dir='ltr'>αὐτοῦ</span> 
     </span>
    </p>
   </div>
   <div class='ocr_carea' id='block_1_10' title="bbox 69 606 842 643">
    <p class='ocr_par' dir='ltr' id='par_1_10' title="bbox 69 606 842 643">
     <span class='ocr_line' id='line_1_10' title="bbox 69 606 842 643; baseline 0.003 -11"><span class='ocrx_word' id='word_1_70' title='bbox 69 606 154 640; x_wconf 78' lang='grc' dir='ltr'>γνῶσίν</span> <span class='ocrx_word' id='word_1_71' title='bbox 168 615 197 633; x_wconf 84' lang='grc' dir='ltr'><strong>τε</strong></span> <span class='ocrx_word' id='word_1_72' title='bbox 214 606 262 633; x_wconf 71' lang='grc' dir='ltr'><strong>καὶ</strong></span> <span class='ocrx_word' id='word_1_73' title='bbox 276 607 378 641; x_wconf 81' lang='grc' dir='ltr'>εἴδησιν</span> <span class='ocrx_word' id='word_1_74' title='bbox 408 607 481 642; x_wconf 78' lang='grc' dir='ltr'>σαφῆ</span> <span class='ocrx_word' id='word_1_75' title='bbox 495 608 542 634; x_wconf 79' lang='grc' dir='ltr'>καὶ</span> <span class='ocrx_word' id='word_1_76' title='bbox 567 607 690 643; x_wconf 80' lang='grc' dir='ltr'>καθαρὰν</span> <span class='ocrx_word' id='word_1_77' title='bbox 713 609 770 640; x_wconf 80' lang='grc' dir='ltr'>τοῖς</span> <span class='ocrx_word' id='word_1_78' title='bbox 797 617 842 634; x_wconf 77' lang='lat' dir='ltr'><strong>m-</strong></span> 
     </span>
    </p>
   </div>
   <div class='ocr_carea' id='block_1_11' title="bbox 70 652 842 690">
    <p class='ocr_par' dir='ltr' id='par_1_11' title="bbox 70 652 842 690">
     <span class='ocr_line' id='line_1_11' title="bbox 70 652 842 690; baseline 0.003 -10"><span class='ocrx_word' id='word_1_79' title='bbox 70 655 130 684; x_wconf 77' lang='grc' dir='ltr'>στοῖς</span> <span class='ocrx_word' id='word_1_80' title='bbox 145 655 345 689; x_wconf 75' lang='grc' dir='ltr'>παρασχέσθαι.</span> <span class='ocrx_word' id='word_1_81' title='bbox 355 652 417 681; x_wconf 76' lang='grc' dir='ltr'>Οἷον</span> <span class='ocrx_word' id='word_1_82' title='bbox 425 655 503 686; x_wconf 81' lang='grc' dir='ltr'>εἴτις</span> <span class='ocrx_word' id='word_1_83' title='bbox 512 655 636 690; x_wconf 77' lang='grc' dir='ltr'>ἐρωτῴη,</span> <span class='ocrx_word' id='word_1_84' title='bbox 645 656 678 682; x_wconf 82' lang='grc' dir='ltr'>Τί</span> <span class='ocrx_word' id='word_1_85' title='bbox 689 656 762 682; x_wconf 80' lang='grc' dir='ltr'>ἐστιν</span> <span class='ocrx_word' id='word_1_86' title='bbox 776 656 842 690; x_wconf 87' lang='grc' dir='ltr'>Χρι-</span> 
     </span>
    </p>
   </div>
   <div class='ocr_carea' id='block_1_12' title="bbox 70 698 841 737">
    <p class='ocr_par' dir='ltr' id='par_1_12' title="bbox 70 698 841 737">
     <span class='ocr_line' id='line_1_12' title="bbox 70 698 841 737; baseline 0.005 -13"><span class='ocrx_word' id='word_1_87' title='bbox 70 698 121 729; x_wconf 76' lang='grc' dir='ltr'>στός</span> <span class='ocrx_word' id='word_1_88' title='bbox 134 707 141 730; x_wconf 84' lang='lat'><strong>;</strong></span> <span class='ocrx_word' id='word_1_89' title='bbox 153 699 217 734; x_wconf 75' lang='grc' dir='ltr'>ῥᾷον</span> <span class='ocrx_word' id='word_1_90' title='bbox 232 699 280 726; x_wconf 76' lang='grc' dir='ltr'>καὶ</span> <span class='ocrx_word' id='word_1_91' title='bbox 293 700 369 726; x_wconf 76' lang='grc' dir='ltr'><strong>οὐδὲν</strong></span> <span class='ocrx_word' id='word_1_92' title='bbox 383 701 502 735; x_wconf 74' lang='grc' dir='ltr'>ἐργῶδες</span> <span class='ocrx_word' id='word_1_93' title='bbox 516 702 613 728; x_wconf 73' lang='grc' dir='ltr'>εἰπεῖν·</span> <span class='ocrx_word' id='word_1_94' title='bbox 631 702 747 737; x_wconf 82' lang='grc' dir='ltr'>Χριστός</span> <span class='ocrx_word' id='word_1_95' title='bbox 765 703 841 728; x_wconf 77' lang='grc' dir='ltr'>ἐστιν</span> 
     </span>
    </p>
   </div>
   <div class='ocr_carea' id='block_1_13' title="bbox 69 743 842 783">
    <p class='ocr_par' dir='ltr' id='par_1_13' title="bbox 69 743 842 783">
     <span class='ocr_line' id='line_1_13' title="bbox 69 743 842 783; baseline 0.005 -13"><span class='ocrx_word' id='word_1_96' title='bbox 69 745 80 770; x_wconf 80' lang='grc' dir='ltr'><strong>ὸ</strong></span> <span class='ocrx_word' id='word_1_97' title='bbox 92 743 129 770; x_wconf 75' lang='grc' dir='ltr'><strong>διὰ</strong></span> <span class='ocrx_word' id='word_1_98' title='bbox 143 745 195 772; x_wconf 87' lang='grc' dir='ltr'>τῶν</span> <span class='ocrx_word' id='word_1_99' title='bbox 209 745 358 780; x_wconf 77' lang='grc' dir='ltr'>προφητῶν</span> <span class='ocrx_word' id='word_1_100' title='bbox 377 746 426 781; x_wconf 80' lang='grc' dir='ltr'>μὲν</span> <span class='ocrx_word' id='word_1_101' title='bbox 439 747 642 782; x_wconf 81' lang='grc' dir='ltr'>προκηρυχθεὶς</span> <span class='ocrx_word' id='word_1_102' title='bbox 665 747 712 774; x_wconf 72' lang='grc' dir='ltr'>καὶ</span> <span class='ocrx_word' id='word_1_103' title='bbox 728 747 842 783; x_wconf 70' lang='grc' dir='ltr'>γενόμεο</span> 
     </span>
    </p>
   </div>
   <div class='ocr_carea' id='block_1_14' title="bbox 69 790 840 828">
    <p class='ocr_par' dir='ltr' id='par_1_14' title="bbox 69 790 840 828">
     <span class='ocr_line' id='line_1_14' title="bbox 69 790 840 828; baseline 0.006 -13"><span class='ocrx_word' id='word_1_104' title='bbox 69 797 104 820; x_wconf 78' lang='grc' dir='ltr'><strong>νος</strong></span> <span class='ocrx_word' id='word_1_105' title='bbox 122 790 188 816; x_wconf 77' lang='grc' dir='ltr'>κατὰ</span> <span class='ocrx_word' id='word_1_106' title='bbox 214 791 304 826; x_wconf 84' lang='grc' dir='ltr'><strong>σάρκα</strong></span> <span class='ocrx_word' id='word_1_107' title='bbox 326 791 359 816; x_wconf 84' lang='grc' dir='ltr'>ὲκ</span> <span class='ocrx_word' id='word_1_108' title='bbox 386 792 543 827; x_wconf 84' lang='grc' dir='ltr'>σπέρματος</span> <span class='ocrx_word' id='word_1_109' title='bbox 571 793 663 826; x_wconf 78' lang='grc' dir='ltr'>Δαϐὶδ,</span> <span class='ocrx_word' id='word_1_110' title='bbox 689 793 840 828; x_wconf 76' lang='grc' dir='ltr'>ὑπερφυέσι</span> 
     </span>
    </p>
   </div>
   <div class='ocr_carea' id='block_1_15' title="bbox 67 835 843 874">
    <p class='ocr_par' dir='ltr' id='par_1_15' title="bbox 67 835 843 874">
     <span class='ocr_line' id='line_1_15' title="bbox 67 835 843 874; baseline 0.008 -13"><span class='ocrx_word' id='word_1_111' title='bbox 67 835 178 870; x_wconf 77' lang='grc' dir='ltr'>δυνάμεσι</span> <span class='ocrx_word' id='word_1_112' title='bbox 195 837 244 864; x_wconf 79' lang='grc' dir='ltr'>καὶ</span> <span class='ocrx_word' id='word_1_113' title='bbox 263 837 420 872; x_wconf 81' lang='grc' dir='ltr'>Πνεύματος</span> <span class='ocrx_word' id='word_1_114' title='bbox 436 838 514 872; x_wconf 82' lang='grc' dir='ltr'>ἁγίου</span> <span class='ocrx_word' id='word_1_115' title='bbox 536 838 643 874; x_wconf 78' lang='grc' dir='ltr'>δαψιλεί</span> <span class='ocrx_word' id='word_1_116' title='bbox 664 848 694 865; x_wconf 82' lang='grc' dir='ltr'><strong>τε</strong></span> <span class='ocrx_word' id='word_1_117' title='bbox 717 840 761 866; x_wconf 69' lang='grc' dir='ltr'>καὶ</span> <span class='ocrx_word' id='word_1_118' title='bbox 790 841 843 874; x_wconf 80' lang='grc' dir='ltr'><strong>ἁφ-</strong></span> 
     </span>
    </p>
   </div>
   <div class='ocr_carea' id='block_1_16' title="bbox 68 881 840 920">
    <p class='ocr_par' dir='ltr' id='par_1_16' title="bbox 68 881 840 920">
     <span class='ocr_line' id='line_1_16' title="bbox 68 881 840 920; baseline 0.006 -13"><span class='ocrx_word' id='word_1_119' title='bbox 68 881 125 917; x_wconf 77' lang='grc' dir='ltr'>θόνῳ</span> <span class='ocrx_word' id='word_1_120' title='bbox 139 883 256 918; x_wconf 69' lang='grc' dir='ltr'>χορηγίᾳ</span> <span class='ocrx_word' id='word_1_121' title='bbox 281 884 312 910; x_wconf 79' lang='grc' dir='ltr'>τὸ</span> <span class='ocrx_word' id='word_1_122' title='bbox 327 884 381 910; x_wconf 83' lang='grc' dir='ltr'>τῶν</span> <span class='ocrx_word' id='word_1_123' title='bbox 399 884 550 920; x_wconf 78' lang='grc' dir='ltr'>ἀνθρώπων</span> <span class='ocrx_word' id='word_1_124' title='bbox 576 885 654 919; x_wconf 77' lang='grc' dir='ltr'>γένος</span> <span class='ocrx_word' id='word_1_125' title='bbox 676 885 840 919; x_wconf 77' lang='grc' dir='ltr'><strong>εὐεργετῶν,</strong></span> 
     </span>
    </p>
   </div>
   <div class='ocr_carea' id='block_1_17' title="bbox 68 925 878 966">
    <p class='ocr_par' dir='ltr' id='par_1_17' title="bbox 68 925 878 966">
     <span class='ocr_line' id='line_1_17' title="bbox 68 925 878 966; baseline 0.006 -13"><span class='ocrx_word' id='word_1_126' title='bbox 68 928 106 954; x_wconf 82' lang='grc' dir='ltr'>καὶ</span> <span class='ocrx_word' id='word_1_127' title='bbox 123 928 164 955; x_wconf 71' lang='grc' dir='ltr'><strong>διὰ</strong></span> <span class='ocrx_word' id='word_1_128' title='bbox 190 929 242 964; x_wconf 83' lang='grc' dir='ltr'>τῆς</span> <span class='ocrx_word' id='word_1_129' title='bbox 267 930 369 961; x_wconf 80' lang='grc' dir='ltr'><strong>οἰκείας</strong></span> <span class='ocrx_word' id='word_1_130' title='bbox 386 930 563 963; x_wconf 80' lang='grc' dir='ltr'><strong>ἀναστάσεως</strong></span> <span class='ocrx_word' id='word_1_131' title='bbox 575 931 621 958; x_wconf 83' lang='grc' dir='ltr'>τὸν</span> <span class='ocrx_word' id='word_1_132' title='bbox 646 931 761 958; x_wconf 74' lang='grc' dir='ltr'>θάνατον</span> <span class='ocrx_word' id='word_1_133' title='bbox 791 931 840 966; x_wconf 80' lang='grc' dir='ltr'>μὲν</span> <span class='ocrx_word' id='word_1_134' title='bbox 858 925 878 951; x_wconf 73' lang='grc' dir='ltr'><strong>Β</strong></span> 
     </span>
    </p>
   </div>
   <div class='ocr_carea' id='block_1_18' title="bbox 67 974 842 1011">
    <p class='ocr_par' dir='ltr' id='par_1_18' title="bbox 67 974 842 1011">
     <span class='ocr_line' id='line_1_18' title="bbox 67 974 842 1011; baseline 0.008 -13"><span class='ocrx_word' id='word_1_135' title='bbox 67 974 200 1008; x_wconf 77' lang='grc' dir='ltr'>νεκρώσας,</span> <span class='ocrx_word' id='word_1_136' title='bbox 216 975 264 1001; x_wconf 79' lang='grc' dir='ltr'>καὶ</span> <span class='ocrx_word' id='word_1_137' title='bbox 279 976 324 1002; x_wconf 81' lang='grc' dir='ltr'>τὸν</span> <span class='ocrx_word' id='word_1_138' title='bbox 339 975 406 1011; x_wconf 72' lang='grc' dir='ltr'>ᾅδην</span> <span class='ocrx_word' id='word_1_139' title='bbox 422 976 584 1008; x_wconf 78' lang='grc' dir='ltr'><strong>σκυλεύσας,</strong></span> <span class='ocrx_word' id='word_1_140' title='bbox 599 977 662 1008; x_wconf 80' lang='grc' dir='ltr'>τοὺς</span> <span class='ocrx_word' id='word_1_141' title='bbox 674 977 722 1004; x_wconf 81' lang='grc' dir='ltr'><strong>ἀπ’</strong></span> <span class='ocrx_word' id='word_1_142' title='bbox 736 977 842 1004; x_wconf 79' lang='grc' dir='ltr'>αίώνων</span> 
     </span>
    </p>
   </div>
   <div class='ocr_carea' id='block_1_19' title="bbox 66 1019 840 1058">
    <p class='ocr_par' dir='ltr' id='par_1_19' title="bbox 66 1019 840 1058">
     <span class='ocr_line' id='line_1_19' title="bbox 66 1019 840 1058; baseline 0.005 -12"><span class='ocrx_word' id='word_1_143' title='bbox 66 1020 88 1046; x_wconf 74' lang='grc' dir='ltr'><strong>δὲ</strong></span> <span class='ocrx_word' id='word_1_144' title='bbox 103 1022 301 1056; x_wconf 81' lang='grc' dir='ltr'>συναναστήσας</span> <span class='ocrx_word' id='word_1_145' title='bbox 315 1022 403 1056; x_wconf 80' lang='grc' dir='ltr'>ἑαυτῷ</span> <span class='ocrx_word' id='word_1_146' title='bbox 420 1023 544 1058; x_wconf 87' lang='grc' dir='ltr'>νεκρούς.</span> <span class='ocrx_word' id='word_1_147' title='bbox 558 1019 642 1054; x_wconf 81' lang='grc' dir='ltr'>Οὗτός</span> <span class='ocrx_word' id='word_1_148' title='bbox 657 1024 732 1050; x_wconf 82' lang='grc' dir='ltr'>ἐστιν</span> <span class='ocrx_word' id='word_1_149' title='bbox 743 1024 757 1050; x_wconf 82' lang='grc' dir='ltr'>ὁ</span> <span class='ocrx_word' id='word_1_150' title='bbox 773 1024 840 1057; x_wconf 84' lang='grc' dir='ltr'>Χρι-</span> 
     </span>
    </p>
   </div>
   <div class='ocr_carea' id='block_1_20' title="bbox 68 1063 839 1099">
    <p class='ocr_par' dir='ltr' id='par_1_20' title="bbox 68 1063 839 1099">
     <span class='ocr_line' id='line_1_20' title="bbox 68 1063 839 1099; baseline 0.004 -8"><span class='ocrx_word' id='word_1_151' title='bbox 68 1067 127 1099; x_wconf 78' lang='grc' dir='ltr'>στὸς,</span> <span class='ocrx_word' id='word_1_152' title='bbox 151 1063 227 1099; x_wconf 72' lang='grc' dir='ltr'>οὗτος</span> <span class='ocrx_word' id='word_1_153' title='bbox 241 1067 256 1093; x_wconf 84' lang='grc' dir='ltr'><strong>ὁ</strong></span> <span class='ocrx_word' id='word_1_154' title='bbox 280 1067 326 1093; x_wconf 81' lang='grc' dir='ltr'>τοῦ</span> <span class='ocrx_word' id='word_1_155' title='bbox 350 1067 418 1094; x_wconf 81' lang='grc' dir='ltr'><strong>Θεοῦ</strong></span> <span class='ocrx_word' id='word_1_156' title='bbox 438 1068 500 1099; x_wconf 81' lang='grc' dir='ltr'><strong>Υἱὸς</strong></span> <span class='ocrx_word' id='word_1_157' title='bbox 514 1068 560 1094; x_wconf 76' lang='grc' dir='ltr'><strong>καὶ</strong></span> <span class='ocrx_word' id='word_1_158' title='bbox 571 1068 648 1099; x_wconf 80' lang='grc' dir='ltr'>Θεός.</span> <span class='ocrx_word' id='word_1_159' title='bbox 674 1069 720 1099; x_wconf 80' lang='grc' dir='ltr'><strong>Εἰς</strong></span> <span class='ocrx_word' id='word_1_160' title='bbox 744 1068 839 1095; x_wconf 81' lang='grc' dir='ltr'>τούτου</span> 
     </span>
    </p>
   </div>
   <div class='ocr_carea' id='block_1_21' title="bbox 67 1111 842 1149">
    <p class='ocr_par' dir='ltr' id='par_1_21' title="bbox 67 1111 842 1149">
     <span class='ocr_line' id='line_1_21' title="bbox 67 1111 842 1149; baseline 0.005 -12"><span class='ocrx_word' id='word_1_161' title='bbox 67 1111 90 1137; x_wconf 70' lang='grc' dir='ltr'>τὸ</span> <span class='ocrx_word' id='word_1_162' title='bbox 103 1111 263 1146; x_wconf 81' lang='grc' dir='ltr'>Εὑαγγέλιον</span> <span class='ocrx_word' id='word_1_163' title='bbox 287 1113 391 1144; x_wconf 80' lang='grc' dir='ltr'>Παῦλος</span> <span class='ocrx_word' id='word_1_164' title='bbox 415 1114 604 1149; x_wconf 52' lang='grc' dir='ltr'>ὰςωρισμένος</span> <span class='ocrx_word' id='word_1_165' title='bbox 628 1115 745 1148; x_wconf 76' lang='grc' dir='ltr'>ἐγένετο·</span> <span class='ocrx_word' id='word_1_166' title='bbox 763 1115 842 1141; x_wconf 79' lang='grc' dir='ltr'>τοῦτο</span> 
     </span>
    </p>
   </div>
   <div class='ocr_carea' id='block_1_22' title="bbox 67 1158 836 1195">
    <p class='ocr_par' dir='ltr' id='par_1_22' title="bbox 67 1158 836 1195">
     <span class='ocr_line' id='line_1_22' title="bbox 67 1158 836 1195; baseline 0.005 -12"><span class='ocrx_word' id='word_1_167' title='bbox 67 1158 215 1193; x_wconf 67' lang='grc' dir='ltr'>παρίστησιν</span> <span class='ocrx_word' id='word_1_168' title='bbox 234 1160 252 1194; x_wconf 81' lang='grc' dir='ltr'>ἡ</span> <span class='ocrx_word' id='word_1_169' title='bbox 269 1158 314 1185; x_wconf 83' lang='grc' dir='ltr'><strong>τοῦ</strong></span> <span class='ocrx_word' id='word_1_170' title='bbox 336 1160 490 1194; x_wconf 77' lang='grc' dir='ltr'><strong>ὁρισθέντος</strong></span> <span class='ocrx_word' id='word_1_171' title='bbox 505 1159 569 1186; x_wconf 76' lang='grc' dir='ltr'><strong>1⁸ἱοῦ</strong></span> <span class='ocrx_word' id='word_1_172' title='bbox 587 1160 655 1187; x_wconf 78' lang='grc' dir='ltr'>Θεοῦ</span> <span class='ocrx_word' id='word_1_173' title='bbox 668 1161 805 1195; x_wconf 68' lang='grc' dir='ltr'>φωνὴμίὶ</span> <span class='ocrx_word' id='word_1_174' title='bbox 818 1162 836 1193; x_wconf 82' lang='grc'><strong>).</strong></span> 
     </span>
    </p>
   </div>
   <div class='ocr_carea' id='block_1_23' title="bbox 67 1203 841 1241">
    <p class='ocr_par' dir='ltr' id='par_1_23' title="bbox 67 1203 841 1241">
     <span class='ocr_line' id='line_1_23' title="bbox 67 1203 841 1241; baseline 0.004 -11"><span class='ocrx_word' id='word_1_175' title='bbox 67 1203 185 1239; x_wconf 60' lang='grc' dir='ltr'>Πρόσθες,</span> <span class='ocrx_word' id='word_1_176' title='bbox 214 1206 239 1231; x_wconf 82' lang='grc' dir='ltr'><strong>εί</strong></span> <span class='ocrx_word' id='word_1_177' title='bbox 261 1205 360 1240; x_wconf 79' lang='grc' dir='ltr'><strong>βούλει,</strong></span> <span class='ocrx_word' id='word_1_178' title='bbox 378 1206 448 1241; x_wconf 81' lang='grc' dir='ltr'>πρὸς</span> <span class='ocrx_word' id='word_1_179' title='bbox 473 1205 627 1238; x_wconf 74' lang='grc' dir='ltr'>ὲξὰπλωσιν</span> <span class='ocrx_word' id='word_1_180' title='bbox 650 1207 698 1232; x_wconf 76' lang='grc' dir='ltr'>καὶ</span> <span class='ocrx_word' id='word_1_181' title='bbox 724 1207 841 1241; x_wconf 80' lang='grc' dir='ltr'>δήλωσιν</span> 
     </span>
    </p>
   </div>
   <div class='ocr_carea' id='block_1_24' title="bbox 67 1249 842 1287">
    <p class='ocr_par' dir='ltr' id='par_1_24' title="bbox 67 1249 842 1287">
     <span class='ocr_line' id='line_1_24' title="bbox 67 1249 842 1287; baseline 0.005 -12"><span class='ocrx_word' id='word_1_182' title='bbox 67 1251 230 1286; x_wconf 69' lang='grc' dir='ltr'>σαφεστέραν·</span> <span class='ocrx_word' id='word_1_183' title='bbox 248 1251 289 1278; x_wconf 81' lang='grc' dir='ltr'><strong>δι’</strong></span> <span class='ocrx_word' id='word_1_184' title='bbox 301 1249 331 1279; x_wconf 70' lang='grc' dir='ltr'>οὔ</span> <span class='ocrx_word' id='word_1_185' title='bbox 346 1253 392 1278; x_wconf 71' lang='grc' dir='ltr'>καὶ</span> <span class='ocrx_word' id='word_1_186' title='bbox 406 1252 511 1283; x_wconf 80' lang='grc' dir='ltr'>Παῦλος</span> <span class='ocrx_word' id='word_1_187' title='bbox 527 1252 607 1279; x_wconf 73' lang='grc' dir='ltr'>ἕλαὸε</span> <span class='ocrx_word' id='word_1_188' title='bbox 620 1252 701 1287; x_wconf 82' lang='grc' dir='ltr'>χάριν</span> <span class='ocrx_word' id='word_1_189' title='bbox 730 1253 842 1279; x_wconf 68' lang='grc' dir='ltr'>ἀποστο-</span> 
     </span>
    </p>
   </div>
   <div class='ocr_carea' id='block_1_25' title="bbox 66 1295 841 1332">
    <p class='ocr_par' dir='ltr' id='par_1_25' title="bbox 66 1295 841 1332">
     <span class='ocr_line' id='line_1_25' title="bbox 66 1295 841 1332; baseline 0.005 -12"><span class='ocrx_word' id='word_1_190' title='bbox 66 1295 106 1329; x_wconf 77' lang='grc' dir='ltr'>λῆς</span> <span class='ocrx_word' id='word_1_191' title='bbox 120 1296 180 1331; x_wconf 78' lang='grc' dir='ltr'>ἔθνη</span> <span class='ocrx_word' id='word_1_192' title='bbox 209 1296 339 1332; x_wconf 70' lang='grc' dir='ltr'>βάρϐαρα</span> <span class='ocrx_word' id='word_1_193' title='bbox 363 1298 468 1329; x_wconf 87' lang='grc' dir='ltr'>πεῖσαι,</span> <span class='ocrx_word' id='word_1_194' title='bbox 488 1298 536 1324; x_wconf 79' lang='grc' dir='ltr'>καὶ</span> <span class='ocrx_word' id='word_1_195' title='bbox 563 1298 774 1332; x_wconf 84' lang='grc' dir='ltr'>παρασκευάσαι</span> <span class='ocrx_word' id='word_1_196' title='bbox 788 1299 841 1324; x_wconf 83' lang='grc' dir='ltr'><strong>ὑπ-</strong></span> 
     </span>
    </p>
   </div>
   <div class='ocr_carea' id='block_1_26' title="bbox 66 1340 842 1378">
    <p class='ocr_par' dir='ltr' id='par_1_26' title="bbox 66 1340 842 1378">
     <span class='ocr_line' id='line_1_26' title="bbox 66 1340 842 1378; baseline 0.004 -12"><span class='ocrx_word' id='word_1_197' title='bbox 66 1340 164 1368; x_wconf 74' lang='grc' dir='ltr'>ακοῦσαι</span> <span class='ocrx_word' id='word_1_198' title='bbox 184 1343 217 1377; x_wconf 85' lang='grc' dir='ltr'>τῇ</span> <span class='ocrx_word' id='word_1_199' title='bbox 231 1342 321 1368; x_wconf 82' lang='grc' dir='ltr'>πίστει</span> <span class='ocrx_word' id='word_1_200' title='bbox 337 1341 384 1369; x_wconf 78' lang='grc' dir='ltr'><strong>τοῦ</strong></span> <span class='ocrx_word' id='word_1_201' title='bbox 402 1341 532 1378; x_wconf 70' lang='grc' dir='ltr'>Χριστοῦ·</span> <span class='ocrx_word' id='word_1_202' title='bbox 548 1343 688 1369; x_wconf 75' lang='grc' dir='ltr'>τουτέστιν</span> <span class='ocrx_word' id='word_1_203' title='bbox 708 1344 747 1375; x_wconf 86' lang='grc' dir='ltr'>εὶς</span> <span class='ocrx_word' id='word_1_204' title='bbox 762 1343 842 1370; x_wconf 78' lang='grc' dir='ltr'>αὐτὸν</span> 
     </span>
    </p>
   </div>
   <div class='ocr_carea' id='block_1_27' title="bbox 66 1387 841 1424">
    <p class='ocr_par' dir='ltr' id='par_1_27' title="bbox 66 1387 841 1424">
     <span class='ocr_line' id='line_1_27' title="bbox 66 1387 841 1424; baseline 0.004 -11"><span class='ocrx_word' id='word_1_205' title='bbox 66 1387 194 1415; x_wconf 81' lang='grc' dir='ltr'>πιστεῦσαι</span> <span class='ocrx_word' id='word_1_206' title='bbox 203 1389 260 1422; x_wconf 72' lang='grc'><strong>(47)</strong></span> <span class='ocrx_word' id='word_1_207' title='bbox 270 1389 317 1414; x_wconf 77' lang='grc' dir='ltr'>καὶ</span> <span class='ocrx_word' id='word_1_208' title='bbox 327 1388 470 1424; x_wconf 77' lang='grc' dir='ltr'>λατρεύειν</span> <span class='ocrx_word' id='word_1_209' title='bbox 484 1389 567 1423; x_wconf 82' lang='grc' dir='ltr'>μόνῳ,</span> <span class='ocrx_word' id='word_1_210' title='bbox 582 1389 619 1420; x_wconf 85' lang='grc' dir='ltr'><strong>ὡς</strong></span> <span class='ocrx_word' id='word_1_211' title='bbox 633 1389 753 1424; x_wconf 84' lang='grc' dir='ltr'>ἀληθινῷ</span> <span class='ocrx_word' id='word_1_212' title='bbox 771 1389 841 1424; x_wconf 80' lang='grc' dir='ltr'>Θεῷ,</span> 
     </span>
    </p>
   </div>
   <div class='ocr_carea' id='block_1_28' title="bbox 67 1433 843 1470">
    <p class='ocr_par' dir='ltr' id='par_1_28' title="bbox 67 1433 843 1470">
     <span class='ocr_line' id='line_1_28' title="bbox 67 1433 843 1470; baseline 0.004 -11"><span class='ocrx_word' id='word_1_213' title='bbox 67 1433 106 1459; x_wconf 73' lang='grc' dir='ltr'><strong>καὶ</strong></span> <span class='ocrx_word' id='word_1_214' title='bbox 120 1433 172 1469; x_wconf 81' lang='grc' dir='ltr'><strong>Υίῷ</strong></span> <span class='ocrx_word' id='word_1_215' title='bbox 188 1433 269 1465; x_wconf 83' lang='grc' dir='ltr'><strong>Θεοῦ,</strong></span> <span class='ocrx_word' id='word_1_216' title='bbox 288 1435 414 1469; x_wconf 75' lang='grc' dir='ltr'>ἀφέμενα</span> <span class='ocrx_word' id='word_1_217' title='bbox 434 1434 490 1461; x_wconf 86' lang='grc' dir='ltr'><strong>τῶν</strong></span> <span class='ocrx_word' id='word_1_218' title='bbox 516 1434 651 1470; x_wconf 81' lang='grc' dir='ltr'>πατρῴων</span> <span class='ocrx_word' id='word_1_219' title='bbox 677 1435 765 1467; x_wconf 75' lang='grc' dir='ltr'>ἐθῶν,</span> <span class='ocrx_word' id='word_1_220' title='bbox 794 1436 843 1463; x_wconf 77' lang='grc' dir='ltr'>καὶ</span> 
     </span>
    </p>
   </div>
   <div class='ocr_carea' id='block_1_29' title="bbox 65 1480 741 1518">
    <p class='ocr_par' dir='ltr' id='par_1_29' title="bbox 65 1480 741 1518">
     <span class='ocr_line' id='line_1_29' title="bbox 65 1480 741 1518; baseline 0.003 -11"><span class='ocrx_word' id='word_1_221' title='bbox 65 1480 106 1515; x_wconf 74' lang='grc' dir='ltr'>τῆς</span> <span class='ocrx_word' id='word_1_222' title='bbox 122 1481 239 1514; x_wconf 82' lang='grc' dir='ltr'>παλαιᾶς</span> <span class='ocrx_word' id='word_1_223' title='bbox 251 1481 342 1509; x_wconf 83' lang='grc' dir='ltr'>αὐτῶν</span> <span class='ocrx_word' id='word_1_224' title='bbox 355 1482 402 1509; x_wconf 73' lang='grc' dir='ltr'>καὶ</span> <span class='ocrx_word' id='word_1_225' title='bbox 415 1482 611 1518; x_wconf 73' lang='grc' dir='ltr'>δεισιδαίμονος</span> <span class='ocrx_word' id='word_1_226' title='bbox 628 1483 741 1517; x_wconf 82' lang='grc' dir='ltr'>πλάνης.</span> 
     </span>
    </p>
   </div>
   <div class='ocr_carea' id='block_1_30' title="bbox 95 1569 841 1606">
    <p class='ocr_par' dir='ltr' id='par_1_30' title="bbox 95 1569 841 1606">
     <span class='ocr_line' id='line_1_30' title="bbox 95 1569 841 1606; baseline 0.003 -11"><span class='ocrx_word' id='word_1_227' title='bbox 95 1569 127 1595; x_wconf 80' lang='grc' dir='ltr'><strong>Τὸ</strong></span> <span class='ocrx_word' id='word_1_228' title='bbox 134 1569 170 1601; x_wconf 69' lang='grc' dir='ltr'><strong>δὲ,</strong></span> <span class='ocrx_word' id='word_1_229' title='bbox 185 1579 194 1595; x_wconf 76' lang='grc' dir='ltr'><strong>ε</strong></span> <span class='ocrx_word' id='word_1_230' title='bbox 205 1569 361 1604; x_wconf 77' lang='grc' dir='ltr'>Καυχάσθω</span> <span class='ocrx_word' id='word_1_231' title='bbox 369 1571 383 1597; x_wconf 84' lang='grc' dir='ltr'><strong><em>ὁ</em></strong></span> <span class='ocrx_word' id='word_1_232' title='bbox 394 1569 508 1603; x_wconf 74' lang='grc' dir='ltr'>ἀδελφὸς</span> <span class='ocrx_word' id='word_1_233' title='bbox 520 1570 534 1596; x_wconf 83' lang='grc' dir='ltr'><em>ὁ</em></span> <span class='ocrx_word' id='word_1_234' title='bbox 543 1570 670 1602; x_wconf 79' lang='grc' dir='ltr'>ταπεινὸς</span> <span class='ocrx_word' id='word_1_235' title='bbox 685 1571 714 1597; x_wconf 80' lang='grc' dir='ltr'>ἐν</span> <span class='ocrx_word' id='word_1_236' title='bbox 725 1570 763 1606; x_wconf 80' lang='grc' dir='ltr'>τῷ</span> <span class='ocrx_word' id='word_1_237' title='bbox 778 1571 841 1605; x_wconf 76' lang='grc' dir='ltr'>ὕψει</span> 
     </span>
    </p>
   </div>
   <div class='ocr_carea' id='block_1_31' title="bbox 66 1614 841 1651">
    <p class='ocr_par' dir='ltr' id='par_1_31' title="bbox 66 1614 841 1651">
     <span class='ocr_line' id='line_1_31' title="bbox 66 1614 841 1651; baseline 0.003 -11"><span class='ocrx_word' id='word_1_238' title='bbox 66 1614 144 1647; x_wconf 80' lang='grc' dir='ltr'>αὑτοῦ,</span> <span class='ocrx_word' id='word_1_239' title='bbox 167 1615 221 1642; x_wconf 80' lang='grc' dir='ltr'><strong>ὁδὲ</strong></span> <span class='ocrx_word' id='word_1_240' title='bbox 240 1615 368 1646; x_wconf 83' lang='grc' dir='ltr'>πλούσιος</span> <span class='ocrx_word' id='word_1_241' title='bbox 387 1616 416 1641; x_wconf 75' lang='grc' dir='ltr'>ἐν</span> <span class='ocrx_word' id='word_1_242' title='bbox 430 1616 463 1650; x_wconf 82' lang='grc' dir='ltr'>τῇ</span> <span class='ocrx_word' id='word_1_243' title='bbox 481 1615 644 1642; x_wconf 82' lang='grc' dir='ltr'>ταπεινώσει</span> <span class='ocrx_word' id='word_1_244' title='bbox 660 1616 753 1648; x_wconf 76' lang='grc' dir='ltr'>αὐτοῦ,</span> <span class='ocrx_word' id='word_1_245' title='bbox 771 1625 780 1642; x_wconf 78' lang='grc' dir='ltr'><strong>ι</strong></span> <span class='ocrx_word' id='word_1_246' title='bbox 801 1617 841 1651; x_wconf 85' lang='grc' dir='ltr'>τῷ</span> 
     </span>
    </p>
   </div>
   <div class='ocr_carea' id='block_1_32' title="bbox 66 1659 846 1698">
    <p class='ocr_par' dir='ltr' id='par_1_32' title="bbox 66 1659 846 1698">
     <span class='ocr_line' id='line_1_32' title="bbox 66 1659 846 1698; baseline 0.004 -13"><span class='ocrx_word' id='word_1_247' title='bbox 66 1659 120 1694; x_wconf 82' lang='grc' dir='ltr'>ἱερῷ</span> <span class='ocrx_word' id='word_1_248' title='bbox 133 1660 211 1696; x_wconf 80' lang='grc' dir='ltr'>ῥηθὲν</span> <span class='ocrx_word' id='word_1_249' title='bbox 233 1659 366 1694; x_wconf 72' lang='grc' dir='ltr'>Ἰακώϐῳ,</span> <span class='ocrx_word' id='word_1_250' title='bbox 390 1660 420 1686; x_wconf 83' lang='grc' dir='ltr'>οὐ</span> <span class='ocrx_word' id='word_1_251' title='bbox 433 1659 512 1686; x_wconf 77' lang='grc' dir='ltr'>τοῦτο</span> <span class='ocrx_word' id='word_1_252' title='bbox 525 1659 611 1694; x_wconf 82' lang='grc' dir='ltr'>δηλοῖ,</span> <span class='ocrx_word' id='word_1_253' title='bbox 632 1661 683 1694; x_wconf 60' lang='grc' dir='ltr'>ιὼς</span> <span class='ocrx_word' id='word_1_254' title='bbox 705 1662 846 1698; x_wconf 78' lang='grc' dir='ltr'><strong>Μεγαλοῤ-</strong></span> 
     </span>
    </p>
   </div>
   <div class='ocr_carea' id='block_1_33' title="bbox 67 1705 846 1742">
    <p class='ocr_par' dir='ltr' id='par_1_33' title="bbox 67 1705 846 1742">
     <span class='ocr_line' id='line_1_33' title="bbox 67 1705 846 1742; baseline 0 -8"><span class='ocrx_word' id='word_1_255' title='bbox 67 1707 213 1741; x_wconf 72' lang='grc' dir='ltr'>ρημονείτω,</span> <span class='ocrx_word' id='word_1_256' title='bbox 228 1705 442 1739; x_wconf 78' lang='grc' dir='ltr'>ἀλαζονευέσθω,</span> <span class='ocrx_word' id='word_1_257' title='bbox 461 1707 678 1742; x_wconf 82' lang='grc' dir='ltr'>μεγαλαυχείτω.</span> <span class='ocrx_word' id='word_1_258' title='bbox 692 1707 773 1734; x_wconf 74' lang='grc' dir='ltr'>Οὐδὲν</span> <span class='ocrx_word' id='word_1_259' title='bbox 785 1708 846 1735; x_wconf 76' lang='grc' dir='ltr'><strong>τού-</strong></span> 
     </span>
    </p>
   </div>
   <div class='ocr_carea' id='block_1_34' title="bbox 66 1752 845 1789">
    <p class='ocr_par' dir='ltr' id='par_1_34' title="bbox 66 1752 845 1789">
     <span class='ocr_line' id='line_1_34' title="bbox 66 1752 845 1789; baseline 0.005 -12"><span class='ocrx_word' id='word_1_260' title='bbox 66 1753 231 1780; x_wconf 79' lang='grc' dir='ltr'>των.Τίθεται</span> <span class='ocrx_word' id='word_1_261' title='bbox 246 1753 296 1788; x_wconf 82' lang='grc' dir='ltr'>μὲν</span> <span class='ocrx_word' id='word_1_262' title='bbox 313 1752 379 1787; x_wconf 81' lang='grc' dir='ltr'>γὰρ,</span> <span class='ocrx_word' id='word_1_263' title='bbox 400 1753 438 1785; x_wconf 84' lang='grc' dir='ltr'>ὡς</span> <span class='ocrx_word' id='word_1_264' title='bbox 451 1752 564 1786; x_wconf 80' lang='grc' dir='ltr'>ἐθος,τὰ</span> <span class='ocrx_word' id='word_1_265' title='bbox 579 1754 691 1789; x_wconf 79' lang='grc' dir='ltr'>ῥήματα</span> <span class='ocrx_word' id='word_1_266' title='bbox 700 1754 788 1780; x_wconf 82' lang='grc' dir='ltr'>ταῦτα</span> <span class='ocrx_word' id='word_1_267' title='bbox 799 1755 845 1781; x_wconf 71' lang='grc' dir='ltr'><strong>ἐπὶ</strong></span> 
     </span>
    </p>
   </div>
   <div class='ocr_carea' id='block_1_35' title="bbox 66 1797 845 1834">
    <p class='ocr_par' dir='ltr' id='par_1_35' title="bbox 66 1797 845 1834">
     <span class='ocr_line' id='line_1_35' title="bbox 66 1797 845 1834; baseline 0.003 -10"><span class='ocrx_word' id='word_1_268' title='bbox 66 1797 105 1831; x_wconf 77' lang='grc' dir='ltr'>τῆς</span> <span class='ocrx_word' id='word_1_269' title='bbox 115 1798 239 1833; x_wconf 77' lang='grc' dir='ltr'>τοιαύτης</span> <span class='ocrx_word' id='word_1_270' title='bbox 249 1798 378 1830; x_wconf 80' lang='grc' dir='ltr'>διανοίας,</span> <span class='ocrx_word' id='word_1_271' title='bbox 386 1798 471 1825; x_wconf 82' lang='grc' dir='ltr'>καὶτὸ</span> <span class='ocrx_word' id='word_1_272' title='bbox 481 1799 626 1834; x_wconf 77' lang='grc' dir='ltr'>πρόχειρον</span> <span class='ocrx_word' id='word_1_273' title='bbox 638 1800 687 1834; x_wconf 77' lang='grc' dir='ltr'>τῆς</span> <span class='ocrx_word' id='word_1_274' title='bbox 695 1799 793 1832; x_wconf 78' lang='grc' dir='ltr'>λέξεως</span> <span class='ocrx_word' id='word_1_275' title='bbox 805 1801 845 1832; x_wconf 84' lang='grc' dir='ltr'><strong>είς</strong></span> 
     </span>
    </p>
   </div>
   <div class='ocr_carea' id='block_1_36' title="bbox 66 1840 845 1881">
    <p class='ocr_par' dir='ltr' id='par_1_36' title="bbox 66 1840 845 1881">
     <span class='ocr_line' id='line_1_36' title="bbox 66 1840 845 1881; baseline 0.004 -12"><span class='ocrx_word' id='word_1_276' title='bbox 66 1843 132 1870; x_wconf 71' lang='grc' dir='ltr'>τοῦτο</span> <span class='ocrx_word' id='word_1_277' title='bbox 141 1845 226 1881; x_wconf 76' lang='grc' dir='ltr'>φέρει.</span> <span class='ocrx_word' id='word_1_278' title='bbox 240 1844 310 1871; x_wconf 82' lang='grc' dir='ltr'>Ἀλλ’</span> <span class='ocrx_word' id='word_1_279' title='bbox 324 1842 370 1871; x_wconf 83' lang='grc' dir='ltr'><strong>οὖν</strong></span> <span class='ocrx_word' id='word_1_280' title='bbox 377 1844 435 1871; x_wconf 82' lang='grc' dir='ltr'>νυνί</span> <span class='ocrx_word' id='word_1_281' title='bbox 448 1853 479 1878; x_wconf 85' lang='grc' dir='ltr'>γε</span> <span class='ocrx_word' id='word_1_282' title='bbox 488 1843 519 1870; x_wconf 80' lang='grc' dir='ltr'><strong>τὸ</strong></span> <span class='ocrx_word' id='word_1_283' title='bbox 527 1844 681 1879; x_wconf 76' lang='grc' dir='ltr'>καυχᾶσθαι</span> <span class='ocrx_word' id='word_1_284' title='bbox 691 1840 777 1880; x_wconf 71' lang='grc' dir='ltr'>φησιν</span> <span class='ocrx_word' id='word_1_285' title='bbox 785 1846 845 1872; x_wconf 70' lang='grc' dir='ltr'>ἀντὶ</span> 
     </span>
    </p>
   </div>
   <div class='ocr_carea' id='block_1_37' title="bbox 67 1889 844 1926">
    <p class='ocr_par' dir='ltr' id='par_1_37' title="bbox 67 1889 844 1926">
     <span class='ocr_line' id='line_1_37' title="bbox 67 1889 844 1926; baseline 0.003 -9"><span class='ocrx_word' id='word_1_286' title='bbox 67 1889 113 1922; x_wconf 56' lang='grc' dir='ltr'>τοῦ,</span> <span class='ocrx_word' id='word_1_287' title='bbox 125 1891 428 1926; x_wconf 72' lang='grc' dir='ltr'>θαρῤει’τω,ἐλπιζέτω.</span> <span class='ocrx_word' id='word_1_288' title='bbox 441 1891 516 1925; x_wconf 78' lang='grc' dir='ltr'><strong>Μηδὲ</strong></span> <span class='ocrx_word' id='word_1_289' title='bbox 528 1891 583 1926; x_wconf 71' lang='grc'><strong>(68)</strong></span> <span class='ocrx_word' id='word_1_290' title='bbox 592 1892 646 1926; x_wconf 84' lang='grc' dir='ltr'>γὰρ</span> <span class='ocrx_word' id='word_1_291' title='bbox 657 1893 696 1918; x_wconf 76' lang='grc' dir='ltr'><strong>ὅτι</strong></span> <span class='ocrx_word' id='word_1_292' title='bbox 708 1892 844 1925; x_wconf 76' lang='grc' dir='ltr'>ταπεινὸς,</span> 
     </span>
    </p>
   </div>
   <div class='ocr_carea' id='block_1_38' title="bbox 65 1937 843 1974">
    <p class='ocr_par' dir='ltr' id='par_1_38' title="bbox 65 1937 843 1974">
     <span class='ocr_line' id='line_1_38' title="bbox 65 1937 843 1974; baseline 0.005 -13"><span class='ocrx_word' id='word_1_293' title='bbox 65 1938 143 1969; x_wconf 73' lang='grc' dir='ltr'>φησὶν,</span> <span class='ocrx_word' id='word_1_294' title='bbox 168 1937 319 1972; x_wconf 81' lang='grc' dir='ltr'>ἀθυμείτω,</span> <span class='ocrx_word' id='word_1_295' title='bbox 346 1937 384 1969; x_wconf 87' lang='grc' dir='ltr'>ὡς</span> <span class='ocrx_word' id='word_1_296' title='bbox 420 1938 450 1964; x_wconf 85' lang='grc' dir='ltr'>ὲν</span> <span class='ocrx_word' id='word_1_297' title='bbox 475 1938 556 1972; x_wconf 77' lang='grc' dir='ltr'>πενίᾳ</span> <span class='ocrx_word' id='word_1_298' title='bbox 580 1937 758 1973; x_wconf 80' lang='grc' dir='ltr'>τρυχόμενος,</span> <span class='ocrx_word' id='word_1_299' title='bbox 775 1938 791 1973; x_wconf 87' lang='grc' dir='ltr'>ἢ</span> <span class='ocrx_word' id='word_1_300' title='bbox 810 1939 843 1974; x_wconf 84' lang='grc' dir='ltr'>τῇ</span> 
     </span>
    </p>
   </div>
   <div class='ocr_carea' id='block_1_39' title="bbox 66 1982 844 2019">
    <p class='ocr_par' dir='ltr' id='par_1_39' title="bbox 66 1982 844 2019">
     <span class='ocr_line' id='line_1_39' title="bbox 66 1982 844 2019; baseline 0.004 -12"><span class='ocrx_word' id='word_1_301' title='bbox 66 1982 129 2016; x_wconf 71' lang='grc' dir='ltr'>παρὰ</span> <span class='ocrx_word' id='word_1_302' title='bbox 141 1983 193 2010; x_wconf 85' lang='grc' dir='ltr'><strong>τῶν</strong></span> <span class='ocrx_word' id='word_1_303' title='bbox 220 1982 374 2018; x_wconf 73' lang='grc' dir='ltr'>ἀνθρώπων</span> <span class='ocrx_word' id='word_1_304' title='bbox 399 1983 492 2019; x_wconf 75' lang='grc' dir='ltr'><strong>ἀδοξίᾳ</strong></span> <span class='ocrx_word' id='word_1_305' title='bbox 508 1983 694 2018; x_wconf 72' lang='grc' dir='ltr'>ὑϐριζόμενος.</span> <span class='ocrx_word' id='word_1_306' title='bbox 724 1984 778 2010; x_wconf 84' lang='lat' dir='ltr'><strong>Ka&#39;t</strong></span> <span class='ocrx_word' id='word_1_307' title='bbox 790 1985 844 2019; x_wconf 83' lang='grc' dir='ltr'><strong>γὰρ</strong></span> 
     </span>
    </p>
   </div>
   <div class='ocr_carea' id='block_1_40' title="bbox 65 2029 844 2064">
    <p class='ocr_par' dir='ltr' id='par_1_40' title="bbox 65 2029 844 2064">
     <span class='ocr_line' id='line_1_40' title="bbox 65 2029 844 2064; baseline 0.005 -11"><span class='ocrx_word' id='word_1_308' title='bbox 65 2029 102 2052; x_wconf 77' lang='grc' dir='ltr'>καὶ</span> <span class='ocrx_word' id='word_1_309' title='bbox 113 2029 126 2054; x_wconf 76' lang='grc' dir='ltr'>ὁ</span> <span class='ocrx_word' id='word_1_310' title='bbox 139 2029 240 2064; x_wconf 79' lang='grc' dir='ltr'>Κύριος</span> <span class='ocrx_word' id='word_1_311' title='bbox 254 2029 332 2064; x_wconf 80' lang='grc' dir='ltr'>ἡμῶν</span> <span class='ocrx_word' id='word_1_312' title='bbox 345 2029 407 2061; x_wconf 84' lang='grc' dir='ltr'>τοὺς</span> <span class='ocrx_word' id='word_1_313' title='bbox 421 2030 566 2061; x_wconf 73' lang='grc' dir='ltr'>ταπεινοὺς</span> <span class='ocrx_word' id='word_1_314' title='bbox 586 2029 634 2056; x_wconf 78' lang='grc' dir='ltr'>καὶ</span> <span class='ocrx_word' id='word_1_315' title='bbox 652 2030 771 2062; x_wconf 83' lang='grc' dir='ltr'>εὐτελεῖς</span> <span class='ocrx_word' id='word_1_316' title='bbox 798 2032 844 2058; x_wconf 75' lang='grc' dir='ltr'><strong>καὶ</strong></span> 
     </span>
    </p>
   </div>
   <div class='ocr_carea' id='block_1_41' title="bbox 65 2070 842 2108">
    <p class='ocr_par' dir='ltr' id='par_1_41' title="bbox 65 2070 842 2108">
     <span class='ocr_line' id='line_1_41' title="bbox 65 2070 842 2108; baseline 0.008 -12"><span class='ocrx_word' id='word_1_317' title='bbox 65 2070 168 2106; x_wconf 73' lang='grc' dir='ltr'>πένητας</span> <span class='ocrx_word' id='word_1_318' title='bbox 207 2073 256 2099; x_wconf 81' lang='grc' dir='ltr'>καὶ</span> <span class='ocrx_word' id='word_1_319' title='bbox 273 2073 399 2107; x_wconf 74' lang='grc' dir='ltr'>πτωχοὺς</span> <span class='ocrx_word' id='word_1_320' title='bbox 425 2073 577 2105; x_wconf 75' lang='grc' dir='ltr'>ἐξελέξατο,</span> <span class='ocrx_word' id='word_1_321' title='bbox 591 2075 655 2106; x_wconf 81' lang='grc' dir='ltr'>τοὺς</span> <span class='ocrx_word' id='word_1_322' title='bbox 685 2075 842 2108; x_wconf 83' lang='grc' dir='ltr'>πλουσίους,</span> 
     </span>
    </p>
   </div>
   <div class='ocr_carea' id='block_1_42' title="bbox 64 2117 842 2157">
    <p class='ocr_par' dir='ltr' id='par_1_42' title="bbox 64 2117 842 2157">
     <span class='ocr_line' id='line_1_42' title="bbox 64 2117 842 2157; baseline 0.009 -15"><span class='ocrx_word' id='word_1_323' title='bbox 64 2117 101 2142; x_wconf 78' lang='grc' dir='ltr'><strong>καὶ</strong></span> <span class='ocrx_word' id='word_1_324' title='bbox 112 2117 168 2153; x_wconf 81' lang='grc' dir='ltr'>δόξῃ</span> <span class='ocrx_word' id='word_1_325' title='bbox 184 2119 234 2145; x_wconf 73' lang='grc' dir='ltr'>καὶ</span> <span class='ocrx_word' id='word_1_326' title='bbox 262 2119 336 2153; x_wconf 82' lang='grc' dir='ltr'>γένει</span> <span class='ocrx_word' id='word_1_327' title='bbox 358 2119 637 2154; x_wconf 78' lang='grc' dir='ltr'>μεγαλοφρονοῦντας,</span> <span class='ocrx_word' id='word_1_328' title='bbox 653 2122 842 2157; x_wconf 77' lang='grc' dir='ltr'>φρυάττεσθαι</span> 
     </span>
    </p>
   </div>
   <div class='ocr_carea' id='block_1_43' title="bbox 63 2161 841 2201">
    <p class='ocr_par' dir='ltr' id='par_1_43' title="bbox 63 2161 841 2201">
     <span class='ocr_line' id='line_1_43' title="bbox 63 2161 841 2201; baseline 0.012 -14"><span class='ocrx_word' id='word_1_329' title='bbox 63 2161 146 2191; x_wconf 82' lang='grc' dir='ltr'>λιπών.</span> <span class='ocrx_word' id='word_1_330' title='bbox 172 2164 278 2192; x_wconf 71' lang='grc' dir='ltr'>Οὔκουν</span> <span class='ocrx_word' id='word_1_331' title='bbox 302 2165 406 2200; x_wconf 76' lang='grc' dir='ltr'>ὀφείλει</span> <span class='ocrx_word' id='word_1_332' title='bbox 437 2174 479 2197; x_wconf 82' lang='grc' dir='ltr'><strong>τις</strong></span> <span class='ocrx_word' id='word_1_333' title='bbox 499 2165 624 2201; x_wconf 78' lang='grc' dir='ltr'><strong>ἀθυμεῖν,</strong></span> <span class='ocrx_word' id='word_1_334' title='bbox 639 2167 682 2194; x_wconf 80' lang='grc' dir='ltr'>ὃτι</span> <span class='ocrx_word' id='word_1_335' title='bbox 703 2169 841 2200; x_wconf 78' lang='grc' dir='ltr'>ταπεινὸς,</span> 
     </span>
    </p>
   </div>
   <div class='ocr_carea' id='block_1_44' title="bbox 63 2209 841 2247">
    <p class='ocr_par' dir='ltr' id='par_1_44' title="bbox 63 2209 841 2247">
     <span class='ocr_line' id='line_1_44' title="bbox 63 2209 841 2247; baseline 0.009 -12"><span class='ocrx_word' id='word_1_336' title='bbox 63 2209 215 2246; x_wconf 67' lang='grc' dir='ltr'>εὑῳροσὺνης</span> <span class='ocrx_word' id='word_1_337' title='bbox 232 2211 261 2237; x_wconf 80' lang='grc' dir='ltr'>δὲ</span> <span class='ocrx_word' id='word_1_338' title='bbox 282 2211 382 2246; x_wconf 74' lang='grc' dir='ltr'>μᾶλλον</span> <span class='ocrx_word' id='word_1_339' title='bbox 405 2212 578 2247; x_wconf 77' lang='grc' dir='ltr'>πληρούσθω,</span> <span class='ocrx_word' id='word_1_340' title='bbox 600 2214 729 2241; x_wconf 84' lang='grc' dir='ltr'>κοινωνὸν</span> <span class='ocrx_word' id='word_1_341' title='bbox 745 2216 841 2242; x_wconf 75' lang='grc' dir='ltr'>ἑαυτὸν</span> 
     </span>
    </p>
   </div>
   <div class='ocr_carea' id='block_1_45' title="bbox 63 2256 877 2308">
    <p class='ocr_par' dir='ltr' id='par_1_45' title="bbox 63 2256 877 2308">
     <span class='ocr_line' id='line_1_45' title="bbox 63 2256 877 2308; baseline 0.007 -26"><span class='ocrx_word' id='word_1_342' title='bbox 63 2256 102 2290; x_wconf 60' lang='grc' dir='ltr'><strong>καὶ</strong></span> <span class='ocrx_word' id='word_1_343' title='bbox 123 2257 232 2292; x_wconf 79' lang='grc' dir='ltr'>μέτοχον</span> <span class='ocrx_word' id='word_1_344' title='bbox 252 2257 300 2284; x_wconf 83' lang='grc' dir='ltr'><strong>τοῦ</strong></span> <span class='ocrx_word' id='word_1_345' title='bbox 314 2257 493 2284; x_wconf 74' lang='grc' dir='ltr'>ἁποστολικοῦ</span> <span class='ocrx_word' id='word_1_346' title='bbox 522 2259 603 2293; x_wconf 74' lang='grc' dir='ltr'>χοροῦ</span> <span class='ocrx_word' id='word_1_347' title='bbox 626 2259 672 2286; x_wconf 73' lang='grc' dir='ltr'>διὰ</span> <span class='ocrx_word' id='word_1_348' title='bbox 696 2260 746 2295; x_wconf 80' lang='grc' dir='ltr'>τῆς</span> <span class='ocrx_word' id='word_1_349' title='bbox 761 2261 838 2288; x_wconf 79' lang='grc' dir='ltr'>εὐτε·</span> <span class='ocrx_word' id='word_1_350' title='bbox 854 2279 877 2308; x_wconf 75' lang='lat' dir='ltr'><strong><em>D</em></strong></span> 
     </span>
     <span class='ocr_line' id='line_1_46' title="bbox 63 2299 751 2308; baseline 0 0"><span class='ocrx_word' id='word_1_351' title='bbox 63 2299 70 2308; x_wconf 57' lang='grc' dir='ltr'><strong>κ</strong></span> <span class='ocrx_word' id='word_1_352' title='bbox 90 2301 95 2308; x_wconf 93' lang='grc'><strong><em>,</em></strong></span> <span class='ocrx_word' id='word_1_353' title='bbox 173 2303 179 2308; x_wconf 94' lang='grc'>.</span> <span class='ocrx_word' id='word_1_354' title='bbox 312 2304 318 2308; x_wconf 94' lang='grc'>.</span> <span class='ocrx_word' id='word_1_355' title='bbox 425 2305 430 2308; x_wconf 91' lang='grc'>.</span> <span class='ocrx_word' id='word_1_356' title='bbox 488 2304 499 2308; x_wconf 83' lang='lat'><strong><em>_</em></strong></span> <span class='ocrx_word' id='word_1_357' title='bbox 643 2305 653 2308; x_wconf 89' lang='lat'><strong><em>_</em></strong></span> <span class='ocrx_word' id='word_1_358' title='bbox 741 2305 751 2308; x_wconf 47' lang='grc' dir='ltr'>μ</span> 
     </span>
    </p>
   </div>
   <div class='ocr_carea' id='block_1_46' title="bbox 63 2299 836 2338">
    <p class='ocr_par' dir='ltr' id='par_1_46' title="bbox 63 2299 836 2338">
     <span class='ocr_line' id='line_1_47' title="bbox 63 2299 836 2338; baseline 0.01 -12"><span class='ocrx_word' id='word_1_359' title='bbox 63 2299 126 2333; x_wconf 75' lang='grc' dir='ltr'>λείας</span> <span class='ocrx_word' id='word_1_360' title='bbox 139 2303 185 2329; x_wconf 75' lang='grc' dir='ltr'>καὶ</span> <span class='ocrx_word' id='word_1_361' title='bbox 205 2304 400 2338; x_wconf 76' lang='grc' dir='ltr'>ταπεινότητος</span> <span class='ocrx_word' id='word_1_362' title='bbox 422 2304 531 2331; x_wconf 78' lang='grc' dir='ltr'>ἐννοῶν.</span> <span class='ocrx_word' id='word_1_363' title='bbox 554 2304 622 2330; x_wconf 75' lang='grc' dir='ltr'><strong>1Λλλ“</strong></span> <span class='ocrx_word' id='word_1_364' title='bbox 643 2305 708 2337; x_wconf 71' lang='lat' dir='ltr'><strong>ista;</strong></span> <span class='ocrx_word' id='word_1_365' title='bbox 737 2305 769 2332; x_wconf 72' lang='grc' dir='ltr'>ἂν</span> <span class='ocrx_word' id='word_1_366' title='bbox 793 2315 836 2338; x_wconf 88' lang='grc' dir='ltr'><strong>τις</strong></span> 
     </span>
    </p>
   </div>
   <div class='ocr_carea' id='block_1_47' title="bbox 62 2345 835 2387">
    <p class='ocr_par' dir='ltr' id='par_1_47' title="bbox 62 2345 835 2387">
     <span class='ocr_line' id='line_1_48' title="bbox 62 2345 835 2387; baseline 0.006 -13"><span class='ocrx_word' id='word_1_367' title='bbox 62 2345 191 2383; x_wconf 73' lang='grc' dir='ltr'>ὑποφέρων</span> <span class='ocrx_word' id='word_1_368' title='bbox 209 2350 279 2384; x_wconf 67' lang='grc' dir='ltr'>ἐρεῖ,</span> <span class='ocrx_word' id='word_1_369' title='bbox 307 2349 344 2381; x_wconf 82' lang='grc' dir='ltr'>ὡς</span> <span class='ocrx_word' id='word_1_370' title='bbox 363 2349 494 2384; x_wconf 76' lang='grc' dir='ltr'>ἁρμόσειε</span> <span class='ocrx_word' id='word_1_371' title='bbox 521 2349 551 2376; x_wconf 84' lang='grc' dir='ltr'>τὸ</span> <span class='ocrx_word' id='word_1_372' title='bbox 565 2350 612 2376; x_wconf 74' lang='grc' dir='ltr'>νῦν</span> <span class='ocrx_word' id='word_1_373' title='bbox 628 2351 774 2387; x_wconf 82' lang='grc' dir='ltr'>εἰρημένον</span> <span class='ocrx_word' id='word_1_374' title='bbox 804 2353 835 2379; x_wconf 84' lang='grc' dir='ltr'><strong>οὐ</strong></span> 
     </span>
    </p>
   </div>
   <div class='ocr_carea' id='block_1_48' title="bbox 63 2393 836 2433">
    <p class='ocr_par' dir='ltr' id='par_1_48' title="bbox 63 2393 836 2433">
     <span class='ocr_line' id='line_1_49' title="bbox 63 2393 836 2433; baseline 0.008 -13"><span class='ocrx_word' id='word_1_375' title='bbox 63 2393 120 2428; x_wconf 73' lang='grc' dir='ltr'>πρὸς</span> <span class='ocrx_word' id='word_1_376' title='bbox 132 2395 192 2427; x_wconf 81' lang='grc' dir='ltr'>τοὺς</span> <span class='ocrx_word' id='word_1_377' title='bbox 218 2395 387 2431; x_wconf 82' lang='grc' dir='ltr'>ἀρχομένους</span> <span class='ocrx_word' id='word_1_378' title='bbox 401 2396 463 2422; x_wconf 67' lang='lat' dir='ltr'><strong>vita</strong></span> <span class='ocrx_word' id='word_1_379' title='bbox 487 2396 635 2428; x_wconf 71' lang='grc' dir='ltr'>πιστεύειν,</span> <span class='ocrx_word' id='word_1_380' title='bbox 650 2397 718 2425; x_wconf 84' lang='grc' dir='ltr'>ἀλλὰ</span> <span class='ocrx_word' id='word_1_381' title='bbox 735 2399 836 2433; x_wconf 84' lang='grc' dir='ltr'>μᾶλλον</span> 
     </span>
    </p>
   </div>
   <div class='ocr_carea' id='block_1_49' title="bbox 65 2439 836 2481">
    <p class='ocr_par' dir='ltr' id='par_1_49' title="bbox 65 2439 836 2481">
     <span class='ocr_line' id='line_1_50' title="bbox 65 2439 836 2481; baseline 0.008 -14"><span class='ocrx_word' id='word_1_382' title='bbox 65 2439 121 2472; x_wconf 64' lang='grc' dir='ltr'><strong>πφδς</strong></span> <span class='ocrx_word' id='word_1_383' title='bbox 134 2442 193 2474; x_wconf 72' lang='grc' dir='ltr'>τοὺς</span> <span class='ocrx_word' id='word_1_384' title='bbox 206 2443 252 2469; x_wconf 79' lang='grc' dir='ltr'>νῦν</span> <span class='ocrx_word' id='word_1_385' title='bbox 270 2443 394 2474; x_wconf 74' lang='grc' dir='ltr'>πιστούς.</span> <span class='ocrx_word' id='word_1_386' title='bbox 410 2442 493 2469; x_wconf 80' lang='grc' dir='ltr'>Οὔπω</span> <span class='ocrx_word' id='word_1_387' title='bbox 511 2443 565 2478; x_wconf 74' lang='grc' dir='ltr'><strong>γὰρ</strong></span> <span class='ocrx_word' id='word_1_388' title='bbox 585 2443 697 2475; x_wconf 80' lang='grc' dir='ltr'>ἐκείνοις</span> <span class='ocrx_word' id='word_1_389' title='bbox 711 2445 836 2481; x_wconf 78' lang='grc' dir='ltr'>λαμπρὸν</span> 
     </span>
    </p>
   </div>
   <div class='ocr_carea' id='block_1_50' title="bbox 63 2485 832 2524">
    <p class='ocr_par' dir='ltr' id='par_1_50' title="bbox 63 2485 832 2524">
     <span class='ocr_line' id='line_1_51' title="bbox 63 2485 832 2524; baseline 0.008 -12"><span class='ocrx_word' id='word_1_390' title='bbox 63 2485 123 2513; x_wconf 73' lang='grc' dir='ltr'>οὓτω</span> <span class='ocrx_word' id='word_1_391' title='bbox 139 2488 184 2514; x_wconf 75' lang='grc' dir='ltr'>καὶ</span> <span class='ocrx_word' id='word_1_392' title='bbox 212 2488 429 2524; x_wconf 74' lang='grc' dir='ltr'>ἀξιοθαύμαστον</span> <span class='ocrx_word' id='word_1_393' title='bbox 454 2489 486 2515; x_wconf 78' lang='grc' dir='ltr'>τὸ</span> <span class='ocrx_word' id='word_1_394' title='bbox 508 2490 563 2516; x_wconf 81' lang='grc' dir='ltr'>τῶν</span> <span class='ocrx_word' id='word_1_395' title='bbox 596 2491 753 2518; x_wconf 78' lang='grc' dir='ltr'>ἀποστόλων</span> <span class='ocrx_word' id='word_1_396' title='bbox 785 2493 832 2518; x_wconf 79' lang='grc' dir='ltr'><strong>ὑπ-</strong></span> 
     </span>
    </p>
   </div>
   <div class='ocr_carea' id='block_1_51' title="bbox 64 2530 835 2571">
    <p class='ocr_par' dir='ltr' id='par_1_51' title="bbox 64 2530 835 2571">
     <span class='ocr_line' id='line_1_52' title="bbox 64 2530 835 2571; baseline 0.006 -12"><span class='ocrx_word' id='word_1_397' title='bbox 64 2530 136 2566; x_wconf 77' lang='grc' dir='ltr'>ῆρχεν</span> <span class='ocrx_word' id='word_1_398' title='bbox 161 2535 280 2570; x_wconf 81' lang='grc' dir='ltr'>ἀξίωμα,</span> <span class='ocrx_word' id='word_1_399' title='bbox 299 2535 336 2566; x_wconf 84' lang='grc' dir='ltr'>ὡς</span> <span class='ocrx_word' id='word_1_400' title='bbox 361 2536 415 2562; x_wconf 74' lang='grc' dir='ltr'><strong>ἀπὸ</strong></span> <span class='ocrx_word' id='word_1_401' title='bbox 437 2535 484 2562; x_wconf 80' lang='grc' dir='ltr'><strong>τοῦ</strong></span> <span class='ocrx_word' id='word_1_402' title='bbox 499 2536 559 2562; x_wconf 85' lang='grc' dir='ltr'>κατ’</span> <span class='ocrx_word' id='word_1_403' title='bbox 579 2536 678 2568; x_wconf 78' lang='grc' dir='ltr'>αὐτοὺς</span> <span class='ocrx_word' id='word_1_404' title='bbox 705 2537 835 2571; x_wconf 79' lang='grc' dir='ltr'>παραδεί-</span> 
     </span>
    </p>
   </div>
   <div class='ocr_carea' id='block_1_52' title="bbox 64 2582 836 2617">
    <p class='ocr_par' dir='ltr' id='par_1_52' title="bbox 64 2582 836 2617">
     <span class='ocr_line' id='line_1_53' title="bbox 64 2582 836 2617; baseline 0.005 -11"><span class='ocrx_word' id='word_1_405' title='bbox 64 2584 154 2611; x_wconf 77' lang='grc' dir='ltr'>γματος</span> <span class='ocrx_word' id='word_1_406' title='bbox 178 2582 217 2613; x_wconf 80' lang='grc' dir='ltr'><strong>εἰς</strong></span> <span class='ocrx_word' id='word_1_407' title='bbox 234 2582 350 2616; x_wconf 81' lang='grc' dir='ltr'>μίμησιν</span> <span class='ocrx_word' id='word_1_408' title='bbox 362 2582 463 2617; x_wconf 76' lang='grc' dir='ltr'>ἀρετῆς</span> <span class='ocrx_word' id='word_1_409' title='bbox 486 2583 534 2609; x_wconf 79' lang='grc' dir='ltr'>καὶ</span> <span class='ocrx_word' id='word_1_410' title='bbox 556 2583 635 2617; x_wconf 80' lang='grc' dir='ltr'>ζῆλον</span> <span class='ocrx_word' id='word_1_411' title='bbox 660 2583 723 2614; x_wconf 83' lang='grc' dir='ltr'>τοὺς</span> <span class='ocrx_word' id='word_1_412' title='bbox 739 2584 836 2615; x_wconf 80' lang='grc' dir='ltr'>ἀλλους</span> 
     </span>
    </p>
   </div>
   <div class='ocr_carea' id='block_1_53' title="bbox 65 2625 835 2664">
    <p class='ocr_par' dir='ltr' id='par_1_53' title="bbox 65 2625 835 2664">
     <span class='ocr_line' id='line_1_54' title="bbox 65 2625 835 2664; baseline 0.003 -11"><span class='ocrx_word' id='word_1_413' title='bbox 65 2625 255 2657; x_wconf 76' lang='grc' dir='ltr'>προκαλεῖσθαι.</span> <span class='ocrx_word' id='word_1_414' title='bbox 290 2628 374 2654; x_wconf 75' lang='grc' dir='ltr'><strong>Οὐδὲν</strong></span> <span class='ocrx_word' id='word_1_415' title='bbox 398 2628 427 2654; x_wconf 70' lang='grc' dir='ltr'>δὲ</span> <span class='ocrx_word' id='word_1_416' title='bbox 456 2629 510 2664; x_wconf 82' lang='grc' dir='ltr'>ἄρα</span> <span class='ocrx_word' id='word_1_417' title='bbox 538 2628 615 2654; x_wconf 76' lang='grc' dir='ltr'>τοῦτο</span> <span class='ocrx_word' id='word_1_418' title='bbox 643 2628 752 2656; x_wconf 82' lang='grc' dir='ltr'>κωλύει.</span> <span class='ocrx_word' id='word_1_419' title='bbox 780 2630 835 2656; x_wconf 68' lang='grc' dir='ltr'><strong>Καὶ</strong></span> 
     </span>
    </p>
   </div>
   <div class='ocr_carea' id='block_1_54' title="bbox 66 2670 834 2710">
    <p class='ocr_par' dir='ltr' id='par_1_54' title="bbox 66 2670 834 2710">
     <span class='ocr_line' id='line_1_55' title="bbox 66 2670 834 2710; baseline 0.003 -11"><span class='ocrx_word' id='word_1_420' title='bbox 66 2670 109 2705; x_wconf 67' lang='grc' dir='ltr'>γᾶρ</span> <span class='ocrx_word' id='word_1_421' title='bbox 126 2673 169 2698; x_wconf 69' lang='grc' dir='ltr'>καὶ</span> <span class='ocrx_word' id='word_1_422' title='bbox 181 2674 241 2700; x_wconf 75' lang='grc' dir='ltr'>τότε</span> <span class='ocrx_word' id='word_1_423' title='bbox 270 2674 360 2700; x_wconf 82' lang='grc' dir='ltr'>αὐτῶν</span> <span class='ocrx_word' id='word_1_424' title='bbox 375 2674 406 2700; x_wconf 85' lang='grc' dir='ltr'>τὸ</span> <span class='ocrx_word' id='word_1_425' title='bbox 431 2674 480 2708; x_wconf 81' lang='grc' dir='ltr'>τῆς</span> <span class='ocrx_word' id='word_1_426' title='bbox 500 2674 600 2709; x_wconf 80' lang='grc' dir='ltr'>ἀρετῆς</span> <span class='ocrx_word' id='word_1_427' title='bbox 626 2674 740 2708; x_wconf 75' lang='grc' dir='ltr'>μέγεθος</span> <span class='ocrx_word' id='word_1_428' title='bbox 773 2684 834 2710; x_wconf 80' lang='grc' dir='ltr'>σχε-</span> 
     </span>
    </p>
   </div>
   <div class='ocr_carea' id='block_1_55' title="bbox 65 2714 837 2754">
    <p class='ocr_par' dir='ltr' id='par_1_55' title="bbox 65 2714 837 2754">
     <span class='ocr_line' id='line_1_56' title="bbox 65 2714 837 2754; baseline 0.008 -10"><span class='ocrx_word' id='word_1_429' title='bbox 65 2714 101 2740; x_wconf 58' lang='grc' dir='ltr'><strong>δὸν</strong></span> <span class='ocrx_word' id='word_1_430' title='bbox 122 2718 213 2746; x_wconf 73' lang='grc' dir='ltr'>οὐδένα</span> <span class='ocrx_word' id='word_1_431' title='bbox 235 2720 397 2753; x_wconf 72' lang='grc' dir='ltr'>ἐλάνθανεν,</span> <span class='ocrx_word' id='word_1_432' title='bbox 417 2720 518 2754; x_wconf 76' lang='grc' dir='ltr'>ὄπουγε</span> <span class='ocrx_word' id='word_1_433' title='bbox 545 2721 592 2748; x_wconf 69' lang='grc' dir='ltr'>καὶ</span> <span class='ocrx_word' id='word_1_434' title='bbox 619 2721 724 2753; x_wconf 78' lang='grc' dir='ltr'>θυσίαις</span> <span class='ocrx_word' id='word_1_435' title='bbox 739 2722 837 2754; x_wconf 76' lang='grc' dir='ltr'>αὐτοὺς</span> 
     </span>
    </p>
   </div>
   <div class='ocr_carea' id='block_1_56' title="bbox 92 2760 494 2801">
    <p class='ocr_par' dir='ltr' id='par_1_56' title="bbox 92 2760 494 2801">
     <span class='ocr_line' id='line_1_57' title="bbox 92 2760 494 2801; baseline 0.01 -9"><span class='ocrx_word' id='word_1_436' title='bbox 92 2760 111 2773; x_wconf 81' lang='grc'><strong>⁸³</strong></span> <span class='ocrx_word' id='word_1_437' title='bbox 121 2764 196 2794; x_wconf 80' lang='lat' dir='ltr'><strong>Rom.</strong></span> <span class='ocrx_word' id='word_1_438' title='bbox 214 2776 232 2799; x_wconf 86' lang='lat' dir='ltr'><strong>I,</strong></span> <span class='ocrx_word' id='word_1_439' title='bbox 252 2768 280 2795; x_wconf 87' lang='lat'><strong>5.</strong></span> <span class='ocrx_word' id='word_1_440' title='bbox 314 2768 338 2784; x_wconf 73' lang='lat'><strong>°’</strong></span> <span class='ocrx_word' id='word_1_441' title='bbox 353 2768 411 2796; x_wconf 82' lang='lat' dir='ltr'><strong>Jac.</strong></span> <span class='ocrx_word' id='word_1_442' title='bbox 429 2775 447 2801; x_wconf 83' lang='grc' dir='ltr'><strong>ι,</strong></span> <span class='ocrx_word' id='word_1_443' title='bbox 468 2770 494 2796; x_wconf 82' lang='lat'><strong>9.</strong></span> 
     </span>
    </p>
   </div>
   <div class='ocr_carea' id='block_1_57' title="bbox 513 189 1218 225">
    <p class='ocr_par' dir='ltr' id='par_1_57' title="bbox 513 189 1218 225">
     <span class='ocr_line' id='line_1_58' title="bbox 513 189 1218 225; baseline 0.006 -7"><span class='ocrx_word' id='word_1_444' title='bbox 513 189 562 219; x_wconf 78' lang='lat' dir='ltr'><strong>AD</strong></span> <span class='ocrx_word' id='word_1_445' title='bbox 572 189 867 220; x_wconf 75' lang='lat' dir='ltr'><strong>AMPIIILOCHIUM</strong></span> <span class='ocrx_word' id='word_1_446' title='bbox 877 190 1050 225; x_wconf 64' lang='lat' dir='ltr'><strong>QUAESTIO</strong></span> <span class='ocrx_word' id='word_1_447' title='bbox 1065 192 1218 222; x_wconf 79' lang='lat' dir='ltr'><strong>CXXXVI.</strong></span> 
     </span>
    </p>
   </div>
   <div class='ocr_carea' id='block_1_58' title="bbox 1625 189 1680 222">
    <p class='ocr_par' dir='ltr' id='par_1_58' title="bbox 1625 189 1680 222">
     <span class='ocr_line' id='line_1_59' title="bbox 1625 189 1680 222; baseline 0.018 -1"><span class='ocrx_word' id='word_1_448' title='bbox 1625 189 1680 222; x_wconf 67' lang='grc'><strong>’154</strong></span> 
     </span>
    </p>
   </div>
   <div class='ocr_carea' id='block_1_59' title="bbox 894 246 1683 280">
    <p class='ocr_par' dir='ltr' id='par_1_59' title="bbox 894 246 1683 280">
     <span class='ocr_line' id='line_1_60' title="bbox 894 246 1683 280; baseline 0.003 -10"><span class='ocrx_word' id='word_1_449' title='bbox 894 254 956 273; x_wconf 75' lang='lat' dir='ltr'><strong>cum</strong></span> <span class='ocrx_word' id='word_1_450' title='bbox 972 250 1006 274; x_wconf 83' lang='lat' dir='ltr'><strong>ab</strong></span> <span class='ocrx_word' id='word_1_451' title='bbox 1022 247 1084 274; x_wconf 85' lang='lat' dir='ltr'><strong>aliis</strong></span> <span class='ocrx_word' id='word_1_452' title='bbox 1098 248 1226 274; x_wconf 86' lang='lat' dir='ltr'><strong>omnibus</strong></span> <span class='ocrx_word' id='word_1_453' title='bbox 1238 246 1382 280; x_wconf 76' lang='lat' dir='ltr'><strong>distinguit</strong></span> <span class='ocrx_word' id='word_1_454' title='bbox 1395 250 1423 273; x_wconf 89' lang='lat' dir='ltr'><strong>et</strong></span> <span class='ocrx_word' id='word_1_455' title='bbox 1435 250 1543 280; x_wconf 82' lang='lat' dir='ltr'><strong>separat</strong></span> <span class='ocrx_word' id='word_1_456' title='bbox 1556 265 1564 278; x_wconf 86' lang='lat'><strong><em>,</em></strong></span> <span class='ocrx_word' id='word_1_457' title='bbox 1583 246 1683 279; x_wconf 74' lang='lat' dir='ltr'><strong>qHIblli</strong></span> 
     </span>
    </p>
   </div>
   <div class='ocr_carea' id='block_1_60' title="bbox 896 291 1685 328">
    <p class='ocr_par' dir='ltr' id='par_1_60' title="bbox 896 291 1685 328">
     <span class='ocr_line' id='line_1_61' title="bbox 896 291 1685 328; baseline 0 -10"><span class='ocrx_word' id='word_1_458' title='bbox 896 292 965 319; x_wconf 87' lang='lat' dir='ltr'><strong>ﬁlios</strong></span> <span class='ocrx_word' id='word_1_459' title='bbox 979 291 1024 319; x_wconf 90' lang='lat' dir='ltr'><strong>Dci</strong></span> <span class='ocrx_word' id='word_1_460' title='bbox 1045 293 1175 327; x_wconf 85' lang='lat' dir='ltr'><strong>appellari</strong></span> <span class='ocrx_word' id='word_1_461' title='bbox 1190 300 1222 320; x_wconf 85' lang='lat' dir='ltr'><strong>ex</strong></span> <span class='ocrx_word' id='word_1_462' title='bbox 1238 293 1324 328; x_wconf 77' lang='lat' dir='ltr'><strong>gratia</strong></span> <span class='ocrx_word' id='word_1_463' title='bbox 1340 291 1464 326; x_wconf 73' lang='lat' dir='ltr'><strong>contigit.</strong></span> <span class='ocrx_word' id='word_1_464' title='bbox 1483 291 1546 318; x_wconf 64' lang='lat' dir='ltr'><strong>Haec</strong></span> <span class='ocrx_word' id='word_1_465' title='bbox 1564 292 1685 319; x_wconf 86' lang='lat' dir='ltr'><strong>ostendit</strong></span> 
     </span>
    </p>
   </div>
   <div class='ocr_carea' id='block_1_61' title="bbox 895 337 1683 370">
    <p class='ocr_par' dir='ltr' id='par_1_61' title="bbox 895 337 1683 370">
     <span class='ocr_line' id='line_1_62' title="bbox 895 337 1683 370; baseline 0 -6"><span class='ocrx_word' id='word_1_466' title='bbox 895 342 922 364; x_wconf 84' lang='lat' dir='ltr'><strong>et</strong></span> <span class='ocrx_word' id='word_1_467' title='bbox 937 337 1016 365; x_wconf 86' lang='lat' dir='ltr'><strong>docet</strong></span> <span class='ocrx_word' id='word_1_468' title='bbox 1034 346 1150 370; x_wconf 89' lang='lat' dir='ltr'><strong>omnes,</strong></span> <span class='ocrx_word' id='word_1_469' title='bbox 1172 346 1234 365; x_wconf 91' lang='lat' dir='ltr'><strong>eum</strong></span> <span class='ocrx_word' id='word_1_470' title='bbox 1257 346 1321 366; x_wconf 83' lang='lat' dir='ltr'><strong>vere</strong></span> <span class='ocrx_word' id='word_1_471' title='bbox 1346 343 1373 365; x_wconf 85' lang='lat' dir='ltr'><strong>et</strong></span> <span class='ocrx_word' id='word_1_472' title='bbox 1398 344 1495 365; x_wconf 85' lang='lat' dir='ltr'><strong>natura</strong></span> <span class='ocrx_word' id='word_1_473' title='bbox 1518 345 1568 366; x_wconf 79' lang='lat' dir='ltr'><strong>sua</strong></span> <span class='ocrx_word' id='word_1_474' title='bbox 1583 337 1683 364; x_wconf 84' lang='lat' dir='ltr'><strong>Filium</strong></span> 
     </span>
    </p>
   </div>
   <div class='ocr_carea' id='block_1_62' title="bbox 896 383 1684 418">
    <p class='ocr_par' dir='ltr' id='par_1_62' title="bbox 896 383 1684 418">
     <span class='ocr_line' id='line_1_63' title="bbox 896 383 1684 418; baseline 0.003 -8"><span class='ocrx_word' id='word_1_475' title='bbox 896 383 943 411; x_wconf 91' lang='lat' dir='ltr'><strong>Dei</strong></span> <span class='ocrx_word' id='word_1_476' title='bbox 957 389 984 411; x_wconf 87' lang='lat' dir='ltr'><strong>et</strong></span> <span class='ocrx_word' id='word_1_477' title='bbox 999 384 1082 412; x_wconf 85' lang='lat' dir='ltr'><strong>Deum</strong></span> <span class='ocrx_word' id='word_1_478' title='bbox 1103 392 1173 412; x_wconf 88' lang='lat' dir='ltr'><strong>esse.</strong></span> <span class='ocrx_word' id='word_1_479' title='bbox 1198 384 1268 412; x_wconf 82' lang='lat' dir='ltr'><strong>Hinc</strong></span> <span class='ocrx_word' id='word_1_480' title='bbox 1284 384 1405 415; x_wconf 83' lang='lat' dir='ltr'><strong>scilicet,</strong></span> <span class='ocrx_word' id='word_1_481' title='bbox 1427 388 1509 418; x_wconf 85' lang='lat' dir='ltr'><strong>atque</strong></span> <span class='ocrx_word' id='word_1_482' title='bbox 1543 383 1612 411; x_wconf 89' lang='lat' dir='ltr'><strong>adeo</strong></span> <span class='ocrx_word' id='word_1_483' title='bbox 1628 391 1684 412; x_wconf 89' lang='lat' dir='ltr'><strong>non</strong></span> 
     </span>
    </p>
   </div>
   <div class='ocr_carea' id='block_1_63' title="bbox 895 429 1683 465">
    <p class='ocr_par' dir='ltr' id='par_1_63' title="bbox 895 429 1683 465">
     <span class='ocr_line' id='line_1_64' title="bbox 895 429 1683 465; baseline 0 -9"><span class='ocrx_word' id='word_1_484' title='bbox 895 437 929 457; x_wconf 72' lang='lat' dir='ltr'><strong>ex</strong></span> <span class='ocrx_word' id='word_1_485' title='bbox 945 430 1017 457; x_wconf 88' lang='lat' dir='ltr'><strong>nuda</strong></span> <span class='ocrx_word' id='word_1_486' title='bbox 1033 431 1149 465; x_wconf 85' lang='lat' dir='ltr'><strong>quadam</strong></span> <span class='ocrx_word' id='word_1_487' title='bbox 1167 432 1314 458; x_wconf 82' lang='lat' dir='ltr'><strong>verborum</strong></span> <span class='ocrx_word' id='word_1_488' title='bbox 1340 429 1502 464; x_wconf 85' lang='lat' dir='ltr'><strong>obliquitate</strong></span> <span class='ocrx_word' id='word_1_489' title='bbox 1516 449 1524 461; x_wconf 88' lang='lat'>,</span> <span class='ocrx_word' id='word_1_490' title='bbox 1545 429 1593 456; x_wconf 88' lang='lat' dir='ltr'><strong>sed</strong></span> <span class='ocrx_word' id='word_1_491' title='bbox 1609 433 1683 456; x_wconf 77' lang='lat' dir='ltr'><strong>recta</strong></span> 
     </span>
    </p>
   </div>
   <div class='ocr_carea' id='block_1_64' title="bbox 896 475 1684 511">
    <p class='ocr_par' dir='ltr' id='par_1_64' title="bbox 896 475 1684 511">
     <span class='ocr_line' id='line_1_65' title="bbox 896 475 1684 511; baseline 0 -10"><span class='ocrx_word' id='word_1_492' title='bbox 896 476 988 509; x_wconf 84' lang='lat' dir='ltr'><strong>potius</strong></span> <span class='ocrx_word' id='word_1_493' title='bbox 1003 476 1044 502; x_wconf 85' lang='lat' dir='ltr'><strong>via</strong></span> <span class='ocrx_word' id='word_1_494' title='bbox 1055 496 1062 507; x_wconf 86' lang='lat'><strong><em>,</em></strong></span> <span class='ocrx_word' id='word_1_495' title='bbox 1080 476 1103 503; x_wconf 88' lang='lat' dir='ltr'><strong>si</strong></span> <span class='ocrx_word' id='word_1_496' title='bbox 1116 476 1224 511; x_wconf 75' lang='lat' dir='ltr'><strong>singula</strong></span> <span class='ocrx_word' id='word_1_497' title='bbox 1248 476 1300 504; x_wconf 84' lang='lat' dir='ltr'><strong>sibi</strong></span> <span class='ocrx_word' id='word_1_498' title='bbox 1314 476 1432 503; x_wconf 84' lang='lat' dir='ltr'><strong>invicem</strong></span> <span class='ocrx_word' id='word_1_499' title='bbox 1447 476 1600 510; x_wconf 75' lang='lat' dir='ltr'><strong>jnngantur</strong></span> <span class='ocrx_word' id='word_1_500' title='bbox 1611 493 1620 507; x_wconf 87' lang='lat'><strong><em>,</em></strong></span> <span class='ocrx_word' id='word_1_501' title='bbox 1635 475 1684 502; x_wconf 80' lang='lat' dir='ltr'><strong>de-</strong></span> 
     </span>
    </p>
   </div>
   <div class='ocr_carea' id='block_1_65' title="bbox 896 520 1683 555">
    <p class='ocr_par' dir='ltr' id='par_1_65' title="bbox 896 520 1683 555">
     <span class='ocr_line' id='line_1_66' title="bbox 896 520 1683 555; baseline 0 -8"><span class='ocrx_word' id='word_1_502' title='bbox 896 520 974 547; x_wconf 81' lang='lat' dir='ltr'><strong>ﬁnire</strong></span> <span class='ocrx_word' id='word_1_503' title='bbox 992 526 1020 547; x_wconf 82' lang='lat' dir='ltr'><strong>et</strong></span> <span class='ocrx_word' id='word_1_504' title='bbox 1036 521 1226 549; x_wconf 83' lang='lat' dir='ltr'><strong>demonstrare</strong></span> <span class='ocrx_word' id='word_1_505' title='bbox 1240 521 1318 552; x_wconf 90' lang='lat' dir='ltr'><strong>licet.</strong></span> <span class='ocrx_word' id='word_1_506' title='bbox 1338 529 1421 555; x_wconf 79' lang='lat' dir='ltr'><strong>quam</strong></span> <span class='ocrx_word' id='word_1_507' title='bbox 1441 520 1579 548; x_wconf 90' lang='lat' dir='ltr'><strong>eminente</strong></span> <span class='ocrx_word' id='word_1_508' title='bbox 1598 527 1683 548; x_wconf 88' lang='lat' dir='ltr'><strong>sensu</strong></span> 
     </span>
    </p>
   </div>
   <div class='ocr_carea' id='block_1_66' title="bbox 899 563 1684 598">
    <p class='ocr_par' dir='ltr' id='par_1_66' title="bbox 899 563 1684 598">
     <span class='ocr_line' id='line_1_67' title="bbox 899 563 1684 598; baseline 0.001 -8"><span class='ocrx_word' id='word_1_509' title='bbox 899 564 1027 591; x_wconf 77' lang='lat' dir='ltr'><strong>Christus</strong></span> <span class='ocrx_word' id='word_1_510' title='bbox 1042 569 1069 591; x_wconf 91' lang='lat' dir='ltr'><strong>et</strong></span> <span class='ocrx_word' id='word_1_511' title='bbox 1086 563 1157 592; x_wconf 86' lang='lat' dir='ltr'><strong>Deus</strong></span> <span class='ocrx_word' id='word_1_512' title='bbox 1175 569 1268 592; x_wconf 87' lang='lat' dir='ltr'><strong>noster</strong></span> <span class='ocrx_word' id='word_1_513' title='bbox 1280 564 1365 592; x_wconf 88' lang='lat' dir='ltr'><strong>Filius</strong></span> <span class='ocrx_word' id='word_1_514' title='bbox 1381 565 1417 592; x_wconf 82' lang='lat' dir='ltr'><strong>sit</strong></span> <span class='ocrx_word' id='word_1_515' title='bbox 1440 563 1488 591; x_wconf 88' lang='lat' dir='ltr'><strong>Dei</strong></span> <span class='ocrx_word' id='word_1_516' title='bbox 1499 584 1507 596; x_wconf 91' lang='lat'><strong><em>,</em></strong></span> <span class='ocrx_word' id='word_1_517' title='bbox 1533 564 1684 598; x_wconf 83' lang='lat' dir='ltr'><strong>eademque</strong></span> 
     </span>
    </p>
   </div>
   <div class='ocr_carea' id='block_1_67' title="bbox 895 609 1685 644">
    <p class='ocr_par' dir='ltr' id='par_1_67' title="bbox 895 609 1685 644">
     <span class='ocr_line' id='line_1_68' title="bbox 895 609 1685 644; baseline 0 -8"><span class='ocrx_word' id='word_1_518' title='bbox 895 618 978 644; x_wconf 78' lang='lat' dir='ltr'><strong>opera</strong></span> <span class='ocrx_word' id='word_1_519' title='bbox 992 618 1089 644; x_wconf 82' lang='lat' dir='ltr'><strong>puram</strong></span> <span class='ocrx_word' id='word_1_520' title='bbox 1112 615 1139 637; x_wconf 81' lang='lat' dir='ltr'><strong>et</strong></span> <span class='ocrx_word' id='word_1_521' title='bbox 1163 610 1318 637; x_wconf 91' lang='lat' dir='ltr'><strong>distinctam</strong></span> <span class='ocrx_word' id='word_1_522' title='bbox 1344 610 1405 644; x_wconf 91' lang='lat' dir='ltr'><strong>ejus</strong></span> <span class='ocrx_word' id='word_1_523' title='bbox 1419 609 1606 644; x_wconf 72' lang='lat' dir='ltr'><strong>cognitionem</strong></span> <span class='ocrx_word' id='word_1_524' title='bbox 1625 616 1685 636; x_wconf 87' lang='lat' dir='ltr'><strong>cre-</strong></span> 
     </span>
    </p>
   </div>
   <div class='ocr_carea' id='block_1_68' title="bbox 895 653 1685 689">
    <p class='ocr_par' dir='ltr' id='par_1_68' title="bbox 895 653 1685 689">
     <span class='ocr_line' id='line_1_69' title="bbox 895 653 1685 689; baseline 0 -7"><span class='ocrx_word' id='word_1_525' title='bbox 895 653 1023 682; x_wconf 77' lang='lat' dir='ltr'><strong>dentibus</strong></span> <span class='ocrx_word' id='word_1_526' title='bbox 1040 655 1227 689; x_wconf 83' lang='lat' dir='ltr'><strong>suppeditare.</strong></span> <span class='ocrx_word' id='word_1_527' title='bbox 1251 654 1279 682; x_wconf 91' lang='lat' dir='ltr'><strong>Si</strong></span> <span class='ocrx_word' id='word_1_528' title='bbox 1295 655 1359 689; x_wconf 88' lang='lat' dir='ltr'><strong>quis</strong></span> <span class='ocrx_word' id='word_1_529' title='bbox 1372 655 1448 682; x_wconf 85' lang='lat' dir='ltr'><strong>verbi</strong></span> <span class='ocrx_word' id='word_1_530' title='bbox 1464 662 1548 682; x_wconf 80' lang='lat' dir='ltr'><strong>causa</strong></span> <span class='ocrx_word' id='word_1_531' title='bbox 1565 654 1685 682; x_wconf 82' lang='lat' dir='ltr'><strong>interro—</strong></span> 
     </span>
    </p>
   </div>
   <div class='ocr_carea' id='block_1_69' title="bbox 895 699 1684 734">
    <p class='ocr_par' dir='ltr' id='par_1_69' title="bbox 895 699 1684 734">
     <span class='ocr_line' id='line_1_70' title="bbox 895 699 1684 734; baseline 0 -8"><span class='ocrx_word' id='word_1_532' title='bbox 895 704 972 733; x_wconf 73' lang='lat' dir='ltr'><strong>getur</strong></span> <span class='ocrx_word' id='word_1_533' title='bbox 988 708 994 726; x_wconf 90' lang='lat'><strong>:</strong></span> <span class='ocrx_word' id='word_1_534' title='bbox 1008 699 1079 732; x_wconf 85' lang='lat' dir='ltr'><strong>Quid</strong></span> <span class='ocrx_word' id='word_1_535' title='bbox 1099 704 1142 728; x_wconf 88' lang='lat' dir='ltr'><strong>est</strong></span> <span class='ocrx_word' id='word_1_536' title='bbox 1154 699 1299 727; x_wconf 87' lang='lat' dir='ltr'><strong>Christus?</strong></span> <span class='ocrx_word' id='word_1_537' title='bbox 1317 699 1396 727; x_wconf 77' lang='lat' dir='ltr'><strong>facile</strong></span> <span class='ocrx_word' id='word_1_538' title='bbox 1411 699 1450 726; x_wconf 89' lang='lat' dir='ltr'><strong>illi</strong></span> <span class='ocrx_word' id='word_1_539' title='bbox 1466 705 1493 727; x_wconf 89' lang='lat' dir='ltr'><strong>et</strong></span> <span class='ocrx_word' id='word_1_540' title='bbox 1514 699 1542 726; x_wconf 92' lang='lat' dir='ltr'><strong>in</strong></span> <span class='ocrx_word' id='word_1_541' title='bbox 1556 703 1684 734; x_wconf 84' lang='lat' dir='ltr'><strong>promptu</strong></span> 
     </span>
    </p>
   </div>
   <div class='ocr_carea' id='block_1_70' title="bbox 895 745 1686 781">
    <p class='ocr_par' dir='ltr' id='par_1_70' title="bbox 895 745 1686 781">
     <span class='ocr_line' id='line_1_71' title="bbox 895 745 1686 781; baseline 0.001 -9"><span class='ocrx_word' id='word_1_542' title='bbox 895 745 978 773; x_wconf 83' lang='lat' dir='ltr'><strong>tuerit</strong></span> <span class='ocrx_word' id='word_1_543' title='bbox 994 746 1161 781; x_wconf 85' lang='lat' dir='ltr'><strong>respondere</strong></span> <span class='ocrx_word' id='word_1_544' title='bbox 1184 755 1190 773; x_wconf 88' lang='lat'><strong>:</strong></span> <span class='ocrx_word' id='word_1_545' title='bbox 1213 746 1342 773; x_wconf 73' lang='lat' dir='ltr'><strong>Christus</strong></span> <span class='ocrx_word' id='word_1_546' title='bbox 1357 749 1400 774; x_wconf 85' lang='lat' dir='ltr'><strong>est</strong></span> <span class='ocrx_word' id='word_1_547' title='bbox 1412 766 1420 779; x_wconf 86' lang='lat'><em>,</em></span> <span class='ocrx_word' id='word_1_548' title='bbox 1444 745 1491 780; x_wconf 90' lang='lat' dir='ltr'><strong>qui</strong></span> <span class='ocrx_word' id='word_1_549' title='bbox 1507 753 1523 772; x_wconf 86' lang='lat' dir='ltr'><strong>a</strong></span> <span class='ocrx_word' id='word_1_550' title='bbox 1543 745 1686 780; x_wconf 78' lang='lat' dir='ltr'><strong>prophetis</strong></span> 
     </span>
    </p>
   </div>
   <div class='ocr_carea' id='block_1_71' title="bbox 893 792 1684 828">
    <p class='ocr_par' dir='ltr' id='par_1_71' title="bbox 893 792 1684 828">
     <span class='ocr_line' id='line_1_72' title="bbox 893 792 1684 828; baseline 0 -10"><span class='ocrx_word' id='word_1_551' title='bbox 893 792 1005 826; x_wconf 79' lang='lat' dir='ltr'><strong>quidem</strong></span> <span class='ocrx_word' id='word_1_552' title='bbox 1017 792 1229 828; x_wconf 63' lang='lat' dir='ltr'><strong>praenuntiatus,</strong></span> <span class='ocrx_word' id='word_1_553' title='bbox 1244 796 1272 820; x_wconf 92' lang='lat' dir='ltr'><strong>et</strong></span> <span class='ocrx_word' id='word_1_554' title='bbox 1287 792 1438 820; x_wconf 86' lang='lat' dir='ltr'><strong>secundum</strong></span> <span class='ocrx_word' id='word_1_555' title='bbox 1456 799 1567 819; x_wconf 79' lang='lat' dir='ltr'><strong>carnem</strong></span> <span class='ocrx_word' id='word_1_556' title='bbox 1587 799 1621 819; x_wconf 84' lang='lat' dir='ltr'><strong>ex</strong></span> <span class='ocrx_word' id='word_1_557' title='bbox 1636 799 1684 819; x_wconf 85' lang='lat' dir='ltr'><strong>se-</strong></span> 
     </span>
    </p>
   </div>
   <div class='ocr_carea' id='block_1_72' title="bbox 894 837 1683 873">
    <p class='ocr_par' dir='ltr' id='par_1_72' title="bbox 894 837 1683 873">
     <span class='ocr_line' id='line_1_73' title="bbox 894 837 1683 873; baseline -0.001 -9"><span class='ocrx_word' id='word_1_558' title='bbox 894 838 968 865; x_wconf 88' lang='lat' dir='ltr'><strong>mine</strong></span> <span class='ocrx_word' id='word_1_559' title='bbox 982 837 1093 866; x_wconf 87' lang='lat' dir='ltr'><strong>Davidis</strong></span> <span class='ocrx_word' id='word_1_560' title='bbox 1113 838 1223 873; x_wconf 73' lang='lat' dir='ltr'><strong>genitus</strong></span> <span class='ocrx_word' id='word_1_561' title='bbox 1237 858 1245 871; x_wconf 86' lang='lat'><strong>,</strong></span> <span class='ocrx_word' id='word_1_562' title='bbox 1267 837 1389 873; x_wconf 87' lang='lat' dir='ltr'><strong>potentia</strong></span> <span class='ocrx_word' id='word_1_563' title='bbox 1404 845 1454 865; x_wconf 88' lang='lat' dir='ltr'><strong>sua</strong></span> <span class='ocrx_word' id='word_1_564' title='bbox 1468 837 1683 872; x_wconf 85' lang='lat' dir='ltr'><strong>supernaturali,</strong></span> 
     </span>
    </p>
   </div>
   <div class='ocr_carea' id='block_1_73' title="bbox 895 881 1686 918">
    <p class='ocr_par' dir='ltr' id='par_1_73' title="bbox 895 881 1686 918">
     <span class='ocr_line' id='line_1_74' title="bbox 895 881 1686 918; baseline 0 -9"><span class='ocrx_word' id='word_1_565' title='bbox 895 882 1036 917; x_wconf 77' lang='lat' dir='ltr'><strong>sanctique</strong></span> <span class='ocrx_word' id='word_1_566' title='bbox 1050 881 1170 918; x_wconf 87' lang='lat' dir='ltr'><strong>Spiritus</strong></span> <span class='ocrx_word' id='word_1_567' title='bbox 1187 882 1270 917; x_wconf 80' lang='lat' dir='ltr'><strong>largis</strong></span> <span class='ocrx_word' id='word_1_568' title='bbox 1284 886 1313 909; x_wconf 89' lang='lat' dir='ltr'><strong>et</strong></span> <span class='ocrx_word' id='word_1_569' title='bbox 1336 882 1451 909; x_wconf 87' lang='lat' dir='ltr'><strong>inﬁnitis</strong></span> <span class='ocrx_word' id='word_1_570' title='bbox 1466 882 1545 909; x_wconf 87' lang='lat' dir='ltr'><strong>donis</strong></span> <span class='ocrx_word' id='word_1_571' title='bbox 1565 882 1686 909; x_wconf 85' lang='lat' dir='ltr'><strong>humano</strong></span> 
     </span>
    </p>
   </div>
   <div class='ocr_carea' id='block_1_74' title="bbox 892 927 1685 964">
    <p class='ocr_par' dir='ltr' id='par_1_74' title="bbox 892 927 1685 964">
     <span class='ocr_line' id='line_1_75' title="bbox 892 927 1685 964; baseline -0.004 -7"><span class='ocrx_word' id='word_1_572' title='bbox 892 928 984 964; x_wconf 70' lang='lat' dir='ltr'><strong>generi</strong></span> <span class='ocrx_word' id='word_1_573' title='bbox 1004 928 1148 961; x_wconf 82' lang='lat' dir='ltr'><strong>benefecit,</strong></span> <span class='ocrx_word' id='word_1_574' title='bbox 1165 933 1192 955; x_wconf 90' lang='lat' dir='ltr'><strong>et</strong></span> <span class='ocrx_word' id='word_1_575' title='bbox 1205 928 1407 956; x_wconf 86' lang='lat' dir='ltr'><strong>resurrectione</strong></span> <span class='ocrx_word' id='word_1_576' title='bbox 1423 935 1471 955; x_wconf 88' lang='lat' dir='ltr'><strong>sua</strong></span> <span class='ocrx_word' id='word_1_577' title='bbox 1488 931 1605 954; x_wconf 88' lang='lat' dir='ltr'><strong>mortem</strong></span> <span class='ocrx_word' id='word_1_578' title='bbox 1620 927 1685 962; x_wconf 90' lang='lat' dir='ltr'><strong>qui-</strong></span> 
     </span>
    </p>
   </div>
   <div class='ocr_carea' id='block_1_75' title="bbox 892 973 1684 1009">
    <p class='ocr_par' dir='ltr' id='par_1_75' title="bbox 892 973 1684 1009">
     <span class='ocr_line' id='line_1_76' title="bbox 892 973 1684 1009; baseline -0.001 -7"><span class='ocrx_word' id='word_1_579' title='bbox 892 976 952 1003; x_wconf 80' lang='lat' dir='ltr'><strong>dem</strong></span> <span class='ocrx_word' id='word_1_580' title='bbox 970 974 1096 1009; x_wconf 87' lang='lat' dir='ltr'><strong>peremit.</strong></span> <span class='ocrx_word' id='word_1_581' title='bbox 1114 973 1278 1009; x_wconf 79' lang='lat' dir='ltr'><strong>infernaque</strong></span> <span class='ocrx_word' id='word_1_582' title='bbox 1300 974 1417 1009; x_wconf 88' lang='lat' dir='ltr'><strong>spoliato</strong></span> <span class='ocrx_word' id='word_1_583' title='bbox 1427 994 1435 1006; x_wconf 88' lang='lat'><strong>,</strong></span> <span class='ocrx_word' id='word_1_584' title='bbox 1451 981 1516 1008; x_wconf 85' lang='lat' dir='ltr'><strong>eos,</strong></span> <span class='ocrx_word' id='word_1_585' title='bbox 1530 974 1578 1008; x_wconf 90' lang='lat' dir='ltr'><strong>qui</strong></span> <span class='ocrx_word' id='word_1_586' title='bbox 1592 974 1656 1002; x_wconf 87' lang='lat' dir='ltr'><strong>inde</strong></span> <span class='ocrx_word' id='word_1_587' title='bbox 1668 982 1684 1001; x_wconf 80' lang='lat' dir='ltr'><strong>a</strong></span> 
     </span>
    </p>
   </div>
   <div class='ocr_carea' id='block_1_76' title="bbox 891 1020 1685 1056">
    <p class='ocr_par' dir='ltr' id='par_1_76' title="bbox 891 1020 1685 1056">
     <span class='ocr_line' id='line_1_77' title="bbox 891 1020 1685 1056; baseline 0.001 -9"><span class='ocrx_word' id='word_1_588' title='bbox 891 1021 988 1056; x_wconf 79' lang='lat' dir='ltr'><strong>primis</strong></span> <span class='ocrx_word' id='word_1_589' title='bbox 1001 1020 1110 1048; x_wconf 63' lang='lat' dir='ltr'><strong>saeculis</strong></span> <span class='ocrx_word' id='word_1_590' title='bbox 1127 1021 1228 1047; x_wconf 88' lang='lat' dir='ltr'><strong>mortui</strong></span> <span class='ocrx_word' id='word_1_591' title='bbox 1243 1024 1337 1052; x_wconf 88' lang='lat' dir='ltr'><strong>erant,</strong></span> <span class='ocrx_word' id='word_1_592' title='bbox 1355 1028 1409 1047; x_wconf 85' lang='lat' dir='ltr'><strong>una</strong></span> <span class='ocrx_word' id='word_1_593' title='bbox 1426 1028 1520 1047; x_wconf 90' lang='lat' dir='ltr'><strong>secum</strong></span> <span class='ocrx_word' id='word_1_594' title='bbox 1536 1020 1685 1048; x_wconf 75' lang='lat' dir='ltr'><strong>resuscita-</strong></span> 
     </span>
    </p>
   </div>
   <div class='ocr_carea' id='block_1_77' title="bbox 892 1065 1683 1096">
    <p class='ocr_par' dir='ltr' id='par_1_77' title="bbox 892 1065 1683 1096">
     <span class='ocr_line' id='line_1_78' title="bbox 892 1065 1683 1096; baseline 0.001 -4"><span class='ocrx_word' id='word_1_595' title='bbox 892 1067 940 1093; x_wconf 88' lang='lat' dir='ltr'><strong>vit.</strong></span> <span class='ocrx_word' id='word_1_596' title='bbox 969 1065 1018 1093; x_wconf 87' lang='lat' dir='ltr'><strong>Hic</strong></span> <span class='ocrx_word' id='word_1_597' title='bbox 1028 1070 1070 1093; x_wconf 89' lang='lat' dir='ltr'><strong>est</strong></span> <span class='ocrx_word' id='word_1_598' title='bbox 1091 1065 1221 1093; x_wconf 82' lang='lat' dir='ltr'><strong>Christus</strong></span> <span class='ocrx_word' id='word_1_599' title='bbox 1235 1085 1242 1096; x_wconf 84' lang='lat'><strong>.</strong></span> <span class='ocrx_word' id='word_1_600' title='bbox 1267 1065 1310 1093; x_wconf 88' lang='lat' dir='ltr'><strong>hic</strong></span> <span class='ocrx_word' id='word_1_601' title='bbox 1329 1070 1371 1093; x_wconf 86' lang='lat' dir='ltr'><strong>est</strong></span> <span class='ocrx_word' id='word_1_602' title='bbox 1389 1065 1434 1093; x_wconf 87' lang='lat' dir='ltr'><strong>Dei</strong></span> <span class='ocrx_word' id='word_1_603' title='bbox 1451 1065 1536 1092; x_wconf 79' lang='lat' dir='ltr'><strong>Filius</strong></span> <span class='ocrx_word' id='word_1_604' title='bbox 1557 1072 1584 1093; x_wconf 88' lang='lat' dir='ltr'><strong>et</strong></span> <span class='ocrx_word' id='word_1_605' title='bbox 1601 1066 1683 1093; x_wconf 85' lang='lat' dir='ltr'><strong>Deus.</strong></span> 
     </span>
    </p>
   </div>
   <div class='ocr_carea' id='block_1_78' title="bbox 892 1111 1684 1146">
    <p class='ocr_par' dir='ltr' id='par_1_78' title="bbox 892 1111 1684 1146">
     <span class='ocr_line' id='line_1_79' title="bbox 892 1111 1684 1146; baseline 0.001 -8"><span class='ocrx_word' id='word_1_606' title='bbox 892 1112 931 1139; x_wconf 83' lang='lat' dir='ltr'><strong>Ad</strong></span> <span class='ocrx_word' id='word_1_607' title='bbox 947 1111 1030 1146; x_wconf 82' lang='lat' dir='ltr'><strong>hujus</strong></span> <span class='ocrx_word' id='word_1_608' title='bbox 1044 1111 1221 1146; x_wconf 79' lang='lat' dir='ltr'><strong>Evangelium</strong></span> <span class='ocrx_word' id='word_1_609' title='bbox 1238 1111 1441 1146; x_wconf 58' lang='lat' dir='ltr'><strong>praedicandum</strong></span> <span class='ocrx_word' id='word_1_610' title='bbox 1457 1111 1558 1139; x_wconf 79' lang='lat' dir='ltr'><strong>Paulus</strong></span> <span class='ocrx_word' id='word_1_611' title='bbox 1573 1119 1684 1146; x_wconf 79' lang='lat' dir='ltr'><strong>separa-</strong></span> 
     </span>
    </p>
   </div>
   <div class='ocr_carea' id='block_1_79' title="bbox 893 1156 1684 1192">
    <p class='ocr_par' dir='ltr' id='par_1_79' title="bbox 893 1156 1684 1192">
     <span class='ocr_line' id='line_1_80' title="bbox 893 1156 1684 1192; baseline -0.001 -7"><span class='ocrx_word' id='word_1_612' title='bbox 893 1163 937 1186; x_wconf 89' lang='lat' dir='ltr'><strong>tus</strong></span> <span class='ocrx_word' id='word_1_613' title='bbox 950 1163 1001 1185; x_wconf 81' lang='lat' dir='ltr'><strong>est.</strong></span> <span class='ocrx_word' id='word_1_614' title='bbox 1021 1157 1077 1184; x_wconf 92' lang='lat' dir='ltr'><strong>lloc</strong></span> <span class='ocrx_word' id='word_1_615' title='bbox 1096 1157 1199 1184; x_wconf 82' lang='lat' dir='ltr'><strong>indicat</strong></span> <span class='ocrx_word' id='word_1_616' title='bbox 1221 1165 1273 1184; x_wconf 75' lang='lat' dir='ltr'><strong>vox</strong></span> <span class='ocrx_word' id='word_1_617' title='bbox 1297 1157 1371 1184; x_wconf 88' lang='lat' dir='ltr'><strong>illius</strong></span> <span class='ocrx_word' id='word_1_618' title='bbox 1384 1177 1391 1189; x_wconf 88' lang='lat'><strong>.</strong></span> <span class='ocrx_word' id='word_1_619' title='bbox 1408 1157 1455 1192; x_wconf 86' lang='lat' dir='ltr'><strong>qui</strong></span> <span class='ocrx_word' id='word_1_620' title='bbox 1470 1157 1554 1184; x_wconf 85' lang='lat' dir='ltr'><strong>Filius</strong></span> <span class='ocrx_word' id='word_1_621' title='bbox 1569 1156 1616 1184; x_wconf 89' lang='lat' dir='ltr'><strong>Dei</strong></span> <span class='ocrx_word' id='word_1_622' title='bbox 1636 1157 1684 1184; x_wconf 91' lang='lat' dir='ltr'><strong>de-</strong></span> 
     </span>
    </p>
   </div>
   <div class='ocr_carea' id='block_1_80' title="bbox 892 1203 1683 1238">
    <p class='ocr_par' dir='ltr' id='par_1_80' title="bbox 892 1203 1683 1238">
     <span class='ocr_line' id='line_1_81' title="bbox 892 1203 1683 1238; baseline -0.001 -8"><span class='ocrx_word' id='word_1_623' title='bbox 892 1204 1014 1230; x_wconf 86' lang='lat' dir='ltr'><strong>claratus</strong></span> <span class='ocrx_word' id='word_1_624' title='bbox 1027 1209 1080 1231; x_wconf 89' lang='lat' dir='ltr'><strong>est.</strong></span> <span class='ocrx_word' id='word_1_625' title='bbox 1096 1203 1173 1230; x_wconf 80' lang='lat' dir='ltr'><strong>Adde</strong></span> <span class='ocrx_word' id='word_1_626' title='bbox 1189 1203 1285 1234; x_wconf 82' lang='lat' dir='ltr'><strong>etiam,</strong></span> <span class='ocrx_word' id='word_1_627' title='bbox 1301 1203 1324 1230; x_wconf 89' lang='lat' dir='ltr'><strong>si</strong></span> <span class='ocrx_word' id='word_1_628' title='bbox 1344 1203 1431 1238; x_wconf 85' lang='lat' dir='ltr'><strong>placet</strong></span> <span class='ocrx_word' id='word_1_629' title='bbox 1447 1203 1480 1230; x_wconf 84' lang='lat' dir='ltr'><strong>ad</strong></span> <span class='ocrx_word' id='word_1_630' title='bbox 1494 1203 1624 1237; x_wconf 84' lang='lat' dir='ltr'><strong>majorem</strong></span> <span class='ocrx_word' id='word_1_631' title='bbox 1643 1203 1683 1230; x_wconf 89' lang='lat' dir='ltr'><strong>rei</strong></span> 
     </span>
    </p>
   </div>
   <div class='ocr_carea' id='block_1_81' title="bbox 892 1248 1684 1284">
    <p class='ocr_par' dir='ltr' id='par_1_81' title="bbox 892 1248 1684 1284">
     <span class='ocr_line' id='line_1_82' title="bbox 892 1248 1684 1284; baseline 0.001 -8"><span class='ocrx_word' id='word_1_632' title='bbox 892 1249 1106 1277; x_wconf 76' lang='lat' dir='ltr'><strong>declarationem</strong></span> <span class='ocrx_word' id='word_1_633' title='bbox 1125 1253 1153 1276; x_wconf 89' lang='lat' dir='ltr'><strong>et</strong></span> <span class='ocrx_word' id='word_1_634' title='bbox 1166 1249 1371 1284; x_wconf 77' lang='lat' dir='ltr'><strong>intelligentiam</strong></span> <span class='ocrx_word' id='word_1_635' title='bbox 1394 1257 1401 1275; x_wconf 91' lang='lat'><strong>:</strong></span> <span class='ocrx_word' id='word_1_636' title='bbox 1426 1256 1474 1283; x_wconf 90' lang='lat' dir='ltr'><strong>per</strong></span> <span class='ocrx_word' id='word_1_637' title='bbox 1487 1256 1567 1284; x_wconf 85' lang='lat' dir='ltr'><strong>quem</strong></span> <span class='ocrx_word' id='word_1_638' title='bbox 1583 1248 1684 1277; x_wconf 83' lang='lat' dir='ltr'><strong>Paulus</strong></span> 
     </span>
    </p>
   </div>
   <div class='ocr_carea' id='block_1_82' title="bbox 892 1295 1684 1331">
    <p class='ocr_par' dir='ltr' id='par_1_82' title="bbox 892 1295 1684 1331">
     <span class='ocr_line' id='line_1_83' title="bbox 892 1295 1684 1331; baseline 0 -9"><span class='ocrx_word' id='word_1_639' title='bbox 892 1296 974 1323; x_wconf 86' lang='lat' dir='ltr'><strong>etiam</strong></span> <span class='ocrx_word' id='word_1_640' title='bbox 991 1296 1097 1330; x_wconf 85' lang='lat' dir='ltr'><strong>accepit</strong></span> <span class='ocrx_word' id='word_1_641' title='bbox 1109 1295 1280 1331; x_wconf 82' lang='lat' dir='ltr'><strong>apostolatus</strong></span> <span class='ocrx_word' id='word_1_642' title='bbox 1291 1295 1408 1328; x_wconf 73' lang='lat' dir='ltr'><strong>gratiam</strong></span> <span class='ocrx_word' id='word_1_643' title='bbox 1421 1295 1456 1327; x_wconf 83' lang='grc'><strong>⁸³,</strong></span> <span class='ocrx_word' id='word_1_644' title='bbox 1471 1301 1501 1322; x_wconf 92' lang='lat' dir='ltr'><strong>ut</strong></span> <span class='ocrx_word' id='word_1_645' title='bbox 1515 1299 1610 1330; x_wconf 73' lang='lat' dir='ltr'><strong>gentes</strong></span> <span class='ocrx_word' id='word_1_646' title='bbox 1623 1296 1684 1322; x_wconf 86' lang='lat' dir='ltr'><strong>har-</strong></span> 
     </span>
    </p>
   </div>
   <div class='ocr_carea' id='block_1_83' title="bbox 893 1342 1683 1378">
    <p class='ocr_par' dir='ltr' id='par_1_83' title="bbox 893 1342 1683 1378">
     <span class='ocr_line' id='line_1_84' title="bbox 893 1342 1683 1378; baseline -0.001 -9"><span class='ocrx_word' id='word_1_647' title='bbox 893 1343 975 1370; x_wconf 85' lang='lat' dir='ltr'><strong>haras</strong></span> <span class='ocrx_word' id='word_1_648' title='bbox 991 1343 1182 1378; x_wconf 81' lang='lat' dir='ltr'><strong>persuadendo</strong></span> <span class='ocrx_word' id='word_1_649' title='bbox 1198 1343 1336 1374; x_wconf 72' lang='lat' dir='ltr'><strong>vinceret,</strong></span> <span class='ocrx_word' id='word_1_650' title='bbox 1359 1350 1460 1376; x_wconf 83' lang='lat' dir='ltr'><strong>easque</strong></span> <span class='ocrx_word' id='word_1_651' title='bbox 1473 1343 1506 1369; x_wconf 87' lang='lat' dir='ltr'><strong>ad</strong></span> <span class='ocrx_word' id='word_1_652' title='bbox 1521 1342 1683 1377; x_wconf 87' lang='lat' dir='ltr'><strong>obsequium</strong></span> 
     </span>
    </p>
   </div>
   <div class='ocr_carea' id='block_1_84' title="bbox 893 1388 1682 1424">
    <p class='ocr_par' dir='ltr' id='par_1_84' title="bbox 893 1388 1682 1424">
     <span class='ocr_line' id='line_1_85' title="bbox 893 1388 1682 1424; baseline -0.001 -8"><span class='ocrx_word' id='word_1_653' title='bbox 893 1390 953 1416; x_wconf 87' lang='lat' dir='ltr'><strong>lidei</strong></span> <span class='ocrx_word' id='word_1_654' title='bbox 971 1389 998 1416; x_wconf 91' lang='lat' dir='ltr'><strong>in</strong></span> <span class='ocrx_word' id='word_1_655' title='bbox 1012 1389 1153 1416; x_wconf 80' lang='lat' dir='ltr'><strong>Christum</strong></span> <span class='ocrx_word' id='word_1_656' title='bbox 1166 1389 1351 1424; x_wconf 62' lang='lat' dir='ltr'><strong>praestandum</strong></span> <span class='ocrx_word' id='word_1_657' title='bbox 1368 1395 1546 1424; x_wconf 70' lang='lat' dir='ltr'><strong>prmpuraret,</strong></span> <span class='ocrx_word' id='word_1_658' title='bbox 1567 1388 1619 1416; x_wconf 83' lang='lat' dir='ltr'><strong>hoc</strong></span> <span class='ocrx_word' id='word_1_659' title='bbox 1630 1393 1682 1419; x_wconf 87' lang='lat' dir='ltr'><strong>est.</strong></span> 
     </span>
    </p>
   </div>
   <div class='ocr_carea' id='block_1_85' title="bbox 892 1434 1683 1469">
    <p class='ocr_par' dir='ltr' id='par_1_85' title="bbox 892 1434 1683 1469">
     <span class='ocr_line' id='line_1_86' title="bbox 892 1434 1683 1469; baseline -0.003 -7"><span class='ocrx_word' id='word_1_660' title='bbox 892 1436 1020 1466; x_wconf 81' lang='lat' dir='ltr'><strong>eﬁiceret,</strong></span> <span class='ocrx_word' id='word_1_661' title='bbox 1036 1441 1065 1462; x_wconf 93' lang='lat' dir='ltr'><strong>ut</strong></span> <span class='ocrx_word' id='word_1_662' title='bbox 1081 1436 1107 1462; x_wconf 88' lang='lat' dir='ltr'><strong>in</strong></span> <span class='ocrx_word' id='word_1_663' title='bbox 1118 1435 1196 1462; x_wconf 93' lang='lat' dir='ltr'><strong>illum</strong></span> <span class='ocrx_word' id='word_1_664' title='bbox 1213 1437 1365 1466; x_wconf 85' lang='lat' dir='ltr'><strong>crederent.</strong></span> <span class='ocrx_word' id='word_1_665' title='bbox 1382 1435 1463 1469; x_wconf 88' lang='lat' dir='ltr'><strong>eique</strong></span> <span class='ocrx_word' id='word_1_666' title='bbox 1475 1434 1534 1466; x_wconf 80' lang='lat' dir='ltr'><strong>uni,</strong></span> <span class='ocrx_word' id='word_1_667' title='bbox 1553 1439 1683 1468; x_wconf 89' lang='lat' dir='ltr'><strong>tanquam</strong></span> 
     </span>
    </p>
   </div>
   <div class='ocr_carea' id='block_1_86' title="bbox 895 1481 1683 1516">
    <p class='ocr_par' dir='ltr' id='par_1_86' title="bbox 895 1481 1683 1516">
     <span class='ocr_line' id='line_1_87' title="bbox 895 1481 1683 1516; baseline 0 -8"><span class='ocrx_word' id='word_1_668' title='bbox 895 1490 957 1510; x_wconf 88' lang='lat' dir='ltr'><strong>vero</strong></span> <span class='ocrx_word' id='word_1_669' title='bbox 975 1482 1039 1513; x_wconf 65' lang='lat' dir='ltr'><strong>Deo,</strong></span> <span class='ocrx_word' id='word_1_670' title='bbox 1055 1487 1083 1508; x_wconf 85' lang='lat' dir='ltr'><strong>et</strong></span> <span class='ocrx_word' id='word_1_671' title='bbox 1103 1481 1150 1509; x_wconf 85' lang='lat' dir='ltr'><strong>Dei</strong></span> <span class='ocrx_word' id='word_1_672' title='bbox 1165 1481 1234 1509; x_wconf 89' lang='lat' dir='ltr'><strong>Filio</strong></span> <span class='ocrx_word' id='word_1_673' title='bbox 1245 1482 1392 1512; x_wconf 84' lang='lat' dir='ltr'><strong>servirent.</strong></span> <span class='ocrx_word' id='word_1_674' title='bbox 1405 1490 1419 1509; x_wconf 89' lang='lat' dir='ltr'><strong>a</strong></span> <span class='ocrx_word' id='word_1_675' title='bbox 1439 1481 1535 1516; x_wconf 83' lang='lat' dir='ltr'><strong>patriis</strong></span> <span class='ocrx_word' id='word_1_676' title='bbox 1548 1481 1683 1513; x_wconf 86' lang='lat' dir='ltr'><strong>moribus.</strong></span> 
     </span>
    </p>
   </div>
   <div class='ocr_carea' id='block_1_87' title="bbox 893 1527 1682 1563">
    <p class='ocr_par' dir='ltr' id='par_1_87' title="bbox 893 1527 1682 1563">
     <span class='ocr_line' id='line_1_88' title="bbox 893 1527 1682 1563; baseline -0.001 -8"><span class='ocrx_word' id='word_1_677' title='bbox 893 1534 1036 1563; x_wconf 72' lang='lat' dir='ltr'><strong>vetereque</strong></span> <span class='ocrx_word' id='word_1_678' title='bbox 1052 1535 1103 1555; x_wconf 87' lang='lat' dir='ltr'><strong>sua</strong></span> <span class='ocrx_word' id='word_1_679' title='bbox 1117 1550 1124 1560; x_wconf 90' lang='lat'><strong>,</strong></span> <span class='ocrx_word' id='word_1_680' title='bbox 1149 1532 1177 1555; x_wconf 88' lang='lat' dir='ltr'><strong>et</strong></span> <span class='ocrx_word' id='word_1_681' title='bbox 1199 1535 1314 1556; x_wconf 84' lang='lat' dir='ltr'><strong>erronea</strong></span> <span class='ocrx_word' id='word_1_682' title='bbox 1333 1528 1530 1562; x_wconf 81' lang='lat' dir='ltr'><strong>superstitione</strong></span> <span class='ocrx_word' id='word_1_683' title='bbox 1550 1527 1682 1554; x_wconf 74' lang='lat' dir='ltr'><strong>liberatae.</strong></span> 
     </span>
    </p>
   </div>
   <div class='ocr_carea' id='block_1_88' title="bbox 926 1573 1684 1609">
    <p class='ocr_par' dir='ltr' id='par_1_88' title="bbox 926 1573 1684 1609">
     <span class='ocr_line' id='line_1_89' title="bbox 926 1573 1684 1609; baseline -0.001 -8"><span class='ocrx_word' id='word_1_684' title='bbox 926 1573 1062 1601; x_wconf 79' lang='lat' dir='ltr'><strong>Caeterum</strong></span> <span class='ocrx_word' id='word_1_685' title='bbox 1074 1574 1146 1609; x_wconf 85' lang='lat' dir='ltr'><strong>quod</strong></span> <span class='ocrx_word' id='word_1_686' title='bbox 1168 1574 1287 1602; x_wconf 81' lang='lat' dir='ltr'><strong>ad-illud</strong></span> <span class='ocrx_word' id='word_1_687' title='bbox 1306 1574 1393 1602; x_wconf 83' lang='lat' dir='ltr'><strong>sancti</strong></span> <span class='ocrx_word' id='word_1_688' title='bbox 1411 1573 1506 1602; x_wconf 80' lang='lat' dir='ltr'><strong>Jacobi</strong></span> <span class='ocrx_word' id='word_1_689' title='bbox 1519 1573 1624 1601; x_wconf 85' lang='lat' dir='ltr'><strong>dictum</strong></span> <span class='ocrx_word' id='word_1_690' title='bbox 1640 1577 1684 1600; x_wconf 88' lang='lat' dir='ltr'><strong>at-</strong></span> 
     </span>
    </p>
   </div>
   <div class='ocr_carea' id='block_1_89' title="bbox 898 1620 1682 1653">
    <p class='ocr_par' dir='ltr' id='par_1_89' title="bbox 898 1620 1682 1653">
     <span class='ocr_line' id='line_1_90' title="bbox 898 1620 1682 1653; baseline 0 -5"><span class='ocrx_word' id='word_1_691' title='bbox 898 1621 985 1649; x_wconf 80' lang='lat' dir='ltr'><strong>tinet:</strong></span> <span class='ocrx_word' id='word_1_692' title='bbox 1002 1620 1155 1648; x_wconf 73' lang='lat' dir='ltr'><strong>cGlorietur</strong></span> <span class='ocrx_word' id='word_1_693' title='bbox 1166 1620 1250 1648; x_wconf 78' lang='lat' dir='ltr'><strong>frater</strong></span> <span class='ocrx_word' id='word_1_694' title='bbox 1264 1621 1377 1648; x_wconf 89' lang='lat' dir='ltr'><strong>humilis</strong></span> <span class='ocrx_word' id='word_1_695' title='bbox 1392 1621 1420 1648; x_wconf 90' lang='lat' dir='ltr'><strong>in</strong></span> <span class='ocrx_word' id='word_1_696' title='bbox 1435 1620 1604 1648; x_wconf 78' lang='lat' dir='ltr'><strong>sublimitate</strong></span> <span class='ocrx_word' id='word_1_697' title='bbox 1622 1627 1682 1653; x_wconf 83' lang='lat' dir='ltr'><strong>sua,</strong></span> 
     </span>
    </p>
   </div>
   <div class='ocr_carea' id='block_1_90' title="bbox 897 1667 1683 1699">
    <p class='ocr_par' dir='ltr' id='par_1_90' title="bbox 897 1667 1683 1699">
     <span class='ocr_line' id='line_1_91' title="bbox 897 1667 1683 1699; baseline -0.004 -3"><span class='ocrx_word' id='word_1_698' title='bbox 897 1668 974 1696; x_wconf 85' lang='lat' dir='ltr'><strong>dives</strong></span> <span class='ocrx_word' id='word_1_699' title='bbox 988 1673 1078 1695; x_wconf 86' lang='lat' dir='ltr'><strong>autem</strong></span> <span class='ocrx_word' id='word_1_700' title='bbox 1099 1667 1126 1695; x_wconf 87' lang='lat' dir='ltr'><strong>in</strong></span> <span class='ocrx_word' id='word_1_701' title='bbox 1149 1667 1302 1695; x_wconf 83' lang='lat' dir='ltr'><strong>humilitate</strong></span> <span class='ocrx_word' id='word_1_702' title='bbox 1325 1675 1373 1694; x_wconf 79' lang='lat' dir='ltr'><strong>sua</strong></span> <span class='ocrx_word' id='word_1_703' title='bbox 1385 1667 1419 1699; x_wconf 77' lang='lat'><strong>“,</strong></span> <span class='ocrx_word' id='word_1_704' title='bbox 1438 1677 1448 1692; x_wconf 84' lang='grc'><strong>›</strong></span> <span class='ocrx_word' id='word_1_705' title='bbox 1471 1674 1526 1694; x_wconf 92' lang='lat' dir='ltr'><strong>non</strong></span> <span class='ocrx_word' id='word_1_706' title='bbox 1552 1667 1611 1694; x_wconf 76' lang='lat' dir='ltr'><strong>haec</strong></span> <span class='ocrx_word' id='word_1_707' title='bbox 1631 1667 1683 1694; x_wconf 89' lang='lat' dir='ltr'><strong>sibi</strong></span> 
     </span>
    </p>
   </div>
   <div class='ocr_carea' id='block_1_91' title="bbox 897 1712 1683 1748">
    <p class='ocr_par' dir='ltr' id='par_1_91' title="bbox 897 1712 1683 1748">
     <span class='ocr_line' id='line_1_92' title="bbox 897 1712 1683 1748; baseline 0 -8"><span class='ocrx_word' id='word_1_708' title='bbox 897 1713 964 1745; x_wconf 87' lang='lat' dir='ltr'><strong>vult.</strong></span> <span class='ocrx_word' id='word_1_709' title='bbox 986 1721 1018 1741; x_wconf 83' lang='lat' dir='ltr'><strong>ac</strong></span> <span class='ocrx_word' id='word_1_710' title='bbox 1035 1713 1057 1740; x_wconf 85' lang='lat' dir='ltr'><strong>si</strong></span> <span class='ocrx_word' id='word_1_711' title='bbox 1073 1713 1175 1740; x_wconf 89' lang='lat' dir='ltr'><strong>diceret</strong></span> <span class='ocrx_word' id='word_1_712' title='bbox 1189 1722 1196 1741; x_wconf 94' lang='lat'><strong>:</strong></span> <span class='ocrx_word' id='word_1_713' title='bbox 1213 1713 1354 1747; x_wconf 78' lang='lat' dir='ltr'><strong>Magniﬁce</strong></span> <span class='ocrx_word' id='word_1_714' title='bbox 1374 1715 1523 1748; x_wconf 79' lang='lat' dir='ltr'><strong>loquatur,</strong></span> <span class='ocrx_word' id='word_1_715' title='bbox 1541 1712 1627 1747; x_wconf 85' lang='lat' dir='ltr'><strong>jactet</strong></span> <span class='ocrx_word' id='word_1_716' title='bbox 1642 1720 1683 1744; x_wconf 86' lang='lat' dir='ltr'><strong>se,</strong></span> 
     </span>
    </p>
   </div>
   <div class='ocr_carea' id='block_1_92' title="bbox 895 1758 1682 1794">
    <p class='ocr_par' dir='ltr' id='par_1_92' title="bbox 895 1758 1682 1794">
     <span class='ocr_line' id='line_1_93' title="bbox 895 1758 1682 1794; baseline -0.001 -7"><span class='ocrx_word' id='word_1_717' title='bbox 895 1759 1038 1794; x_wconf 72' lang='lat' dir='ltr'><strong>glorietur.</strong></span> <span class='ocrx_word' id='word_1_718' title='bbox 1053 1759 1129 1787; x_wconf 80' lang='lat' dir='ltr'><strong>Nihil</strong></span> <span class='ocrx_word' id='word_1_719' title='bbox 1156 1760 1254 1787; x_wconf 90' lang='lat' dir='ltr'><strong>horum</strong></span> <span class='ocrx_word' id='word_1_720' title='bbox 1275 1759 1365 1786; x_wconf 91' lang='lat' dir='ltr'><strong>locum</strong></span> <span class='ocrx_word' id='word_1_721' title='bbox 1389 1759 1481 1786; x_wconf 79' lang='lat' dir='ltr'><strong>habet.</strong></span> <span class='ocrx_word' id='word_1_722' title='bbox 1506 1758 1602 1787; x_wconf 88' lang='lat' dir='ltr'><strong>Solent</strong></span> <span class='ocrx_word' id='word_1_723' title='bbox 1619 1759 1682 1794; x_wconf 82' lang='lat' dir='ltr'><strong>qui-</strong></span> 
     </span>
    </p>
   </div>
   <div class='ocr_carea' id='block_1_93' title="bbox 895 1805 1682 1840">
    <p class='ocr_par' dir='ltr' id='par_1_93' title="bbox 895 1805 1682 1840">
     <span class='ocr_line' id='line_1_94' title="bbox 895 1805 1682 1840; baseline -0.001 -7"><span class='ocrx_word' id='word_1_724' title='bbox 895 1806 957 1833; x_wconf 91' lang='lat' dir='ltr'><strong>dem</strong></span> <span class='ocrx_word' id='word_1_725' title='bbox 978 1806 1024 1833; x_wconf 90' lang='lat' dir='ltr'><strong>illa</strong></span> <span class='ocrx_word' id='word_1_726' title='bbox 1039 1806 1123 1834; x_wconf 83' lang='lat' dir='ltr'><strong>verba</strong></span> <span class='ocrx_word' id='word_1_727' title='bbox 1145 1807 1196 1834; x_wconf 89' lang='lat' dir='ltr'><strong>hoc</strong></span> <span class='ocrx_word' id='word_1_728' title='bbox 1216 1813 1296 1833; x_wconf 87' lang='lat' dir='ltr'><strong>sensu</strong></span> <span class='ocrx_word' id='word_1_729' title='bbox 1318 1805 1454 1837; x_wconf 83' lang='lat' dir='ltr'><strong>adhiberi,</strong></span> <span class='ocrx_word' id='word_1_730' title='bbox 1467 1805 1598 1839; x_wconf 85' lang='lat' dir='ltr'><strong>vocisque</strong></span> <span class='ocrx_word' id='word_1_731' title='bbox 1613 1812 1682 1840; x_wconf 65' lang='lat' dir='ltr'><strong>prat-</strong></span> 
     </span>
    </p>
   </div>
   <div class='ocr_carea' id='block_1_94' title="bbox 895 1850 1683 1886">
    <p class='ocr_par' dir='ltr' id='par_1_94' title="bbox 895 1850 1683 1886">
     <span class='ocr_line' id='line_1_95' title="bbox 895 1850 1683 1886; baseline -0.003 -7"><span class='ocrx_word' id='word_1_732' title='bbox 895 1852 981 1879; x_wconf 84' lang='lat' dir='ltr'><strong>sentis</strong></span> <span class='ocrx_word' id='word_1_733' title='bbox 997 1852 1167 1886; x_wconf 79' lang='lat' dir='ltr'><strong>signiﬁcatus</strong></span> <span class='ocrx_word' id='word_1_734' title='bbox 1182 1851 1300 1886; x_wconf 89' lang='lat' dir='ltr'><strong>primum</strong></span> <span class='ocrx_word' id='word_1_735' title='bbox 1313 1852 1411 1879; x_wconf 86' lang='lat' dir='ltr'><strong>obvius</strong></span> <span class='ocrx_word' id='word_1_736' title='bbox 1423 1851 1494 1878; x_wconf 89' lang='lat' dir='ltr'><strong>idem</strong></span> <span class='ocrx_word' id='word_1_737' title='bbox 1510 1850 1601 1878; x_wconf 74' lang='lat' dir='ltr'><strong>infert.</strong></span> <span class='ocrx_word' id='word_1_738' title='bbox 1624 1850 1683 1878; x_wconf 87' lang='lat' dir='ltr'><strong>Hoc</strong></span> 
     </span>
    </p>
   </div>
   <div class='ocr_carea' id='block_1_95' title="bbox 896 1896 1681 1932">
    <p class='ocr_par' dir='ltr' id='par_1_95' title="bbox 896 1896 1681 1932">
     <span class='ocr_line' id='line_1_96' title="bbox 896 1896 1681 1932; baseline -0.001 -8"><span class='ocrx_word' id='word_1_739' title='bbox 896 1906 960 1924; x_wconf 82' lang='lat' dir='ltr'><strong>vero</strong></span> <span class='ocrx_word' id='word_1_740' title='bbox 972 1898 1032 1926; x_wconf 89' lang='lat' dir='ltr'><strong>loco</strong></span> <span class='ocrx_word' id='word_1_741' title='bbox 1039 1898 1153 1925; x_wconf 89' lang='lat' dir='ltr'><strong>verbum</strong></span> <span class='ocrx_word' id='word_1_742' title='bbox 1167 1896 1316 1932; x_wconf 78' lang='grc' dir='ltr'>καυχάσθω</span> <span class='ocrx_word' id='word_1_743' title='bbox 1329 1897 1398 1924; x_wconf 82' lang='lat' dir='ltr'><strong>idem</strong></span> <span class='ocrx_word' id='word_1_744' title='bbox 1407 1902 1449 1924; x_wconf 88' lang='lat' dir='ltr'><strong>est</strong></span> <span class='ocrx_word' id='word_1_745' title='bbox 1458 1897 1542 1931; x_wconf 88' lang='lat' dir='ltr'><strong>quod,</strong></span> <span class='ocrx_word' id='word_1_746' title='bbox 1552 1897 1681 1931; x_wconf 77' lang='lat' dir='ltr'><strong>conﬁdat.</strong></span> 
     </span>
    </p>
   </div>
   <div class='ocr_carea' id='block_1_96' title="bbox 895 1942 1681 1978">
    <p class='ocr_par' dir='ltr' id='par_1_96' title="bbox 895 1942 1681 1978">
     <span class='ocr_line' id='line_1_97' title="bbox 895 1942 1681 1978; baseline -0.003 -8"><span class='ocrx_word' id='word_1_747' title='bbox 895 1948 990 1978; x_wconf 82' lang='lat' dir='ltr'><strong>speret.</strong></span> <span class='ocrx_word' id='word_1_748' title='bbox 1012 1942 1098 1971; x_wconf 86' lang='lat' dir='ltr'><strong>Nemo</strong></span> <span class='ocrx_word' id='word_1_749' title='bbox 1112 1943 1197 1975; x_wconf 88' lang='lat' dir='ltr'><strong>enim,</strong></span> <span class='ocrx_word' id='word_1_750' title='bbox 1211 1943 1310 1977; x_wconf 87' lang='lat' dir='ltr'><strong>inquit,</strong></span> <span class='ocrx_word' id='word_1_751' title='bbox 1324 1942 1396 1974; x_wconf 87' lang='lat' dir='ltr'><strong>ideo,</strong></span> <span class='ocrx_word' id='word_1_752' title='bbox 1414 1943 1488 1977; x_wconf 91' lang='lat' dir='ltr'><strong>quod</strong></span> <span class='ocrx_word' id='word_1_753' title='bbox 1502 1942 1615 1970; x_wconf 82' lang='lat' dir='ltr'><strong>humilis</strong></span> <span class='ocrx_word' id='word_1_754' title='bbox 1627 1947 1681 1973; x_wconf 87' lang='lat' dir='ltr'><strong>est.</strong></span> 
     </span>
    </p>
   </div>
   <div class='ocr_carea' id='block_1_97' title="bbox 895 1989 1681 2024">
    <p class='ocr_par' dir='ltr' id='par_1_97' title="bbox 895 1989 1681 2024">
     <span class='ocr_line' id='line_1_98' title="bbox 895 1989 1681 2024; baseline 0 -8"><span class='ocrx_word' id='word_1_755' title='bbox 895 1990 1016 2017; x_wconf 85' lang='lat' dir='ltr'><strong>animum</strong></span> <span class='ocrx_word' id='word_1_756' title='bbox 1031 1989 1199 2024; x_wconf 84' lang='lat' dir='ltr'><strong>despondeat</strong></span> <span class='ocrx_word' id='word_1_757' title='bbox 1210 2008 1218 2020; x_wconf 87' lang='lat'>,</span> <span class='ocrx_word' id='word_1_758' title='bbox 1237 1989 1302 2024; x_wconf 86' lang='lat' dir='ltr'><strong>quia</strong></span> <span class='ocrx_word' id='word_1_759' title='bbox 1321 1993 1480 2023; x_wconf 85' lang='lat' dir='ltr'><strong>paupertate</strong></span> <span class='ocrx_word' id='word_1_760' title='bbox 1494 1994 1536 2016; x_wconf 84' lang='lat' dir='ltr'><strong>est</strong></span> <span class='ocrx_word' id='word_1_761' title='bbox 1548 1993 1681 2016; x_wconf 73' lang='lat' dir='ltr'><strong>extenua-</strong></span> 
     </span>
    </p>
   </div>
   <div class='ocr_carea' id='block_1_98' title="bbox 895 2034 1683 2070">
    <p class='ocr_par' dir='ltr' id='par_1_98' title="bbox 895 2034 1683 2070">
     <span class='ocr_line' id='line_1_99' title="bbox 895 2034 1683 2070; baseline -0.003 -7"><span class='ocrx_word' id='word_1_762' title='bbox 895 2041 958 2067; x_wconf 85' lang='lat' dir='ltr'><strong>tus,</strong></span> <span class='ocrx_word' id='word_1_763' title='bbox 983 2040 1030 2062; x_wconf 83' lang='lat' dir='ltr'><strong>aut</strong></span> <span class='ocrx_word' id='word_1_764' title='bbox 1056 2035 1198 2062; x_wconf 87' lang='lat' dir='ltr'><strong>hominum</strong></span> <span class='ocrx_word' id='word_1_765' title='bbox 1225 2035 1334 2070; x_wconf 88' lang='lat' dir='ltr'><strong>probris</strong></span> <span class='ocrx_word' id='word_1_766' title='bbox 1358 2034 1508 2069; x_wconf 80' lang='lat' dir='ltr'><strong>subjectus.</strong></span> <span class='ocrx_word' id='word_1_767' title='bbox 1531 2034 1599 2062; x_wconf 77' lang='lat' dir='ltr'><strong>Nam</strong></span> <span class='ocrx_word' id='word_1_768' title='bbox 1624 2035 1683 2069; x_wconf 87' lang='lat' dir='ltr'><strong>ipse</strong></span> 
     </span>
    </p>
   </div>
   <div class='ocr_carea' id='block_1_99' title="bbox 895 2081 1683 2117">
    <p class='ocr_par' dir='ltr' id='par_1_99' title="bbox 895 2081 1683 2117">
     <span class='ocr_line' id='line_1_100' title="bbox 895 2081 1683 2117; baseline -0.001 -8"><span class='ocrx_word' id='word_1_769' title='bbox 895 2083 1028 2110; x_wconf 86' lang='lat' dir='ltr'><strong>Dominus</strong></span> <span class='ocrx_word' id='word_1_770' title='bbox 1050 2087 1144 2109; x_wconf 82' lang='lat' dir='ltr'><strong>noster</strong></span> <span class='ocrx_word' id='word_1_771' title='bbox 1161 2082 1278 2109; x_wconf 83' lang='lat' dir='ltr'><strong>humiles</strong></span> <span class='ocrx_word' id='word_1_772' title='bbox 1293 2086 1322 2109; x_wconf 90' lang='lat' dir='ltr'><strong>et</strong></span> <span class='ocrx_word' id='word_1_773' title='bbox 1337 2081 1476 2116; x_wconf 83' lang='lat' dir='ltr'><strong>abjectos.</strong></span> <span class='ocrx_word' id='word_1_774' title='bbox 1499 2085 1527 2109; x_wconf 91' lang='lat' dir='ltr'><strong>et</strong></span> <span class='ocrx_word' id='word_1_775' title='bbox 1549 2088 1683 2117; x_wconf 74' lang='lat' dir='ltr'><strong>pauperes</strong></span> 
     </span>
    </p>
   </div>
   <div class='ocr_carea' id='block_1_100' title="bbox 894 2127 1682 2162">
    <p class='ocr_par' dir='ltr' id='par_1_100' title="bbox 894 2127 1682 2162">
     <span class='ocr_line' id='line_1_101' title="bbox 894 2127 1682 2162; baseline -0.001 -8"><span class='ocrx_word' id='word_1_776' title='bbox 894 2133 922 2155; x_wconf 88' lang='lat' dir='ltr'><strong>et</strong></span> <span class='ocrx_word' id='word_1_777' title='bbox 937 2127 1076 2155; x_wconf 73' lang='lat' dir='ltr'><strong>nitendicos</strong></span> <span class='ocrx_word' id='word_1_778' title='bbox 1091 2127 1190 2162; x_wconf 74' lang='lat' dir='ltr'><strong>elegit,</strong></span> <span class='ocrx_word' id='word_1_779' title='bbox 1206 2127 1305 2155; x_wconf 80' lang='lat' dir='ltr'><strong>divites</strong></span> <span class='ocrx_word' id='word_1_780' title='bbox 1329 2135 1395 2155; x_wconf 90' lang='lat' dir='ltr'><strong>vero</strong></span> <span class='ocrx_word' id='word_1_781' title='bbox 1405 2147 1413 2159; x_wconf 90' lang='lat'><strong>,</strong></span> <span class='ocrx_word' id='word_1_782' title='bbox 1431 2127 1572 2162; x_wconf 75' lang='lat' dir='ltr'><strong>gloriaque</strong></span> <span class='ocrx_word' id='word_1_783' title='bbox 1590 2131 1618 2154; x_wconf 89' lang='lat' dir='ltr'><strong>et</strong></span> <span class='ocrx_word' id='word_1_784' title='bbox 1633 2133 1682 2161; x_wconf 74' lang='lat' dir='ltr'><strong>ge-</strong></span> 
     </span>
    </p>
   </div>
   <div class='ocr_carea' id='block_1_101' title="bbox 894 2173 1683 2210">
    <p class='ocr_par' dir='ltr' id='par_1_101' title="bbox 894 2173 1683 2210">
     <span class='ocr_line' id='line_1_102' title="bbox 894 2173 1683 2210; baseline 0 -10"><span class='ocrx_word' id='word_1_785' title='bbox 894 2182 958 2201; x_wconf 82' lang='lat' dir='ltr'><strong>nere</strong></span> <span class='ocrx_word' id='word_1_786' title='bbox 973 2175 1116 2209; x_wconf 78' lang='lat' dir='ltr'><strong>magniﬁce</strong></span> <span class='ocrx_word' id='word_1_787' title='bbox 1128 2174 1277 2210; x_wconf 80' lang='lat' dir='ltr'><strong>gloriantes</strong></span> <span class='ocrx_word' id='word_1_788' title='bbox 1293 2174 1409 2202; x_wconf 81' lang='lat' dir='ltr'><strong>fremere</strong></span> <span class='ocrx_word' id='word_1_789' title='bbox 1418 2174 1513 2209; x_wconf 83' lang='lat' dir='ltr'><strong>jussit.</strong></span> <span class='ocrx_word' id='word_1_790' title='bbox 1525 2173 1619 2208; x_wconf 74' lang='lat' dir='ltr'><strong>Itaque</strong></span> <span class='ocrx_word' id='word_1_791' title='bbox 1632 2180 1683 2200; x_wconf 70' lang='lat' dir='ltr'><strong>nec</strong></span> 
     </span>
    </p>
   </div>
   <div class='ocr_carea' id='block_1_102' title="bbox 893 2219 1682 2255">
    <p class='ocr_par' dir='ltr' id='par_1_102' title="bbox 893 2219 1682 2255">
     <span class='ocr_line' id='line_1_103' title="bbox 893 2219 1682 2255; baseline -0.003 -8"><span class='ocrx_word' id='word_1_792' title='bbox 893 2221 993 2248; x_wconf 89' lang='lat' dir='ltr'><strong>minem</strong></span> <span class='ocrx_word' id='word_1_793' title='bbox 1005 2220 1066 2248; x_wconf 89' lang='lat' dir='ltr'><strong>ideo</strong></span> <span class='ocrx_word' id='word_1_794' title='bbox 1080 2220 1201 2248; x_wconf 80' lang='lat' dir='ltr'><strong>animum</strong></span> <span class='ocrx_word' id='word_1_795' title='bbox 1217 2220 1388 2255; x_wconf 80' lang='lat' dir='ltr'><strong>despondere</strong></span> <span class='ocrx_word' id='word_1_796' title='bbox 1403 2224 1524 2254; x_wconf 82' lang='lat' dir='ltr'><strong>oportet,</strong></span> <span class='ocrx_word' id='word_1_797' title='bbox 1540 2219 1615 2254; x_wconf 88' lang='lat' dir='ltr'><strong>quod</strong></span> <span class='ocrx_word' id='word_1_798' title='bbox 1631 2219 1682 2246; x_wconf 77' lang='lat' dir='ltr'><strong>hu—</strong></span> 
     </span>
    </p>
   </div>
   <div class='ocr_carea' id='block_1_103' title="bbox 894 2265 1682 2300">
    <p class='ocr_par' dir='ltr' id='par_1_103' title="bbox 894 2265 1682 2300">
     <span class='ocr_line' id='line_1_104' title="bbox 894 2265 1682 2300; baseline -0.003 -7"><span class='ocrx_word' id='word_1_799' title='bbox 894 2266 967 2294; x_wconf 88' lang='lat' dir='ltr'><strong>milis</strong></span> <span class='ocrx_word' id='word_1_800' title='bbox 976 2271 1038 2299; x_wconf 85' lang='lat' dir='ltr'><strong>est;</strong></span> <span class='ocrx_word' id='word_1_801' title='bbox 1056 2267 1111 2294; x_wconf 91' lang='lat' dir='ltr'><strong>imo</strong></span> <span class='ocrx_word' id='word_1_802' title='bbox 1126 2274 1191 2294; x_wconf 88' lang='lat' dir='ltr'><strong>vero</strong></span> <span class='ocrx_word' id='word_1_803' title='bbox 1206 2265 1248 2294; x_wconf 84' lang='lat' dir='ltr'><strong>fas</strong></span> <span class='ocrx_word' id='word_1_804' title='bbox 1263 2271 1306 2293; x_wconf 88' lang='lat' dir='ltr'><strong>est</strong></span> <span class='ocrx_word' id='word_1_805' title='bbox 1331 2273 1394 2293; x_wconf 89' lang='lat' dir='ltr'><strong>eum</strong></span> <span class='ocrx_word' id='word_1_806' title='bbox 1411 2266 1506 2297; x_wconf 66' lang='lat' dir='ltr'><strong>laetari,</strong></span> <span class='ocrx_word' id='word_1_807' title='bbox 1526 2265 1600 2300; x_wconf 86' lang='lat' dir='ltr'><strong>quod</strong></span> <span class='ocrx_word' id='word_1_808' title='bbox 1620 2273 1682 2300; x_wconf 90' lang='lat' dir='ltr'><strong>par-</strong></span> 
     </span>
    </p>
   </div>
   <div class='ocr_carea' id='block_1_104' title="bbox 890 2311 1681 2348">
    <p class='ocr_par' dir='ltr' id='par_1_104' title="bbox 890 2311 1681 2348">
     <span class='ocr_line' id='line_1_105' title="bbox 890 2311 1681 2348; baseline -0.003 -7"><span class='ocrx_word' id='word_1_809' title='bbox 890 2313 999 2348; x_wconf 89' lang='lat' dir='ltr'><strong>ticipem</strong></span> <span class='ocrx_word' id='word_1_810' title='bbox 1016 2321 1047 2341; x_wconf 79' lang='lat' dir='ltr'><strong>se</strong></span> <span class='ocrx_word' id='word_1_811' title='bbox 1061 2318 1087 2340; x_wconf 86' lang='lat' dir='ltr'><strong>et</strong></span> <span class='ocrx_word' id='word_1_812' title='bbox 1102 2319 1257 2341; x_wconf 88' lang='lat' dir='ltr'><strong>consortem</strong></span> <span class='ocrx_word' id='word_1_813' title='bbox 1280 2312 1425 2348; x_wconf 85' lang='lat' dir='ltr'><strong>apostolici</strong></span> <span class='ocrx_word' id='word_1_814' title='bbox 1456 2311 1532 2339; x_wconf 89' lang='lat' dir='ltr'><strong>chori</strong></span> <span class='ocrx_word' id='word_1_815' title='bbox 1555 2311 1614 2346; x_wconf 80' lang='lat' dir='ltr'><strong>ipsa</strong></span> <span class='ocrx_word' id='word_1_816' title='bbox 1636 2311 1681 2339; x_wconf 80' lang='lat' dir='ltr'><strong>illa</strong></span> 
     </span>
    </p>
   </div>
   <div class='ocr_carea' id='block_1_105' title="bbox 889 2358 1679 2394">
    <p class='ocr_par' dir='ltr' id='par_1_105' title="bbox 889 2358 1679 2394">
     <span class='ocr_line' id='line_1_106' title="bbox 889 2358 1679 2394; baseline -0.004 -7"><span class='ocrx_word' id='word_1_817' title='bbox 889 2360 994 2394; x_wconf 88' lang='lat' dir='ltr'><strong>abjecta</strong></span> <span class='ocrx_word' id='word_1_818' title='bbox 1011 2360 1161 2394; x_wconf 87' lang='lat' dir='ltr'><strong>humilique</strong></span> <span class='ocrx_word' id='word_1_819' title='bbox 1183 2364 1258 2386; x_wconf 88' lang='lat' dir='ltr'><strong>sorte</strong></span> <span class='ocrx_word' id='word_1_820' title='bbox 1269 2367 1319 2386; x_wconf 81' lang='lat' dir='ltr'><strong>sua</strong></span> <span class='ocrx_word' id='word_1_821' title='bbox 1336 2358 1438 2386; x_wconf 78' lang='lat' dir='ltr'><strong>factum</strong></span> <span class='ocrx_word' id='word_1_822' title='bbox 1461 2365 1522 2386; x_wconf 82' lang='lat' dir='ltr'><strong>esse</strong></span> <span class='ocrx_word' id='word_1_823' title='bbox 1542 2358 1679 2393; x_wconf 72' lang='lat' dir='ltr'><strong>intelligit.</strong></span> 
     </span>
    </p>
   </div>
   <div class='ocr_carea' id='block_1_106' title="bbox 890 2403 1680 2439">
    <p class='ocr_par' dir='ltr' id='par_1_106' title="bbox 890 2403 1680 2439">
     <span class='ocr_line' id='line_1_107' title="bbox 890 2403 1680 2439; baseline -0.003 -7"><span class='ocrx_word' id='word_1_824' title='bbox 890 2403 1020 2432; x_wconf 85' lang='lat' dir='ltr'><strong>Fortasse</strong></span> <span class='ocrx_word' id='word_1_825' title='bbox 1043 2413 1108 2432; x_wconf 82' lang='lat' dir='ltr'><strong>vero</strong></span> <span class='ocrx_word' id='word_1_826' title='bbox 1131 2405 1230 2439; x_wconf 86' lang='lat' dir='ltr'><strong>aliquis</strong></span> <span class='ocrx_word' id='word_1_827' title='bbox 1255 2410 1350 2432; x_wconf 78' lang='lat' dir='ltr'><strong>contra</strong></span> <span class='ocrx_word' id='word_1_828' title='bbox 1377 2403 1435 2430; x_wconf 59' lang='lat' dir='ltr'><strong>haec</strong></span> <span class='ocrx_word' id='word_1_829' title='bbox 1460 2403 1618 2438; x_wconf 80' lang='lat' dir='ltr'><strong>exceperit,</strong></span> <span class='ocrx_word' id='word_1_830' title='bbox 1634 2410 1680 2435; x_wconf 77' lang='lat' dir='ltr'><strong>ea.</strong></span> 
     </span>
    </p>
   </div>
   <div class='ocr_carea' id='block_1_107' title="bbox 889 2450 1679 2486">
    <p class='ocr_par' dir='ltr' id='par_1_107' title="bbox 889 2450 1679 2486">
     <span class='ocr_line' id='line_1_108' title="bbox 889 2450 1679 2486; baseline -0.003 -8"><span class='ocrx_word' id='word_1_831' title='bbox 889 2458 950 2485; x_wconf 68' lang='lat' dir='ltr'><strong>qum</strong></span> <span class='ocrx_word' id='word_1_832' title='bbox 968 2451 1104 2484; x_wconf 79' lang='lat' dir='ltr'><strong>diximus,</strong></span> <span class='ocrx_word' id='word_1_833' title='bbox 1127 2459 1181 2478; x_wconf 92' lang='lat' dir='ltr'><strong>non</strong></span> <span class='ocrx_word' id='word_1_834' title='bbox 1198 2453 1223 2478; x_wconf 92' lang='lat' dir='ltr'><strong>in</strong></span> <span class='ocrx_word' id='word_1_835' title='bbox 1246 2459 1295 2478; x_wconf 84' lang='lat' dir='ltr'><strong>eos</strong></span> <span class='ocrx_word' id='word_1_836' title='bbox 1306 2470 1315 2483; x_wconf 88' lang='lat'><strong><em>,</em></strong></span> <span class='ocrx_word' id='word_1_837' title='bbox 1331 2451 1378 2486; x_wconf 86' lang='lat' dir='ltr'><strong>qui</strong></span> <span class='ocrx_word' id='word_1_838' title='bbox 1393 2451 1504 2478; x_wconf 86' lang='lat' dir='ltr'><strong>credere</strong></span> <span class='ocrx_word' id='word_1_839' title='bbox 1517 2450 1679 2485; x_wconf 85' lang='lat' dir='ltr'><strong>inceperim.</strong></span> 
     </span>
    </p>
   </div>
   <div class='ocr_carea' id='block_1_108' title="bbox 889 2495 1678 2532">
    <p class='ocr_par' dir='ltr' id='par_1_108' title="bbox 889 2495 1678 2532">
     <span class='ocr_line' id='line_1_109' title="bbox 889 2495 1678 2532; baseline 0 -10"><span class='ocrx_word' id='word_1_840' title='bbox 889 2497 937 2523; x_wconf 89' lang='lat' dir='ltr'><strong>sed</strong></span> <span class='ocrx_word' id='word_1_841' title='bbox 956 2496 982 2522; x_wconf 90' lang='lat' dir='ltr'><strong>in</strong></span> <span class='ocrx_word' id='word_1_842' title='bbox 1003 2496 1064 2523; x_wconf 90' lang='lat' dir='ltr'><strong>illos</strong></span> <span class='ocrx_word' id='word_1_843' title='bbox 1091 2498 1199 2530; x_wconf 70' lang='lat' dir='ltr'><strong>potius,</strong></span> <span class='ocrx_word' id='word_1_844' title='bbox 1227 2497 1274 2532; x_wconf 87' lang='lat' dir='ltr'><strong>qui</strong></span> <span class='ocrx_word' id='word_1_845' title='bbox 1296 2497 1352 2532; x_wconf 85' lang='lat' dir='ltr'><strong>jam</strong></span> <span class='ocrx_word' id='word_1_846' title='bbox 1373 2496 1508 2528; x_wconf 89' lang='lat' dir='ltr'><strong>credunt,</strong></span> <span class='ocrx_word' id='word_1_847' title='bbox 1532 2495 1678 2530; x_wconf 82' lang='lat' dir='ltr'><strong>quadrare.</strong></span> 
     </span>
    </p>
   </div>
   <div class='ocr_carea' id='block_1_109' title="bbox 889 2539 1679 2575">
    <p class='ocr_par' dir='ltr' id='par_1_109' title="bbox 889 2539 1679 2575">
     <span class='ocr_line' id='line_1_110' title="bbox 889 2539 1679 2575; baseline 0.001 -9"><span class='ocrx_word' id='word_1_848' title='bbox 889 2539 967 2566; x_wconf 89' lang='lat' dir='ltr'><strong>Tunc</strong></span> <span class='ocrx_word' id='word_1_849' title='bbox 979 2540 1052 2567; x_wconf 77' lang='lat' dir='ltr'><strong>enim</strong></span> <span class='ocrx_word' id='word_1_850' title='bbox 1066 2541 1208 2575; x_wconf 81' lang='lat' dir='ltr'><strong>apostolici</strong></span> <span class='ocrx_word' id='word_1_851' title='bbox 1225 2541 1347 2568; x_wconf 89' lang='lat' dir='ltr'><strong>muneris</strong></span> <span class='ocrx_word' id='word_1_852' title='bbox 1359 2541 1477 2575; x_wconf 78' lang='lat' dir='ltr'><strong>dignitas</strong></span> <span class='ocrx_word' id='word_1_853' title='bbox 1492 2545 1549 2568; x_wconf 85' lang='lat' dir='ltr'><strong>tam</strong></span> <span class='ocrx_word' id='word_1_854' title='bbox 1562 2539 1679 2567; x_wconf 85' lang='lat' dir='ltr'><strong>illustris</strong></span> 
     </span>
    </p>
   </div>
   <div class='ocr_carea' id='block_1_110' title="bbox 891 2586 1680 2621">
    <p class='ocr_par' dir='ltr' id='par_1_110' title="bbox 891 2586 1680 2621">
     <span class='ocr_line' id='line_1_111' title="bbox 891 2586 1680 2621; baseline 0 -9"><span class='ocrx_word' id='word_1_855' title='bbox 891 2592 936 2613; x_wconf 86' lang='lat' dir='ltr'><strong>aut</strong></span> <span class='ocrx_word' id='word_1_856' title='bbox 955 2586 1117 2614; x_wconf 83' lang='lat' dir='ltr'><strong>admiranda</strong></span> <span class='ocrx_word' id='word_1_857' title='bbox 1132 2588 1190 2614; x_wconf 82' lang='lat' dir='ltr'><strong>visa</strong></span> <span class='ocrx_word' id='word_1_858' title='bbox 1204 2595 1256 2614; x_wconf 92' lang='lat' dir='ltr'><strong>non</strong></span> <span class='ocrx_word' id='word_1_859' title='bbox 1271 2593 1314 2615; x_wconf 86' lang='lat' dir='ltr'><strong>est</strong></span> <span class='ocrx_word' id='word_1_860' title='bbox 1327 2610 1333 2619; x_wconf 77' lang='grc'><strong>,</strong></span> <span class='ocrx_word' id='word_1_861' title='bbox 1352 2593 1381 2615; x_wconf 86' lang='grc' dir='ltr'><strong>ιιι</strong></span> <span class='ocrx_word' id='word_1_862' title='bbox 1396 2607 1402 2619; x_wconf 90' lang='grc'><strong>,</strong></span> <span class='ocrx_word' id='word_1_863' title='bbox 1422 2587 1546 2621; x_wconf 79' lang='lat' dir='ltr'><strong>exemplo</strong></span> <span class='ocrx_word' id='word_1_864' title='bbox 1568 2587 1602 2614; x_wconf 88' lang='lat' dir='ltr'><strong>ah</strong></span> <span class='ocrx_word' id='word_1_865' title='bbox 1626 2587 1680 2613; x_wconf 77' lang='lat' dir='ltr'><strong>illis</strong></span> 
     </span>
    </p>
   </div>
   <div class='ocr_carea' id='block_1_111' title="bbox 891 2633 1680 2666">
    <p class='ocr_par' dir='ltr' id='par_1_111' title="bbox 891 2633 1680 2666">
     <span class='ocr_line' id='line_1_112' title="bbox 891 2633 1680 2666; baseline 0 -7"><span class='ocrx_word' id='word_1_866' title='bbox 891 2633 983 2666; x_wconf 84' lang='lat' dir='ltr'><strong>ducto,</strong></span> <span class='ocrx_word' id='word_1_867' title='bbox 999 2633 1045 2661; x_wconf 84' lang='lat' dir='ltr'><strong>alii</strong></span> <span class='ocrx_word' id='word_1_868' title='bbox 1069 2634 1101 2660; x_wconf 87' lang='lat' dir='ltr'><strong>ad</strong></span> <span class='ocrx_word' id='word_1_869' title='bbox 1123 2634 1303 2661; x_wconf 87' lang='lat' dir='ltr'><strong>imitationem</strong></span> <span class='ocrx_word' id='word_1_870' title='bbox 1319 2634 1428 2661; x_wconf 89' lang='lat' dir='ltr'><strong>virtutis</strong></span> <span class='ocrx_word' id='word_1_871' title='bbox 1441 2640 1536 2661; x_wconf 89' lang='lat' dir='ltr'><strong>eorum</strong></span> <span class='ocrx_word' id='word_1_872' title='bbox 1551 2638 1578 2660; x_wconf 87' lang='lat' dir='ltr'><strong>et</strong></span> <span class='ocrx_word' id='word_1_873' title='bbox 1594 2640 1680 2659; x_wconf 63' lang='lat' dir='ltr'><strong>aemu-</strong></span> 
     </span>
    </p>
   </div>
   <div class='ocr_carea' id='block_1_112' title="bbox 892 2679 1678 2715">
    <p class='ocr_par' dir='ltr' id='par_1_112' title="bbox 892 2679 1678 2715">
     <span class='ocr_line' id='line_1_113' title="bbox 892 2679 1678 2715; baseline -0.001 -10"><span class='ocrx_word' id='word_1_874' title='bbox 892 2679 1019 2706; x_wconf 82' lang='lat' dir='ltr'><strong>lationem</strong></span> <span class='ocrx_word' id='word_1_875' title='bbox 1046 2681 1158 2707; x_wconf 82' lang='lat' dir='ltr'><strong>excitari</strong></span> <span class='ocrx_word' id='word_1_876' title='bbox 1181 2685 1303 2715; x_wconf 79' lang='lat' dir='ltr'><strong>possent.</strong></span> <span class='ocrx_word' id='word_1_877' title='bbox 1319 2680 1377 2708; x_wconf 86' lang='lat' dir='ltr'><strong>Hoc</strong></span> <span class='ocrx_word' id='word_1_878' title='bbox 1399 2687 1464 2708; x_wconf 86' lang='lat' dir='ltr'><strong>vero</strong></span> <span class='ocrx_word' id='word_1_879' title='bbox 1488 2679 1556 2707; x_wconf 87' lang='lat' dir='ltr'><strong>nihil</strong></span> <span class='ocrx_word' id='word_1_880' title='bbox 1577 2679 1678 2706; x_wconf 79' lang='lat' dir='ltr'><strong>obstat.</strong></span> 
     </span>
    </p>
   </div>
   <div class='ocr_carea' id='block_1_113' title="bbox 890 2723 1678 2762">
    <p class='ocr_par' dir='ltr' id='par_1_113' title="bbox 890 2723 1678 2762">
     <span class='ocr_line' id='line_1_114' title="bbox 890 2723 1678 2762; baseline 0 -11"><span class='ocrx_word' id='word_1_881' title='bbox 890 2723 957 2752; x_wconf 73' lang='lat' dir='ltr'><strong>Nam</strong></span> <span class='ocrx_word' id='word_1_882' title='bbox 982 2730 1010 2753; x_wconf 87' lang='lat' dir='ltr'><strong>ct</strong></span> <span class='ocrx_word' id='word_1_883' title='bbox 1029 2729 1096 2754; x_wconf 87' lang='lat' dir='ltr'><strong>tunc</strong></span> <span class='ocrx_word' id='word_1_884' title='bbox 1118 2727 1228 2755; x_wconf 85' lang='lat' dir='ltr'><strong>virtutis</strong></span> <span class='ocrx_word' id='word_1_885' title='bbox 1245 2734 1340 2755; x_wconf 90' lang='lat' dir='ltr'><strong>eorum</strong></span> <span class='ocrx_word' id='word_1_886' title='bbox 1367 2726 1526 2762; x_wconf 68' lang='lat' dir='ltr'><strong>praestantia</strong></span> <span class='ocrx_word' id='word_1_887' title='bbox 1542 2726 1678 2754; x_wconf 84' lang='lat' dir='ltr'><strong>neminem</strong></span> 
     </span>
    </p>
   </div>
   <div class='ocr_carea' id='block_1_114' title="bbox 832 2818 947 2849">
    <p class='ocr_par' dir='ltr' id='par_1_114' title="bbox 832 2818 947 2849">
     <span class='ocr_line' id='line_1_115' title="bbox 832 2818 947 2849; baseline 0.035 -4"><span class='ocrx_word' id='word_1_888' title='bbox 832 2818 947 2849; x_wconf 81' lang='lat' dir='ltr'><strong>NOT/E.</strong></span> 
     </span>
    </p>
   </div>
   <div class='ocr_carea' id='block_1_115' title="bbox 98 2859 394 2898">
    <p class='ocr_par' dir='ltr' id='par_1_115' title="bbox 98 2859 394 2898">
     <span class='ocr_line' id='line_1_116' title="bbox 98 2859 394 2898; baseline 0.014 -11"><span class='ocrx_word' id='word_1_889' title='bbox 98 2859 147 2898; x_wconf 74' lang='grc' dir='ltr'><strong>ί</strong></span> <span class='ocrx_word' id='word_1_890' title='bbox 160 2861 234 2898; x_wconf 79' lang='lat' dir='ltr'><strong>Colb.</strong></span> <span class='ocrx_word' id='word_1_891' title='bbox 249 2871 299 2898; x_wconf 93' lang='lat' dir='ltr'><strong>pro</strong></span> <span class='ocrx_word' id='word_1_892' title='bbox 313 2862 394 2891; x_wconf 77' lang='grc' dir='ltr'>εἶναι.</span> 
     </span>
    </p>
   </div>
   <div class='ocr_carea' id='block_1_116' title="bbox 69 2894 837 2961">
    <p class='ocr_par' dir='ltr' id='par_1_116' title="bbox 69 2894 837 2961">
     <span class='ocr_line' id='line_1_117' title="bbox 69 2894 837 2961; baseline 0.003 -34"><span class='ocrx_word' id='word_1_893' title='bbox 167 2897 224 2926; x_wconf 77' lang='lat' dir='ltr'><strong>Act.</strong></span> <span class='ocrx_word' id='word_1_894' title='bbox 238 2894 274 2933; x_wconf 55' lang='lat' dir='ltr'><strong>Ii,</strong></span> <span class='ocrx_word' id='word_1_895' title='bbox 294 2899 326 2926; x_wconf 79' lang='grc'><strong>15</strong></span> <span class='ocrx_word' id='word_1_896' title='bbox 345 2899 406 2926; x_wconf 72' lang='grc' dir='ltr'>εὸτι</span> <span class='ocrx_word' id='word_1_897' title='bbox 426 2900 521 2932; x_wconf 73' lang='grc' dir='ltr'>σκεῦος</span> <span class='ocrx_word' id='word_1_898' title='bbox 558 2900 672 2936; x_wconf 76' lang='grc' dir='ltr'>ἐκλογῆς</span> <span class='ocrx_word' id='word_1_899' title='bbox 691 2910 736 2937; x_wconf 86' lang='grc' dir='ltr'><strong>μοι</strong></span> <span class='ocrx_word' id='word_1_900' title='bbox 764 2903 837 2929; x_wconf 74' lang='grc' dir='ltr'>ἐστὶν</span> 
     </span>
    </p>
   </div>
   <div class='ocr_carea' id='block_1_117' title="bbox 928 2869 1362 2905">
    <p class='ocr_par' dir='ltr' id='par_1_117' title="bbox 928 2869 1362 2905">
     <span class='ocr_line' id='line_1_118' title="bbox 928 2869 1362 2905; baseline 0.007 -9"><span class='ocrx_word' id='word_1_901' title='bbox 928 2869 984 2903; x_wconf 66' lang='grc'><strong>(47)</strong></span> <span class='ocrx_word' id='word_1_902' title='bbox 1000 2869 1037 2896; x_wconf 75' lang='lat' dir='ltr'><strong>Ex</strong></span> <span class='ocrx_word' id='word_1_903' title='bbox 1049 2870 1126 2897; x_wconf 87' lang='lat' dir='ltr'><strong>Colb.</strong></span> <span class='ocrx_word' id='word_1_904' title='bbox 1139 2878 1188 2905; x_wconf 88' lang='lat' dir='ltr'><strong>pro</strong></span> <span class='ocrx_word' id='word_1_905' title='bbox 1203 2871 1362 2903; x_wconf 79' lang='grc' dir='ltr'>πιστεύσας.</span> 
     </span>
    </p>
   </div>
   <div class='ocr_carea' id='block_1_118' title="bbox 926 2905 1246 2939">
    <p class='ocr_par' dir='ltr' id='par_1_118' title="bbox 926 2905 1246 2939">
     <span class='ocr_line' id='line_1_119' title="bbox 926 2905 1246 2939; baseline 0 -7"><span class='ocrx_word' id='word_1_906' title='bbox 926 2907 981 2939; x_wconf 67' lang='grc' dir='ltr'><strong>(ιδ)</strong></span> <span class='ocrx_word' id='word_1_907' title='bbox 1001 2905 1122 2939; x_wconf 70' lang='lat' dir='ltr'><strong>Lrgerim</strong></span> <span class='ocrx_word' id='word_1_908' title='bbox 1143 2906 1246 2939; x_wconf 79' lang='grc' dir='ltr'>μηδείς.</span> 
     </span>
    </p>
   </div>
  </div>
