1873 3063
192 147 247 182 755

768 161 900 193 PHOTII
919 162 1172 199 ΡΑΤΒΙΑΒΟΗΑΞ
1181 170 1235 200 CP;

1754 175 1803 207 ’156

198 204 308 238 latebat:
321 208 539 243 quandoquidem
553 211 615 240 illos
630 214 764 250 nonnulli,
779 218 920 252 gentilium
936 226 976 246 sa-

198 250 246 265 ητα
269 251 357 265 ...ημη
375 253 472 265 *μεμε
575 258 600 265 .,.
620 258 636 264 ..
804 263 809 265 ,
921 264 924 265 ,

1035 221 1108 255 ἔνιοι,
1134 224 1222 252 καίτοι
1233 225 1268 252 τὰ
1294 225 1428 262 Ἑλλήνων
1440 226 1481 254 ἔτι
1495 227 1658 260 θειάζοντες,
1676 230 1803 265 γεραίρειν

191 250 247 278 cris
268 251 357 280 adhuc
374 253 485 289 addicti,
511 258 653 287 sacriﬁciis
679 250 810 297 prosequi
834 267 861 290 et
884 264 975 292 colere

192 294 369 324 instituebant
379 298 412 326 “.
447 299 507 336 ipse
538 309 647 338 quoque
672 294 780 334 Paulus-
796 312 889 343 aperte
914 308 974 337 ait:

194 340 362 371 clmitatores
373 345 424 371 mei
436 351 534 379 estote,
548 348 777 383 quemadmodum
792 340 822 379 et
831 361 882 389 ego
893 354 975 382 ειη-ί-

191 386 224 412 sti
237 393 298 414 sum
312 387 345 414 ".
360 397 370 414 ›
398 388 559 420 Sublimitas
581 393 664 429 igitur
678 395 809 429 hominis,
831 386 974 426 humiliter

189 430 223 458 de
236 439 266 459 se
279 434 432 468 sentientis,
445 440 487 464 est
501 437 652 472 humilitas,
670 449 725 476 qua
740 443 853 477 quidem
870 444 906 471 ita
922 445 974 472 sibi

189 475 314 510 placere,
337 477 464 515 bonoque
491 483 583 511 animo
611 475 684 514 esse?
699 491 726 514 et
752 487 835 515 laetari
857 495 972 524 oportet,

190 529 273 556 quam
293 523 401 552 hetatur
413 527 491 561 alias,
510 530 556 564 qui
575 530 684 560 divitias
699 541 795 561 omnes
816 535 974 563 hominum-

189 576 244 603 que
256 569 370 604 gloriam
383 578 478 602 nactus
497 576 547 609 sit,
570 581 597 604 et
608 578 635 605 in
651 587 778 615 promptu
800 581 905 609 habeat.
921 581 974 615 Qui

190 613 264 640 enim
280 614 316 642 ita
339 617 404 644 etin
431 618 473 647 his
496 621 608 655 quidem
636 624 718 652 rebus
731 613 855 654 humilis
874 613 974 660 cst,wis

191 657 277 687 Deum
305 661 395 696 habet,
425 672 455 692 se
483 666 645 696 exaltantem
672 675 698 697 et
717 671 898 700 evehentem:
921 673 975 707 Qui

190 703 259 730 enim
275 713 302 731 se
326 706 469 741 Immiliat,
493 709 621 745 inquit“,
647 713 822 750 exaltabitur,
840 716 888 751 qui
909 724 975 744 vero

191 755 286 778 contra
303 759 332 778 se
347 754 465 787 exaltat,
489 756 533 783 ille
559 757 645 785 Deum
663 760 715 786 sibi
737 761 925 790 adversantem
949 769 977 791 et

191 795 393 832 bumiliantem,
410 805 437 826 et
450 801 510 836 ipso
531 803 581 831 hoc
599 806 762 840 arrogantia:
774 807 838 834 llatu
851 815 976 844 vanaque

186 839 317 873 iactantia
342 842 369 869 in
391 849 492 872 terram
515 839 688 882 dejicientetu
709 853 876 886 experietur.
894 854 975 882 Vides

190 885 282 920 itaque
303 887 497 918 sublimitatem
522 898 651 922 extremae
670 885 830 925 humilitatis
849 907 972 933 causam,
988 889 1012 920 Β

189 931 265 960 vides
273 933 454 963 humilitatem
466 938 493 965 in
504 940 602 967 coelum
616 943 764 976 tollentem;
775 947 912 980 quomodo
924 931 976 975 ita;

188 985 242 1010 que
255 979 327 1006 bono
335 981 428 1009 animo
439 991 492 1010 non
508 985 583 1018 sit”,
595 988 763 1023 etglorietur
773 979 838 1022 ,boc
846 993 976 1024 est,laate-

189 1029 234 1051 tur
246 1029 274 1053 et
286 1027 407 1054 conﬁdat
428 1029 454 1056 in
476 1030 522 1058 illa
539 1031 704 1062 humilitatis
717 1044 773 1064 sua:
786 1038 975 1067 sublimitate?

224 1070 293 1099 Num
308 1073 399 1108 itaque
414 1075 513 1105 divites
525 1078 571 1105 illa
586 1081 727 1109 cvectione
754 1088 780 1110 et
810 1084 976 1113 exaltatione

188 1117 310 1146 destituti
323 1121 408 1148 sunt?
423 1121 480 1150 Hoc
496 1124 605 1158 quidem
631 1134 686 1154 non
706 1127 831 1163 dixerim,
859 1131 924 1166 quia
948 1136 976 1159 et

189 1162 322 1193 Dominus
339 1172 432 1195 noster
443 1176 498 1196 non
521 1171 618 1199 divites
646 1181 680 1200 ex
694 1182 778 1209 regno
792 1183 843 1203 suo
866 1178 975 1213 propel-

188 1209 227 1242 lit,
245 1211 292 1238 sed
310 1218 357 1239 e05
371 1218 487 1247 tantum,
499 1217 545 1251 qui
561 1217 669 1246 divitias
684 1228 748 1248 suas
763 1228 873 1257 augent,
886 1224 975 1252 curis-

185 1263 239 1290 que
267 1259 324 1286 suis
341 1259 391 1286 toti
408 1261 487 1289 avide
503 1263 556 1291 illis
574 1264 693 1298 inhiant,
713 1268 816 1303 quique
837 1271 974 1298 sollicitu-

184 1301 274 1329 dinem
294 1311 372 1331 suam
388 1313 498 1334 omnem
527 1309 663 1338 thesauris
693 1313 834 1348 alligantes
851 1316 973 1343 animum

185 1348 212 1374 in
227 1352 299 1377 terra
332 1359 464 1387 auroque,
494 1359 625 1390 tanquam
650 1358 677 1384 in
703 1366 814 1388 carcere
843 1362 972 1396 quodam,

184 1395 322 1424 defossum
337 1403 366 1425 et
378 1399 499 1427 vinetum
523 1403 732 1433 circumferunt.
759 1407 862 1435 Horum
883 1410 972 1437 homi-

185 1449 251 1468 num
265 1444 412 1472 amentiam
431 1447 571 1483 castigans
589 1450 714 1479 Salvator
731 1454 768 1480 ait
783 1463 789 1481 :
810 1464 819 1480 ε
836 1455 886 1483 Ubi
914 1457 973 1485 the-

184 1495 284 1516 saurus
297 1494 389 1518 vester
402 1497 454 1525 est,
471 1493 507 1520 ibi
518 1499 545 1522 et
556 1503 603 1523 cor
613 1502 655 1524 est
667 1498 699 1524 ⁸⁸.
715 1507 725 1524 ι
747 1499 888 1534 Ejusmodi
903 1503 972 1530 divi-

183 1535 257 1562 tibus
272 1536 381 1565 cceleste
393 1538 562 1569 domicilium
580 1543 749 1572 inaccessum
771 1551 814 1574 est
831 1556 837 1574 :
866 1558 875 1574 ‹
893 1548 970 1577 Faci~

182 1579 291 1615 litusque
304 1587 356 1614 est,
375 1588 404 1611 ut
419 1586 543 1614 camelus
558 1595 606 1622 per
620 1588 742 1618 foramen
758 1599 825 1621 acus
850 1598 970 1622 transeat

180 1633 265 1659 quam
292 1632 321 1654 ut
342 1628 379 1656 illi
406 1638 519 1666 regnum
543 1633 674 1662 ctelorum
699 1636 888 1672 ingrediantur
907 1640 939 1668 ".
957 1651 967 1667 ι

183 1672 325 1704 Quomodo
338 1675 431 1711 itaque
445 1677 543 1707 divites
564 1680 761 1717 ingredientur,
781 1690 807 1712 et
831 1688 970 1721 quomodo

183 1718 303 1747 cmlestis
318 1721 413 1750 civitas
425 1724 466 1751 eis
481 1724 624 1761 obtinget?
638 1727 666 1754 Si
695 1718 882 1759 Abrahamum
911 1733 970 1760 imi.

184 1768 284 1797 texitur,
307 1766 332 1793 si
346 1766 456 1800 Jobum,
477 1771 502 1797 si
515 1771 579 1798 boni
596 1773 663 1801 liant
683 1775 840 1805 divitiarum
858 1787 970 1808 oecono-

182 1809 229 1841 mi.
244 1818 298 1838 non
311 1818 403 1841 autem
429 1817 506 1849 parvi
532 1818 645 1852 quidam
675 1823 794 1856 tyranni,
816 1831 968 1860 pauperum

182 1855 308 1884 solatium
322 1865 383 1885 cum
402 1868 456 1887 non
476 1862 577 1891 minori
594 1872 660 1898 sum,
679 1867 787 1903 sibique
808 1875 905 1898 natura
930 1873 970 1900 si-

182 1901 299 1935 milium,
313 1904 411 1932 salutis
424 1906 566 1941 dispendio
580 1910 702 1939 clavibus
714 1901 888 1951 et‘repagulis
900 1918 970 1945 mul—

182 1948 217 1974 tis
231 1955 399 1979 coercentes.
420 1953 564 1986 Quomodo
586 1965 650 1985 vero
678 1960 753 1988 dives
777 1969 810 1990 eo
834 1963 970 1992 ducetur?

180 1996 207 2019 et
217 1993 282 2027 q-Iid
296 1995 405 2027 elﬁciet,
426 2002 456 2025 ut
475 2003 529 2026 tam
546 2002 674 2034 praeclare
701 2005 782 2039 agat?
803 2006 906 2039 Animi,
928 2008 970 2035 in-

180 2039 253 2072 quit,
268 2040 408 2069 demissio.
425 2042 453 2070 Si
479 2045 551 2072 enim
568 2048 690 2082 seipsum
712 2055 850 2084 extenuet,
867 2060 916 2080 nec
930 2053 969 2080 ἰη-

180 2084 242 2112 ﬂari
256 2092 285 2113 se
300 2087 432 2121 patiatur,
450 2097 538 2126 neque
551 2100 619 2121 auro
631 2099 658 2122 et
674 2095 778 2124 divitiis
806 2097 927 2132 glorians
943 2105 970 2127 et

179 2130 316 2159 distentus
329 2133 356 2160 in
374 2136 521 2164 amentiam
543 2147 663 2174 praeceps
677 2146 750 2173 ruat,
778 2130 851 2170 novit
876 2144 969 2179 utique

181 2176 249 2205 nihil
269 2177 365 2206 horum
377 2187 457 2208 suum
474 2191 546 2216 esse,
560 2185 664 2213 nudum
687 2193 717 2214 se
731 2194 764 2214 ex
789 2194 883 2217 ventre
922 2198 967 2219 ma

180 2223 230 2251 tris
245 2231 302 2252 suae
316 2226 428 2258 exiisse,
443 2229 534 2256 omnia
550 2230 596 2258 Dei
610 2239 682 2264 esse,
702 2232 796 2268 illique
808 2234 887 2264 facile
900 2244 961 2265 esse

179 2270 310 2297 utomnia
330 2270 377 2299 illa
398 2273 450 2300 sibi
473 2274 580 2309 eripiat,
608 2281 636 2303 et
661 2277 688 2304 in
714 2279 783 2307 alios
806 2281 962 2316 transferat,

179 2314 293 2351 darique
316 2316 382 2351 haec,
419 2327 472 2347 non
493 2325 523 2347 ut
547 2322 663 2356 proximi
685 2324 767 2353 rebus
801 2329 964 2357 necessariis

178 2361 329 2397 priventur,
343 2365 391 2393 sed
410 2370 440 2393 ut
460 2374 554 2394 eorum
570 2376 631 2403 quae
645 2369 702 2404 ipse
716 2373 829 2408 accepit,
848 2375 964 2403 reddan-

178 2411 222 2434 tur
235 2409 392 2443 participes.
411 2409 500 2438 Taceo
514 2413 566 2440 alia
579 2415 730 2449 complura.
749 2417 851 2446 Horum
863 2427 963 2453 gnarus

178 2451 234 2483 ille,
250 2452 308 2480 hmc
324 2454 416 2482 animo
430 2456 583 2491 revolvens,
593 2458 681 2486 datori
697 2462 798 2495 gratias
811 2465 876 2499 agit.
907 2466 963 2493 No-

176 2497 217 2524 vit
230 2505 260 2525 se
269 2505 330 2526 esse
344 2498 506 2534 debitorem,
521 2505 664 2539 praeceptis
676 2506 747 2541 ejus,
757 2508 803 2543 qui
816 2517 846 2537 se
857 2515 884 2538 et
900 2519 963 2540 con-

176 2543 246 2571 didit
264 2548 292 2572 et
309 2545 416 2579 ditavit,
446 2548 560 2578 audiens
586 2555 636 2584 est,
663 2553 817 2590 opibusque
837 2557 904 2590 suis,
933 2563 963 2587 ut

177 2589 277 2617 alienis
311 2591 407 2624 utitur,
426 2599 528 2628 easque
550 2596 732 2632 administrat,
747 2589 789 2627 vel
814 2601 850 2629 ita
872 2589 963 2638 potius

176 2635 363 2669 administrat,
380 2642 409 2666 ut
438 2641 557 2670 maxime
578 2651 634 2671 suat
659 2645 725 2678 sint,
759 2654 808 2674 sua
828 2648 872 2676 illa
901 2658 962 2679 esse

178 2681 353 2716 existimans,
376 2688 403 2712 et
434 2685 549 2721 faciens,
576 2696 636 2724 quae
669 2690 698 2718 in
715 2691 838 2726 ejusdem
863 2698 890 2721 et
915 2703 963 2723 na-

1025 268 1074 295 καὶ
1092 271 1176 306 τιμᾷν
1190 271 1368 307 ἐμελέτησαν.
1384 273 1440 300 Καὶ
1452 273 1532 305 αὐτὸς
1543 274 1572 301 δὲ
1585 274 1691 306 Παῦλος
1704 276 1733 302 ὲν
1743 277 1803 312 παῤ-

1026 314 1108 350 ρησίᾳ
1124 316 1215 351 φησίν·
1236 318 1386 354 «Μιμηταί
1408 327 1458 354 μου
1487 319 1594 353 γίνεσθε
1623 320 1713 353 καθὼς
1738 321 1803 355 κάγὼ

1025 361 1154 396 Χριστοῦ.
1167 372 1177 388 ι
1196 363 1282 398 ’Υψος
1292 364 1338 391 οὖν
1347 365 1395 392 τοῦ
1409 366 1685 401 ταπεινοφρονοῦντος
1696 367 1804 402 ἁνδρὺςή

1024 409 1270 445 ταπεινοφροσύνῃ,
1281 411 1310 437 ἐν
1320 407 1430 447 ᾖοῦτως
1443 411 1642 447 θεραπεύεσθαι
1654 413 1703 445 δεῖ,
1715 414 1760 440 καὶ
1768 415 1803 440 εὑσ

1025 452 1131 488 θυμετν,
1146 455 1194 482 καὶ
1206 457 1294 491 χαρᾶς
1308 457 1479 493 πληροῦσθαι
1493 459 1542 493 τὴν
1559 459 1658 494 ψυχὴν,
1682 459 1720 492 ὡς
1734 460 1758 487 εί
1767 469 1804 492 τις

1024 498 1104 531 ἄλλος
1123 500 1168 527 τὸν
1195 501 1340 536 σύμπαντα
1364 503 1478 531 πλοῦτον
1500 505 1547 531 καὶ
1575 504 1624 541 τὴν
1640 505 1803 542 ἀνθρωπίνην

1024 545 1102 578 δόξαν
1122 547 1164 583 εῐη
1187 549 1428 585 περιϐεϐλημένος,
1454 551 1501 578 καὶ
1527 552 1649 587 κατέχων
1675 553 1756 588 χειρί.
1778 554 1803 580 '0

1026 590 1077 624 μὲν
1090 591 1144 627 γὰρ
1178 592 1249 620 οὕτω
1272 595 1319 622 καὶ
1344 596 1374 622 ὲν
1402 595 1508 628 τούτοις
1532 598 1661 628 ταπεινὸς
1690 599 1735 625 τὸν
1744 598 1802 625 Θεὸν

1025 636 1143 670 ὑψοῦντα
1158 637 1224 674 ἔχει,
1248 639 1296 666 καὶ
1314 640 1370 667 ἄνω
1385 641 1502 668 τιθέντα.
1519 651 1528 667 ι
1555 642 1584 669 '0
1599 643 1653 679 γὰρ
1680 643 1805 670 ταπεινῶν

1025 683 1130 715 ἑαυτὸν.
1146 685 1237 720 φησὶν,
1254 685 1436 721 ὑψωθήσεται,
1456 696 1466 713 ι
1484 687 1498 713 ό
1513 687 1536 714 δ’
1551 688 1716 720 ἀπεναντίας
1730 689 1805 724 ὐψού-

1027 737 1107 764 μενος
1124 730 1220 757 τούτου
1233 732 1278 758 τὸν
1293 732 1359 759 Θεὸν
1381 734 1609 770 ἀντιτασσόμενον
1631 735 1753 771 εὑρήσει,
1766 737 1806 762 καὶ

1025 775 1204 803 ταπεινοῦντα
1215 797 1222 809 ,
1248 777 1295 804 καὶ
1311 779 1352 810 είς
1369 778 1420 813 γῆν
1433 778 1495 814 (49)
1511 780 1585 814 αὑτῷ
1608 781 1747 815 φυσήματι
1765 781 1806 807 καὶ

1028 820 1135 856 ματαίῳ
1152 822 1251 857 κόμπῳ
1276 824 1490 852 καταϐάλλοντα.
1506 824 1583 857 Εἶδες
1603 825 1670 861 ὕψος
1697 827 1806 862 ἐσχάτης

1026 867 1111 893 αἴτιον
1123 867 1323 902 ταπεινώσεως,
1342 867 1412 902 εἶδες
1439 871 1603 898 ταπείνωσιν
1633 873 1674 903 είς
1701 872 1806 908 οὐρανὶν

1027 912 1225 948 ἀναφέρουσαν,
1241 915 1300 946 πῶς
1323 915 1373 942 οὐκ
1389 915 1422 942 ἄν
1435 925 1477 948 τις
1492 916 1610 952 εὔθυμος
1628 917 1670 952 εῖη
1687 919 1735 944 καὶ
1747 927 1805 944 καυ-

1026 958 1133 992 χήσαιτ*
1146 960 1156 993 (
1168 958 1220 992 50)
1233 959 1266 986 ἂν
1287 960 1399 992 είκότως
1412 980 1420 992 ,
1448 961 1583 992 τουτέστι,
1609 962 1739 998 τερφθείη
1765 963 1805 989 καὶ

1027 1003 1158 1040 θαρῤήσει
1173 1005 1218 1032 ἐπὶ
1229 1005 1268 1041 τῷ
1281 1005 1344 1042 ὕψει
1367 1007 1450 1034 αὐτοῦ
1465 1009 1515 1043 τῆς
1529 1008 1720 1041 ταπεινώσεως
1733 1018 1741 1042 ;

1064 1092 1096 1118 Τί
1112 1089 1158 1119 οὖν
1173 1094 1197 1120 οἱ
1216 1093 1338 1121 πλούσιοι
1349 1095 1451 1131 ταύτης
1471 1097 1632 1133 ἐστέρηνται
1645 1099 1696 1134 τῆς
1710 1100 1804 1133 ἀναγω-

1025 1137 1080 1172 γῆς
1091 1138 1140 1165 καὶ
1153 1139 1284 1174 ὑψώσεως
1298 1149 1305 1174 ;
1321 1141 1360 1167 Οὐ
1374 1141 1453 1168 τοῦτό
1467 1150 1550 1177 φημι,
1563 1144 1624 1170 ἐπεὶ
1638 1145 1711 1171 καὶὸ
1725 1146 1806 1177 κοινὸς

1024 1184 1163 1219 Δεσπότης
1176 1185 1205 1211 οὑ
1223 1186 1286 1216 τοὺς
1301 1186 1446 1219 πλουσίους
1461 1188 1586 1215 ἐκϐάλλει
1599 1190 1649 1224 τῆς
1660 1190 1802 1224 βασιλείας,

1023 1231 1086 1263 τοὺς
1101 1231 1129 1257 δὲ
1144 1232 1365 1267 προστετηκότας
1380 1233 1540 1270 τῷπλούτῳ
1556 1236 1602 1262 καὶ
1616 1238 1675 1268 ταῖς
1704 1237 1805 1272 φροντί-

1024 1284 1066 1303 σιν
1087 1276 1155 1309 ὅλως
1187 1277 1256 1312 πρὸς
1282 1278 1362 1305 αὑτὸν
1382 1279 1508 1311 νεύοντας
1521 1281 1566 1307 καὶ
1579 1282 1772 1317 ἐπτοημένους,
1784 1281 1805 1308 οἶ

1022 1321 1071 1356 τὴν
1102 1321 1238 1357 μέριμναν
1264 1324 1354 1351 πᾶσαν
1384 1327 1440 1356 τοῖς
1469 1325 1615 1361 θησαυροῖς
1630 1327 1804 1362 ἐνδησάμενοι

1023 1366 1132 1401 ἔχουσιν
1162 1367 1200 1400 ὠς
1217 1369 1247 1394 ὲν
1274 1369 1455 1406 δεσμωτηρίῳ
1479 1372 1511 1407 τῇ
1527 1373 1561 1407 γῇ
1580 1373 1628 1398 καὶ
1655 1373 1695 1408 τῷ
1721 1373 1808 1408 χρυσῷ

1022 1415 1270 1449 κατορωρυγμένας
1297 1417 1344 1443 καὶ
1361 1418 1551 1453 πεπεδημένας
1578 1419 1676 1445 αὐτῶν
1696 1420 1746 1452 τὰς
1759 1420 1807 1455 ψυ-

1022 1461 1080 1494 χάς.
1096 1457 1146 1488 ’Ὧν
1170 1462 1217 1488 καὶ
1242 1462 1291 1497 τὴν
1323 1463 1415 1490 ἄνοιαν
1434 1464 1624 1499 στηλιτεύωνό
1643 1466 1740 1502 Σωτὴρ
1755 1467 1808 1493 ἕλε-

1021 1515 1080 1540 γενο
1098 1517 1107 1533 t
1131 1508 1252 1536 Ὀπου·ὸ
1268 1509 1404 1545 θησαυρὸς
1425 1510 1512 1546 ὑμῶν,
1535 1513 1594 1539 ἐκεῖ
1621 1513 1668 1539 καὶ
1681 1514 1699 1548 ὴ
1715 1514 1809 1549 καρδία

984 1563 1005 1591 c
1022 1554 1108 1588 ὑμῶν.
1129 1564 1138 1580 ι
1154 1555 1267 1588 Τούτοις
1290 1558 1347 1588 τοῖς
1373 1558 1511 1590 πλουσίοις
1527 1559 1655 1594 ἄσατοςή
1688 1560 1809 1596 οὐράνιος

1022 1599 1152 1632 πολιτεία,
1169 1601 1217 1627 καὶ
1232 1611 1241 1627 ί
1260 1602 1454 1638 Εὐκοπώτερον
1469 1604 1527 1630 ἐστι
1542 1605 1665 1639 κάμηλον
1689 1605 1735 1632 διὰ
1748 1614 1809 1641 τρυ-

1022 1645 1120 1679 μαλιᾶς
1134 1647 1244 1681 ῥαφίδος
1259 1648 1382 1680 διελθεῖν,
1395 1649 1411 1685 ἢ
1425 1651 1535 1682 τούτους
1550 1651 1590 1682 είς
1603 1651 1651 1685 τὴν
1665 1651 1723 1677 τῶν
1731 1651 1809 1685 οὐρα·

1021 1691 1073 1716 νῶν
1089 1691 1252 1726 βασιλείαν.)
1269 1694 1331 1725 Πῶς
1355 1692 1401 1721 οὖν
1416 1695 1618 1722 είσελεύσονται
1631 1697 1655 1723 οί
1677 1697 1808 1729 πλούσιοι,

1021 1736 1069 1762 καὶ
1083 1737 1183 1772 κλῆρος
1210 1739 1304 1771 αὐτοῖς
1319 1739 1395 1766 ἔσται
1412 1741 1448 1767 τὰ
1473 1741 1587 1776 οὐράνια
1602 1741 1808 1777 πολιτεύματα;

1023 1783 1071 1809 Ἂν
1088 1784 1225 1818 μιμῶνται
1237 1785 1283 1811 τὸν
1308 1785 1441 1821 Ἀϐραὰμ,
1460 1786 1493 1813 ἂν
1505 1787 1551 1814 τὸν
1575 1787 1645 1820 Ἰὼὸ,
1660 1787 1695 1815 ἃν
1712 1789 1797 1815 οίκονό

1022 1837 1066 1863 μοι
1082 1828 1158 1855 καλοὶ
1176 1829 1224 1856 τοῦ
1247 1830 1375 1863 πλούτου,
1403 1832 1471 1859 ἀλλὰ
1490 1833 1527 1868 μὴ
1553 1833 1647 1868 μικροὶ
1662 1834 1808 1861 καθίσταν-

1020 1883 1065 1901 ται
1087 1874 1310 1910 τύραννοι,οὺδὲν
1326 1877 1435 1904 ἔλαττόν
1445 1887 1474 1904 τε
1490 1879 1626 1913 όμοφυοῧς
1639 1879 1656 1914 ἢ
1683 1880 1735 1914 τῆς
1752 1880 1809 1905 ἐαυ-

1019 1920 1074 1946 τῶν
1091 1921 1227 1956 σωτηρίας
1240 1922 1348 1954 πολλοῖς
1362 1923 1499 1958 κλείθροις
1514 1925 1562 1951 καὶ
1576 1925 1685 1960 μοχλοῖς
1697 1925 1747 1960 τὴν
1760 1924 1810 1951 τῶν

1021 1965 1144 2000 πενήτων
1181 1967 1357 2001 παραμυθίαν
1384 1969 1616 2001 ἐναποκλείοντες.
1635 1970 1722 1997 Πόθεν
1747 1971 1775 1997 δὲ
1797 1971 1810 1997 ὸ

1020 2010 1148 2042 πλούσιος
1164 2012 1204 2043 είς
1223 2011 1325 2047 ταύτην
1344 2014 1393 2048 τὴν
1415 2015 1515 2048 πρᾶξιν
1531 2015 1675 2050 ἁφίξεται;
1702 2017 1750 2043 καὶ
1770 2018 1809 2048 τίς

1020 2056 1094 2083 αίτία
1118 2057 1164 2083 καὶ
1186 2057 1236 2084 τοῦ
1252 2059 1465 2094 κατορθώματος
1482 2069 1489 2094 ;
1509 2061 1808 2096 Ἥ(51)ταπείνωσις,

1021 2102 1113 2137 φησίν.
1135 2103 1196 2130 Ἐὰν
1217 2104 1272 2139 γὰρ
1293 2106 1451 2142 ταπεινώσῃ
1473 2107 1568 2134 ἑαυτὸν
1583 2129 1591 2140 ,
1610 2109 1657 2134 καὶ
1684 2110 1716 2136 οὺ
1743 2109 1808 2144 πρὸς

1021 2147 1154 2181 φυσίωσιν
1179 2150 1297 2185 ἐπαρθῇ,
1325 2151 1380 2177 οὐδ’
1405 2152 1445 2183 είς
1470 2153 1600 2180 ἀπόνοιαν
1625 2155 1746 2190 ἐμπέσῃ.
1773 2154 1810 2189 τῷ

1021 2192 1113 2227 χρυσῷ
1130 2193 1177 2219 καὶ
1199 2193 1305 2229 πλούτῳ
1332 2196 1519 2231 γαυρούμενός
1533 2206 1563 2223 τε
1587 2198 1634 2224 καὶ
1648 2198 1808 2233 διογκούμς-

964 2257 971 2269 ,
989 2235 1010 2263 D
1025 2245 1080 2269 νος,
1101 2235 1181 2271 οῐδεν,
1197 2239 1238 2266 ὅτι
1266 2240 1368 2268 τούτων
1378 2242 1454 2268 οὐδέν
1479 2243 1553 2269 ἐστιν
1570 2243 1635 2271 ἴδιον
1660 2245 1810 2276 αὑτοῠ,ὅτι

1017 2283 1107 2311 πάντα
1117 2284 1316 2319 ὲστὶτοῡεθεοῦ,
1330 2287 1370 2313 ὅτι
1383 2287 1447 2323 ῥᾷόν
1457 2288 1530 2315 ἐστιν
1541 2289 1688 2323 ἀφελέσθαι
1703 2291 1754 2325 μὲν
1766 2290 1810 2317 αὒ-

1021 2330 1067 2356 τοῦ
1084 2330 1181 2362 ταῦτα,
1211 2332 1251 2362 είς
1264 2332 1374 2366 ἑτέρους
1387 2333 1415 2359 δὲ
1427 2336 1612 2368 μετενεγκεῖν,
1624 2336 1665 2362 ὅτι
1680 2339 1768 2363 ταῦτα
1779 2336 1811 2362 δίο

1017 2374 1124 2410 omni},
1135 2376 1184 2411 οὺχ
1196 2376 1239 2402 ἵνα
1252 2377 1401 2412 στέρωνται
1412 2379 1467 2405 τῶν
1479 2380 1637 2414 ἀναγκαίων
1649 2381 1675 2407 οῑ
1685 2381 1808 2416 πλησίον.

1019 2420 1075 2447 ἀλλ’
1091 2420 1134 2446 ἴνα
1147 2420 1234 2455 ἔχοιεν
1251 2422 1283 2448 ἐκ
1294 2421 1342 2448 τοῦ
1354 2422 1482 2456 λαϐόντος
1497 2425 1728 2461 μεταλαμϐάνειν.
1743 2426 1803 2452 Ὀτι

1017 2467 1101 2502 μυρία
1114 2466 1191 2494 ἄλλα.
1202 2468 1257 2494 Καὶ
1265 2468 1351 2495 ταῦτα
1366 2469 1455 2502 εἰδὼς,
1469 2471 1583 2503 καὶτοῖς
1597 2472 1688 2506 λόγοις
1702 2472 1808 2499 ἀνελίσ-

1017 2521 1071 2539 σων
1091 2512 1249 2548 εὐχαριστεῖ
1265 2513 1304 2549 τῷ
1329 2514 1433 2550 δοτῆρι.
1454 2514 1532 2543 Οἶδεν
1548 2517 1644 2543 ἑαυτὸν
1658 2517 1808 2552 χρεώστην,

1016 2557 1140 2585 πείθεται
1154 2559 1210 2590 τοῖς
1220 2559 1267 2586 τοῦ
1280 2559 1432 2593 πλάσαντος
1441 2562 1534 2594 αὑτὸν,
1547 2563 1594 2589 καὶ
1607 2564 1808 2594 πλουτίσαντος,

1016 2605 1120 2639 νόμοις,
1145 2604 1184 2636 ὼς
1211 2606 1361 2640 ἀλλοτρίων
1378 2607 1433 2634 τῶν
1465 2608 1539 2636 ἰδίων
1566 2610 1726 2645 προΐσταται
1742 2629 1750 2642 ,
1765 2609 1809 2636 καὶ

1015 2651 1101 2678 ταῦτα
1117 2651 1263 2686 οἰκονομεῖ,
1280 2653 1381 2687 μᾶλλον
1399 2654 1427 2680 δὲ
1440 2654 1478 2686 ὡς
1501 2655 1618 2691 μάλιστα
1633 2656 1706 2682 ίδίων
1723 2663 1731 2670 ·
1757 2655 1808 2681 ίδια

1016 2698 1062 2725 καὶ
1074 2697 1257 2732 λογιζόμενος,
1278 2699 1325 2725 καὶ
1341 2700 1513 2736 ποιούμενος,
1527 2702 1578 2729 ὅσα
1589 2703 1659 2738 (52)
1670 2703 1732 2733 τοὺς
1746 2702 1808 2736 ὁμο-

204 2741 230 2756 "
249 2740 310 2769 Act.
327 2751 382 2776 xw,
404 2744 446 2772 l5.
478 2746 499 2762 °'
517 2746 526 2773 1
553 2747 615 2775 (lor.
633 2756 671 2782 xi,
691 2749 714 2776 l.
743 2751 765 2766 ‘4
784 2750 850 2780 Luc.
870 2760 946 2787 xvtn,
968 2756 1008 2783 li.
1040 2756 1063 2771 ⁸⁷
1073 2755 1130 2783 Jac.
1150 2762 1186 2789 iv,
1205 2754 1231 2781 6.
1271 2756 1293 2771 εκ
1306 2755 1402 2784 Matth.
1425 2766 1460 2791 vl,
1474 2759 1518 2786 ‘21.
1546 2758 1671 2787 "Matth.
1690 2766 1745 2790 nx,
1763 2756 1805 2784 Ωιι

908 2808 911 2815 ’
937 2814 1050 2843 NOTAE.

216 2850 274 2891 ti?)
287 2850 327 2891 εἰς
346 2851 399 2885 γῆν
416 2851 493 2891 Co");
509 2861 560 2891 pro
579 2855 672 2891 ὀργήν.

216 2885 276 2920 {59)
292 2885 330 2914 id.
342 2894 394 2922 pro
404 2885 540 2923 magar“?

1060 2861 1115 2902 (E1)
1130 2861 1151 2902 Σ]
1163 2861 1232 2902 ¹Εε⁰ι
1246 2868 1295 2902 ντί)
1312 2862 1338 2895 ἢ·

1058 2896 1115 2931 (52)
1129 2896 1206 2924 Colb.
1219 2903 1268 2930 pro
1279 2896 1340 2930 ἕσφ.
