1873 3063
73 181 115 213 157
513 185 563 215 AD
580 182 878 216 AMPHILOCHIUM
896 183 1070 222 QUIESTIO
1086 186 1240 219 CXXXVI.

1629 187 1681 220 758

70 241 170 272 πίστους
183 241 232 268 καὶ
244 238 375 276 ὑμοφυεῖς
388 240 465 276 ίσχὺν
479 241 573 276 εἴληφε
587 241 758 277 θεραπεύειν,
771 241 809 269 οὓ·

940 244 1074 271 aeetﬂdei
1101 250 1244 273 consortes
1263 244 1420 273 conferendi
1452 245 1558 280 copiam
1584 247 1679 274 nanci<

69 287 152 323 πράως
165 289 222 319 τοις
236 287 372 322 δεομένοις
391 287 530 324 ἐπαρκῶν,
545 288 617 315 οὕτω
631 288 840 324 φιλανθρώπως,

68 332 145 365 οὕτως
159 333 337 368 οἰκονομικῶς
347 354 353 366 ,
369 334 407 365 ὡς
419 334 474 360 τῶν
491 333 589 360 κοινῶν
605 333 693 368 φύλαξ
709 335 757 361 καὶ
771 336 842 361 οίκο-

68 378 138 414 νόμος
149 378 256 413 ταχθεὶς
271 379 303 405 ὲκ
316 378 393 405 Θεοῦ.
419 378 512 413 Ὁρᾷς,
529 377 602 409 ὅπως
624 379 671 404 καὶ
697 378 743 404 τὸν
758 378 842 404 πλοῦ-

68 425 142 459 σιονή
155 424 318 456 ταπείνωσις
335 424 461 460 λαμπρὸν
493 425 539 450 καὶ
553 424 654 459 ὑψηλὸν
668 424 716 451 καὶ
728 425 778 459 τῆς
794 424 842 459 βα-

68 470 156 501 σιλείας
171 470 244 502 ἀξιον
264 467 410 504 ἀποφαίνει
423 475 431 503 ';
445 470 494 497 Διὰ
519 470 598 496 τοῦτό
621 475 713 504 φησιν,
732 479 742 496 ι
764 468 793 497 '0
812 469 841 496 δὲ

67 515 180 547 πλούσιος
208 516 355 551 καυχάσθω
368 518 397 542 ὲν
410 517 442 551 τῇ
466 515 628 542 ταπεινώσει
654 514 748 542 αὐτοῦ.
765 525 775 542 ι
798 512 842 542 Ἐν

69 561 150 597 ταύτῃ,
158 563 250 597 φησὶν,
265 561 399 594 ἐλπιζέτω
410 562 443 597 τῇ
457 560 629 588 ταπεινώσει’
642 562 671 589 ἐν
681 561 767 597 ταύτῃ
776 561 841 597 Θαῤ-

68 608 145 642 ρείτω,
169 609 213 635 διὰ
240 608 342 643 ταύτης
358 608 542 644 ὑψωθήσεται.
572 608 604 634 Et
617 607 673 643 γὰρ
693 607 732 643 μὴ
747 607 840 639 τοῦτο,

67 654 145 688 φησὶν,
166 654 221 680 ἀπὸ
237 653 284 681 τοῦ
301 655 423 681 Πλάστου
438 655 607 690 κερδήσειεν,
620 654 648 681 τί
673 654 737 681 ἄλλο
765 653 840 689 αὐτῷ

66 699 90 731 ἐξ
104 699 180 725 αὑτοῦ
198 699 286 733 ἔσται,
314 700 368 726 ἀπὺ
382 701 444 735 γῆς,
457 701 509 727 ἀπὸ
522 700 620 735 πηλοῦ,
635 700 689 727 ἀπὸ
703 700 840 735 ψηφιδίων

66 742 124 770 οὓτω
138 743 264 779 μικρῶν;
281 745 381 779 μᾶλλον
397 745 437 775 δὲ,
450 745 488 775 ὡς
511 745 582 780 ἱερὸς
601 745 729 776 Ἰάκωϐος
743 745 838 779 φάναι,

67 783 202 822 prﬁth
222 788 321 821 ἄνθους
336 789 433 824 χόρτου
451 790 637 825 διαφέροντος,
654 791 668 817 ὃ
683 791 752 826 πρὸς
763 790 839 826 ὥραν

68 833 110 867 μὲν
120 834 205 865 ἀνθεῖ,
221 836 269 861 καὶ
290 836 389 870 τέρπει
405 836 536 868 πολλάκις
550 836 688 872 αἴσθησιν,
703 837 840 864 ἐπικαίον-

65 887 101 910 to;
113 879 139 905 δὲ
151 880 198 907 τοῦ
212 881 290 916 ἡλίου
308 881 464 916 ξηραίνεται
477 890 506 908 τε
522 882 570 908 καὶ
590 882 758 916 ἀφανίζεται,
773 883 840 918 μηδὲ

893 288 980 316 scitur
995 297 1003 316 :
1019 293 1074 316 tam
1091 294 1235 317 mansuete
1250 290 1342 325 egenis
1358 290 1529 324 impertiens,
1547 295 1603 317 tam
1627 292 1681 318 hua

893 335 1020 367 maniter,
1033 337 1089 361 tam
1101 333 1254 370 frugaliter,
1265 343 1349 370 quam
1375 336 1565 363 communium
1595 336 1682 363 bono-

893 387 954 406 rum
968 380 1110 408 custodem
1124 385 1150 407 et
1164 381 1380 416 dispensatorem
1415 389 1444 408 se
1474 382 1508 408 ah
1538 382 1598 416 ipso
1624 381 1680 409 Deo

893 425 969 466 novit
983 433 1044 453 esse
1054 426 1243 454 constitutum.
1261 426 1391 458 Videsne,
1407 428 1545 461 quomodo
1569 428 1680 454 humili—

892 475 935 499 tas
959 473 1042 500 etiam
1057 473 1167 501 divitem
1181 474 1316 502 illustrem
1333 480 1360 501 et
1388 474 1533 502 sublimem
1547 478 1575 501 et
1596 482 1681 510 regno

891 518 996 546 caelesti
1010 518 1122 553 dignum
1137 519 1226 547 facere
1239 520 1350 554 possit?
1365 519 1512 554 Propterea
1529 520 1586 546 ait:
1610 529 1619 546 ι
1635 520 1682 546 Di-

891 571 939 591 ves
958 571 1024 591 vero
1038 565 1169 599 glorietur
1182 565 1210 592 in
1224 565 1378 592 humilitate
1402 573 1452 593 sua
1464 564 1499 592 ’°.
1521 574 1529 590 ι
1560 564 1589 591 1η
1619 565 1680 598 hac,

893 610 990 646 inquit,
1006 611 1158 638 humilitate
1174 611 1246 639 bene
1263 615 1374 646 speret;
1401 611 1453 638 hac
1474 611 1611 642 conﬁdat;
1634 617 1683 644 per

892 656 963 683 hanc
978 656 1152 683 exaltabitur.
1169 655 1226 683 Nisi
1240 656 1312 683 enim
1328 656 1391 688 hoc,
1420 656 1518 690 inquit,
1534 663 1549 682 a
1581 656 1682 682 Condi-

892 707 951 729 tore
965 702 1096 734 lucretur,
1108 701 1172 736 quid
1187 701 1259 728 aliud
1272 702 1306 728 ab
1321 701 1366 728 illo
1382 701 1529 736 acceperit,
1549 708 1582 728 ex
1596 706 1678 733 terra,

891 755 924 775 ex
936 748 1004 779 luto,
1026 755 1059 774 ex
1075 747 1175 781 lapillis
1189 747 1258 774 adeo
1272 747 1377 782 parvis,
1406 747 1462 774 itno
1480 747 1580 782 potius,
1607 746 1680 781 quod

891 799 1003 821 sanctus
1024 793 1141 821 Iacobus
1166 794 1204 821 ait
1216 794 1248 826 ",
1266 794 1300 821 ab
1315 794 1370 821 illis
1385 793 1480 826 rebus,
1494 801 1554 828 qua:
1579 801 1594 820 a
1614 795 1680 821 ﬂore

890 839 1023 874 graminis
1044 839 1113 866 nihil
1139 839 1276 871 diﬂ‘erunt,
1298 839 1385 873 quod'
1403 839 1431 865 in
1454 839 1550 866 horam
1569 839 1678 873 quidem

890 885 977 918 ﬂoret,
1002 893 1153 920 sensusque
1169 885 1367 920 aliquantisper
1383 885 1509 917 delectat,
1538 885 1595 912 sole
1615 892 1680 911 vero

65 924 176 959 λείψανον
190 926 243 960 τῆς
261 927 396 962 προτέρας
423 928 591 962 εὐπρεπείας
616 927 804 963 ὑπολειπόμεψ

943 936 999 964 nte,
1020 931 1167 959 marcescit
1181 935 1208 958 et
1221 931 1386 962 deﬂorescit,
1410 931 1480 957 nihil
1499 930 1609 965 pristini
1631 930 1679 957 de.-

65 971 158 1007 Ὣσπερ
178 971 227 1000 οὖν
250 971 282 1000 τὺ
303 973 384 1004 ἄνθος
408 973 455 1000 τοῦ
475 974 583 1009 χόρτου,
608 972 673 1009 ὲνῷ
686 974 716 1001 τὺ
739 974 839 1010 ὡραῖον

65 1014 211 1051 πρόόάλλει,
231 1018 372 1053 φθείρεται
396 1019 444 1045 καὶ
470 1019 630 1052 ἀπόλλυται,
668 1019 739 1047 οὕτω
766 1021 840 1047 καὶὸ

64 1063 177 1096 πλούσιος
196 1066 226 1091 ὲν
248 1065 322 1100 αὑτῷ
348 1066 398 1101 τῆς
428 1065 736 1102 πολυτελείας(55)τῷ
763 1066 840 1094 ἄνθει

65 1110 213 1145 μαραίνεται
229 1111 277 1138 καὶ
288 1111 433 1139 διόλλυται.
458 1111 567 1139 Μᾶλλον
583 1112 611 1138 δὲ
631 1112 738 1139 καὶτοῦ
762 1113 791 1138 ἐν
800 1112 840 1148 τῷ

64 1155 139 1191 χόρτῳ
155 1157 282 1192 εὑρήσεις
297 1158 379 1185 αὑτὸν
402 1158 596 1194 ἀσθενέστερόν
610 1168 639 1185 τε
661 1159 709 1185 καὶ
731 1158 841 1194 ἀδρανὲ-

64 1208 156 1235 στιρον.
173 1202 210 1229 Τὸ
225 1202 275 1237 μὲν
290 1203 344 1238 γὰρ
358 1203 415 1238 ίόιῳ
429 1203 519 1238 καιρῷ
534 1204 618 1236 ἀνθεῖ,
641 1203 688 1230 καὶ
705 1203 763 1239 ἰδίῳ
786 1213 839 1239 μα-

65 1247 180 1281 ραίνεται·
209 1250 224 1275 ό
238 1249 267 1275 δὲ
294 1249 421 1281 πλούσιος
433 1250 463 1276 ἐν
478 1250 546 1286 αὐτῇ
562 1250 680 1285 μάλιστα
693 1251 726 1286 τῇ
750 1251 838 1287 ἀκμῇ,

63 1294 98 1321 ὅτε
111 1296 277 1332 πανταχόθεν
299 1297 374 1332 αὐτῴ
389 1297 533 1333 βλαστάνει
552 1299 598 1325 καὶ
613 1297 689 1325 ἀνθεῖ
702 1297 737 1324 τὰ
762 1298 840 1333 ἡδέα,

65 1341 103 1366 καὶ
118 1341 247 1368 δοκοῦντα
265 1339 334 1369 εἶναι
366 1342 480 1378 λαμπρὰ
502 1343 549 1369 καὶ
580 1343 687 1378 ζηλωτὰ
699 1363 706 1375 ,
725 1343 773 1369 καὶ
802 1343 840 1378 τῷ

63 1386 126 1422 ὄγκῳ
152 1388 199 1414 καὶ
224 1388 265 1423 τῷ
291 1388 431 1423 φυσήματι
452 1388 625 1423 φλεγμαίνων
654 1390 711 1420 τοῖς
733 1389 841 1420 πολλοῖς

64 1432 112 1458 ἐστι
124 1433 246 1469 φοϐερὸς,
259 1433 320 1460 τότε
336 1434 379 1469 δὴ,
392 1434 452 1460 τότε
461 1433 558 1469 ἀθρόον
573 1434 729 1470 πολλάκιςῆ
755 1434 840 1462 θανά.-

63 1487 101 1504 του
116 1480 186 1515 νόμῳ
201 1479 258 1516 (54)
271 1480 445 1515 συλληφθεὶς.
461 1480 491 1513 ἐξ
502 1480 654 1516 ἀνθρώπων
668 1481 840 1515 ἀφανίζεται,

64 1523 209 1560 ῆναυάγιον
232 1526 314 1553 αὐτὸν
341 1528 413 1553 ποιεῖ
439 1526 616 1562 ὑποϐρυχιον.
634 1527 687 1553 Καὶ
703 1527 733 1553 τὸ
747 1527 840 1553 καινὸν

65 1571 104 1596 καὶ
129 1572 288 1608 παράδοξον,
302 1573 356 1600 οὐδ’
370 1573 452 1600 αὑτὸν
469 1573 526 1599 ἔσθ’
553 1573 596 1600 ὅτε
629 1572 739 1607 βυθίζον
755 1573 839 1608 (55),

891 977 964 1008 coris
980 977 1145 1011 relinquens.
1163 976 1401 1010 Quemadmodum
1418 977 1501 1011 igitur
1514 976 1562 1003 ﬂos
1576 975 1680 1011 grami-

892 1022 945 1055 nis,
967 1023 993 1049 in
1010 1029 1065 1057 quo
1082 1022 1166 1049 decor
1179 1023 1239 1057 ejus
1250 1023 1361 1054 emicat,
1393 1022 1463 1056 perit
1479 1026 1505 1048 et
1537 1021 1678 1053 aboletur;

892 1070 928 1096 ita
941 1069 1016 1096 dives
1030 1076 1149 1104 quoque,
1166 1068 1192 1095 in
1208 1069 1296 1096 media
1308 1068 1436 1095 felicitate
1462 1068 1641 1100 constitutus,
1653 1071 1681 1094 et

893 1115 919 1141 in
937 1114 997 1149 ipso
1015 1114 1224 1148 magniﬁcentia:
1238 1113 1305 1140 ﬂore
1322 1113 1466 1140 marcescit
1485 1116 1514 1139 et
1539 1111 1680 1138 consumi-

892 1165 945 1187 tur.
961 1161 1017 1187 lmo
1032 1167 1096 1187 vero
1123 1160 1249 1187 eumdem
1267 1160 1326 1194 ipso
1341 1159 1388 1186 illo
1401 1158 1534 1194 graminis
1550 1157 1680 1185 ﬂoreim-

892 1206 1060 1234 hecilliorem
1077 1210 1104 1233 et
1132 1206 1255 1233 viliorem
1281 1205 1428 1232 inveneris.
1458 1204 1503 1231 llle
1528 1203 1602 1231 enim
1628 1210 1680 1229 suo

892 1257 1013 1287 tempore
1027 1253 1114 1286 ﬂoret,
1130 1259 1180 1280 suo
1206 1259 1270 1279 vero
1292 1252 1375 1279 etiam
1405 1250 1550 1278 marcescit
1574 1258 1581 1277 :
1603 1250 1680 1277 dives

892 1304 981 1326 autem
1006 1299 1034 1326 in
1068 1306 1176 1326 summo
1202 1299 1294 1334 vigore
1315 1305 1386 1330 suo,
1419 1297 1528 1332 quando
1558 1295 1679 1331 jucunda

892 1353 1007 1380 qumque
1019 1349 1046 1372 ct
1059 1344 1175 1372 illustria
1190 1344 1364 1379 maximeque
1376 1343 1558 1370 consectanda
1584 1342 1680 1369 viden-

893 1397 945 1424 tur,
971 1391 1011 1418 illi
1028 1395 1179 1418 nascuntur
1192 1395 1218 1417 et
1233 1390 1338 1422 ﬂorent,
1370 1390 1428 1424 ipse
1451 1396 1527 1420 vero,
1556 1387 1626 1415 fastu
1653 1391 1681 1414 et

893 1436 1047 1472 arrogantia
1064 1435 1183 1466 inﬂatus,
1202 1435 1295 1462 multis
1319 1439 1452 1462 terrorem
1482 1434 1589 1465 incutit,
1615 1437 1682 1459 tunc

893 1483 1018 1514 omnino,
1036 1486 1100 1509 tunc
1112 1481 1270 1516 frequenter
1287 1481 1328 1507 vel
1344 1480 1518 1507 mortalitatis
1540 1481 1597 1514 lege
1619 1486 1681 1506 cor-

893 1533 987 1562 reptus
1003 1535 1036 1555 ex
1058 1527 1215 1554 hominibus
1242 1527 1374 1561 disparet,
1394 1530 1441 1553 aut
1454 1525 1597 1559 naufragio
1614 1524 1680 1552 sub-

894 1573 1034 1608 mergitur.
1047 1573 1138 1608 Neque
1152 1581 1216 1600 vero
1227 1581 1334 1607 semper
1348 1581 1448 1600 novum
1469 1572 1572 1606 aliquid
1588 1576 1614 1599 et
1636 1571 1676 1598 in-

65 1617 120 1644 ἀλλὰ
136 1619 179 1646 τὸν
190 1619 302 1655 χρυσὸν,
319 1620 369 1656 τὴν
390 1620 472 1647 αὐτοῦ
500 1620 588 1656 ψυχὴν
612 1621 660 1647 καὶ
681 1620 765 1656 ζωὴν,
792 1629 804 1646 )1

946 1623 1001 1646 tum
1013 1619 1088 1646 illum
1107 1618 1266 1653 snhlnergit,
1283 1619 1330 1646 sed
1347 1625 1444 1645 manus
1463 1617 1563 1652 potius,
1579 1616 1681 1651 majore

64 1663 178 1699 τύραννος
193 1667 223 1693 δὲ
239 1666 350 1700 μᾶλλον,
367 1667 383 1702 ἢ
399 1667 460 1693 κατ’
475 1667 590 1699 ἐκεῖνον,
604 1667 665 1702 χεὶρ
689 1667 736 1694 τὸν
759 1667 840 1694 πλοῦ-

65 1719 101 1736 τον
114 1712 271 1747 ἁρπάσασα,
299 1713 402 1749 ἔρημον
426 1714 507 1742 ὰυτὸν
524 1715 572 1740 κα)⁵
596 1714 648 1749 τῆς
676 1714 777 1749 ὀφρύος
794 1715 842 1740 καὶ

67 1757 104 1791 τῆς
112 1759 179 1793 ζωῆς
193 1759 366 1792 ἑναπὲλιπεν,
384 1760 557 1796 θεραπόντων
573 1760 725 1792 ὲπιὸουλαὶ,
737 1760 842 1796 λῃστῶν

65 1801 155 1838 ίνέδρα,
166 1805 191 1831 τί
205 1805 241 1833 ἄν
251 1814 302 1837 τις,
312 1804 352 1838 οἷς
365 1807 467 1837 ἐκεῖνος
481 1807 620 1833 ἁλίσκεται
635 1811 683 1833 καὶ
697 1806 841 1839 διόλλυται,

66 1850 142 1885 φέρων
170 1852 281 1888 ἀριθμῷ
307 1853 365 1888 δοίη
382 1861 389 1886 ;
405 1853 478 1879 οὕτω
505 1853 553 1880 καὶ
580 1853 677 1884 ἄνθους
706 1853 801 1879 παθεῖν
825 1852 839 1878 ὑ

65 1896 169 1930 τοιοῦτος
196 1899 364 1933 φαυλότερός
392 1905 423 1925 τε
461 1899 509 1926 καὶ
538 1899 720 1934 ἑτοιμότερος.
759 1897 840 1925 Ἀλλὰ

65 1941 137 1970 ταῦτα
150 1944 209 1979 μὲν,
225 1945 291 1979 περὶ
304 1941 341 1971 ὧν
359 1944 516 1980 ἠρώτησας,
532 1945 548 1979 ὴ
564 1944 692 1978 ἐπιστολή
717 1952 758 1970 σοι
781 1943 839 1970 δια-

65 1987 222 2021 λέγεται.ιῶ
251 1991 280 2017 δὲ
308 1990 428 2026 Χριστοῦ
446 1990 493 2017 τοῦ
509 1990 636 2026 ἀληθινοῦ
651 1990 718 2016 θεοῦ
746 1990 837 2026 ἡμῶν,

65 2033 142 2068 ἔργοις
155 2037 201 2063 καὶ
209 2037 327 2072 δόγμασι
341 2037 434 2064 δοῦλον
447 2037 558 2063 σεαυτὸν
572 2036 722 2072 παριστῶν,
737 2035 840 2062 καὶτὸν

66 2079 163 2107 πλοῦτον
185 2082 276 2114 καλῶς
296 2082 446 2117 οἰκονομῶν
462 2083 491 2108 ὲν
504 2083 538 2117 τῇ
563 2082 674 2118 τοιαύτῃ
698 2079 837 2111 πεποιθὼς

65 2125 111 2156 ἔσο,
131 2127 178 2154 καὶ
191 2128 317 2163 εὐθύμει.
339 2126 521 2161 Ταπεινώαει,
535 2128 582 2155 καὶ
606 2125 692 2154 τᾶλλα
718 2128 751 2162 τῇ
765 2127 839 2162 ψυχῇ

65 2172 104 2199 καὶ
115 2174 150 2209 τῷ
166 2174 273 2210 σώματι
287 2175 404 2211 εῤῥωσο.

92 2217 178 2247 y'Jac.
199 2219 278 2253 ι,10.
316 2220 337 2236 "
354 2220 420 2248 ibid.

893 1671 976 1698 quam
1006 1671 1060 1698 qua
1083 1663 1141 1698 ipse
1158 1670 1224 1690 usus
1248 1667 1301 1696 est,
1319 1663 1461 1698 tyrannide
1485 1670 1594 1694 aurum,
1607 1662 1680 1696 quod

893 1711 1012 1737 animout
1024 1709 1084 1743 ejus
1100 1714 1128 1736 et
1139 1709 1222 1736 vitam
1233 1709 1383 1741 constituit,
1395 1709 1558 1743 subripiens,
1572 1713 1596 1735 et
1610 1708 1681 1735 fastu

895 1761 922 1783 et
937 1756 993 1782 vita
1005 1756 1141 1789 privatum
1151 1754 1291 1789 relinquit.
1306 1753 1379 1782 Idem
1397 1755 1502 1782 faciunt
1515 1754 1680 1781 falnulorum

898 1801 1114 1828 machinationes
1128 1804 1155 1826 et
1167 1800 1303 1826 latronum
1324 1799 1439 1826 insidiat.
1454 1799 1556 1833 thuis
1572 1800 1681 1826 tandem

890 1853 1052 1875 enumerare
1065 1846 1152 1880 possit
1162 1845 1265 1878 omnia,
1279 1844 1380 1879 (litibus
1390 1851 1472 1871 nomo
1484 1844 1619 1879 ejusmodi
1632 1852 1682 1871 ca-

890 1893 962 1929 pitur
970 1897 997 1920 et
1004 1892 1072 1926 perit
1085 1891 1096 1917 ?
1107 1891 1174 1918 adeo
1189 1890 1234 1918 ille
1242 1891 1301 1918 vilis
1316 1894 1359 1918 est
1376 1890 1540 1918 conditionis
1555 1895 1582 1917 et
1593 1889 1682 1924 magis

888 1946 967 1974 aptus
973 1939 1006 1966 ad
1016 1946 1057 1969 ea,
1066 1945 1126 1973 qua:
1136 1937 1195 1964 ﬂori
1205 1937 1341 1969 accidunt,
1352 1936 1616 1972 experienda.Atque
1625 1936 1683 1963 haec

889 1986 996 2020 quidem
1011 1984 1124 2018 cpistola
1148 1991 1219 2016 mea,
1246 1984 1280 2011 de
1302 1984 1367 2016 illis,
1401 1983 1540 2018 quaascire
1561 1982 1682 2015 voluisti,

888 2032 1010 2067 etponit.
1025 2031 1066 2058 Tu
1083 2039 1157 2064 vero,
1168 2031 1346 2064 Christi,veri
1360 2031 1406 2057 Dei
1419 2029 1517 2062 nostri,
1531 2037 1639 2057 servum
1655 2033 1683 2055 et

893 2085 974 2113 opere
985 2083 1011 2105 et
1024 2078 1149 2105 doctrina
1164 2082 1189 2104 te
1198 2082 1339 2112 praestans,
1350 2084 1470 2111 opesque
1480 2081 1539 2103 tuas
1550 2081 1624 2103 recte
1635 2075 1683 2102 ad-
1724 2070 1727 2074 ’

893 2124 1065 2156 ministrans,
1081 2123 1111 2150 in
1118 2123 1170 2151 ista
1178 2123 1331 2150 humilitate
1337 2122 1581 2156 conlide,bonoque
1591 2121 1683 2148 animo

895 2175 965 2203 esto,
980 2177 1029 2196 nec
1039 2169 1130 2197 minus
1144 2173 1242 2197 caetera
1258 2168 1350 2196 animo
1358 2172 1385 2196 et
1395 2175 1511 2204 corpore
1518 2173 1590 2195 recte
1605 2167 1681 2194 valet

390 2345 469 2377 JOS.
485 2343 855 2382 HERGENROETHER,
877 2344 909 2375 S.
938 2345 1085 2376 THEOL.
1103 2343 1387 2382 PROFESSORIS,

678 2433 1026 2480 ADMONITIO

77 2530 105 2560 ΙΝ
123 2533 270 2564 UNDECIM
291 2535 496 2569 SEQUENTES
513 2535 746 2569 QUESTIONES
766 2534 831 2562 SEU
845 2534 1118 2564 COMMENTARIOS
1136 2533 1171 2563 IN
1190 2532 1423 2563 ARISTOTELIS
1433 2531 1666 2560 CATEGORIAS.

98 2687 157 2722 Quae
171 2694 326 2725 sequuntur
339 2689 466 2718 undecim
480 2689 689 2718 dissertationes
704 2693 850 2717 tractatum
866 2689 1007 2724 proprium
1024 2688 1193 2716 constituunt
1209 2687 1243 2716 de
1256 2687 1412 2716 Aristotelis
1425 2685 1594 2723 Categoriis,
1611 2693 1680 2722 quas

70 2730 170 2766 l’hotius
182 2739 238 2774 jam
250 2744 314 2767 ante
326 2739 468 2774 discipulis
485 2739 543 2767 suis
555 2739 643 2767 fusius
654 2738 845 2774 explicavcrat.
859 2737 968 2765 Eaedem
981 2738 1009 2765 in
1024 2737 1156 2765 Vaticano
1171 2736 1265 2764 codice
1277 2744 1304 2772 q.
1318 2744 1348 2772 q.
1363 2736 1416 2764 157
1432 2744 1519 2772 usque
1529 2737 1562 2764 ad
1578 2744 1605 2772 q.
1624 2735 1684 2769 M7,

70 2781 81 2809 ί
91 2785 222 2815 lli—134
237 2787 369 2823 implent;
388 2788 414 2815 in
433 2787 606 2816 Coisliniano
628 2787 735 2819 codice,
761 2794 842 2822 quem
870 2787 1017 2822 descripsit
1035 2784 1271 2816 Montel‘alconius,
1286 2784 1453 2819 qumstiones
1479 2788 1543 2812 sunt
1569 2791 1682 2812 numero

814 2835 933 2864 NOTE.

103 2879 426 2920 εδῦλϐοᾱςμπολιτελείας.
442 2882 571 2920 Fortasse
590 2883 770 2920 scriliendiun
781 2888 839 2911 crat

73 2916 206 2949 “Ii-mlas.
222 2916 310 2947 Malim
328 2925 418 2948 tamen
430 2917 543 2946 alterum
559 2924 682 2947 neslruiu
705 2916 783 2947 illud,

927 2881 983 2915 (51)
996 2880 1210 2916 eavdtourvdptp,
1221 2879 1298 2909 Colb.
1309 2887 1357 2916 pro
1367 2878 1571 2915 θανατουμένῳ.

927 2889 983 2915 (οι)
996 2889 1112 2907 υανατου
1124 2889 1175 2914 νομ.
1203 2900 1210 2913 ,

927 2916 985 2951 (55)
997 2915 1088 2944 Malim
1110 2889 1213 2951 βυθίέοι
