1873 3063
184 162 239 194 ’159
760 161 892 192 ΡΗΟΤΙΙ
908 161 959 192 ΡΑ·

1060 162 1163 194 ICHE
1178 163 1233 192 ΟΡ.
1754 157 1809 191 τεο

183 217 278 246 decem
297 219 342 252 (ιι.
365 217 512 251 163-182),
537 224 601 244 cum
627 224 658 244 ea
678 224 740 252 quae
757 218 786 244 in
806 217 892 246 Vatic.
917 223 960 246 est
978 226 1006 253 q.
1039 218 1102 250 H2,
1119 219 1152 245 de
1182 225 1229 245 sex
1250 216 1363 251 rellquis
1378 213 1681 250 Categoriisinscripta,
1699 212 1739 241 ibi
1754 220 1806 240 non

184 267 350 291 numeretur.
380 261 410 289 In
429 262 592 290 Taurinensi
617 262 711 289 codice
731 263 772 290 ha:
786 263 945 297 questiones
959 263 1070 290 omnino
1092 263 1294 290 desiderantur.
1314 261 1479 288 Jamdudum
1500 268 1551 288 ceu
1566 258 1717 294 singularis
1731 258 1805 286 liber

183 298 270 336 i’botii
295 309 330 336 de
351 308 506 335 Aristotelis
530 307 681 343 Categoriis
707 307 927 335 Commentarius
946 317 961 335 ιι
984 308 1109 343 pluribus
1138 309 1253 336 seorsim
1272 308 1388 336 describi
1403 307 1544 335 consuevit
1557 306 1636 341 (Vide
1651 305 1802 338 Oudinum,

185 354 221 380 De
236 353 415 388 Scriptoribus
429 353 522 381 eules.
540 357 558 380 t.
574 353 606 386 ll,
627 361 653 388 p.
668 353 731 385 207,
749 353 811 386 2M,
834 353 877 380 ed.
894 353 969 387 Lips.
988 354 1083 386 1722i;
1100 354 1165 381 hinc
1182 354 1273 389 plures
1289 353 1388 380 vetusti
1405 352 1554 387 scriptores
1568 352 1595 378 in
1613 351 1809 386 Amphilochus

182 408 229 428 eas
245 399 411 435 quaestiones
426 403 457 425 ut
469 398 525 433 jam
542 398 609 426 alias
626 398 749 434 vulgatas
758 399 886 427 omisisse
899 399 1034 426 videntur.
1050 399 1121 426 Sane
1140 399 1219 434 plura
1235 399 1316 433 hujus
1329 399 1368 426 rei
1385 398 1499 433 vestigia
1513 398 1632 425 inveniri
1648 403 1766 432 possunt
1781 399 1809 425 in

182 446 376 481 manuscriptis
391 445 575 478 eodicibus,ut
591 444 799 475 Vendobonensi
815 447 915 480 philos.
930 447 965 474 29
980 446 1077 478 £105.
1093 446 1156 478 276,
1170 446 1242 481 apud
1258 446 1388 476 Lambec.
1404 445 1461 479 Vll,
1478 445 1522 479 65,
1541 445 1630 478 Paris,
1646 446 1696 474 547
1712 445 1808 481 (catal.

182 501 208 520 ιι.
224 491 309 524 1653,
323 491 350 523 4,
364 499 393 525 p.
410 499 446 523 ιν,
461 499 490 525 p.
507 491 580 527 ili),
595 491 685 523 Paris.
700 492 761 519 cod.
778 491 856 524 1845,
872 493 959 527 (catal.

1060 493 1124 525 aris,
1145 492 1226 524 1740,
1245 497 1265 519 t.
1287 491 1308 518 ll
1333 499 1361 526 p.
1374 491 1438 525 409)
1453 491 1580 526 aliisque,
1599 491 1698 526 quibus
1710 496 1741 519 et
1755 491 1809 518 fra-

182 542 322 571 gmentum
338 537 442 562 Φωτίω
455 545 519 571 περι
534 537 618 562 ποσοῦ
632 536 658 563 in
673 537 735 564 cod.
752 537 885 564 Escorial.
899 538 931 570 Φ,
946 537 956 564 Ι

1067 538 1107 572 (ιι.
1122 537 1186 572 226)
1201 544 1266 565 διες.
1282 545 1342 570 xul,
1358 536 1378 564 ι.
1393 537 1428 564 49
1443 537 1515 571 (vide
1534 537 1696 572 Catalogum
1714 545 1808 572 opera.

183 583 214 609 Ε.
231 582 335 616 Miller;
363 583 487 614 Parisiis.
511 591 537 610 a.
565 583 635 611 1848
661 583 776 617 editum,
806 593 832 619 p.
852 584 928 619 172),
954 585 1094 612 acccnseri
1117 592 1199 620 posse
1224 585 1402 612 arbitramur.
1419 584 1502 612 Plura
1516 585 1639 620 ejusdem
1653 585 1809 619 argumenti

183 628 335 662 fragmenta
359 628 448 656 Photii
478 629 589 656 nomine
615 630 745 665 insignita
768 630 934 658 scholiorum
957 631 1080 658 adinstar
1105 635 1216 658 exstant
1239 631 1265 658 in
1282 630 1454 658 nobilissiqu
1467 630 1628 658 Monacensi
1643 630 1741 658 codice
1754 630 1809 657 222

183 671 357 708 bombycino,
379 674 465 705 ιιι-4ο,
484 674 531 708 qui
548 674 648 701 sarculo
666 682 727 707 xm,
746 674 774 701 in
790 675 886 703 charta
901 676 990 704 solida
1018 681 1047 704 et.
1062 676 1186 711 laevigata
1202 675 1336 710 scriptura
1360 676 1544 704 minutissima
1574 680 1601 704 et
1618 676 1696 703 valde
1710 675 1809 703 abbre-

183 718 253 745 viata
281 724 410 747 exaratus
426 725 469 747 est
493 724 520 746 et
533 719 676 755 Porphyrii
693 720 824 755 lsagogen
840 728 902 748 cum
917 721 1029 749 scholiis
1044 722 1182 748 Ammouii
1209 725 1238 748 et
1252 721 1469 756 Photii,_deinde
1483 720 1641 755 Categorias
1653 720 1810 748 Aristotelis

182 769 244 790 cum
268 763 403 800 Anonymi
423 769 448 791 et
470 764 559 791 Photii
587 764 799 792 Commentariis
824 766 956 793 continet.
981 765 1082 793 Photio
1105 766 1265 793 tribuuntur
1290 765 1420 793 tredecim
1449 765 1615 800 fragmenta,
1629 773 1750 800 quorum
1766 765 1810 792 hic

183 810 276 837 titulos
293 810 524 846 adnecterejuvat
540 820 546 838 :
565 810 585 836 Ι.
604 811 640 836 De
656 819 763 845 genere;
779 811 812 839 ll.
831 811 868 839 De
882 812 965 846 specie
977 820 987 844 ;
997 811 1042 839 lll.
1056 811 1092 838 De
1104 812 1257 846 aii/ferentia
1271 821 1280 844 ;
1300 812 1346 839 ιν.
1362 812 1401 839 De
1413 812 1539 846 proprio;
1561 811 1592 839 V.
1602 811 1808 844 Deaccidente;

185 856 227 885 γι.
256 856 294 884 De
321 859 469 891 communi;
495 857 551 885 Vll.
577 858 615 885 De
629 858 661 885 iis
687 867 745 893 qua:
767 864 830 886 sunt
852 860 1003 887 communia
1026 860 1114 895 generi
1139 868 1199 887 cum
1218 860 1381 894 differentia,
1397 863 1421 886 et
1437 861 1469 886 de
1483 859 1517 885 iis
1530 866 1589 894 quas
1602 863 1664 885 umt
1678 858 1807 892 diversa;

186 902 252 930 Vlll.
267 903 305 930 De
318 904 486 938 quantitate;
509 904 546 932 IX
565 904 604 932 De
624 905 770 939 relatione,-
798 905 832 932 Χ.
853 905 892 933 De
916 906 1063 941 qualitate;
1091 905 1138 934 XI.
1153 906 1191 934 De
1210 906 1299 933 decem
1316 905 1476 940 categoriit;
1502 904 1561 933 Xll.
1586 904 1624 931 De
1638 904 1808 936 substantia;

183 949 252 976 Xlll.
266 948 306 976 De
324 950 426 977 actione
455 955 478 977 et
491 951 624 985 passione.
652 951 725 979 Ordo
743 952 772 979 in
798 952 871 980 foliis
897 953 1020 980 turbatus
1040 952 1093 980 fuit
1111 957 1138 981 et
1155 953 1245 988 reipsa
1262 960 1287 980 e.
1304 951 1401 978 Vlll-X
1434 956 1497 986 post
1513 958 1538 978 e.
1563 950 1601 977 XI
1611 955 1640 977 et
1653 949 1699 977 ιιι
1724 950 1809 978 collo-

181 997 269 1023 canda
283 1002 369 1024 erant.
398 997 482 1024 Porro
500 1005 533 1025 ex
548 998 590 1026 his
610 998 772 1034 fragmentis
788 1008 835 1027 sex
852 1001 1002 1035 posteriora
1018 1008 1081 1028 cum
1097 1004 1254 1028 nostrarum
1277 999 1461 1035 quaestionum
1477 1002 1553 1025 textu
1569 997 1668 1025 collata
1685 996 1808 1028 fuerunt,

182 1049 263 1076 quem
278 1042 421 1078 multiplici
439 1048 519 1078 pacto
534 1044 681 1072 illustrant.
699 1045 837 1078 Quantum
851 1047 988 1082 conjicere
1005 1055 1118 1082 possum
1130 1067 1138 1080 ,
1154 1054 1186 1074 ea
1219 1046 1372 1081 fragmenta
1405 1049 1534 1078 excerpta
1548 1047 1614 1072 sunt
1629 1051 1684 1071 non
1697 1043 1808 1078 quidem

182 1095 215 1115 ex
230 1089 331 1116 nostris
346 1089 472 1117 undecim
485 1091 694 1124 quaestionibus,
721 1099 817 1119 verum
831 1100 846 1119 e
861 1092 945 1127 priori
960 1093 1133 1128 compendio,
1156 1092 1228 1127 quod
1252 1092 1368 1119 Photius
1382 1090 1526 1125 discipulis
1549 1090 1606 1116 suis
1628 1089 1810 1124 philosophia:

183 1136 271 1169 prima
283 1136 416 1164 elementa
432 1137 582 1172 explauans
597 1138 741 1174 legendum
770 1144 797 1167 et
822 1139 1032 1168 describendum
1055 1139 1225 1172 tradiderat,
1242 1138 1470 1174 quemadmodum
1491 1144 1546 1165 non
1560 1143 1614 1164 uno
1629 1136 1658 1163 in
1670 1135 1739 1171 loco
1753 1135 1807 1170 ipse

184 1180 262 1207 nobis
276 1181 366 1208 innuit
381 1182 390 1216 (
406 1181 450 1210 Cf.
468 1188 565 1217 quaest.
579 1183 624 1216 7'7,
647 1188 674 1211 et
688 1188 787 1218 quaest.
803 1183 858 1218 78).

218 1224 350 1258 Quamvis
364 1227 433 1254 nihil
450 1228 512 1255 novi
526 1228 617 1262 quoad
632 1228 776 1256 historiam
791 1230 944 1257 studiorum
961 1230 1213 1266 philosophicorum
1241 1239 1274 1258 cx
1291 1230 1366 1257 hisce
1379 1228 1467 1256 Photii
1483 1227 1722 1257 lucubratiouibus
1752 1229 1808 1255 ertli

182 1279 265 1307 posse
278 1271 403 1299 videatur
419 1282 427 1300 :
445 1273 562 1302 utilitate
575 1278 668 1302 tamen
681 1275 887 1310 etjueunditate
901 1283 957 1304 non
969 1282 1073 1309 carent,
1089 1277 1241 1311 prmsertim
1254 1275 1400 1310 theologis,
1415 1275 1516 1310 quibus
1531 1279 1623 1301 arctus
1645 1273 1691 1300 ille
1725 1280 1807 1300 nexus

182 1319 263 1354 plane
278 1325 436 1355 perspectus
453 1325 506 1354 est,
536 1322 584 1357 qui
597 1322 669 1350 inter
685 1323 844 1351 dialecticas
857 1324 1040 1359 peripatetica
1055 1324 1157 1352 schola:
1170 1325 1309 1352 doctrinas
1338 1328 1366 1351 et
1391 1324 1549 1357 degmatum
1565 1323 1687 1356 ipsorum
1702 1320 1809 1356 exposi-

183 1366 285 1394 tionem
305 1373 331 1394 et
347 1368 531 1396 evolutionem
559 1369 630 1403 apud
656 1369 764 1404 priscos
787 1369 884 1398 Patres
898 1371 1140 1405 ecelesiaticosque
1164 1370 1313 1405 scriptores
1340 1369 1521 1404 undequaque
1547 1372 1672 1403 apparet.
1697 1367 1741 1394 Ab
1768 1366 1809 1393 bis

183 1421 293 1448 quoque
314 1414 465 1442 dialecticis
488 1415 643 1442 notionibus
671 1419 785 1444 sanctus
813 1415 932 1446 Joannes
957 1416 1141 1444 Damascenus
1156 1416 1183 1443 in
1197 1416 1334 1451 tripartito
1348 1423 1400 1442 suo
1411 1422 1493 1450 opere
1511 1413 1675 1446 theologiam
1696 1412 1810 1440 institu-

184 1460 286 1487 tionem
303 1465 347 1488 est
365 1468 500 1494 exorsus;
528 1462 578 1489 bas
593 1469 648 1489 non
668 1461 756 1489 Graeci
773 1466 889 1495 tantum,
914 1463 962 1490 sed
979 1468 1006 1491 et
1020 1463 1110 1491 Latini
1128 1463 1256 1491 doctores
1272 1462 1367 1490 eadem
1380 1462 1438 1489 fere
1449 1461 1558 1488 ratione
1576 1464 1641 1489 sunt
1654 1459 1806 1495 prosecuti,

185 1511 215 1533 ut
229 1515 285 1534 non
299 1507 380 1543 longe
392 1515 408 1536 ιι
422 1508 511 1536 Photii
526 1509 697 1544 temporibus
712 1508 818 1536 distans
835 1509 982 1538 Alcuinus.

411 1553 577 1587 QUIESTIO
594 1554 755 1583 CXXXVII.

186 1598 277 1626 Eidem
292 1599 471 1634 Amphilochia
488 1602 586 1641 petenti
601 1601 767 1642 perspicuam
786 1602 874 1629 decem
888 1601 967 1630 Cate-

439 1644 577 1670 genarum
588 1645 721 1672 synopstu.

1284 1554 1453 1582 ΕΡΩΤΗΣΙΣ
1466 1553 1550 1582 ΡΛΖ¹.

1022 1600 1154 1635 Τῷαὺτῷ
1179 1601 1360 1635 ’Δμφιλοχιφ
1389 1599 1550 1635 (unicam
1566 1599 1705 1635 σψςοψικ
1727 1594 1810 1631 σαφῆ

1214 1633 1274 1663 τῶν
1285 1633 1358 1662 ὃέκα
1375 1633 1566 1669 Κατηγοριῶν
1582 1633 1650 1669 (56).

537 1691 609 1718 Nunc
622 1692 729 1724 primum
739 1693 803 1718 edita
817 1700 831 1718 a
841 1693 872 1719 D.
884 1693 1098 1726 Herganroetber.
1110 1691 1150 1717 De
1162 1690 1300 1723 categorlis,
1308 1689 1454 1715 universim.

221 1735 248 1762 Ι.
262 1734 361 1763 Rerum
370 1735 521 1764 secundum
530 1743 590 1764 eam
600 1745 681 1771 quam
693 1737 793 1765 habent
802 1738 871 1765 inter
877 1745 907 1766 se
922 1738 971 1765 ba-

184 1781 332 1810 bitudinem
341 1787 368 1809 et
380 1783 601 1810 communionem
616 1784 740 1818 quaedam
751 1785 969 1819 suntaqiu'vocar,

185 1829 245 1855 altat:
256 1828 382 1860 nuit-0cm.
394 1828 455 1856 alite
466 1829 680 1861 denominativaz,
690 1829 788 1858 deinde
801 1837 895 1858 earum
911 1831 970 1858 alia:

184 1877 249 1900 sunt
276 1872 423 1900 multiaocw
453 1873 690 1909 (multinomines),
713 1875 772 1901 aliae
804 1875 971 1902 divertivoae

189 1919 457 1954 (diversiuomines);
472 1923 500 1947 et
513 1920 631 1954 quodam
642 1921 723 1948 modo
737 1921 789 1949 sibi
805 1927 980 1956 opponuntur

186 1965 250 1992 hinc
274 1964 386 2000 quidem
403 1965 557 1993 multivocaa
581 1966 742 2001 aquivocis,
771 1967 845 1994 illinc
858 1967 978 1996 diversi-

185 2019 261 2038 voca:
275 2011 408 2039 univocis.

221 2058 249 2084 2.
265 2056 424 2091 ΙΕαυὶνοοω
437 2057 520 2092 igitur
533 2063 597 2085 sunt
610 2065 665 2091 res,
682 2065 796 2093 quarum
814 2059 971 2086 communio

186 2101 337 2129 secundum
363 2109 474 2134 nomen,
490 2102 644 2130 diﬂ'erentia
659 2110 724 2130 vero
740 2103 767 2130 in
783 2103 898 2136 ratione,
912 2104 971 2131 sive

186 2147 325 2174 delinitiva
345 2147 382 2174 sit
401 2148 471 2175 ratio
486 2148 543 2175 sive
560 2148 739 2183 descriptiva;
756 2156 782 2174 v.
806 2156 848 2183 gr.
869 2149 970 2177 animal

186 2193 288 2220 dicitur
312 2197 369 2221 tum
391 2194 473 2222 homo
490 2198 547 2222 tum
566 2195 655 2229 imago
674 2194 803 2222 hominis.
820 2194 901 2228 Ecce,
919 2195 970 2223 ista

186 2239 325 2274 aequivoca
344 2239 541 2275 (homonyma).
557 2239 664 2267 Etenim
693 2240 844 2267 secundum
873 2248 972 2268 nomen
988 2227 1010 2255 Β

187 2286 275 2314 solum
297 2294 330 2314 ac
352 2294 447 2314 vocem
463 2286 641 2318 conveniunt,
660 2286 764 2314 scilicet
778 2286 879 2313 animal
892 2287 972 2321 (nihil

186 2333 260 2360 enim
278 2332 390 2367 impedit
403 2332 551 2367 quominus
559 2337 586 2359 et
601 2333 692 2367 imago
701 2332 850 2367 appelletur
860 2332 971 2366 animal,

186 2385 249 2405 cum
273 2382 302 2405 et
321 2385 368 2405 eos
394 2378 441 2412 qui
465 2378 524 2405 tunc
541 2377 656 2412 pingunt
675 2377 794 2412 pictores
812 2377 971 2405 animalium

187 2423 554 2458 appellemus),'secundum
587 2423 722 2451 rationem
743 2430 809 2451 vero
831 2423 970 2457 ditl'erunt;

186 2478 249 2497 nam
265 2471 347 2497 etiam
365 2474 446 2505 atque
463 2470 543 2497 aliam
564 2469 748 2497 deﬁnitionem
765 2470 822 2498 sive
836 2470 970 2497 rationem

186 2516 302 2550 suscipit
314 2523 411 2543 eorum
423 2521 579 2550 utrumque.
599 2515 686 2544 Homo
700 2516 773 2544 enim
786 2520 828 2544 est
843 2516 971 2544 substan-

187 2564 224 2591 tia
245 2562 363 2590 aiﬂmata
380 2566 407 2589 et
424 2562 562 2594 sentiens,
581 2563 669 2597 imago
684 2569 749 2589 vero
767 2561 908 2589 manifeste
921 2569 969 2589 ne-

1059 1740 1094 1764 α’.
1107 1736 1168 1762 Τῶν
1181 1735 1265 1762 ὄντων
1282 1734 1354 1761 κατά
1365 1743 1424 1760 τινα
1439 1733 1531 1768 σχέσιν
1545 1733 1593 1759 καὶ
1602 1731 1748 1759 κοινωνίαν
1766 1731 1812 1766 τὴν

1024 1783 1093 1818 πρὸς
1119 1781 1286 1816 ἄλληλα(57)
1313 1780 1348 1806 τὰ
1374 1779 1423 1815 μέν
1446 1780 1520 1805 ἐστιν
1545 1778 1698 1813 ὁμώνυμα,
1728 1778 1762 1804 τὰ
1785 1777 1812 1803 δὲ

1024 1828 1198 1862 συνώνυμα,
1212 1826 1283 1853 τὰδὲ
1305 1825 1481 1860 παρώνυμα,
1500 1823 1679 1859 προσέτι(58)
1706 1823 1737 1850 δὲ
1751 1823 1811 1850 τού-

1023 1885 1079 1907 τοις
1096 1875 1163 1902 ἀλλα
1181 1873 1253 1906 τινὰ,
1280 1869 1317 1900 ὦν
1338 1872 1373 1898 τὰ
1399 1871 1448 1906 μὲν
1465 1871 1588 1897 καλεῖται
1617 1869 1811 1903 πολυώνυμα.

1028 1921 1101 1948 τὰδὲ
1119 1921 1304 1954 ἐτερὼνυμαο
1328 1919 1375 1944 καὶ
1398 1916 1499 1952 τρόπον
1518 1916 1578 1943 τινὰ
1599 1915 1768 1942 ἀντίκεινται
1781 1915 1814 1940 τὰ

1029 1967 1079 2003 μὲν
1096 1965 1260 2000 πολυώνυμα
1282 1965 1339 1996 τοῖς
1356 1963 1524 1999 ὁμωνύμως,
1548 1961 1583 1988 τὰ
1597 1961 1626 1988 δὲ
1651 1960 1813 1996 ὲτερώνυμα.

1025 2014 1082 2045 τοῖς
1097 2011 1277 2046 συνωνύμοις.

1059 2059 1093 2094 β’.
1113 2058 1262 2093 Ὀμώνυμα
1278 2056 1327 2092 μὲν
1341 2052 1388 2083 οὖν
1404 2055 1462 2082 ἐστι
1484 2054 1648 2089 πράγματα,
1663 2049 1701 2080 ὧν
1714 2053 1732 2088 ὴ
1755 2061 1811 2078 κοι-

1024 2104 1106 2132 νωνία
1127 2103 1198 2131 κατὰ
1215 2103 1246 2128 τὸ
1269 2101 1364 2136 ὄνομα.
1385 2101 1403 2135 ὴ
1430 2099 1546 2134 διαφορὰ
1560 2099 1589 2126 δὲ
1606 2099 1635 2125 ἐν
1664 2097 1706 2133 τῷ
1732 2098 1810 2132 λόγῳ,

1023 2150 1078 2176 εἴτε
1093 2149 1185 2184 ὀρικὸς
1206 2148 1248 2183 εἴη
1274 2148 1329 2173 εἴτε
1351 2145 1543 2181 ὑπογραφικὸς
1566 2146 1580 2172 ὁ
1608 2143 1809 2178 ἀποδιδόμενος·

1023 2193 1089 2228 οἷον,
1106 2195 1215 2228 λέγεται
1237 2193 1313 2226 ζῶονι
1325 2193 1338 2219 ὅ
1354 2201 1383 2218 τε
1397 2191 1542 2227 ἄνθρωπος
1558 2190 1609 2217 καὶ
1619 2191 1636 2225 ὴ
1646 2189 1692 2216 τοῦ
1708 2188 1810 2224 ἀνθρὼ-

1024 2250 1075 2268 που
1087 2240 1168 2267 εἰκών
1181 2239 1237 2275 (59)
1249 2247 1255 2254 ·
1278 2239 1332 2265 ἰδοὺ
1351 2237 1439 2264 ταῦτα
1456 2236 1589 2272 ὁμώνυμα
1604 2244 1611 2251 ·
1626 2234 1695 2262 κατὰ
1714 2235 1769 2270 γὰρ
1783 2234 1812 2260 τὸ

1024 2286 1109 2321 ὄνομα.
1125 2285 1204 2320 μόνον
1222 2283 1380 2310 κοινωνοῦσι
1393 2281 1460 2316 (60),
1478 2280 1603 2307 τουτέστι
1627 2279 1659 2307 τδ
1674 2280 1745 2312 ζῶον
1759 2279 1811 2315 (οὑ-

1024 2332 1067 2359 δὲν
1083 2331 1136 2365 γὰρ
1152 2329 1250 2357 κωλύει
1261 2329 1308 2355 καὶ
1321 2329 1371 2363 τὴν
1385 2328 1476 2354 εἰκόνα
1490 2326 1560 2359 ζῶον
1571 2325 1674 2357 καλεῖν,
1688 2325 1752 2352 ἐπεὶ
1768 2323 1810 2350 καὶ

1025 2377 1087 2408 τοὺς
1102 2375 1190 2402 ταῦτα
1202 2374 1358 2408 γράφοντας
1375 2372 1538 2407 ζωγράφους
1562 2369 1728 2405 καλοῦμεν)·
1743 2368 1810 2396 κατὰ

1024 2423 1054 2450 δὲ
1071 2423 1116 2449 τὸν
1128 2422 1206 2456 λόγον
1216 2419 1391 2455 διαφέρουσιν
1406 2427 1414 2434 ο
1433 2418 1512 2446 ἄλλον
1523 2417 1578 2452 γὰρ
1593 2417 1641 2444 καὶ
1661 2416 1742 2443 ἄλλον
1754 2416 1808 2450 ὀρι-

1026 2469 1094 2504 o:pr
1107 2469 1166 2503 ἦτοι
1191 2467 1269 2500 λόγον
1287 2465 1442 2499 ἐπιδέχεται
1472 2463 1603 2497 ἑκάτερον
1630 2461 1723 2488 αὐτῶν
1736 2461 1807 2504 (61)·

1024 2503 1101 2548 ὸγμὲν
1129 2513 1182 2548 γάρ
1211 2511 1286 2537 ἐστιν
1311 2510 1390 2536 οὐσία
1415 2509 1537 2543 ἔμψυχος
1566 2506 1737 2542 αἰσθητικδς,
1752 2503 1809 2538 ἡδὶ

1025 2560 1145 2595 δηλονότι
1175 2556 1237 2584 οὔτε
1265 2556 1386 2591 ἔμψυχος
1414 2554 1476 2580 οὕτε
1493 2552 1664 2587 αἱσθητιχὸς,
1684 2551 1766 2586 τέχνῃ
1781 2549 1808 2575 δὲ

939 2612 1055 2645 NOTAE.

224 2667 280 2701 (56)
297 2665 364 2693 Cod.
379 2664 449 2701 Non.
466 2665 520 2692 222
536 2665 556 2692 l'.
573 2665 608 2692 38
625 2665 641 2692 b
657 2674 663 2691 :
680 2664 781 2691 Φωτίου
800 2663 969 2698 σύνοψιςτῶν

188 2699 452 2738 mererem}??-
476 2735 515 2738 __
550 2735 560 2738 _
702 2736 706 2738 .
749 2735 753 2738 _
833 2733 839 2738 .
873 2734 893 2738 _.

227 2737 284 2771 (5'1)
300 2733 440 2763 Monfﬁ‘lﬂ
456 2744 462 2762 :
475 2735 536 2762 Τῶν
548 2735 632 2762 ὅντων
645 2736 715 2761 κατὰ
728 2735 777 2768 τὴν
794 2733 861 2767 πρὸς
871 2733 970 2767 ἄλληῖιι

192 2773 285 2808 vim
303 2771 336 2808 τρι
354 2771 494 2808 sissis“-

228 2802 373 2842 (58)7M0n.
401 2806 543 2842 [Ipéasa-rt.
564 2805 605 2842 Cf.
630 2805 737 2842 Alcuiu.
757 2803 868 2842 Dialect.
886 2812 910 2830 c.
938 2802 969 2829 Υ.

193 2839 353 2878 (Αιιιξιέᾳι.
369 2849 398 2874 II,
413 2839 474 2878 1ζὲ.
490 2840 557 2878 ιδθι
574 2840 615 2867 cd.
633 2839 778 2878 Basuagc).

231 2849 268 2870 nt.
282 2849 353 2868 Leu.
369 2849 398 2874 II,
413 2849 432 2874 ι,
490 2849 557 2868 οθυι
574 2849 615 2867 cu.
633 2849 778 2874 basnage).

230 2877 285 2914 (59)
298 2877 404 2905 Monac.
421 2886 428 2904 :
470 2876 598 2910 ράγμοιτα
616 2875 687 2902 κατὰ
704 2874 753 2910 μὲν
771 2874 801 2900 τὸ
817 2874 902 2910 ὄνομα
918 2882 973 2900 κοι-

1023 2662 1170 2692 νωνοῦντα,
1187 2660 1256 2687 κατὰ
1271 2660 1299 2686 δὲ
1312 2659 1356 2686 τὸν
1370 2659 1477 2694 λόχονη
1487 2657 1537 2694 κᾷν
1547 2665 1576 2683 τε
1589 2654 1702 2694 optatio;
1718 2655 1767 2694 κςν
1778 2659 1805 2694 τε

1192 2695 1356 2729 διαφέροντα,
1370 2702 1379 2709 α
1393 2687 1610 2727 οἷονᾶνθρωποέ
1620 2687 1667 2717 κίι
1679 2691 1696 2724 ἡ
1709 2689 1754 2716 τοῦ
1778 2687 1804 2714 ἀ⁶

1025 2733 1066 2752 τῘν

1024 2741 1078 2758 εικ.

1060 2768 1116 2800 (60)
1133 2766 1229 2794 Monac
1239 2785 1247 2793 .
1267 2785 1274 2792 .
1288 2773 1296 2792 :
1311 2762 1488 2800 Κοινῳνοῦσι,
1504 2759 1560 2788 οἷον
1574 2760 1604 2788 τὸ
1615 2761 1697 2793 ζῶον.
1707 2760 1804 2788 Desunt

1026 2799 1113 2829 verba
1123 2803 1148 2828 in
1162 2800 1317 2836 parenthesi
1333 2799 1433 2836 posita.

1217 2826 1380 2871 Ἵίλρῥισίιὸν
1393 2832 1570 2871 ἀποδέχονται
1603 2830 1662 2871 ἦτοι
1686 2830 1762 2864 λόγον
1772 2835 1779 2842 “
1789 2826 1804 2853 ὅ

1028 2866 1128 2908 μξγὰρ
1143 2871 1248 2899 αὑτῶνο
1266 2866 1337 2897 Ven;
1352 2866 1500 2906 apograph)
1515 2866 1603 2894 omitt.
1622 2866 1689 2901 γάρ.
