1863 3064
231 81 282 119 767

804 86 932 116 ΡΗΟΤΙΙ
952 87 1005 116 PA'.

1069 84 1272 119 ARCHEECP.
1781 86 1819 117 768

265 142 309 170 10.
329 141 443 175 Quando
461 145 527 170 vero
541 141 615 169 aliud
630 141 663 169 de
683 141 736 169 alio
750 142 914 176 prmdicatur
933 146 963 168 ut
976 142 1005 169 dc

1107 145 1134 169 ι’.
1154 143 1239 170 Ὀταν
1271 143 1294 169 δ’
1318 143 1411 178 ἕτερον
1424 143 1485 170 καθ’
1503 142 1595 178 ἐτέρου
1612 142 1782 178 κατηγορῆται
1794 144 1821 175 ὼς

229 190 353 224 subjecto
364 188 421 216 sive
436 188 562 220 univoce,
573 196 744 223 quaecunque
757 188 791 215 dc
806 189 950 223 praedicam
965 188 1013 216 illo

228 237 374 269 dicuntur,
408 235 501 262 omnia
533 235 568 262 de
597 234 721 269 subjecto
744 241 853 269 quoque
878 234 1012 262 dicemur.

231 280 308 308 Vorbi
321 281 408 317 gratia
420 282 503 308 homo
517 280 683 315 praédicatur
699 280 732 307 de
748 280 799 307 hoc
815 285 892 307 certo
905 280 1015 307 homine

228 323 336 362 (Petrus
349 332 392 354 est
409 327 515 361 homo).
530 327 632 353 animal
651 333 717 354 vero
732 326 764 353 de
779 327 889 354 homine
907 326 1015 361 simpli-

225 373 313 406 citer;
339 373 485 400 manifeste
516 380 582 407 ergo
609 376 636 399 et
665 373 698 400 de
724 376 801 400 certo
827 373 880 399 hoc
903 371 1015 399 homine

225 417 326 445 animal
340 418 542 452 prauiicandum
554 418 606 445 erit
617 417 728 452 (Petrus
747 421 788 444 est
803 416 927 444 animali.
943 417 1013 444 Nam

224 467 319 490 certus
329 464 445 499 quilibet
454 464 536 490 homo
548 468 576 490 et
590 465 671 490 homo
685 467 711 490 et
727 462 828 490 animal
839 467 888 489 est.
899 463 1014 496 Quando

227 514 292 535 vero
316 516 371 536 non
401 510 517 536 univoce
537 509 601 544 quid
626 510 660 536 de
687 509 741 537 alio
769 509 940 544 praedicatur,
966 508 1014 536 sed

226 555 387 589 tequivoce,
417 555 528 582 minimc
555 563 668 582 necesse
693 560 750 587 est,
780 555 870 582 omnia
898 563 959 590 qua:
981 556 1014 583 de

227 600 372 635 praedicata
383 601 523 632 dicuntur,
536 601 592 628 haec
609 605 635 628 et
650 601 683 628 de
697 601 822 636 subjecto
835 601 901 629 dici.
916 601 1014 628 Exem-

226 645 264 680 pli
292 645 378 680 gratia
396 654 402 672 :
420 646 518 672 Album
546 646 710 681 praedicatur
731 647 872 682 aequivore
896 648 930 674 de
951 654 1014 674 cor-

226 699 311 727 pore;
331 692 422 719 album
455 692 528 720 enim
555 700 654 728 corpus
681 693 797 726 dicitur;
828 694 898 720 ratio
923 698 1013 720 autem

226 746 280 773 qua
300 738 430 766 deﬁnitur
443 738 547 771 album,
562 739 637 765 nullo
648 739 730 766 modo
744 740 851 774 corpori
868 739 1012 773 congruit;

226 789 269 812 est
285 781 358 812 enim
373 784 494 812 deﬁnitio
515 784 569 811 albi
592 785 669 812 color
685 789 712 812 et
735 785 788 812 alia
804 786 939 820 quaedam,
954 792 1014 812 cor-

228 837 280 864 pus
293 837 359 857 vero
374 837 427 857 non
444 837 505 857 esse
519 830 636 857 colorem
654 830 827 858 manifestum
840 836 891 858 est.

260 873 306 900 11.
328 872 428 900 Verum
454 879 481 901 et
507 874 560 901 hoc
586 875 657 902 scire
679 879 798 910 oportet,
823 883 930 910 corum,
952 885 1013 912 qua:

228 923 293 947 sunt
308 919 408 947 diversi
423 921 532 955 generis
557 928 608 948 nec
622 921 673 948 sibi
690 921 805 948 invicem
822 922 1011 956 subordinata,

227 965 349 994 diversas
363 970 390 993 et
405 967 495 1001 specie
510 974 572 994 esse
587 966 767 1001 diderentias,
785 967 868 995 veluti
884 969 1012 997 animalis

226 1016 254 1039 et
276 1012 413 1046 scientiae;
442 1013 569 1040 animalis
594 1013 666 1040 enim
696 1013 855 1042 diﬂ‘erentiae
884 1019 1013 1043 terrestre

226 1058 375 1093 (pedestre)
400 1063 428 1086 et
451 1059 586 1094 aquatile;
619 1059 741 1087 scientia:
765 1067 830 1088 vero
850 1060 919 1088 nihil
941 1061 1014 1096 ejus-

226 1102 320 1135 modi;
345 1110 435 1138 neque
459 1104 532 1131 enim
556 1103 671 1131 scientia
691 1111 707 1131 a
733 1104 848 1132 scientia
873 1104 964 1134 diﬁart
980 1112 1013 1133 eo

225 1149 299 1184 quod
318 1149 403 1177 altera
421 1150 457 1177 sit
471 1150 558 1184 bipes.

262 1194 307 1222 12.
326 1194 462 1223 Praeterea
483 1203 579 1223 eorum
591 1203 653 1230 quae
674 1195 779 1230 absque
800 1196 945 1232 complexu
971 1197 1013 1224 di-

225 1233 334 1273 cuntur,
350 1239 423 1268 aliud
437 1245 481 1268 est
505 1241 669 1279 substantia,
688 1242 761 1269 aliud
774 1243 924 1278 quantitas,
938 1243 1013 1271 aliud

224 1284 356 1319 qualitas,
383 1285 458 1312 aliud
481 1285 588 1317 relatio.
613 1286 685 1314 aliud
710 1287 767 1320 ubi,
792 1287 866 1314 aliud
890 1288 1012 1323 quando,

224 1330 298 1358 aliud
315 1332 396 1364 situs,
417 1331 489 1359 aliud
513 1331 622 1364 habere.
650 1332 723 1360 aliud
739 1340 829 1368 agere,
856 1333 930 1361 aliud
946 1335 1011 1369 pati.

226 1376 259 1404 Et
272 1377 426 1405 substantia
441 1377 551 1412 quidem
564 1383 607 1406 est
616 1378 691 1406 verbi
705 1379 792 1414 gratia
803 1379 896 1412 homo,
908 1387 1012 1415 equus;

225 1423 365 1458 quantitas
380 1431 445 1451 vero
464 1424 621 1457 bicubitale,
641 1425 816 1459 tricubitale;
833 1426 952 1461 qualitas
971 1430 1014 1454 est

225 1468 335 1519 album,
353 1470 563 1504 grammaticum
582 1478 661 1504 esse,
683 1471 779 1499 relatio
804 1479 871 1499 vero
899 1472 1010 1508 duplex,
1025 1489 1047 1519 α

224 1514 390 1549 dimidium,
416 1515 523 1549 majus;
546 1516 593 1543 ubi
611 1516 708 1552 (locus)
731 1524 757 1544 ν.
783 1526 810 1553 g.
833 1517 964 1551 Athenis,
983 1518 1012 1546 in

225 1560 386 1594 academia;
411 1561 522 1596 quando
544 1562 674 1597 (tempus)
693 1571 700 1589 2
723 1562 782 1590 heri
808 1570 881 1590 anno
902 1569 1013 1598 praeter-

225 1605 316 1640 lapso;
332 1605 424 1634 situs:
440 1613 468 1634 ν.
491 1614 532 1641 gr.
553 1607 639 1639 sedet,
661 1608 808 1641 consistit;
831 1609 940 1638 habitus
958 1615 1010 1643 est,

224 1658 251 1677 v.
268 1658 309 1686 gr.
330 1651 492 1682 calceatum,
509 1653 637 1680 vestitum
653 1661 733 1687 esse;
754 1653 843 1682 facere
862 1663 909 1682 seu
931 1663 1012 1690 agere

223 1702 276 1730 est,
295 1704 323 1724 ν.
337 1705 364 1733 ε.
385 1705 490 1731 secare,
512 1706 609 1732 urere;
631 1700 686 1734 pati
714 1708 778 1726 vero
796 1704 849 1732 est,
865 1701 952 1728 secari
971 1701 1012 1728 vel

223 1743 360 1770 comburi.
389 1743 609 1780 Unumquodque
629 1746 713 1781 igitur
731 1747 828 1774 horum
851 1747 1012 1782 simpliciter

223 1790 326 1817 dictum
350 1797 439 1825 neque
462 1791 604 1819 veritatem
629 1792 767 1827 signiﬁcat
785 1801 874 1828 neque
897 1794 1011 1821 menda-

224 1837 315 1870 cium;
331 1836 473 1872 complexa
488 1845 553 1865 vero
570 1839 604 1865 ad
620 1839 736 1866 invicem
754 1840 895 1867 veritatem
908 1840 1013 1875 signiti-

222 1886 287 1911 cant
297 1887 346 1911 aut
364 1883 552 1916 mendacium;
569 1884 642 1912 verbi
654 1885 739 1919 gratia
752 1893 759 1911 z
772 1885 859 1913 llomo
878 1886 1010 1918 ambulat,

224 1929 267 1956 vel
281 1929 356 1956 aliud
368 1929 509 1964 quidpiam
524 1930 671 1965 ejusmodi.
688 1929 907 1966 Propositionem
917 1932 1009 1959 enim:

224 1974 276 2002 Hic
289 1979 377 2002 certus
392 1975 469 2002 homo
484 1977 603 2003 ambulat
620 1982 667 2004 aut.
680 1985 773 2004 veram
785 1983 832 2005 aut
842 1978 937 2006 falsam
947 1985 1008 2007 esse

223 2029 336 2049 necesse
348 2027 399 2048 est.

343 2066 507 2100 QUAESTIO
525 2065 693 2095 CXXXVIII.
713 2067 880 2105 [CLXXIV.]

507 2114 546 2142 De
560 2115 720 2142 substantia.

1065 189 1126 216 καθ’
1139 189 1320 224 ὑποκειμένου
1343 189 1426 223 ἤγουν
1450 190 1625 223 συνωνύμως,
1646 189 1696 215 ὅσα
1716 188 1777 215 κατὰ
1788 189 1822 215 τοῦ

1065 237 1302 272 κατηγορουμένου
1318 236 1439 270 λέγεται.
1459 229 1548 262 πάντα
1563 236 1609 262 καὶ
1627 235 1697 262 κατὰ
1719 235 1761 261 τοῦ
1771 235 1823 261 ὑπο-

1065 282 1190 318 κειμένου
1203 282 1241 318 (8)
1263 282 1427 318 ῥηθήσεται·
1444 278 1501 307 οἷον
1529 280 1672 317 ἅνθρωπος
1687 282 1824 315 κατηγορεῖ-

1064 337 1109 355 ται
1129 327 1175 355 τοῦ
1183 336 1256 359 τινος
1269 327 1424 363 ἀνθρώπου,
1442 327 1471 353 τὺ
1481 326 1509 353 δὲ
1521 326 1590 358 ζῶον
1601 326 1672 352 κατὰ
1684 326 1728 352 τοῦ
1742 326 1824 360 ἀνθρώ-

1065 379 1116 398 που
1131 371 1178 398 καὶ
1192 372 1271 406 δῆλον
1281 372 1322 398 ὅτι
1334 371 1371 406 (9)
1391 372 1439 397 καὶ
1459 371 1532 397 κατὰ
1548 370 1595 396 τοῦ
1619 379 1692 402 τινος
1704 370 1824 406 ἀνθρώπου

1064 417 1094 444 τὺ
1111 417 1180 450 ζῶον
1194 418 1447 454 κατηγορηθήσεται
1459 425 1468 433 ο
1483 418 1497 443 ὁ
1516 417 1570 452 γάρ
1590 425 1632 448 τις
1647 417 1824 452 ἄνθρωποςκαὶ

1064 464 1206 499 ἄνθρωπός
1222 465 1280 491 ἐστι
1305 464 1353 490 καὶ
1378 463 1456 495 ζῶον.
1483 463 1569 489 Ὅταν
1584 462 1613 488 δὲ
1629 463 1667 497 μὴ
1685 462 1825 496 συνωνύμως

1064 510 1251 546 κατηγορῆταί
1274 518 1300 535 τι
1328 510 1398 536 κατά
1422 517 1495 540 τινος
1507 508 1574 544 (10),
1603 507 1661 534 ἀλλ’
1686 508 1825 543 ὁμωνύμως)

1064 556 1113 581 οὐκ
1130 556 1247 589 ἀνάγκη,
1266 555 1316 581 ὃσα
1331 555 1403 581 κατὰ
1418 555 1465 581 τοῦ
1481 554 1721 589 κατηγορουμένου
1731 553 1826 587 λέγεται,

1064 601 1181 627 τοσαῦτα
1196 600 1253 636 (11)
1267 601 1315 627 καὶ
1335 600 1406 627 κατὰ
1427 600 1475 626 τοῦ
1498 600 1678 634 ὑποκειμένου
1702 599 1825 634 λέγεσθαι·

1064 643 1187 681 οἷον·(12)
1203 646 1235 672 τὸ
1247 646 1343 672 λευκὸν
1356 646 1550 680 κατηγορεῖται
1563 645 1716 680 ὁμωνύμως
1733 646 1775 671 τοῦ
1787 645 1827 671 σώ-

1066 700 1148 726 ματος
1161 699 1168 707 ·
1183 691 1280 717 λευκὸν
1294 692 1349 726 γὰρ
1363 691 1443 726 σῶμα
1457 691 1566 725 λέγεται
1580 698 1586 705 ·
1611 691 1625 717 ὁ
1636 690 1664 717 δὲ
1679 690 1776 724 λόγοςὸ
1793 691 1828 716 ἐπὶ

1063 737 1111 764 τοῦ
1125 737 1224 764 λευκοῦ
1239 738 1296 772 (15)
1309 737 1437 763 οὐδέποτε
1452 737 1568 772 ἁρμόσει
1583 736 1629 763 ἐπὶ
1642 736 1688 763 τοῦ
1707 737 1826 772 σώματος·

1064 783 1124 810 ἐστι
1141 783 1196 818 γὰρ
1207 784 1221 810 6
1235 783 1312 817 λόγος
1325 783 1407 809 αὑτοῦ
1427 783 1525 818 χρῶμα
1547 783 1593 809 καὶ
1610 783 1677 809 ἄλλα
1688 783 1756 815 τινὰ,
1772 784 1797 809 τὸ
1806 783 1828 809 δὲ

1065 828 1144 863 σῶμα
1158 828 1274 864 φανερὸν
1286 829 1328 855 ὅτι
1344 828 1395 855 οὐκ
1409 828 1468 854 ἐστι
1480 827 1579 864 χρῶμα
1603 828 1671 864 (Η).

1099 876 1144 899 ια’.
1165 874 1211 899 Δεῖ
1229 872 1258 899 δὲ
1274 873 1322 900 καὶ
1343 873 1422 900 τοῦτο
1439 873 1552 906 ειδέναι,
1565 873 1673 900 ὅτιτῶν
1685 873 1829 910 ἑτερογενῶν

1063 919 1111 945 καὶ
1125 919 1163 955 μὴ
1178 918 1223 946 ὑπ’
1238 919 1341 955 ἄλληλα
1368 919 1542 954 τεταγμένων
1561 919 1652 954 ἕτεραι
1667 919 1707 955 τῷ
1719 919 1778 946 εῖδει
1792 919 1829 945 καὶ

1063 965 1092 991 αἱ
1106 965 1253 1001 διαφοραί·
1275 963 1332 992 οἷον
1355 964 1425 997 ζώου
1447 965 1496 993 καὶ
1512 966 1677 1001 ἐπιστήμης.
1703 966 1772 993 Ζώου
1790 965 1830 1000 μὲν

1063 1011 1118 1046 γὰρ
1139 1011 1266 1046 διαφοραὶ
1284 1011 1315 1037 τὸ
1340 1011 1421 1043 πεζὸν
1438 1011 1487 1039 καὶ
1503 1011 1534 1038 τδ
1551 1011 1674 1047 ἔνυδρον,
1694 1011 1829 1046 ὲπιστήμης

1063 1057 1091 1083 δὲ
1106 1057 1218 1092 οὐδεμία
1233 1055 1352 1083 τούτων·
1369 1057 1400 1083 οὐ
1424 1057 1480 1092 γὰρ
1495 1057 1618 1093 διαφέρει
1633 1058 1771 1093 ἐπιστήμη
1782 1058 1829 1085 ἑπι-

1064 1103 1173 1138 στήμης
1185 1102 1224 1138 τῷ
1238 1103 1331 1135 δίπους
1345 1101 1416 1130 εἰναι
1429 1103 1496 1139 (l5).

1099 1191 1144 1228 ιβ’.
1167 1193 1227 1219 Ἔτι
1248 1193 1338 1220 τοίνυν
1358 1193 1413 1221 τῶν
1440 1193 1525 1230 χωρὶς
1550 1194 1714 1230 συμπλοκῆς
1738 1194 1831 1230 λεγομέ-

1064 1247 1117 1266 νων
1132 1239 1186 1275 (16)
1206 1239 1236 1266 τὸ
1262 1239 1313 1274 μέν
1336 1239 1411 1267 ἐστιν
1436 1240 1526 1273 οὐσία,
1550 1240 1579 1267 τὸ
1603 1241 1631 1267 δὲ
1651 1242 1745 1273 ποσὸν.
1768 1241 1794 1267 τὺ
1810 1239 1832 1266 δὲ

1064 1285 1150 1317 ποιὸν,
1170 1285 1201 1311 τὸ
1223 1284 1252 1311 δὲ
1269 1286 1338 1319 πρός
1357 1293 1402 1317 τι,
1417 1285 1448 1312 τὸ
1469 1286 1497 1312 δὲ
1511 1285 1579 1318 ποῦ,
1595 1286 1626 1313 τὸ
1637 1287 1665 1313 δὲ
1682 1286 1761 1318 ποτὲ,
1773 1285 1799 1312 τὸ
1811 1285 1832 1311 δὲ

1064 1330 1187 1362 κεῖσθαι,
1209 1331 1240 1357 τὸ
1256 1331 1285 1358 δὲ
1308 1330 1391 1366 ἔχειν,
1414 1331 1445 1358 τὸ
1462 1331 1491 1358 δὲ
1514 1333 1613 1365 ποιεῖν,
1628 1333 1659 1359 τὸ
1678 1332 1709 1359 δὲ
1723 1333 1832 1367 πάσχειν.

1063 1375 1119 1402 Καὶ
1141 1376 1216 1402 ἐστιν
1242 1376 1321 1404 οὐσία
1345 1377 1395 1412 μὲν
1412 1374 1468 1404 οἷον
1485 1377 1645 1414 ἄνθρωπος,
1671 1378 1753 1410 ἵππος
1770 1378 1832 1414 (17)·

1064 1422 1147 1449 ποσὸν
1156 1422 1184 1449 δὲ
1199 1419 1256 1449 οἷον
1265 1422 1376 1458 δίπηχυ,
1390 1423 1508 1459 τρίπηχυ
1521 1433 1529 1440 ·
1541 1425 1618 1451 ποιὸν
1632 1422 1733 1458 δὲ,οἷον
1744 1424 1833 1455 λευκὸν,

1063 1470 1256 1504 γραμματικόν
1268 1469 1336 1504 (18)·
1350 1470 1418 1505 πρός
1433 1479 1459 1497 τι
1473 1468 1577 1502 δὲ,οἷον
1588 1472 1741 1505 διπλάσιον,
1751 1472 1834 1507 ἣμισυ.

1065 1515 1158 1550 μεῖζον
1169 1523 1177 1531 ·
1192 1514 1244 1542 ποῦ
1260 1514 1358 1548 δὲ,οῐον
1375 1517 1403 1543 ἐν
1413 1516 1548 1552 Ἀθήναις,
1564 1518 1593 1544 ὲν
1609 1518 1768 1554 ἁκαδημίᾳ“
1782 1518 1834 1544 ποτὲ

1061 1560 1103 1593 δὲ,
1112 1558 1169 1588 οἷον
1183 1561 1257 1596 χθὲς,
1275 1561 1385 1596 πέρυσι’
1396 1562 1501 1590 κεῖσθαι
1518 1561 1615 1597 δὲ,οἷον
1629 1564 1759 1599 κάθηται,
1773 1565 1830 1591 ἵστα-

1061 1616 1107 1634 ται
1123 1615 1130 1623 ·
1145 1607 1218 1642 ἔχειν
1234 1608 1274 1642 δὲ,
1291 1606 1347 1636 οἷον
1375 1609 1552 1637 ὑποδεδέσθαι
1577 1611 1633 1646 (19)
1644 1631 1652 1642 .
1676 1612 1834 1639 emensam-

1062 1654 1138 1680 ποεῖν
1152 1652 1251 1687 δὲ,οἵον
1264 1654 1384 1690 τέμνειν,
1397 1656 1501 1683 καίειν·
1521 1656 1636 1691 πάσχειν
1647 1654 1747 1688 δὲ,οἷον
1756 1658 1830 1692 τέμνε

1064 1699 1144 1733 σθαι,
1165 1700 1289 1727 καίεσθαι
1312 1700 1379 1736 (20).
1395 1701 1531 1728 Ἔκαστον
1556 1699 1604 1728 οὖν
1621 1702 1677 1729 τῶν
1696 1702 1834 1738 εἰρημένων

1063 1745 1167 1771 ἁπλοῦν
1187 1746 1236 1780 μὲν
1253 1746 1310 1781 (21)
1334 1746 1478 1782 λεγόμενον
1499 1747 1554 1774 οὔτ’
1577 1748 1708 1781 ἀλήθειαν
1725 1749 1834 1784 σημαίνει

1062 1790 1123 1817 οὔτε
1139 1791 1252 1826 ψεῦδος·
1281 1792 1493 1828 συμπλεκόμενα
1508 1793 1537 1820 δὲ
1563 1794 1622 1830 μετ’
1642 1795 1766 1831 ἀλλήλων
1779 1794 1834 1830 (Ω).

1062 1838 1191 1873 ἀλήθειαν
1214 1839 1371 1875 σημαίνειῆ
1393 1839 1508 1874 ψεῦδος·
1533 1837 1590 1867 οἷον
1608 1840 1754 1876 ἄνθρωπος
1770 1849 1834 1876 περι-

1062 1885 1159 1917 πατεῖ,
1171 1885 1188 1919 ἢ
1203 1885 1268 1911 ἄλλο
1278 1894 1305 1912 τι
1316 1880 1371 1912 τῶν
1382 1885 1511 1912 τοιούτων
1521 1894 1528 1900 ·
1542 1886 1572 1912 τὸ
1582 1886 1637 1921 γὰρ
1648 1886 1693 1918 τὶς
1706 1887 1835 1921 ἄνθρωπος

1062 1930 1209 1964 περιπατεῖ
1222 1930 1329 1965 ἀνάγκη
1344 1931 1361 1966 ἢ
1375 1929 1432 1966 (25)
1447 1930 1546 1966 ἀληθὲς
1561 1928 1632 1958 εἶναι
1645 1931 1662 1966 ἢ
1675 1931 1785 1966 ψεῦδος.

1320 2071 1487 2098 ΕΡΩΤΗΣΙΣ
1505 2073 1592 2100 PAH’.

1349 2119 1419 2153 Περὶ
1435 2119 1554 2152 οὐσίας.

753 2162 824 2187 Nunc
835 2163 940 2195 primum
952 2165 1017 2190 edita
1031 2172 1045 2190 a
1057 2165 1086 2191 D.
1101 2165 1314 2198 Hergenroether.

258 2202 286 2230 1.
304 2202 397 2230 Primo
414 2203 559 2232 dicendum
572 2208 614 2231 est
629 2204 663 2232 de
674 2204 837 2232 substantia.
852 2206 1005 2234 Substantia

1098 2212 1133 2235 α’.
1155 2209 1265 2244 Πρῶτον
1277 2209 1306 2236 δὲ
1316 2208 1411 2245 ῥητέον
1423 2210 1486 2244 περὶ
1497 2209 1601 2242 οὐσίας.
1622 2210 1653 2237 Ἦ
1664 2211 1756 2239 τοίνυν
1768 2211 1834 2238 οὐσία

222 2248 304 2283 igitur
326 2256 380 2276 non
404 2249 556 2277 secundum
570 2257 653 2276 unam
677 2251 854 2286 eamdemque
869 2252 1005 2280 notionem

221 2295 322 2323 dicitur
335 2295 500 2329 substantia,
523 2295 571 2323 sed
584 2302 637 2323 vox
657 2301 698 2324 est
718 2303 812 2324 earum
832 2305 865 2325 ex
880 2305 1005 2332 numero,

1060 2255 1091 2281 οὐ
1105 2255 1175 2281 κατὰ
1190 2255 1255 2290 μίαν
1276 2255 1323 2281 καὶ
1336 2254 1386 2290 τὴν
1399 2255 1484 2290 αὐτὴν
1503 2255 1607 2282 ἔννοιαν
1628 2255 1738 2290 λέγεται
1752 2256 1834 2287 οὐσία,

1059 2298 1128 2326 ἀλλὰ
1139 2299 1193 2326 τῶν
1207 2298 1349 2335 πολλαχῶς
1361 2299 1515 2335 λεγομένων
1528 2300 1602 2327 ἐστὶν
1616 2300 1633 2335 ἡ
1649 2301 1728 2336 φωνὴ
1737 2323 1745 2335 ,
1761 2302 1785 2329 εἰ
1796 2300 1836 2329 καὶ

974 2343 1091 2371 NOTAE.

256 2385 294 2428 (8)
309 2385 397 2428 Abeo»;
412 2386 473 2428 add.
489 2385 597 2428 Monac;
609 2385 662 2418 bis,
678 2386 750 2428 quod
760 2387 838 2428 deest
852 2388 879 2427 in
894 2385 958 2427 γει.
975 2392 1003 2428 et

219 2427 264 2483 rp.
276 2422 360 2449 Arist.
377 2428 437 2456 cap.
450 2421 478 2453 5,
494 2421 567 2455 quod
585 2421 641 2449 fere
655 2422 817 2449 verbotenus
831 2422 877 2449 hic
901 2423 1001 2450 inseri-

232 2464 274 2484 ur.

254 2491 294 2526 (9)
307 2490 364 2517 Καί
374 2490 451 2517 deest
465 2491 490 2517 in
510 2491 580 2518 Mon.

254 2526 312 2558 (10)
327 2525 360 2551 Τί
376 2526 445 2552 κατά
461 2534 532 2557 τινος
548 2527 623 2554 deest
637 2526 664 2554 in
679 2525 743 2554 Vat.

255 2559 311 2594 (11)
322 2559 395 2588 Mon.
410 2561 512 2594 Πάντα.

257 2595 312 2630 (12)
326 2594 399 2622 Mon.
416 2593 477 2623 υίον
490 2596 527 2628 ὡς
542 2596 571 2623 τὺ
585 2596 678 2624 λευκὸν
691 2606 752 2625 κατ.
782 2598 866 2633 ὀμων.
894 2599 933 2633 τῷ
946 2599 999 2625 σώ-

220 2637 296 2665 ματι.
538 2639 542 2647 ί

254 2665 311 2700 (15)
323 2665 474 2700 Λεγὸμενος
490 2666 553 2694 add.
567 2666 671 2694 Monac.

255 2701 310 2736 (14)
326 2700 398 2728 Μοιι.
418 2702 478 2728 Ὀτι
491 2702 626 2736 οὺκῗέστιν
639 2702 735 2734 οὕτως.

253 2735 316 2798 (Ιῇ
327 2737 393 2763 Cod.
413 2736 450 2777 Τὸ
462 2735 584 2779 6m._eiv.
597 2736 660 2764 Haec
671 2737 860 2778 paragraphus
880 2739 954 2764 dct‘st
972 2738 1000 2764 in

253 2771 277 2798 d.
319 2779 364 2798 on.
378 2771 462 2798 Arist.
479 2779 503 2798 c.
525 2782 551 2798 ο.
567 2772 610 2798 (ιι.
625 2773 651 2798 ιι.
666 2780 693 2798 n.
706 2773 723 2798 2
744 2773 788 2798 ed.
800 2771 888 2798 Paris.
907 2772 998 2798 1818).

216 2771 277 2798 cod.
291 2771 364 2798 Mon.
378 2771 462 2798 Arist.
479 2779 503 2799 c.
525 2773 551 2803 5,
567 2772 610 2808 (ll,
625 2773 651 2803 4,
666 2771 693 2806 p.
706 2773 723 2798 2
741 2771 788 2799 ed.
800 2771 888 2800 Paris.
907 2772 998 2803 1818).

251 2805 307 2836 (16)
321 2806 394 2834 Moti.
407 2807 428 2833 Τ
430 2807 468 2834 ὦν
482 2808 566 2841 χωρὶς
577 2807 735 2842 συμπλοκῆς
749 2807 903 2842 λεγομένων
911 2815 999 2842 πραγ-

1058 2388 1150 2423 μάτων
1164 2389 1195 2415 τὺ
1211 2398 1240 2423 μ.

1092 2425 1147 2458 (17)
1166 2425 1263 2456 Ἵππος
1275 2424 1352 2451 deest
1369 2424 1395 2451 in
1409 2424 1483 2452 Mon.

1092 2459 1149 2498 (18)
1165 2459 1313 2498 Τρίπξηχυθ-
1333 2461 1538 2498 γραμματικόν,
1557 2466 1584 2489 et
1602 2462 1708 2498 reliqua
1719 2461 1836 2496 exempla

1056 2496 1222 2531 omittuntur
1237 2496 1263 2522 in
1290 2495 1376 2528 Mon.,
1394 2496 1440 2522 ubi
1469 2504 1577 2531 semper
1595 2495 1678 2526 unum
1709 2495 1835 2525 duntant

1055 2530 1221 2563 exemplum.
1242 2531 1324 2566 idque
1340 2532 1458 2566 primum
1477 2539 1509 2559 ex
1531 2530 1621 2568 supra
1639 2533 1749 2568 positis,
1775 2532 1835 2560 alte-

1054 2571 1144 2598 satur.

1091 2601 1146 2635 (19)
1165 2599 1237 2628 Μοη.
1261 2601 1442 2630 ’Υποδέδεται.

1091 2636 1147 2671 (20)
1164 2636 1260 2662 Καίειν
1272 2642 1297 2663 ct
1314 2637 1440 2663 καίεσθαι
1456 2639 1547 2665 omitt.
1563 2638 1634 2665 Mon.

1090 2672 1147 2705 (21)
1163 2671 1222 2698 Μέν
1238 2671 1314 2699 deest
1332 2672 1358 2698 in
1370 2671 1443 2699 Mon.

1090 2706 1147 2740 (22)
1167 2706 1238 2734 Non.
1258 2707 1320 2733 add.
1338 2707 1354 2742 ἢ
1371 2708 1450 2742 ἁλήο.
1469 2709 1644 2742 σημαίσουσι.

1092 2742 1147 2779 (ἓξ)
1163 2742 1209 2779 Ἦ)
1217 2743 1308 2779 οιιιίιιζ
1323 2741 1473 2779 Mimallaic
1487 2741 1558 2778 apud
1576 2745 1660 2772 Arist.
1679 2744 1764 2779 leges.
1778 2750 1801 2772 c.
1811 2742 1834 2770 ι.

1054 2775 1078 2812 (ἱ
1091 2777 1141 2805 6-8
1151 2785 1178 2813 p.
1195 2777 1224 2811 '2,
1235 2778 1277 2805 ed.
1294 2777 1382 2810 Paris,
1396 2778 1487 2813 1848).
