1863 3064
75 132 116 167 769
503 135 553 165 AD
566 133 863 164 AMPHILOCIIIUM
879 133 1052 169 QUESTIO
1071 132 1258 164 CXXXVIII.

1627 131 1680 162 πο

71 193 158 223 πολλοῖς
186 192 238 218 τῶν
264 191 330 227 περὶ
356 191 452 220 οὐσίας
481 191 571 218 εἰπεῖν
598 199 625 217 τι
652 190 842 226 προελομένων

933 197 955 217 ae
972 189 1160 224 multipliciter
1173 189 1320 221 dicuntur;
1335 187 1387 215 etsi
1404 187 1484 216 multi
1498 187 1621 221 illorum,
1634 187 1682 223 qui

71 239 236 275 παρεώραται.
261 239 317 265 Καὶ
340 238 395 274 γὰρ
420 238 515 273 ἕτερον
536 237 586 272 μὲν
607 237 710 272 τρόπον
737 236 840 263 παντά-

72 294 140 312 πασιν
153 284 247 318 λέγοιτ’
262 283 296 311 ἂν
311 284 391 310 οὐσία
405 285 423 318 ἡ
440 283 602 319 ὑπερούσιος
619 283 667 309 καὶ
686 281 840 317 προακτικὴ

69 330 113 356 τῶν
125 330 203 356 ὄντων
217 329 315 362 οὐσία,
331 329 398 365 περὶ
417 326 453 365 ἦς
471 330 584 365 Θεωρεῖν
602 329 633 355 οὐ
647 328 698 363 τῆς
712 327 770 362 νῦν,
790 328 841 363 τῆς

68 376 90 401 δὲ
104 375 203 411 πρώτης
222 375 282 402 ἐστὶ
299 375 458 410 φιλοσοφίας
468 384 475 391 ι
492 375 586 410 ἕτερον
598 375 627 401 δὲ
640 374 742 410 τρόπον
759 374 776 409 ἠ
789 373 839 409 ὕλη

68 420 158 454 λέγεται
179 419 269 453 οὐσία,
294 421 342 447 καὶ
357 421 440 448 ἄλλον
454 420 537 447 πάλιν
550 420 581 447 τὸ
601 420 775 456 μορφωτικδν
793 420 841 446 καὶ

69 465 179 492 εἰδοποιὸν
194 465 245 499 τῆς
265 465 332 501 ὕλης
346 464 416 498 εἶδος
428 473 435 481 ·
450 465 509 493 ἀλλ’
522 465 652 501 ἑκάτερον
667 466 718 501 μὲν
731 466 785 493 τῶν
795 466 842 492 δύο

68 510 157 545 λέγεται
196 511 293 544 οὐσία,
315 512 456 548 οὐδέτερον
483 511 512 538 δὲ
537 512 628 538 αὐτῶν
654 513 714 538 ἐστι
739 512 842 548 κυρίως

68 558 165 592 πρᾶγμα
184 557 396 592 αὺθύπαρκτον·
420 558 437 593 ἡ
458 558 508 593 μὲν
529 558 584 593 γὰρ
603 557 654 593 ὕλη
670 558 756 585 δεῖται
771 557 840 594 πρὸς

70 601 169 636 ὓπαρξιν
182 603 230 628 καὶ
245 602 402 638 φανέρωσιν
412 602 462 637 τῆς
475 602 608 629 εἰδοποιοῦ
621 602 714 635 οὐσίας
723 611 729 618 ·
748 604 795 629 καὶ
810 603 842 630 τὸ

69 644 124 678 εἶδος
138 647 181 680 δὲ,
200 648 226 674 εί
240 648 289 674 καὶ
314 647 351 682 μὴ
370 647 520 680 ὡσαύτως,
537 647 596 675 ἀλλ’
616 645 663 675 οὖν
677 648 764 675 δεῖται
793 649 842 675 καὶ

69 693 123 720 αὐτὸ
142 693 189 728 τῆς
211 694 307 729 ὑλικῆς
320 693 433 726 οὐσίας,
453 694 497 728 ἐφ’
520 691 542 728 ᾧ
559 694 661 729 ἵδρυμα
684 694 777 722 λαϐεῖν
794 694 843 722 καὶ

70 737 134 772 βάσιν
143 747 151 754 ·
166 739 300 773 ἑκατέραν
313 739 343 766 δὲ
357 738 460 766 τούτων
473 739 521 766 τοῦ
532 739 648 774 φυσικοῦ
663 741 722 767 ἔστι
734 739 843 767 διασκέ-

69 783 166 818 ψασθαι.
180 786 241 811 Ἔτι
254 785 282 812 δὲ
294 785 373 812 οὐσία
384 785 493 819 λέγεται
503 785 552 812 καὶ
563 787 580 821 ἡ
593 785 716 813 ὁπωσοῦν
726 786 842 813 ἑκάστου

69 829 112 856 τῶν
124 830 204 856 ὄντων
219 829 338 866 ὒπαρξίς
354 839 386 857 τε
399 831 445 857 καὶ
458 831 586 862 οὐσίωσις
597 851 604 863 ,
618 831 679 866 ἦτις
695 831 751 866 ἔχει
766 832 842 858 ἀντι-

891 236 994 270 aliquid
1008 236 1042 263 de
1064 243 1096 263 ea
1118 235 1210 262 dicere
1231 234 1421 266 instituerunt,
1443 233 1471 261 id
1491 234 1681 269 neglexerunt.

891 283 1000 310 Etenim
1020 282 1074 310 alio
1091 281 1206 310 omnino
1226 280 1308 308 modo
1328 280 1483 308 substantia
1501 285 1617 308 vocatur
1634 288 1683 308 su-

891 328 1132 364 persubstantialis
1151 332 1235 363 atque
1254 327 1448 355 exsistentium
1465 334 1559 355 rerum
1581 326 1685 362 produ-

891 376 962 403 ctrix
978 374 1153 408 substantia;
1180 375 1260 410 cujus
1282 373 1470 402 consideratio
1490 381 1544 401 non
1562 375 1596 402 ad
1612 382 1684 410 prae-

892 425 1008 453 sentem,
1031 428 1123 448 verum
1149 420 1182 447 ad
1205 420 1321 455 primam
1340 420 1459 454 pertinet
1478 420 1682 455 philosophiam

892 469 944 504 (sc.
976 467 1194 503 metaphysieam
1229 474 1277 493 seu
1306 465 1472 500 theologiam
1503 466 1683 500 naturalem).

892 513 953 541 Alio
977 521 1043 540 vero
1072 513 1155 539 modo
1182 511 1296 539 materia
1324 511 1425 539 dicitur
1459 511 1634 544 substantia,
1658 516 1686 539 ct

892 560 947 587 alio
970 567 1081 587 rursum
1097 562 1178 594 pacto
1194 556 1347 585 iniormans
1367 561 1395 584 et
1420 556 1583 591 specidcans
1603 561 1687 584 mate-

892 606 962 633 riam
984 605 1092 638 forma;
1109 611 1205 631 verum
1226 608 1375 638 utrumque
1394 603 1506 638 quidem
1531 603 1686 632 substantia

893 651 1004 684 dicitur,
1026 656 1155 678 neutrum
1171 657 1235 677 rero
1253 649 1363 684 proprie
1377 655 1420 677 est
1431 657 1476 677 res
1489 657 1538 684 per
1550 657 1580 677 se
1598 650 1687 678 subsi-

893 701 980 724 stens.
999 695 1066 723 Nam
1087 695 1199 722 materia
1217 694 1251 722 ad
1264 695 1453 722 exsistentiam
1475 698 1503 722 et
1522 695 1685 724 manifesta—

895 743 996 770 tionem
1023 741 1127 777 indiget
1151 741 1305 769 substantia
1328 741 1503 776 specilicante
1521 745 1549 768 et
1571 741 1686 775 species.

894 788 948 816 etsi
963 796 1017 815 non
1029 788 1125 815 eodem
1142 788 1236 819 modo,
1252 791 1344 814 tamen
1360 791 1388 814 et
1401 787 1459 821 ipsa
1479 786 1583 822 indiget
1598 791 1686 814 mate-

895 835 956 862 riali
974 834 1139 865 substantia,
1161 833 1188 861 in
1214 841 1268 868 qua
1293 833 1444 860 collocetur
1460 833 1685 869 etsustineatur;

69 875 178 911 κείμενον
193 876 224 902 τὸ
240 877 278 911 μὴ
293 876 323 903 δν
334 884 341 891 ·
359 876 390 903 οὐ
410 876 475 912 μὴν,
492 876 561 904 ἀλλὰ
577 877 685 911 λέγεται
706 877 787 904 πάλιν
799 877 842 904 οὺ-

945 884 1091 914 utramque
1116 886 1181 907 vero
1201 878 1297 906 harum
1319 878 1470 912 inquirere,
1495 877 1528 904 ad
1543 877 1686 912 physicum

68 921 106 948 σία
119 923 172 955 τοῖς
185 923 338 954 πολιτικοῖς
357 923 374 958 ἡ
386 923 505 949 ἑκάστου
518 923 573 949 τῶν
590 924 739 959 κτημάτων
753 932 784 950 τε
797 924 846 951 καὶ

68 968 200 1003 χρημάτων
223 968 368 1003 περιουσία
390 969 438 996 καὶ
457 968 584 1005 ὖπαρξις.
603 969 785 1004 Τοσαυταχῶς
797 968 846 996 οὖν

71 1013 130 1044 τέως
141 1013 188 1048 τῆς
203 1014 300 1046 οὐσίας
316 1014 477 1049 λεγομένης,
493 1015 608 1050 οὐδεμία
621 1015 677 1042 τῶν
692 1016 846 1051 εἰρημένων

68 1057 184 1092 οὐμενοῦν
197 1059 228 1085 οὐ
239 1058 351 1086 δύναται
366 1059 519 1094 κατηγορία
535 1057 634 1094 εἶναιῆ
650 1059 844 1094 ὁνομάζεσθαν

67 1103 116 1130 ἀλλ’
135 1105 150 1139 ή
177 1105 228 1139 μὲν
252 1105 306 1131 τῶν
332 1104 418 1131 ὄντων
439 1105 586 1140 συνεκτικὴ
609 1106 657 1132 καὶ
683 1105 846 1140 ὑπερούσιος

67 1149 134 1176 οὐσία
146 1150 181 1181 ὼς
200 1150 293 1185 πολλῷ
311 1150 444 1185 κρείττων
460 1150 516 1177 τῶν
540 1150 670 1177 τοιούτων
685 1150 783 1185 φωνῶν
798 1149 846 1177 καὶ

68 1193 230 1229 ἐννοημάτων
250 1196 456 1231 καθισταμένη,
476 1195 577 1231 μᾶλλον
602 1195 631 1222 δὲ
646 1195 684 1228 ὡς
706 1196 846 1231 ὑπερϐολῇ

68 1239 167 1276 ἀρρήτῳ
185 1240 344 1277 ἐξῃρημένη
359 1249 395 1268 τε
410 1242 457 1268 καὶ
478 1240 699 1276 ὑπεριδρυμένη·
713 1241 730 1275 ἡ
751 1241 779 1267 δὲ
796 1241 846 1276 ὖλη

69 1286 145 1312 καὶτὸ
164 1283 234 1317 εἶδος
253 1286 291 1317 ὼς
305 1285 344 1321 νῷ
360 1286 434 1322 μόνῳ
449 1286 540 1323 ληπτὰ
555 1286 603 1313 καὶ
625 1287 654 1313 ὲν
674 1287 730 1318 τοῖς
754 1285 848 1312 συνθέ-

70 1339 118 1363 τοις
133 1332 276 1368 θεωρητὰ,
298 1332 424 1368 ἐνεργείᾳ
439 1333 468 1360 δὲ
487 1333 535 1360 καὶ
554 1332 671 1368 ὑπάρξει
697 1332 757 1359 κατ’
781 1332 848 1360 ἰδίαν

67 1379 108 1412 οὐχ
121 1379 279 1414 ὖςιεστῶτα·
296 1379 351 1406 τῶν
365 1379 394 1406 δὲ
409 1379 498 1407 ἄλλων
514 1379 611 1414 φωνῶν
628 1380 644 1414 ὴ
661 1379 710 1413 μὲν
730 1379 793 1410 ἴσως
811 1379 849 1410 ὡς

68 1424 219 1457 πολιτικοῖς,
238 1425 296 1452 ἀλλ’
317 1425 347 1451 οὐ
371 1425 527 1459 φιλοσόφοις
551 1424 656 1457 οἰκεία,
676 1425 692 1459 ἡ
708 1424 735 1451 δὲ
749 1424 788 1456 ὼς
801 1424 849 1450 οὑ-

68 1469 104 1495 ὁὲν
111 1470 277 1506 τεταγμένον
289 1471 336 1497 καὶ
345 1470 512 1505 ὡρισμένον,
525 1469 583 1497 ἀλλ’
596 1469 749 1504 ὁμωνύμως
761 1469 849 1496 πάντα

68 1514 190 1550 δηλοῦσα·
215 1517 344 1552 διέστηκε
367 1516 396 1543 δὲ
417 1516 509 1550 πολλῷ
533 1516 687 1551 κατηγορία
710 1516 759 1543 καὶ
776 1515 850 1550 ὁμωο

69 1562 150 1596 νυμία.

897 930 1015 962 spectat.
1031 927 1167 953 Praeterea
1183 925 1338 953 substantia
1365 924 1466 951 dicitur
1482 924 1565 951 etiam
1589 925 1687 950 unius-

896 973 1030 1007 cujusque
1063 972 1259 1000 exsistentium
1293 971 1501 1006 quomodolibet
1527 970 1688 998 exsistentia

896 1024 920 1046 et
942 1018 1071 1049 essentia,
1090 1025 1152 1052 qua:
1166 1017 1323 1052 oppositum
1337 1017 1418 1044 habet
1435 1016 1460 1043 id
1477 1017 1549 1051 quod
1567 1023 1622 1043 non
1634 1022 1686 1044 est.

897 1063 995 1090 Adhuc
1012 1067 1104 1090 autem
1123 1062 1246 1097 politicis
1263 1070 1374 1090 rursum
1399 1061 1552 1089 substantia
1576 1061 1686 1094 dicitur,

897 1107 1031 1142 quidquid
1051 1106 1216 1142 praediorum
1236 1108 1278 1134 vel
1300 1113 1477 1134 nummorum
1497 1105 1614 1141 quilibet
1627 1113 1690 1141 pos-

898 1153 980 1181 sidet.
1007 1153 1076 1181 Cum
1101 1154 1185 1189 igitur
1208 1157 1248 1180 tot
1269 1153 1360 1180 modis
1383 1153 1538 1180 substantia
1561 1153 1688 1185 dicatur,

898 1199 972 1226 nulla
998 1206 1031 1225 ex
1054 1199 1193 1233 praedictis
1217 1198 1273 1226 ullo
1296 1197 1378 1225 modo
1399 1198 1536 1232 categoria
1555 1204 1618 1224 esse
1645 1197 1689 1224 vel

899 1245 1031 1280 appellari
1057 1249 1166 1280 potest;
1187 1244 1234 1271 sed
1258 1244 1413 1271 substantia
1435 1250 1526 1270 rerum
1547 1250 1690 1270 conserva-

900 1292 954 1318 trix
969 1295 996 1317 et
1011 1291 1285 1324 supersubstautialis
1303 1290 1390 1316 multo
1407 1289 1450 1316 his
1466 1289 1579 1316 vocibus
1591 1293 1621 1315 et
1640 1295 1691 1316 no-

899 1335 1021 1362 tionibus
1047 1335 1193 1362 sublimior
1216 1334 1336 1365 exsistit.
1363 1334 1419 1360 imo
1442 1333 1549 1360 infinito
1574 1340 1689 1360 excessu

900 1388 948 1408 cas
963 1386 1074 1415 eruperat
1088 1387 1225 1415 superque
1241 1388 1290 1407 eas
1305 1379 1449 1412 elevatur;
1462 1378 1575 1406 materia
1590 1385 1654 1405 vero
1664 1383 1692 1405 ct

900 1426 1004 1459 species
1030 1430 1060 1452 ut
1081 1425 1139 1453 sola
1164 1431 1255 1453 meute
1274 1430 1401 1460 percepta
1428 1429 1455 1451 et
1474 1424 1502 1450 in
1530 1423 1691 1458 compositis

901 1471 1051 1504 intellecta,
1074 1471 1232 1506 operatione
1255 1476 1283 1498 et
1305 1471 1415 1506 propria
1437 1470 1616 1498 subsistentia
1636 1477 1691 1497 non

902 1517 1081 1545 subsistentia
1096 1518 1241 1553 categorias
1253 1525 1308 1545 non
1323 1522 1403 1550 sunt;
1421 1517 1588 1551 reliquarum
1600 1520 1690 1543 autetn

861 1559 884 1590 C
900 1570 998 1590 vocum
1015 1564 1104 1591 altera
1119 1564 1238 1599 politicis
1264 1563 1391 1596 fortasse,
1411 1570 1465 1590 non
1487 1569 1552 1589 vero
1570 1561 1693 1597 philoso-

68 1605 120 1640 pltis
142 1612 275 1636 consueta
300 1612 329 1635 et
345 1607 457 1643 propria
483 1611 541 1641 est;
566 1607 653 1634 altera
672 1611 764 1634 autem
802 1607 870 1634 nihil
888 1608 1099 1636 determinatum
1120 1613 1147 1637 et
1162 1609 1323 1642 deﬁnitum,
1352 1608 1399 1637 sed
1423 1608 1562 1644 aequivoce
1600 1607 1692 1634 omnia

69 1653 211 1688 signiﬁcat;
247 1654 364 1682 multum
392 1661 458 1682 vero
481 1653 612 1681 diﬂ‘erunt
639 1653 797 1688 praedicatio
823 1657 851 1680 et
869 1655 1059 1689 aequivocatio.

98 1699 127 1736 β’.
144 1700 224 1738 [Γαρὰ
249 1701 343 1736 μέντοι
357 1701 393 1728 τὰ
416 1700 549 1736 εἰρημένα
570 1700 679 1734 λέγεται
703 1701 784 1727 οὐσία
799 1701 847 1728 καὶ

70 1748 115 1774 πᾶν
127 1749 193 1785 ὅπερ
215 1748 292 1776 ἐστὶν
307 1747 507 1776 αὑτοσύστατον
521 1747 587 1783 (9.4),
603 1743 634 1773 οὗ
650 1747 754 1774 καὶτὸν
770 1747 848 1782 λόγον

71 1795 170 1828 εἰκότως
185 1795 220 1822 ἄν
241 1803 284 1826 τις
307 1794 420 1829 ἀποδοίη
443 1795 560 1830 πρᾶγμα
577 1791 647 1821 εἶναι
670 1793 759 1828 λέγων
780 1794 847 1820 αὐθ-

70 1841 195 1878 ύπαρκτον
208 1843 248 1879 μὴ
258 1842 385 1878 δεόμενον
395 1843 491 1878 ἐτέρου
502 1843 570 1879 πρὸς
582 1842 639 1879 (9.5)
651 1842 779 1878 ὕπαρξιν,
792 1840 848 1868 οἷον

69 1887 210 1923 ἄνθρωπος,
229 1888 305 1924 βοῦς,
315 1888 383 1924 πῦρ,
403 1889 451 1923 γῆ,
467 1889 514 1915 καὶ
527 1889 562 1915 τὰ
575 1889 666 1923 ὃμοια.
686 1887 719 1914 Ἦ
736 1887 848 1922 τοιαύτη

67 1932 92 1959 δὲ
104 1933 177 1961 οὐσία
187 1934 239 1961 καὶ
247 1934 297 1969 τὴν
309 1935 358 1969 τῆς
373 1934 540 1970 κατηγορίας
555 1933 657 1961 δύναιτ’
671 1933 705 1960 ἂν
720 1932 848 1964 δέξασθαι

68 1979 214 2015 ὀνομασίαν,
235 1981 290 2007 τῶν
308 1980 337 2007 δὲ
357 1981 566 2016 προειρημένων
580 1980 661 2015 δῆλον
676 1979 715 2011 ὡς
737 1979 769 2005 οὐ
786 1978 846 2014 μία.

68 2025 165 2062 Ταύτης
182 2027 212 2054 δὲ
239 2027 289 2062 τῆς
312 2025 360 2054 νῦν
377 2026 578 2062 ἀποδεδομένης
591 2025 685 2057 οὐσίας
710 2026 727 2061 ἡ
749 2025 798 2061 μὲν
819 2024 850 2056 ἐξ

69 2071 126 2106 ὕλης
140 2074 185 2099 καὶ
204 2072 294 2103 εἴδους
311 2072 486 2106 συνέστηκεν,
502 2073 519 2106 ἡ
543 2071 572 2098 δὲ
590 2071 657 2106 ὕλης
679 2071 728 2106 μὲν
747 2071 794 2098 καὶ
809 2071 849 2097 εί-

67 2116 120 2150 δους
129 2119 310 2154 ἠλλοτρίωται
323 2139 331 2151 ,
347 2117 378 2150 ἐξ
393 2117 526 2151 ἀναλόγου
543 2117 571 2144 δὲ
585 2117 690 2149 τούτοις
703 2117 752 2152 τὴν
768 2117 850 2151 φύσιν

68 2161 117 2198 ἔχει
127 2164 182 2199 (26)
196 2164 437 2199 συνηρμοσμένην⁸
452 2163 500 2189 καὶ
509 2163 638 2198 ταύτηςὴ
654 2163 704 2198 μὲν
719 2164 779 2190 κατ’
791 2164 851 2189 ἐπι-

68 2210 140 2247 ϐολὴν
156 2213 205 2240 καὶ
220 2213 320 2247 ἀθρόον
335 2212 458 2247 ἐνεργεῖ,
476 2210 514 2242 ὡς
530 2209 655 2245 ἀγγέλων
677 2210 776 2245 φύσις,
790 2208 851 2237 εἶτα

68 2257 109 2282 καὶ
123 2257 199 2289 νοῦς·
221 2258 239 2292 ἡ
260 2257 288 2283 δὲ
310 2257 379 2292 μετὰ
395 2265 467 2288 τινος
489 2256 623 2291 κινήσεως
645 2255 695 2287 τὰς
712 2255 851 2290 ἐνεργείας

68 2301 118 2336 ἔχει
137 2303 334 2338 προαγομὲνας
344 2322 352 2336 ,
371 2302 409 2333 ὡς
429 2302 502 2337 ψυχή
513 2310 520 2318 ·
544 2298 582 2329 ὧν
595 2302 619 2328 ει
633 2301 681 2328 καὶ
692 2301 818 2336 διάτορος
834 2301 850 2336 ἡ

933 1703 960 1730 2.
979 1703 1079 1731 Pra-ter
1099 1708 1189 1732 tamen
1213 1703 1285 1731 dicta
1309 1702 1460 1730 substantia
1488 1702 1590 1730 dicitur
1609 1703 1691 1730 ctiant

897 1759 978 1778 omne
994 1751 1066 1786 quod
1082 1755 1124 1778 est
1144 1752 1193 1786 per
1211 1757 1240 1777 se
1264 1749 1430 1777 subsistens.
1453 1747 1539 1782 Hujus
1555 1749 1691 1776 rationem

898 1801 971 1823 recte
995 1797 1058 1831 quis
1080 1797 1261 1832 assignaverit
1283 1797 1398 1828 dicens,
1423 1803 1480 1823 rem
1502 1804 1563 1823 esse
1588 1803 1636 1831 per
1662 1803 1692 1823 sc

899 1843 1111 1876 subsistentem,
1137 1851 1191 1870 non
1213 1842 1378 1877 indigentem
1406 1841 1460 1869 alio
1483 1842 1516 1869 ad
1537 1841 1691 1868 subsisten-

899 1890 976 1920 tiam;
989 1896 1016 1916 ν,
1032 1896 1073 1923 gr.
1087 1889 1182 1920 homo,
1193 1888 1253 1921 bos,
1267 1888 1349 1922 ignis,
1362 1891 1433 1914 terra
1444 1892 1470 1914 et
1484 1887 1594 1914 similia.
1611 1886 1692 1920 Ejus-

900 1936 973 1963 modi
997 1935 1149 1963 substantia
1173 1935 1254 1962 etiam
1280 1934 1424 1969 categorizn
1443 1932 1691 1961 denontinati-mcm

901 1980 1040 2015 suscipere
1051 1979 1160 2014 poterit,
1176 1979 1366 2013 praedictarum
1386 1982 1450 2004 vero
1464 1977 1550 2009 nulla,
1565 1982 1594 2004 ιιι
1608 1981 1690 2012 patet.

902 2025 1068 2053 Substantia‘.
1087 2032 1169 2057 vero,
1187 2025 1221 2051 de
1238 2023 1337 2058 quibus
1358 2030 1431 2050 nunc
1446 2023 1556 2056 agitur,
1575 2021 1636 2048 alia:
1657 2029 1691 2048 ex

902 2071 1016 2098 materia
1030 2075 1057 2097 et
1069 2069 1156 2097 forma
1172 2070 1337 2101 consistunt,
1353 2069 1414 2095 aliae
1428 2075 1492 2094 vero
1506 2075 1521 2094 a
1541 2067 1653 2094 materia
1664 2071 1692 2093 ct

902 2117 990 2145 {ut-ina
1008 2118 1087 2151 longe
1102 2116 1219 2147 absunt,
1237 2122 1269 2142 ex
1288 2119 1387 2142 natura
1413 2119 1503 2141 tamen
1519 2113 1562 2140 his
1577 2120 1693 2148 respou-

901 2164 983 2191 dcnte
1009 2162 1178 2190 concinnatae
1194 2166 1268 2188 sunt.
1292 2162 1380 2195 Atque
1399 2167 1432 2187 ex
1454 2160 1497 2187 his
1513 2160 1566 2186 alia
1581 2159 1691 2194 quidem

902 2207 929 2234 iu
945 2207 1057 2234 instanti
1074 2211 1101 2234 et
1125 2213 1179 2233 uno
1198 2206 1298 2240 impetu
1323 2209 1464 2239 operatur,
1490 2209 1519 2231 ut
1533 2203 1692 2237 angelorum

903 2258 1011 2286 natura,
1029 2253 1128 2280 deinde
1146 2260 1240 2284 utens;
1257 2251 1308 2278 alia
1327 2258 1391 2277 \ero
1406 2257 1468 2277 cum
1483 2249 1601 2284 quodam
1617 2253 1692 2275 motu

903 2299 986 2326 habet
1006 2298 1182 2333 operationes
1207 2304 1271 2324 suas
1298 2296 1520 2330 progredientes.
1545 2299 1574 2320 ut
1587 2293 1690 2320 anima.

70 2349 189 2384 ἐνέργεια,
214 2350 262 2376 καὶ
276 2350 293 2384 ἡ
309 2348 426 2384 ὕπαρξις
450 2348 508 2375 ἀλλ’
525 2346 571 2374 οὖν
594 2347 683 2374 κοινὸν
707 2347 798 2378 αὐτοῖς
821 2346 842 2372 τί

933 2353 1026 2373 uarum
1050 2344 1113 2371 licet
1131 2344 1239 2371 diversa
1262 2343 1297 2370 sit
1320 2341 1443 2377 operatio
1465 2346 1492 2368 et
1512 2339 1692 2371 exsistentia.

68 2390 130 2420 εἶναί
143 2402 173 2420 τε
194 2394 244 2420 καὶ
258 2393 401 2420 καλεῖσθαι
421 2393 570 2427 ἀσώματαο
586 2392 636 2418 ὅσα
651 2391 705 2427 γὰρ
717 2392 766 2427 τῆς
783 2390 850 2426 ὕλης

68 2441 108 2465 καὶ
130 2440 178 2467 τοῦ
204 2440 300 2467 ὲνὺλου
325 2440 415 2471 εἴδους
441 2439 663 2474 ἀνακεχώρηκεν,
686 2439 725 2469 εἰς
740 2438 785 2464 τὸν
801 2436 849 2464 τοῦ

68 2485 208 2521 ἀσωμάτου
222 2487 302 2521 λόγον
318 2485 489 2522 μεταϐέϐηκε
499 2494 506 2500 ·
522 2485 575 2512 κᾶν
591 2485 645 2520 γὰρ
668 2484 735 2519 πρὸς
755 2483 784 2510 τὸ
801 2492 849 2510 κυ-

69 2531 128 2564 ρίως
143 2534 192 2559 καὶ
208 2532 326 2568 πρώτως
348 2532 378 2560 ὃν
394 2532 540 2567 ἀσώματόν
560 2539 591 2557 τε
616 2531 663 2558 καὶ
688 2530 850 2566 ὕπερούσιον

69 2577 188 2611 ἀγαπῶσι
202 2578 291 2605 ταῦτα
306 2578 387 2614 σῶμά
402 2587 434 2612 γε
452 2579 497 2605 καὶ
513 2575 582 2604 εἶναι
599 2577 646 2603 καὶ
659 2576 849 2612 ὀνομάζεσθαι,

69 2622 121 2650 ἀλλ’
139 2625 186 2652 οὖν
201 2625 252 2661 τὴν
268 2625 360 2652 ἑνυλον
379 2625 426 2652 καὶ
446 2624 606 2660 σωματικὴν
620 2623 786 2658 διαφυγόντα
798 2631 850 2649 πα-

903 2396 1024 2419 attamen
1039 2397 1185 2417 commune
1199 2389 1266 2424 ipsis
1282 2393 1324 2416 est
1339 2395 1366 2416 ct
1381 2395 1442 2415 esse
1455 2391 1483 2414 et
1496 2386 1548 2414 dici
1564 2386 1693 2420 incorpo-

903 2444 960 2464 rea.
978 2435 1153 2469 Qumcunque
1177 2434 1250 2461 enim
1266 2437 1361 2459 carent
1378 2431 1491 2459 materia
1508 2434 1536 2457 et.
1554 2430 1690 2457 materiali

904 2484 1003 2515 forma,
1019 2491 1050 2509 ea
1075 2483 1108 2508 ad
1127 2481 1352 2515 incorporeorutn
1377 2478 1510 2505 rationem
1530 2481 1690 2509 transeunt;

902 2529 967 2557 licet
978 2528 1051 2556 enim
1066 2535 1128 2556 cum
1144 2535 1177 2554 eo
1191 2527 1263 2561 quod
1279 2525 1388 2561 proprie
1406 2529 1433 2552 et
1449 2523 1579 2559 primario
1595 2527 1638 2550 est
1649 2522 1694 2549 iu~

904 2582 1066 2610 corporeum
1098 2579 1125 2600 et
1148 2571 1410 2608 supersuhstantiale
1441 2573 1602 2604 cmnparata
1636 2569 1695 2596 haec

905 2627 1016 2656 quoque
1039 2626 1138 2653 corpus
1162 2617 1269 2646 censeri
1295 2624 1329 2644 ac
1353 2615 1407 2644 dici
1423 2615 1552 2648 debeant,
1571 2617 1692 2642 attamen

815 2711 932 2741 NOTE.

99 2808 154 2843 (ει)
171 2808 220 2836 Sic
234 2807 295 2835 Vat.
309 2805 498 2843 ApogrLVen.
515 2805 728 2843 αὺθυπόστατον.

99 2808 143 2843 (ει
171 2808 220 2836 Sic
234 2808 295 2835 Vat.
309 2808 409 2842 Apogr.
429 2808 498 2834 Ven.
515 2808 728 2832 αὺϐυπύστατον.

99 2808 154 2880 (ὶῦἐ
169 2844 243 2880 Πρός
259 2844 335 2871 deest
349 2844 375 2869 in
403 2841 497 2869 Venet.
516 2841 684 2876 apograplto,
700 2838 745 2868 scd
758 2842 800 2866 est
819 2837 848 2866 in

245 2902 382 2933 Ριτιιοι.
401 2901 460 2932 Gn.
502 2899 550 2931 Cl.

904 2800 1060 2873 missilia
1074 2840 1147 2864 recte
1158 2833 1221 2863 Vat.
1235 2833 1318 2863 Catil.
1333 2833 1385 2870 Ap.
1398 2833 1480 2870 ἔχειν.

1531 2891 1572 2922 25
