1863 3064
168 117 219 149 771

747 116 880 147 ΡΗΟἸΊΙ
900 116 1152 147 PATRIABCH/E
1167 116 1222 147 (ΖΡ.

1746 113 1795 145 ’ΠΞ

163 185 227 206 cum
257 176 423 205 materialem
450 183 482 203 ac
503 183 665 211 corpoream
696 176 851 204 erassitiem
890 175 959 204 effu—

1052 183 1115 210 ιητα
1138 175 1171 210 τῇ
1192 173 1239 200 τοῦ
1262 173 1346 200 ἀΰλου
1361 171 1443 207 φύσει
1462 169 1660 198 συνοικιοῦται
1685 170 1731 197 καὶ
1745 170 1795 198 τῶν

164 224 250 258 giant,
269 227 372 250 naturae
390 229 480 249 rerum
499 221 720 249 immaterialium
735 226 763 249 et
780 221 956 256 incorporeo-

165 277 224 296 rttm
243 272 442 300 accensentur;
458 275 553 295 verum
570 268 622 295 hoc
652 268 767 295 alterius
794 275 826 295 ac
841 267 956 302 profun-

163 312 248 340 tlioris
279 311 472 346 disputationis
501 315 553 338 est.
584 310 662 344 Quod
694 318 760 339 vero
785 315 890 346 spectat
921 311 955 338 ad

163 355 344 383 substantiam
360 363 394 383 ex
412 354 526 382 materia
544 359 571 382 et
587 355 676 382 forma
692 355 885 389 compositam,
904 355 955 382 alia

161 403 202 426 est
221 398 383 430 urtiformis,
406 406 488 433 quant
513 403 541 426 et
557 399 709 433 simplicem
727 399 863 434 appellare
885 399 957 427 sole-

162 452 242 476 mus,
265 445 318 472 alia
333 452 400 472 vero
425 444 618 478 multiformis,
633 452 714 480 quam
734 449 761 472 ct
778 445 957 480 compositam

162 490 272 525 proprie
287 498 492 526 nuttcupamus.
510 491 627 518 Rursum
644 491 782 526 simplices
797 491 957 518 substantiae

161 536 223 563 aliae
238 539 304 563 sunt
320 543 380 570 quae
396 540 470 563 recte
486 536 707 571 progrediuntur,
723 537 783 563 alia:
795 544 857 571 quae
871 536 898 563 in
912 543 956 563 or—

161 582 223 609 bem
246 582 427 617 rediguntur;
452 590 485 610 cx
511 583 553 611 his
568 590 631 610 vero
655 583 802 618 postremis
816 583 877 610 alia:
892 589 952 610 mo-

164 632 222 655 tum
237 628 272 655 ab
285 629 390 656 oriente
402 627 430 655 irt
449 628 619 656 occidentem
634 628 791 664 perﬁciunt,
805 633 836 655 ut
851 628 957 663 sphaera

162 682 224 709 qua:
240 674 340 703 dicitur
355 682 410 702 non
433 675 539 702 stellata
553 681 581 702 ct
597 675 715 709 ipsamet
732 675 847 701 lixarum
866 674 958 701 stella-

161 729 223 748 rum
251 721 378 756 sphaera;
412 721 472 748 alite
500 728 516 748 e
543 728 677 748 converso
703 720 738 747 ab
762 720 905 748 occidente
930 720 957 747 in

160 768 293 795 orientem
306 768 455 794 motionem
474 767 587 798 faciunt,
601 771 630 793 ut
642 773 703 801 qua:
713 766 841 793 dicuntur
852 771 955 801 septem

161 811 334 846 plattetarurn
350 811 465 845 sphaera:
478 817 485 836 :
497 810 711 837 substantiarum
726 817 802 843 vero,
811 818 872 845 qua:
885 814 957 838 recte

1011 222 1181 257 ἀσωμάτων·
1199 220 1266 247 ἀλλὰ
1289 219 1370 246 τοῦτο
1394 219 1444 254 μὲν
1469 218 1564 254 ἐτέρου
1581 218 1629 244 xui.
1651 217 1794 252 βαθυτέρω

1010 268 1100 302 λόγου.
1123 267 1179 301 Τῆς
1202 266 1231 293 δέ
1251 274 1284 300 γε
1310 265 1339 298 ἐξ
1357 264 1423 300 ὕλης
1446 264 1493 291 καὶ
1510 264 1600 295 εἴδους
1616 264 1794 298 συγκειμένης

1010 313 1104 345 οὐσίας
1118 313 1135 348 ἠ
1152 312 1203 347 μέν
1214 312 1272 338 ἐστι
1288 311 1440 346 μονοειδὴς.
1456 311 1490 344 ἣν
1503 310 1550 337 xui.
1563 309 1652 344 ἁπλῆν
1667 308 1795 342 εἰώθαμεν

1011 359 1118 386 καλεῖν·
1135 359 1151 393 ἡ
1167 359 1194 385 δὲ
1211 357 1354 392 πολυειδὴς
1366 377 1372 388 ,
1393 357 1427 392 ἣν
1443 357 1490 383 xui.
1511 355 1639 383 σύνθετον
1655 354 1728 386 ἰδίως
1748 363 1795 381 κα-

1011 405 1121 440 λοῦμεν.
1142 404 1224 431 Ἀλλὰ
1236 404 1287 439 τῆς
1304 402 1394 437 ἁπλῆς
1410 402 1492 429 πάλιν
1507 401 1602 432 οὐσίας
1618 401 1636 435 ἡ
1662 400 1711 435 μέν
1727 401 1795 426 ἐστιν

1012 449 1169 486 ἰθυφορικὴ,
1187 449 1204 484 ὴ
1216 449 1244 475 δὲ
1260 447 1457 483 κυκλοφορικὴ,
1473 447 1520 474 καὶ
1533 446 1583 481 τῆς
1598 445 1794 480 κυκλοφορικῆς

1010 496 1027 530 ἡ
1047 495 1096 530 μὲν
1111 494 1160 530 τὴν
1177 494 1224 521 ἀπ’
1240 493 1374 528 ἀνατολῆς
1388 493 1434 520 ἐπὶ
1451 491 1527 519 δύσιν
1542 492 1649 527 κίνησιν
1663 492 1794 522 ποιεῖται,

1010 540 1048 572 ὡς
1064 541 1080 576 ὴ
1101 540 1235 576 λεγομένη
1254 539 1388 575 ᾶναστρος
1407 539 1524 574 σφαῖρα,
1552 537 1599 564 καί
1619 536 1689 572 αὑτὴ
1708 537 1726 572 ὴ
1746 536 1795 562 τῶν

1011 585 1154 613 ἀπλάνων·
1174 586 1190 621 ἡ
1211 585 1241 612 δὲ
1253 585 1283 612 τὸ
1302 584 1438 612 ἀνάπαλιν
1449 583 1503 609 ἀπὸ
1523 582 1627 614 δύσεως
1646 581 1689 608 ἐπ’
1704 582 1795 608 ἀνατο-

1010 631 1069 668 λὴν,
1087 631 1125 663 ὡς
1147 632 1174 658 at
1195 631 1342 666 λεγόμεναι
1353 629 1408 656 τῶν
1427 629 1498 655 ἑπτὰ
1513 628 1699 663 πλανωμένων
1719 628 1796 662 σφαῖ-

1013 686 1074 713 ραι·
1101 678 1151 712 τῆς
1174 677 1203 703 δὲ
1226 674 1387 710 ἰθυφορικῆς
1399 675 1415 710 ή
1429 675 1485 710 ,μὲν
1504 674 1559 701 ἀπὸ
1574 673 1622 700 τοῦ
1643 673 1726 709 μέσου
1742 673 1796 706 ἦτοι

1011 723 1057 750 τοῦ
1075 723 1150 750 κάτω
1167 723 1279 759 φέρεται
1297 722 1366 758 πρὸς
1380 722 1414 748 τὰ
1430 721 1497 753 ἄνω,
1512 722 1528 755 ὴ
1549 719 1577 746 δὲ
1592 718 1727 746 ἀνάπαλιν
1746 720 1796 745 ἀπο

1010 769 1065 796 τῶν
1078 769 1134 797 ἀνω
1150 769 1217 802 πρὸς
1232 768 1266 795 τὰ
1286 769 1361 795 κάτω
1372 775 1378 782 ⁸
1402 767 1526 794 κάτωθεν
1547 766 1596 800 μὲν
1611 764 1678 800 πρὸς
1692 764 1728 791 τὰ
1745 764 1796 791 ἄνω

1010 816 1076 850 ἀὴρ,
1092 814 1158 850 πῦρ,
1174 811 1212 841 ὦν
1231 815 1261 841 τὺ
1283 814 1339 849 πῦρ
1365 813 1433 848 πρὸς
1447 812 1493 838 τὴν
1514 811 1584 846 ἀέρα
1598 810 1728 847 ξηρότητι
1743 810 1795 837 δια-

162 856 392 891 progrediuntur,
418 856 480 883 alia;
498 863 513 883 a
532 855 620 883 medio
637 856 677 883 vel
699 856 733 883 ab
753 856 809 883 imo
832 855 958 883 feruntur

1052 859 1149 887 ἰλλεται
1159 868 1165 874 ·
1184 860 1286 886 ἄνωθεν
1300 859 1328 886 δὲ
1352 860 1428 886 κάτω
1444 858 1516 894 ὕδωρ
1530 858 1577 884 καὶ
1595 857 1642 891 γῆ,
1658 853 1697 883 ὧν
1715 857 1732 892 ή
1747 855 1794 891 φύ-

163 902 197 929 ad
213 909 343 936 superna,
359 901 421 929 alia:
436 909 452 928 e
468 909 604 929 converso
622 909 637 928 a
655 902 783 936 supernis
796 903 830 929 ad
843 901 956 929 inferio-

163 956 209 980 ra;
226 947 260 974 al)
274 948 345 974 infra
360 948 392 974 ad
409 955 528 982 superna
543 947 629 974 fertur
642 954 690 974 aer
701 952 729 974 et
743 947 824 983 ignis,
839 955 955 982 quorum

163 1000 258 1026 unum,
277 992 360 1027 ignis,
375 992 410 1019 ab
432 999 494 1020 aere
516 992 639 1019 siccitate
651 991 741 1020 differt
753 1001 761 1025 ;
775 992 809 1019 ab
827 993 881 1020 alto
893 1000 956 1020 vero

162 1038 196 1066 ad
208 1037 278 1066 infra
293 1038 380 1066 fertur
393 1046 464 1073 aqua
478 1043 505 1066 et
517 1043 602 1071 terra,
619 1047 736 1074 quarum
756 1044 853 1067 natura
866 1040 957 1067 humi,-

162 1086 246 1113 ditatc
263 1084 362 1112 differt.
378 1084 412 1112 Et
426 1086 495 1118 hzec,
511 1086 630 1121 exempli
644 1087 748 1121 gratia,
769 1085 803 1113 de
825 1086 957 1114 substan-

162 1133 210 1166 tia,
236 1141 297 1168 quae
319 1133 433 1168 simplex
452 1132 568 1165 dicitur,
586 1132 659 1160 dicta
676 1137 769 1162 sunto.
784 1132 956 1168 Composita-

162 1186 221 1206 rutn
249 1186 313 1206 vero
340 1178 555 1206 substantiarum
582 1178 635 1205 alia
665 1182 707 1206 est
731 1178 882 1212 sensitiva,
904 1178 956 1206 alia

161 1225 341 1258 insensitiva;
359 1225 490 1252 sensitiva
515 1225 625 1260 quidem
645 1229 688 1252 est
700 1232 732 1252 ea
750 1232 811 1260 qua:
830 1225 957 1253 sensibus

162 1272 200 1299 uti
218 1276 280 1306 apta
293 1275 352 1304 est;
369 1270 530 1298 iusensitiva
545 1278 621 1302 vero,
638 1278 700 1305 quae
716 1271 775 1298 sine
795 1270 850 1298 ulla
863 1278 957 1298 sensa—

162 1315 237 1342 tione
255 1318 329 1342 recta
353 1318 412 1347 est;
438 1314 521 1349 hujus
546 1313 658 1348 quidem
675 1314 728 1341 alia
743 1321 832 1349 neque
847 1314 957 1341 nutriti-

163 1369 223 1388 Vatu
239 1360 396 1387 facultatem
412 1360 486 1387 intus
508 1360 602 1391 habet,
616 1364 647 1386 ut
661 1367 739 1392 saxa,
755 1359 827 1394 ligna
842 1364 870 1386 et
880 1367 956 1394 qure-

162 1413 272 1440 cunque
294 1405 469 1440 hujusmodi;
495 1405 546 1432 alia
565 1412 630 1432 vero
652 1413 699 1441 per
726 1405 796 1432 hanc
811 1405 914 1441 regitur
930 1409 958 1432 et

162 1455 345 1484 sustentatur,
373 1450 446 1477 velut
466 1450 564 1484 plantae
574 1471 581 1481 ,
597 1450 726 1485 virgulta,
740 1450 864 1484 gramina
876 1455 903 1478 et
919 1449 957 1477 si-

163 1495 249 1523 milia.
262 1494 329 1528 Qute
343 1502 409 1522 vero
421 1499 547 1522 naturam
561 1494 642 1521 talem
655 1495 767 1526 habent,
783 1498 814 1522 ut
829 1495 955 1522 sensibus

163 1542 326 1578 utiqueant,
344 1541 409 1577 ipsa:
417 1548 528 1578 quoque
542 1540 711 1570 differentias
730 1541 899 1576 suscipiunt;
914 1540 956 1569 vel
969 1532 990 1561 (ἶ

163 1591 236 1618 enim
252 1590 306 1616 virn
328 1590 528 1625 prugressivam
545 1589 647 1616 habent.
660 1593 687 1616 ct
700 1588 860 1616 animalium
876 1593 957 1615 natu-

163 1643 222 1662 rant
239 1635 420 1666 constituunt,
436 1635 478 1661 vel
497 1641 529 1662 ea
546 1635 688 1669 privantur
711 1637 792 1668 atque
808 1633 957 1668 zoopltyto-

164 1689 226 1710 rum
244 1681 428 1709 substantiam
449 1681 586 1713 efiiciunt,
604 1680 667 1707 talia
685 1687 749 1707 vero
774 1683 839 1707 sttnt
855 1683 956 1711 ostrea,

165 1727 287 1763 spongia:
302 1732 329 1754 et
349 1727 402 1755 alia
417 1727 516 1754 multa.
534 1726 696 1754 Substantia
710 1730 815 1757 autent,
830 1732 891 1759 quae
904 1731 956 1751 una

164 1781 226 1800 curn
243 1773 372 1800 facultate
385 1773 510 1800 sensibus
527 1772 621 1799 utendi
635 1772 719 1798 etiam
738 1771 792 1798 vim
806 1770 958 1806 progressi-

165 1827 224 1846 varn
240 1819 337 1847 sortita
347 1819 454 1846 ethanc
465 1819 499 1846 ob
514 1825 625 1845 causam
641 1817 668 1843 in
692 1817 851 1844 animalium
868 1815 958 1851 specie

164 1865 313 1892 constituta
327 1869 381 1897 est,
406 1865 432 1891 in
448 1863 582 1891 rationale
601 1869 628 1891 et
649 1863 763 1890 rationis
777 1870 875 1898 expers
888 1861 957 1888 divi-

165 1911 240 1937 ditur
251 1915 279 1938 et
292 1910 360 1937 duas
379 1910 485 1944 species
500 1909 624 1937 diversas
638 1908 729 1942 efficit,
746 1907 848 1935 animal
863 1907 959 1934 videli-

165 1961 208 1983 cet
222 1956 366 1989 rationale,
386 1955 459 1990 quod
488 1960 531 1983 est
553 1955 647 1988 homo,
676 1959 702 1981 et
724 1954 826 1981 animal
854 1954 959 1980 ratione

167 2010 277 2035 carens,
297 2002 371 2037 quod
389 2002 483 2037 plures
509 2009 618 2029 rursum
642 2001 809 2028 differentias
834 2000 956 2035 suscipit.

166 2048 270 2076 iiorurn
290 2048 363 2076 enim
381 2048 453 2075 aliud
472 2053 514 2075 est
532 2052 672 2079 terrestre,
689 2047 762 2074 aliud
782 2047 913 2078 uatatilc;
933 2050 960 2073 et

169 2097 268 2123 horum
288 2094 429 2130 quodlibet
448 2095 546 2122 iterum
562 2094 692 2121 dividitur
716 2099 798 2128 atque
819 2093 888 2120 ttltra
902 2093 960 2120 lucc

167 2142 266 2170 divisio
279 2141 418 2176 procedit,
438 2146 467 2168 ut
488 2141 605 2168 breviter
624 2140 714 2166 dicam
739 2146 805 2166 neve
827 2139 854 2166 in
872 2139 958 2174 expli-

1008 915 1050 938 σις
1074 906 1205 942 ὑγρότητι
1219 905 1367 941 διενήνοχε,
1389 906 1445 933 Καὶ
1459 904 1546 932 ταῦτα
1565 905 1613 940 μὲν
1628 903 1665 935 ὡς
1677 905 1707 930 ὲν
1722 903 1795 938 τύπῳ

1006 951 1072 987 περὶ
1090 951 1140 987 τῆς
1164 951 1254 986 ἁπλῆς
1273 951 1424 986 λεγομένης
1448 950 1552 982 οὐσίας.
1569 950 1624 985 Τῆς
1639 949 1669 976 δέ
1686 957 1719 983 γε
1737 957 1794 974 συν-

1007 996 1084 1023 θέτου
1097 997 1114 1032 ὴ
1137 996 1187 1032 μὲν
1200 996 1361 1031 αἰσθητικὴ,
1377 997 1394 1032 ὴ
1407 996 1435 1022 δὲ
1447 995 1612 1031 ἀναίσθητος
1621 1003 1628 1011 ι
1651 994 1793 1030 αἰσθητικὴ

1008 1043 1069 1079 μὲν,
1083 1043 1101 1079 ἡ
1114 1043 1258 1077 αἰσθήσεσι
1275 1043 1415 1076 πεφυκυῖα
1435 1042 1574 1078 χρῆσθαι,
1591 1040 1755 1075 ἀναίσθητος
1767 1040 1794 1066 δὲ

1006 1091 1023 1126 ἡ
1040 1089 1124 1125 χωρίς
1135 1098 1208 1121 τινος
1222 1088 1376 1124 αἰσθήσεως
1392 1088 1566 1123 διοικουμένη
1576 1094 1583 1102 ·
1596 1084 1632 1122 ἧς
1644 1087 1661 1121 ἡ
1675 1086 1727 1122 μὲν
1738 1086 1794 1112 οὐδὲ

1006 1137 1056 1171 τὴν
1070 1135 1220 1171 Θρετιτικὴν
1239 1134 1354 1170 δύναμιν
1369 1134 1474 1161 ἔνδοθεν
1489 1134 1556 1169 ἔχει,
1573 1134 1612 1165 ὡς
1627 1133 1697 1160 λίθοι
1707 1153 1716 1166 ,
1733 1132 1794 1166 ξύλα

1007 1182 1056 1208 καὶ
1069 1182 1120 1208 ὅσα
1134 1181 1259 1213 τοιαῦτα,
1273 1182 1290 1216 ἡ
1303 1181 1332 1208 δὲ
1347 1181 1419 1208 κατὰ
1433 1180 1535 1216 ταύτην
1549 1180 1692 1207 διοικεῖταὶ
1707 1188 1736 1206 τε
1752 1179 1795 1205 καὶ

1007 1227 1207 1262 διακρατείται,
1221 1225 1277 1253 οἷον
1292 1226 1374 1261 φυτὰ,
1391 1226 1498 1261 θάμνοι,
1516 1226 1580 1252 πόαι
1596 1226 1644 1252 καὶ
1658 1225 1694 1251 τὰ
1709 1225 1794 1259 ὃμοια.

1012 1273 1045 1299 Ἡ
1067 1273 1159 1308 μέντοι
1175 1273 1237 1304 ταῖς
1253 1272 1397 1308 αἰσθήσεσι
1419 1271 1500 1306 φύσιν
1524 1271 1624 1307 ἔχουσα
1648 1270 1797 1306 κεχρῆσθαι

1006 1319 1137 1355 διαφορὰς
1154 1320 1200 1345 xui.
1216 1319 1285 1354 αὑτὴ
1307 1318 1479 1353 ἐπιδέχεται·
1497 1317 1514 1354 ἢ
1537 1317 1592 1352 γὰρ
1613 1315 1797 1352 μετασατικὴν

1007 1365 1188 1402 προϐάλλεται
1203 1364 1320 1400 δύναμιν
1333 1365 1380 1392 καὶ
1391 1364 1447 1391 τῶν
1459 1363 1537 1395 ζώων
1553 1363 1698 1397 συνίστησι
1708 1362 1796 1397 φύσιν,

1006 1413 1023 1448 ἢ
1041 1412 1186 1448 ἐστέρηται
1203 1411 1305 1446 ταύτης
1320 1411 1368 1437 καὶ
1379 1410 1429 1446 τὴν
1440 1410 1496 1437 τῶν
1513 1409 1660 1444 ζωοφύτων
1672 1408 1796 1436 ἀποτελεῖ

1006 1459 1117 1485 οὐσίαν·
1130 1458 1243 1485 τοιαῦτα
1256 1457 1285 1484 δέ
1304 1458 1377 1484 ἐστιν
1391 1456 1492 1492 ὄστρεά
1509 1464 1539 1482 τε
1555 1455 1603 1483 καὶ
1618 1455 1735 1490 σπόγγοι
1754 1454 1799 1481 καὶ

1007 1504 1092 1532 πολλὰ
1105 1505 1173 1532 ἄλλα
1183 1512 1190 1519 ·
1200 1505 1218 1540 ἡ
1232 1505 1261 1531 δὲ
1274 1504 1343 1539 μετὰ
1355 1503 1402 1530 τοῦ
1419 1502 1570 1538 κεχρῆσθαι
1585 1503 1645 1533 ταῖς
1657 1501 1799 1537 αἰσθήσεσι

1008 1550 1056 1577 καὶ
1070 1549 1119 1585 τὴν
1137 1549 1325 1585 μεταϐατικὴν
1337 1548 1453 1583 δύναμιν
1470 1546 1672 1582 προσειληφυῖα
1688 1546 1738 1572 καὶ
1757 1545 1798 1571 διὰ.

1007 1594 1087 1624 τοῦτο
1112 1596 1152 1627 εἰς
1175 1595 1246 1627 ζῶον
1268 1593 1469 1626 εἰδοποιηθείσα
1493 1592 1532 1627 τῷ
1553 1591 1655 1626 λογικῷ
1681 1591 1731 1617 καὶ
1750 1589 1799 1624 ιτῷ

1007 1640 1098 1676 ἀλόγῳ
1111 1640 1257 1675 διαιρεῖται
1277 1639 1325 1666 καὶ
1344 1639 1391 1666 δύο
1416 1638 1474 1673 εἴδη
1492 1636 1713 1672 παρηλλαγμένα
1732 1636 1799 1662 ἁπο-

1008 1685 1090 1720 γεννᾷ
1101 1704 1109 1717 ,
1128 1684 1158 1711 τὸ
1174 1684 1284 1718 λογικὸν
1298 1683 1367 1716 ζῶόν
1384 1692 1473 1719 φημι,
1488 1683 1558 1718 ὅπερ
1573 1682 1646 1708 ἐστὶν
1663 1681 1679 1707 ὁ
1696 1681 1799 1716 ἄνθρω-

1008 1740 1070 1764 πος,
1100 1731 1147 1757 xui.
1170 1730 1200 1756 τὸ
1221 1730 1333 1765 ἄλογον,
1352 1730 1366 1756 ὂ
1386 1730 1433 1756 καὶ
1453 1729 1562 1760 πλείους
1577 1727 1734 1762 ἐπιδέχεται
1755 1726 1800 1757 τὰς

1008 1776 1158 1811 διαφοράς·
1174 1775 1277 1802 τούτων
1294 1775 1352 1811 (27)
1378 1775 1431 1810 γὰρ
1456 1775 1486 1801 τὸ
1507 1774 1556 1809 μέν
1574 1775 1632 1800 ἐστι
1654 1773 1751 1806 πεζὸν.
1772 1772 1800 1798 τὸ

1009 1822 1038 1848 δὲ
1052 1821 1152 1855 νηκτόν
1162 1829 1170 1836 ·
1185 1821 1234 1848 καὶ
1249 1820 1352 1847 τούτων
1373 1821 1490 1847 ἕκαστον
1501 1819 1694 1854 ὲπιδιαιρεῖται
1708 1819 1798 1849 πάλιν,

1010 1868 1056 1894 καὶ
1070 1868 1117 1894 ἐπὶ
1134 1866 1216 1893 πλέον
1231 1867 1354 1902 πρόεισιν
1365 1867 1382 1901 ὴ
1404 1865 1486 1903 τομὴ,
1507 1865 1550 1892 ἵνα
1567 1864 1709 1899 συντόμως
1733 1865 1800 1891 εἴπω

1010 1914 1057 1941 xui.
1071 1913 1110 1948 μὴ
1124 1914 1154 1940 ἐν
1170 1913 1351 1948 κατηγορίαις
1372 1913 1422 1947 τὴν
1439 1912 1503 1947 περὶ
1523 1911 1599 1943 ζώων
1612 1911 1736 1945 ἱστορίαν
1757 1911 1798 1936 αἰ-

1009 1960 1070 1986 τίαν
1092 1959 1147 1994 ἐχω
1166 1959 1349 1993 ἀναγράφειν.
1370 1958 1426 1985 Καὶ
1443 1957 1512 1993 αὕτη
1530 1957 1580 1992 μὲν
1597 1957 1667 1984 κατά
1683 1965 1716 1990 γε
1732 1956 1799 1992 ἐμὴν

1010 2006 1142 2042 ἐπιϐολὴν
1165 2007 1183 2041 ἦ
1199 2014 1230 2032 τε
1253 2006 1308 2032 τῶν
1327 2006 1376 2041 τῆς
1399 2005 1495 2036 οὐσίας
1517 2004 1727 2039 σημαινομένων
1743 2004 1799 2029 δια-

1012 2052 1093 2087 στολὴ
1111 2052 1159 2079 καί
1179 2052 1228 2087 τῆς
1242 2051 1279 2083 ὡς
1293 2052 1372 2086 γένος
1384 2052 1424 2083 εἰς
1439 2051 1498 2086 εἴδη
1516 2049 1688 2085 τεμνομένης
1700 2049 1799 2084 διαίρε-

1012 2106 1054 2130 σις
1065 2105 1072 2112 ·
1089 2098 1163 2129 ὅπως
1174 2096 1204 2123 δὲ
1216 2097 1265 2128 τὰς
1281 2096 1396 2130 λαϐὰς-ἡ
1416 2096 1529 2130 τοιαύτη
1543 2095 1645 2130 Θεωρία
1656 2095 1800 2127 διαπέφευ-

1010 2151 1068 2178 γεν,
1096 2141 1140 2173 αῖς
1158 2143 1186 2169 οἰ
1210 2141 1451 2178 ὲπικεχειρηκότες
1477 2141 1578 2176 ἑτέρως
1607 2141 1724 2175 διαιρεῖν
1753 2138 1799 2174 τὴν

169 2188 265 2217 candis
278 2188 424 2223 categnriis
440 2187 583 2215 historiam
600 2186 752 2213 naturalem
776 2185 809 2212 de
832 2185 958 2212 animali-

1052 2189 1105 2216 τίαν
1117 2189 1285 2220 ἁλίσκονται,
1299 2188 1346 2215 καὶ
1359 2187 1455 2223 ἐφόσον
1471 2188 1501 2214 τὸ
1513 2187 1640 2223 χρειῶδες
1654 2187 1725 2221 αὐτῇ
1740 2194 1799 2212 συν-

167 2236 218 2263 hus
233 2239 401 2263 tractaturus
412 2241 474 2262 esse
487 2233 590 2260 videar.
606 2232 638 2259 Et
651 2233 708 2260 haec
719 2240 753 2259 ex
768 2239 835 2259 tuere
848 2232 956 2267 quidem

1052 2236 1188 2271 φέρεται,
1210 2235 1227 2271 ἢ
1242 2235 1291 2262 καὶ
1304 2234 1352 2262 νῦν
1370 2235 1470 2261 αὐτίκα
1483 2234 1548 2266 ἴσως
1562 2233 1579 2268 ἢ
1594 2233 1643 2260 xui.
1658 2233 1799 2268 προϊόντες

169 2282 268 2310 mentis
287 2281 398 2309 notione
416 2285 458 2308 est
476 2279 617 2306 distinctio
640 2279 780 2306 variarum
803 2279 957 2306 substantia:

1062 2281 1170 2308 ἑαυτῶν
1191 2281 1387 2316 ἐπιγνώσεσθε.
1419 2280 1488 2307 Ἀλλ’
1516 2280 1533 2316 ὴ
1557 2280 1607 2315 μὲν
1629 2279 1680 2314 τῆς
1706 2279 1799 2309 οὐσίας

167 2328 398 2364 significationum
413 2326 601 2360 ejusdemque,
626 2332 687 2359 quae
702 2329 731 2351 ut
746 2331 831 2359 genus
852 2324 878 2351 in
898 2330 959 2358 spe-

1052 2324 1144 2363 ηίρεσις
1155 2327 1202 2354 xui.
1215 2327 1229 2353 ό
1243 2327 1392 2363 προσήκων
1405 2326 1474 2362 αὐτῇ
1488 2326 1567 2360 λόγος
1587 2326 1634 2352 καὶ
1647 2325 1664 2360 ή
1679 2324 1736 2351 τῶν
1750 2332 1798 2359 ση-

168 2374 224 2399 cies
247 2372 390 2404 dividitur,
412 2371 533 2406 partitio.
558 2369 618 2402 Quo
642 2377 707 2397 Vero
725 2374 806 2405 pacto
823 2369 957 2404 ejusmodi

1053 2373 1184 2409 ινομένων
1198 2373 1326 2408 διαστολὴ
1339 2374 1367 2399 ὲν
1382 2372 1496 2404 τούτοις.

168 2419 293 2447 doctrina
326 2417 449 2446 defectus
480 2417 542 2445 illos
573 2416 712 2452 effugerit,
737 2417 838 2452 quibus
861 2417 972 2445 obnoxii
992 2425 1056 2447 sunt
1074 2421 1120 2455 qui
1136 2420 1214 2447 aliter
1227 2420 1409 2447 substantiam
1427 2417 1544 2454 dispesci
1578 2417 1759 2448 conabantur.
1772 2420 1798 2443 et

167 2469 304 2499 quantum
326 2471 357 2491 ea
374 2463 500 2490 utilitatis
517 2462 612 2490 afferat
627 2467 656 2490 et
675 2463 824 2498 impertiat,
841 2463 881 2491 vel
895 2472 968 2492 nunc
988 2467 1080 2494 statim
1095 2467 1138 2494 vel
1162 2466 1276 2494 ulterius
1288 2465 1426 2501 progressi
1441 2473 1489 2500 per
1517 2471 1566 2491 vos
1600 2463 1674 2498 ipsos
1694 2470 1798 2498 cognoo

168 2513 261 2541 sectis.
284 2511 386 2539 Verum
406 2511 439 2539 de
467 2512 626 2540 substantia)
640 2512 776 2540 divisione
796 2517 824 2539 et
843 2512 876 2541 de
901 2514 1063 2549 congruenti
1083 2515 1136 2550 ipsi
1160 2515 1321 2542 definitione
1354 2519 1438 2549 atque
1469 2514 1503 2542 de
1522 2513 1726 2550 significatuurn
1741 2512 1798 2539 dis-

169 2560 300 2588 tinctione
312 2560 462 2594 hucusque.

208 2605 234 2634 5.
255 2605 308 2633 Sed
318 2605 478 2634 Aristoteles
487 2605 608 2641 quidem,
620 2606 750 2641 quoniam
765 2607 961 2640 particularem»

930 2661 949 2687 Ν
977 2660 998 2687 Τ
1036 2681 1045 2689 .
1691 2660 1697 2664 ”

953 2660 974 2688 0
999 2661 1088 2732 AEAD.‘
1104 2702 1181 2736 οὗτος
1195 2705 1243 2740 μὲν
1256 2705 1269 2731 ὁ
1285 2704 1400 2740 όρισμδς
1411 2705 1458 2732 καὶ
1471 2705 1503 2740 τῇ
1521 2704 1636 2740 καθόλου
1652 2702 1731 2740 ούσίᾳ
1753 2697 1800 2740 κα)

207 2737 262 2776 (28)
283 2737 323 2768 Αἰ)
337 2737 390 2769 hoc
406 2742 576 2777 paragrapho
596 2749 704 2769 rursum
723 2741 855 2768 habemus
866 2739 954 2767 Pltotii

207 2781 274 2802 (tum
287 2777 312 2802 in
324 2777 384 2802 cod.
397 2776 502 2802 Monac.
514 2777 622 2802 Lenitur
637 2778 655 2802 l'.
669 2777 703 2802 59
715 2784 740 2802 a.
755 2786 762 2802 :
775 2775 877 2802 Φωτίου
893 2775 957 2802 περὶ

1068 2742 1169 2776 μερικῇ
1184 2737 1393 2784 ἔφάρμόάειξὉ
1418 2740 1446 2766 δὲ
1483 2737 1800 2802 “formamque-tradi]

1052 2785 1058 2801 ο
1085 2776 1203 2802 μερικὴν
1217 2775 1311 2802 ουσίαν
1332 2775 1455 2802 ὁρίζεται
1487 2783 1507 2802 υ.
1522 2783 1572 2802 νην
1599 2775 1629 2802 ὲν
1655 2782 1714 2802 ταις
1734 2780 1800 2800 κατ-

171 2781 274 2804 textum
287 2777 312 2803 in
324 2777 384 2804 cod.
397 2775 502 2805 Monac.
513 2775 622 2813 Legitur
637 2778 655 2804 l'.
669 2777 703 2804 59
715 2784 740 2803 ιι.
755 2786 762 2803 :
775 2775 877 2802 Φωτίου
893 2775 957 2810 περὶ

171 2812 262 2838 οὐσίας
275 2820 282 2828 ο
300 2812 386 2838 Ούσῐα
396 2813 442 2838 ἐπὶ
452 2814 568 2838 manu
582 2812 774 2838 αὑθύπαοκτον
793 2811 830 2838 μὴ
859 2810 956 2838 δεόμε-

1052 2785 1058 2801 ο
1082 2776 1203 2838 μερικὴν
1217 2775 1311 2803 οὐσίαν
1332 2775 1455 2810 ὁρίζεται
1486 2775 1572 2810 μόνην
1599 2775 1629 2802 ὲν
1655 2775 1714 2805 ταῖς
1734 2780 1800 2800 κατ-

1052 2819 1078 2837 )ο
1091 2819 1135 2838 αις
1152 2811 1244 2838 φησιν.

1052 2604 1080 2630 '0
1094 2603 1186 2639 μέντοι
1198 2612 1230 2637 γε
1252 2603 1441 2638 Ἀριστοτέλης
1457 2602 1526 2638 (28),
1540 2602 1602 2629 ἐπεὶ
1620 2601 1670 2637 τὴν
1684 2599 1800 2637 μερικὴν

206 2705 264 2742 (27)
277 2706 377 2741 Apogr.
394 2706 488 2734 Τοῦτο.

169 2812 262 2844 οὐσίας
275 2820 282 2828 ο
300 2812 386 2848 Ούσῐα
396 2813 442 2839 ἐπὶ
452 2810 568 2848 πρᾶγμᾶ
582 2812 774 2848 αύθύπαρκτον
792 2811 849 2848 pulp
859 2810 956 2848 δεόμετ
1009 2810 1135 2846 ηγοᾳίαις
1152 2811 1244 2846 φησίν.

170 2856 215 2876 νον
229 2848 322 2885 ἑτέρου
337 2847 405 2884 πρὸς
433 2845 560 2883 ὕπαρξιν.
591 2847 669 2882 (Vide
693 2845 781 2882 supra
799 2845 864 2881 θῇ,
882 2845 955 2880 iuit.)
