1863 3064
77 158 118 192 ’177
506 164 556 193 AD
568 164 864 195 AMPHILOCHIUM
878 165 1049 200 OUAESTIO
1069 165 1254 197 CXXXVIII.

1630 170 1684 202 778

76 223 137 243 «ut
150 215 234 251 ψυχρά
248 215 295 242 καὶ
309 215 408 252 θερμὴ,
424 217 441 252 ἢ
457 217 550 244 δικαία
566 218 615 245 καὶ
631 218 732 251 ἄδικος,
753 219 770 254 ἢ
789 219 842 245 σώ-

938 241 944 248 .
960 219 1016 248 Hoc
1030 220 1096 247 Vero
1112 225 1138 247 et
1156 221 1264 256 proprie
1279 221 1365 256 ipsius
1378 223 1532 257 proprietas
1545 228 1599 256 est,
1618 225 1682 260 quia

75 271 137 298 ᾳρων
148 263 190 289 καὶ
198 263 353 296 ἀκόλαστος,
366 264 382 299 ἢ
396 265 536 301 φρενήρης
547 266 593 293 καὶ
603 267 774 302 ἀφραίνοντα
785 267 841 303 (ιϐ)

76 310 89 343 ἡ
101 318 124 335 τι
139 308 189 344 (Π)
201 309 254 337 τῶν
270 309 471 346 παραπλησίων
481 319 489 327 ⁸
503 312 528 338 εἰ
544 311 572 338 δέ
586 320 613 338 τι
626 313 674 339 καὶ
692 314 724 348 τῇ
738 313 776 345 ὡς
790 313 841 349 ὕλῃ

75 355 140 389 οὐσίᾳ.
156 355 270 382 τοιοῦτον
282 356 458 392 συμϐέϐηκεν
468 377 475 390 ,
488 357 540 385 οὐκ
555 357 614 385 ἐστι
626 358 731 395 διαιτᾷν
745 359 842 395 καιροῦ

74 399 112 426 τοῦ
125 401 259 434 παρόντος.
275 401 307 428 Ol
324 401 352 428 δὲ
371 401 512 437 λέγοντες,
525 402 564 436 ὥς
579 404 627 431 καὶ
646 404 686 439 τῷ
701 404 773 440 λόγῳ
796 405 842 432 καὶ

74 446 99 480 τῇ
113 446 168 482 δόξῃ
178 447 252 474 τοῦτο
265 447 363 475 ἕπεται
377 448 408 475 τὸ
419 449 484 476 ἴδιον
496 449 564 485 (48),
577 449 738 486 εὐφώρατον
751 451 842 486 ἔχουσι

74 491 98 517 sb
111 491 213 525 ψεῦδος·
229 494 296 527 φασὶ
313 494 363 529 μὲν
377 494 443 531 γὰρ,
456 494 494 527 ὡς
507 497 522 522 6
536 495 623 531 λέγων
637 497 682 524 τὸν
694 497 843 533 Σωκράτην

75 537 190 572 καθῆσθαι
212 538 301 574 λόγος,
316 540 331 566 6
353 540 435 572 αὐτὸς
457 541 564 576 μένων,
586 542 653 568 καθό
672 551 704 577 γε
718 543 749 569 τδ
773 541 843 571 εἶναι

74 582 137 617 λόγος
150 583 217 619 ἔσχε,
232 585 280 612 τοῦ
300 586 350 620 μὲν
369 586 532 621 Σωκράτους
545 588 701 623 καθημένου
715 589 844 625 ἀληθείας

74 625 101 663 ἦν
111 631 276 664 σημαντικὸς,
292 631 460 664 ἀναστάντος
473 633 502 660 δὲ
513 633 560 660 τοῦ
571 634 735 670 Σωκράτους
745 634 843 670 ψεῦδος

75 674 211 710 εὑρίσκεται
229 676 391 712 δεδεγμένος
402 687 410 693 ⁸
425 678 497 706 ὥστε
514 679 562 706 καὶ
575 681 589 707 6
605 680 685 714 λόγος
698 681 752 708 τῶν
765 682 844 709 ἐναν-

75 720 126 747 τίων
145 721 215 749 ἐστὶν
231 723 372 756 δεκτικός·
391 724 522 757 ὡσαύτως
540 725 568 752 δὲ
589 726 637 753 καὶ
651 726 741 762 ἡδόξα
753 734 759 742 '
777 728 845 754 καθ-

75 766 159 799 ημένου
181 768 228 802 μὲν
250 768 306 805 7&9
325 769 407 797 αὐτοῦ
429 770 535 807 ἀληθὴς
557 769 592 806 ἦν
613 772 691 807 ἡτοῦ
705 773 841 807 καθῆσθαι

73 810 138 844 δόξα,
159 814 322 848 ἀναστάντος
335 816 364 843 δὲ
382 817 399 852 ή
424 817 494 853 αὐτὴ
510 817 574 850 δόξα
595 817 712 852 ψεύδους
734 819 845 853 ἐγένετο

73 855 176 893 δεκτική.
200 859 271 886 Ἀλλ’
289 861 314 887 ot
338 861 388 897 μὲν
413 862 607 898 διαποροῦντες
631 863 717 895 οὕτως
742 865 842 898 φασίνο

74 902 175 930 ίττωσαν
189 904 224 938 δὲ,
242 906 284 933 ὄτι
300 893 418 935 οὺὶκατὰ
436 908 485 944 τὴν
496 893 574 936 ἰδίαν
593 893 754 946 μεταϐολὴν.
768 911 782 936 ὁ
799 910 843 937 λό-
860 893 884 923 Β

73 956 111 981 γης
129 950 217 984 γέγονε
236 952 352 988 ψεύδους
367 954 414 981 καὶ
428 954 558 990 ἀληθείας
573 955 697 987 δεκτικὸς
707 977 715 989 ,
733 957 764 983 οὐ
791 957 846 993 μὴν

72 995 122 1022 οὐδὲ
137 998 224 1033 ἠδόξα
234 1019 242 1031 ,
261 1000 330 1027 ἀλλὰ
350 1001 450 1036 μᾶλλον
464 1002 534 1029 κατὰ
553 1003 603 1038 τὴν
619 1004 666 1030 τοῦ
682 1004 846 1039 πράγματος

72 1040 220 1080 ἑναλλαγην,
239 1047 309 1082 ὅπερ
326 1048 342 1083 ὴ
364 1048 415 1083 μὲν
430 1049 566 1083 ἐδόξασεν,
582 1051 596 1076 6
609 1050 637 1076 δὲ
655 1051 826 1086 ἀπήγγειλεν
837 1059 844 1068 ·

72 1089 91 1114 εὶ
103 1090 150 1126 γὰρ
166 1093 202 1127 μὴ
218 1093 366 1128 μετέϐαλεν
381 1096 395 1121 6
407 1096 556 1131 Σωκράτης
573 1097 606 1124 ὲκ
619 1097 666 1124 τοῦ
682 1097 847 1130 καθέζεσθαι

71 1134 190 1171 ἀναστὰς,
210 1139 260 1165 οὐκ
287 1139 319 1166 ἄν
339 1148 407 1166 ποτε
430 1142 444 1167 6
463 1141 509 1168 τὸν
533 1142 682 1178 Σωκράτην
710 1143 846 1179 καθῆσθαι

72 1179 145 1214 λέγων
163 1183 272 1217 ἐγένετο
285 1184 363 1220 λόγος
376 1185 492 1222 ψευδὴς,
507 1187 565 1214 ἀλλ’
583 1188 637 1214 οὐδ’
657 1189 673 1224 ὴ
691 1188 755 1221 δόξα
771 1189 826 1223 (49)
838 1197 845 1205 ·

72 1224 130 1253 ὥστε
140 1229 184 1255 καὶ
198 1230 230 1256 ἐκ
240 1230 337 1258 τούτου
349 1232 427 1268 δῆλον
438 1252 445 1264 ,
461 1232 499 1265 ὡς
512 1233 630 1268 μάλιστα
645 1233 711 1260 ἴδιόν
725 1235 783 1261 ἐστι
798 1235 847 1269 τῆς

71 1272 157 1308 οὐσίας,
170 1275 199 1301 τὸ
215 1276 411 1312 ἀποδεδόμενον
439 1279 523 1305 ἴδιον·
547 1280 578 1306 οὐ
600 1280 679 1315 μόνον
702 1281 758 1315 γὰρ
777 1281 846 1316 αὐτὴ

73 1318 163 1352 πέφυκε
177 1321 305 1356 δέχεσθαι
328 1324 459 1352 τάναντία
475 1326 545 1352 κατὰ
567 1326 616 1361 τὴν
636 1326 738 1360 ἑαυτῆς
764 1335 848 1361 μετα-

72 1363 149 1400 ίολὴν,
164 1368 230 1395 ἀλλὰ
242 1370 291 1396 καὶ
307 1370 411 1406 ἑτέροις
434 1372 656 1408 μεταϐαλλομένη
674 1373 731 1408 (50)
744 1373 847 1407 γίνεται

72 1412 135 1439 αἰτία
158 1414 202 1440 τοῦ
226 1416 316 1443 δοκεῖν
340 1417 410 1444 αὐτὰ
437 1418 562 1452 γίνεσθαι
578 1418 632 1445 τῶν
657 1419 787 1446 ἐναντίων
805 1419 848 1446 δε-

72 1459 156 1500 κτικά-
170 1462 183 1486 ὀ
195 1462 261 1496 γοῦν
276 1462 355 1497 λόγος
368 1464 415 1490 καὶ
431 1464 448 1500 ἡ
461 1464 534 1497 δόξα,
549 1465 573 1491 εί
583 1465 630 1492 καὶ
643 1465 848 1500 συγχωρηθεῖεν

73 1499 131 1530 εἶναι
155 1505 207 1533 τῶν
235 1508 366 1535 ἐναντίων
382 1509 495 1537 δεκτικὰ
505 1531 512 1542 ,
538 1510 595 1537 ἀλλ’
609 1511 660 1537 οὐκ
674 1499 713 1538 ἃν
729 1499 849 1546 λεχθεῖεν

891 265 1071 292 convertitur.
1092 265 1253 293 Subslantia
1267 265 1340 292 enim
1361 266 1451 294 omnis
1462 271 1488 294 et
1501 267 1558 295 sola
1575 275 1683 302 perma—

893 318 960 338 nens
975 311 1138 344 substantia,
1155 315 1259 339 mutata
1284 316 1374 340 tamen
1404 313 1493 348 quoad
1517 315 1682 348 qualitates,

892 357 923 384 lit
938 357 1035 392 frigida
1053 362 1081 384 et
1095 358 1193 389 calida,
1210 358 1250 385 vel
1266 358 1339 392 justa
1359 363 1387 386 et
1403 359 1513 394 iniusta,
1536 361 1579 387 vel
1593 360 1683 388 conti-

893 410 962 430 nens
977 407 1003 430 et
1013 401 1156 437 elfrenata,
1170 403 1212 430 vel
1225 404 1347 438 prudens
1360 409 1387 432 et
1399 405 1548 434 insaniens.
1562 408 1603 433 vel
1616 405 1683 440 quid

894 448 1037 476 similium.
1053 449 1094 476 An
1113 456 1176 476 vero
1191 453 1217 477 et
1232 450 1387 477 substantia
1398 470 1406 482 ,
1423 459 1485 486 qnze
1497 451 1579 479 veluti
1595 457 1684 479 mate-

894 495 934 522 ria
952 500 1005 527 est,
1034 494 1169 530 ejusmodi
1197 495 1263 530 quid
1292 496 1445 529 acciderit,
1473 504 1528 524 non
1545 503 1587 524 est
1603 497 1683 533 hujus

894 540 1025 575 temporis
1045 541 1207 576 dijudicare.
1230 540 1284 574 Qui
1308 549 1378 569 vero
1397 541 1492 570 dicunt
1515 543 1596 569 etiam
1625 551 1684 570 ser-

894 586 967 612 moni
983 590 1009 613 et
1023 586 1144 620 opinioni
1163 586 1233 613 hanc
1249 587 1397 614 convenire
1412 587 1606 621 proprietatem
1616 607 1624 618 ,
1642 586 1684 614 fa-

894 630 994 658 cillime
1024 630 1158 658 mendacii
1183 631 1397 659 convincuntur.
1435 632 1543 659 Etenim
1578 633 1684 664 dicunt.

894 684 1051 705 sermonem
1070 685 1145 710 cutn,
1169 677 1217 711 qui
1236 677 1303 705 dicit
1320 678 1461 705 Socratem
1478 678 1588 710 dicere,
1605 686 1685 706 eum-

894 724 955 751 dem
979 729 1149 756 manentem,
1179 724 1206 751 in
1233 727 1367 759 quantum
1394 724 1528 757 habebat,
1556 725 1628 759 quod
1651 725 1688 752 sit

895 770 1128 802 sermo,veritatis
1138 770 1223 798 fuisse
1238 771 1461 805 signiticativum.
1476 770 1542 798 dum
1558 771 1686 798 Socrates

895 816 1018 849 sederet;
1032 824 1094 844 cum
1106 824 1171 844 vero
1183 817 1310 845 Socrates
1321 820 1493 845 surrexisset.
1512 818 1686 845 mendacium

897 864 1082 891 continentem
1102 863 1234 898 reperiri;
1250 863 1322 890 unde
1334 863 1403 891 elIici
1419 857 1517 898 putant
1531 863 1613 890 etiam
1631 871 1689 890 ser-

898 916 1007 936 monem
1024 909 1159 936 contraria
1175 917 1255 943 posse
1268 909 1418 944 suscipere.
1435 909 1568 936 Similiter
1578 916 1689 944 quoque

896 956 930 983 de
946 955 1074 990 opinione
1088 959 1223 982 statuunt.
1241 954 1360 982 Sedente
1385 956 1458 982 enim
1483 955 1598 982 Socrate
1624 963 1688 983 vera

898 1001 948 1028 fuit
963 1001 1074 1037 opinio,
1097 1009 1157 1036 quae
1181 1009 1244 1029 eum
1268 1001 1363 1029 sedere
1385 1002 1532 1035 censebat;
1559 1006 1690 1036 surgente

899 1056 962 1075 vero
983 1048 1029 1075 illo
1047 1049 1141 1076 eadem
1161 1048 1255 1083 opinio
1272 1048 1388 1075 mendax
1410 1047 1508 1075 evasit.
1531 1047 1576 1074 Sic
1596 1047 1689 1082 itaque

897 1095 991 1122 dicunt
1008 1095 1054 1130 qui
1072 1095 1105 1122 de
1120 1094 1170 1122 bac
1185 1103 1212 1122 re
1227 1095 1361 1122 dubitant.
1382 1094 1483 1121 Verum
1503 1095 1602 1126 St'lalll,
1630 1102 1685 1121 non

898 1140 1050 1168 secundum
1066 1140 1108 1167 sui
1134 1140 1221 1174 ipsius
1239 1140 1417 1167 mutationem
1439 1148 1593 1168 sermonem
1610 1139 1688 1167 illum

899 1185 1045 1212 falsitatem
1060 1190 1087 1212 et
1102 1185 1243 1212 veritatem
1255 1185 1420 1219 suscepisse,
1432 1192 1520 1219 neque
1532 1185 1614 1211 etiam
1630 1185 1690 1218 opi-

898 1231 1018 1261 nionem,
1035 1231 1081 1257 sed
1104 1230 1194 1265 potius
1216 1230 1366 1257 secundum
1393 1230 1431 1257 rei
1458 1230 1690 1262 immutationem,
1732 1232 1734 1234 '

898 1276 970 1311 quod
989 1277 1082 1311 opinio
1100 1276 1263 1310 opinabatur
1288 1281 1315 1303 et
1338 1276 1410 1311 quod
1431 1283 1523 1303 sermo
1541 1276 1689 1303 nuntiavit.

899 1322 955 1350 Nisi
970 1323 1042 1350 enim
1057 1328 1177 1350 mutatus
1192 1322 1288 1350 luisset
1304 1321 1444 1353 Socrates,
1459 1322 1505 1357 qui
1518 1342 1526 1354 ,
1544 1327 1690 1357 postquam

899 1369 969 1397 sedit
983 1389 991 1401 ,
1014 1371 1153 1402 surrexit,
1170 1377 1309 1404 nunquam
1326 1377 1417 1397 sermo
1434 1369 1575 1397 Socratem
1595 1370 1692 1397 sedere

899 1416 1037 1444 alIirmans
1053 1417 1169 1443 mendax
1193 1416 1344 1447 evasisset,
1369 1423 1457 1450 neque
1473 1416 1554 1443 etiam
1585 1416 1692 1450 opinio.

900 1463 1085 1496 Quamobrem
1106 1468 1133 1490 et
1156 1471 1188 1490 ex
1208 1463 1260 1491 hoc
1279 1467 1353 1496 patet
1373 1463 1690 1498 dictam'proprietatem

901 1509 1020 1536 maxime
1033 1508 1195 1536 substantize
1207 1516 1269 1536 esse
1277 1509 1427 1543 propriam.
1440 1508 1499 1536 Non
1514 1509 1603 1537 solum
1619 1510 1691 1537 enim

73 1547 130 1593 ἧλως
143 1553 210 1580 κατὰ
234 1554 287 1590 τὴν
308 1555 412 1582 ἑαυτῶν
432 1556 585 1592 μετασολὴν
602 1556 696 1592 ὥσπερ
710 1558 727 1593 ὴ
750 1557 844 1589 οὐσία,

936 1563 959 1582 sa
972 1560 1033 1590 apta
1049 1554 1155 1582 exsistit
1168 1554 1201 1582 ad
1220 1555 1375 1590 recipienda
1388 1555 1526 1582 contraria
1540 1555 1692 1583 secundum

74 1591 130 1621 ἀλλὰ
150 1597 247 1631 μᾶλλον
268 1599 339 1626 κατὰ
362 1600 412 1635 τὴν
434 1599 485 1636 τῆς
503 1591 600 1633 οὐσίας
626 1591 780 1638 μεταϐολὴν
798 1602 844 1629 καὶ

936 1609 978 1629 am
995 1601 1083 1636 ipsius
1093 1601 1286 1633 mutationem,
1304 1609 1398 1628 verum
1415 1601 1499 1629 etiam
1515 1601 1576 1629 aliis
1593 1601 1620 1628 in
1643 1609 1694 1629 sua

72 1638 108 1665 διὰ
119 1640 147 1667 τὸ
163 1643 273 1680 ἐκείνην
289 1646 414 1681 δέχεσθαι
435 1648 576 1681 τάναντία,
594 1649 749 1676 δείκνυνται
775 1657 848 1684 παρ-

72 1685 224 1717 απολαύοντα
241 1692 291 1718 καὶ
304 1692 391 1719 ταῦτα
405 1692 452 1720 τοῦ
463 1694 552 1721 δοκεῖν
565 1692 636 1722 εἶναι
650 1695 705 1722 τῶν
719 1695 850 1723 ἐναντίων

73 1729 178 1762 δεκτικά,

73 1779 170 1808 omnino
186 1790 239 1810 non
257 1785 411 1813 secundum
424 1793 503 1815 suam
517 1787 640 1823 ipsorum
657 1789 849 1820 mutationem,

75 1828 237 1856 mutationem
255 1831 327 1858 banc
339 1831 560 1866 pmdicationem
571 1834 732 1867 sortientur,
744 1839 772 1861 et
786 1833 850 1869 quia

73 1875 181 1901 urantur
200 1883 232 1903 ea
248 1876 304 1903 l'rui
318 1877 522 1912 praedicatione,
545 1883 575 1906 ut
590 1884 618 1907 et
635 1879 693 1914 ipsa
710 1879 847 1907 contraria

102 1923 134 1952 ς’.
158 1921 186 1950 Ὀ
200 1924 295 1959 μέντοι
309 1933 342 1959 γε
363 1925 553 1962 Ἀριστοτέλης
569 1926 790 1963 προχειρότερον,
806 1925 850 1952 ίνα

74 1964 105 1999 μὴ
128 1966 197 2001 λέγω
224 1969 424 2006 ῥᾳθυμότερον,
440 1971 505 2006 περὶ
527 1971 621 2002 οὐσίας
643 1970 780 1998 διαλαῦὼν
803 1971 851 1996 καὶ

71 2008 142 2047 ἕτερα
163 2013 210 2040 δύο
227 2015 284 2042 ίδια
303 2016 411 2050 τίθησιν
435 2016 546 2048 οὐσίας’
572 2017 601 2043 ἓν
627 2017 677 2052 μὲν
695 2017 726 2044 τὸ
747 2017 806 2043 τόδε
823 2025 850 2042 τι

74 2057 213 2092 σημαίνειν,
232 2060 304 2095 ὅπερ
325 2061 368 2096 εἴη
388 2061 421 2088 ἂν
438 2061 504 2088 ἴδιον
525 2061 555 2088 οὐ
571 2062 621 2096 τῆς
637 2061 731 2093 ἁπλῶς
745 2061 850 2093 οὐσίας,

71 2103 113 2136 τῆς
134 2103 160 2130 δὲ
180 2107 247 2141 παρ’
265 2106 349 2133 αὐτοῦ
364 2106 515 2143 κληθείσης
537 2106 650 2142 πρώτης
669 2107 782 2139 οὐσίας·
803 2107 851 2133 καὶ

71 2147 153 2184 ἕτερον
175 2152 257 2179 πάλιν
286 2152 317 2179 τὸ
341 2152 508 2188 συνωνύμως
534 2153 750 2189 κατηγορεῖσθαι
772 2153 828 2188 (Si)
842 2161 849 2169 '

71 2193 107 2230 εἴη
128 2197 195 2235 δ’γᾶν
210 2199 260 2226 καὶ
279 2198 358 2226 τοῦτο
373 2199 438 2226 ῐδιον
451 2201 502 2236 τῆς
521 2200 587 2236 παρ’
607 2200 690 2226 αὐτοῦ
706 2200 851 2236 κληθείσης

70 2241 186 2280 δευτέρας
206 2246 320 2278 οὐσίας·
334 2245 403 2273 ἀλλὰ
416 2245 447 2273 τὸ
465 2246 515 2281 μὲν
532 2246 592 2273 τόδε
605 2255 631 2273 τι
643 2248 787 2282 σημαίνειν
806 2247 851 2281 μό-

69 2296 110 2322 νης
128 2291 185 2318 ἐστὶ
207 2291 260 2326 τῆς
279 2291 391 2328 πρώτης
413 2293 525 2324 οὐσίας·
545 2293 615 2328 μόνη
639 2293 693 2328 γὰρ
716 2293 733 2328 ἡ
750 2293 850 2329 μεριχὴ

70 2335 133 2369 χειρὶ
150 2336 316 2373 δεικνυμένη
330 2337 348 2372 ἢ
364 2338 450 2374 ἑτέρῳ
463 2337 518 2365 τινὶ
532 2338 644 2373 τοιούτῳ
657 2338 716 2364 τόδε
731 2347 758 2364 τι
773 2337 850 2372 λέγε-

901 1648 1053 1676 mutatione
1067 1655 1151 1675 causa
1168 1648 1208 1679 tit,
1223 1647 1296 1682 quod
1317 1648 1376 1683 ipsa
1396 1648 1535 1676 contraria
1553 1655 1650 1683 capere
1665 1652 1694 1675 et

902 1694 1040 1729 suscipere
1058 1693 1213 1721 videantur.
1231 1693 1328 1720 Sermo
1354 1693 1439 1728 igitur
1460 1700 1487 1720 et
1503 1694 1597 1728 opinio
1609 1714 1616 1726 ,
1641 1693 1693 1721 etsi

904 1739 1070 1767 concedatur
1085 1746 1133 1766 eos
1155 1745 1236 1772 posse
1253 1739 1390 1765 contraria
1412 1739 1575 1771 admittere,
1602 1742 1693 1766 tamen

869 1787 942 1814 sicut
975 1785 1150 1818 substantias,
1167 1785 1214 1812 sed
1237 1786 1328 1819 potius
1350 1785 1501 1812 secundum
1533 1785 1694 1813 substantiae

870 1832 1023 1860 substantia
1043 1831 1180 1858 contraria
1213 1830 1341 1864 admittit,
1374 1830 1436 1858 ideo
1465 1834 1493 1858 el.
1520 1830 1578 1866 ipsa
1613 1838 1695 1860 mou-

867 1877 1011 1905 admittere
1023 1876 1177 1903 videantur.

934 1923 961 1950 6.
978 1922 1106 1950 Attamen
1122 1922 1282 1950 Aristoteles
1308 1922 1399 1950 minus
1428 1923 1583 1959 diligenter,
1599 1932 1634 1951 ne
1653 1925 1695 1952 di-

899 1978 959 1998 cam
976 1969 1143 2004 negligenter
1154 1969 1187 1995 de
1195 1969 1348 1996 substantia
1362 1968 1502 1997 disserens
1529 1969 1598 1997 duas
1625 1970 1694 1999 alias

901 2016 977 2051 ponit
991 2015 1153 2042 substantia
1165 2014 1365 2049 proprietates:
1384 2021 1466 2042 unam
1479 2015 1601 2050 quidem,
1619 2017 1693 2052 qttod

900 2063 952 2090 hoc
968 2062 1072 2096 aliquid
1087 2061 1239 2096 significet;
1269 2061 1322 2088 hoc
1350 2069 1416 2088 vero
1446 2069 1501 2089 non
1532 2063 1695 2090 substantiae

900 2107 1064 2142 simpliciter
1078 2106 1218 2140 proprium
1236 2105 1329 2139 fuerit,
1345 2106 1392 2133 sed
1408 2105 1478 2141 ejus,
1503 2113 1566 2141 qua:
1580 2107 1614 2134 ab
1635 2108 1696 2142 ipso

904 2157 1016 2180 vocatur
1028 2152 1134 2187 prima;
1149 2151 1262 2178 alteram
1280 2159 1346 2178 vero
1360 2152 1433 2186 quod
1459 2151 1574 2179 univoce
1600 2152 1697 2187 przedi-

905 2203 999 2232 cctur;
1015 2198 1062 2225 sed
1082 2198 1134 2225 hoc
1148 2204 1258 2233 quoque
1269 2197 1411 2232 proprium
1423 2196 1506 2224 fuerit
1522 2197 1695 2230 substantiae.

904 2253 986 2280 quam
1005 2245 1065 2280 ipse
1080 2244 1229 2272 secundam
1242 2244 1370 2278 appellat.
1386 2243 1420 2270 At
1436 2251 1501 2270 vero
1512 2243 1599 2278 prius,
1621 2248 1695 2279 quod

904 2290 1057 2318 substantia
1087 2290 1139 2317 hoc
1168 2289 1272 2324 aliquid
1295 2288 1440 2323 signiticet.
1466 2288 1553 2316 solius
1597 2290 1696 2324 prima:

903 2336 1063 2365 Substantite
1081 2340 1141 2369 est;
1157 2335 1214 2363 ltazc
1226 2335 1311 2368 enim,
1332 2334 1484 2362 substantia
1502 2334 1692 2369 particular-is,

70 2387 108 2407 ται
120 2379 187 2410 εἶναι
208 2384 267 2420 (52)
276 2392 285 2400 ⁸
297 2384 330 2411 τὸ
341 2384 370 2411 δὲ
385 2384 553 2420 συνωνύμως
570 2384 785 2420 κατηγορεῖσθαι
798 2384 844 2411 οὐκ

936 2384 959 2411 la
973 2383 1059 2419 digito
1073 2387 1184 2411 ostensa
1207 2382 1250 2410 vel
1272 2381 1328 2409 alio
1350 2380 1486 2416 ejusmodi
1511 2381 1565 2408 hoc
1589 2381 1694 2417 aliquid

818 2450 937 2479 NOTAE.

98 2499 151 2534 (46)
167 2499 317 2535 Perperam
330 2498 468 2527 Catiiorus
484 2498 628 2535 legendum
642 2499 772 2535 censebat
791 2507 843 2525 σω-

71 2535 196 2570 φρονοῦσα
210 2534 239 2563 et
257 2534 401 2570 lectionem
415 2534 585 2570 ἀφραίνουσα
600 2534 757 2570 tollendam.

99 2570 150 2605 (47)
168 2570 214 2598 Sic
228 2574 305 2598 recte
320 2568 405 2597 Vatic.
422 2568 518 2605 apogr.
535 2569 617 2597 Catil.
629 2569 778 2605 mendose:
791 2570 808 2604 ἦ
821 2578 848 2595 τι

72 2646 84 2667 c
101 2604 155 2668 (548%
167 2605 246 2668 igne
266 2604 447 2667 ogjectionem
460 2604 520 2640 ipse
533 2605 586 2633 sibi
598 2604 664 2632 facit
674 2604 848 2637 Aristoteles,

87 2659 93 2666 .
123 2661 130 2668 .
207 2662 214 2668 .
235 2648 265 2668 ι).
303 2659 311 2668 .

101 2640 315 2710 ῧδῗέῗῖςῶιῆῖ
332 2683 381 2702 e.:
404 2675 434 2701 '0
449 2675 478 2703 δὲ
492 2675 571 2709 λόγος
593 2675 641 2702 καὶ
656 2675 672 2710 ἠ
689 2675 763 2707 δόξα,
780 2675 850 2702 αὐτὰ

73 2710 115 2744 μὲν
126 2713 241 2747 ἀκίνητα.
251 2711 341 2746 πάντη
360 2710 470 2747 ξπᾴντως
482 2710 604 2747 διαμένει
618 2719 630 2747 '_
652 2711 707 2747 τοῦν
716 2711 851 2747 δὲλπρᾴγ-

73 2754 146 2779 ματος
163 2745 335 2780 κινηθέντος,
347 2746 398 2782 γότὲ
415 2747 464 2782 μὲν
478 2746 580 2782 ἀληθὴς
593 2745 638 2772 ὁτὲ
651 2745 679 2782 δὲ
693 2745 794 2782 ψευδὴς
805 2746 850 2782 λέ-

73 2787 138 2817 γεται
153 2802 160 2809 .
173 2802 180 2809 .
197 2801 204 2809 .
221 2784 236 2809 6
254 2782 309 2817 γὰρ
324 2781 402 2817 λόγος
415 2780 468 2808 καὶ
477 2783 494 2817 ἡ
508 2780 575 2817 δόξα
584 2782 613 2817 οὺ
627 2780 667 2816 τῷ
694 2781 766 2817 αὐτᾲ
779 2780 851 2817 δεδές

73 2815 125 2848 χθαι
139 2818 191 2844 τῶν
206 2815 337 2844 ἐναντίων
350 2816 419 2844 εἶναι
433 2815 545 2844 δεκτικὰ
569 2816 689 2850 λέγεται,
719 2815 787 2842 ἀλλὰ
812 2815 852 2850 τῷ

73 2853 128 2887 περ)
139 2853 234 2887 ἓτεράν
249 2861 278 2878 τι
291 2853 320 2879 τὸ
334 2853 420 2884 πάθος
438 2851 615 2886 γεγενῆσθαι.

104 2886 154 2922 (50)
186 2886 326 2916 Catiforus
358 2889 447 2922 legere
478 2887 563 2915 voluit
592 2886 849 2922 μεταβαλλομένοις.

899 2497 946 2525 sed
962 2502 1107 2525 contextus
1118 2496 1285 2532 ωσι-θεοισν
1300 2494 1413 2523 lectioni
1439 2493 1527 2521 Vatic.
1553 2500 1636 2527 quam
1666 2498 1695 2521 et

899 2537 974 2560 tenet
989 2536 1083 2560 a‘pour.
1094 2532 1126 2560 C.

897 2537 974 2561 tenet
989 2536 1083 2561 a‘noar.
1094 2536 1126 2560 (Σ.

936 2541 974 2560 tet
989 2541 1083 2569 apogr.
1094 2541 1126 2560 ιι.
1521 2563 1528 2569 .

936 2568 992 2603 (Si)
1009 2568 1048 2595 Ex
1059 2567 1119 2595 Vat.
1133 2566 1257 2603 ordinem
1266 2566 1451 2603 membrorum
1468 2564 1594 2592 dedimus
1605 2563 1693 2603 ;_Ven.

900 2599 995 2648 apogr'.
1015 2603 1043 2631 in
1061 2604 1105 2631 his
1119 2602 1260 2638 paululum
1277 2601 1365 2629 diﬂ'ert
1382 2605 1445 2635 post
1478 2607 1559 2627 voces
1585 2599 1694 2634 τίθησιν

900 2647 1006 2666 ουσιας.

939 2657 1039 2709 ξέίἶῖῐιι
1057 2673 1118 2701 cod.
1135 2672 1212 2709 Men.
1225 2672 1337 2709 haeeest
1354 2671 1506 2709 proprietas
1524 2669 1615 2709 ιεζξῖιιι
1632 2678 1694 2704 φιίυ

903 2705 948 2736 ἥδ’
958 2705 1123 2736 describitur
1138 2717 1144 2735 :
1161 2708 1263 2744 Τρίτον
1274 2707 1340 2735 ἴδιον
1355 2705 1516 2744 τῆςοῡσίας
1532 2705 1593 2744 τόδε
1603 2714 1630 2732 τι
1645 2713 1695 2744 ση-

905 2745 1012 2779 μαίνειν
1024 2751 1031 2758 ·
1049 2744 1128 2770 τοῦτο
1147 2743 1175 2770 δὲ
1186 2740 1220 2769 τὸ
1244 2743 1310 2769 ἴδιον
1328 2743 1367 2779 Δτῇ
1383 2740 1492 2779 ⁷μερι-κῇ
1505 2741 1597 2779 ὀὐσίᾳ
1625 2740 1695 2779 μόνῃ

904 2775 1029 2814 ἆρμόζει,
1044 2779 1105 2813 οὐχὶ
1116 2779 1144 2805 δὲ
1156 2779 1203 2805 καὶ
1211 2779 1272 2809 ταῖς
1287 2775 1402 2814 καθόλου
1409 2785 1421 2814 Α·
1431 2775 1467 2803 τὸ
1480 2775 1534 2814 7&9
1560 2775 1695 2814 δεικνύειν

903 2809 948 2841 δίᾶ
957 2809 1006 2850 τῆς
1018 2809 1134 2850 νειρῧςῆ
1151 2813 1232 2850 ἄλλου
1245 2813 1318 2844 τινὸς
1344 2812 1466 2850 τοιούτου
1479 2809 1542 2850 τάξ,
1559 2811 1608 2850 μὲν
1624 2809 1690 2850 καθ-

902 2850 965 2875 όλου
979 2845 1073 2881 όύσῖας
1085 2845 1135 2876 οὐκ
1159 2849 1305 2884 ἐνδέχεται,
1328 2849 1378 2884 τᾲς
1405 2847 1434 2875 δὲ
1448 2845 1564 2884 μερικὰς
1592 2845 1695 2880 ὲνδέχεο

904 2893 949 2911 ται
967 2884 1020 2920 (ρι’.
1039 2885 1124 2913 Arist.
1141 2892 1164 2912 c.
1186 2882 1243 2920 υς
1260 2883 1302 2917 lii,
1314 2891 1339 2918 p.
1354 2882 1392 2918 5).
