1863 3064
49 80 93 113 ’165
438 86 489 116 AD
512 87 808 120 AMPIIILOCHIUM
826 90 999 123 OUESTIO
1019 95 1186 127 CXXXVII.

1604 105 1656 138 766

49 138 94 163 οὐκ
111 137 143 164 ἐν
158 138 341 173 ὑποκειμένῳ
352 147 360 156 ·
385 140 513 168 οὐδέποτε
539 143 593 179 γὰρ
610 144 627 178 ἡ
647 144 728 170 οὐσία
744 145 804 180 εὗρῐ

879 146 1029 177 Substantia
1051 157 1141 179 autem
1168 157 1283 180 vocatur
1304 162 1355 182 non
1375 155 1403 182 in
1424 156 1561 191 subjecto;
1583 167 1654 187 nun-

50 189 128 209 σκεται
136 183 164 209 ἐν
175 183 246 220 ἄλλῳ
258 185 314 212 τινὶ
328 186 396 221 πρὸς
411 186 528 223 ὓπαρξιν
537 188 622 224 αὐτῆς
634 190 816 216 συντελοῦντι-

75 283 103 310 θ’.
123 282 157 309 Tb
182 283 209 310 δὲ
234 285 348 312 καθόλου
377 286 487 322 λέγεται
515 289 579 316 καθ’
592 290 791 326 ὑποκειμένου
807 302 814 308 ·

46 329 141 364 ἁεὶγᾶρ
156 330 185 357 τὺ
202 331 316 358 καθόλου
344 334 416 361 κατά
443 343 516 367 τινος
540 336 722 372 ὑποκειμένου
741 338 815 374 αὐτῷ

46 377 235 410 κατηγορεῖται·
248 377 282 403 τὰ
310 377 339 404 δὲ
360 379 461 413 μερικὰ
481 380 590 415 λέγεται
610 383 646 409 οὐ
661 383 726 410 καθ’
739 385 815 411 ὐπο-

44 421 164 454 κειμένου
186 422 239 449 ’ἀεὶ
251 423 306 458 γὰρ
318 423 353 451 τὰ
370 425 471 460 μερικὰ
496 426 581 462 ἤγουν
594 428 629 454 τὰ
648 429 737 463 ἄτομα
752 430 813 456 κατ’

43 467 134 499 οὐδενὸς
171 469 352 501 ὑποκειμένου
387 471 509 506 λέγεται.
536 474 593 500 Καὶ
626 475 688 501 ἐπεὶ
721 475 738 510 ἠ
763 476 813 510 μὲν

43 513 107 539 οὐσία
124 513 246 541 καλεῖται
260 516 315 542 οὐκ
331 516 366 542 ἐν
381 518 578 552 ὑποκειμένῳ.
592 519 623 545 τὺ
643 519 671 546 δὲ
696 521 810 548 καθόλου

42 559 94 585 καθ’
106 561 311 595 ὑποκειμένων
328 562 397 597 ὁμοῦ
414 564 444 589 τό
459 572 488 590 τε
504 565 559 591 οὐκ
570 565 606 591 ἐν
623 567 811 602 ὑποκειμένῳ

42 605 78 631 καὶ
91 605 117 631 τὸ
129 607 192 633 καθ’
207 607 407 642 ὑποκειμένου
417 609 624 645 λαμϐανόμενον
634 620 640 626 ·
661 611 717 646 τὴν
739 615 809 640 καθ-

41 651 101 679 όλου
124 653 232 679 οὐσίαν
277 655 386 686 παντως
405 655 550 690 δηλώσειεν
565 665 571 671 ’
600 654 655 684 οἷον
676 658 714 690 ὡς
727 659 809 695 ζτύπῳ

40 698 110 724 εἰπεῖν
119 699 163 725 τὸν
177 699 292 726 καθόλου
304 700 448 736 ἄνθρωπον
460 711 467 718 ·
482 704 496 729 ό
510 703 564 738 γὰρ
577 705 691 731 καθόλου
703 706 809 741 ἄνθρω-

40 751 79 775 πος
91 745 147 771 καθ’
172 746 353 777 ὑποκειμένου
374 747 423 782 μὲν
435 748 491 784 (98)
520 749 629 784 λέγεται
656 751 704 778 τοῦ
734 761 808 785 τινος

39 790 170 825 ἀνθρώπου,
194 787 252 818 ὀῖον
275 794 418 826 Πλάτωνος
450 795 466 830 ἢ
492 795 573 822 ἄλλου
597 797 670 830 τινὸς
682 798 750 833 (99),
778 800 808 826 ὲν

39 836 188 873 ὑποκειμένῳ
204 839 234 865 δὲ
264 839 314 866 οὐκ
344 840 424 867 ἐστι’
446 841 480 868 τὰ
500 842 555 878 γὰρ
579 844 609 870 ὲν
637 844 809 881 ὑποκειμένῳ

38 883 208 918 ωμὸεὸηκότα
223 885 344 919 ἐλέγετο.
364 887 451 914 Πάλιν
465 888 528 915 ἐπεὶ
549 890 579 916 τὸ
597 890 647 924 μὲν
666 892 806 928 συμϐεϐη-

36 930 72 960 κὸς
85 931 200 958 ἐκαλεῖτο
224 932 260 958 ἐν
282 933 481 968 ὑποκειμένῳ,
506 935 537 961 τὺ
561 936 589 963 δὲ
609 937 724 964 καθόλου
741 941 805 966 καθ’

36 977 224 1011 ὑποκειμένου,
249 978 318 1013 ὁμοῦ
342 979 371 1005 τό
391 988 420 1006 τε
444 981 479 1007 ἐν
507 982 693 1017 ὑποκειμένῳ
716 984 807 1010 καὶτὸ

35 1023 85 1049 καθ’
110 1025 310 1059 ὑποκειμένου
339 1025 589 1064 λαμϐανόμενονῌ)
617 1030 650 1056 τὸ
674 1032 806 1058 καθόλου

35 1069 201 1103 συμεεΰηκὸς
231 1070 342 1102 πάντως
363 1071 532 1106 δηλώσειεν·
573 1073 628 1101 οἷον
660 1076 700 1107 ὡς
727 1076 805 1112 τύπῳ

34 1114 55 1139 τὸ
67 1115 172 1142 καθόλου
188 1116 289 1152 χρῶμα
305 1125 312 1132 “
329 1117 359 1143 τὸ
378 1118 432 1153 γὰρ
445 1119 561 1147 καθόλου
574 1122 676 1157 χρῶμα
684 1122 722 1158 (2)
742 1124 804 1150 καθ’

34 1159 191 1197 ὑποκειμένου
206 1162 309 1198 μὲν(5)
338 1164 448 1198 λέγεται
473 1166 520 1193 τοῦ
547 1176 621 1198 τινος
648 1168 802 1204 χρώματος,

33 1202 74 1230 οἷον
83 1206 152 1233 τοῦδε
168 1207 216 1234 τοῦ
233 1208 342 1239 λευκοῦ.
359 1209 428 1236 ἀλλὰ
443 1210 488 1237 καὶ
502 1212 532 1238 ἐν
545 1211 718 1249 ὑποκειμένῳ
730 1215 804 1242 ἐστὶν

33 1250 60 1282 ὡς
74 1251 99 1278 ἐν
113 1252 228 1288 σώματι,
258 1253 314 1281 οἷον
335 1255 365 1281 ὲν
384 1256 453 1290 χιόνι
465 1257 504 1292 (4)
522 1257 539 1293 ῆ
563 1258 636 1294 ἄλλῳ
659 1260 724 1287 τινί.
742 1261 802 1288 Ἔτι

33 1297 52 1324 δὲ
62 1300 115 1326 ἐπεὶ
132 1302 161 1327 τὺ
174 1303 290 1338 μερικὸν
304 1303 429 1331 ἐκαλεῖτο
456 1306 492 1332 οὐ
507 1306 572 1333 καθ’
589 1308 801 1343 ὑποκειμένου,

33 1344 44 1378 ἡ
57 1345 79 1371 δὲ
91 1346 163 1374 οὐσία
177 1349 234 1376 οὐκ
251 1349 286 1375 ἐν
303 1351 490 1385 ὑποκειμένῳ
501 1371 509 1384 ,
527 1352 596 1387 ὁμοῦ
609 1353 639 1379 τό
649 1362 679 1381 τε
692 1356 748 1382 οὐκ
766 1355 802 1382 ἐν

33 1391 196 1428 ὑποκειμένῳ
209 1395 302 1423 καὶτὸ
318 1398 354 1424 οὑ
376 1398 441 1425 καθ’
463 1399 664 1433 ὑποκειμένου
680 1400 738 1435 τὴν
749 1410 801 1436 με-

30 1438 103 1471 ρικὴν
119 1441 227 1467 οὐσίαν
245 1442 352 1474 πάντως
365 1442 513 1477 δηλώσειεν
528 1452 535 1460 ·
549 1441 605 1470 οἷον
619 1445 657 1476 ὡς
672 1445 750 1481 τύπῳ
761 1446 798 1482 (5)

868 200 951 228 quam
965 195 1038 222 enim
1055 197 1209 226 substantia
1227 200 1363 228 invenitur
1383 201 1419 230 in.
1434 203 1490 230 alio
1512 205 1654 240 quopiam,

868 242 938 275 quod
953 242 986 269 ad
999 243 1206 272 subsistentiam
1219 246 1280 281 ejus
1294 247 1430 276 conferat.

901 287 928 314 9.
948 288 1112 318 Universale
1127 292 1226 319 dicitur
1247 293 1279 320 de
1299 295 1431 329 subjecto;
1450 303 1560 331 semper
1578 299 1653 326 enim

866 333 1020 363 universale
1050 336 1084 364 de
1112 337 1206 372 aliquo
1241 339 1294 374 ipsi
1324 341 1447 375 subjecto
1478 344 1652 377 praedicatur.

864 380 1043 410 Particularia
1057 383 1186 412 dicuntur
1199 393 1249 412 non
1265 387 1297 413 de
1311 388 1444 421 subjecto;
1460 397 1566 425 semper
1578 391 1651 418 enim

863 427 1036 461 particularia
1052 430 1111 458 sive
1128 431 1268 459 individua
1283 433 1316 459 de
1330 434 1404 461 nullo
1420 435 1543 470 subjecto
1555 437 1650 464 dicun-

863 475 918 498 tur.
934 472 968 500 Ει
988 474 1052 508 quia
1080 475 1233 504 substantia
1253 483 1369 506 vocatur
1397 488 1448 506 non
1473 482 1501 507 in
1522 483 1648 517 subjecto,

863 517 1017 546 universale
1032 528 1096 547 vero
1111 521 1144 548 de
1153 522 1282 557 subjecto,
1297 525 1353 552 haec
1368 525 1432 559 duo,
1450 535 1501 553 non
1515 528 1542 554 in
1561 529 1648 563 subje—

862 567 903 589 cto
918 565 988 592 etde
1004 566 1132 600 subjecto,
1158 569 1241 596 simul
1265 576 1373 606 sumpta
1394 574 1571 602 uniuersalem
1587 577 1651 602 sub-

860 611 1000 644 stantiam,
1013 611 1212 648 designabunt;
1233 617 1307 643 verbi
1323 619 1409 652 gratia
1432 619 1571 647 hominem
1590 622 1651 649 uni-

859 655 1001 682 versaliter
1031 663 1190 692 sumptum;
1218 660 1300 688 homo
1330 662 1402 689 enim
1435 664 1586 692 universim
1615 666 1649 693 de

859 699 982 733 subjecto
999 702 1108 736 quidem
1130 704 1241 737 dicitur,
1270 707 1376 735 scilicet
1396 709 1429 736 de
1450 709 1560 738 homine
1577 719 1648 746 quo-

858 745 931 780 dam,
956 751 986 774 ut
1007 748 1040 775 de
1059 748 1171 777 Platone
1183 752 1226 778 vel
1249 752 1281 779 de
1306 754 1370 786 alio,
1387 754 1414 781 in
1442 755 1564 789 subjecto
1581 745 1647 784 vero

861 799 915 819 non
939 798 1001 826 est;
1026 802 1087 829 qua:
1107 797 1179 824 enim
1207 798 1233 824 in
1260 799 1382 834 subjecto
1406 807 1471 829 sunt
1494 803 1646 832 accidentia

860 842 923 865 ante
934 839 1006 867 dicta
1023 846 1098 868 sunt.
1115 842 1235 870 Rursum
1247 846 1376 879 quoniam
1395 847 1523 875 accidens
1538 848 1647 876 diccba-

859 888 904 910 tur
926 884 953 910 in
975 886 1104 920 subjecto,
1130 888 1283 916 universale
1306 899 1365 918 vero
1390 894 1422 919 de
1443 893 1571 927 subjecto,
1591 895 1647 922 lure

857 929 912 956 duo
925 931 1008 958 simul
1028 937 1149 967 sumpta,
1166 934 1227 961 scil.
1247 936 1274 962 in
1291 937 1408 970 subjecto
1424 942 1452 964 et
1471 939 1502 965 de
1515 939 1644 974 subjecta.

857 975 968 1002 omnino
1003 977 1123 1004 accidens
1155 980 1304 1007 universale
1332 981 1533 1017 indicaverint;
1562 985 1640 1012 verbi

857 1021 944 1056 gratia
958 1022 1141 1051 universalem
1161 1025 1293 1053 colorem.
1309 1026 1376 1054 Nam
1400 1028 1476 1055 color
1493 1030 1642 1059 uuiversitn

856 1072 981 1102 sumptus
1001 1069 1035 1096 de
1052 1070 1176 1104 subjecto
1191 1071 1292 1099 dicitur
1314 1073 1458 1108 cujusdam
1479 1075 1546 1102 certi
1565 1076 1642 1103 eola-

855 1113 904 1148 ris,
922 1118 986 1148 puta
1003 1115 1085 1150 hujus
1097 1116 1198 1144 coloris
1212 1117 1278 1150 albi,
1296 1119 1322 1145 in
1338 1120 1463 1154 subjecto
1480 1129 1545 1149 vero
1559 1123 1642 1151 etiam

854 1163 897 1186 est
913 1164 943 1187 ιιι
955 1160 982 1187 in
1000 1168 1125 1196 corpore,
1139 1163 1213 1190 velut
1229 1164 1256 1190 in
1273 1165 1334 1192 nive
1349 1166 1391 1192 vel
1408 1166 1437 1194 in
1460 1176 1489 1194 rc
1508 1168 1559 1195 alia
1575 1177 1643 1203 qua-

853 1205 937 1240 piam.
955 1206 1089 1235 Praeterea
1109 1210 1237 1243 quoniam
1262 1212 1427 1244 particulare
1449 1213 1642 1242 nominabatur

853 1260 905 1279 non
924 1252 955 1279 de
980 1254 1108 1288 subjecto,
1126 1256 1279 1283 substantia
1293 1264 1357 1284 vero
1385 1266 1437 1284 non
1460 1259 1487 1285 in
1512 1260 1641 1294 subjecta,

852 1299 911 1327 haec
931 1299 987 1327 duo
1007 1301 1100 1333 simul,
1125 1310 1176 1328 non
1201 1302 1232 1329 de
1255 1303 1371 1338 subjecto
1400 1313 1446 1332 nec
1470 1307 1496 1332 in
1511 1306 1640 1341 subjecta,

852 1346 1160 1380 omninopa’rticularem
1168 1349 1348 1378 substantiam
1360 1352 1521 1380 indicabunt
1530 1361 1538 1386 ;
1547 1362 1641 1381 exent-

851 1393 887 1428 pli
903 1400 987 1420 causa
1002 1393 1082 1421 talem
1099 1399 1126 1421 et
1141 1395 1222 1422 talem
1237 1395 1389 1429 hominem,
1409 1398 1491 1424 talem
1514 1403 1541 1425 et
1558 1399 1638 1426 talem

851 1439 958 1467 bovem.
977 1440 1051 1467 Nihil
1066 1440 1139 1468 enim
1152 1442 1287 1476 ejusmodi
1304 1443 1330 1469 in
1348 1443 1471 1478 subjecto
1497 1449 1538 1471 est
1555 1445 1638 1479 (quod

31 1483 110 1515 ειπείν,
121 1487 164 1514 τὸν
179 1488 256 1514 δεῖνα
279 1488 422 1524 ἄνθρωπον
436 1489 452 1523 ἦ
476 1489 522 1516 τὸν
539 1491 613 1517 δεῖνα
626 1490 690 1526 βοῦν
702 1500 710 1507 ⁶
725 1492 802 1520 οὐδὲν

879 1486 926 1513 tim
947 1486 974 1514 in
986 1487 1111 1522 subjecto
1128 1491 1179 1522 est,
1201 1488 1329 1516 accidens
1345 1497 1406 1517 esse
1422 1490 1639 1517 demonstratum

32 1528 74 1563 γὰρ
95 1530 145 1557 τῶν
170 1532 302 1559 τοιούτων
326 1533 387 1559 οὔτε
401 1533 438 1568 {6)
464 1535 493 1561 ὲν
521 1535 694 1571 ὑποκειμένῳ
726 1538 799 1565 ἐστὶν

31 1573 101 1607 (τοῦτο
119 1577 170 1613 γὰρ
198 1578 375 1613 συμϐεϐηκὸς
400 1579 508 1615 ἐδείχθη
522 1577 638 1616 [εῖναι]ὶ,
651 1581 713 1608 οὔτε
739 1583 799 1610 καθ’

32 1620 187 1658 ὑποκειμένου
201 1624 294 1659 (τοῦτο
304 1625 358 1660 γὰρ
374 1624 443 1661 [τοῦ]
455 1625 571 1653 καθόλου
585 1627 693 1662 ἐδείχθη
704 1626 798 1664 εἶναι).

32 1665 77 1693 Ἔτι
91 1667 116 1694 δὲ
129 1669 189 1695 ἐπεὶ
197 1669 229 1696 τὺ
246 1669 358 1704 μερικὸν
372 1671 496 1697 ἐκαλεῖτο
508 1672 544 1698 οὺ
559 1671 624 1698 καθ’
642 1673 799 1708 ὑποκειμέ-

30 1719 80 1745 νου,
92 1714 154 1741 τὸδὲ
166 1715 343 1751 συμϐεϐηκὸς
354 1717 389 1743 ἐν
398 1717 596 1752 ὑποκειμένῳ,
605 1718 674 1753 ὁμοῦ
689 1719 719 1745 τό
725 1728 755 1746 τε
764 1719 800 1746 ἐν

30 1759 188 1798 ὑποκειμένῳ
196 1764 248 1790 καὶ
260 1764 290 1790 τδ
300 1765 336 1791 οὐ
346 1765 411 1791 καθ’
419 1765 620 1800 ὑποκειμένου
635 1766 668 1792 τὸ
673 1767 798 1800 μερικὸν

30 1807 191 1843 συμϐεόηκὸς
211 1809 376 1845 δηλώσειεν·
391 1808 447 1837 οἷον
462 1811 501 1843 ὡς
516 1811 594 1847 τύπῳ
604 1813 704 1844 εἰπεῖν,
716 1812 795 1840 τοῦτο

29 1851 138 1881 τδλενκὸν
151 1856 167 1890 ἢ
180 1856 265 1882 τοῦτο
277 1856 307 1882 τὸ
324 1857 408 1892 μέλαν
422 1866 428 1873 ·
444 1857 523 1884 τοῦτο
538 1858 592 1894 γὰρ
606 1858 637 1885 τὺ
651 1859 747 1886 λευκὸν
765 1860 796 1886 ὲν

29 1896 114 1932 σώματι
128 1900 176 1936 μέν
202 1902 339 1935 ὲστίτινι,
359 1903 410 1929 οὐκ
426 1903 483 1930 ἔστι
499 1903 528 1930 δὲ
542 1904 604 1931 καθ’
614 1904 794 1941 ὑποκειμένου

852 1531 927 1568 fuit),
942 1540 1030 1568 neque
1042 1534 1076 1561 de
1094 1534 1218 1569 subjecto
1227 1540 1268 1562 est
1284 1535 1367 1570 (quod
1380 1537 1454 1563 enim
1471 1536 1504 1564 de
1517 1536 1640 1571 subjecto

852 1583 904 1612 est,
926 1579 1080 1607 universale
1096 1587 1158 1608 esse
1172 1581 1445 1617 demonstravimus).
1461 1582 1560 1610 Adhuc
1572 1591 1640 1611 vero

851 1627 982 1660 quoniam
1009 1627 1176 1661 particulare
1196 1627 1341 1655 dicebatur
1370 1637 1421 1655 non
1449 1629 1480 1656 de
1507 1629 1637 1664 subjecto.

851 1673 979 1701 accidens
992 1681 1068 1704 vero.
1084 1674 1111 1700 in
1130 1672 1258 1707 subjecto,
1273 1673 1331 1701 hate
1349 1675 1414 1706 duo,
1432 1675 1460 1701 in
1480 1675 1597 1709 subjecto
1613 1681 1639 1702 et

850 1727 902 1745 non
925 1719 957 1745 de
979 1719 1099 1753 subjecto
1122 1718 1243 1746 accidens
1269 1719 1434 1753 particulam
1450 1720 1636 1753 denotabunt;

850 1766 923 1793 verbi
939 1766 1028 1801 gratia
1042 1766 1095 1793 hoc
1109 1765 1200 1792 album
1216 1766 1257 1792 vel
1273 1766 1324 1792 hoc
1342 1766 1467 1800 nigrum;
1494 1766 1547 1794 hoc
1563 1768 1637 1794 enim

847 1812 940 1839 album
965 1812 992 1838 in
1014 1819 1131 1846 corpore
1147 1812 1266 1846 quodam
1291 1816 1342 1843 est.
1365 1820 1418 1839 non
1447 1820 1511 1840 vero
1537 1818 1579 1841 est
1602 1813 1637 1840 de

847 1858 973 1892 subjecto
993 1858 1127 1893 quodam;
1149 1865 1213 1884 nam
1231 1858 1304 1892 quod
1325 1858 1358 1885 de
1382 1858 1508 1893 subjecto
1523 1864 1564 1886 est
1577 1859 1637 1886 uni-

846 1904 954 1932 versale
965 1911 1026 1931 esse
1043 1909 1187 1932 ostensum
1200 1908 1252 1932 est.
1272 1903 1325 1931 Sed
1337 1905 1370 1932 de
1387 1905 1430 1932 his
1448 1905 1591 1934 hactenus.

29 1943 82 1975 τινός
94 1953 101 1960 ·
123 1947 150 1974 τὺ
176 1948 231 1984 γὰρ
250 1948 312 1975 καθ’
336 1949 517 1984 ὑποκειμένου
543 1950 660 1978 καθόλου
687 1951 794 1988 ἐδείχθη
808 1952 888 1980 εἶναι.
909 1951 980 1980 Ἀλλ’
992 1951 1038 1978 ἐπὶ
1051 1951 1180 1979 τοσοῦτον
1197 1951 1247 1986 μὲν
1261 1951 1326 1987 περὶ
1348 1952 1450 1980 τούτων
1462 1952 1512 1988 (Ἰ).

778 2017 895 2047 ΝΟΤᾸΕ.

111 2071 167 2110 λίέί
182 2072 263 2110 deest
273 2072 387 2110 inihilon.
397 2071 449 2110 ,σιτ
459 2073 544 2110 Arist.
560 2082 585 2102 c.
599 2074 626 2105 Ξ,
639 2074 652 2110 §
665 2075 691 2102 2.

51 2104 180 2146 (99)_M0_n.
193 2109 257 2146 add.
277 2117 284 2135 :
304 2108 359 2134 Καὶ
373 2107 427 2142 γὰρ
439 2108 453 2134 ὁ
470 2108 583 2136 Πλάτων
609 2104 790 2146 ὑτξόκείμενόν

27 2137 91 2178 iure},
99 2142 126 2178 ιν
142 2143 188 2170 ὑπ.
205 2143 236 2170 δέ
252 2147 283 2170 ιιι
296 2137 389 2178 supra.

51 2175 81 2209 (ί)
92 2177 212 2212 ᾼαμὸαν.
226 2179 304 2206 deest
318 2175 345 2205 in
361 2177 435 2204 Mon.

182 2223 189 2241 :
209 2213 333 2250 Xptbgqt-
351 2213 397 2239 τοῦ
411 2213 452 2248 (το
463 2215 525 2242 καθ’
537 2215 631 2250 ὐποκ.)

49 2245 79 2278 (5)
91 2247 143 2274 Μέν
154 2245 273 2277 deest'in
282 2245 363 2277 'Mon.

50 2280 80 2314 (4)
92 2281 158 2310 Mon.
171 2282 235 2311 Οἶον
246 2284 286 2317 ὡς
300 2286 329 2312 ἐν
344 2285 449 2322 σώματι
462 2285 479 2322 ἢ
491 2285 520 2312 ὲν
532 2286 566 2321 τῇ
584 2285 663 2320 χιόνι.

491 2342 553 2369 καθ’
569 2343 752 2379 ὑποκειμένου

432 2535 470 2562 ΠΙ
484 2536 516 2562 τὸ
531 2535 612 2564 καθό-

503 2571 549 2598 λου

440 2614 471 2632 συ
475 2606 614 2642 μϐεὸηκδς

473 2803 502 2829 ὲν
518 2801 691 2837 ὑποκειμένῳ

892 2076 918 2114 ξ)
935 2077 1008 2114 Men.
1025 2077 1070 2105 hic
1088 2081 1117 2114 ut
1131 2077 1239 2114 et__alias
1253 2079 1282 2104 ὲν
1296 2078 1385 2114 τύπῳ.

889 2113 916 2149 (ξ)
933 2112 1002 2149 ρῦτε
1017 2113 1094 2140 deest
1109 2113 1136 2140 in
1153 2112 1226 2146 Vat.,
1239 2114 1285 2149 sed
1303 2112 1401 2149 legitur
1415 2114 1442 2141 in
1455 2114 1562 2144 Monac.

892 2147 917 2182 7)
933 2147 996 2174 Haec
1011 2148 1107 2175 ultima
1119 2148 1203 2176 verba
1228 2148 1287 2175 ἀλλ’
1301 2147 1340 2168 4
1352 2150 1455 2176 τούτων
1480 2151 1578 2178 desunt
1604 2152 1633 2182 in

840 2180 915 2222 Morti.
929 2182 1158 2222 Explanaturhoc
1173 2184 1353 2222 paragrapho.
1366 2185 1479 2222 AAristot.
1492 2193 1518 2213 c.
1528 2187 1555 2217 2,
1575 2185 1589 2222 §
1603 2180 1631 2214 δῷ

839 2215 869 2244 ln
886 2217 957 2244 Mon.
970 2215 1032 2245 cod.
1051 2219 1069 2244 f.
1083 2218 1128 2250 57,
1142 2215 1182 2249 af
1200 2219 1226 2246 iu
1241 2215 1391 2246 'An'imouii
1417 2215 1632 2250 Commentariis

844 2252 897 2280 hoc
908 2253 1045 2280 schemate
1056 2253 1207 2281 illustratur
1222 2255 1295 2289 quod
1309 2255 1410 2283 dictum
1428 2259 1490 2284 est;

930 2344 961 2371 οὺ
977 2344 1041 2372 καθ’
1054 2345 1236 2381 ὑποκειμένου

698 2429 781 2511 ᾂψφᾷ.

767 2496 826 2570 θᾈ
836 2508 864 2537 6°
1027 2537 1060 2564 Iv
1077 2537 1211 2582 ή,μερικὴ

747 2574 801 2625 ἐξεφ
1079 2573 1167 2601 ουσία.

697 2619 755 2670 is"?
882 2624 939 2674 063/

663 2668 695 2700 ᾳ
924 2668 944 2688 ρ

942 2802 992 2830 οὐκ
1011 2802 1040 2829 ἐν
1058 2802 1230 2840 ὑποκειμένῳ
