1863 3064
228 90 279 127 767

800 95 929 125 PHOTII
949 93 1268 128 PATRIARCHJEiCP.
1779 95 1818 126 768

261 150 305 179 10.
326 149 440 184 Quando
457 158 523 178 vero
537 150 611 178 aliud
626 150 660 178 de
679 149 732 178 alio
747 151 909 185 prmdicatur
929 155 960 178 ut
972 151 999 179 d(

1103 154 1129 178 t'.
1150 152 1234 178 Ὅταν
1268 152 1290 178 δ’
1314 152 1407 187 ἕτερον
1421 152 1481 179 καθ’
1499 151 1591 187 ἑτέρου
1607 151 1781 187 κατηγορῆται
1793 153 1820 184 ὼς

225 198 349 232 subjecto
360 197 417 225 sive
433 197 558 229 univoce,
570 205 741 232 quaecunque
753 197 787 224 de
802 198 946 232 prazdicato
961 197 1009 225 illo

224 246 370 278 dicuntur,
405 244 497 270 Omnia
529 244 564 270 de
593 243 718 278 subjecto
740 250 849 278 quoque
874 243 1008 270 dicentur.

227 288 304 317 Verbi
317 290 404 326 gratia
417 290 499 317 homo
513 289 679 324 praedicatur
695 289 729 316 de
744 289 795 316 hoc
811 293 888 316 certo
901 289 1011 317 homine

224 331 332 371 (Petrus
345 340 388 363 est
405 336 512 370 homo).
526 335 628 362 animal
647 342 713 363 vero
728 335 761 362 de
775 335 885 362 homine
904 335 1012 370 simpli-

222 381 309 415 citer;
335 381 482 409 manifeste
511 389 578 416 ergo
605 385 632 408 et
661 382 693 408 de
720 385 797 408 certo
823 381 876 408 hoc
899 380 1011 408 homine

221 426 322 454 animal
336 427 538 460 prmdicandum
550 427 602 454 erit
613 426 724 462 (Petrus
743 430 784 453 est
799 425 923 453 animal).
940 426 1009 452 Nam

221 477 315 499 certus
325 472 441 508 quilibet
451 473 532 499 homo
544 477 572 499 et
587 473 667 499 Immo
681 476 707 499 et
723 471 824 498 animal
835 476 884 499 est.
895 471 1010 504 Quando

223 522 289 544 Vero
313 525 368 545 non
397 519 513 545 univoce
533 518 597 553 quid
622 519 656 545 de
683 518 737 546 alio
764 518 936 553 praedicatur,
962 517 1010 545 sed

221 564 383 597 equivoce,
413 564 525 591 minime
551 572 664 591 necesse
690 569 746 597 est,
776 564 866 591 omnia
894 572 955 599 quae
977 564 1010 592 de

224 609 369 644 prmdicato
379 609 518 641 dicuntur,
532 610 589 636 haec
605 614 631 637 et
645 610 679 637 de
694 610 818 644 subiecto
831 610 897 637 dici.
912 609 1010 637 Exem-

223 653 261 689 pli
288 654 374 689 gratia
392 663 398 681 :
416 655 514 681 Album
542 655 706 690 praedicatur
727 657 867 690 aequivoce
892 657 925 683 de
947 663 1010 683 cor-

223 707 307 735 pore;
327 701 419 728 album
451 701 524 728 enim
551 709 650 736 corpus
677 702 793 735 dicitur;
823 703 894 729 ratio
919 707 1008 729 autem

223 754 276 782 qua
296 747 426 774 deﬁnitur
439 747 543 780 album,
557 748 633 774 nullo
644 748 726 775 modo
740 749 847 783 corpori
864 748 1008 782 congruit;

222 797 266 821 est
281 790 354 820 enim
370 793 490 821 deﬁnitio
510 793 565 820 albi
588 794 665 821 color
681 798 708 820 et
731 794 783 821 alia
800 794 935 829 quedam,
950 801 1010 821 cor-

224 845 276 873 pus
288 846 355 865 vero
370 846 423 866 non
439 845 501 866 esse
515 839 633 865 colorem
650 839 823 867 manifestum
836 844 886 867 est.

257 881 302 908 11.
324 881 424 909 Verum
450 887 477 910 et
503 883 556 910 hoe
581 883 653 910 scire
675 888 794 919 oportet,
819 892 926 919 corum,
948 894 1008 921 quae

224 932 289 955 sunt
304 928 405 956 diversi
419 930 529 964 generis
554 937 604 956 nec
618 930 669 957 sibi
686 930 802 957 invicem
818 931 1007 964 subordinate,

223 974 345 1002 diversas
359 979 386 1002 et
401 975 491 1010 specie
507 983 568 1003 esse
583 975 763 1009 diilerentias,
781 976 864 1004 veluti
880 977 1009 1006 animalis

222 1025 250 1048 et
272 1021 409 1055 scientiae;
438 1021 565 1049 animalis
590 1022 662 1049 enim
692 1022 851 1051 diﬂ'erentim
880 1028 1009 1052 terrestre

221 1067 371 1102 (pedestre)
396 1072 424 1095 et
447 1068 582 1103 aquatile;
615 1068 737 1096 scientia:
762 1076 826 1097 vero
846 1069 915 1096 nihil
937 1070 1010 1105 ejus-

222 1111 316 1144 modi;
341 1119 431 1147 neque
455 1113 528 1139 enim
552 1112 667 1140 scientia
687 1120 703 1140 ιι
729 1113 844 1141 scientia
869 1113 960 1142 diﬂ‘ert
975 1121 1009 1142 eo

221 1158 296 1193 quod
314 1158 400 1186 altera
417 1158 453 1186 sit
467 1158 554 1193 bipes.

257 1203 303 1231 12.
322 1203 458 1232 Praeterea
479 1211 575 1231 eorum
587 1211 649 1239 quae
670 1204 775 1239 absque
796 1206 941 1240 complexu
966 1206 1008 1233 di-

221 1242 330 1281 cuntur,
346 1249 419 1276 aliud
433 1254 477 1277 est
501 1250 665 1288 substantia,
684 1251 757 1278 aliud
770 1251 920 1286 quantitas,
934 1252 1008 1280 aliud

220 1293 352 1327 qualitas,
380 1294 454 1321 aliud
477 1294 584 1325 relatio.
608 1295 681 1322 aliud
705 1296 764 1328 ubi,
787 1296 862 1323 aliud
886 1297 1008 1332 quando,

220 1339 294 1366 aliud
310 1341 391 1373 situs,
413 1340 485 1367 aliud
509 1341 618 1373 habere.
646 1341 719 1368 aliud
735 1349 825 1376 agere,
852 1343 925 1370 aliud
941 1344 1006 1378 pati.

222 1384 255 1412 Et
269 1385 422 1414 substantia
436 1386 547 1421 quidem
560 1391 603 1414 est
612 1387 687 1414 verbi
701 1388 788 1422 gratia
799 1388 892 1421 homo,
904 1396 1007 1424 equus;

220 1431 361 1466 quantitas
376 1439 441 1459 vero
459 1432 617 1465 bicubitale,
637 1434 811 1468 tricubitaie;
829 1435 947 1469 qualitas
966 1439 1009 1462 est

220 1477 330 1527 album,
349 1478 656 1527 grammaticomnst),
679 1479 775 1507 relatio
800 1488 871 1527 vero
894 1481 1006 1516 duplex.
1021 1497 1042 1527 ο

220 1523 386 1557 dimidium,
412 1524 519 1558 majus;
542 1524 588 1552 ubi
606 1524 704 1561 (locus)
726 1533 753 1553 v.
779 1534 806 1561 g.
829 1526 960 1560 Athenis,
979 1527 1007 1555 in

220 1568 382 1602 academia;
407 1569 517 1604 quando
540 1570 670 1605 (tempus)
689 1579 696 1598 :
720 1570 778 1598 heri
804 1579 877 1599 anno
898 1577 1008 1607 praeter-

220 1614 311 1648 lapso;
328 1614 420 1642 situs:
436 1622 464 1642 ν.
487 1623 528 1650 gr.
549 1616 635 1648 sedet,
657 1617 804 1650 consistit;
827 1617 936 1646 habitus
954 1623 1006 1652 est,

219 1667 247 1686 v.
263 1667 305 1694 gr.
326 1659 488 1691 calceatum,
505 1661 632 1688 vestitum
649 1669 729 1696 esse;
750 1662 839 1691 facere
857 1671 905 1691 seu
927 1672 1008 1699 agere

219 1710 272 1739 est,
291 1713 319 1732 v.
333 1713 360 1742 κ.
381 1713 486 1740 secare,
508 1714 605 1741 urere;
627 1708 682 1742 pati
710 1716 774 1735 vero
792 1713 845 1741 cst,
861 1710 948 1736 secari
967 1710 1007 1737 vel

219 1751 356 1779 comburi.
384 1752 605 1789 Unumquodque
625 1754 709 1789 igitur
726 1755 823 1782 horum
846 1756 1008 1791 simpliciter

218 1798 322 1826 dictum
346 1805 434 1833 neque
457 1799 600 1827 veritatem
625 1801 763 1836 signiﬁcat
781 1810 870 1837 neque
893 1803 1006 1830 menda-

220 1845 311 1879 cium;
327 1845 469 1881 complexa
484 1853 549 1873 vero
566 1847 599 1873 ad
615 1847 732 1875 invicem
749 1848 891 1875 veritatem
904 1849 1009 1883 signiﬁ-

218 1894 283 1920 cant
293 1895 341 1919 aut
360 1892 548 1925 mendacium;
564 1892 638 1920 verbi
650 1894 734 1928 gratia
748 1902 755 1920 :
768 1893 854 1922 Homo
873 1895 1005 1927 ambulat,

219 1938 262 1964 vel
277 1937 352 1965 aliud
364 1937 505 1973 quidpiam
520 1939 666 1973 ejusmodi.
684 1938 902 1974 Propositionem
913 1940 1004 1968 enim:

220 1982 272 2010 Hic
285 1988 372 2010 certus
387 1984 465 2011 homo
479 1985 599 2012 ambulat
616 1990 663 2013 aut
676 1993 768 2013 veram
781 1992 828 2014 aut
837 1986 933 2015 falsam
943 1994 1004 2016 esse

218 2037 331 2057 necesse
344 2035 395 2057 est.

338 2075 503 2109 QUAESTIO
521 2074 688 2105 CXXXVlll.
709 2076 875 2114 [CLXXIVJ

503 2123 542 2151 De
555 2123 715 2151 substantia.

1061 198 1122 225 καθ’
1135 198 1316 232 ὑποκειμένου
1339 198 1422 233 ἤγουν
1446 199 1621 232 συνωνύμως,
1642 198 1692 224 ὅσα
1714 197 1775 224 κατὰ
1786 198 1820 224 τοῦ

1061 245 1298 281 κατηγορουμένου
1314 245 1435 279 λέγεται.
1455 238 1543 271 πάντα
1558 245 1605 271 καὶ
1623 244 1694 271 κατὰ
1716 244 1759 270 τοῦ
1769 244 1821 270 ὑπο-

1061 291 1187 327 κειμένου
1199 291 1237 327 (8)
1259 291 1424 326 ῥηθήσεται·
1440 287 1497 317 οἷον
1525 289 1668 325 ἄνθρωπος
1683 291 1823 325 κατηγορεῖ-

1060 346 1105 363 ται
1125 337 1171 364 τοῦ
1179 345 1252 369 τινος
1265 337 1420 372 ἀνθρώπου,
1438 336 1468 362 τὸ
1478 335 1505 362 δὲ
1518 335 1586 367 ζῶον
1597 335 1668 361 κατὰ
1680 335 1726 361 τοῦ
1741 335 1823 369 ἀνθρώ-

1061 388 1112 407 που
1127 381 1175 407 ml.
1188 381 1267 415 δῆλον
1277 381 1318 407 ὅτι
1331 380 1368 415 (9)
1387 381 1435 406 καὶ
1455 380 1527 406 κατὰ
1544 379 1590 405 τοῦ
1616 388 1688 411 τινος
1700 379 1822 415 ἀνθρώπου

1060 426 1090 453 τὺ
1107 426 1176 458 ζῶον
1190 427 1443 463 κατηγορηθήσεται
1456 434 1464 442 ·
1479 427 1493 452 ό
1512 426 1566 461 γάρ
1586 434 1628 457 τις
1643 426 1823 461 ἄνθρωποςκαὶ

1060 473 1202 508 ἄνθρωπός
1218 475 1276 500 ἐστι
1301 473 1349 499 καὶ
1374 473 1452 504 ζῶον.
1479 472 1564 498 Ὅταν
1580 471 1609 497 δὲ
1625 472 1663 506 μὴ
1680 470 1824 506 συνωνύμως

1060 519 1248 555 κατηγορῆταί
1270 527 1297 544 τι
1325 519 1394 545 κατά
1418 526 1492 549 τινος
1503 517 1570 553 (10)⁷
1599 517 1657 543 ἀλλ’
1681 517 1823 552 ὁμωνύμως,

1060 565 1109 590 οὐκ
1126 565 1243 598 ἀνάγκη,
1263 564 1312 590 ὅσα
1327 563 1399 590 κατὰ
1414 563 1461 589 τοῦ
1477 563 1718 598 κατηγορουμένου
1728 562 1825 596 λέγεται,

1060 610 1177 636 τοσαῦτα
1193 609 1249 645 (11)
1263 610 1311 636 καὶ
1332 609 1403 636 κατὰ
1423 608 1471 635 τοῦ
1494 609 1674 644 ὑποκειμένου
1698 608 1824 642 λέγεσθαι·

1060 652 1183 690 οἶον’(12)
1200 655 1231 681 τὸ
1243 655 1339 681 λευκὸν
1352 655 1545 689 κατηγορεῖται
1559 654 1712 689 ὁμωνύμως
1730 655 1773 680 τοῦ
1786 654 1826 680 σώ-

1061 709 1144 735 ματος
1157 709 1164 716 ·
1180 700 1276 726 λευκὸν
1290 701 1345 735 γὰρ
1359 700 1439 735 σῶμα
1453 700 1563 734 λέγεται
1575 707 1582 714 ⁶
1607 701 1621 726 ὁ
1631 699 1660 726 δὲ
1675 700 1752 734 λόγος
1761 699 1774 726 ὁ
1792 700 1827 726 ἐπὶ

1059 746 1107 773 τοῦ
1122 746 1219 773 λευκοῦ
1235 747 1291 781 (15)
1305 746 1433 773 οὐδέποτε
1449 746 1564 781 ἁρμόσει
1579 746 1625 772 ἐπὶ
1637 745 1684 772 τοῦ
1703 746 1826 782 σώματος·

1060 792 1120 819 ἔστι
1137 792 1192 828 γὰρ
1203 793 1217 819 ὁ
1231 792 1309 826 λόγος
1321 792 1403 818 αὐτοῦ
1422 792 1521 827 χρῶμα
1543 792 1589 818 καὶ
1606 792 1673 818 ἄλλα
1684 792 1754 824 τινὰ,
1770 793 1796 818 τὸ
1805 792 1827 818 δὲ

1025 831 1046 859 Β
1061 837 1140 872 σῶμα
1154 837 1270 873 φανερὸν
1283 838 1324 864 ὅτι
1340 837 1391 864 οὐκ
1405 837 1463 864 ἐστι
1476 836 1575 873 χρῶμα
1599 837 1667 872 (id).

1095 885 1140 908 ια’.
1161 883 1207 908 Δεῖ
1225 881 1254 908 δὲ
1270 882 1318 909 καὶ
1339 882 1418 909 τοῦτο
1435 882 1549 915 ειδέναι,
1561 882 1602 909 ὅτι
1614 882 1668 909 τῶν
1681 882 1829 919 ἑτερογενῶν

1059 928 1107 954 καὶ
1121 927 1159 964 μὴ
1174 927 1220 955 ὑπ’
1234 928 1337 963 ἄλληλα
1364 928 1538 963 τεταγμένων
1557 928 1648 963 ἕτεραι
1663 928 1702 964 τῷ
1715 929 1777 955 εῖδει
1791 928 1829 954 καὶ

1059 974 1088 1000 αἱ
1102 974 1249 1010 διαφοραί·
1271 972 1328 1001 οἷον
1351 973 1421 1006 ζώου
1443 974 1492 1002 καὶ
1508 975 1673 1010 ἐπιστήμης.
1698 975 1771 1002 Ζώου
1789 974 1830 1009 μὲν

1059 1020 1114 1055 γὰρ
1135 1020 1262 1055 διαφοραὶ
1280 1020 1311 1046 τὸ
1336 1019 1417 1053 πεζὸν
1434 1020 1482 1048 καὶ
1499 1020 1530 1047 τδ
1547 1020 1670 1056 ἔνυδρον,
1689 1021 1830 1056 ἐπιστήμης

1059 1066 1087 1092 δὲ
1102 1065 1214 1101 οὐδεμία
1229 1065 1348 1092 τούτων·
1365 1066 1396 1092 οὐ
1420 1065 1476 1101 γὰρ
1491 1066 1614 1102 διαφέρει
1629 1067 1770 1102 ἐπιστήμη
1781 1068 1830 1094 lm-

1060 1111 1168 1147 στήμης
1181 1111 1220 1147 τῷ
1234 1111 1327 1144 δίπους
1341 1110 1411 1139 εἶναι
1425 1112 1492 1148 (15).

1095 1201 1140 1237 ιβ’.
1163 1202 1223 1228 Ἔτι
1243 1201 1334 1229 τοίνυν
1354 1202 1410 1230 τῶν
1436 1202 1522 1239 χωρὶς
1546 1203 1708 1239 συμπλοκῆς
1735 1204 1834 1239 λεγομέ-

1059 1256 1113 1275 νων
1127 1247 1182 1284 (16)
1201 1248 1231 1275 τὸ
1258 1248 1309 1284 μιν
1332 1249 1407 1276 ἐστιν
1431 1249 1523 1282 οὐσία,
1545 1249 1575 1276 τὸ
1599 1249 1627 1276 δὲ
1647 1250 1743 1282 ποσὸν,
1767 1250 1794 1276 τὸ
1811 1249 1834 1275 δὲ

1060 1294 1145 1326 ποιὸν,
1166 1294 1197 1320 τὺ
1218 1294 1248 1320 δὲ
1265 1295 1333 1328 πρός
1353 1303 1398 1326 τι,
1412 1294 1444 1321 τὸ
1464 1294 1493 1321 δὲ
1507 1294 1575 1326 ποῦ,
1590 1295 1622 1322 τὸ
1633 1295 1662 1322 δὲ
1677 1295 1760 1327 ποτὲ,
1773 1295 1800 1322 τὸ
1813 1295 1835 1321 δὲ

1059 1338 1183 1371 κεῖσθαι,
1205 1339 1236 1366 τὸ
1251 1339 1280 1366 δὲ
1304 1339 1387 1375 ἔχειν,
1410 1340 1441 1367 τδ
1458 1340 1486 1367 δὲ
1510 1342 1608 1374 ποιεῖν,
1624 1342 1655 1368 τὺ
1674 1341 1703 1368 δὲ
1718 1342 1835 1377 πάσχειν.

1059 1384 1115 1411 Καὶ
1137 1385 1212 1411 ἐστιν
1238 1385 1316 1413 οὐσία
1341 1385 1391 1421 μὲν
1408 1383 1463 1414 οἷον
1481 1386 1641 1422 ἄνθρωπος,
1666 1387 1752 1419 ἵππος
1770 1388 1836 1423 (17)“

1059 1431 1142 1458 ποσὸν
1151 1430 1180 1458 δὲ
1194 1428 1251 1458 οἷον
1260 1431 1371 1467 δίπηχυ,
1385 1432 1504 1468 τρίπηχυ
1517 1441 1524 1449 ·
1537 1433 1613 1460 ποιὸν
1628 1430 1729 1467 δὲ,οἷον
1742 1434 1837 1464 λευκὸν,

1058 1478 1252 1513 γραμματικόν
1264 1479 1332 1513 (18)’
1345 1479 1413 1514 πρός
1429 1488 1455 1506 τι
1469 1479 1508 1511 δὲ,
1517 1477 1572 1507 οἷον
1583 1480 1739 1515 διπλάσιον,
1750 1481 1838 1517 ἥμισυ.

1061 1523 1154 1558 μεῖζον
1165 1532 1173 1540 ·
1187 1523 1239 1551 ποῦ
1256 1523 1353 1557 δὲ,οἷον
1370 1526 1399 1551 ἐν
1409 1525 1544 1560 Ἀθήναις,
1560 1526 1589 1552 ὲν
1604 1527 1749 1563 ἀκαδημίᾳ.
1759 1534 1767 1544 ·
1783 1527 1838 1554 ποτὲ

1057 1569 1098 1602 δὲ,
1108 1567 1165 1596 οἷον
1178 1569 1253 1605 χθὲς,
1270 1570 1380 1605 πέρυσι”
1392 1571 1497 1599 κεῖσθαι
1514 1569 1611 1605 δὲ,οῒον
1625 1573 1758 1608 κάθηται,
1774 1575 1834 1601 ἵστα-

1057 1624 1103 1642 ται
1118 1624 1126 1632 ο
1140 1616 1213 1651 ἔχειν
1230 1617 1270 1651 δὲ,
1286 1615 1343 1645 οἷον
1371 1618 1548 1646 ὑποδεδέσθαι
1572 1619 1629 1655 (19)
1640 1640 1647 1651 .
1672 1621 1839 1648 ὲνδεδῦσθαι·

1058 1663 1134 1689 ποεῖν
1148 1661 1246 1695 δὲ,οἴον
1260 1663 1379 1699 τέμνειν,
1393 1665 1496 1692 καίειν·
1516 1665 1632 1700 πάσχειν
1643 1663 1745 1697 δὲ,οἶον
1755 1667 1834 1702 τέμνε

1059 1708 1139 1741 σθαι,
1161 1709 1284 1736 καίεσθαι
1307 1709 1375 1745 (20).
1391 1710 1526 1737 Ἕκαστον
1552 1708 1599 1738 οὖν
1616 1711 1672 1738 τῶν
1689 1712 1840 1747 εἰρημένων

1059 1754 1162 1780 ἁπλοῦν
1183 1755 1232 1789 μὲν
1249 1754 1306 1790 (21)
1329 1755 1474 1791 λεγόμενον
1495 1755 1549 1783 οὔτ’
1572 1757 1701 1790 ἀλήθειαν
1719 1759 1840 1794 σημαίνει

1057 1799 1118 1826 οὔτε
1134 1800 1231 1835 ψεῦδος
1241 1808 1248 1815 '
1277 1801 1489 1837 συμπλεκόμενα
1504 1802 1533 1829 δὲ
1558 1803 1617 1839 μετ’
1638 1803 1765 1840 ἀλλήλων
1780 1805 1840 1839 (‘22).

1057 1846 1187 1882 ἀλήθειαν
1210 1848 1366 1883 σημαίνειῆ
1389 1848 1504 1883 ψεῦδος·
1528 1846 1585 1876 οἷον
1604 1849 1753 1885 ἄνθρωπος
1769 1859 1840 1886 περμ

1057 1894 1155 1926 πατεῖ,
1167 1893 1183 1928 ἢ
1199 1893 1264 1920 ἄλλο
1273 1903 1300 1921 τι
1312 1890 1367 1921 τῶν
1378 1893 1507 1921 τοιούτων
1517 1903 1523 1909 ·
1538 1895 1568 1921 τὸ
1578 1895 1632 1931 γὰρ
1644 1895 1687 1927 τὶς
1700 1896 1841 1931 ἄνθρωπος

1057 1939 1205 1973 περιπατεῖ
1218 1939 1325 1974 ἀνάγκη
1340 1939 1356 1974 ἢ
1370 1939 1428 1974 (25)
1443 1939 1542 1975 ἀληθὲς
1557 1937 1628 1967 εῖναι
1641 1940 1658 1976 ἢ
1671 1940 1786 1975 ψεῦδος.

1315 2080 1483 2107 ΕΡΩΤΗΣΙΣ
1500 2081 1588 2108 PAH'.

1345 2127 1415 2162 Περὶ
1431 2128 1550 2161 οὐσίας.

748 2170 819 2196 Nunc
830 2172 936 2204 primum
947 2173 1013 2198 edita
1026 2181 1040 2198 a
1052 2174 1082 2199 D.
1096 2174 1310 2206 Hcrgenroether.

254 2210 281 2239 1.
299 2211 393 2239 Primo
409 2212 555 2240 dicendum
567 2216 610 2240 est
625 2213 659 2240 de
670 2213 832 2241 substantia.
847 2214 999 2243 Substantia

1094 2220 1128 2244 α’.
1151 2218 1261 2253 Πρῶτον
1273 2218 1301 2244 δὲ
1311 2217 1407 2253 ῥητέον
1418 2218 1482 2254 περὶ
1493 2218 1597 2251 οὐσίας.
1618 2219 1649 2246 Ἡ
1660 2220 1753 2248 τοίνυν
1767 2223 1842 2249 οὐσία

217 2257 299 2292 igitur
321 2265 376 2285 non
400 2258 552 2285 secundum
565 2265 648 2285 unam
673 2259 850 2294 eamdemque
864 2261 1001 2289 notionem

216 2303 318 2331 dicitur
330 2304 495 2337 substantia,
519 2304 566 2331 sed
580 2311 633 2331 vox
653 2310 693 2333 est
714 2312 808 2332 earum
828 2313 860 2333 ex
876 2314 1001 2340 numero,

1056 2263 1087 2289 οὺ
1100 2263 1170 2290 κατὰ
1186 2263 1251 2298 μίαν
1272 2264 1319 2290 καὶ
1331 2263 1382 2298 τὴν
1394 2263 1480 2299 αὐτὴν
1499 2263 1603 2290 ἔννοιαν
1623 2264 1734 2299 λέγεται
1749 2267 1842 2299 οὐσία,

1055 2307 1123 2334 ἀλλὰ
1134 2307 1188 2334 τῶν
1202 2308 1344 2343 πολλαχῶς
1357 2308 1511 2344 λεγομένων
1524 2309 1598 2336 ἐστὶν
1612 2310 1629 2344 ὴ
1644 2310 1722 2345 φωνὴ
1731 2332 1740 2343 ,
1758 2313 1785 2339 εἰ
1799 2311 1843 2339 καὶ

970 2351 1086 2380 NOTAE.

251 2394 289 2437 (8)
304 2393 393 2437 ᾼυτοῢ
407 2394 469 2437 add.
484 2394 593 2437 Monac;
604 2394 658 2426 bis,
674 2395 746 2437 quod
755 2395 833 2437 deest
847 2397 875 2435 in
889 2394 953 2436 γει.
971 2401 999 2437 et

214 2429 261 2492 (ῳ.
272 2429 356 2458 Arist.
373 2437 432 2464 cap.
446 2430 474 2462 5,
490 2430 563 2464 quod
581 2429 636 2458 fere
651 2430 812 2458 verbotcnus
827 2430 873 2458 hic
897 2431 997 2459 inseri-

228 2473 270 2492 ur.

250 2498 359 2560 (9))Καί
370 2498 447 2526 deest
460 2499 486 2526 in
505 2499 576 2527 Mon.
634 2535 639 2540 Ι

249 2535 275 2567 (1
298 2534 307 2569 )
322 2533 355 2559 Τί
372 2535 441 2561 κατά
456 2543 528 2566 τινος
543 2536 619 2562 deest
633 2543 660 2562 In
675 2533 738 2563 Vat.

251 2569 307 2603 (11)
318 2568 390 2603 lion.
406 2569 507 2603 Πᾲντα.

253 2603 307 2637 (12)
322 2602 394 2631 Mon.
411 2602 472 2632 οἷον
486 2605 522 2636 ώς
537 2605 566 2632 τδ
580 2604 674 2632 λευκὸν
686 2614 748 2633 κατ.
777 2607 861 2642 ὁμων.
890 2607 928 2642 τῷ
942 2607 995 2633 σώ-

216 2645 306 2719 μῖῗὲἒ
318 2674 470 2719 λὲεμτδμεχος
485 2648 667 2719 ικὲεί-,Μοηθςο

264 2709 306 2742 14)
321 2708 398 2737 Mon.
413 2711 473 2736 Ὀτι
487 2711 537 2737 οὐκ
550 2711 622 2737 ἐστιν
634 2710 731 2742 οὕτως.

264 2744 312 2786 15).
323 2745 389 2786 (ὶυαὶ
409 2745 445 2785 τὸ
457 2745 514 2772 διπ.
521 2744 655 2786 εἷνΖ-Ηῳο
667 2747 856 2786 paragraphus
876 2747 994 2786 det-nstin

249 2747 312 2806 (l5;i
323 2747 389 2772 Cod.
409 2747 445 2785 Τὸ
457 2747 514 2772 διπ.
521 2747 579 2789 εἶν.
593 2747 655 2773 Haec
667 2747 856 2786 paragraphus
876 2747 950 2773 deest
967 2747 993 2773 in

211 2779 298 2817 eod.“
315 2787 360 2817 on.
374 2779 457 2817 Arist.
474 2788 498 2808 c.
521 2790 547 2813 θ,
562 2782 605 2817 (ΙΙ,
620 2782 688 2817 ιλιι.
702 2782 719 2808 2
740 2782 783 2808 ed.
796 2780 884 2817 Paris.
903 2782 993 2812 1848).

247 2814 303 2844 (16)
317 2814 390 2843 Μοη.
403 2815 463 2843 Τῶν
477 2818 560 2850 χωρὶς
568 2814 731 2851 ’συμπλοκῆς
745 2816 898 2851 λεγομένων
907 2824 995 2851 πραγ-

1053 2397 1145 2432 μάτων
1159 2398 1190 2424 ἰὸ
1206 2407 1235 2432 μ.

1087 2433 1142 2467 (17)
1161 2433 1258 2465 Ἵππος
1271 2433 1347 2460 deest
1364 2433 1391 2460 in
1404 2433 1479 2461 Mon.

1088 2468 1144 2507 (18)
1160 2468 1308 2507 Τρίπςηχυ).
1329 2470 1533 2507 γραμματικόν,
1553 2475 1579 2498 et
1598 2471 1702 2507 reliqua
1713 2473 1845 2507 exempla

1051 2504 1217 2540 omittuntur
1232 2505 1258 2530 in
1286 2503 1371 2536 Moul,
1389 2503 1435 2532 ubi
1465 2513 1573 2540 semper
1591 2503 1674 2535 unum
1703 2503 1846 2534 duntaiat

1051 2539 1217 2572 exemplum,
1238 2539 1320 2574 idque
1335 2542 1454 2575 primum
1472 2548 1504 2568 ex
1527 2539 1616 2577 supra
1635 2542 1744 2577 positis.
1774 2543 1846 2570 alle-

1050 2580 1140 2607 gatur.

1087 2609 1142 2644 (19)
1161 2608 1233 2636 Man.
1257 2610 1438 2639 ’Υποδέδεται.

1087 2645 1142 2680 (20)
1159 2645 1255 2671 Καίειν
1268 2651 1292 2672 el
1310 2646 1435 2672 καίεσθαι
1451 2647 1542 2674 omitt.
1558 2646 1630 2674 Mon.

1085 2680 1142 2714 (21)
1159 2679 1217 2706 Μέν
1233 2680 1310 2708 deest
1327 2681 1353 2706 in
1365 2680 1438 2708 Mon.

1086 2715 1142 2749 (22)
1162 2714 1234 2751 Edon.
1253 2716 1349 2751 σιω.γῇ
1367 2717 1446 2751 mo.
1464 2718 1639 2751 σημαεσουσι.

1087 2750 1142 2789 (233)
1159 2750 1306 2789 Ἤμοιιιιίιιὲ
1318 2750 1468 2789 Μυιιχῌστρ
1482 2750 1554 2788 apud
1572 2754 1655 2781 Arist.
1675 2753 1762 2789 leges.
1779 2761 1807 2783 ο.
1818 2755 1847 2783 Α.

1049 2785 1073 2821 (ᾗ
1086 2786 1136 2814 6-8
1146 2794 1174 2821 ρ.
1191 2785 1219 2819 2,
1230 2787 1272 2814 ed.
1289 2785 1377 2819 Paris,
1392 2787 1482 2822 1818).
