1863 3064
69 121 112 156 769
500 124 550 154 AD
564 121 862 153 AMPIIILOCIHUM
876 121 1050 157 QUESTIO
1068 121 1256 152 CXXXVIII.

1625 119 1678 151 770

65 181 156 212 πολλοῖς
185 181 237 207 τῶν
262 180 327 216 περὶ
353 180 449 209 οὐσίας
479 180 569 206 εἰπεῖν
596 188 622 206 τι
650 178 839 214 προελομένων

931 186 953 206 σε
970 178 1157 213 multipliciter
1171 178 1318 209 dicuntur;
1333 176 1384 204 ctsi
1402 175 1481 204 multi
1496 175 1619 209 illorum,
1632 175 1680 211 qui

65 227 234 264 παρεώραται.
258 228 314 254 Καὶ
337 227 392 262 γὰρ
417 227 513 262 ἕτερον
533 226 583 261 μὲν
605 225 708 261 τρόπον
735 225 838 251 παντά-

67 282 137 301 πασιν
151 273 245 307 λέγοιτ’
259 272 294 300 ἄν
308 273 388 299 οὐσία
403 273 420 307 ἠ
438 271 600 308 ὺπερούσιος
617 271 664 298 καὶ
683 270 838 306 προακτικὴ

64 318 110 345 τῶν
122 319 202 345 όντων
216 317 312 351 οὐσία,
328 318 395 353 περὶ
414 315 449 354 ἦς
468 318 582 353 θεωρεῖν
599 317 630 343 οὐ
644 316 695 352 τῆς
710 315 768 350 νῦν,
787 316 838 351 τῆς

63 364 86 390 δὲ
100 364 202 400 ⁴πρώτης
220 364 279 391 ἐστὶ
296 363 456 398 φιλοσοφίας
465 373 472 380 ·
490 364 583 399 ἕτερον
595 363 625 390 δὲ
637 363 740 398 τρόπον
756 363 773 398 ἡ
787 361 837 397 ὕλη

63 409 157 442 λέγεται
177 408 266 442 οὐσία,
291 409 339 436 καὶ
354 409 437 436 ἄλλον
451 409 535 436 πάλιν
548 409 579 435 τὸ
599 408 772 444 μορφωτικὺν
791 409 839 435 καὶ

64 453 177 481 εἰδοποιὺν
193 454 243 488 τῆς
262 454 329 489 ὖλης
343 453 414 486 εῐδος
425 462 433 470 “
447 454 506 482 ἀλλ’
519 454 650 490 ἑκάτερον
664 455 715 490 μὲν
729 454 782 482 τῶν
792 454 839 481 δύο

64 499 155 534 λέγεται
195 500 291 532 οὐσία,
312 500 454 537 οὐδέτερον
481 500 510 527 δὶ
535 500 626 528 αὐτῶν
652 501 711 527 ἐστι
736 501 839 536 κυρίως

64 547 163 580 πρᾶγμα
183 546 394 581 αὐθὺπαρκτον·
417 547 434 581 ἡ
456 546 505 582 μὲν
527 546 582 582 γὰρ
601 546 652 581 ὕλη
667 547 753 574 δεῖται
769 546 839 582 πρὸς

66 590 167 625 ὕπαρξιν
180 591 228 617 καὶ
243 591 400 627 φανέρωσιν
409 591 460 626 τῆς
472 591 606 618 εἰδοποιοῦ
619 591 727 623 οὐσίας·
746 593 794 618 καὶ
808 591 840 618 τδ

65 633 122 667 ita;
136 636 179 669 δὲ,
199 637 224 662 εί
238 637 286 663 καὶ
311 635 349 671 μὴ
368 636 518 669 ὡσαύτως,
535 635 593 663 ἀλλ’
614 634 661 663 οὖν
675 636 762 664 δεῖται
791 637 840 664 καὶ

66 681 121 708 αὐτὸ
140 682 188 717 τῆς
209 683 306 718 ὑλικῆς
318 682 430 714 οὐσίας,
450 683 495 716 ἐφ’
517 680 539 716 ᾧ
556 682 659 718 ἵδρυμα
682 683 775 710 λαϐεῖν
792 683 840 710 καὶ

66 727 132 761 βάσιν
141 735 149 743 ο
164 728 298 762 ἑκατέραν
311 727 341 754 δὲ
355 727 458 754 τούτων
470 727 519 755 τοῦ
530 727 646 762 φυσικοῦ
661 729 720 755 ἔστι
732 728 841 756 διασκέ-

65 772 164 807 ψασθαι.
178 774 238 800 Ἔτι
251 773 280 801 δὲ
291 773 370 800 οὐσία
381 773 490 808 λέγεται
501 774 550 801 καὶ
561 775 578 810 ὴ
590 774 714 801 ὁπωσοῦν
724 775 840 802 ἑκάστου

66 818 110 845 τῶν
122 818 202 845 όντων
217 818 336 854 ὖπαρξίς
352 827 384 846 τε
396 819 443 846 καὶ
456 820 584 851 οὐσίωσις
594 840 602 852 ,
616 820 676 855 ἥτις
692 819 749 855 ἔχει
764 821 840 846 ἀντι-

889 224 992 259 aliquid
1006 224 1040 252 de
1061 231 1094 251 ea
1115 223 1208 251 dicere
1229 222 1419 254 instituerunt,
1441 222 1469 250 id
1488 222 1679 257 neglexerunt.

889 271 998 298 Etenim
1018 270 1072 298 alio
1088 270 1203 298 omnino
1224 269 1305 296 modo
1326 268 1480 297 substantia
1499 273 1615 296 vocatur
1632 276 1681 296 su-

889 316 1130 352 persubstantialis
1149 320 1232 351 atque
1252 315 1446 344 exsistentium
1463 323 1557 343 rerum
1578 314 1682 350 produ-

889 364 960 392 clrix
976 363 1151 397 substantia;
1178 364 1258 398 cujus
1279 362 1467 390 consideratio
1487 370 1543 389 non
1561 363 1594 390 ad
1610 370 1682 398 pm-

889 414 1006 442 scntem,
1029 416 1121 436 verum
1146 409 1180 436 ad
1203 408 1319 443 primam
1338 408 1457 442 pertinet
1476 408 1680 444 philosophiam

890 457 942 493 (sc.
974 455 1192 491 metaphysicam
1227 462 1275 481 seu
1304 453 1470 488 theologiam
1501 454 1681 489 naturalem).

889 502 951 530 Alio
974 509 1041 529 vero
1071 502 1153 528 modo
1180 500 1294 527 materia
1321 499 1423 527 dicitur
1457 499 1632 533 substantia,
1656 504 1684 527 et

890 548 945 576 alio
968 554 1079 575 rursum
1095 551 1177 582 pacto
1192 545 1346 573 iniormans
1365 550 1393 572 et
1417 544 1580 579 specitlcans
1601 549 1685 572 mate-

890 594 960 621 riam
982 593 1090 626 forma;
1107 600 1203 620 verum
1224 596 1373 626 utrumque
1392 591 1504 626 quidem
1528 592 1684 620 substantia

891 639 1001 672 dicitur,
1024 645 1153 666 neutrum
1168 645 1233 666 νει-ο
1251 637 1361 673 proprie
1375 643 1418 665 est
1429 645 1474 665 res
1487 645 1535 673 per
1548 645 1578 666 se
1596 638 1685 666 subsl-

891 689 978 713 stens.
997 684 1064 711 Nam
1084 683 1197 711 materia
1215 683 1249 710 ad
1261 682 1451 711 exsistentiam
1473 687 1501 710 et
1520 683 1683 712 manifesta-

893 731 995 758 tionem
1021 730 1125 765 indiget
1149 729 1303 757 substantia
1326 730 1500 764 speciilcante
1519 733 1547 756 et
1569 730 1683 764 species,

892 777 946 805 etsi
961 784 1015 804 non
1027 776 1123 804 eodem
1140 776 1234 808 modo,
1251 780 1342 803 tamen
1358 780 1386 802 et
1399 775 1457 810 ipsa
1477 774 1581 810 indiget
1596 779 1684 802 mate-

892 823 954 850 riali
972 822 1137 854 substantia,
1158 822 1186 849 in
1212 830 1266 857 qua
1291 821 1441 849 collocetur
1458 825 1485 848 ct
1497 821 1683 853 sustineatur;

66 864 176 899 κείμενον
191 865 222 891 τὸ
238 865 276 900 μὴ
291 864 320 891 δν
332 873 339 880 ·
357 865 389 892 οὐ
408 865 473 900 μὴν,
489 865 559 893 ἀλλὰ
574 865 683 900 λέγεται
704 865 785 893 πάλιν
797 866 839 892 οὐ-

943 873 1089 902 utramque
1114 875 1179 895 vero
1199 866 1295 894 harum
1317 866 1468 901 inquirere,
1493 865 1526 892 ad
1541 865 1684 900 physicum

66 910 104 937 σία
116 912 170 943 τοῖς
183 911 337 943 πολιτικοῑς
355 912 372 947 ἡ
385 912 503 938 ἑκάστου
516 912 571 938 τῶν
588 912 737 947 κτημάτων
751 920 782 939 τε
796 913 844 939 καὶ

66 957 199 992 χρημάτων
220 957 366 992 περιουσία
387 957 436 985 καὶ
455 957 582 993 ὖπαρξις.
601 957 782 993 Τοσαυταχῶς
795 956 844 984 οὖν

69 1001 128 1033 τέως
139 1002 187 1036 τῆς
201 1002 297 1035 οὐσίας
314 1003 476 1038 λεγομένης,
491 1003 606 1039 οὐδεμία
619 1004 675 1031 τῶν
689 1004 843 1039 εἰρημένων

66 1046 183 1081 οὐμενοῦν
195 1047 225 1073 οὐ
236 1047 349 1075 δύναται
364 1047 516 1084 κατηγορία
532 1045 632 1083 εἶναιῆ
648 1047 842 1083 ὀνομάζεσθαι·

65 1092 114 1118 ἀλλ’
134 1093 148 1128 ἡ
175 1093 225 1128 μὲν
249 1093 304 1120 τῶν
330 1093 415 1120 ὄντων
436 1093 584 1128 συνεκτικὴ
608 1094 655 1120 καὶ
681 1093 844 1129 ὑπερούσιος

66 1138 132 1164 οὐσία
143 1139 180 1170 ὡς
199 1139 292 1174 πολλῷ
309 1139 442 1174 κρείττων
458 1139 514 1165 τῶν
537 1138 668 1166 τοιούτων
683 1139 781 1174 φωνῶν
796 1138 844 1166 καὶ

66 1182 227 1218 ἐννοημάτων
247 1185 454 1220 καθισταμένη,
474 1184 575 1220 μᾶλλον
600 1184 629 1211 δὲ
644 1183 682 1216 ὡς
705 1184 844 1220 ὑπερϐολῇ

67 1228 165 1264 ἀρρήτῳ
183 1229 342 1265 ἐξῃρημένη
357 1237 393 1257 τε
408 1230 455 1257 καὶ
476 1229 697 1265 ὑπεριδρυμένη·
711 1230 728 1264 ἡ
748 1230 778 1256 δὲ
795 1229 844 1264 ὓλη

68 1275 145 1300 καὶτὸ
162 1271 231 1306 εἶδος
249 1274 289 1306 ὡς
303 1274 342 1310 νῷ
358 1275 432 1310 μόνῳ
447 1274 539 1311 ληπτὰ
553 1275 601 1302 καὶ
623 1275 653 1301 ὲν
672 1275 728 1306 τοῖς
752 1273 846 1301 συνθέ-

69 1328 116 1352 τοις
131 1320 275 1356 θεωρητὰ,
296 1321 422 1357 ἐνεργείᾳ
437 1321 466 1348 δὲ
485 1321 533 1348 καὶ
552 1316 669 1357 ὑπάρξει
694 1320 755 1347 κατ’
779 1321 846 1348 ίδίαν

66 1367 107 1402 οὐχ
120 1368 278 1402 ὑφεστῶτα·
294 1367 349 1395 τῶν
363 1368 392 1394 δὲ
408 1368 496 1395 ἄλλων
511 1367 609 1403 φωνῶν
625 1369 642 1403 ἡ
659 1367 708 1402 μὲν
728 1367 791 1398 ἴσως
809 1367 847 1398 ὼς

67 1412 216 1446 πολιτικοῖς,
234 1414 294 1441 ἀλλ’
315 1413 346 1440 οὐ
370 1413 526 1448 φιλοσόφοις
548 1413 654 1446 οἰκεία,
674 1414 690 1448 ἡ
705 1412 733 1439 δὲ
747 1412 786 1444 ὡς
800 1413 847 1438 οὐ-

67 1458 103 1484 δὲν
111 1458 275 1494 τεταγμένον
287 1459 334 1485 καὶ
343 1458 510 1494 ὡρισμένον,
523 1458 582 1485 ἀλλ’
594 1458 747 1493 ὁμωνύμως
758 1457 847 1485 πάντα

68 1503 188 1538 δηλοῦσα·
212 1505 343 1541 διέστηκε
365 1505 394 1532 δὲ
415 1504 507 1539 πολλῷ
531 1504 685 1540 κατηγορία
708 1504 756 1531 καὶ¹
773 1504 848 1538 ὁμω-

69 1550 149 1584 νυμία.

894 919 1013 950 spectat.
1029 915 1165 942 Praeterea
1181 913 1336 941 substantia
1363 913 1464 940 dicitur
1480 912 1563 939 etiam
1587 913 1685 939 unius-

894 961 1028 996 cujusque
1061 960 1257 988 exsistcntium
1292 959 1499 994 quomodolibet
1525 959 1686 986 exsistentia

894 1012 918 1034 et
940 1007 1069 1037 essentia.
1088 1014 1150 1041 qua:
1165 1005 1321 1041 oppositum
1335 1005 1417 1032 habct
1433 1004 1458 1032 id
1474 1005 1548 1039 quod
1566 1012 1620 1031 non
1632 1010 1685 1032 est.

895 1051 993 1079 Adhuc
1010 1056 1102 1078 autem
1121 1051 1243 1086 politicis
1260 1058 1372 1078 rursum
1397 1050 1551 1077 substantia
1575 1050 1685 1083 dicitur,

895 1096 1029 1131 quidquid
1049 1095 1214 1130 praediorum
1234 1096 1276 1122 vel
1298 1101 1475 1122 nummorum
1495 1094 1612 1129 quilibet
1625 1102 1689 1129 pos-

897 1142 977 1170 sidet.
1005 1142 1074 1169 Cum
1099 1142 1183 1177 igitur
1206 1146 1246 1169 tot
1267 1141 1357 1168 modis
1381 1141 1536 1169 substantia
1559 1141 1686 1174 dicatur,

896 1187 970 1214 nulla
996 1194 1029 1214 ex
1053 1187 1191 1222 praedictis
1216 1186 1271 1214 ullo
1294 1185 1376 1213 modo
1397 1186 1534 1220 categoria
1553 1193 1616 1212 esse
1643 1185 1687 1212 vel

897 1233 1029 1268 appellari
1055 1237 1164 1268 potest;
1185 1232 1232 1260 sed
1256 1232 1411 1259 substantia
1432 1239 1524 1258 rerum
1545 1238 1689 1258 conserva-

897 1280 952 1306 trix
967 1284 994 1306 et
1009 1279 1283 1313 supersubstautialis
1301 1278 1388 1305 multo
1406 1277 1448 1304 his
1464 1277 1577 1304 vocibus
1589 1281 1618 1303 et
1637 1283 1689 1304 no-

897 1324 1019 1351 tionibus
1046 1323 1191 1350 sublimior
1214 1322 1333 1353 exsistit.
1361 1322 1417 1348 imo
1440 1321 1547 1348 infinito
1572 1328 1687 1348 excessu

898 1376 946 1396 cas
960 1374 1072 1403 superat
1086 1376 1223 1403 superque
1239 1375 1288 1395 eas
1303 1368 1427 1395 elevatur
1439 1375 1447 1400 ;
1461 1367 1573 1394 materia
1588 1373 1652 1393 vero
1663 1371 1690 1394 ct

898 1415 1003 1447 species
1027 1418 1058 1440 nt
1079 1414 1137 1441 sola
1162 1419 1254 1441 mente
1271 1418 1399 1448 percepta
1426 1412 1500 1439 etin
1528 1411 1689 1446 compositis

899 1459 1050 1492 intellecta,
1072 1459 1230 1494 operatione
1253 1464 1281 1486 et
1303 1459 1414 1494 propria
1434 1458 1614 1487 subsistentia
1634 1465 1689 1485 non

900 1505 1079 1534 subsistentia
1094 1507 1239 1541 categorias
1252 1513 1306 1533 nou
1321 1510 1401 1538 sunt;
1419 1505 1587 1540 reliquarum
1597 1508 1689 1531 autem

859 1548 882 1578 C
898 1558 996 1578 vocum
1013 1552 1102 1580 altera
1118 1552 1236 1587 politicis
1262 1551 1389 1585 fortasse,
1409 1559 1463 1578 non
1485 1558 1550 1578 vero
1568 1550 1690 1585 philoso-

68 1594 120 1629 phis
141 1601 274 1625 consueta
299 1600 328 1624 et
344 1596 456 1632 propria
481 1601 539 1629 est;
564 1595 651 1623 altera
669 1599 762 1623 autem
800 1595 868 1622 nihil
886 1596 1098 1625 determinatum
1118 1602 1145 1625 et
1160 1598 1322 1630 dettnitum,
1350 1597 1397 1625 sed
1421 1596 1560 1632 zquivooe
1598 1594 1690 1622 omnia

69 1642 208 1678 signiﬁcat;
243 1643 362 1671 multum
390 1650 457 1671 vero
479 1641 610 1670 differunt
637 1642 795 1676 praedicatio
821 1646 849 1669 et
866 1643 1057 1678 atquivecatio.

98 1688 127 1724 β’.
144 1689 221 1726 Πῖιρὰ
246 1690 341 1725 μέντοι
355 1689 392 1717 τὰ
414 1689 548 1726 εἰρημένα
568 1689 677 1722 λέγεται
701 1689 782 1716 οὐσία
797 1690 845 1717 καὶ

71 1737 115 1762 πᾶν
127 1737 192 1774 ὅπερ
213 1737 291 1765 ἐστὶν
305 1736 505 1764 αὖτοσύστατον
519 1736 585 1772 (Ἃ),
601 1732 632 1762 οὖ
648 1735 752 1763 καὶτὸν
767 1736 846 1770 λόγον

72 1783 169 1816 ιὶκότως
184 1784 217 1811 ἄν
238 1792 282 1815 ¹τις
306 1783 419 1818 ἀποδοίη
441 1784 559 1818 πρᾶγμα
575 1780 645 1810 εἶναι
668 1782 757 1817 λέγων
778 1783 844 1809 αὐθ-

72 1830 194 1866 ύπαρκτον
207 1832 246 1868 μὴ
255 1831 383 1867 δεόμενον
394 1831 489 1867 ἐτέρου
500 1832 569 1868 πρὸς
581 1831 637 1868 (35)
649 1830 777 1867 ὕπαρξιν,
790 1828 846 1857 οἷον

71 1876 208 1912 ἄνθρωπος,
226 1877 303 1913 βοῦς,
314 1876 381 1912 πῦρ,
401 1877 450 1912 γῆ,
465 1877 512 1904 καὶ
526 1877 560 1904 τὰ
573 1878 664 1912 ὅμοια.
684 1876 717 1902 Ἦ
734 1875 846 1911 τοιαύτη

70 1921 94 1948 δὲ
105 1922 176 1950 οὐσία
186 1923 235 1950 καὶ
245 1923 296 1958 τὴν
307 1924 357 1958 τῆς
372 1923 538 1958 κατηγορίας
554 1922 656 1950 δύναιτ’
670 1922 704 1949 ἂν
718 1921 847 1953 δέξασθαι

70 1968 213 2004 ὀνομασίαν,
231 1969 289 1996 τῶν
307 1969 336 1996 δὲ
355 1970 564 2005 προειρημένων
578 1969 659 2004 δῆλον
674 1968 713 2000 ὡς
735 1968 767 1994 οὐ
784 1967 844 2003 μία.

71 2014 166 2050 Ταύτης
182 2017 210 2043 δὲ
235 2016 287 2051 τῆς
311 2014 358 2043 νῦν
375 2014 577 2050 ἀποδεδομένης
589 2014 683 2046 οὐσίας
708 2015 725 2050 ὴ
747 2014 797 2049 μὲν
817 2013 849 2046 ἐξ

72 2059 127 2094 ὕλης
141 2063 184 2088 καὶ
204 2062 293 2091 εἴδους
309 2061 485 2095 συνέστηκεν,
500 2061 517 2095 η
541 2059 570 2087 δὲ
588 2060 655 2095 ὕλης
678 2060 727 2095 μὲν
746 2060 792 2087 καὶ
808 2059 847 2086 ετ-

70 2104 121 2138 ὂους
130 2107 308 2143 ηλλοτρίωται
322 2128 329 2140 ,
345 2106 376 2139 ἐξ
391 2106 525 2140 ἀναλόγου
541 2106 569 2132 δὲ
583 2106 688 2138 τούτοις
702 2106 750 2140 τὴν
767 2106 849 2140 φύσιν

71 2151 118 2186 ἔχει
128 2152 182 2188 (26)
195 2153 435 2188 συνηρμοσμένην
450 2151 498 2178 καὶ
507 2151 610 2186 ταύτης
621 2152 637 2186 ἡ
653 2151 703 2186 μὲν
718 2152 777 2178 κατ’
789 2153 849 2178 ὲπι-

71 2199 142 2235 δολὴν
156 2202 203 2228 καὶ
218 2201 319 2236 ἀθρόον
334 2201 456 2235 ὲνεργετ,
474 2199 512 2231 ὡς
529 2199 653 2234 ἀγγέλων
675 2198 756 2234 φύσις
766 2219 774 2232 ,
789 2197 849 2226 εἶτα

72 2245 112 2271 καὶ
125 2246 198 2277 νοῦς·
218 2247 236 2282 ὴ
258 2246 287 2272 δὲ
309 2246 378 2280 μετά
393 2253 465 2277 τινος
487 2245 621 2279 κινήσεως
643 2244 694 2276 τὰς
710 2244 849 2278 ἐνεργείας

71 2289 120 2324 ἔχει
138 2291 332 2327 προαγομένας
343 2311 351 2324 ,
369 2291 408 2322 ὼς
427 2290 501 2326 ψυχή
511 2299 519 2307 ·
542 2287 581 2317 ὧν
593 2291 618 2317 si
632 2290 679 2317 καὶ
690 2290 816 2325 διάφορος
832 2290 849 2325 ἡ

931 1692 958 1719 2.
977 1691 1077 1720 Ρτίιιιει·
1097 1696 1187 1720 tamen
1211 1691 1283 1720 dicta
1307 1691 1458 1718 substantia
1486 1691 1588 1718 dicitur
1607 1691 1689 1718 ctiam

896 1747 977 1767 omne
993 1739 1064 1774 quod
1081 1743 1122 1766 est
1143 1747 1191 1774 per
1209 1746 1239 1766 se
1263 1737 1428 1765 subsistens.
1452 1735 1537 1771 Hujus
1553 1737 1690 1764 rationem

896 1790 970 1812 recte
993 1785 1057 1820 quis
1078 1785 1260 1820 assignaverit
1281 1785 1396 1816 dicens,
1421 1792 1478 1811 rem
1500 1792 1561 1812 esse
1586 1792 1634 1819 per
1660 1791 1691 1812 se

898 1832 1109 1864 subsistentem,
1135 1839 1190 1858 non
1211 1831 1376 1866 indigentem
1404 1830 1458 1857 alio
1481 1830 1514 1857 ad
1535 1830 1690 1857 subsisten-

898 1879 974 1909 tiam;
987 1885 1014 1904 ν.
1031 1885 1071 1912 gr.
1086 1877 1181 1909 homo,
1191 1877 1251 1909 bos,
1266 1876 1347 1911 ignis,
1360 1879 1432 1902 terra
1442 1880 1468 1902 et
1482 1875 1591 1903 similia.
1608 1875 1690 1908 Ejus-

898 1924 972 1952 modi
995 1923 1147 1952 substantia
1172 1923 1252 1950 etiam
1277 1921 1422 1957 categoria‘.
1441 1921 1689 1949 denoutinationcm

899 1969 1038 2003 suscipere
1049 1967 1158 2003 poterit,
1175 1967 1365 2002 praedictarum
1384 1971 1448 1993 vero
1462 1966 1548 1997 nulla,
1564 1971 1592 1992 ut
1606 1970 1688 2000 patet.

900 2013 1066 2042 Substantim
1085 2020 1167 2046 vero,
1185 2013 1219 2040 de
1236 2012 1336 2047 quibus
1357 2018 1429 2038 nunc
1444 2011 1553 2044 agitur,
1574 2009 1634 2037 aliae
1655 2017 1688 2037 ex

901 2059 1014 2087 materia
1028 2063 1055 2086 ct
1068 2058 1154 2085 forma
1170 2058 1335 2090 consistunt,
1351 2057 1412 2084 aliae
1426 2063 1490 2083 vero
1504 2064 1519 2083 a
1539 2055 1651 2082 materia
1662 2060 1691 2082 ct

900 2106 989 2133 [urina
1006 2106 1085 2140 longe
1100 2105 1218 2135 absunt,
1235 2111 1268 2131 ex
1287 2108 1385 2130 natura
1412 2107 1501 2129 tamen
1518 2102 1560 2128 his
1575 2108 1691 2136 rcspoa-

899 2153 981 2180 dente
1007 2151 1176 2178 concinnatae
1192 2154 1266 2177 sunt.
1290 2150 1378 2184 Atque
1397 2156 1430 2176 ex
1452 2148 1495 2175 his
1511 2148 1564 2175 alia
1579 2147 1690 2182 quidem

900 2196 928 2223 in
943 2195 1055 2223 instanti
1072 2199 1099 2222 et
1122 2202 1177 2222 uno
1196 2194 1297 2228 impetu
1321 2198 1462 2228 operatur,
1488 2197 1518 2219 ut
1531 2192 1690 2226 angelorum

901 2247 1009 2274 natura,
1027 2241 1125 2268 deinde
1145 2248 1239 2273 uictis;
1255 2240 1307 2266 alia
1325 2247 1389 2266 \ero
1404 2245 1466 2266 cum
1481 2237 1599 2272 quodam
1615 2242 1689 2264 umtu

902 2287 984 2314 habet
1004 2286 1181 2321 operationcs
1205 2293 1270 2313 suas
1297 2284 1518 2319 progredientes.
1542 2287 1572 2309 ut
1585 2282 1688 2309 anima.

74 2337 188 2372 ἐνέργεια
212 2339 260 2365 καὶ
274 2339 291 2372 ὴ
309 2337 425 2373 ὕπαρξις
448 2337 507 2364 ἀλλ’
523 2334 570 2363 οὖν
592 2336 682 2364 κοινὸν
705 2336 797 2366 αὐτοις
819 2335 839 2361 τὲ

931 2341 1025 2362 uarum
1047 2333 1112 2360 licet
1129 2332 1237 2360 diversa
1259 2331 1295 2358 sit
1318 2330 1441 2366 operatio
1463 2334 1490 2356 et
1509 2328 1691 2359 exsistentia.

72 2378 132 2408 εἷναί
145 2391 173 2409 τε
193 2383 242 2409 καὶ
257 2382 399 2409 καλεῖσθαι
419 2382 569 2416 ἀσώματα·
585 2381 635 2407 ὅσα
649 2380 703 2416 γὰρ
715 2380 764 2416 τῆς
782 2379 848 2414 ὕλης

73 2429 111 2454 καὶ
132 2429 178 2455 τοῦ
203 2429 299 2456 ὲνύλου
325 2429 414 2460 εἴδους
439 2428 661 2463 ἁνακεχώρηκεν,
684 2427 723 2458 εἰς
738 2426 783 2452 τὸν
800 2425 848 2452 τοῦ

72 2473 206 2509 ἀσωμάτου
221 2476 301 2510 λόγον
316 2474 487 2511 μεταᾶσηκε
497 2482 505 2489 '
521 2473 573 2500 κᾶν
590 2474 644 2508 γὰρ
667 2473 734 2508 πρὸς
753 2473 783 2498 τὸ
800 2480 847 2498 κυ-

75 2519 131 2552 Ρίως
145 2522 191 2547 καὶ
206 2521 324 2557 πρώτως
346 2521 377 2548 ὃν
392 2520 539 2556 ἀσώματόν
559 2528 589 2546 τε
615 2519 662 2546 καὶ
686 2518 848 2554 ὐπερούσιον

75 2565 188 2598 ἀγαπῶσι
201 2567 290 2594 ταῦτα
305 2567 386 2602 σῶμά
400 2576 432 2601 γε
451 2567 495 2594 καὶ
511 2564 580 2592 εἶναι
597 2566 644 2592 καὶ
657 2564 848 2600 ὀνομάζεσθαι,

75 2610 124 2638 ἀλλ’
142 2613 186 2640 οὖν
199 2614 252 2650 τὴν
267 2613 359 2641 ενυλον
377 2614 424 2641 καὶ
445 2613 604 2648 σωματικὴν
618 2611 784 2647 διαφυγόντα
796 2619 849 2637 πα-

900 2385 1021 2407 attamen
1037 2386 1183 2406 commune
1197 2378 1264 2412 ipsis
1280 2381 1322 2404 est
1337 2383 1363 2404 et
1379 2384 1440 2404 esse
1453 2379 1481 2403 et
1494 2375 1546 2402 dici
1562 2375 1691 2409 incorpo-

901 2433 960 2452 rea.
976 2423 1151 2457 Quaecunque
1175 2422 1248 2449 enim
1264 2425 1359 2448 carent
1376 2420 1490 2447 materia
1506 2423 1534 2446 et
1552 2419 1688 2446 materiali

902 2472 1002 2503 forma,
1017 2479 1048 2498 ea
1073 2472 1106 2497 ad
1125 2469 1350 2503 incorporearum
1375 2467 1508 2494 rationem
1529 2469 1689 2498 transeunt;

901 2517 966 2545 licet
976 2517 1050 2544 enim
1065 2524 1126 2543 cum
1142 2523 1176 2542 eo
1189 2515 1261 2549 quod
1278 2513 1386 2549 proprie
1404 2517 1432 2540 et
1447 2512 1578 2547 primario
1594 2516 1636 2539 est
1648 2510 1692 2538 iu-

903 2570 1065 2598 corporeum
1096 2566 1123 2588 et
1146 2559 1409 2596 supersubstantiale
1439 2561 1600 2593 comparata
1634 2557 1694 2584 haec

903 2615 1014 2644 quoque
1038 2615 1137 2642 corpus
1160 2605 1268 2634 censeri
1294 2612 1328 2632 ac
1352 2603 1406 2632 dici
1421 2603 1551 2636 debeant,
1569 2606 1691 2630 attamen

813 2700 931 2730 ῙᾶΟΤιΕ.

104 2795 156 2832 (εὶ)
173 2797 219 2824 Sic
233 2795 294 2824 Vat.
308 2795 497 2832 Apogr._Ven.
514 2793 743 2832 abeunﬁejzazov._
791 2831 795 2832 ν
818 2826 824 2832 _

104 2827 157 2868 (25)
171 2833 242 2868 Πρός
258 2827 380 2859 deest'in'
401 2830 496 2858 Venet.
515 2829 683 2865 apographo,
699 2827 744 2857 scd
757 2831 799 2856 est
817 2827 847 2855 in

244 2890 380 2921 PATROL.
399 2889 459 2921 Gn.
501 2888 548 2921 CI.

902 2788 1059 2860 °°9é6i§ic
1072 2827 1145 2852 recte
1157 2821 1219 2851 Vat.
1234 2821 1317 2852 Catif.
1333 2822 1384 2859 Ap.
1398 2823 1479 2858 ἔχειν.

1530 2879 1570 2910 25
