1863 3064
163 108 214 140 ’171

742 108 875 138 ΡΗΟΤΙΙ
895 107 1147 138 ΡΑΤΒΙΛΒΕΗΕ
1162 107 1216 138 CP.

1745 104 1801 136 772

159 177 222 197 cum
252 167 418 196 materialem
445 174 477 195 ac
498 174 660 202 corpoream
691 167 846 195 crassitiem
885 167 954 195 eil'u-

1045 175 1110 202 τητα
1133 166 1166 201 τῇ
1186 165 1234 192 τοῦ
1257 164 1340 192 ὰΰλου
1356 163 1437 198 φύσει
1456 161 1654 190 συνοικειοῦται
1679 162 1730 188 καὶ
1744 161 1801 189 τῶν

159 215 245 250 gianl,
264 218 367 242 natura!
385 221 475 240 rerum
494 213 714 241 immaterialium
730 217 758 240 et
775 213 952 248 incorporeo-

160 268 220 288 rnm
237 264 437 291 accensentur;
453 266 548 287 verum
565 259 618 287 hoc
646 259 762 287 alterius
789 267 820 286 ac
836 258 951 294 profun—

158 304 243 331 dioris
274 303 467 338 disputationis
495 307 548 330 est.
579 302 657 336 Quod
689 310 754 330 vero
779 307 884 337 spectat
916 302 950 330 ad

158 347 339 375 substantiam
355 355 389 374 ex
407 345 521 373 materia
539 351 565 374 ct
582 346 671 374 forma
687 347 880 381 compositam,
898 346 951 373 alia

156 394 198 418 est.
215 389 378 421 uniformis,
401 398 484 425 quam
508 395 536 417 et
552 391 703 425 simplicem
721 391 857 426 appellare
880 391 952 419 sole-

156 444 237 468 mus,
260 436 313 464 alia
328 444 395 464 vero
419 435 612 470 multiformis,
627 444 709 472 quam
729 441 756 464 ct
772 437 952 471 compositam

157 482 267 517 proprie
282 490 487 517 nuneupamus.
504 483 622 510 Rursum
639 483 778 517 simplices
792 483 952 510 substantiae

156 527 218 555 aliae
233 531 299 555 sunt
315 535 376 562 qua:
391 532 465 555 recte
481 528 702 563 progrediuntur,
717 528 777 555 aliae
790 536 852 563 quae
866 528 893 555 in
907 535 951 555 or—

155 573 220 601 beru
241 574 422 609 rediguntur;
447 581 479 602 ex
505 575 548 603 his
563 582 626 602 vero
650 575 796 610 postremis
810 574 871 602 alia:
887 582 947 602 mo-

159 624 217 647 tum
232 619 267 647 ab
280 621 385 647 oriente
397 619 424 647 in
444 620 614 647 occidentem
628 620 785 656 perficiunt,
800 624 831 647 ut
846 619 951 655 sphaera

157 673 219 701 qua:
235 666 335 694 dicitur
350 674 404 694 non
427 667 534 695 stellata
548 672 576 694 et
592 667 709 701 ipsamet
727 667 841 693 lixarum
860 666 952 694 stella-

156 720 218 740 rum
245 713 373 748 sphaera;
407 713 466 740 alia:
495 720 511 739 e
538 719 671 740 converso
697 712 732 739 ab
756 712 900 740 occidente
924 712 952 739 in

155 759 288 786 orientem
301 760 451 786 motionem
469 758 582 789 faciunt,
596 763 625 785 ut
636 765 698 793 quae
708 757 836 785 dicuntur
847 763 950 794 septem

156 803 329 837 planetarum
345 802 459 836 sphaerae
473 808 480 828 :
492 802 706 829 substantiarum
721 809 866 838 ver0,qute
879 806 952 830 recte

1005 213 1176 248 ἀσωμάτων·
1193 211 1261 238 ἀλλὰ
1283 210 1365 238 τοῦτο
1388 210 1438 245 μὲν
1463 209 1558 245 ἐτέρου
1576 209 1624 236 καὶ
1645 208 1800 244 βαθυτέραν)

1005 259 1095 294 λόγου.
1118 259 1174 293 Τῆς
1197 257 1226 284 δέ
1246 265 1278 292 γε
1305 256 1334 290 ἐξ
1352 256 1418 292 ὕλης
1441 255 1488 282 καὶ
1505 255 1594 287 εῐδους
1610 255 1800 289 συγκειμένης

1005 304 1099 336 οὐσίας
1113 304 1130 339 ἡ
1147 303 1198 338 μέν
1209 304 1267 330 ἐστι
1283 302 1434 338 μονοειδὴς,
1451 302 1484 336 ἢν
1497 301 1544 329 καὶ
1557 300 1646 335 ἁπλῆν
1662 299 1801 333 εἰώθαμεν

1005 351 1114 378 καλεῖν·
1130 350 1146 385 ἡ
1161 350 1189 376 δὲ
1205 349 1348 384 πολυειδὴς
1359 369 1367 380 ,
1387 349 1421 384 ἢν
1438 348 1485 374 καὶ
1506 346 1634 374 σύνθετον
1649 346 1725 378 ίδίως
1746 354 1801 372 κα-

1006 397 1116 432 λοῦμεν.
1137 395 1218 423 Ἀλλὰ
1230 396 1282 430 τῆς
1299 394 1389 429 ἁπλῆς
1404 393 1486 421 πάλιν
1502 393 1596 424 οὐσίας
1612 393 1630 427 ἡ
1656 391 1706 427 μέν
1724 392 1800 418 ἐστιν

1007 441 1164 477 ιθυφορικὴ,
1182 441 1198 476 ἡ
1211 441 1239 467 δὲ
1254 439 1451 475 κυκλοφορικὴ,
1468 438 1515 465 καὶ
1528 438 1577 472 τῆς
1592 436 1799 472 κυκλοφορικῆς

1005 488 1022 522 ὴ
1042 487 1090 522 μὲν
1105 486 1156 522 τὴν
1171 486 1218 513 ἀπ’
1234 485 1368 520 ἀνατολῆς
1383 484 1429 511 ἐπὶ
1445 483 1521 511 δύσιν
1536 483 1644 518 κίνησιν
1657 483 1779 509 ποιεῖται
1790 501 1798 514 ,

1005 532 1043 563 ὼς
1059 533 1075 567 ἡ
1095 532 1230 567 λεγομένη
1248 531 1382 566 ἄναστρος
1401 531 1519 566 σφαῖρα,
1546 529 1594 556 καὶ
1613 527 1683 563 αὐτὴ
1703 529 1721 563 ὴ
1743 528 1800 554 τῶν

1005 577 1149 605 ἁπλάνωνσ
1168 578 1186 612 ἡ
1206 577 1236 604 δὲ
1248 577 1278 603 τὸ
1297 576 1432 604 ἀνάπαλιν
1443 575 1498 601 ἀπὸ
1517 574 1621 606 δύσεως
1639 573 1684 600 ἐπ’
1698 574 1801 600 ἀνατο-

1005 623 1064 660 λὴν,
1082 623 1119 655 ὡς
1141 624 1168 650 αἱ
1190 622 1336 658 λεγόμεναι
1348 621 1402 648 τῶν
1422 621 1492 648 ἑπτὰ
1508 619 1693 655 πλανωμένων
1715 620 1801 654 σφατ-

1008 678 1068 705 ραι·
1095 669 1145 704 τῆς
1169 669 1197 696 δὲ
1220 666 1410 702 ὶουφορικῆςή
1430 667 1479 702 μὲν
1498 666 1553 693 ἀπὸ
1568 665 1616 692 τοῦ
1637 665 1721 700 μέσου
1738 665 1801 698 ἡτοι

1005 715 1052 742 τοῦ
1069 715 1145 742 κάτω
1161 715 1274 751 φέρεται
1292 714 1360 750 πρὸς
1374 714 1409 740 τὰ
1425 713 1492 745 ἄνω,
1506 713 1523 747 ἡ
1543 711 1571 738 δὲ
1586 710 1721 738 ἀνάπαλιν
1743 711 1800 737 ἀπδ

1005 761 1060 788 τῶν
1072 761 1129 789 ἄνω
1145 761 1211 795 πρὸς
1226 760 1260 787 τὰ
1281 761 1372 787 κάτω·
1397 758 1520 786 κάτωθεν
1541 758 1590 792 μὲν
1605 756 1673 792 πρὸς
1685 755 1722 783 τὰ
1741 756 1800 783 ἄνω

1005 807 1071 842 ἀὴρ,
1086 806 1153 842 πῦρ,
1168 804 1206 834 ὧν
1226 807 1256 833 τὸ
1278 806 1334 840 πῦρ
1359 805 1427 840 πρὸς
1441 804 1487 830 τόν
1509 803 1578 838 ἀέρα
1593 802 1721 838 ξηρότητι
1739 802 1800 829 δια-

157 848 387 883 progrediuntur,
412 848 475 875 aliae
493 855 508 875 a
527 847 615 875 medio
631 848 672 875 vel
694 847 728 875 ab
748 848 804 875 imo
827 847 953 875 feruntur

1045 852 1160 879 ίλλεται·
1178 851 1280 879 ἄνωθεν
1294 851 1322 878 δὲ
1346 851 1422 878 κάτω
1437 850 1510 886 ὕδωρ
1524 850 1571 876 καὶ
1589 849 1637 883 γῆ,
1652 845 1691 875 ὧν
1709 849 1726 883 ή
1744 848 1798 883 φύ-

157 893 192 921 ad
207 900 338 928 superna,
354 893 416 920 alia:
431 901 447 920 e
463 901 598 920 converso
617 901 631 920 a
649 893 777 928 supernis
791 894 824 921 ad
838 893 950 921 inferio-

157 947 204 972 ra;
221 939 255 966 ab
269 939 340 966 infra
355 939 387 966 ad
404 946 523 974 superna
537 939 624 965 fertur
637 946 684 966 aer
696 943 724 966 et
738 939 818 974 ignis,
833 947 950 974 quorum

158 991 253 1017 unum,
273 984 355 1018 ignis,
370 984 404 1011 ab
427 991 489 1011 aere
511 983 633 1011 siccitate
645 983 736 1011 differt
748 992 756 1017 ;
770 984 804 1011 ab
821 985 876 1011 alto
888 992 951 1012 vero

156 1030 190 1057 ad
203 1029 273 1057 infra
288 1029 375 1057 fertur
388 1038 459 1065 aqua
473 1035 499 1058 et
512 1034 597 1063 terra,
614 1038 731 1066 quarum
751 1036 848 1059 natura
861 1032 951 1059 humi,-

157 1077 241 1104 ditate
257 1076 358 1104 differt.
373 1075 407 1103 Et
421 1077 490 1109 hazc,
506 1077 624 1112 exempli
639 1078 725 1113 gratia
735 1098 743 1110 ,
764 1077 798 1104 de
820 1078 951 1106 substan-

157 1125 205 1157 tia.
231 1131 292 1160 qua:
314 1124 428 1160 simplex
447 1124 563 1156 dicitur,
581 1124 655 1152 dicta
671 1129 764 1153 sunto.
778 1125 951 1160 Composita-

156 1177 216 1197 rum
244 1177 308 1197 vero
335 1169 550 1197 substantiarum
577 1169 631 1197 alia
659 1173 702 1198 est
725 1170 877 1203 sensitiva,
899 1171 951 1198 alia

156 1216 336 1249 insensitiva;
354 1216 485 1243 sensitive
510 1216 620 1251 quidem
640 1220 683 1244 est
695 1223 727 1244 ea
744 1224 806 1251 quae
825 1217 952 1245 sensibus

157 1263 196 1290 uti
213 1267 275 1297 apta
288 1266 347 1295 est;
364 1261 525 1289 inscnsitiva
540 1270 615 1294 vero,
634 1269 695 1297 quae
711 1263 770 1289 sine
790 1261 845 1290 ulla
857 1270 952 1290 sensa-

156 1307 232 1333 tionc
250 1310 324 1333 recta
348 1309 407 1338 est;
433 1305 516 1340 hujus
541 1305 652 1340 quidem
670 1306 723 1333 alia
738 1313 827 1341 neque
842 1306 952 1333 nutriti-

157 1360 218 1379 vam
234 1351 391 1379 facultatem
407 1351 481 1378 intus
502 1351 597 1383 habet,
612 1356 642 1378 ut
655 1358 733 1383 saxa,
750 1351 822 1386 ligna
836 1355 864 1378 et
875 1358 951 1385 quae-

157 1404 267 1432 cunque
289 1396 464 1431 hujusmodi;
490 1396 542 1424 alia
560 1404 625 1424 vero
647 1404 694 1432 per
720 1397 791 1424 hanc
806 1397 908 1432 regitur
924 1400 953 1424 et

157 1446 340 1474 sustentatur,
367 1442 442 1468 velut
461 1441 576 1476 plantae.
592 1442 721 1477 virgulta,
734 1441 858 1476 gramina
870 1447 898 1469 et
914 1441 952 1469 si-

158 1487 244 1514 milia.
257 1485 324 1519 Quae
338 1493 404 1513 vero
415 1490 542 1513 naturam
556 1486 636 1513 talem
649 1486 761 1518 habent,
778 1489 808 1513 ut
823 1486 950 1514 sensibus

158 1533 198 1562 uti
209 1536 322 1569 queant,
339 1532 404 1569 ipsae
412 1539 523 1569 quoque
537 1532 706 1562 differentias
725 1533 894 1568 suscipiunt;
908 1532 950 1560 vel
963 1523 984 1553 (ἶ

158 1582 232 1610 enim
247 1581 301 1607 vim
323 1581 524 1616 progressivam
540 1580 642 1608 habent
655 1585 682 1608 et
695 1580 855 1607 animalium
871 1584 952 1606 natu-

158 1635 217 1654 ram
234 1626 415 1657 constituunt,
431 1626 473 1652 vel
492 1633 524 1653 ea
541 1626 683 1660 privamur
706 1628 788 1660 atque
803 1624 952 1659 zoophyto-

159 1681 221 1701 rum
239 1672 423 1700 substantiam
444 1672 581 1704 cilicium,
599 1671 662 1699 talia
681 1678 745 1699 vero
769 1674 834 1698 sunt
850 1674 951 1702 ostrea,

159 1719 282 1754 spongia
297 1723 325 1746 et
344 1718 397 1745 alia
413 1718 512 1746 multa.
529 1717 690 1745 Subslantia
705 1721 810 1749 autem,
824 1723 885 1751 qua:
898 1723 951 1742 una

159 1772 221 1792 cum
238 1764 367 1791 facultate
380 1763 506 1792 sensibus
522 1763 616 1790 utendi
631 1763 714 1790 etiam
733 1763 787 1790 vim
801 1762 952 1797 progressi-

160 1818 219 1837 vam
235 1810 332 1838 sortita
342 1815 368 1837 ct
379 1810 450 1837 hanc
460 1810 495 1837 ob
509 1816 620 1836 causam
635 1808 662 1835 in
687 1808 846 1836 mtiinalium
862 1807 953 1842 specie

159 1856 308 1884 constituta
322 1860 376 1887 cst,
400 1856 427 1882 in
443 1855 577 1882 rationale
596 1860 623 1882 et
644 1855 758 1882 rationis
772 1861 870 1889 expers
882 1853 952 1880 diri-

160 1902 235 1929 ditur
246 1906 273 1929 et
286 1901 355 1929 duas
374 1901 481 1936 species
494 1900 618 1929 diversas
634 1899 723 1933 ellicit,
741 1898 842 1926 animal
858 1898 953 1925 videli-

160 1953 203 1975 cet
217 1947 361 1980 rationale,
380 1946 454 1982 quod
483 1951 525 1974 est
548 1946 642 1979 homo,
671 1950 697 1973 et
719 1945 820 1973 animal
848 1945 954 1972 ratione

161 2001 271 2026 carens,
292 1993 366 2028 quod
384 1993 478 2028 plures
504 2000 613 2020 rursum
637 1992 803 2019 dilferentias
829 1991 950 2026 suscipit.

161 2039 265 2067 llorum
285 2040 358 2068 enim
375 2039 448 2067 aliud
467 2044 509 2067 est
526 2043 667 2071 terrestre,
684 2039 757 2066 aliud
777 2038 908 2070 natatile;
927 2042 955 2064 et

164 2088 263 2114 horum
283 2086 424 2121 quodlibet
443 2086 541 2113 iterum
557 2086 687 2113 dividitur
711 2090 792 2119 atque
813 2085 882 2111 ultra
896 2084 954 2111 haec

162 2133 261 2161 divisio
275 2133 412 2168 procedit,
433 2137 462 2160 ut
483 2132 600 2159 bl'et‘ilct'
619 2131 709 2158 dicam
734 2138 800 2157 neve
821 2130 849 2157 in
866 2131 953 2165 expli~

1002 907 1045 930 σις
1069 898 1199 933 ὑγρότητι
1213 897 1361 934 διενήνοχε.
1384 898 1439 925 Καὶ
1453 897 1541 924 ταῦτα
1559 897 1608 932 μὲν
1622 895 1660 927 ὡς
1671 897 1700 922 ὲν
1715 895 1798 930 τύπῳ

1001 943 1066 979 περὶ
1085 943 1135 979 τῆς
1158 942 1249 978 ἁπλῆς
1267 943 1418 978 λεγομένης
1442 942 1546 974 οὐσίας.
1563 942 1618 977 Τῆς
1633 941 1664 968 δέ
1680 949 1713 975 γε
1732 949 1797 966 συν-

1001 988 1079 1015 θέτου
1092 989 1108 1024 ἠ
1131 988 1181 1024 μὲν
1194 988 1356 1023 αίσθητικὴ,
1372 989 1388 1023 ἠ
1401 988 1430 1014 δὲ
1441 987 1607 1023 ἀναίσθητος
1616 995 1623 1002 ⁸
1645 986 1796 1022 αίσθητικὴ

1002 1035 1063 1071 μὲν⁹
1078 1036 1095 1071 ἡ
1108 1035 1252 1069 αἰσθήσεσι
1270 1035 1409 1069 πεφυκυῖα
1429 1034 1550 1070 χρῆσθαι
1560 1054 1568 1066 ,
1586 1032 1752 1067 ἀναίσθητος
1766 1032 1796 1059 δὲ

1000 1083 1018 1117 ὴ
1034 1081 1118 1118 χωρίς
1130 1090 1203 1113 τινος
1216 1080 1371 1115 αἰσθήσεως
1386 1079 1560 1115 διοικουμένη
1570 1086 1577 1094 ·
1591 1076 1626 1114 ἧς
1638 1079 1655 1114 ἡ
1669 1078 1720 1114 μὲν
1733 1078 1796 1104 οὐδὲ

1000 1129 1051 1163 τὴν
1064 1127 1214 1163 Θρεπτικὴν
1233 1126 1348 1162 δύναμιν
1363 1126 1468 1153 ἔνδοθεν
1483 1125 1550 1161 ἔχει,
1567 1126 1606 1157 ὡς
1621 1125 1690 1152 λίοοι
1701 1144 1709 1157 ,
1726 1124 1797 1158 ξύλα

1001 1173 1050 1200 καὶ
1064 1174 1114 1200 ὃσα
1128 1172 1253 1205 τοιαῦτα,
1267 1174 1284 1208 ἡ
1298 1172 1327 1199 δὲ
1341 1173 1413 1199 κατὰ
1427 1172 1529 1208 ταύτην
1543 1172 1684 1198 διοικεῖταί
1700 1179 1730 1197 τε
1748 1172 1798 1197 καὶ

1001 1219 1201 1254 διακρατεῖται,
1215 1217 1272 1245 οἷον
1286 1218 1368 1253 φυτὰ,
1385 1217 1492 1253 θάμνοι,
1510 1218 1574 1244 πόαι
1589 1217 1637 1244 καὶ
1652 1217 1687 1243 τὰ
1701 1217 1797 1251 ὃμοια.

1006 1265 1040 1291 Ἡ
1062 1265 1153 1299 μέντοι
1169 1265 1231 1296 ταῖς
1247 1264 1391 1299 αἰσθήσεσι
1413 1263 1494 1298 φύσιν
1518 1263 1618 1298 ἔχουσα.
1641 1262 1799 1297 κεχρῆσθαι

1000 1311 1132 1346 διαφορὰς
1148 1311 1195 1337 καὶ
1210 1310 1279 1346 αὐτὴ
1301 1310 1473 1345 ὲπιδέχεταν
1491 1309 1508 1345 ἢ
1531 1309 1586 1344 γὰρ
1606 1308 1800 1344 μετασατικὴν

1001 1357 1182 1393 προϐάλλεται
1198 1356 1314 1392 δύναμιν
1327 1357 1374 1383 καὶ
1385 1356 1441 1382 τῶν
1453 1355 1531 1387 ζώων
1547 1355 1688 1389 συνίστησι
1700 1354 1799 1388 φύσιν,

1001 1404 1017 1439 ἢ
1035 1403 1181 1440 ἐστέρηται
1197 1402 1299 1438 ταύτης
1314 1403 1362 1429 καὶ
1374 1402 1423 1438 τὴν
1434 1402 1490 1428 τῶν
1506 1401 1654 1435 ζωοφύτων
1666 1400 1799 1427 ἀποτελεῖ

1001 1450 1111 1477 οὐσίαν·
1124 1450 1237 1477 τοιαῦτα
1250 1449 1279 1476 δέ
1299 1450 1371 1475 ἔστιν
1385 1448 1486 1484 δστρεά.
1503 1456 1533 1474 τε
1549 1447 1597 1475 καὶ
1612 1447 1728 1481 σπόγγοι
1751 1447 1802 1473 καὶ

1002 1496 1087 1524 πολλὰ
1100 1496 1167 1524 ἄλλα
1178 1504 1184 1511 ·
1195 1497 1212 1531 ἡ
1226 1496 1255 1523 δὲ
1268 1496 1337 1531 μετὰ
1348 1494 1396 1522 τοῦ
1413 1494 1564 1530 κεχρῆσθαι
1579 1494 1639 1525 ταῖς
1651 1493 1802 1528 αἰσθήσεσι

1003 1542 1051 1568 καὶ
1064 1541 1114 1576 τὴν
1131 1540 1319 1576 μεταϐατικὴν
1332 1540 1447 1575 δύναμιν
1464 1538 1666 1574 προσειληφυῖα
1681 1537 1732 1564 καὶ⁵
1754 1537 1800 1563 διὰ

1001 1586 1082 1615 τοῦτο
1106 1587 1146 1618 εἰς
1169 1586 1240 1618 ζῶον
1261 1585 1463 1617 είδοποιηθείσα
1487 1584 1525 1619 τῷ
1547 1583 1649 1617 λογικῷ
1674 1582 1724 1609 καὶ
1745 1582 1802 1617 ρτῷ

1002 1631 1093 1667 ἀλόγῳ
1105 1631 1251 1667 διαιρεῖται
1271 1631 1319 1658 καὶ
1339 1630 1385 1657 δύο
1410 1630 1468 1664 εῑδη
1485 1628 1705 1664 παρηλλαγμένα
1724 1628 1801 1655 ἀπο-

1003 1677 1085 1712 γεννᾷ
1095 1695 1103 1708 ,
1122 1676 1153 1702 τὸ
1168 1676 1278 1710 λογικὸν
1292 1675 1362 1707 ζῶόν
1378 1684 1467 1710 φημι,
1482 1674 1552 1710 ὅπερ
1567 1673 1641 1700 ἐστὶν
1657 1673 1672 1698 ὁ
1689 1672 1801 1708 ἂνθρω-

1003 1731 1065 1755 πος,
1095 1722 1141 1749 καὶ
1163 1721 1195 1748 τὸ
1215 1721 1327 1756 ἄλογον,
1346 1721 1360 1747 ὂ
1380 1721 1426 1748 καὶ
1447 1720 1556 1752 πλείους
1570 1719 1727 1754 ἐπιδέχεται
1751 1718 1802 1750 τὰς

1003 1767 1153 1802 διαφοράς·
1167 1767 1271 1794 τούτων
1289 1767 1346 1802 (27)
1371 1767 1425 1802 γὰρ
1450 1767 1480 1793 τὸ
1501 1765 1550 1800 μέν
1568 1767 1626 1792 ἐστι
1648 1764 1746 1797 πεζὸν,
1770 1764 1802 1791 τὸ

1003 1814 1033 1840 δὲ
1047 1813 1146 1847 νηκτόν
1157 1820 1164 1828 ·
1179 1812 1228 1839 καὶ
1243 1812 1346 1838 τούτων
1368 1812 1484 1839 ἕκαστον
1495 1811 1687 1846 ἐπιδιαιρεῑται
1700 1811 1799 1841 πάλιν,

1004 1859 1051 1885 καὶ
1064 1858 1111 1885 ἐπὶ
1128 1858 1210 1884 πλέον
1225 1858 1348 1893 πρόεισιν
1359 1858 1376 1892 ὴ
1398 1857 1480 1892 τομὴ,
1500 1857 1543 1883 ἵνα
1560 1856 1701 1891 συντόμως
1726 1856 1801 1883 εἴπω

1004 1906 1052 1932 κα)⁸
1066 1905 1104 1940 μὴ
1119 1905 1148 1932 ὲν
1164 1904 1345 1940 κατηγορίαις
1366 1904 1416 1939 τὴν
1433 1904 1497 1939 περὶ
1517 1902 1593 1935 ζώων
1606 1902 1730 1937 ἱστορίαν
1753 1904 1799 1928 αἰ-

1003 1951 1064 1978 τίαν
1086 1951 1141 1986 Ξχω
1160 1950 1343 1985 ἀναγράφειν.
1364 1950 1420 1976 Καὶ
1437 1949 1506 1985 α’ὐτη
1524 1949 1574 1984 μὲν
1591 1949 1661 1975 κατά
1676 1956 1708 1982 γε
1725 1948 1800 1984 ἐμὴν

1005 1997 1136 2033 ἐπιϐολὴν
1159 1998 1177 2033 ἦ
1193 2005 1224 2024 τε
1247 1997 1302 2024 τῶν
1321 1997 1370 2032 τῆς
1393 1997 1488 2028 οὐσίας
1511 1996 1720 2031 σημαινομένων
1737 1996 1799 2022 δια-

1006 2043 1087 2078 στολὴ
1105 2043 1153 2070 καὶ
1174 2044 1222 2078 τῆς
1235 2043 1274 2075 ὼς
1288 2043 1365 2077 γένος
1378 2043 1418 2074 είς
1433 2042 1492 2077 εἴδη
1510 2041 1681 2077 τεμνομένης
1693 2040 1799 2076 διαίρε-

1006 2097 1048 2121 σις
1059 2096 1066 2103 ·
1084 2089 1157 2120 ὅπως
1169 2088 1197 2115 δὲ
1210 2088 1259 2119 τὰς
1275 2087 1390 2121 λαϐὰς-ἡ
1410 2087 1523 2122 τοιαύτη
1537 2087 1639 2122 θεωρία
1649 2086 1800 2120 διαπέφευ-

1005 2143 1063 2169 γεν,
1090 2132 1134 2164 αἷς
1152 2134 1180 2160 οἱ
1204 2133 1445 2169 ὲπικεχειρηκότες
1471 2133 1571 2168 ἑτέρως
1601 2132 1716 2167 διαιρεῖν
1748 2131 1799 2167 τὴν

164 2180 260 2208 caudis
273 2180 419 2214 categoriis
435 2179 577 2206 historiam
595 2177 746 2205 naturalem
771 2177 804 2203 de
827 2176 952 2204 animali-

1045 2180 1099 2207 τίαν
1112 2180 1279 2212 ἁλίσκονται,
1293 2179 1340 2206 καὶ
1352 2179 1449 2214 ἐφόσον
1465 2179 1495 2205 τὸ
1506 2178 1634 2214 χρειῶδες
1648 2178 1718 2213 αὐτῇ
1734 2186 1799 2205 συν-

162 2227 214 2254 bus
229 2231 396 2254 tractaturus
407 2233 469 2253 esse
482 2224 585 2252 videar.
601 2223 633 2251 Et
645 2224 703 2251 haec
714 2231 747 2250 ex
763 2230 829 2250 mem
842 2223 951 2258 quidem

1045 2227 1181 2263 τφέρεται,
1204 2227 1221 2262 ἢ
1236 2227 1285 2253 καὶ
1298 2226 1346 2253 νῦν
1365 2226 1464 2253 αὐτίκα
1478 2225 1542 2257 ἴσως
1556 2224 1573 2259 ἢ
1588 2224 1636 2251 καὶ
1652 2225 1799 2259 προῖόντις

164 2274 263 2301 mentis
282 2273 394 2301 notione
410 2277 452 2300 est
471 2271 612 2298 distinctio
634 2270 774 2297 variarum
797 2270 952 2297 substantia:

1056 2272 1164 2299 ἑαυτῶν
1185 2272 1381 2306 ἐπιγνώσεσθε.
1413 2271 1482 2298 Ἀλλ’
1510 2271 1527 2307 ἠ
1551 2271 1601 2306 μὲν
1623 2270 1673 2305 τῆς
1700 2270 1798 2302 οὐσίας

162 2319 393 2355 significationum
408 2317 595 2352 ejusdemque,
621 2323 681 2350 quae
696 2320 726 2343 ut
741 2323 826 2350 genus
846 2315 873 2342 in
892 2322 953 2350 spe-

1045 2313 1135 2354 τίρεσις
1149 2319 1196 2345 καὶ
1208 2319 1223 2344 ό
1237 2318 1386 2354 προσήκων
1398 2318 1468 2353 αὐτῇ
1483 2317 1561 2352 λόγος
1580 2317 1628 2344 καὶ
1641 2317 1658 2352 ἠ
1672 2316 1729 2343 τῶν
1744 2324 1797 2351 ση-

163 2365 219 2391 cies
242 2363 385 2395 dividitur,
407 2362 528 2398 partitio.
553 2360 613 2394 Quo
637 2368 702 2388 vero
720 2365 800 2396 pacto
817 2360 952 2395 ejusmodi

1047 2365 1178 2400 ινομένων
1192 2364 1320 2400 διαστολὴ
1332 2365 1361 2391 ὲν
1375 2363 1490 2395 τούτοις.

163 2411 288 2438 doctrina
321 2409 443 2438 defectus
474 2409 537 2436 illos
567 2408 706 2443 effugerit,
731 2409 832 2443 quibus
855 2408 966 2436 obnoxii
986 2416 1050 2438 sunt
1068 2412 1114 2446 qui
1130 2411 1208 2439 aliter
1221 2411 1404 2439 substantiam
1421 2409 1538 2445 dispesci
1571 2408 1753 2440 conabantur.
1767 2413 1797 2436 et

163 2460 298 2490 quantum
321 2462 352 2482 ea
368 2454 494 2482 utilitatis
512 2454 606 2482 afferat
622 2458 650 2482 et
670 2454 818 2490 impertiat,
835 2454 875 2482 vel
890 2463 963 2484 nunc
982 2458 1074 2485 statim
1089 2458 1132 2485 Vel
1156 2458 1270 2486 ulterius
1282 2457 1420 2493 progressi
1435 2464 1483 2492 per
1511 2463 1560 2483 vos
1594 2455 1668 2490 ipsos
1688 2462 1796 2490 cognoo

163 2504 255 2532 sectis.
279 2503 380 2531 Verum
400 2503 434 2530 de
461 2503 621 2531 substantia)
635 2503 770 2531 divisione
791 2509 818 2530 et
837 2503 871 2532 de
894 2506 1056 2540 congruenti
1077 2506 1130 2541 ipsi
1153 2506 1315 2534 deﬁnitione
1349 2510 1432 2541 atque
1463 2505 1497 2533 de
1517 2505 1720 2541 signiﬁcatumu
1736 2504 1796 2532 ἀίε-

163 2551 295 2579 tinctione
306 2551 457 2586 hucusque.

203 2597 228 2625 5.
249 2597 303 2625 Sed
312 2596 473 2625 Aristoteles
482 2597 603 2632 quidem,
615 2597 744 2632 quoniam
759 2598 955 2632 particularenr

924 2652 1026 2680 ΝΟΤιΕ
1031 2672 1039 2681 .

201 2697 259 2767 (27;
272 2697 371 2760 Ᾱμοῗτ.
388 2698 483 2726 Τοῦτο.
931 2732 937 2737 ν
1012 2696 1083 2723 Ἀλλ’
1098 2693 1175 2728 οὗτος
1189 2697 1238 2731 μὲν
1249 2697 1263 2723 ό
1279 2695 1394 2732 ὁρισμὸς
1405 2697 1452 2723 καὶ
1465 2697 1497 2730 τῇ
1514 2695 1630 2722 καθόλου
1646 2694 1726 2730 οὐσίᾳ
1747 2690 1797 2721 καὶ

201 2732 247 2766 (28
278 2734 318 2759 Ah
343 2741 384 2761 ioc
400 2734 570 2767 paragrapho
590 2740 699 2760 rursum
717 2732 849 2759 habemus
860 2730 949 2758 Photti
1004 2733 1037 2767 τῇ
1063 2733 1164 2767 μερικῇ
1178 2731 1339 2767 ἐφαρμόσει.
1359 2732 1387 2757 ’0
1412 2731 1440 2757 δὲ
1477 2730 1797 2767 Ἀριστοτέληςηὲπειδὴ

201 2730 257 2775 (28)
278 2730 318 2774 ab
333 2730 579 2775 hocparagrapho
590 2740 699 2775 rm:st
717 2732 849 2775 habemus
860 2730 949 2775 Pliotii

1063 2730 1387 2775 psptxﬁﬁQMpQéufg
1412 2731 1440 2757 δὲ
1477 2730 1797 2775 Ἀριστοτέληςκέπειδὴ

165 2759 268 2796 ιοίίυιῖι
282 2769 307 2794 in
319 2759 382 2796 cod;
392 2759 496 2796 Dionae.
508 2759 619 2804 lzerg’itur
631 2769 649 2804 f.
663 2768 697 2795 59
709 2775 734 2794 a.
750 2777 756 2794 :
768 2767 871 2804 Φωτίυρ
886 2767 951 2804 περὶ

1045 2759 1305 2804 μ’μὲριεὶίὴνόὐᾶίαν
1326 2766 1448 2802 ὁρίζεται
1480 2759 1566 2802 μόνην
1593 2767 1623 2793 ὲν
1642 2759 1709 2798 ’ταῖς
1729 2759 1796 2792 κατε

164 2803 258 2835 οὐσίας
270 2812 277 2819 ο
295 2803 381 2830 Οὐσία
392 2804 437 2830 ἐπὶ
447 2802 562 2839 πρᾶγμα
577 2803 768 2838 αὐθὺπαρκτον
787 2803 842 2839 [sip
853 2802 950 2839 65:6kLEf
1003 2802 1128 2838 ηγοοίαις
1146 2803 1238 2837 φησίν.

166 2847 211 2867 νον
225 2839 317 2876 ἑτέρου
332 2839 400 2875 πρὸς
427 2836 554 2874 ὐπὸιρξίν.
585 2839 664 2874 (Vide
688 2836 775 2873 supra
793 2836 858 2872 ἐξ,
876 2836 949 2871 init.)

1045 2595 1075 2621 '0
1088 2595 1180 2630 μέντοι
1192 2603 1224 2629 γε
1246 2594 1435 2630 Ἀριστοτέλης
1451 2593 1520 2630 (28),
1534 2594 1596 2621 ἐπεὶ
1614 2593 1664 2628 τὴν
1678 2592 1797 2629 μερικὴν
