  <div class='ocr_page' id='page_1' title='image "/cluster/home/n/w/nwhite01/storage/ocr_20150623/101/njp.32101077772877/482.png"; bbox 0 0 1863 3064; ppageno 0'>
   <div class='ocr_carea' id='block_1_1' title="bbox 76 158 1252 199">
    <p class='ocr_par' dir='ltr' id='par_1_1' title="bbox 76 158 1252 199">
     <span class='ocr_line' id='line_1_1' title="bbox 76 158 1252 199; baseline 0.004 -8"><span class='ocrx_word' id='word_1_1' title='bbox 76 158 117 192; x_wconf 87' lang='lat'><strong>777</strong></span> <span class='ocrx_word' id='word_1_2' title='bbox 504 163 554 193; x_wconf 93' lang='lat' dir='ltr'><strong>AD</strong></span> <span class='ocrx_word' id='word_1_3' title='bbox 565 163 862 194; x_wconf 84' lang='lat' dir='ltr'><strong>AMPHlLOCHIUM</strong></span> <span class='ocrx_word' id='word_1_4' title='bbox 876 164 1047 199; x_wconf 72' lang='lat' dir='ltr'><strong>OU/ESTIO</strong></span> <span class='ocrx_word' id='word_1_5' title='bbox 1067 165 1252 197; x_wconf 76' lang='lat' dir='ltr'><strong>CXXXVIII.</strong></span> 
     </span>
    </p>
   </div>
   <div class='ocr_carea' id='block_1_2' title="bbox 1628 169 1682 202">
    <p class='ocr_par' dir='ltr' id='par_1_2' title="bbox 1628 169 1682 202">
     <span class='ocr_line' id='line_1_2' title="bbox 1628 169 1682 202; baseline 0.037 -2"><span class='ocrx_word' id='word_1_6' title='bbox 1628 169 1682 202; x_wconf 88' lang='grc'><strong>778</strong></span> 
     </span>
    </p>
   </div>
   <div class='ocr_carea' id='block_1_3' title="bbox 75 214 842 260">
    <p class='ocr_par' dir='ltr' id='par_1_3' title="bbox 75 214 840 254">
     <span class='ocr_line' id='line_1_3' title="bbox 75 214 840 254; baseline 0.005 -13"><span class='ocrx_word' id='word_1_7' title='bbox 75 223 135 242; x_wconf 74' lang='lat' dir='ltr'><strong>mut</strong></span> <span class='ocrx_word' id='word_1_8' title='bbox 148 214 232 250; x_wconf 82' lang='grc' dir='ltr'>ψυχρὰ</span> <span class='ocrx_word' id='word_1_9' title='bbox 246 214 293 242; x_wconf 78' lang='grc' dir='ltr'>καὶ</span> <span class='ocrx_word' id='word_1_10' title='bbox 307 215 406 251; x_wconf 80' lang='grc' dir='ltr'>θερμὴ,</span> <span class='ocrx_word' id='word_1_11' title='bbox 421 216 439 252; x_wconf 79' lang='grc' dir='ltr'>ἢ</span> <span class='ocrx_word' id='word_1_12' title='bbox 455 216 548 244; x_wconf 80' lang='grc' dir='ltr'>δικαία</span> <span class='ocrx_word' id='word_1_13' title='bbox 565 218 613 244; x_wconf 70' lang='grc' dir='ltr'>καὶ</span> <span class='ocrx_word' id='word_1_14' title='bbox 629 217 730 251; x_wconf 78' lang='grc' dir='ltr'>ἄδικος,</span> <span class='ocrx_word' id='word_1_15' title='bbox 751 218 768 254; x_wconf 80' lang='grc' dir='ltr'><strong>ἢ</strong></span> <span class='ocrx_word' id='word_1_16' title='bbox 787 218 840 245; x_wconf 81' lang='grc' dir='ltr'><strong>σώ-</strong></span> 
     </span>
    </p>
   </div>
   <div class='ocr_carea' id='block_1_4' title="bbox 935 214 1680 260">
    <p class='ocr_par' dir='ltr' id='par_1_4' title="bbox 936 219 1680 260">
     <span class='ocr_line' id='line_1_4' title="bbox 936 219 1680 260; baseline 0.007 -14"><span class='ocrx_word' id='word_1_17' title='bbox 936 241 941 247; x_wconf 94' lang='grc'>.</span> <span class='ocrx_word' id='word_1_18' title='bbox 958 219 1014 247; x_wconf 89' lang='lat' dir='ltr'><strong>Hoc</strong></span> <span class='ocrx_word' id='word_1_19' title='bbox 1028 220 1094 247; x_wconf 59' lang='lat' dir='ltr'><strong>vero</strong></span> <span class='ocrx_word' id='word_1_20' title='bbox 1110 224 1136 247; x_wconf 89' lang='lat' dir='ltr'><strong>et</strong></span> <span class='ocrx_word' id='word_1_21' title='bbox 1154 221 1263 256; x_wconf 85' lang='lat' dir='ltr'><strong>proprie</strong></span> <span class='ocrx_word' id='word_1_22' title='bbox 1277 220 1364 256; x_wconf 84' lang='lat' dir='ltr'><strong>ipsius</strong></span> <span class='ocrx_word' id='word_1_23' title='bbox 1376 222 1530 257; x_wconf 73' lang='lat' dir='ltr'><strong>proprietas</strong></span> <span class='ocrx_word' id='word_1_24' title='bbox 1543 227 1598 256; x_wconf 86' lang='lat' dir='ltr'><strong>est,</strong></span> <span class='ocrx_word' id='word_1_25' title='bbox 1616 225 1680 260; x_wconf 84' lang='lat' dir='ltr'><strong>quia</strong></span> 
     </span>
    </p>
   </div>
   <div class='ocr_carea' id='block_1_5' title="bbox 75 263 840 303">
    <p class='ocr_par' dir='ltr' id='par_1_5' title="bbox 75 263 840 303">
     <span class='ocr_line' id='line_1_5' title="bbox 75 263 840 303; baseline 0.008 -15"><span class='ocrx_word' id='word_1_26' title='bbox 75 270 136 298; x_wconf 71' lang='grc' dir='ltr'>φρων</span> <span class='ocrx_word' id='word_1_27' title='bbox 146 263 189 289; x_wconf 73' lang='grc' dir='ltr'>καὶ</span> <span class='ocrx_word' id='word_1_28' title='bbox 196 263 351 296; x_wconf 81' lang='grc' dir='ltr'>ἀκόλαστος,</span> <span class='ocrx_word' id='word_1_29' title='bbox 364 264 380 299; x_wconf 88' lang='grc' dir='ltr'>ἢ</span> <span class='ocrx_word' id='word_1_30' title='bbox 394 265 534 300; x_wconf 80' lang='grc' dir='ltr'><strong>φρενήρης</strong></span> <span class='ocrx_word' id='word_1_31' title='bbox 545 265 591 292; x_wconf 79' lang='grc' dir='ltr'>καὶ</span> <span class='ocrx_word' id='word_1_32' title='bbox 602 266 771 301; x_wconf 72' lang='grc' dir='ltr'>ἀφραίνουσα</span> <span class='ocrx_word' id='word_1_33' title='bbox 784 266 840 303; x_wconf 67' lang='grc' dir='ltr'><strong>(ιθ)</strong></span> 
     </span>
    </p>
   </div>
   <div class='ocr_carea' id='block_1_6' title="bbox 75 308 839 348">
    <p class='ocr_par' dir='ltr' id='par_1_6' title="bbox 75 308 839 348">
     <span class='ocr_line' id='line_1_6' title="bbox 75 308 839 348; baseline 0.008 -14"><span class='ocrx_word' id='word_1_34' title='bbox 75 309 122 343; x_wconf 66' lang='lat' dir='ltr'><strong>iis:</strong></span> <span class='ocrx_word' id='word_1_35' title='bbox 138 308 188 344; x_wconf 72' lang='grc'><strong>(47)</strong></span> <span class='ocrx_word' id='word_1_36' title='bbox 199 308 252 337; x_wconf 82' lang='grc' dir='ltr'><strong>τῶν</strong></span> <span class='ocrx_word' id='word_1_37' title='bbox 267 309 469 346; x_wconf 82' lang='grc' dir='ltr'><strong>παραπλησίων</strong></span> <span class='ocrx_word' id='word_1_38' title='bbox 479 318 487 326; x_wconf 93' lang='grc'><strong>·</strong></span> <span class='ocrx_word' id='word_1_39' title='bbox 501 311 527 337; x_wconf 82' lang='grc' dir='ltr'>εἰ</span> <span class='ocrx_word' id='word_1_40' title='bbox 542 311 570 338; x_wconf 83' lang='grc' dir='ltr'>δέ</span> <span class='ocrx_word' id='word_1_41' title='bbox 584 320 611 338; x_wconf 84' lang='grc' dir='ltr'><strong>τι</strong></span> <span class='ocrx_word' id='word_1_42' title='bbox 624 312 672 339; x_wconf 75' lang='grc' dir='ltr'>καὶ</span> <span class='ocrx_word' id='word_1_43' title='bbox 689 314 722 348; x_wconf 81' lang='grc' dir='ltr'><strong>τῇ</strong></span> <span class='ocrx_word' id='word_1_44' title='bbox 736 313 774 344; x_wconf 83' lang='grc' dir='ltr'>ὼς</span> <span class='ocrx_word' id='word_1_45' title='bbox 788 312 839 348; x_wconf 81' lang='grc' dir='ltr'><strong>ὕλῃ</strong></span> 
     </span>
    </p>
   </div>
   <div class='ocr_carea' id='block_1_7' title="bbox 74 354 840 394">
    <p class='ocr_par' dir='ltr' id='par_1_7' title="bbox 74 354 840 394">
     <span class='ocr_line' id='line_1_7' title="bbox 74 354 840 394; baseline 0.008 -14"><span class='ocrx_word' id='word_1_46' title='bbox 74 354 138 389; x_wconf 75' lang='grc' dir='ltr'>οὐσίᾳ</span> <span class='ocrx_word' id='word_1_47' title='bbox 154 354 268 381; x_wconf 75' lang='grc' dir='ltr'>τοιοῦτον</span> <span class='ocrx_word' id='word_1_48' title='bbox 280 355 456 391; x_wconf 76' lang='grc' dir='ltr'>συμϐέϐηκεν</span> <span class='ocrx_word' id='word_1_49' title='bbox 466 376 473 390; x_wconf 88' lang='grc'><strong>,</strong></span> <span class='ocrx_word' id='word_1_50' title='bbox 487 357 538 384; x_wconf 82' lang='grc' dir='ltr'><strong>οὐκ</strong></span> <span class='ocrx_word' id='word_1_51' title='bbox 553 356 612 384; x_wconf 80' lang='grc' dir='ltr'>ἔστι</span> <span class='ocrx_word' id='word_1_52' title='bbox 624 357 729 394; x_wconf 84' lang='grc' dir='ltr'>διαιτᾷν</span> <span class='ocrx_word' id='word_1_53' title='bbox 743 359 840 394; x_wconf 81' lang='grc' dir='ltr'>καιροῦ</span> 
     </span>
    </p>
   </div>
   <div class='ocr_carea' id='block_1_8' title="bbox 73 399 840 440">
    <p class='ocr_par' dir='ltr' id='par_1_8' title="bbox 73 399 840 440">
     <span class='ocr_line' id='line_1_8' title="bbox 73 399 840 440; baseline 0.007 -14"><span class='ocrx_word' id='word_1_54' title='bbox 73 399 110 426; x_wconf 69' lang='grc' dir='ltr'>τώ</span> <span class='ocrx_word' id='word_1_55' title='bbox 123 399 256 434; x_wconf 78' lang='grc' dir='ltr'>παρόντος.</span> <span class='ocrx_word' id='word_1_56' title='bbox 273 401 305 427; x_wconf 79' lang='grc' dir='ltr'><strong>οι</strong></span> <span class='ocrx_word' id='word_1_57' title='bbox 321 401 351 428; x_wconf 78' lang='grc' dir='ltr'>δὲ</span> <span class='ocrx_word' id='word_1_58' title='bbox 369 401 510 436; x_wconf 82' lang='grc' dir='ltr'>λέγοντες,</span> <span class='ocrx_word' id='word_1_59' title='bbox 523 401 562 435; x_wconf 74' lang='grc' dir='ltr'>ὥς</span> <span class='ocrx_word' id='word_1_60' title='bbox 577 403 625 430; x_wconf 79' lang='grc' dir='ltr'>καὶ</span> <span class='ocrx_word' id='word_1_61' title='bbox 644 404 684 438; x_wconf 86' lang='grc' dir='ltr'>τῷ</span> <span class='ocrx_word' id='word_1_62' title='bbox 699 403 771 440; x_wconf 87' lang='grc' dir='ltr'>λόγῳ</span> <span class='ocrx_word' id='word_1_63' title='bbox 793 404 840 431; x_wconf 84' lang='grc' dir='ltr'>καὶ</span> 
     </span>
    </p>
   </div>
   <div class='ocr_carea' id='block_1_9' title="bbox 72 445 840 485">
    <p class='ocr_par' dir='ltr' id='par_1_9' title="bbox 72 445 840 485">
     <span class='ocr_line' id='line_1_9' title="bbox 72 445 840 485; baseline 0.009 -14"><span class='ocrx_word' id='word_1_64' title='bbox 72 446 98 480; x_wconf 73' lang='grc' dir='ltr'>τῇ</span> <span class='ocrx_word' id='word_1_65' title='bbox 111 445 166 481; x_wconf 72' lang='grc' dir='ltr'>δόξῃ</span> <span class='ocrx_word' id='word_1_66' title='bbox 176 445 250 473; x_wconf 85' lang='grc' dir='ltr'>τοῦτο</span> <span class='ocrx_word' id='word_1_67' title='bbox 263 446 361 474; x_wconf 73' lang='grc' dir='ltr'>ἕπεται</span> <span class='ocrx_word' id='word_1_68' title='bbox 375 448 406 475; x_wconf 83' lang='grc' dir='ltr'>τὸ</span> <span class='ocrx_word' id='word_1_69' title='bbox 417 448 482 475; x_wconf 75' lang='grc' dir='ltr'>ἴδιον</span> <span class='ocrx_word' id='word_1_70' title='bbox 494 449 562 484; x_wconf 80' lang='grc'>(48),</span> <span class='ocrx_word' id='word_1_71' title='bbox 575 449 736 485; x_wconf 80' lang='grc' dir='ltr'><strong>εὐφώρατον</strong></span> <span class='ocrx_word' id='word_1_72' title='bbox 749 451 840 485; x_wconf 78' lang='grc' dir='ltr'>ἔχουσι</span> 
     </span>
    </p>
   </div>
   <div class='ocr_carea' id='block_1_10' title="bbox 72 490 841 532">
    <p class='ocr_par' dir='ltr' id='par_1_10' title="bbox 72 490 841 532">
     <span class='ocr_line' id='line_1_10' title="bbox 72 490 841 532; baseline 0.01 -16"><span class='ocrx_word' id='word_1_73' title='bbox 72 490 97 516; x_wconf 77' lang='grc' dir='ltr'>τὸ</span> <span class='ocrx_word' id='word_1_74' title='bbox 110 490 211 525; x_wconf 82' lang='grc' dir='ltr'>ψεῦδος·</span> <span class='ocrx_word' id='word_1_75' title='bbox 227 494 294 527; x_wconf 80' lang='grc' dir='ltr'>φασὶ</span> <span class='ocrx_word' id='word_1_76' title='bbox 311 493 360 529; x_wconf 81' lang='grc' dir='ltr'>μὲν</span> <span class='ocrx_word' id='word_1_77' title='bbox 375 494 440 530; x_wconf 85' lang='grc' dir='ltr'>γὰρ,</span> <span class='ocrx_word' id='word_1_78' title='bbox 454 494 492 527; x_wconf 84' lang='grc' dir='ltr'><strong>ὡς</strong></span> <span class='ocrx_word' id='word_1_79' title='bbox 505 496 519 522; x_wconf 81' lang='grc' dir='ltr'><strong><em>ὁ</em></strong></span> <span class='ocrx_word' id='word_1_80' title='bbox 534 495 621 530; x_wconf 79' lang='grc' dir='ltr'>λέγων</span> <span class='ocrx_word' id='word_1_81' title='bbox 635 496 680 523; x_wconf 84' lang='grc' dir='ltr'>τὸν</span> <span class='ocrx_word' id='word_1_82' title='bbox 692 497 841 532; x_wconf 79' lang='grc' dir='ltr'><strong>Σωκράτην</strong></span> 
     </span>
    </p>
   </div>
   <div class='ocr_carea' id='block_1_11' title="bbox 74 537 841 576">
    <p class='ocr_par' dir='ltr' id='par_1_11' title="bbox 74 537 841 576">
     <span class='ocr_line' id='line_1_11' title="bbox 74 537 841 576; baseline 0.009 -14"><span class='ocrx_word' id='word_1_83' title='bbox 74 537 188 572; x_wconf 82' lang='grc' dir='ltr'>καθῆσθαι</span> <span class='ocrx_word' id='word_1_84' title='bbox 210 537 299 573; x_wconf 85' lang='grc' dir='ltr'>λόγος,</span> <span class='ocrx_word' id='word_1_85' title='bbox 314 540 329 565; x_wconf 98' lang='lat'><strong>6</strong></span> <span class='ocrx_word' id='word_1_86' title='bbox 351 540 433 572; x_wconf 78' lang='grc' dir='ltr'>αὐτὸς</span> <span class='ocrx_word' id='word_1_87' title='bbox 455 541 562 576; x_wconf 84' lang='grc' dir='ltr'>μένων,</span> <span class='ocrx_word' id='word_1_88' title='bbox 584 541 652 568; x_wconf 88' lang='grc' dir='ltr'>καθό</span> <span class='ocrx_word' id='word_1_89' title='bbox 670 550 702 576; x_wconf 93' lang='grc' dir='ltr'><strong>γε</strong></span> <span class='ocrx_word' id='word_1_90' title='bbox 716 542 746 568; x_wconf 78' lang='grc' dir='ltr'><strong>τὺ</strong></span> <span class='ocrx_word' id='word_1_91' title='bbox 771 541 841 570; x_wconf 84' lang='grc' dir='ltr'>εἶναι</span> 
     </span>
    </p>
   </div>
   <div class='ocr_carea' id='block_1_12' title="bbox 73 582 842 624">
    <p class='ocr_par' dir='ltr' id='par_1_12' title="bbox 73 582 842 624">
     <span class='ocr_line' id='line_1_12' title="bbox 73 582 842 624; baseline 0.009 -16"><span class='ocrx_word' id='word_1_92' title='bbox 73 582 135 616; x_wconf 82' lang='grc' dir='ltr'>λόγος</span> <span class='ocrx_word' id='word_1_93' title='bbox 148 583 215 619; x_wconf 71' lang='grc' dir='ltr'>ἔσχε,</span> <span class='ocrx_word' id='word_1_94' title='bbox 230 584 278 611; x_wconf 81' lang='grc' dir='ltr'>τοῦ</span> <span class='ocrx_word' id='word_1_95' title='bbox 298 585 348 620; x_wconf 82' lang='grc' dir='ltr'>μὲν</span> <span class='ocrx_word' id='word_1_96' title='bbox 367 585 530 621; x_wconf 81' lang='grc' dir='ltr'><strong>Σωκράτους</strong></span> <span class='ocrx_word' id='word_1_97' title='bbox 543 587 699 623; x_wconf 79' lang='grc' dir='ltr'>καθημένου</span> <span class='ocrx_word' id='word_1_98' title='bbox 713 588 842 624; x_wconf 85' lang='grc' dir='ltr'>ἀληθείας</span> 
     </span>
    </p>
   </div>
   <div class='ocr_carea' id='block_1_13' title="bbox 72 625 842 669">
    <p class='ocr_par' dir='ltr' id='par_1_13' title="bbox 72 625 842 669">
     <span class='ocr_line' id='line_1_13' title="bbox 72 625 842 669; baseline 0.01 -15"><span class='ocrx_word' id='word_1_99' title='bbox 72 625 99 662; x_wconf 81' lang='grc' dir='ltr'>ἧν</span> <span class='ocrx_word' id='word_1_100' title='bbox 110 630 275 663; x_wconf 81' lang='grc' dir='ltr'>σημαντικὸς,</span> <span class='ocrx_word' id='word_1_101' title='bbox 290 631 458 664; x_wconf 82' lang='grc' dir='ltr'><strong>ἀναστάντος</strong></span> <span class='ocrx_word' id='word_1_102' title='bbox 471 633 500 659; x_wconf 82' lang='grc' dir='ltr'>δὲ</span> <span class='ocrx_word' id='word_1_103' title='bbox 511 633 558 659; x_wconf 86' lang='grc' dir='ltr'><strong>τοῦ</strong></span> <span class='ocrx_word' id='word_1_104' title='bbox 570 634 733 669; x_wconf 82' lang='grc' dir='ltr'>Σωκράτους</span> <span class='ocrx_word' id='word_1_105' title='bbox 743 634 842 669; x_wconf 83' lang='grc' dir='ltr'>ψεῦδος</span> 
     </span>
    </p>
   </div>
   <div class='ocr_carea' id='block_1_14' title="bbox 74 673 842 713">
    <p class='ocr_par' dir='ltr' id='par_1_14' title="bbox 74 673 842 713">
     <span class='ocr_line' id='line_1_14' title="bbox 74 673 842 713; baseline 0.01 -13"><span class='ocrx_word' id='word_1_106' title='bbox 74 673 209 709; x_wconf 79' lang='grc' dir='ltr'>εὑρίσκεται</span> <span class='ocrx_word' id='word_1_107' title='bbox 227 676 389 712; x_wconf 76' lang='grc' dir='ltr'><strong>δεδεγμένος</strong></span> <span class='ocrx_word' id='word_1_108' title='bbox 400 686 407 693; x_wconf 90' lang='grc'><strong>·</strong></span> <span class='ocrx_word' id='word_1_109' title='bbox 423 677 495 705; x_wconf 85' lang='grc' dir='ltr'>ὥστε</span> <span class='ocrx_word' id='word_1_110' title='bbox 512 679 560 706; x_wconf 76' lang='grc' dir='ltr'><strong>καὶ</strong></span> <span class='ocrx_word' id='word_1_111' title='bbox 573 681 587 706; x_wconf 93' lang='lat'><strong>6</strong></span> <span class='ocrx_word' id='word_1_112' title='bbox 603 679 683 713; x_wconf 83' lang='grc' dir='ltr'>λόγος</span> <span class='ocrx_word' id='word_1_113' title='bbox 695 680 750 707; x_wconf 85' lang='grc' dir='ltr'><strong>τῶν</strong></span> <span class='ocrx_word' id='word_1_114' title='bbox 762 682 842 708; x_wconf 84' lang='grc' dir='ltr'>ὲναν-</span> 
     </span>
    </p>
   </div>
   <div class='ocr_carea' id='block_1_15' title="bbox 73 719 843 762">
    <p class='ocr_par' dir='ltr' id='par_1_15' title="bbox 73 719 843 762">
     <span class='ocr_line' id='line_1_15' title="bbox 73 719 843 762; baseline 0.012 -17"><span class='ocrx_word' id='word_1_115' title='bbox 73 719 125 746; x_wconf 73' lang='lat' dir='ltr'><strong>tim</strong></span> <span class='ocrx_word' id='word_1_116' title='bbox 143 721 213 749; x_wconf 76' lang='grc' dir='ltr'>ἐστὶν</span> <span class='ocrx_word' id='word_1_117' title='bbox 229 722 370 755; x_wconf 76' lang='grc' dir='ltr'>δεκτικός³</span> <span class='ocrx_word' id='word_1_118' title='bbox 389 724 520 757; x_wconf 78' lang='grc' dir='ltr'>ὡσαύτως</span> <span class='ocrx_word' id='word_1_119' title='bbox 537 725 566 752; x_wconf 75' lang='grc' dir='ltr'>δὲ</span> <span class='ocrx_word' id='word_1_120' title='bbox 587 726 635 752; x_wconf 80' lang='grc' dir='ltr'>καὶ</span> <span class='ocrx_word' id='word_1_121' title='bbox 649 726 739 762; x_wconf 70' lang='grc' dir='ltr'>ἠδόξει</span> <span class='ocrx_word' id='word_1_122' title='bbox 751 734 757 741; x_wconf 92' lang='grc'>·</span> <span class='ocrx_word' id='word_1_123' title='bbox 775 727 843 754; x_wconf 68' lang='grc' dir='ltr'>καθ-</span> 
     </span>
    </p>
   </div>
   <div class='ocr_carea' id='block_1_16' title="bbox 73 765 839 807">
    <p class='ocr_par' dir='ltr' id='par_1_16' title="bbox 73 765 839 807">
     <span class='ocr_line' id='line_1_16' title="bbox 73 765 839 807; baseline 0.009 -15"><span class='ocrx_word' id='word_1_124' title='bbox 73 765 157 798; x_wconf 71' lang='grc' dir='ltr'>ημένου</span> <span class='ocrx_word' id='word_1_125' title='bbox 179 768 226 802; x_wconf 88' lang='grc' dir='ltr'>μὲν</span> <span class='ocrx_word' id='word_1_126' title='bbox 248 768 304 804; x_wconf 83' lang='grc' dir='ltr'><strong>γὰρ</strong></span> <span class='ocrx_word' id='word_1_127' title='bbox 323 769 405 796; x_wconf 81' lang='grc' dir='ltr'>αὐτοῦ</span> <span class='ocrx_word' id='word_1_128' title='bbox 427 769 532 806; x_wconf 82' lang='grc' dir='ltr'>ἀληθὴς</span> <span class='ocrx_word' id='word_1_129' title='bbox 555 769 589 805; x_wconf 84' lang='grc' dir='ltr'>ἦν</span> <span class='ocrx_word' id='word_1_130' title='bbox 611 772 689 807; x_wconf 84' lang='grc' dir='ltr'><strong>ὴτοῦ</strong></span> <span class='ocrx_word' id='word_1_131' title='bbox 703 772 839 807; x_wconf 82' lang='grc' dir='ltr'>καθῆσθαι</span> 
     </span>
    </p>
   </div>
   <div class='ocr_carea' id='block_1_17' title="bbox 72 809 842 853">
    <p class='ocr_par' dir='ltr' id='par_1_17' title="bbox 72 809 842 853">
     <span class='ocr_line' id='line_1_17' title="bbox 72 809 842 853; baseline 0.01 -16"><span class='ocrx_word' id='word_1_132' title='bbox 72 809 136 844; x_wconf 75' lang='grc' dir='ltr'>δόξα,</span> <span class='ocrx_word' id='word_1_133' title='bbox 157 813 320 847; x_wconf 77' lang='grc' dir='ltr'>ἀναστάντος</span> <span class='ocrx_word' id='word_1_134' title='bbox 333 815 362 842; x_wconf 83' lang='grc' dir='ltr'>δὲ</span> <span class='ocrx_word' id='word_1_135' title='bbox 380 817 397 852; x_wconf 84' lang='grc' dir='ltr'><strong>ή</strong></span> <span class='ocrx_word' id='word_1_136' title='bbox 421 816 492 852; x_wconf 82' lang='grc' dir='ltr'>αὐτὴ</span> <span class='ocrx_word' id='word_1_137' title='bbox 508 817 572 850; x_wconf 79' lang='grc' dir='ltr'>δόξα</span> <span class='ocrx_word' id='word_1_138' title='bbox 593 817 710 852; x_wconf 73' lang='grc' dir='ltr'>ψεύδους</span> <span class='ocrx_word' id='word_1_139' title='bbox 732 818 842 853; x_wconf 76' lang='grc' dir='ltr'>ἐγένετο</span> 
     </span>
    </p>
   </div>
   <div class='ocr_carea' id='block_1_18' title="bbox 72 855 839 898">
    <p class='ocr_par' dir='ltr' id='par_1_18' title="bbox 72 855 839 898">
     <span class='ocr_line' id='line_1_18' title="bbox 72 855 839 898; baseline 0.012 -16"><span class='ocrx_word' id='word_1_140' title='bbox 72 855 175 893; x_wconf 75' lang='grc' dir='ltr'>δεκτική.</span> <span class='ocrx_word' id='word_1_141' title='bbox 198 859 269 886; x_wconf 76' lang='grc' dir='ltr'>Ἀλλ’</span> <span class='ocrx_word' id='word_1_142' title='bbox 287 860 312 887; x_wconf 80' lang='lat' dir='ltr'><strong>oi</strong></span> <span class='ocrx_word' id='word_1_143' title='bbox 336 860 386 896; x_wconf 81' lang='grc' dir='ltr'>μὲν</span> <span class='ocrx_word' id='word_1_144' title='bbox 411 861 605 897; x_wconf 80' lang='grc' dir='ltr'>διαποροῦντες</span> <span class='ocrx_word' id='word_1_145' title='bbox 628 862 715 894; x_wconf 79' lang='grc' dir='ltr'>οὕτως</span> <span class='ocrx_word' id='word_1_146' title='bbox 740 865 839 898; x_wconf 77' lang='grc' dir='ltr'>φασιν·</span> 
     </span>
    </p>
   </div>
   <div class='ocr_carea' id='block_1_19' title="bbox 72 902 841 945">
    <p class='ocr_par' dir='ltr' id='par_1_19' title="bbox 72 902 841 945">
     <span class='ocr_line' id='line_1_19' title="bbox 72 902 841 945; baseline 0.012 -17"><span class='ocrx_word' id='word_1_147' title='bbox 72 902 173 930; x_wconf 70' lang='grc' dir='ltr'>ίστωσαν</span> <span class='ocrx_word' id='word_1_148' title='bbox 187 904 223 937; x_wconf 77' lang='grc' dir='ltr'>δὲ,</span> <span class='ocrx_word' id='word_1_149' title='bbox 240 906 282 932; x_wconf 86' lang='grc' dir='ltr'>ὅτι</span> <span class='ocrx_word' id='word_1_150' title='bbox 298 907 328 933; x_wconf 88' lang='grc' dir='ltr'><strong>οὐ</strong></span> <span class='ocrx_word' id='word_1_151' title='bbox 344 907 416 934; x_wconf 80' lang='grc' dir='ltr'>κατὰ</span> <span class='ocrx_word' id='word_1_152' title='bbox 433 907 483 944; x_wconf 84' lang='grc' dir='ltr'>τὴν</span> <span class='ocrx_word' id='word_1_153' title='bbox 504 908 573 936; x_wconf 80' lang='grc' dir='ltr'>ἰδίαν</span> <span class='ocrx_word' id='word_1_154' title='bbox 591 909 743 945; x_wconf 77' lang='grc' dir='ltr'>μεταϐολὴν</span> <span class='ocrx_word' id='word_1_155' title='bbox 766 910 780 936; x_wconf 89' lang='lat'><strong>6</strong></span> <span class='ocrx_word' id='word_1_156' title='bbox 797 909 841 937; x_wconf 90' lang='grc' dir='ltr'>λό-</span> 
     </span>
    </p>
   </div>
   <div class='ocr_carea' id='block_1_20' title="bbox 71 949 844 992">
    <p class='ocr_par' dir='ltr' id='par_1_20' title="bbox 71 949 844 992">
     <span class='ocr_line' id='line_1_20' title="bbox 71 949 844 992; baseline 0.012 -17"><span class='ocrx_word' id='word_1_157' title='bbox 71 955 109 980; x_wconf 77' lang='grc' dir='ltr'><strong>γος</strong></span> <span class='ocrx_word' id='word_1_158' title='bbox 127 949 216 983; x_wconf 82' lang='grc' dir='ltr'>γέγονε</span> <span class='ocrx_word' id='word_1_159' title='bbox 235 951 350 987; x_wconf 71' lang='grc' dir='ltr'>ψεύδους</span> <span class='ocrx_word' id='word_1_160' title='bbox 364 954 412 980; x_wconf 81' lang='grc' dir='ltr'><strong>καὶ</strong></span> <span class='ocrx_word' id='word_1_161' title='bbox 426 953 556 989; x_wconf 82' lang='grc' dir='ltr'>ἀληθείας</span> <span class='ocrx_word' id='word_1_162' title='bbox 571 955 695 987; x_wconf 78' lang='grc' dir='ltr'>δεκτικὸς</span> <span class='ocrx_word' id='word_1_163' title='bbox 705 976 713 988; x_wconf 92' lang='grc'><strong>,</strong></span> <span class='ocrx_word' id='word_1_164' title='bbox 731 957 761 983; x_wconf 85' lang='grc' dir='ltr'><strong>οὐ</strong></span> <span class='ocrx_word' id='word_1_165' title='bbox 789 957 844 992; x_wconf 83' lang='grc' dir='ltr'>μὴν</span> 
     </span>
    </p>
   </div>
   <div class='ocr_carea' id='block_1_21' title="bbox 71 994 844 1038">
    <p class='ocr_par' dir='ltr' id='par_1_21' title="bbox 71 994 844 1038">
     <span class='ocr_line' id='line_1_21' title="bbox 71 994 844 1038; baseline 0.01 -16"><span class='ocrx_word' id='word_1_166' title='bbox 71 994 120 1022; x_wconf 72' lang='grc' dir='ltr'>οὐδὲ</span> <span class='ocrx_word' id='word_1_167' title='bbox 135 997 222 1032; x_wconf 80' lang='grc' dir='ltr'>ήδόξα</span> <span class='ocrx_word' id='word_1_168' title='bbox 233 1018 241 1030; x_wconf 85' lang='grc'><strong>,</strong></span> <span class='ocrx_word' id='word_1_169' title='bbox 259 999 328 1026; x_wconf 77' lang='grc' dir='ltr'>ἀλλὰ</span> <span class='ocrx_word' id='word_1_170' title='bbox 348 1001 448 1036; x_wconf 80' lang='grc' dir='ltr'>μᾶλλον</span> <span class='ocrx_word' id='word_1_171' title='bbox 461 1002 531 1029; x_wconf 81' lang='grc' dir='ltr'>κατὰ</span> <span class='ocrx_word' id='word_1_172' title='bbox 551 1002 601 1038; x_wconf 82' lang='grc' dir='ltr'>τὴν</span> <span class='ocrx_word' id='word_1_173' title='bbox 616 1003 664 1029; x_wconf 85' lang='grc' dir='ltr'>τοῦ</span> <span class='ocrx_word' id='word_1_174' title='bbox 680 1003 844 1038; x_wconf 80' lang='grc' dir='ltr'>πράγματος</span> 
     </span>
    </p>
   </div>
   <div class='ocr_carea' id='block_1_22' title="bbox 70 1040 842 1086">
    <p class='ocr_par' dir='ltr' id='par_1_22' title="bbox 70 1040 842 1086">
     <span class='ocr_line' id='line_1_22' title="bbox 70 1040 842 1086; baseline 0.014 -19"><span class='ocrx_word' id='word_1_175' title='bbox 70 1040 219 1079; x_wconf 69' lang='grc' dir='ltr'>ἐναλλαγὴν,</span> <span class='ocrx_word' id='word_1_176' title='bbox 237 1046 307 1082; x_wconf 83' lang='grc' dir='ltr'>ὅπερ</span> <span class='ocrx_word' id='word_1_177' title='bbox 325 1047 340 1083; x_wconf 87' lang='grc' dir='ltr'><strong>ή</strong></span> <span class='ocrx_word' id='word_1_178' title='bbox 362 1047 412 1083; x_wconf 78' lang='grc' dir='ltr'>μὲν</span> <span class='ocrx_word' id='word_1_179' title='bbox 427 1048 563 1082; x_wconf 76' lang='grc' dir='ltr'>ἐδόξασεν,</span> <span class='ocrx_word' id='word_1_180' title='bbox 580 1050 594 1076; x_wconf 82' lang='grc' dir='ltr'><strong>ό</strong></span> <span class='ocrx_word' id='word_1_181' title='bbox 607 1049 635 1076; x_wconf 85' lang='grc' dir='ltr'>δὲ</span> <span class='ocrx_word' id='word_1_182' title='bbox 653 1050 842 1086; x_wconf 83' lang='grc' dir='ltr'>ἀπήγγειλεν·</span> 
     </span>
    </p>
   </div>
   <div class='ocr_carea' id='block_1_23' title="bbox 70 1088 844 1131">
    <p class='ocr_par' dir='ltr' id='par_1_23' title="bbox 70 1088 844 1131">
     <span class='ocr_line' id='line_1_23' title="bbox 70 1088 844 1131; baseline 0.013 -16"><span class='ocrx_word' id='word_1_183' title='bbox 70 1088 90 1114; x_wconf 84' lang='grc' dir='ltr'><strong>εί</strong></span> <span class='ocrx_word' id='word_1_184' title='bbox 102 1089 148 1125; x_wconf 81' lang='grc' dir='ltr'><strong>γὰρ</strong></span> <span class='ocrx_word' id='word_1_185' title='bbox 164 1092 200 1127; x_wconf 82' lang='grc' dir='ltr'>μὴ</span> <span class='ocrx_word' id='word_1_186' title='bbox 216 1092 365 1127; x_wconf 79' lang='grc' dir='ltr'>μετέόαλεν</span> <span class='ocrx_word' id='word_1_187' title='bbox 379 1095 393 1120; x_wconf 93' lang='lat'><strong>6</strong></span> <span class='ocrx_word' id='word_1_188' title='bbox 404 1095 554 1131; x_wconf 84' lang='grc' dir='ltr'>Σωκράτης</span> <span class='ocrx_word' id='word_1_189' title='bbox 571 1096 603 1123; x_wconf 80' lang='grc' dir='ltr'>ὲκ</span> <span class='ocrx_word' id='word_1_190' title='bbox 617 1097 663 1123; x_wconf 84' lang='grc' dir='ltr'>τοῦ</span> <span class='ocrx_word' id='word_1_191' title='bbox 680 1097 844 1130; x_wconf 79' lang='grc' dir='ltr'>καθέζεσθαι</span> 
     </span>
    </p>
   </div>
   <div class='ocr_carea' id='block_1_24' title="bbox 70 1134 844 1179">
    <p class='ocr_par' dir='ltr' id='par_1_24' title="bbox 70 1134 844 1179">
     <span class='ocr_line' id='line_1_24' title="bbox 70 1134 844 1179; baseline 0.013 -19"><span class='ocrx_word' id='word_1_192' title='bbox 70 1134 188 1170; x_wconf 76' lang='grc' dir='ltr'>ἀναστὰς,</span> <span class='ocrx_word' id='word_1_193' title='bbox 208 1138 259 1165; x_wconf 80' lang='grc' dir='ltr'><strong>οὐκ</strong></span> <span class='ocrx_word' id='word_1_194' title='bbox 285 1138 318 1166; x_wconf 83' lang='grc' dir='ltr'>ἄν</span> <span class='ocrx_word' id='word_1_195' title='bbox 337 1148 404 1166; x_wconf 80' lang='grc' dir='ltr'>ποτε</span> <span class='ocrx_word' id='word_1_196' title='bbox 428 1141 442 1167; x_wconf 89' lang='lat'><strong>6</strong></span> <span class='ocrx_word' id='word_1_197' title='bbox 461 1141 507 1167; x_wconf 77' lang='grc' dir='ltr'><strong>τὸν</strong></span> <span class='ocrx_word' id='word_1_198' title='bbox 531 1142 680 1178; x_wconf 80' lang='grc' dir='ltr'>Σωκράτην</span> <span class='ocrx_word' id='word_1_199' title='bbox 708 1143 844 1179; x_wconf 83' lang='grc' dir='ltr'>καθῆσθαι</span> 
     </span>
    </p>
   </div>
   <div class='ocr_carea' id='block_1_25' title="bbox 70 1178 843 1224">
    <p class='ocr_par' dir='ltr' id='par_1_25' title="bbox 70 1178 843 1224">
     <span class='ocr_line' id='line_1_25' title="bbox 70 1178 843 1224; baseline 0.013 -18"><span class='ocrx_word' id='word_1_200' title='bbox 70 1178 142 1214; x_wconf 82' lang='grc' dir='ltr'>λέγων</span> <span class='ocrx_word' id='word_1_201' title='bbox 161 1182 271 1216; x_wconf 72' lang='grc' dir='ltr'>ἐγένετο</span> <span class='ocrx_word' id='word_1_202' title='bbox 283 1184 362 1219; x_wconf 83' lang='grc' dir='ltr'>λόγος</span> <span class='ocrx_word' id='word_1_203' title='bbox 375 1185 490 1221; x_wconf 83' lang='grc' dir='ltr'>ψευδὴς,</span> <span class='ocrx_word' id='word_1_204' title='bbox 505 1187 563 1213; x_wconf 81' lang='grc' dir='ltr'>ἀλλ’</span> <span class='ocrx_word' id='word_1_205' title='bbox 580 1187 634 1213; x_wconf 77' lang='grc' dir='ltr'>οὐδ’</span> <span class='ocrx_word' id='word_1_206' title='bbox 655 1189 671 1224; x_wconf 85' lang='grc' dir='ltr'><strong>ή</strong></span> <span class='ocrx_word' id='word_1_207' title='bbox 689 1188 753 1220; x_wconf 80' lang='grc' dir='ltr'>δόξα</span> <span class='ocrx_word' id='word_1_208' title='bbox 769 1188 824 1223; x_wconf 70' lang='grc'><strong>(49)</strong></span> <span class='ocrx_word' id='word_1_209' title='bbox 836 1196 843 1204; x_wconf 90' lang='grc'><strong>·</strong></span> 
     </span>
    </p>
   </div>
   <div class='ocr_carea' id='block_1_26' title="bbox 70 1224 845 1268">
    <p class='ocr_par' dir='ltr' id='par_1_26' title="bbox 70 1224 845 1268">
     <span class='ocr_line' id='line_1_26' title="bbox 70 1224 845 1268; baseline 0.014 -18"><span class='ocrx_word' id='word_1_210' title='bbox 70 1224 127 1252; x_wconf 70' lang='grc' dir='ltr'>ὥστε</span> <span class='ocrx_word' id='word_1_211' title='bbox 138 1228 182 1254; x_wconf 86' lang='grc' dir='ltr'>καὶ</span> <span class='ocrx_word' id='word_1_212' title='bbox 196 1229 228 1255; x_wconf 80' lang='grc' dir='ltr'>ὲκ</span> <span class='ocrx_word' id='word_1_213' title='bbox 238 1230 335 1257; x_wconf 81' lang='grc' dir='ltr'>τούτου</span> <span class='ocrx_word' id='word_1_214' title='bbox 348 1231 425 1267; x_wconf 86' lang='grc' dir='ltr'>δῆλον</span> <span class='ocrx_word' id='word_1_215' title='bbox 435 1252 443 1263; x_wconf 91' lang='grc'><strong>,</strong></span> <span class='ocrx_word' id='word_1_216' title='bbox 459 1232 496 1264; x_wconf 87' lang='grc' dir='ltr'>ὠς</span> <span class='ocrx_word' id='word_1_217' title='bbox 510 1233 628 1268; x_wconf 84' lang='grc' dir='ltr'>μάλιστα</span> <span class='ocrx_word' id='word_1_218' title='bbox 643 1233 709 1260; x_wconf 83' lang='grc' dir='ltr'>ῐδιόν</span> <span class='ocrx_word' id='word_1_219' title='bbox 723 1235 781 1260; x_wconf 78' lang='grc' dir='ltr'>ἐστι</span> <span class='ocrx_word' id='word_1_220' title='bbox 795 1235 845 1268; x_wconf 74' lang='grc' dir='ltr'>τῆς</span> 
     </span>
    </p>
   </div>
   <div class='ocr_carea' id='block_1_27' title="bbox 69 1271 844 1316">
    <p class='ocr_par' dir='ltr' id='par_1_27' title="bbox 69 1271 844 1316">
     <span class='ocr_line' id='line_1_27' title="bbox 69 1271 844 1316; baseline 0.013 -19"><span class='ocrx_word' id='word_1_221' title='bbox 69 1271 154 1307; x_wconf 66' lang='grc' dir='ltr'>οὐσίας,</span> <span class='ocrx_word' id='word_1_222' title='bbox 168 1275 197 1301; x_wconf 82' lang='grc' dir='ltr'>τὸ</span> <span class='ocrx_word' id='word_1_223' title='bbox 213 1275 410 1312; x_wconf 80' lang='grc' dir='ltr'>ἀποδεδόμενον</span> <span class='ocrx_word' id='word_1_224' title='bbox 437 1278 521 1305; x_wconf 67' lang='grc' dir='ltr'>ῐδιονσ</span> <span class='ocrx_word' id='word_1_225' title='bbox 545 1279 576 1305; x_wconf 90' lang='grc' dir='ltr'><strong>οὐ</strong></span> <span class='ocrx_word' id='word_1_226' title='bbox 598 1279 677 1314; x_wconf 88' lang='grc' dir='ltr'>μόνον</span> <span class='ocrx_word' id='word_1_227' title='bbox 701 1280 756 1315; x_wconf 83' lang='grc' dir='ltr'>γὰρ</span> <span class='ocrx_word' id='word_1_228' title='bbox 775 1280 844 1316; x_wconf 81' lang='grc' dir='ltr'>αὐτὴ</span> 
     </span>
    </p>
   </div>
   <div class='ocr_carea' id='block_1_28' title="bbox 72 1317 846 1360">
    <p class='ocr_par' dir='ltr' id='par_1_28' title="bbox 72 1317 846 1360">
     <span class='ocr_line' id='line_1_28' title="bbox 72 1317 846 1360; baseline 0.009 -15"><span class='ocrx_word' id='word_1_229' title='bbox 72 1317 160 1352; x_wconf 75' lang='grc' dir='ltr'>πέφυκε</span> <span class='ocrx_word' id='word_1_230' title='bbox 175 1320 303 1356; x_wconf 82' lang='grc' dir='ltr'>δέχεσθαι</span> <span class='ocrx_word' id='word_1_231' title='bbox 326 1324 457 1351; x_wconf 78' lang='grc' dir='ltr'>τάναντία</span> <span class='ocrx_word' id='word_1_232' title='bbox 472 1325 543 1351; x_wconf 83' lang='grc' dir='ltr'>κατὰ</span> <span class='ocrx_word' id='word_1_233' title='bbox 565 1325 614 1360; x_wconf 77' lang='grc' dir='ltr'><strong>τὴν</strong></span> <span class='ocrx_word' id='word_1_234' title='bbox 634 1325 735 1360; x_wconf 78' lang='grc' dir='ltr'>ἑαυτῆς</span> <span class='ocrx_word' id='word_1_235' title='bbox 762 1335 846 1360; x_wconf 81' lang='grc' dir='ltr'>μετα-</span> 
     </span>
    </p>
   </div>
   <div class='ocr_carea' id='block_1_29' title="bbox 70 1363 846 1408">
    <p class='ocr_par' dir='ltr' id='par_1_29' title="bbox 70 1363 846 1408">
     <span class='ocr_line' id='line_1_29' title="bbox 70 1363 846 1408; baseline 0.012 -17"><span class='ocrx_word' id='word_1_236' title='bbox 70 1363 147 1400; x_wconf 58' lang='lat' dir='ltr'><strong>Soli-iv,</strong></span> <span class='ocrx_word' id='word_1_237' title='bbox 162 1367 228 1394; x_wconf 79' lang='grc' dir='ltr'><strong>ἀλλὰ</strong></span> <span class='ocrx_word' id='word_1_238' title='bbox 241 1369 289 1396; x_wconf 83' lang='grc' dir='ltr'>καὶ</span> <span class='ocrx_word' id='word_1_239' title='bbox 305 1370 410 1406; x_wconf 82' lang='grc' dir='ltr'>ἑτέροις</span> <span class='ocrx_word' id='word_1_240' title='bbox 432 1371 654 1408; x_wconf 72' lang='grc' dir='ltr'>μεταϐαλλομὲνη</span> <span class='ocrx_word' id='word_1_241' title='bbox 672 1372 728 1408; x_wconf 81' lang='grc'>(50)</span> <span class='ocrx_word' id='word_1_242' title='bbox 742 1373 846 1406; x_wconf 87' lang='grc' dir='ltr'>γίνεται</span> 
     </span>
    </p>
   </div>
   <div class='ocr_carea' id='block_1_30' title="bbox 70 1411 846 1451">
    <p class='ocr_par' dir='ltr' id='par_1_30' title="bbox 70 1411 846 1451">
     <span class='ocr_line' id='line_1_30' title="bbox 70 1411 846 1451; baseline 0.013 -15"><span class='ocrx_word' id='word_1_243' title='bbox 70 1411 132 1438; x_wconf 80' lang='grc' dir='ltr'>αἰτία</span> <span class='ocrx_word' id='word_1_244' title='bbox 156 1414 200 1440; x_wconf 78' lang='grc' dir='ltr'>τοῦ</span> <span class='ocrx_word' id='word_1_245' title='bbox 224 1415 314 1442; x_wconf 76' lang='grc' dir='ltr'>δοκεῖν</span> <span class='ocrx_word' id='word_1_246' title='bbox 337 1416 408 1443; x_wconf 83' lang='grc' dir='ltr'>αὐτὰ</span> <span class='ocrx_word' id='word_1_247' title='bbox 435 1417 559 1451; x_wconf 84' lang='grc' dir='ltr'>γίνεσθαι</span> <span class='ocrx_word' id='word_1_248' title='bbox 576 1417 630 1444; x_wconf 85' lang='grc' dir='ltr'>τῶν</span> <span class='ocrx_word' id='word_1_249' title='bbox 654 1419 785 1446; x_wconf 80' lang='grc' dir='ltr'>ἐναντίων</span> <span class='ocrx_word' id='word_1_250' title='bbox 803 1419 846 1445; x_wconf 82' lang='grc' dir='ltr'>δε-</span> 
     </span>
    </p>
   </div>
   <div class='ocr_carea' id='block_1_31' title="bbox 71 1459 846 1500">
    <p class='ocr_par' dir='ltr' id='par_1_31' title="bbox 71 1459 846 1500">
     <span class='ocr_line' id='line_1_31' title="bbox 71 1459 846 1500; baseline 0.012 -17"><span class='ocrx_word' id='word_1_251' title='bbox 71 1459 154 1500; x_wconf 62' lang='grc' dir='ltr'>κτικά·</span> <span class='ocrx_word' id='word_1_252' title='bbox 168 1461 181 1486; x_wconf 90' lang='lat'><strong>6</strong></span> <span class='ocrx_word' id='word_1_253' title='bbox 193 1461 259 1495; x_wconf 81' lang='grc' dir='ltr'>γοῦν</span> <span class='ocrx_word' id='word_1_254' title='bbox 274 1462 353 1496; x_wconf 84' lang='grc' dir='ltr'>λόγος</span> <span class='ocrx_word' id='word_1_255' title='bbox 366 1463 413 1490; x_wconf 77' lang='grc' dir='ltr'>καὶ</span> <span class='ocrx_word' id='word_1_256' title='bbox 429 1464 446 1499; x_wconf 86' lang='grc' dir='ltr'><strong>ή</strong></span> <span class='ocrx_word' id='word_1_257' title='bbox 459 1463 532 1496; x_wconf 68' lang='grc' dir='ltr'>δόξα,</span> <span class='ocrx_word' id='word_1_258' title='bbox 547 1465 572 1491; x_wconf 82' lang='grc' dir='ltr'>εἰ</span> <span class='ocrx_word' id='word_1_259' title='bbox 581 1465 628 1491; x_wconf 86' lang='grc' dir='ltr'>καὶ</span> <span class='ocrx_word' id='word_1_260' title='bbox 641 1464 846 1500; x_wconf 84' lang='grc' dir='ltr'>συγχωρηθεῖεν</span> 
     </span>
    </p>
   </div>
   <div class='ocr_carea' id='block_1_32' title="bbox 72 1499 847 1546">
    <p class='ocr_par' dir='ltr' id='par_1_32' title="bbox 72 1499 847 1546">
     <span class='ocr_line' id='line_1_32' title="bbox 72 1499 847 1546; baseline 0.013 -18"><span class='ocrx_word' id='word_1_261' title='bbox 72 1499 129 1530; x_wconf 75' lang='grc' dir='ltr'>εἷναι</span> <span class='ocrx_word' id='word_1_262' title='bbox 152 1505 205 1533; x_wconf 84' lang='grc' dir='ltr'><strong>τῶν</strong></span> <span class='ocrx_word' id='word_1_263' title='bbox 233 1507 364 1534; x_wconf 72' lang='grc' dir='ltr'>ἐναντίων</span> <span class='ocrx_word' id='word_1_264' title='bbox 380 1508 493 1536; x_wconf 77' lang='grc' dir='ltr'>δεκτικὰ</span> <span class='ocrx_word' id='word_1_265' title='bbox 503 1530 510 1542; x_wconf 93' lang='grc'><strong>,</strong></span> <span class='ocrx_word' id='word_1_266' title='bbox 536 1509 593 1536; x_wconf 77' lang='grc' dir='ltr'>ἀλλ’</span> <span class='ocrx_word' id='word_1_267' title='bbox 607 1510 658 1537; x_wconf 87' lang='grc' dir='ltr'><strong>οὐκ</strong></span> <span class='ocrx_word' id='word_1_268' title='bbox 672 1499 711 1537; x_wconf 79' lang='grc' dir='ltr'>ἂν</span> <span class='ocrx_word' id='word_1_269' title='bbox 727 1499 847 1546; x_wconf 78' lang='grc' dir='ltr'><strong>λεχθεῖεν</strong></span> 
     </span>
    </p>
   </div>
   <div class='ocr_carea' id='block_1_33' title="bbox 890 264 1681 301">
    <p class='ocr_par' dir='ltr' id='par_1_33' title="bbox 890 264 1681 301">
     <span class='ocr_line' id='line_1_33' title="bbox 890 264 1681 301; baseline 0.005 -11"><span class='ocrx_word' id='word_1_270' title='bbox 890 265 1070 292; x_wconf 77' lang='lat' dir='ltr'><strong>convertitur.</strong></span> <span class='ocrx_word' id='word_1_271' title='bbox 1090 264 1251 293; x_wconf 86' lang='lat' dir='ltr'><strong>Substantia</strong></span> <span class='ocrx_word' id='word_1_272' title='bbox 1265 265 1338 292; x_wconf 85' lang='lat' dir='ltr'><strong>enim</strong></span> <span class='ocrx_word' id='word_1_273' title='bbox 1359 266 1448 294; x_wconf 94' lang='lat' dir='ltr'><strong>omnis</strong></span> <span class='ocrx_word' id='word_1_274' title='bbox 1459 271 1486 294; x_wconf 90' lang='lat' dir='ltr'><strong>et</strong></span> <span class='ocrx_word' id='word_1_275' title='bbox 1499 267 1556 294; x_wconf 87' lang='lat' dir='ltr'><strong>sola</strong></span> <span class='ocrx_word' id='word_1_276' title='bbox 1573 275 1681 301; x_wconf 87' lang='lat' dir='ltr'><strong>perma-</strong></span> 
     </span>
    </p>
   </div>
   <div class='ocr_carea' id='block_1_34' title="bbox 891 311 1680 348">
    <p class='ocr_par' dir='ltr' id='par_1_34' title="bbox 891 311 1680 348">
     <span class='ocr_line' id='line_1_34' title="bbox 891 311 1680 348; baseline 0.004 -11"><span class='ocrx_word' id='word_1_277' title='bbox 891 317 959 338; x_wconf 88' lang='lat' dir='ltr'><strong>nens</strong></span> <span class='ocrx_word' id='word_1_278' title='bbox 973 311 1136 343; x_wconf 75' lang='lat' dir='ltr'><strong>substantia,</strong></span> <span class='ocrx_word' id='word_1_279' title='bbox 1153 315 1256 338; x_wconf 87' lang='lat' dir='ltr'><strong>mutata</strong></span> <span class='ocrx_word' id='word_1_280' title='bbox 1282 315 1372 339; x_wconf 86' lang='lat' dir='ltr'><strong>tamen</strong></span> <span class='ocrx_word' id='word_1_281' title='bbox 1402 313 1491 347; x_wconf 91' lang='lat' dir='ltr'><strong>quoad</strong></span> <span class='ocrx_word' id='word_1_282' title='bbox 1515 314 1680 348; x_wconf 84' lang='lat' dir='ltr'><strong>qualitates.</strong></span> 
     </span>
    </p>
   </div>
   <div class='ocr_carea' id='block_1_35' title="bbox 891 356 1681 393">
    <p class='ocr_par' dir='ltr' id='par_1_35' title="bbox 891 356 1681 393">
     <span class='ocr_line' id='line_1_35' title="bbox 891 356 1681 393; baseline 0.003 -9"><span class='ocrx_word' id='word_1_283' title='bbox 891 356 921 384; x_wconf 83' lang='lat' dir='ltr'><strong>ﬁt</strong></span> <span class='ocrx_word' id='word_1_284' title='bbox 936 356 1033 391; x_wconf 76' lang='lat' dir='ltr'><strong>frigida</strong></span> <span class='ocrx_word' id='word_1_285' title='bbox 1052 362 1079 383; x_wconf 87' lang='lat' dir='ltr'><strong>et</strong></span> <span class='ocrx_word' id='word_1_286' title='bbox 1093 357 1192 389; x_wconf 83' lang='lat' dir='ltr'><strong>calida,</strong></span> <span class='ocrx_word' id='word_1_287' title='bbox 1207 358 1248 385; x_wconf 90' lang='lat' dir='ltr'><strong>vel</strong></span> <span class='ocrx_word' id='word_1_288' title='bbox 1264 357 1337 391; x_wconf 88' lang='lat' dir='ltr'><strong>jnsta</strong></span> <span class='ocrx_word' id='word_1_289' title='bbox 1358 363 1385 386; x_wconf 90' lang='lat' dir='ltr'><strong>et</strong></span> <span class='ocrx_word' id='word_1_290' title='bbox 1401 359 1511 393; x_wconf 82' lang='lat' dir='ltr'><strong>injusta,</strong></span> <span class='ocrx_word' id='word_1_291' title='bbox 1534 360 1576 386; x_wconf 96' lang='lat' dir='ltr'><strong>vel</strong></span> <span class='ocrx_word' id='word_1_292' title='bbox 1591 360 1681 388; x_wconf 84' lang='lat' dir='ltr'><strong>conti-</strong></span> 
     </span>
    </p>
   </div>
   <div class='ocr_carea' id='block_1_36' title="bbox 891 400 1682 440">
    <p class='ocr_par' dir='ltr' id='par_1_36' title="bbox 891 400 1682 440">
     <span class='ocr_line' id='line_1_36' title="bbox 891 400 1682 440; baseline 0.004 -11"><span class='ocrx_word' id='word_1_293' title='bbox 891 410 960 429; x_wconf 90' lang='lat' dir='ltr'><strong>nens</strong></span> <span class='ocrx_word' id='word_1_294' title='bbox 975 406 1002 429; x_wconf 88' lang='lat' dir='ltr'><strong>et</strong></span> <span class='ocrx_word' id='word_1_295' title='bbox 1011 400 1154 436; x_wconf 78' lang='lat' dir='ltr'><strong>effrenata,</strong></span> <span class='ocrx_word' id='word_1_296' title='bbox 1167 403 1210 430; x_wconf 87' lang='lat' dir='ltr'><strong>vel</strong></span> <span class='ocrx_word' id='word_1_297' title='bbox 1223 403 1345 438; x_wconf 84' lang='lat' dir='ltr'><strong>prudens</strong></span> <span class='ocrx_word' id='word_1_298' title='bbox 1358 409 1385 432; x_wconf 90' lang='lat' dir='ltr'><strong>et</strong></span> <span class='ocrx_word' id='word_1_299' title='bbox 1397 404 1546 433; x_wconf 79' lang='lat' dir='ltr'><strong>insaniens.</strong></span> <span class='ocrx_word' id='word_1_300' title='bbox 1560 407 1602 433; x_wconf 88' lang='lat' dir='ltr'><strong>vel</strong></span> <span class='ocrx_word' id='word_1_301' title='bbox 1614 405 1682 440; x_wconf 89' lang='lat' dir='ltr'><strong>quid</strong></span> 
     </span>
    </p>
   </div>
   <div class='ocr_carea' id='block_1_37' title="bbox 892 448 1682 486">
    <p class='ocr_par' dir='ltr' id='par_1_37' title="bbox 892 448 1682 486">
     <span class='ocr_line' id='line_1_37' title="bbox 892 448 1682 486; baseline 0.004 -11"><span class='ocrx_word' id='word_1_302' title='bbox 892 448 1036 475; x_wconf 82' lang='lat' dir='ltr'><strong>similium.</strong></span> <span class='ocrx_word' id='word_1_303' title='bbox 1051 448 1092 475; x_wconf 93' lang='lat' dir='ltr'><strong>An</strong></span> <span class='ocrx_word' id='word_1_304' title='bbox 1111 455 1174 476; x_wconf 87' lang='lat' dir='ltr'><strong>vero</strong></span> <span class='ocrx_word' id='word_1_305' title='bbox 1188 453 1215 477; x_wconf 89' lang='lat' dir='ltr'><strong>et</strong></span> <span class='ocrx_word' id='word_1_306' title='bbox 1230 449 1385 477; x_wconf 87' lang='lat' dir='ltr'><strong>substantia</strong></span> <span class='ocrx_word' id='word_1_307' title='bbox 1396 469 1404 482; x_wconf 89' lang='lat'><strong>,</strong></span> <span class='ocrx_word' id='word_1_308' title='bbox 1421 458 1482 486; x_wconf 66' lang='lat' dir='ltr'><strong>qua:</strong></span> <span class='ocrx_word' id='word_1_309' title='bbox 1495 451 1577 478; x_wconf 82' lang='lat' dir='ltr'><strong>veluti</strong></span> <span class='ocrx_word' id='word_1_310' title='bbox 1593 457 1682 479; x_wconf 89' lang='lat' dir='ltr'><strong>mate-</strong></span> 
     </span>
    </p>
   </div>
   <div class='ocr_carea' id='block_1_38' title="bbox 891 494 1681 533">
    <p class='ocr_par' dir='ltr' id='par_1_38' title="bbox 891 494 1681 533">
     <span class='ocr_line' id='line_1_38' title="bbox 891 494 1681 533; baseline 0.005 -13"><span class='ocrx_word' id='word_1_311' title='bbox 891 495 932 521; x_wconf 85' lang='lat' dir='ltr'><strong>ria</strong></span> <span class='ocrx_word' id='word_1_312' title='bbox 950 500 1004 526; x_wconf 85' lang='lat' dir='ltr'><strong>est,</strong></span> <span class='ocrx_word' id='word_1_313' title='bbox 1032 494 1167 529; x_wconf 77' lang='lat' dir='ltr'><strong>ejusmodi</strong></span> <span class='ocrx_word' id='word_1_314' title='bbox 1195 495 1261 530; x_wconf 91' lang='lat' dir='ltr'><strong>quid</strong></span> <span class='ocrx_word' id='word_1_315' title='bbox 1291 496 1442 529; x_wconf 88' lang='lat' dir='ltr'><strong>acciderit,</strong></span> <span class='ocrx_word' id='word_1_316' title='bbox 1472 503 1526 523; x_wconf 92' lang='lat' dir='ltr'><strong>non</strong></span> <span class='ocrx_word' id='word_1_317' title='bbox 1543 502 1585 524; x_wconf 87' lang='lat' dir='ltr'><strong>est</strong></span> <span class='ocrx_word' id='word_1_318' title='bbox 1601 497 1681 533; x_wconf 85' lang='lat' dir='ltr'><strong>hujus</strong></span> 
     </span>
    </p>
   </div>
   <div class='ocr_carea' id='block_1_39' title="bbox 892 539 1682 575">
    <p class='ocr_par' dir='ltr' id='par_1_39' title="bbox 892 539 1682 575">
     <span class='ocr_line' id='line_1_39' title="bbox 892 539 1682 575; baseline 0.004 -9"><span class='ocrx_word' id='word_1_319' title='bbox 892 540 1023 574; x_wconf 83' lang='lat' dir='ltr'><strong>temporis</strong></span> <span class='ocrx_word' id='word_1_320' title='bbox 1043 540 1205 575; x_wconf 85' lang='lat' dir='ltr'><strong>dijudicare.</strong></span> <span class='ocrx_word' id='word_1_321' title='bbox 1228 539 1281 574; x_wconf 85' lang='lat' dir='ltr'><strong>Qui</strong></span> <span class='ocrx_word' id='word_1_322' title='bbox 1307 549 1376 569; x_wconf 91' lang='lat' dir='ltr'><strong>vero</strong></span> <span class='ocrx_word' id='word_1_323' title='bbox 1395 542 1489 569; x_wconf 90' lang='lat' dir='ltr'><strong>dicunt</strong></span> <span class='ocrx_word' id='word_1_324' title='bbox 1513 542 1595 569; x_wconf 88' lang='lat' dir='ltr'><strong>etiam</strong></span> <span class='ocrx_word' id='word_1_325' title='bbox 1623 551 1682 570; x_wconf 83' lang='lat' dir='ltr'><strong>ser-</strong></span> 
     </span>
    </p>
   </div>
   <div class='ocr_carea' id='block_1_40' title="bbox 892 585 1682 621">
    <p class='ocr_par' dir='ltr' id='par_1_40' title="bbox 892 585 1682 621">
     <span class='ocr_line' id='line_1_40' title="bbox 892 585 1682 621; baseline 0.003 -10"><span class='ocrx_word' id='word_1_326' title='bbox 892 585 965 612; x_wconf 91' lang='lat' dir='ltr'><strong>moni</strong></span> <span class='ocrx_word' id='word_1_327' title='bbox 981 590 1008 612; x_wconf 91' lang='lat' dir='ltr'><strong>et</strong></span> <span class='ocrx_word' id='word_1_328' title='bbox 1021 586 1142 620; x_wconf 84' lang='lat' dir='ltr'><strong>opinioni</strong></span> <span class='ocrx_word' id='word_1_329' title='bbox 1161 585 1232 613; x_wconf 88' lang='lat' dir='ltr'><strong>hanc</strong></span> <span class='ocrx_word' id='word_1_330' title='bbox 1247 587 1394 614; x_wconf 90' lang='lat' dir='ltr'><strong>convenire</strong></span> <span class='ocrx_word' id='word_1_331' title='bbox 1409 586 1604 621; x_wconf 71' lang='lat' dir='ltr'><strong>proprietatem</strong></span> <span class='ocrx_word' id='word_1_332' title='bbox 1614 607 1622 618; x_wconf 94' lang='lat'><strong>,</strong></span> <span class='ocrx_word' id='word_1_333' title='bbox 1640 586 1682 613; x_wconf 86' lang='lat' dir='ltr'><strong>fa-</strong></span> 
     </span>
    </p>
   </div>
   <div class='ocr_carea' id='block_1_41' title="bbox 893 630 1682 663">
    <p class='ocr_par' dir='ltr' id='par_1_41' title="bbox 893 630 1682 663">
     <span class='ocr_line' id='line_1_41' title="bbox 893 630 1682 663; baseline 0.003 -6"><span class='ocrx_word' id='word_1_334' title='bbox 893 630 992 658; x_wconf 89' lang='lat' dir='ltr'><strong>cillime</strong></span> <span class='ocrx_word' id='word_1_335' title='bbox 1023 630 1156 658; x_wconf 82' lang='lat' dir='ltr'><strong>mendacii</strong></span> <span class='ocrx_word' id='word_1_336' title='bbox 1181 631 1395 658; x_wconf 79' lang='lat' dir='ltr'><strong>convincuntur.</strong></span> <span class='ocrx_word' id='word_1_337' title='bbox 1434 631 1541 658; x_wconf 82' lang='lat' dir='ltr'><strong>Etenim</strong></span> <span class='ocrx_word' id='word_1_338' title='bbox 1576 632 1682 663; x_wconf 87' lang='lat' dir='ltr'><strong>dicunt.</strong></span> 
     </span>
    </p>
   </div>
   <div class='ocr_carea' id='block_1_42' title="bbox 892 676 1684 711">
    <p class='ocr_par' dir='ltr' id='par_1_42' title="bbox 892 676 1684 711">
     <span class='ocr_line' id='line_1_42' title="bbox 892 676 1684 711; baseline 0.003 -8"><span class='ocrx_word' id='word_1_339' title='bbox 892 683 1050 704; x_wconf 85' lang='lat' dir='ltr'><strong>sermonem</strong></span> <span class='ocrx_word' id='word_1_340' title='bbox 1068 684 1144 710; x_wconf 82' lang='lat' dir='ltr'><strong>eum,</strong></span> <span class='ocrx_word' id='word_1_341' title='bbox 1167 676 1215 711; x_wconf 87' lang='lat' dir='ltr'><strong>qui</strong></span> <span class='ocrx_word' id='word_1_342' title='bbox 1235 677 1301 704; x_wconf 86' lang='lat' dir='ltr'><strong>dicit</strong></span> <span class='ocrx_word' id='word_1_343' title='bbox 1319 677 1459 705; x_wconf 79' lang='lat' dir='ltr'><strong>Socratem</strong></span> <span class='ocrx_word' id='word_1_344' title='bbox 1476 677 1586 710; x_wconf 84' lang='lat' dir='ltr'><strong>dicere,</strong></span> <span class='ocrx_word' id='word_1_345' title='bbox 1603 686 1684 705; x_wconf 77' lang='lat' dir='ltr'><strong>eunt-</strong></span> 
     </span>
    </p>
   </div>
   <div class='ocr_carea' id='block_1_43' title="bbox 892 724 1686 759">
    <p class='ocr_par' dir='ltr' id='par_1_43' title="bbox 892 724 1686 759">
     <span class='ocr_line' id='line_1_43' title="bbox 892 724 1686 759; baseline 0.001 -9"><span class='ocrx_word' id='word_1_346' title='bbox 892 724 953 751; x_wconf 86' lang='lat' dir='ltr'><strong>dem</strong></span> <span class='ocrx_word' id='word_1_347' title='bbox 977 729 1148 756; x_wconf 87' lang='lat' dir='ltr'><strong>maneulem,</strong></span> <span class='ocrx_word' id='word_1_348' title='bbox 1177 724 1204 751; x_wconf 92' lang='lat' dir='ltr'><strong>in</strong></span> <span class='ocrx_word' id='word_1_349' title='bbox 1231 728 1365 759; x_wconf 75' lang='lat' dir='ltr'><strong>quantum</strong></span> <span class='ocrx_word' id='word_1_350' title='bbox 1392 724 1527 757; x_wconf 83' lang='lat' dir='ltr'><strong>habebat,</strong></span> <span class='ocrx_word' id='word_1_351' title='bbox 1554 725 1626 759; x_wconf 91' lang='lat' dir='ltr'><strong>quod</strong></span> <span class='ocrx_word' id='word_1_352' title='bbox 1649 725 1686 752; x_wconf 89' lang='lat' dir='ltr'><strong>sit</strong></span> 
     </span>
    </p>
   </div>
   <div class='ocr_carea' id='block_1_44' title="bbox 893 769 1685 805">
    <p class='ocr_par' dir='ltr' id='par_1_44' title="bbox 893 769 1685 805">
     <span class='ocr_line' id='line_1_44' title="bbox 893 769 1685 805; baseline 0 -7"><span class='ocrx_word' id='word_1_353' title='bbox 893 777 996 802; x_wconf 84' lang='lat' dir='ltr'><strong>sermo,</strong></span> <span class='ocrx_word' id='word_1_354' title='bbox 1006 770 1126 798; x_wconf 81' lang='lat' dir='ltr'><strong>veritatis</strong></span> <span class='ocrx_word' id='word_1_355' title='bbox 1136 769 1221 797; x_wconf 89' lang='lat' dir='ltr'><strong>fuisse</strong></span> <span class='ocrx_word' id='word_1_356' title='bbox 1236 770 1459 805; x_wconf 71' lang='lat' dir='ltr'><strong>signiticativum,</strong></span> <span class='ocrx_word' id='word_1_357' title='bbox 1474 770 1540 798; x_wconf 92' lang='lat' dir='ltr'><strong>dum</strong></span> <span class='ocrx_word' id='word_1_358' title='bbox 1555 771 1685 798; x_wconf 75' lang='lat' dir='ltr'><strong>Socrates</strong></span> 
     </span>
    </p>
   </div>
   <div class='ocr_carea' id='block_1_45' title="bbox 893 816 1683 848">
    <p class='ocr_par' dir='ltr' id='par_1_45' title="bbox 893 816 1683 848">
     <span class='ocr_line' id='line_1_45' title="bbox 893 816 1683 848; baseline -0.001 -4"><span class='ocrx_word' id='word_1_359' title='bbox 893 816 1016 848; x_wconf 82' lang='lat' dir='ltr'><strong>sederet;</strong></span> <span class='ocrx_word' id='word_1_360' title='bbox 1030 823 1092 843; x_wconf 85' lang='lat' dir='ltr'><strong>cum</strong></span> <span class='ocrx_word' id='word_1_361' title='bbox 1104 824 1169 844; x_wconf 90' lang='lat' dir='ltr'><strong>vero</strong></span> <span class='ocrx_word' id='word_1_362' title='bbox 1181 817 1308 844; x_wconf 82' lang='lat' dir='ltr'><strong>Socrates</strong></span> <span class='ocrx_word' id='word_1_363' title='bbox 1319 819 1491 845; x_wconf 79' lang='lat' dir='ltr'><strong>surrexisset.</strong></span> <span class='ocrx_word' id='word_1_364' title='bbox 1510 817 1683 844; x_wconf 70' lang='lat' dir='ltr'><strong>mendacium</strong></span> 
     </span>
    </p>
   </div>
   <div class='ocr_carea' id='block_1_46' title="bbox 895 857 1686 898">
    <p class='ocr_par' dir='ltr' id='par_1_46' title="bbox 895 857 1686 898">
     <span class='ocr_line' id='line_1_46' title="bbox 895 857 1686 898; baseline -0.003 -8"><span class='ocrx_word' id='word_1_365' title='bbox 895 864 1079 890; x_wconf 87' lang='lat' dir='ltr'><strong>continentem</strong></span> <span class='ocrx_word' id='word_1_366' title='bbox 1100 863 1232 898; x_wconf 87' lang='lat' dir='ltr'><strong>reperiri;</strong></span> <span class='ocrx_word' id='word_1_367' title='bbox 1248 863 1320 890; x_wconf 90' lang='lat' dir='ltr'><strong>unde</strong></span> <span class='ocrx_word' id='word_1_368' title='bbox 1332 863 1401 890; x_wconf 85' lang='lat' dir='ltr'><strong>efIici</strong></span> <span class='ocrx_word' id='word_1_369' title='bbox 1417 857 1515 897; x_wconf 87' lang='lat' dir='ltr'><strong>putant</strong></span> <span class='ocrx_word' id='word_1_370' title='bbox 1529 863 1611 889; x_wconf 88' lang='lat' dir='ltr'><strong>etiam</strong></span> <span class='ocrx_word' id='word_1_371' title='bbox 1628 871 1686 889; x_wconf 87' lang='lat' dir='ltr'><strong>ser-</strong></span> 
     </span>
    </p>
   </div>
   <div class='ocr_carea' id='block_1_47' title="bbox 897 908 1686 943">
    <p class='ocr_par' dir='ltr' id='par_1_47' title="bbox 897 908 1686 943">
     <span class='ocr_line' id='line_1_47' title="bbox 897 908 1686 943; baseline -0.003 -7"><span class='ocrx_word' id='word_1_372' title='bbox 897 916 1005 936; x_wconf 90' lang='lat' dir='ltr'><strong>monem</strong></span> <span class='ocrx_word' id='word_1_373' title='bbox 1022 908 1158 935; x_wconf 86' lang='lat' dir='ltr'><strong>contraria</strong></span> <span class='ocrx_word' id='word_1_374' title='bbox 1173 916 1254 943; x_wconf 84' lang='lat' dir='ltr'><strong>posse</strong></span> <span class='ocrx_word' id='word_1_375' title='bbox 1266 909 1416 943; x_wconf 86' lang='lat' dir='ltr'><strong>suscipere.</strong></span> <span class='ocrx_word' id='word_1_376' title='bbox 1432 908 1566 935; x_wconf 85' lang='lat' dir='ltr'><strong>Similiter</strong></span> <span class='ocrx_word' id='word_1_377' title='bbox 1576 916 1686 943; x_wconf 87' lang='lat' dir='ltr'><strong>quoque</strong></span> 
     </span>
    </p>
   </div>
   <div class='ocr_carea' id='block_1_48' title="bbox 894 954 1686 990">
    <p class='ocr_par' dir='ltr' id='par_1_48' title="bbox 894 954 1686 990">
     <span class='ocr_line' id='line_1_48' title="bbox 894 954 1686 990; baseline 0 -8"><span class='ocrx_word' id='word_1_378' title='bbox 894 955 928 983; x_wconf 91' lang='lat' dir='ltr'><strong>de</strong></span> <span class='ocrx_word' id='word_1_379' title='bbox 944 955 1072 990; x_wconf 87' lang='lat' dir='ltr'><strong>opinione</strong></span> <span class='ocrx_word' id='word_1_380' title='bbox 1086 959 1221 982; x_wconf 85' lang='lat' dir='ltr'><strong>statuunt.</strong></span> <span class='ocrx_word' id='word_1_381' title='bbox 1239 954 1358 982; x_wconf 86' lang='lat' dir='ltr'><strong>Sedente</strong></span> <span class='ocrx_word' id='word_1_382' title='bbox 1383 955 1456 982; x_wconf 90' lang='lat' dir='ltr'><strong>enim</strong></span> <span class='ocrx_word' id='word_1_383' title='bbox 1481 954 1596 982; x_wconf 84' lang='lat' dir='ltr'><strong>Socrate</strong></span> <span class='ocrx_word' id='word_1_384' title='bbox 1622 962 1686 982; x_wconf 83' lang='lat' dir='ltr'><strong>vera</strong></span> 
     </span>
    </p>
   </div>
   <div class='ocr_carea' id='block_1_49' title="bbox 896 1001 1688 1036">
    <p class='ocr_par' dir='ltr' id='par_1_49' title="bbox 896 1001 1688 1036">
     <span class='ocr_line' id='line_1_49' title="bbox 896 1001 1688 1036; baseline -0.001 -8"><span class='ocrx_word' id='word_1_385' title='bbox 896 1001 945 1028; x_wconf 89' lang='lat' dir='ltr'><strong>fuit</strong></span> <span class='ocrx_word' id='word_1_386' title='bbox 961 1001 1072 1036; x_wconf 90' lang='lat' dir='ltr'><strong>opinio,</strong></span> <span class='ocrx_word' id='word_1_387' title='bbox 1095 1009 1155 1036; x_wconf 58' lang='lat' dir='ltr'><strong>quae</strong></span> <span class='ocrx_word' id='word_1_388' title='bbox 1179 1009 1242 1028; x_wconf 92' lang='lat' dir='ltr'><strong>eum</strong></span> <span class='ocrx_word' id='word_1_389' title='bbox 1266 1001 1361 1029; x_wconf 89' lang='lat' dir='ltr'><strong>sedere</strong></span> <span class='ocrx_word' id='word_1_390' title='bbox 1383 1001 1530 1034; x_wconf 83' lang='lat' dir='ltr'><strong>censebat;</strong></span> <span class='ocrx_word' id='word_1_391' title='bbox 1557 1006 1688 1035; x_wconf 80' lang='lat' dir='ltr'><strong>surgente</strong></span> 
     </span>
    </p>
   </div>
   <div class='ocr_carea' id='block_1_50' title="bbox 896 1047 1687 1082">
    <p class='ocr_par' dir='ltr' id='par_1_50' title="bbox 896 1047 1687 1082">
     <span class='ocr_line' id='line_1_50' title="bbox 896 1047 1687 1082; baseline 0 -8"><span class='ocrx_word' id='word_1_392' title='bbox 896 1055 960 1075; x_wconf 81' lang='lat' dir='ltr'><strong>vero</strong></span> <span class='ocrx_word' id='word_1_393' title='bbox 981 1048 1027 1075; x_wconf 92' lang='lat' dir='ltr'><strong>illo</strong></span> <span class='ocrx_word' id='word_1_394' title='bbox 1045 1048 1139 1076; x_wconf 80' lang='lat' dir='ltr'><strong>eadem</strong></span> <span class='ocrx_word' id='word_1_395' title='bbox 1159 1048 1253 1082; x_wconf 89' lang='lat' dir='ltr'><strong>opinio</strong></span> <span class='ocrx_word' id='word_1_396' title='bbox 1270 1047 1386 1075; x_wconf 85' lang='lat' dir='ltr'><strong>mendax</strong></span> <span class='ocrx_word' id='word_1_397' title='bbox 1407 1047 1506 1075; x_wconf 86' lang='lat' dir='ltr'><strong>evasit.</strong></span> <span class='ocrx_word' id='word_1_398' title='bbox 1529 1047 1574 1074; x_wconf 91' lang='lat' dir='ltr'><strong>Sic</strong></span> <span class='ocrx_word' id='word_1_399' title='bbox 1594 1047 1687 1081; x_wconf 80' lang='lat' dir='ltr'><strong>itaque</strong></span> 
     </span>
    </p>
   </div>
   <div class='ocr_carea' id='block_1_51' title="bbox 895 1093 1683 1129">
    <p class='ocr_par' dir='ltr' id='par_1_51' title="bbox 895 1093 1683 1129">
     <span class='ocr_line' id='line_1_51' title="bbox 895 1093 1683 1129; baseline -0.003 -7"><span class='ocrx_word' id='word_1_400' title='bbox 895 1095 989 1122; x_wconf 89' lang='lat' dir='ltr'><strong>dicunt</strong></span> <span class='ocrx_word' id='word_1_401' title='bbox 1006 1095 1052 1129; x_wconf 88' lang='lat' dir='ltr'><strong>qui</strong></span> <span class='ocrx_word' id='word_1_402' title='bbox 1069 1094 1103 1122; x_wconf 88' lang='lat' dir='ltr'><strong>de</strong></span> <span class='ocrx_word' id='word_1_403' title='bbox 1117 1094 1168 1122; x_wconf 81' lang='lat' dir='ltr'><strong>liae</strong></span> <span class='ocrx_word' id='word_1_404' title='bbox 1183 1103 1210 1122; x_wconf 86' lang='lat' dir='ltr'><strong>re</strong></span> <span class='ocrx_word' id='word_1_405' title='bbox 1225 1095 1359 1122; x_wconf 88' lang='lat' dir='ltr'><strong>dubitant.</strong></span> <span class='ocrx_word' id='word_1_406' title='bbox 1380 1093 1481 1121; x_wconf 82' lang='lat' dir='ltr'><strong>Verum</strong></span> <span class='ocrx_word' id='word_1_407' title='bbox 1501 1094 1600 1126; x_wconf 85' lang='lat' dir='ltr'><strong>sriant,</strong></span> <span class='ocrx_word' id='word_1_408' title='bbox 1628 1101 1683 1120; x_wconf 78' lang='lat' dir='ltr'><strong>non</strong></span> 
     </span>
    </p>
   </div>
   <div class='ocr_carea' id='block_1_52' title="bbox 896 1138 1686 1174">
    <p class='ocr_par' dir='ltr' id='par_1_52' title="bbox 896 1138 1686 1174">
     <span class='ocr_line' id='line_1_52' title="bbox 896 1138 1686 1174; baseline -0.003 -7"><span class='ocrx_word' id='word_1_409' title='bbox 896 1139 1048 1168; x_wconf 87' lang='lat' dir='ltr'><strong>secundum</strong></span> <span class='ocrx_word' id='word_1_410' title='bbox 1064 1140 1105 1167; x_wconf 90' lang='lat' dir='ltr'><strong>sui</strong></span> <span class='ocrx_word' id='word_1_411' title='bbox 1132 1140 1218 1174; x_wconf 84' lang='lat' dir='ltr'><strong>ipsius</strong></span> <span class='ocrx_word' id='word_1_412' title='bbox 1237 1140 1415 1167; x_wconf 82' lang='lat' dir='ltr'><strong>mutationem</strong></span> <span class='ocrx_word' id='word_1_413' title='bbox 1436 1147 1591 1167; x_wconf 87' lang='lat' dir='ltr'><strong>sermonem</strong></span> <span class='ocrx_word' id='word_1_414' title='bbox 1608 1138 1686 1166; x_wconf 90' lang='lat' dir='ltr'><strong>illum</strong></span> 
     </span>
    </p>
   </div>
   <div class='ocr_carea' id='block_1_53' title="bbox 897 1184 1688 1219">
    <p class='ocr_par' dir='ltr' id='par_1_53' title="bbox 897 1184 1688 1219">
     <span class='ocr_line' id='line_1_53' title="bbox 897 1184 1688 1219; baseline -0.003 -7"><span class='ocrx_word' id='word_1_415' title='bbox 897 1185 1043 1212; x_wconf 85' lang='lat' dir='ltr'><strong>falsitatem</strong></span> <span class='ocrx_word' id='word_1_416' title='bbox 1058 1189 1084 1212; x_wconf 90' lang='lat' dir='ltr'><strong>et</strong></span> <span class='ocrx_word' id='word_1_417' title='bbox 1100 1185 1242 1211; x_wconf 82' lang='lat' dir='ltr'><strong>veritatem</strong></span> <span class='ocrx_word' id='word_1_418' title='bbox 1253 1185 1418 1219; x_wconf 81' lang='lat' dir='ltr'><strong>suscepisse,</strong></span> <span class='ocrx_word' id='word_1_419' title='bbox 1429 1192 1518 1219; x_wconf 85' lang='lat' dir='ltr'><strong>neque</strong></span> <span class='ocrx_word' id='word_1_420' title='bbox 1530 1185 1612 1211; x_wconf 90' lang='lat' dir='ltr'><strong>etiam</strong></span> <span class='ocrx_word' id='word_1_421' title='bbox 1628 1184 1688 1218; x_wconf 89' lang='lat' dir='ltr'><strong>opi-</strong></span> 
     </span>
    </p>
   </div>
   <div class='ocr_carea' id='block_1_54' title="bbox 896 1229 1732 1264">
    <p class='ocr_par' dir='ltr' id='par_1_54' title="bbox 896 1229 1732 1264">
     <span class='ocr_line' id='line_1_54' title="bbox 896 1229 1732 1264; baseline -0.002 -7"><span class='ocrx_word' id='word_1_422' title='bbox 896 1230 1016 1261; x_wconf 87' lang='lat' dir='ltr'><strong>nionem,</strong></span> <span class='ocrx_word' id='word_1_423' title='bbox 1033 1230 1080 1257; x_wconf 86' lang='lat' dir='ltr'><strong>sed</strong></span> <span class='ocrx_word' id='word_1_424' title='bbox 1102 1230 1192 1264; x_wconf 87' lang='lat' dir='ltr'><strong>potius</strong></span> <span class='ocrx_word' id='word_1_425' title='bbox 1214 1230 1364 1257; x_wconf 88' lang='lat' dir='ltr'><strong>secundum</strong></span> <span class='ocrx_word' id='word_1_426' title='bbox 1391 1229 1429 1256; x_wconf 87' lang='lat' dir='ltr'><strong>rei</strong></span> <span class='ocrx_word' id='word_1_427' title='bbox 1456 1229 1687 1262; x_wconf 78' lang='lat' dir='ltr'><strong>immutationem,</strong></span> <span class='ocrx_word' id='word_1_428' title='bbox 1730 1232 1732 1234; x_wconf 90' lang='lat'>&#39;</span> 
     </span>
    </p>
   </div>
   <div class='ocr_carea' id='block_1_55' title="bbox 896 1275 1686 1310">
    <p class='ocr_par' dir='ltr' id='par_1_55' title="bbox 896 1275 1686 1310">
     <span class='ocr_line' id='line_1_55' title="bbox 896 1275 1686 1310; baseline 0 -7"><span class='ocrx_word' id='word_1_429' title='bbox 896 1276 968 1310; x_wconf 90' lang='lat' dir='ltr'><strong>quod</strong></span> <span class='ocrx_word' id='word_1_430' title='bbox 987 1276 1079 1310; x_wconf 88' lang='lat' dir='ltr'><strong>opinio</strong></span> <span class='ocrx_word' id='word_1_431' title='bbox 1098 1276 1262 1309; x_wconf 79' lang='lat' dir='ltr'><strong>opinabatur</strong></span> <span class='ocrx_word' id='word_1_432' title='bbox 1286 1281 1314 1302; x_wconf 85' lang='lat' dir='ltr'><strong>et</strong></span> <span class='ocrx_word' id='word_1_433' title='bbox 1335 1275 1408 1310; x_wconf 89' lang='lat' dir='ltr'><strong>quod</strong></span> <span class='ocrx_word' id='word_1_434' title='bbox 1429 1283 1521 1303; x_wconf 90' lang='lat' dir='ltr'><strong>sermo</strong></span> <span class='ocrx_word' id='word_1_435' title='bbox 1538 1275 1686 1303; x_wconf 79' lang='lat' dir='ltr'><strong>nuntiavit.</strong></span> 
     </span>
    </p>
   </div>
   <div class='ocr_carea' id='block_1_56' title="bbox 897 1321 1687 1357">
    <p class='ocr_par' dir='ltr' id='par_1_56' title="bbox 897 1321 1687 1357">
     <span class='ocr_line' id='line_1_56' title="bbox 897 1321 1687 1357; baseline -0.001 -7"><span class='ocrx_word' id='word_1_436' title='bbox 897 1322 953 1350; x_wconf 85' lang='lat' dir='ltr'><strong>Nisi</strong></span> <span class='ocrx_word' id='word_1_437' title='bbox 968 1322 1040 1349; x_wconf 86' lang='lat' dir='ltr'><strong>enim</strong></span> <span class='ocrx_word' id='word_1_438' title='bbox 1055 1328 1175 1349; x_wconf 82' lang='lat' dir='ltr'><strong>mutatus</strong></span> <span class='ocrx_word' id='word_1_439' title='bbox 1189 1322 1285 1349; x_wconf 81' lang='lat' dir='ltr'><strong>fuisset</strong></span> <span class='ocrx_word' id='word_1_440' title='bbox 1302 1321 1442 1353; x_wconf 81' lang='lat' dir='ltr'><strong>Socrates,</strong></span> <span class='ocrx_word' id='word_1_441' title='bbox 1456 1321 1503 1356; x_wconf 89' lang='lat' dir='ltr'><strong>qui</strong></span> <span class='ocrx_word' id='word_1_442' title='bbox 1516 1341 1524 1354; x_wconf 87' lang='lat'><strong>,</strong></span> <span class='ocrx_word' id='word_1_443' title='bbox 1541 1327 1687 1357; x_wconf 81' lang='lat' dir='ltr'><strong>postquam</strong></span> 
     </span>
    </p>
   </div>
   <div class='ocr_carea' id='block_1_57' title="bbox 897 1368 1690 1404">
    <p class='ocr_par' dir='ltr' id='par_1_57' title="bbox 897 1368 1690 1404">
     <span class='ocr_line' id='line_1_57' title="bbox 897 1368 1690 1404; baseline 0.001 -8"><span class='ocrx_word' id='word_1_444' title='bbox 897 1369 968 1397; x_wconf 86' lang='lat' dir='ltr'><strong>sedit</strong></span> <span class='ocrx_word' id='word_1_445' title='bbox 981 1389 988 1401; x_wconf 84' lang='lat'><strong>,</strong></span> <span class='ocrx_word' id='word_1_446' title='bbox 1012 1369 1131 1397; x_wconf 75' lang='lat' dir='ltr'><strong>surrexit</strong></span> <span class='ocrx_word' id='word_1_447' title='bbox 1144 1390 1151 1402; x_wconf 85' lang='lat'><strong>,</strong></span> <span class='ocrx_word' id='word_1_448' title='bbox 1168 1377 1307 1404; x_wconf 84' lang='lat' dir='ltr'><strong>nunquam</strong></span> <span class='ocrx_word' id='word_1_449' title='bbox 1324 1376 1415 1397; x_wconf 90' lang='lat' dir='ltr'><strong>sermo</strong></span> <span class='ocrx_word' id='word_1_450' title='bbox 1432 1368 1573 1396; x_wconf 81' lang='lat' dir='ltr'><strong>Secratcm</strong></span> <span class='ocrx_word' id='word_1_451' title='bbox 1592 1369 1690 1397; x_wconf 82' lang='lat' dir='ltr'><strong>sedere</strong></span> 
     </span>
    </p>
   </div>
   <div class='ocr_carea' id='block_1_58' title="bbox 897 1415 1689 1450">
    <p class='ocr_par' dir='ltr' id='par_1_58' title="bbox 897 1415 1689 1450">
     <span class='ocr_line' id='line_1_58' title="bbox 897 1415 1689 1450; baseline -0.001 -7"><span class='ocrx_word' id='word_1_452' title='bbox 897 1416 1035 1443; x_wconf 78' lang='lat' dir='ltr'><strong>afﬁrmans</strong></span> <span class='ocrx_word' id='word_1_453' title='bbox 1051 1416 1167 1443; x_wconf 78' lang='lat' dir='ltr'><strong>mendax</strong></span> <span class='ocrx_word' id='word_1_454' title='bbox 1191 1415 1342 1447; x_wconf 69' lang='lat' dir='ltr'><strong>evasisset.</strong></span> <span class='ocrx_word' id='word_1_455' title='bbox 1367 1423 1455 1450; x_wconf 85' lang='lat' dir='ltr'><strong>neque</strong></span> <span class='ocrx_word' id='word_1_456' title='bbox 1471 1415 1553 1442; x_wconf 88' lang='lat' dir='ltr'><strong>etiam</strong></span> <span class='ocrx_word' id='word_1_457' title='bbox 1582 1415 1689 1450; x_wconf 85' lang='lat' dir='ltr'><strong>opinio.</strong></span> 
     </span>
    </p>
   </div>
   <div class='ocr_carea' id='block_1_59' title="bbox 898 1462 1688 1498">
    <p class='ocr_par' dir='ltr' id='par_1_59' title="bbox 898 1462 1688 1498">
     <span class='ocr_line' id='line_1_59' title="bbox 898 1462 1688 1498; baseline 0.001 -9"><span class='ocrx_word' id='word_1_458' title='bbox 898 1462 1082 1496; x_wconf 82' lang='lat' dir='ltr'><strong>Quamobrem</strong></span> <span class='ocrx_word' id='word_1_459' title='bbox 1103 1468 1131 1490; x_wconf 91' lang='lat' dir='ltr'><strong>et</strong></span> <span class='ocrx_word' id='word_1_460' title='bbox 1154 1470 1187 1490; x_wconf 82' lang='lat' dir='ltr'><strong>ex</strong></span> <span class='ocrx_word' id='word_1_461' title='bbox 1206 1463 1258 1490; x_wconf 83' lang='lat' dir='ltr'><strong>hoc</strong></span> <span class='ocrx_word' id='word_1_462' title='bbox 1277 1467 1350 1496; x_wconf 78' lang='lat' dir='ltr'><strong>patet</strong></span> <span class='ocrx_word' id='word_1_463' title='bbox 1371 1462 1688 1498; x_wconf 88' lang='lat' dir='ltr'><strong>dictam&#39;proprietatem</strong></span> 
     </span>
    </p>
   </div>
   <div class='ocr_carea' id='block_1_60' title="bbox 899 1507 1689 1543">
    <p class='ocr_par' dir='ltr' id='par_1_60' title="bbox 899 1507 1689 1543">
     <span class='ocr_line' id='line_1_60' title="bbox 899 1507 1689 1543; baseline 0.001 -8"><span class='ocrx_word' id='word_1_464' title='bbox 899 1509 1018 1536; x_wconf 78' lang='lat' dir='ltr'><strong>maxime</strong></span> <span class='ocrx_word' id='word_1_465' title='bbox 1031 1507 1193 1535; x_wconf 69' lang='lat' dir='ltr'><strong>substantia:</strong></span> <span class='ocrx_word' id='word_1_466' title='bbox 1205 1515 1266 1535; x_wconf 89' lang='lat' dir='ltr'><strong>esse</strong></span> <span class='ocrx_word' id='word_1_467' title='bbox 1275 1508 1424 1543; x_wconf 87' lang='lat' dir='ltr'><strong>propriam.</strong></span> <span class='ocrx_word' id='word_1_468' title='bbox 1438 1507 1497 1536; x_wconf 88' lang='lat' dir='ltr'><strong>Non</strong></span> <span class='ocrx_word' id='word_1_469' title='bbox 1512 1509 1601 1536; x_wconf 83' lang='lat' dir='ltr'><strong>solum</strong></span> <span class='ocrx_word' id='word_1_470' title='bbox 1617 1510 1689 1536; x_wconf 88' lang='lat' dir='ltr'><strong>enim</strong></span> 
     </span>
    </p>
   </div>
   <div class='ocr_carea' id='block_1_61' title="bbox 71 1547 842 1593">
    <p class='ocr_par' dir='ltr' id='par_1_61' title="bbox 71 1547 842 1593">
     <span class='ocr_line' id='line_1_61' title="bbox 71 1547 842 1593; baseline 0.01 -17"><span class='ocrx_word' id='word_1_471' title='bbox 141 1551 208 1579; x_wconf 73' lang='grc' dir='ltr'>κατὰ</span> <span class='ocrx_word' id='word_1_472' title='bbox 232 1553 285 1589; x_wconf 84' lang='grc' dir='ltr'>τὴν</span> <span class='ocrx_word' id='word_1_473' title='bbox 306 1554 410 1581; x_wconf 78' lang='grc' dir='ltr'>ἑαυτῶν</span> <span class='ocrx_word' id='word_1_474' title='bbox 430 1555 583 1592; x_wconf 79' lang='grc' dir='ltr'>μετασολὴν</span> <span class='ocrx_word' id='word_1_475' title='bbox 599 1556 694 1592; x_wconf 84' lang='grc' dir='ltr'>ὥσπερ</span> <span class='ocrx_word' id='word_1_476' title='bbox 708 1558 725 1592; x_wconf 83' lang='grc' dir='ltr'><strong>ἡ</strong></span> <span class='ocrx_word' id='word_1_477' title='bbox 748 1556 842 1589; x_wconf 84' lang='grc' dir='ltr'>οὐσία,</span> 
     </span>
    </p>
   </div>
   <div class='ocr_carea' id='block_1_62' title="bbox 935 1547 1690 1593">
    <p class='ocr_par' dir='ltr' id='par_1_62' title="bbox 935 1554 1690 1589">
     <span class='ocr_line' id='line_1_62' title="bbox 935 1554 1690 1589; baseline 0 -7"><span class='ocrx_word' id='word_1_478' title='bbox 935 1562 957 1582; x_wconf 73' lang='lat' dir='ltr'><strong>sa</strong></span> <span class='ocrx_word' id='word_1_479' title='bbox 970 1559 1032 1589; x_wconf 87' lang='lat' dir='ltr'><strong>apta</strong></span> <span class='ocrx_word' id='word_1_480' title='bbox 1046 1554 1153 1582; x_wconf 77' lang='lat' dir='ltr'><strong>exsistit</strong></span> <span class='ocrx_word' id='word_1_481' title='bbox 1166 1554 1199 1581; x_wconf 89' lang='lat' dir='ltr'><strong>ad</strong></span> <span class='ocrx_word' id='word_1_482' title='bbox 1218 1554 1373 1589; x_wconf 79' lang='lat' dir='ltr'><strong>recipienda</strong></span> <span class='ocrx_word' id='word_1_483' title='bbox 1386 1555 1523 1582; x_wconf 87' lang='lat' dir='ltr'><strong>contraria</strong></span> <span class='ocrx_word' id='word_1_484' title='bbox 1537 1555 1690 1583; x_wconf 88' lang='lat' dir='ltr'><strong>secundum</strong></span> 
     </span>
    </p>
   </div>
   <div class='ocr_carea' id='block_1_63' title="bbox 71 1591 842 1638">
    <p class='ocr_par' dir='ltr' id='par_1_63' title="bbox 71 1591 842 1638">
     <span class='ocr_line' id='line_1_63' title="bbox 71 1591 842 1638; baseline 0.009 -17"><span class='ocrx_word' id='word_1_485' title='bbox 71 1591 128 1638; x_wconf 54' lang='lat' dir='ltr'><strong>tua</strong></span> <span class='ocrx_word' id='word_1_486' title='bbox 148 1596 246 1630; x_wconf 78' lang='grc' dir='ltr'>μᾶλλον</span> <span class='ocrx_word' id='word_1_487' title='bbox 266 1598 338 1625; x_wconf 85' lang='grc' dir='ltr'>κατὰ</span> <span class='ocrx_word' id='word_1_488' title='bbox 360 1599 410 1634; x_wconf 83' lang='grc' dir='ltr'>τὴν</span> <span class='ocrx_word' id='word_1_489' title='bbox 432 1599 482 1634; x_wconf 87' lang='grc' dir='ltr'>τῆς</span> <span class='ocrx_word' id='word_1_490' title='bbox 501 1591 598 1632; x_wconf 83' lang='grc' dir='ltr'>οὐσίας</span> <span class='ocrx_word' id='word_1_491' title='bbox 624 1591 777 1638; x_wconf 81' lang='grc' dir='ltr'>μεταδολὴν</span> <span class='ocrx_word' id='word_1_492' title='bbox 796 1602 842 1628; x_wconf 80' lang='grc' dir='ltr'>καὶ</span> 
     </span>
    </p>
   </div>
   <div class='ocr_carea' id='block_1_64' title="bbox 935 1591 1691 1638">
    <p class='ocr_par' dir='ltr' id='par_1_64' title="bbox 935 1600 1691 1636">
     <span class='ocr_line' id='line_1_64' title="bbox 935 1600 1691 1636; baseline 0 -8"><span class='ocrx_word' id='word_1_493' title='bbox 935 1608 976 1628; x_wconf 83' lang='lat' dir='ltr'><strong>am</strong></span> <span class='ocrx_word' id='word_1_494' title='bbox 993 1600 1081 1636; x_wconf 83' lang='lat' dir='ltr'><strong>ipsius</strong></span> <span class='ocrx_word' id='word_1_495' title='bbox 1091 1601 1284 1633; x_wconf 84' lang='lat' dir='ltr'><strong>mutationem,</strong></span> <span class='ocrx_word' id='word_1_496' title='bbox 1302 1608 1396 1628; x_wconf 89' lang='lat' dir='ltr'><strong>verum</strong></span> <span class='ocrx_word' id='word_1_497' title='bbox 1412 1600 1496 1628; x_wconf 87' lang='lat' dir='ltr'><strong>etiam</strong></span> <span class='ocrx_word' id='word_1_498' title='bbox 1513 1601 1574 1628; x_wconf 87' lang='lat' dir='ltr'><strong>aliis</strong></span> <span class='ocrx_word' id='word_1_499' title='bbox 1590 1601 1617 1628; x_wconf 91' lang='lat' dir='ltr'><strong>in</strong></span> <span class='ocrx_word' id='word_1_500' title='bbox 1641 1609 1691 1628; x_wconf 85' lang='lat' dir='ltr'><strong>sua</strong></span> 
     </span>
    </p>
   </div>
   <div class='ocr_carea' id='block_1_65' title="bbox 70 1637 842 1684">
    <p class='ocr_par' dir='ltr' id='par_1_65' title="bbox 70 1637 842 1684">
     <span class='ocr_line' id='line_1_65' title="bbox 70 1637 842 1684; baseline 0.018 -22"><span class='ocrx_word' id='word_1_501' title='bbox 70 1637 106 1664; x_wconf 80' lang='grc' dir='ltr'>διὰ</span> <span class='ocrx_word' id='word_1_502' title='bbox 117 1640 145 1667; x_wconf 83' lang='grc' dir='ltr'><strong>τδ</strong></span> <span class='ocrx_word' id='word_1_503' title='bbox 161 1642 271 1679; x_wconf 82' lang='grc' dir='ltr'>ἐκείνην</span> <span class='ocrx_word' id='word_1_504' title='bbox 287 1644 412 1680; x_wconf 82' lang='grc' dir='ltr'>δέχεσθαι</span> <span class='ocrx_word' id='word_1_505' title='bbox 433 1647 574 1681; x_wconf 88' lang='grc' dir='ltr'>τάναντία,</span> <span class='ocrx_word' id='word_1_506' title='bbox 593 1648 746 1675; x_wconf 74' lang='grc' dir='ltr'>δείκνυνται</span> <span class='ocrx_word' id='word_1_507' title='bbox 773 1657 842 1684; x_wconf 88' lang='grc' dir='ltr'>παρ-</span> 
     </span>
    </p>
   </div>
   <div class='ocr_carea' id='block_1_66' title="bbox 935 1637 1691 1684">
    <p class='ocr_par' dir='ltr' id='par_1_66' title="bbox 935 1647 1691 1682">
     <span class='ocr_line' id='line_1_66' title="bbox 935 1647 1691 1682; baseline 0 -8"><span class='ocrx_word' id='word_1_508' title='bbox 935 1647 1051 1675; x_wconf 66' lang='lat' dir='ltr'><strong>statione</strong></span> <span class='ocrx_word' id='word_1_509' title='bbox 1064 1654 1149 1675; x_wconf 85' lang='lat' dir='ltr'><strong>causa</strong></span> <span class='ocrx_word' id='word_1_510' title='bbox 1165 1648 1206 1678; x_wconf 88' lang='lat' dir='ltr'><strong>lit,</strong></span> <span class='ocrx_word' id='word_1_511' title='bbox 1221 1647 1295 1682; x_wconf 86' lang='lat' dir='ltr'><strong>quod</strong></span> <span class='ocrx_word' id='word_1_512' title='bbox 1315 1647 1374 1682; x_wconf 89' lang='lat' dir='ltr'><strong>ipsa</strong></span> <span class='ocrx_word' id='word_1_513' title='bbox 1393 1648 1533 1675; x_wconf 81' lang='lat' dir='ltr'><strong>contraria</strong></span> <span class='ocrx_word' id='word_1_514' title='bbox 1551 1655 1648 1682; x_wconf 90' lang='lat' dir='ltr'><strong>capere</strong></span> <span class='ocrx_word' id='word_1_515' title='bbox 1663 1652 1691 1675; x_wconf 88' lang='lat' dir='ltr'><strong>et</strong></span> 
     </span>
    </p>
   </div>
   <div class='ocr_carea' id='block_1_67' title="bbox 70 1684 842 1728">
    <p class='ocr_par' dir='ltr' id='par_1_67' title="bbox 70 1684 842 1722">
     <span class='ocr_line' id='line_1_67' title="bbox 70 1684 842 1722; baseline 0.012 -9"><span class='ocrx_word' id='word_1_516' title='bbox 70 1684 223 1716; x_wconf 72' lang='grc' dir='ltr'>απολαύιιντα</span> <span class='ocrx_word' id='word_1_517' title='bbox 240 1691 289 1717; x_wconf 72' lang='grc' dir='ltr'><strong>καὶ</strong></span> <span class='ocrx_word' id='word_1_518' title='bbox 302 1691 389 1719; x_wconf 86' lang='grc' dir='ltr'>ταῦτα</span> <span class='ocrx_word' id='word_1_519' title='bbox 403 1691 450 1719; x_wconf 81' lang='grc' dir='ltr'><strong>τοῦ</strong></span> <span class='ocrx_word' id='word_1_520' title='bbox 461 1693 550 1720; x_wconf 81' lang='grc' dir='ltr'>δοκεῖν</span> <span class='ocrx_word' id='word_1_521' title='bbox 563 1691 634 1721; x_wconf 78' lang='grc' dir='ltr'>εἶναι</span> <span class='ocrx_word' id='word_1_522' title='bbox 648 1694 703 1721; x_wconf 88' lang='grc' dir='ltr'><strong>τῶν</strong></span> <span class='ocrx_word' id='word_1_523' title='bbox 718 1694 842 1722; x_wconf 59' lang='grc' dir='ltr'>ἐναντίων</span> 
     </span>
    </p>
   </div>
   <div class='ocr_carea' id='block_1_68' title="bbox 935 1684 1691 1728">
    <p class='ocr_par' dir='ltr' id='par_1_68' title="bbox 935 1693 1691 1728">
     <span class='ocr_line' id='line_1_68' title="bbox 935 1693 1691 1728; baseline -0.003 -6"><span class='ocrx_word' id='word_1_524' title='bbox 935 1693 1038 1728; x_wconf 84' lang='lat' dir='ltr'><strong>scipere</strong></span> <span class='ocrx_word' id='word_1_525' title='bbox 1055 1693 1210 1721; x_wconf 83' lang='lat' dir='ltr'><strong>videantur.</strong></span> <span class='ocrx_word' id='word_1_526' title='bbox 1229 1693 1326 1720; x_wconf 85' lang='lat' dir='ltr'><strong>Sermo</strong></span> <span class='ocrx_word' id='word_1_527' title='bbox 1352 1693 1437 1728; x_wconf 76' lang='lat' dir='ltr'><strong>igitur</strong></span> <span class='ocrx_word' id='word_1_528' title='bbox 1458 1699 1485 1720; x_wconf 85' lang='lat' dir='ltr'><strong>et</strong></span> <span class='ocrx_word' id='word_1_529' title='bbox 1501 1693 1614 1728; x_wconf 87' lang='lat' dir='ltr'><strong>opinio.</strong></span> <span class='ocrx_word' id='word_1_530' title='bbox 1638 1693 1691 1720; x_wconf 87' lang='lat' dir='ltr'><strong>etsi</strong></span> 
     </span>
    </p>
   </div>
   <div class='ocr_carea' id='block_1_69' title="bbox 71 1728 1690 1772">
    <p class='ocr_par' dir='ltr' id='par_1_69' title="bbox 71 1728 1690 1772">
     <span class='ocr_line' id='line_1_69' title="bbox 71 1728 1690 1772; baseline 0.004 -14"><span class='ocrx_word' id='word_1_531' title='bbox 71 1728 176 1761; x_wconf 71' lang='grc' dir='ltr'>δεκτικά.</span> <span class='ocrx_word' id='word_1_532' title='bbox 902 1738 1068 1766; x_wconf 87' lang='lat' dir='ltr'><strong>concedatur</strong></span> <span class='ocrx_word' id='word_1_533' title='bbox 1083 1745 1131 1766; x_wconf 88' lang='lat' dir='ltr'><strong>eos</strong></span> <span class='ocrx_word' id='word_1_534' title='bbox 1153 1745 1234 1772; x_wconf 85' lang='lat' dir='ltr'><strong>posse</strong></span> <span class='ocrx_word' id='word_1_535' title='bbox 1251 1738 1388 1765; x_wconf 83' lang='lat' dir='ltr'><strong>contraria</strong></span> <span class='ocrx_word' id='word_1_536' title='bbox 1410 1738 1573 1771; x_wconf 82' lang='lat' dir='ltr'><strong>admittere,</strong></span> <span class='ocrx_word' id='word_1_537' title='bbox 1600 1742 1690 1765; x_wconf 87' lang='lat' dir='ltr'><strong>tamen</strong></span> 
     </span>
    </p>
   </div>
   <div class='ocr_carea' id='block_1_70' title="bbox 71 1778 1692 1823">
    <p class='ocr_par' dir='ltr' id='par_1_70' title="bbox 71 1778 1692 1823">
     <span class='ocr_line' id='line_1_70' title="bbox 71 1778 1692 1823; baseline 0.006 -20"><span class='ocrx_word' id='word_1_538' title='bbox 71 1778 168 1808; x_wconf 87' lang='lat' dir='ltr'><strong>omnino</strong></span> <span class='ocrx_word' id='word_1_539' title='bbox 184 1789 238 1810; x_wconf 90' lang='lat' dir='ltr'><strong>non</strong></span> <span class='ocrx_word' id='word_1_540' title='bbox 256 1784 409 1813; x_wconf 86' lang='lat' dir='ltr'><strong>secundum</strong></span> <span class='ocrx_word' id='word_1_541' title='bbox 422 1793 502 1814; x_wconf 84' lang='lat' dir='ltr'><strong>suam</strong></span> <span class='ocrx_word' id='word_1_542' title='bbox 515 1786 638 1823; x_wconf 86' lang='lat' dir='ltr'><strong>ipsorum</strong></span> <span class='ocrx_word' id='word_1_543' title='bbox 656 1788 846 1819; x_wconf 88' lang='lat' dir='ltr'><strong>mutationem,</strong></span> <span class='ocrx_word' id='word_1_544' title='bbox 867 1786 939 1813; x_wconf 89' lang='lat' dir='ltr'><strong>sicut</strong></span> <span class='ocrx_word' id='word_1_545' title='bbox 973 1784 1148 1817; x_wconf 64' lang='lat' dir='ltr'><strong>substantiis,</strong></span> <span class='ocrx_word' id='word_1_546' title='bbox 1165 1784 1212 1812; x_wconf 86' lang='lat' dir='ltr'><strong>sed</strong></span> <span class='ocrx_word' id='word_1_547' title='bbox 1235 1785 1325 1819; x_wconf 91' lang='lat' dir='ltr'><strong>potius</strong></span> <span class='ocrx_word' id='word_1_548' title='bbox 1348 1785 1499 1812; x_wconf 89' lang='lat' dir='ltr'><strong>secundum</strong></span> <span class='ocrx_word' id='word_1_549' title='bbox 1531 1785 1692 1813; x_wconf 64' lang='lat' dir='ltr'><strong>substantia:</strong></span> 
     </span>
    </p>
   </div>
   <div class='ocr_carea' id='block_1_71' title="bbox 72 1827 1693 1868">
    <p class='ocr_par' dir='ltr' id='par_1_71' title="bbox 72 1827 1693 1868">
     <span class='ocr_line' id='line_1_71' title="bbox 72 1827 1693 1868; baseline 0.006 -20"><span class='ocrx_word' id='word_1_550' title='bbox 72 1827 236 1856; x_wconf 79' lang='lat' dir='ltr'><strong>imitationem</strong></span> <span class='ocrx_word' id='word_1_551' title='bbox 253 1830 326 1857; x_wconf 83' lang='lat' dir='ltr'><strong>hanc</strong></span> <span class='ocrx_word' id='word_1_552' title='bbox 337 1831 558 1866; x_wconf 60' lang='lat' dir='ltr'><strong>praedicationem</strong></span> <span class='ocrx_word' id='word_1_553' title='bbox 569 1833 730 1866; x_wconf 84' lang='lat' dir='ltr'><strong>sortientur,</strong></span> <span class='ocrx_word' id='word_1_554' title='bbox 742 1838 770 1860; x_wconf 92' lang='lat' dir='ltr'><strong>et</strong></span> <span class='ocrx_word' id='word_1_555' title='bbox 784 1832 848 1868; x_wconf 85' lang='lat' dir='ltr'><strong>quia</strong></span> <span class='ocrx_word' id='word_1_556' title='bbox 868 1832 1021 1859; x_wconf 82' lang='lat' dir='ltr'><strong>substantia</strong></span> <span class='ocrx_word' id='word_1_557' title='bbox 1041 1830 1178 1857; x_wconf 84' lang='lat' dir='ltr'><strong>contraria</strong></span> <span class='ocrx_word' id='word_1_558' title='bbox 1210 1829 1340 1863; x_wconf 83' lang='lat' dir='ltr'><strong>admittit,</strong></span> <span class='ocrx_word' id='word_1_559' title='bbox 1372 1830 1434 1858; x_wconf 88' lang='lat' dir='ltr'><strong>ideo</strong></span> <span class='ocrx_word' id='word_1_560' title='bbox 1463 1834 1491 1857; x_wconf 89' lang='lat' dir='ltr'><strong>et</strong></span> <span class='ocrx_word' id='word_1_561' title='bbox 1517 1829 1576 1865; x_wconf 87' lang='lat' dir='ltr'><strong>ipsa</strong></span> <span class='ocrx_word' id='word_1_562' title='bbox 1611 1838 1693 1859; x_wconf 80' lang='lat' dir='ltr'><strong>mon-</strong></span> 
     </span>
    </p>
   </div>
   <div class='ocr_carea' id='block_1_72' title="bbox 71 1874 1175 1914">
    <p class='ocr_par' dir='ltr' id='par_1_72' title="bbox 71 1874 1175 1914">
     <span class='ocr_line' id='line_1_72' title="bbox 71 1874 1175 1914; baseline 0.007 -19"><span class='ocrx_word' id='word_1_563' title='bbox 71 1874 179 1901; x_wconf 76' lang='lat' dir='ltr'><strong>strantur</strong></span> <span class='ocrx_word' id='word_1_564' title='bbox 197 1883 230 1903; x_wconf 88' lang='lat' dir='ltr'><strong>ea</strong></span> <span class='ocrx_word' id='word_1_565' title='bbox 247 1875 302 1903; x_wconf 94' lang='lat' dir='ltr'><strong>frui</strong></span> <span class='ocrx_word' id='word_1_566' title='bbox 316 1877 520 1911; x_wconf 70' lang='lat' dir='ltr'><strong>praedicatione,</strong></span> <span class='ocrx_word' id='word_1_567' title='bbox 543 1882 573 1905; x_wconf 88' lang='lat' dir='ltr'><strong>ut</strong></span> <span class='ocrx_word' id='word_1_568' title='bbox 588 1883 615 1907; x_wconf 89' lang='lat' dir='ltr'><strong>et</strong></span> <span class='ocrx_word' id='word_1_569' title='bbox 633 1879 691 1914; x_wconf 89' lang='lat' dir='ltr'><strong>ipsa</strong></span> <span class='ocrx_word' id='word_1_570' title='bbox 707 1878 845 1906; x_wconf 88' lang='lat' dir='ltr'><strong>contraria</strong></span> <span class='ocrx_word' id='word_1_571' title='bbox 865 1877 1008 1905; x_wconf 86' lang='lat' dir='ltr'><strong>admittere</strong></span> <span class='ocrx_word' id='word_1_572' title='bbox 1021 1876 1175 1903; x_wconf 85' lang='lat' dir='ltr'><strong>videantur.</strong></span> 
     </span>
    </p>
   </div>
   <div class='ocr_carea' id='block_1_73' title="bbox 99 1921 842 1962">
    <p class='ocr_par' dir='ltr' id='par_1_73' title="bbox 99 1921 842 1962">
     <span class='ocr_line' id='line_1_73' title="bbox 99 1921 842 1962; baseline -0.001 -10"><span class='ocrx_word' id='word_1_573' title='bbox 99 1922 124 1952; x_wconf 84' lang='grc' dir='ltr'>ς’</span> <span class='ocrx_word' id='word_1_574' title='bbox 126 1940 132 1947; x_wconf 93' lang='lat'><strong><em>-</em></strong></span> <span class='ocrx_word' id='word_1_575' title='bbox 156 1921 184 1949; x_wconf 87' lang='grc' dir='ltr'>Ὁ</span> <span class='ocrx_word' id='word_1_576' title='bbox 199 1923 294 1958; x_wconf 83' lang='grc' dir='ltr'>μέντοι</span> <span class='ocrx_word' id='word_1_577' title='bbox 307 1932 339 1959; x_wconf 88' lang='grc' dir='ltr'><strong>γε</strong></span> <span class='ocrx_word' id='word_1_578' title='bbox 360 1924 551 1962; x_wconf 84' lang='grc' dir='ltr'>Ἀριστοτέλης</span> <span class='ocrx_word' id='word_1_579' title='bbox 567 1925 788 1962; x_wconf 67' lang='grc' dir='ltr'>προχειρότερον,</span> <span class='ocrx_word' id='word_1_580' title='bbox 804 1925 842 1952; x_wconf 70' lang='grc' dir='ltr'>ἵνα</span> 
     </span>
    </p>
   </div>
   <div class='ocr_carea' id='block_1_74' title="bbox 935 1921 1693 1962">
    <p class='ocr_par' dir='ltr' id='par_1_74' title="bbox 935 1921 1693 1958">
     <span class='ocr_line' id='line_1_74' title="bbox 935 1921 1693 1958; baseline 0.003 -8"><span class='ocrx_word' id='word_1_581' title='bbox 935 1923 959 1950; x_wconf 84' lang='grc'><strong>6.</strong></span> <span class='ocrx_word' id='word_1_582' title='bbox 976 1922 1104 1950; x_wconf 85' lang='lat' dir='ltr'><strong>Attamen</strong></span> <span class='ocrx_word' id='word_1_583' title='bbox 1120 1921 1280 1949; x_wconf 80' lang='lat' dir='ltr'><strong>Aristoteles</strong></span> <span class='ocrx_word' id='word_1_584' title='bbox 1306 1922 1397 1950; x_wconf 93' lang='lat' dir='ltr'><strong>minus</strong></span> <span class='ocrx_word' id='word_1_585' title='bbox 1426 1922 1581 1958; x_wconf 77' lang='lat' dir='ltr'><strong>diligenter,</strong></span> <span class='ocrx_word' id='word_1_586' title='bbox 1597 1931 1632 1951; x_wconf 89' lang='lat' dir='ltr'><strong>ne</strong></span> <span class='ocrx_word' id='word_1_587' title='bbox 1651 1924 1693 1952; x_wconf 92' lang='lat' dir='ltr'><strong>di-</strong></span> 
     </span>
    </p>
   </div>
   <div class='ocr_carea' id='block_1_75' title="bbox 71 1963 842 2005">
    <p class='ocr_par' dir='ltr' id='par_1_75' title="bbox 71 1963 842 2005">
     <span class='ocr_line' id='line_1_75' title="bbox 71 1963 842 2005; baseline 0.005 -13"><span class='ocrx_word' id='word_1_588' title='bbox 71 1963 102 1998; x_wconf 83' lang='grc' dir='ltr'>μῆ</span> <span class='ocrx_word' id='word_1_589' title='bbox 126 1966 195 2000; x_wconf 80' lang='grc' dir='ltr'>λέγω</span> <span class='ocrx_word' id='word_1_590' title='bbox 222 1968 422 2005; x_wconf 79' lang='grc' dir='ltr'>ῥᾳθυμότερον,</span> <span class='ocrx_word' id='word_1_591' title='bbox 438 1971 502 2005; x_wconf 76' lang='grc' dir='ltr'>περὶ</span> <span class='ocrx_word' id='word_1_592' title='bbox 525 1971 619 2002; x_wconf 79' lang='grc' dir='ltr'>οὐσίας</span> <span class='ocrx_word' id='word_1_593' title='bbox 641 1969 777 1997; x_wconf 77' lang='grc' dir='ltr'>διαλαὸὼν</span> <span class='ocrx_word' id='word_1_594' title='bbox 801 1970 842 1996; x_wconf 58' lang='grc' dir='ltr'>κατ</span> 
     </span>
    </p>
   </div>
   <div class='ocr_carea' id='block_1_76' title="bbox 935 1963 1692 2005">
    <p class='ocr_par' dir='ltr' id='par_1_76' title="bbox 935 1967 1692 2004">
     <span class='ocr_line' id='line_1_76' title="bbox 935 1967 1692 2004; baseline 0.001 -8"><span class='ocrx_word' id='word_1_595' title='bbox 935 1977 957 1996; x_wconf 91' lang='lat' dir='ltr'><strong>m</strong></span> <span class='ocrx_word' id='word_1_596' title='bbox 974 1969 1141 2004; x_wconf 70' lang='lat' dir='ltr'><strong>negligenter</strong></span> <span class='ocrx_word' id='word_1_597' title='bbox 1152 1968 1185 1995; x_wconf 89' lang='lat' dir='ltr'><strong>de</strong></span> <span class='ocrx_word' id='word_1_598' title='bbox 1193 1967 1347 1995; x_wconf 83' lang='lat' dir='ltr'><strong>substantia</strong></span> <span class='ocrx_word' id='word_1_599' title='bbox 1360 1967 1500 1997; x_wconf 88' lang='lat' dir='ltr'><strong>disserens</strong></span> <span class='ocrx_word' id='word_1_600' title='bbox 1527 1969 1596 1997; x_wconf 85' lang='lat' dir='ltr'><strong>duas</strong></span> <span class='ocrx_word' id='word_1_601' title='bbox 1623 1970 1692 1998; x_wconf 84' lang='lat' dir='ltr'><strong>alias</strong></span> 
     </span>
    </p>
   </div>
   <div class='ocr_carea' id='block_1_77' title="bbox 69 2008 842 2052">
    <p class='ocr_par' dir='ltr' id='par_1_77' title="bbox 69 2008 842 2052">
     <span class='ocr_line' id='line_1_77' title="bbox 69 2008 842 2052; baseline 0.008 -17"><span class='ocrx_word' id='word_1_602' title='bbox 69 2008 140 2046; x_wconf 75' lang='grc' dir='ltr'>ἕτερα</span> <span class='ocrx_word' id='word_1_603' title='bbox 161 2013 208 2040; x_wconf 85' lang='grc' dir='ltr'>δύο</span> <span class='ocrx_word' id='word_1_604' title='bbox 226 2014 281 2041; x_wconf 76' lang='grc' dir='ltr'>ἴδια</span> <span class='ocrx_word' id='word_1_605' title='bbox 301 2015 409 2050; x_wconf 85' lang='grc' dir='ltr'>τίθησιν</span> <span class='ocrx_word' id='word_1_606' title='bbox 433 2015 544 2048; x_wconf 82' lang='grc' dir='ltr'>οὐσίας·</span> <span class='ocrx_word' id='word_1_607' title='bbox 569 2016 599 2042; x_wconf 81' lang='grc' dir='ltr'>ἓν</span> <span class='ocrx_word' id='word_1_608' title='bbox 625 2016 674 2052; x_wconf 80' lang='grc' dir='ltr'>μὲν</span> <span class='ocrx_word' id='word_1_609' title='bbox 693 2016 724 2043; x_wconf 81' lang='grc' dir='ltr'>τὸ</span> <span class='ocrx_word' id='word_1_610' title='bbox 745 2016 804 2042; x_wconf 84' lang='grc' dir='ltr'>τόδε</span> <span class='ocrx_word' id='word_1_611' title='bbox 820 2024 842 2041; x_wconf 60' lang='grc' dir='ltr'><strong>τι</strong></span> 
     </span>
    </p>
   </div>
   <div class='ocr_carea' id='block_1_78' title="bbox 935 2008 1691 2052">
    <p class='ocr_par' dir='ltr' id='par_1_78' title="bbox 936 2014 1691 2052">
     <span class='ocr_line' id='line_1_78' title="bbox 936 2014 1691 2052; baseline 0.001 -10"><span class='ocrx_word' id='word_1_612' title='bbox 936 2015 975 2042; x_wconf 85' lang='grc' dir='ltr'>ιιὶι</span> <span class='ocrx_word' id='word_1_613' title='bbox 990 2014 1151 2042; x_wconf 61' lang='lat' dir='ltr'><strong>substantiae</strong></span> <span class='ocrx_word' id='word_1_614' title='bbox 1163 2014 1363 2049; x_wconf 82' lang='lat' dir='ltr'><strong>proprietates:</strong></span> <span class='ocrx_word' id='word_1_615' title='bbox 1381 2021 1463 2041; x_wconf 89' lang='lat' dir='ltr'><strong>unam</strong></span> <span class='ocrx_word' id='word_1_616' title='bbox 1476 2014 1599 2050; x_wconf 87' lang='lat' dir='ltr'><strong>quidem,</strong></span> <span class='ocrx_word' id='word_1_617' title='bbox 1617 2017 1691 2052; x_wconf 89' lang='lat' dir='ltr'><strong>quod</strong></span> 
     </span>
    </p>
   </div>
   <div class='ocr_carea' id='block_1_79' title="bbox 71 2057 847 2096">
    <p class='ocr_par' dir='ltr' id='par_1_79' title="bbox 71 2057 847 2096">
     <span class='ocr_line' id='line_1_79' title="bbox 71 2057 847 2096; baseline 0.005 -13"><span class='ocrx_word' id='word_1_618' title='bbox 71 2057 212 2091; x_wconf 78' lang='grc' dir='ltr'>σημαίνειν,</span> <span class='ocrx_word' id='word_1_619' title='bbox 231 2059 302 2094; x_wconf 82' lang='grc' dir='ltr'>ὅπερ</span> <span class='ocrx_word' id='word_1_620' title='bbox 323 2060 366 2095; x_wconf 84' lang='grc' dir='ltr'><strong>είη</strong></span> <span class='ocrx_word' id='word_1_621' title='bbox 386 2061 419 2087; x_wconf 81' lang='grc' dir='ltr'>ἂν</span> <span class='ocrx_word' id='word_1_622' title='bbox 436 2060 502 2087; x_wconf 84' lang='grc' dir='ltr'>ἴδιον</span> <span class='ocrx_word' id='word_1_623' title='bbox 522 2060 553 2087; x_wconf 84' lang='grc' dir='ltr'>οὺ</span> <span class='ocrx_word' id='word_1_624' title='bbox 569 2061 619 2096; x_wconf 81' lang='grc' dir='ltr'><strong>τῆς</strong></span> <span class='ocrx_word' id='word_1_625' title='bbox 635 2060 729 2092; x_wconf 82' lang='grc' dir='ltr'>ἁπλῶς</span> <span class='ocrx_word' id='word_1_626' title='bbox 743 2060 847 2092; x_wconf 75' lang='grc' dir='ltr'>οὐσίας,</span> 
     </span>
    </p>
   </div>
   <div class='ocr_carea' id='block_1_80' title="bbox 69 2102 849 2142">
    <p class='ocr_par' dir='ltr' id='par_1_80' title="bbox 69 2102 849 2142">
     <span class='ocr_line' id='line_1_80' title="bbox 69 2102 849 2142; baseline 0.004 -13"><span class='ocrx_word' id='word_1_627' title='bbox 69 2102 111 2136; x_wconf 83' lang='grc' dir='ltr'>τῆς</span> <span class='ocrx_word' id='word_1_628' title='bbox 132 2103 158 2129; x_wconf 80' lang='grc' dir='ltr'>δὲ</span> <span class='ocrx_word' id='word_1_629' title='bbox 178 2106 245 2140; x_wconf 76' lang='grc' dir='ltr'>παρ’</span> <span class='ocrx_word' id='word_1_630' title='bbox 264 2105 347 2133; x_wconf 81' lang='grc' dir='ltr'>αὑτοῦ</span> <span class='ocrx_word' id='word_1_631' title='bbox 362 2105 512 2142; x_wconf 78' lang='grc' dir='ltr'>κληθείσης</span> <span class='ocrx_word' id='word_1_632' title='bbox 535 2106 648 2142; x_wconf 82' lang='grc' dir='ltr'>πρώτης</span> <span class='ocrx_word' id='word_1_633' title='bbox 667 2107 779 2137; x_wconf 82' lang='grc' dir='ltr'>οὐσίας·</span> <span class='ocrx_word' id='word_1_634' title='bbox 801 2106 849 2132; x_wconf 82' lang='grc' dir='ltr'>καὶ</span> 
     </span>
    </p>
   </div>
   <div class='ocr_carea' id='block_1_81' title="bbox 68 2146 846 2188">
    <p class='ocr_par' dir='ltr' id='par_1_81' title="bbox 68 2146 846 2188">
     <span class='ocr_line' id='line_1_81' title="bbox 68 2146 846 2188; baseline 0.01 -16"><span class='ocrx_word' id='word_1_635' title='bbox 68 2146 151 2183; x_wconf 80' lang='grc' dir='ltr'>ἕτερον</span> <span class='ocrx_word' id='word_1_636' title='bbox 173 2151 256 2178; x_wconf 79' lang='grc' dir='ltr'>πάλιν</span> <span class='ocrx_word' id='word_1_637' title='bbox 284 2151 315 2178; x_wconf 79' lang='grc' dir='ltr'><strong>τὸ</strong></span> <span class='ocrx_word' id='word_1_638' title='bbox 339 2151 506 2188; x_wconf 84' lang='grc' dir='ltr'>συνωνύμως</span> <span class='ocrx_word' id='word_1_639' title='bbox 532 2152 748 2188; x_wconf 82' lang='grc' dir='ltr'>κατηγορεῖσθαι</span> <span class='ocrx_word' id='word_1_640' title='bbox 770 2153 826 2187; x_wconf 71' lang='lat' dir='ltr'><strong>(Si)</strong></span> <span class='ocrx_word' id='word_1_641' title='bbox 840 2160 846 2168; x_wconf 89' lang='lat'>&#39;</span> 
     </span>
    </p>
   </div>
   <div class='ocr_carea' id='block_1_82' title="bbox 68 2193 849 2235">
    <p class='ocr_par' dir='ltr' id='par_1_82' title="bbox 68 2193 849 2235">
     <span class='ocr_line' id='line_1_82' title="bbox 68 2193 849 2235; baseline 0.003 -12"><span class='ocrx_word' id='word_1_642' title='bbox 68 2193 105 2229; x_wconf 76' lang='grc' dir='ltr'><strong>εἴη</strong></span> <span class='ocrx_word' id='word_1_643' title='bbox 125 2195 193 2235; x_wconf 43' lang='grc' dir='ltr'>δίαν</span> <span class='ocrx_word' id='word_1_644' title='bbox 208 2198 258 2225; x_wconf 77' lang='grc' dir='ltr'>καὶ</span> <span class='ocrx_word' id='word_1_645' title='bbox 277 2197 356 2225; x_wconf 82' lang='grc' dir='ltr'>τοῦτο</span> <span class='ocrx_word' id='word_1_646' title='bbox 371 2199 435 2225; x_wconf 75' lang='grc' dir='ltr'>ἴδιον</span> <span class='ocrx_word' id='word_1_647' title='bbox 449 2200 500 2234; x_wconf 81' lang='grc' dir='ltr'>τῆς</span> <span class='ocrx_word' id='word_1_648' title='bbox 519 2199 585 2234; x_wconf 81' lang='grc' dir='ltr'>παρ’</span> <span class='ocrx_word' id='word_1_649' title='bbox 605 2199 688 2226; x_wconf 81' lang='grc' dir='ltr'>αὐτοῦ</span> <span class='ocrx_word' id='word_1_650' title='bbox 704 2199 849 2234; x_wconf 82' lang='grc' dir='ltr'>κληθείσης</span> 
     </span>
    </p>
   </div>
   <div class='ocr_carea' id='block_1_83' title="bbox 67 2241 849 2281">
    <p class='ocr_par' dir='ltr' id='par_1_83' title="bbox 67 2241 849 2281">
     <span class='ocr_line' id='line_1_83' title="bbox 67 2241 849 2281; baseline 0.004 -12"><span class='ocrx_word' id='word_1_651' title='bbox 67 2241 185 2279; x_wconf 74' lang='grc' dir='ltr'>δευτέρας</span> <span class='ocrx_word' id='word_1_652' title='bbox 205 2245 318 2276; x_wconf 83' lang='grc' dir='ltr'>οὐσίας·</span> <span class='ocrx_word' id='word_1_653' title='bbox 332 2244 401 2272; x_wconf 79' lang='grc' dir='ltr'>ἀλλὰ</span> <span class='ocrx_word' id='word_1_654' title='bbox 414 2245 445 2272; x_wconf 77' lang='grc' dir='ltr'>τὸ</span> <span class='ocrx_word' id='word_1_655' title='bbox 463 2245 513 2280; x_wconf 82' lang='grc' dir='ltr'>μὲν</span> <span class='ocrx_word' id='word_1_656' title='bbox 530 2245 590 2272; x_wconf 80' lang='grc' dir='ltr'>τόδε</span> <span class='ocrx_word' id='word_1_657' title='bbox 603 2254 629 2272; x_wconf 91' lang='grc' dir='ltr'><strong>τι</strong></span> <span class='ocrx_word' id='word_1_658' title='bbox 641 2246 785 2281; x_wconf 82' lang='grc' dir='ltr'>σημαίνειν</span> <span class='ocrx_word' id='word_1_659' title='bbox 804 2245 849 2280; x_wconf 86' lang='grc' dir='ltr'>μό-</span> 
     </span>
    </p>
   </div>
   <div class='ocr_carea' id='block_1_84' title="bbox 66 2289 848 2328">
    <p class='ocr_par' dir='ltr' id='par_1_84' title="bbox 66 2289 848 2328">
     <span class='ocr_line' id='line_1_84' title="bbox 66 2289 848 2328; baseline 0.005 -13"><span class='ocrx_word' id='word_1_660' title='bbox 66 2296 107 2322; x_wconf 79' lang='grc' dir='ltr'><strong>νης</strong></span> <span class='ocrx_word' id='word_1_661' title='bbox 126 2290 184 2316; x_wconf 76' lang='grc' dir='ltr'>ἐστὶ</span> <span class='ocrx_word' id='word_1_662' title='bbox 205 2291 258 2326; x_wconf 84' lang='grc' dir='ltr'>τῆς</span> <span class='ocrx_word' id='word_1_663' title='bbox 277 2289 389 2326; x_wconf 85' lang='grc' dir='ltr'>πρώτης</span> <span class='ocrx_word' id='word_1_664' title='bbox 411 2292 523 2323; x_wconf 82' lang='grc' dir='ltr'>οὐσίας·</span> <span class='ocrx_word' id='word_1_665' title='bbox 543 2292 613 2327; x_wconf 87' lang='grc' dir='ltr'>μόνη</span> <span class='ocrx_word' id='word_1_666' title='bbox 637 2292 691 2328; x_wconf 81' lang='grc' dir='ltr'>γὰρ</span> <span class='ocrx_word' id='word_1_667' title='bbox 714 2292 731 2327; x_wconf 82' lang='grc' dir='ltr'><strong>ἡ</strong></span> <span class='ocrx_word' id='word_1_668' title='bbox 748 2292 848 2328; x_wconf 86' lang='grc' dir='ltr'>μερικὴ</span> 
     </span>
    </p>
   </div>
   <div class='ocr_carea' id='block_1_85' title="bbox 67 2335 849 2373">
    <p class='ocr_par' dir='ltr' id='par_1_85' title="bbox 67 2335 849 2373">
     <span class='ocr_line' id='line_1_85' title="bbox 67 2335 849 2373; baseline 0.003 -11"><span class='ocrx_word' id='word_1_669' title='bbox 67 2335 131 2369; x_wconf 79' lang='grc' dir='ltr'>χειρὶ</span> <span class='ocrx_word' id='word_1_670' title='bbox 148 2335 314 2371; x_wconf 79' lang='grc' dir='ltr'>δεικνυμένη</span> <span class='ocrx_word' id='word_1_671' title='bbox 328 2336 346 2371; x_wconf 84' lang='grc' dir='ltr'>ἢ</span> <span class='ocrx_word' id='word_1_672' title='bbox 362 2337 448 2373; x_wconf 78' lang='grc' dir='ltr'>ἑτέρῳ</span> <span class='ocrx_word' id='word_1_673' title='bbox 461 2337 516 2364; x_wconf 80' lang='grc' dir='ltr'>τινὶ</span> <span class='ocrx_word' id='word_1_674' title='bbox 530 2337 642 2372; x_wconf 83' lang='grc' dir='ltr'>τοιούτῳ</span> <span class='ocrx_word' id='word_1_675' title='bbox 655 2337 714 2364; x_wconf 81' lang='grc' dir='ltr'>τόδε</span> <span class='ocrx_word' id='word_1_676' title='bbox 729 2346 756 2363; x_wconf 89' lang='grc' dir='ltr'><strong>τι</strong></span> <span class='ocrx_word' id='word_1_677' title='bbox 771 2336 849 2372; x_wconf 83' lang='grc' dir='ltr'>λέγε-</span> 
     </span>
    </p>
   </div>
   <div class='ocr_carea' id='block_1_86' title="bbox 898 2060 1693 2096">
    <p class='ocr_par' dir='ltr' id='par_1_86' title="bbox 898 2060 1693 2096">
     <span class='ocr_line' id='line_1_86' title="bbox 898 2060 1693 2096; baseline 0 -7"><span class='ocrx_word' id='word_1_678' title='bbox 898 2063 950 2089; x_wconf 87' lang='lat' dir='ltr'><strong>hoc</strong></span> <span class='ocrx_word' id='word_1_679' title='bbox 966 2061 1069 2096; x_wconf 88' lang='lat' dir='ltr'><strong>aliquid</strong></span> <span class='ocrx_word' id='word_1_680' title='bbox 1085 2060 1237 2096; x_wconf 77' lang='lat' dir='ltr'><strong>signiﬁcet;</strong></span> <span class='ocrx_word' id='word_1_681' title='bbox 1268 2060 1320 2088; x_wconf 92' lang='lat' dir='ltr'><strong>hoc</strong></span> <span class='ocrx_word' id='word_1_682' title='bbox 1347 2068 1414 2088; x_wconf 87' lang='lat' dir='ltr'><strong>vero</strong></span> <span class='ocrx_word' id='word_1_683' title='bbox 1443 2068 1499 2088; x_wconf 89' lang='lat' dir='ltr'><strong>non</strong></span> <span class='ocrx_word' id='word_1_684' title='bbox 1530 2062 1693 2090; x_wconf 82' lang='lat' dir='ltr'><strong>substantiae</strong></span> 
     </span>
    </p>
   </div>
   <div class='ocr_carea' id='block_1_87' title="bbox 898 2104 1693 2142">
    <p class='ocr_par' dir='ltr' id='par_1_87' title="bbox 898 2104 1693 2142">
     <span class='ocr_line' id='line_1_87' title="bbox 898 2104 1693 2142; baseline 0.001 -8"><span class='ocrx_word' id='word_1_685' title='bbox 898 2106 1062 2142; x_wconf 85' lang='lat' dir='ltr'><strong>simpliciter</strong></span> <span class='ocrx_word' id='word_1_686' title='bbox 1076 2105 1216 2140; x_wconf 89' lang='lat' dir='ltr'><strong>proprium</strong></span> <span class='ocrx_word' id='word_1_687' title='bbox 1234 2104 1328 2139; x_wconf 83' lang='lat' dir='ltr'><strong>fuerit,</strong></span> <span class='ocrx_word' id='word_1_688' title='bbox 1343 2105 1390 2132; x_wconf 90' lang='lat' dir='ltr'><strong>sed</strong></span> <span class='ocrx_word' id='word_1_689' title='bbox 1406 2104 1475 2140; x_wconf 84' lang='lat' dir='ltr'><strong>ejus,</strong></span> <span class='ocrx_word' id='word_1_690' title='bbox 1502 2113 1563 2141; x_wconf 68' lang='lat' dir='ltr'><strong>quae</strong></span> <span class='ocrx_word' id='word_1_691' title='bbox 1578 2106 1612 2133; x_wconf 87' lang='lat' dir='ltr'><strong>ab</strong></span> <span class='ocrx_word' id='word_1_692' title='bbox 1632 2107 1693 2142; x_wconf 92' lang='lat' dir='ltr'><strong>ipso</strong></span> 
     </span>
    </p>
   </div>
   <div class='ocr_carea' id='block_1_88' title="bbox 902 2151 1695 2187">
    <p class='ocr_par' dir='ltr' id='par_1_88' title="bbox 902 2151 1695 2187">
     <span class='ocr_line' id='line_1_88' title="bbox 902 2151 1695 2187; baseline 0 -8"><span class='ocrx_word' id='word_1_693' title='bbox 902 2157 1014 2179; x_wconf 83' lang='lat' dir='ltr'><strong>vocatur</strong></span> <span class='ocrx_word' id='word_1_694' title='bbox 1026 2151 1132 2187; x_wconf 86' lang='lat' dir='ltr'><strong>prima;</strong></span> <span class='ocrx_word' id='word_1_695' title='bbox 1146 2151 1260 2178; x_wconf 85' lang='lat' dir='ltr'><strong>alteram</strong></span> <span class='ocrx_word' id='word_1_696' title='bbox 1278 2159 1344 2178; x_wconf 80' lang='lat' dir='ltr'><strong>vero</strong></span> <span class='ocrx_word' id='word_1_697' title='bbox 1358 2151 1431 2186; x_wconf 91' lang='lat' dir='ltr'><strong>quod</strong></span> <span class='ocrx_word' id='word_1_698' title='bbox 1457 2151 1572 2179; x_wconf 91' lang='lat' dir='ltr'><strong>univoce</strong></span> <span class='ocrx_word' id='word_1_699' title='bbox 1597 2152 1695 2187; x_wconf 50' lang='lat' dir='ltr'><strong>praedi-</strong></span> 
     </span>
    </p>
   </div>
   <div class='ocr_carea' id='block_1_89' title="bbox 903 2195 1692 2232">
    <p class='ocr_par' dir='ltr' id='par_1_89' title="bbox 903 2195 1692 2232">
     <span class='ocr_line' id='line_1_89' title="bbox 903 2195 1692 2232; baseline 0 -7"><span class='ocrx_word' id='word_1_700' title='bbox 903 2203 997 2231; x_wconf 82' lang='lat' dir='ltr'><strong>cetur;</strong></span> <span class='ocrx_word' id='word_1_701' title='bbox 1013 2197 1060 2225; x_wconf 82' lang='lat' dir='ltr'><strong>sed</strong></span> <span class='ocrx_word' id='word_1_702' title='bbox 1079 2197 1132 2224; x_wconf 86' lang='lat' dir='ltr'><strong>hoc</strong></span> <span class='ocrx_word' id='word_1_703' title='bbox 1145 2204 1255 2232; x_wconf 87' lang='lat' dir='ltr'><strong>quoque</strong></span> <span class='ocrx_word' id='word_1_704' title='bbox 1267 2196 1408 2231; x_wconf 91' lang='lat' dir='ltr'><strong>proprium</strong></span> <span class='ocrx_word' id='word_1_705' title='bbox 1421 2195 1504 2223; x_wconf 85' lang='lat' dir='ltr'><strong>fuerit</strong></span> <span class='ocrx_word' id='word_1_706' title='bbox 1519 2197 1692 2230; x_wconf 65' lang='lat' dir='ltr'><strong>substantiae,</strong></span> 
     </span>
    </p>
   </div>
   <div class='ocr_carea' id='block_1_90' title="bbox 902 2242 1692 2279">
    <p class='ocr_par' dir='ltr' id='par_1_90' title="bbox 902 2242 1692 2279">
     <span class='ocr_line' id='line_1_90' title="bbox 902 2242 1692 2279; baseline 0.001 -8"><span class='ocrx_word' id='word_1_707' title='bbox 902 2252 984 2279; x_wconf 87' lang='lat' dir='ltr'><strong>quam</strong></span> <span class='ocrx_word' id='word_1_708' title='bbox 1004 2245 1063 2279; x_wconf 91' lang='lat' dir='ltr'><strong>ipse</strong></span> <span class='ocrx_word' id='word_1_709' title='bbox 1078 2243 1227 2271; x_wconf 77' lang='lat' dir='ltr'><strong>secundam</strong></span> <span class='ocrx_word' id='word_1_710' title='bbox 1240 2243 1368 2277; x_wconf 85' lang='lat' dir='ltr'><strong>appellat.</strong></span> <span class='ocrx_word' id='word_1_711' title='bbox 1383 2242 1418 2269; x_wconf 90' lang='lat' dir='ltr'><strong>At</strong></span> <span class='ocrx_word' id='word_1_712' title='bbox 1434 2251 1499 2270; x_wconf 88' lang='lat' dir='ltr'><strong>vero</strong></span> <span class='ocrx_word' id='word_1_713' title='bbox 1511 2243 1597 2278; x_wconf 84' lang='lat' dir='ltr'><strong>prius,</strong></span> <span class='ocrx_word' id='word_1_714' title='bbox 1620 2247 1692 2278; x_wconf 84' lang='lat' dir='ltr'><strong>quod</strong></span> 
     </span>
    </p>
   </div>
   <div class='ocr_carea' id='block_1_91' title="bbox 902 2287 1694 2324">
    <p class='ocr_par' dir='ltr' id='par_1_91' title="bbox 902 2287 1694 2324">
     <span class='ocr_line' id='line_1_91' title="bbox 902 2287 1694 2324; baseline 0 -7"><span class='ocrx_word' id='word_1_715' title='bbox 902 2289 1055 2317; x_wconf 85' lang='lat' dir='ltr'><strong>substantia</strong></span> <span class='ocrx_word' id='word_1_716' title='bbox 1085 2289 1136 2316; x_wconf 90' lang='lat' dir='ltr'><strong>hoc</strong></span> <span class='ocrx_word' id='word_1_717' title='bbox 1166 2288 1269 2323; x_wconf 83' lang='lat' dir='ltr'><strong>aliquid</strong></span> <span class='ocrx_word' id='word_1_718' title='bbox 1293 2287 1437 2322; x_wconf 74' lang='lat' dir='ltr'><strong>signiticet.</strong></span> <span class='ocrx_word' id='word_1_719' title='bbox 1464 2288 1551 2316; x_wconf 90' lang='lat' dir='ltr'><strong>solius</strong></span> <span class='ocrx_word' id='word_1_720' title='bbox 1596 2290 1694 2324; x_wconf 69' lang='lat' dir='ltr'><strong>prima:</strong></span> 
     </span>
    </p>
   </div>
   <div class='ocr_carea' id='block_1_92' title="bbox 901 2333 1690 2369">
    <p class='ocr_par' dir='ltr' id='par_1_92' title="bbox 901 2333 1690 2369">
     <span class='ocr_line' id='line_1_92' title="bbox 901 2333 1690 2369; baseline -0.001 -5"><span class='ocrx_word' id='word_1_721' title='bbox 901 2336 1061 2364; x_wconf 65' lang='lat' dir='ltr'><strong>substantiae</strong></span> <span class='ocrx_word' id='word_1_722' title='bbox 1079 2339 1139 2368; x_wconf 88' lang='lat' dir='ltr'><strong>est;</strong></span> <span class='ocrx_word' id='word_1_723' title='bbox 1155 2335 1212 2362; x_wconf 64' lang='lat' dir='ltr'><strong>hate</strong></span> <span class='ocrx_word' id='word_1_724' title='bbox 1224 2334 1308 2367; x_wconf 92' lang='lat' dir='ltr'><strong>enim,</strong></span> <span class='ocrx_word' id='word_1_725' title='bbox 1330 2333 1482 2361; x_wconf 84' lang='lat' dir='ltr'><strong>substantia</strong></span> <span class='ocrx_word' id='word_1_726' title='bbox 1501 2335 1690 2369; x_wconf 75' lang='lat' dir='ltr'><strong>particular-is,</strong></span> 
     </span>
    </p>
   </div>
   <div class='ocr_carea' id='block_1_93' title="bbox 66 2374 842 2419">
    <p class='ocr_par' dir='ltr' id='par_1_93' title="bbox 66 2379 842 2419">
     <span class='ocr_line' id='line_1_93' title="bbox 66 2379 842 2419; baseline 0.004 -12"><span class='ocrx_word' id='word_1_727' title='bbox 66 2386 105 2406; x_wconf 72' lang='grc' dir='ltr'>τιι</span> <span class='ocrx_word' id='word_1_728' title='bbox 118 2379 186 2409; x_wconf 78' lang='grc' dir='ltr'>εἶναι</span> <span class='ocrx_word' id='word_1_729' title='bbox 206 2382 265 2419; x_wconf 70' lang='grc'><strong>(52)</strong></span> <span class='ocrx_word' id='word_1_730' title='bbox 274 2391 283 2399; x_wconf 82' lang='grc'><strong><em>⁸</em></strong></span> <span class='ocrx_word' id='word_1_731' title='bbox 295 2383 328 2410; x_wconf 82' lang='grc' dir='ltr'>τὸ</span> <span class='ocrx_word' id='word_1_732' title='bbox 339 2383 368 2410; x_wconf 82' lang='grc' dir='ltr'>δὲ</span> <span class='ocrx_word' id='word_1_733' title='bbox 383 2383 551 2419; x_wconf 84' lang='grc' dir='ltr'>συνωνύμως</span> <span class='ocrx_word' id='word_1_734' title='bbox 568 2383 783 2419; x_wconf 83' lang='grc' dir='ltr'>κατηγορεῖσθαι</span> <span class='ocrx_word' id='word_1_735' title='bbox 796 2383 842 2410; x_wconf 72' lang='grc' dir='ltr'><strong>οὐκ</strong></span> 
     </span>
    </p>
   </div>
   <div class='ocr_carea' id='block_1_94' title="bbox 935 2374 1692 2419">
    <p class='ocr_par' dir='ltr' id='par_1_94' title="bbox 935 2379 1692 2418">
     <span class='ocr_line' id='line_1_94' title="bbox 935 2379 1692 2418; baseline -0.003 -7"><span class='ocrx_word' id='word_1_736' title='bbox 935 2383 957 2410; x_wconf 81' lang='lat' dir='ltr'><strong>la</strong></span> <span class='ocrx_word' id='word_1_737' title='bbox 971 2382 1057 2418; x_wconf 76' lang='lat' dir='ltr'><strong>digito</strong></span> <span class='ocrx_word' id='word_1_738' title='bbox 1071 2386 1182 2410; x_wconf 84' lang='lat' dir='ltr'><strong>ostensa</strong></span> <span class='ocrx_word' id='word_1_739' title='bbox 1205 2381 1248 2409; x_wconf 92' lang='lat' dir='ltr'><strong>vel</strong></span> <span class='ocrx_word' id='word_1_740' title='bbox 1270 2381 1325 2408; x_wconf 89' lang='lat' dir='ltr'><strong>alio</strong></span> <span class='ocrx_word' id='word_1_741' title='bbox 1347 2379 1484 2415; x_wconf 78' lang='lat' dir='ltr'><strong>ejusmodi</strong></span> <span class='ocrx_word' id='word_1_742' title='bbox 1509 2380 1562 2408; x_wconf 88' lang='lat' dir='ltr'><strong>hoc</strong></span> <span class='ocrx_word' id='word_1_743' title='bbox 1587 2381 1692 2417; x_wconf 85' lang='lat' dir='ltr'><strong>aliquid</strong></span> 
     </span>
    </p>
   </div>
   <div class='ocr_carea' id='block_1_95' title="bbox 816 2450 935 2479">
    <p class='ocr_par' dir='ltr' id='par_1_95' title="bbox 816 2450 935 2479">
     <span class='ocr_line' id='line_1_95' title="bbox 816 2450 935 2479; baseline 0 -1"><span class='ocrx_word' id='word_1_744' title='bbox 816 2450 935 2479; x_wconf 65' lang='lat' dir='ltr'><strong>NOTAE.</strong></span> 
     </span>
    </p>
   </div>
   <div class='ocr_carea' id='block_1_96' title="bbox 95 2497 841 2534">
    <p class='ocr_par' dir='ltr' id='par_1_96' title="bbox 95 2497 841 2534">
     <span class='ocr_line' id='line_1_96' title="bbox 95 2497 841 2534; baseline -0.003 -8"><span class='ocrx_word' id='word_1_745' title='bbox 95 2497 149 2533; x_wconf 69' lang='grc'><strong>(46)</strong></span> <span class='ocrx_word' id='word_1_746' title='bbox 165 2498 315 2534; x_wconf 82' lang='lat' dir='ltr'><strong>Perperam</strong></span> <span class='ocrx_word' id='word_1_747' title='bbox 328 2497 465 2526; x_wconf 86' lang='lat' dir='ltr'><strong>Catiforus</strong></span> <span class='ocrx_word' id='word_1_748' title='bbox 482 2497 625 2534; x_wconf 77' lang='lat' dir='ltr'><strong>legendum</strong></span> <span class='ocrx_word' id='word_1_749' title='bbox 640 2498 770 2526; x_wconf 82' lang='lat' dir='ltr'><strong>censebat</strong></span> <span class='ocrx_word' id='word_1_750' title='bbox 789 2506 841 2524; x_wconf 78' lang='lat' dir='ltr'><strong>au)-</strong></span> 
     </span>
    </p>
   </div>
   <div class='ocr_carea' id='block_1_97' title="bbox 68 2533 756 2569">
    <p class='ocr_par' dir='ltr' id='par_1_97' title="bbox 68 2533 756 2569">
     <span class='ocr_line' id='line_1_97' title="bbox 68 2533 756 2569; baseline 0 -9"><span class='ocrx_word' id='word_1_751' title='bbox 68 2534 194 2568; x_wconf 66' lang='grc' dir='ltr'>φρονοῦσα</span> <span class='ocrx_word' id='word_1_752' title='bbox 208 2533 238 2562; x_wconf 75' lang='lat' dir='ltr'><strong>et</strong></span> <span class='ocrx_word' id='word_1_753' title='bbox 255 2533 399 2569; x_wconf 75' lang='lat' dir='ltr'><strong>lectionem</strong></span> <span class='ocrx_word' id='word_1_754' title='bbox 413 2533 582 2569; x_wconf 78' lang='grc' dir='ltr'>ἀφραίνουσα</span> <span class='ocrx_word' id='word_1_755' title='bbox 598 2534 756 2569; x_wconf 84' lang='lat' dir='ltr'><strong>tollendam.</strong></span> 
     </span>
    </p>
   </div>
   <div class='ocr_carea' id='block_1_98' title="bbox 97 2567 846 2605">
    <p class='ocr_par' dir='ltr' id='par_1_98' title="bbox 97 2567 846 2605">
     <span class='ocr_line' id='line_1_98' title="bbox 97 2567 846 2605; baseline -0.003 -8"><span class='ocrx_word' id='word_1_756' title='bbox 97 2569 148 2605; x_wconf 71' lang='lat' dir='ltr'><strong>(l7)</strong></span> <span class='ocrx_word' id='word_1_757' title='bbox 165 2568 213 2597; x_wconf 89' lang='lat' dir='ltr'><strong>Sic</strong></span> <span class='ocrx_word' id='word_1_758' title='bbox 227 2574 308 2605; x_wconf 78' lang='lat' dir='ltr'><strong>recte</strong></span> <span class='ocrx_word' id='word_1_759' title='bbox 318 2567 403 2596; x_wconf 83' lang='lat' dir='ltr'><strong>Vatic.</strong></span> <span class='ocrx_word' id='word_1_760' title='bbox 419 2567 515 2605; x_wconf 60' lang='grc' dir='ltr'>ερον.</span> <span class='ocrx_word' id='word_1_761' title='bbox 533 2568 614 2605; x_wconf 62' lang='lat' dir='ltr'><strong>Catil}</strong></span> <span class='ocrx_word' id='word_1_762' title='bbox 627 2568 758 2605; x_wconf 84' lang='lat' dir='ltr'><strong>mendose</strong></span> <span class='ocrx_word' id='word_1_763' title='bbox 770 2578 776 2596; x_wconf 92' lang='lat'>:</span> <span class='ocrx_word' id='word_1_764' title='bbox 789 2569 806 2604; x_wconf 74' lang='grc' dir='ltr'><strong>ἢ</strong></span> <span class='ocrx_word' id='word_1_765' title='bbox 819 2577 846 2595; x_wconf 86' lang='grc' dir='ltr'><strong>τι</strong></span> 
     </span>
    </p>
   </div>
   <div class='ocr_carea' id='block_1_99' title="bbox 99 2604 846 2666">
    <p class='ocr_par' dir='ltr' id='par_1_99' title="bbox 99 2604 846 2666">
     <span class='ocr_line' id='line_1_99' title="bbox 99 2604 846 2666; baseline -0.001 -34"><span class='ocrx_word' id='word_1_766' title='bbox 99 2604 153 2666; x_wconf 54' lang='grc' dir='ltr'><strong>(ἕὸὲ</strong></span> <span class='ocrx_word' id='word_1_767' title='bbox 165 2605 245 2666; x_wconf 52' lang='lat' dir='ltr'><strong>igne</strong></span> <span class='ocrx_word' id='word_1_768' title='bbox 264 2604 445 2666; x_wconf 52' lang='lat' dir='ltr'><strong>ogjectionem</strong></span> <span class='ocrx_word' id='word_1_769' title='bbox 458 2604 517 2640; x_wconf 86' lang='lat' dir='ltr'><strong>ipse</strong></span> <span class='ocrx_word' id='word_1_770' title='bbox 531 2604 584 2632; x_wconf 87' lang='lat' dir='ltr'><strong>sibi</strong></span> <span class='ocrx_word' id='word_1_771' title='bbox 596 2604 661 2632; x_wconf 84' lang='lat' dir='ltr'><strong>facit</strong></span> <span class='ocrx_word' id='word_1_772' title='bbox 672 2604 846 2636; x_wconf 81' lang='lat' dir='ltr'><strong>Aristoteles,</strong></span> 
     </span>
     <span class='ocr_line' id='line_1_100' title="bbox 120 2648 309 2666; baseline 0 0"><span class='ocrx_word' id='word_1_773' title='bbox 120 2660 127 2666; x_wconf 87' lang='lat'><strong>.</strong></span> <span class='ocrx_word' id='word_1_774' title='bbox 205 2660 212 2666; x_wconf 84' lang='lat'><strong>.</strong></span> <span class='ocrx_word' id='word_1_775' title='bbox 235 2648 263 2666; x_wconf 85' lang='lat' dir='ltr'><strong>D.</strong></span> <span class='ocrx_word' id='word_1_776' title='bbox 300 2659 309 2666; x_wconf 85' lang='lat'><strong><em>.</em></strong></span> 
     </span>
    </p>
   </div>
   <div class='ocr_carea' id='block_1_100' title="bbox 99 2639 849 2709">
    <p class='ocr_par' dir='ltr' id='par_1_100' title="bbox 99 2639 849 2709">
     <span class='ocr_line' id='line_1_101' title="bbox 99 2639 849 2709; baseline -0.001 -7"><span class='ocrx_word' id='word_1_777' title='bbox 330 2681 355 2702; x_wconf 87' lang='lat' dir='ltr'><strong>c.</strong></span> <span class='ocrx_word' id='word_1_778' title='bbox 372 2683 378 2701; x_wconf 92' lang='lat'>:</span> <span class='ocrx_word' id='word_1_779' title='bbox 401 2674 432 2701; x_wconf 88' lang='lat'><strong>&#39;0</strong></span> <span class='ocrx_word' id='word_1_780' title='bbox 447 2675 475 2702; x_wconf 78' lang='grc' dir='ltr'>δὲ</span> <span class='ocrx_word' id='word_1_781' title='bbox 490 2674 568 2709; x_wconf 86' lang='grc' dir='ltr'>λόγος</span> <span class='ocrx_word' id='word_1_782' title='bbox 591 2674 639 2702; x_wconf 72' lang='grc' dir='ltr'>καὶ</span> <span class='ocrx_word' id='word_1_783' title='bbox 653 2675 670 2709; x_wconf 83' lang='grc' dir='ltr'><strong>ἡ</strong></span> <span class='ocrx_word' id='word_1_784' title='bbox 687 2674 761 2706; x_wconf 77' lang='grc' dir='ltr'>δόξα,</span> <span class='ocrx_word' id='word_1_785' title='bbox 778 2674 849 2701; x_wconf 70' lang='grc' dir='ltr'>αὐτὰ</span> 
     </span>
    </p>
   </div>
   <div class='ocr_carea' id='block_1_101' title="bbox 70 2710 848 2747">
    <p class='ocr_par' dir='ltr' id='par_1_101' title="bbox 70 2710 848 2747">
     <span class='ocr_line' id='line_1_102' title="bbox 70 2710 848 2747; baseline 0 -11"><span class='ocrx_word' id='word_1_786' title='bbox 70 2710 112 2744; x_wconf 77' lang='grc' dir='ltr'>μὲν</span> <span class='ocrx_word' id='word_1_787' title='bbox 123 2711 240 2747; x_wconf 77' lang='grc' dir='ltr'>ἀκίνητα</span> <span class='ocrx_word' id='word_1_788' title='bbox 250 2710 339 2747; x_wconf 79' lang='grc' dir='ltr'>πάντη</span> <span class='ocrx_word' id='word_1_789' title='bbox 357 2710 468 2747; x_wconf 68' lang='grc' dir='ltr'>πᾲντῳς</span> <span class='ocrx_word' id='word_1_790' title='bbox 480 2710 602 2747; x_wconf 78' lang='grc' dir='ltr'>διαμένει</span> <span class='ocrx_word' id='word_1_791' title='bbox 615 2718 629 2747; x_wconf 79' lang='lat'>&#39;_</span> <span class='ocrx_word' id='word_1_792' title='bbox 650 2710 705 2747; x_wconf 60' lang='grc' dir='ltr'><strong>’τοῦ⁸</strong></span> <span class='ocrx_word' id='word_1_793' title='bbox 713 2710 848 2747; x_wconf 19' lang='grc' dir='ltr'>δὲέπρᾴγ-</span> 
     </span>
    </p>
   </div>
   <div class='ocr_carea' id='block_1_102' title="bbox 69 2745 849 2781">
    <p class='ocr_par' dir='ltr' id='par_1_102' title="bbox 69 2745 849 2781">
     <span class='ocr_line' id='line_1_103' title="bbox 69 2745 849 2781; baseline 0.001 -11"><span class='ocrx_word' id='word_1_794' title='bbox 69 2753 144 2779; x_wconf 81' lang='grc' dir='ltr'>ματος</span> <span class='ocrx_word' id='word_1_795' title='bbox 161 2745 333 2780; x_wconf 75' lang='grc' dir='ltr'>κινηθέντος,</span> <span class='ocrx_word' id='word_1_796' title='bbox 346 2745 396 2781; x_wconf 18' lang='grc' dir='ltr'>γότὲ</span> <span class='ocrx_word' id='word_1_797' title='bbox 412 2746 461 2781; x_wconf 86' lang='grc' dir='ltr'>μὲν</span> <span class='ocrx_word' id='word_1_798' title='bbox 476 2746 578 2780; x_wconf 83' lang='grc' dir='ltr'>ἀληθὴς</span> <span class='ocrx_word' id='word_1_799' title='bbox 591 2745 636 2771; x_wconf 75' lang='grc' dir='ltr'><strong>ὁτὲ</strong></span> <span class='ocrx_word' id='word_1_800' title='bbox 649 2745 678 2781; x_wconf 81' lang='grc' dir='ltr'>δὲ</span> <span class='ocrx_word' id='word_1_801' title='bbox 691 2745 792 2780; x_wconf 79' lang='grc' dir='ltr'>ψευδὴς</span> <span class='ocrx_word' id='word_1_802' title='bbox 803 2745 849 2781; x_wconf 67' lang='grc' dir='ltr'>λε-</span> 
     </span>
    </p>
   </div>
   <div class='ocr_carea' id='block_1_103' title="bbox 69 2779 849 2816">
    <p class='ocr_par' dir='ltr' id='par_1_103' title="bbox 69 2779 849 2816">
     <span class='ocr_line' id='line_1_104' title="bbox 69 2779 849 2816; baseline 0 -10"><span class='ocrx_word' id='word_1_803' title='bbox 69 2787 136 2816; x_wconf 73' lang='grc' dir='ltr'>γεται</span> <span class='ocrx_word' id='word_1_804' title='bbox 151 2801 158 2809; x_wconf 95' lang='grc'><em>.</em></span> <span class='ocrx_word' id='word_1_805' title='bbox 171 2801 179 2808; x_wconf 90' lang='grc'><strong>.</strong></span> <span class='ocrx_word' id='word_1_806' title='bbox 196 2800 203 2809; x_wconf 93' lang='grc'><em>.</em></span> <span class='ocrx_word' id='word_1_807' title='bbox 220 2779 235 2808; x_wconf 80' lang='grc' dir='ltr'>ὁ</span> <span class='ocrx_word' id='word_1_808' title='bbox 253 2782 306 2816; x_wconf 74' lang='grc' dir='ltr'>γὰρ</span> <span class='ocrx_word' id='word_1_809' title='bbox 323 2780 400 2816; x_wconf 77' lang='grc' dir='ltr'>λόγος</span> <span class='ocrx_word' id='word_1_810' title='bbox 413 2779 465 2808; x_wconf 69' lang='grc' dir='ltr'>καὶ</span> <span class='ocrx_word' id='word_1_811' title='bbox 475 2782 492 2816; x_wconf 86' lang='grc' dir='ltr'>ή</span> <span class='ocrx_word' id='word_1_812' title='bbox 506 2779 569 2813; x_wconf 81' lang='grc' dir='ltr'>δόξα</span> <span class='ocrx_word' id='word_1_813' title='bbox 581 2782 611 2807; x_wconf 81' lang='grc' dir='ltr'>οὺ</span> <span class='ocrx_word' id='word_1_814' title='bbox 625 2779 665 2815; x_wconf 84' lang='grc' dir='ltr'>τῷ</span> <span class='ocrx_word' id='word_1_815' title='bbox 692 2780 764 2816; x_wconf 67' lang='grc' dir='ltr'>αὐτὰ</span> <span class='ocrx_word' id='word_1_816' title='bbox 777 2779 849 2816; x_wconf 61' lang='grc' dir='ltr'>δεδές</span> 
     </span>
    </p>
   </div>
   <div class='ocr_carea' id='block_1_104' title="bbox 68 2814 850 2850">
    <p class='ocr_par' dir='ltr' id='par_1_104' title="bbox 68 2814 850 2850">
     <span class='ocr_line' id='line_1_105' title="bbox 68 2814 850 2850; baseline 0.001 -10"><span class='ocrx_word' id='word_1_817' title='bbox 68 2815 123 2847; x_wconf 76' lang='grc' dir='ltr'>χθαι</span> <span class='ocrx_word' id='word_1_818' title='bbox 137 2817 190 2843; x_wconf 82' lang='grc' dir='ltr'><strong>τῶν</strong></span> <span class='ocrx_word' id='word_1_819' title='bbox 205 2814 335 2842; x_wconf 77' lang='grc' dir='ltr'>ἐναντίων</span> <span class='ocrx_word' id='word_1_820' title='bbox 347 2815 416 2844; x_wconf 70' lang='grc' dir='ltr'>εἶναι</span> <span class='ocrx_word' id='word_1_821' title='bbox 430 2814 543 2843; x_wconf 79' lang='grc' dir='ltr'>δεκτικὰ</span> <span class='ocrx_word' id='word_1_822' title='bbox 567 2814 687 2850; x_wconf 78' lang='grc' dir='ltr'>λέγεται,</span> <span class='ocrx_word' id='word_1_823' title='bbox 716 2815 785 2842; x_wconf 83' lang='grc' dir='ltr'><strong>ἀλλά</strong></span> <span class='ocrx_word' id='word_1_824' title='bbox 809 2814 850 2850; x_wconf 82' lang='grc' dir='ltr'>τῷ</span> 
     </span>
    </p>
   </div>
   <div class='ocr_carea' id='block_1_105' title="bbox 69 2851 612 2886">
    <p class='ocr_par' dir='ltr' id='par_1_105' title="bbox 69 2851 612 2886">
     <span class='ocr_line' id='line_1_106' title="bbox 69 2851 612 2886; baseline 0.007 -12"><span class='ocrx_word' id='word_1_825' title='bbox 69 2852 126 2886; x_wconf 73' lang='grc' dir='ltr'>περὶ</span> <span class='ocrx_word' id='word_1_826' title='bbox 137 2852 233 2886; x_wconf 73' lang='grc' dir='ltr'>ἓτεράν</span> <span class='ocrx_word' id='word_1_827' title='bbox 249 2859 276 2877; x_wconf 86' lang='grc' dir='ltr'><strong>τι</strong></span> <span class='ocrx_word' id='word_1_828' title='bbox 289 2852 318 2878; x_wconf 73' lang='grc' dir='ltr'><strong>τὸ</strong></span> <span class='ocrx_word' id='word_1_829' title='bbox 332 2851 417 2883; x_wconf 84' lang='grc' dir='ltr'>πάθος</span> <span class='ocrx_word' id='word_1_830' title='bbox 436 2851 612 2886; x_wconf 77' lang='grc' dir='ltr'>γεγενῆσθαι.</span> 
     </span>
    </p>
   </div>
   <div class='ocr_carea' id='block_1_106' title="bbox 100 2885 847 2922">
    <p class='ocr_par' dir='ltr' id='par_1_106' title="bbox 100 2885 847 2922">
     <span class='ocr_line' id='line_1_107' title="bbox 100 2885 847 2922; baseline -0.003 -8"><span class='ocrx_word' id='word_1_831' title='bbox 100 2885 152 2921; x_wconf 68' lang='grc'><strong>(51.³)</strong></span> <span class='ocrx_word' id='word_1_832' title='bbox 185 2885 324 2915; x_wconf 74' lang='lat' dir='ltr'><strong>Catiforus</strong></span> <span class='ocrx_word' id='word_1_833' title='bbox 356 2888 445 2921; x_wconf 78' lang='lat' dir='ltr'><strong>legere</strong></span> <span class='ocrx_word' id='word_1_834' title='bbox 475 2886 561 2915; x_wconf 82' lang='lat' dir='ltr'><strong>voluit</strong></span> <span class='ocrx_word' id='word_1_835' title='bbox 590 2885 847 2922; x_wconf 76' lang='grc' dir='ltr'>μεταϐαλλομένοις.</span> 
     </span>
    </p>
   </div>
   <div class='ocr_carea' id='block_1_107' title="bbox 897 2493 1692 2531">
    <p class='ocr_par' dir='ltr' id='par_1_107' title="bbox 897 2493 1692 2531">
     <span class='ocr_line' id='line_1_108' title="bbox 897 2493 1692 2531; baseline -0.006 -6"><span class='ocrx_word' id='word_1_836' title='bbox 897 2497 944 2525; x_wconf 87' lang='lat' dir='ltr'><strong>sed</strong></span> <span class='ocrx_word' id='word_1_837' title='bbox 960 2501 1105 2525; x_wconf 82' lang='lat' dir='ltr'><strong>contextus</strong></span> <span class='ocrx_word' id='word_1_838' title='bbox 1116 2495 1283 2531; x_wconf 71' lang='lat' dir='ltr'><strong>suffragatur</strong></span> <span class='ocrx_word' id='word_1_839' title='bbox 1299 2493 1411 2523; x_wconf 88' lang='lat' dir='ltr'><strong>lectioni</strong></span> <span class='ocrx_word' id='word_1_840' title='bbox 1436 2493 1524 2520; x_wconf 82' lang='lat' dir='ltr'><strong>Vatic.</strong></span> <span class='ocrx_word' id='word_1_841' title='bbox 1551 2499 1634 2527; x_wconf 82' lang='lat' dir='ltr'><strong>quant</strong></span> <span class='ocrx_word' id='word_1_842' title='bbox 1664 2498 1692 2521; x_wconf 83' lang='lat' dir='ltr'><strong>et</strong></span> 
     </span>
    </p>
   </div>
   <div class='ocr_carea' id='block_1_108' title="bbox 895 2531 1525 2569">
    <p class='ocr_par' dir='ltr' id='par_1_108' title="bbox 895 2531 1525 2569">
     <span class='ocr_line' id='line_1_109' title="bbox 895 2531 1525 2569; baseline 0 0"><span class='ocrx_word' id='word_1_843' title='bbox 895 2537 974 2569; x_wconf 61' lang='lat' dir='ltr'><strong>tenet</strong></span> <span class='ocrx_word' id='word_1_844' title='bbox 987 2534 1081 2569; x_wconf 48' lang='lat'><strong>$9.08!.-</strong></span> <span class='ocrx_word' id='word_1_845' title='bbox 1092 2531 1124 2559; x_wconf 66' lang='grc' dir='ltr'><strong>(ῖ-</strong></span> <span class='ocrx_word' id='word_1_846' title='bbox 1173 2565 1189 2569; x_wconf 88' lang='grc'><strong>..</strong></span> <span class='ocrx_word' id='word_1_847' title='bbox 1339 2566 1345 2569; x_wconf 89' lang='grc'>.</span> <span class='ocrx_word' id='word_1_848' title='bbox 1473 2563 1481 2569; x_wconf 93' lang='grc'>.</span> <span class='ocrx_word' id='word_1_849' title='bbox 1509 2563 1525 2569; x_wconf 92' lang='grc'><strong>..</strong></span> 
     </span>
    </p>
   </div>
   <div class='ocr_carea' id='block_1_109' title="bbox 933 2562 1691 2602">
    <p class='ocr_par' dir='ltr' id='par_1_109' title="bbox 933 2562 1691 2602">
     <span class='ocr_line' id='line_1_110' title="bbox 933 2562 1691 2602; baseline -0.005 -7"><span class='ocrx_word' id='word_1_850' title='bbox 933 2567 990 2602; x_wconf 78' lang='lat' dir='ltr'><strong>(5t)</strong></span> <span class='ocrx_word' id='word_1_851' title='bbox 1004 2562 1118 2594; x_wconf 63' lang='grc' dir='ltr'>Εἶναι.</span> <span class='ocrx_word' id='word_1_852' title='bbox 1131 2565 1254 2602; x_wconf 86' lang='lat' dir='ltr'><strong>ordinem</strong></span> <span class='ocrx_word' id='word_1_853' title='bbox 1263 2566 1449 2602; x_wconf 76' lang='lat' dir='ltr'><strong>membrorum</strong></span> <span class='ocrx_word' id='word_1_854' title='bbox 1465 2563 1592 2591; x_wconf 87' lang='lat' dir='ltr'><strong>dedimus</strong></span> <span class='ocrx_word' id='word_1_855' title='bbox 1603 2562 1691 2602; x_wconf 24' lang='lat' dir='ltr'><strong>EAVen.</strong></span> 
     </span>
    </p>
   </div>
   <div class='ocr_carea' id='block_1_110' title="bbox 898 2598 1692 2638">
    <p class='ocr_par' dir='ltr' id='par_1_110' title="bbox 898 2598 1692 2638">
     <span class='ocr_line' id='line_1_111' title="bbox 898 2598 1692 2638; baseline -0.008 -7"><span class='ocrx_word' id='word_1_856' title='bbox 898 2598 992 2638; x_wconf 30' lang='lat' dir='ltr'><strong>apogr‘.</strong></span> <span class='ocrx_word' id='word_1_857' title='bbox 1013 2603 1042 2630; x_wconf 87' lang='lat' dir='ltr'><strong>iu</strong></span> <span class='ocrx_word' id='word_1_858' title='bbox 1059 2603 1102 2630; x_wconf 86' lang='lat' dir='ltr'><strong>his</strong></span> <span class='ocrx_word' id='word_1_859' title='bbox 1117 2601 1258 2637; x_wconf 84' lang='lat' dir='ltr'><strong>paululum</strong></span> <span class='ocrx_word' id='word_1_860' title='bbox 1274 2600 1363 2628; x_wconf 78' lang='lat' dir='ltr'><strong>diﬂ&#39;ert</strong></span> <span class='ocrx_word' id='word_1_861' title='bbox 1380 2605 1443 2635; x_wconf 89' lang='lat' dir='ltr'><strong>post</strong></span> <span class='ocrx_word' id='word_1_862' title='bbox 1476 2606 1556 2626; x_wconf 87' lang='lat' dir='ltr'><strong>voces</strong></span> <span class='ocrx_word' id='word_1_863' title='bbox 1583 2598 1692 2633; x_wconf 85' lang='grc' dir='ltr'>τίθησιν</span> 
     </span>
    </p>
   </div>
   <div class='ocr_carea' id='block_1_111' title="bbox 898 2638 1004 2669">
    <p class='ocr_par' dir='ltr' id='par_1_111' title="bbox 898 2638 1004 2669">
     <span class='ocr_line' id='line_1_112' title="bbox 898 2638 1004 2669; baseline 0.009 -5"><span class='ocrx_word' id='word_1_864' title='bbox 898 2638 1004 2669; x_wconf 84' lang='grc' dir='ltr'>οὐσίας.</span> 
     </span>
    </p>
   </div>
   <div class='ocr_carea' id='block_1_112' title="bbox 937 2669 1692 2708">
    <p class='ocr_par' dir='ltr' id='par_1_112' title="bbox 937 2669 1692 2708">
     <span class='ocr_line' id='line_1_113' title="bbox 937 2669 1692 2708; baseline -0.005 -8"><span class='ocrx_word' id='word_1_865' title='bbox 937 2673 994 2708; x_wconf 72' lang='grc'>(52)</span> <span class='ocrx_word' id='word_1_866' title='bbox 1008 2673 1037 2700; x_wconf 89' lang='lat' dir='ltr'><strong>In</strong></span> <span class='ocrx_word' id='word_1_867' title='bbox 1055 2672 1117 2700; x_wconf 88' lang='lat' dir='ltr'><strong>cod.</strong></span> <span class='ocrx_word' id='word_1_868' title='bbox 1134 2671 1210 2708; x_wconf 67' lang='lat' dir='ltr'><strong>Men.</strong></span> <span class='ocrx_word' id='word_1_869' title='bbox 1223 2672 1335 2708; x_wconf 44' lang='grc' dir='ltr'>ἥατο-εει</span> <span class='ocrx_word' id='word_1_870' title='bbox 1351 2670 1504 2708; x_wconf 67' lang='lat' dir='ltr'><strong>proprietas</strong></span> <span class='ocrx_word' id='word_1_871' title='bbox 1521 2669 1613 2708; x_wconf 75' lang='lat' dir='ltr'><strong>tertia.</strong></span> <span class='ocrx_word' id='word_1_872' title='bbox 1629 2677 1692 2703; x_wconf 76' lang='lat' dir='ltr'><strong>qua:</strong></span> 
     </span>
    </p>
   </div>
   <div class='ocr_carea' id='block_1_113' title="bbox 901 2705 1693 2742">
    <p class='ocr_par' dir='ltr' id='par_1_113' title="bbox 901 2705 1693 2742">
     <span class='ocr_line' id='line_1_114' title="bbox 901 2705 1693 2742; baseline -0.009 -6"><span class='ocrx_word' id='word_1_873' title='bbox 901 2705 946 2735; x_wconf 58' lang='lat' dir='ltr'><strong>ita&#39;</strong></span> <span class='ocrx_word' id='word_1_874' title='bbox 956 2705 1121 2736; x_wconf 78' lang='lat' dir='ltr'><strong>describitur</strong></span> <span class='ocrx_word' id='word_1_875' title='bbox 1136 2716 1143 2734; x_wconf 91' lang='lat'><strong>:</strong></span> <span class='ocrx_word' id='word_1_876' title='bbox 1160 2706 1260 2742; x_wconf 81' lang='grc' dir='ltr'>Τρίτον</span> <span class='ocrx_word' id='word_1_877' title='bbox 1272 2706 1338 2733; x_wconf 82' lang='grc' dir='ltr'>ίδιον</span> <span class='ocrx_word' id='word_1_878' title='bbox 1352 2706 1402 2741; x_wconf 82' lang='grc' dir='ltr'>τῆς</span> <span class='ocrx_word' id='word_1_879' title='bbox 1418 2705 1514 2736; x_wconf 82' lang='grc' dir='ltr'>οὐσίας</span> <span class='ocrx_word' id='word_1_880' title='bbox 1530 2705 1590 2742; x_wconf 75' lang='grc' dir='ltr'>τόδε</span> <span class='ocrx_word' id='word_1_881' title='bbox 1601 2713 1627 2731; x_wconf 85' lang='grc' dir='ltr'><strong>τι</strong></span> <span class='ocrx_word' id='word_1_882' title='bbox 1642 2713 1693 2742; x_wconf 76' lang='grc' dir='ltr'>ση-</span> 
     </span>
    </p>
   </div>
   <div class='ocr_carea' id='block_1_114' title="bbox 903 2739 1693 2778">
    <p class='ocr_par' dir='ltr' id='par_1_114' title="bbox 903 2739 1693 2778">
     <span class='ocr_line' id='line_1_115' title="bbox 903 2739 1693 2778; baseline -0.008 -8"><span class='ocrx_word' id='word_1_883' title='bbox 903 2743 1010 2778; x_wconf 84' lang='grc' dir='ltr'>μαίνειν</span> <span class='ocrx_word' id='word_1_884' title='bbox 1022 2750 1029 2757; x_wconf 86' lang='grc'>·</span> <span class='ocrx_word' id='word_1_885' title='bbox 1047 2743 1126 2778; x_wconf 85' lang='grc' dir='ltr'>τοῦτο</span> <span class='ocrx_word' id='word_1_886' title='bbox 1145 2742 1174 2769; x_wconf 80' lang='grc' dir='ltr'>δὲ</span> <span class='ocrx_word' id='word_1_887' title='bbox 1184 2739 1218 2768; x_wconf 69' lang='grc' dir='ltr'>τὸ</span> <span class='ocrx_word' id='word_1_888' title='bbox 1242 2741 1308 2767; x_wconf 77' lang='grc' dir='ltr'>ἴδιον</span> <span class='ocrx_word' id='word_1_889' title='bbox 1325 2742 1364 2778; x_wconf 47' lang='lat' dir='ltr'><strong>cf]</strong></span> <span class='ocrx_word' id='word_1_890' title='bbox 1381 2739 1490 2778; x_wconf 45' lang='lat' dir='ltr'><strong>pepigi]</strong></span> <span class='ocrx_word' id='word_1_891' title='bbox 1503 2740 1595 2778; x_wconf 62' lang='lat' dir='ltr'><strong>etich</strong></span> <span class='ocrx_word' id='word_1_892' title='bbox 1623 2739 1693 2778; x_wconf 76' lang='grc' dir='ltr'>μόνῃ</span> 
     </span>
    </p>
   </div>
   <div class='ocr_carea' id='block_1_115' title="bbox 901 2774 1694 2814">
    <p class='ocr_par' dir='ltr' id='par_1_115' title="bbox 901 2774 1694 2814">
     <span class='ocr_line' id='line_1_116' title="bbox 901 2774 1694 2814; baseline -0.006 -9"><span class='ocrx_word' id='word_1_893' title='bbox 901 2774 1027 2814; x_wconf 77' lang='grc' dir='ltr'>ἇρμόζει,</span> <span class='ocrx_word' id='word_1_894' title='bbox 1042 2779 1102 2813; x_wconf 80' lang='grc' dir='ltr'>οὐχὶ</span> <span class='ocrx_word' id='word_1_895' title='bbox 1114 2777 1142 2814; x_wconf 72' lang='grc' dir='ltr'>δὲ</span> <span class='ocrx_word' id='word_1_896' title='bbox 1153 2778 1200 2814; x_wconf 68' lang='grc' dir='ltr'>καὶ</span> <span class='ocrx_word' id='word_1_897' title='bbox 1209 2778 1270 2808; x_wconf 85' lang='grc' dir='ltr'>ταῖς</span> <span class='ocrx_word' id='word_1_898' title='bbox 1286 2774 1400 2814; x_wconf 77' lang='grc' dir='ltr'>καθόλου</span> <span class='ocrx_word' id='word_1_899' title='bbox 1407 2784 1420 2814; x_wconf 79' lang='lat'>_&#39;</span> <span class='ocrx_word' id='word_1_900' title='bbox 1428 2774 1465 2802; x_wconf 69' lang='grc' dir='ltr'><strong>τὸ</strong></span> <span class='ocrx_word' id='word_1_901' title='bbox 1478 2774 1533 2814; x_wconf 65' lang='grc' dir='ltr'><strong>γᾴρ</strong></span> <span class='ocrx_word' id='word_1_902' title='bbox 1558 2774 1694 2814; x_wconf 61' lang='grc' dir='ltr'>δεικνύειν</span> 
     </span>
    </p>
   </div>
   <div class='ocr_carea' id='block_1_116' title="bbox 900 2809 1688 2849">
    <p class='ocr_par' dir='ltr' id='par_1_116' title="bbox 900 2809 1688 2849">
     <span class='ocr_line' id='line_1_117' title="bbox 900 2809 1688 2849; baseline -0.006 -9"><span class='ocrx_word' id='word_1_903' title='bbox 900 2809 946 2840; x_wconf 70' lang='grc' dir='ltr'><strong>δίἆ</strong></span> <span class='ocrx_word' id='word_1_904' title='bbox 954 2809 1004 2849; x_wconf 71' lang='grc' dir='ltr'>τῆς</span> <span class='ocrx_word' id='word_1_905' title='bbox 1015 2809 1106 2849; x_wconf 53' lang='grc' dir='ltr'>γειρδς</span> <span class='ocrx_word' id='word_1_906' title='bbox 1114 2813 1132 2847; x_wconf 85' lang='grc' dir='ltr'>ἢ</span> <span class='ocrx_word' id='word_1_907' title='bbox 1149 2812 1230 2849; x_wconf 81' lang='grc' dir='ltr'>ἄλλου</span> <span class='ocrx_word' id='word_1_908' title='bbox 1244 2811 1316 2843; x_wconf 82' lang='grc' dir='ltr'>τινὸς</span> <span class='ocrx_word' id='word_1_909' title='bbox 1342 2811 1464 2849; x_wconf 73' lang='grc' dir='ltr'>τοιούτου</span> <span class='ocrx_word' id='word_1_910' title='bbox 1477 2809 1540 2849; x_wconf 45' lang='grc' dir='ltr'>τὰς.</span> <span class='ocrx_word' id='word_1_911' title='bbox 1556 2810 1606 2849; x_wconf 71' lang='grc' dir='ltr'>μὲν</span> <span class='ocrx_word' id='word_1_912' title='bbox 1622 2809 1688 2849; x_wconf 68' lang='grc' dir='ltr'>καθ-</span> 
     </span>
    </p>
   </div>
   <div class='ocr_carea' id='block_1_117' title="bbox 900 2844 1693 2882">
    <p class='ocr_par' dir='ltr' id='par_1_117' title="bbox 900 2844 1693 2882">
     <span class='ocr_line' id='line_1_118' title="bbox 900 2844 1693 2882; baseline -0.005 -7"><span class='ocrx_word' id='word_1_913' title='bbox 900 2849 963 2875; x_wconf 84' lang='grc' dir='ltr'>όλου</span> <span class='ocrx_word' id='word_1_914' title='bbox 977 2844 1070 2880; x_wconf 71' lang='grc' dir='ltr'>ὁύσῖαξ</span> <span class='ocrx_word' id='word_1_915' title='bbox 1083 2844 1133 2874; x_wconf 69' lang='grc' dir='ltr'><strong>οὐκ</strong></span> <span class='ocrx_word' id='word_1_916' title='bbox 1157 2847 1303 2882; x_wconf 75' lang='grc' dir='ltr'>ἐνδέχεται,</span> <span class='ocrx_word' id='word_1_917' title='bbox 1326 2847 1376 2882; x_wconf 66' lang='lat' dir='ltr'><strong>sit;</strong></span> <span class='ocrx_word' id='word_1_918' title='bbox 1403 2846 1432 2873; x_wconf 76' lang='grc' dir='ltr'>δὲ</span> <span class='ocrx_word' id='word_1_919' title='bbox 1446 2844 1562 2882; x_wconf 78' lang='grc' dir='ltr'>μερικὰς</span> <span class='ocrx_word' id='word_1_920' title='bbox 1590 2844 1693 2880; x_wconf 72' lang='grc' dir='ltr'>ἐνδέχε-</span> 
     </span>
    </p>
   </div>
   <div class='ocr_carea' id='block_1_118' title="bbox 902 2881 1390 2920">
    <p class='ocr_par' dir='ltr' id='par_1_118' title="bbox 902 2881 1390 2920">
     <span class='ocr_line' id='line_1_119' title="bbox 902 2881 1390 2920; baseline -0.004 -9"><span class='ocrx_word' id='word_1_921' title='bbox 902 2893 947 2911; x_wconf 87' lang='grc' dir='ltr'><strong>ται</strong></span> <span class='ocrx_word' id='word_1_922' title='bbox 965 2883 1018 2920; x_wconf 73' lang='lat' dir='ltr'><strong>(Cl&#39;.</strong></span> <span class='ocrx_word' id='word_1_923' title='bbox 1037 2884 1122 2912; x_wconf 83' lang='lat' dir='ltr'><strong>Arist.</strong></span> <span class='ocrx_word' id='word_1_924' title='bbox 1138 2890 1162 2911; x_wconf 85' lang='lat' dir='ltr'><strong>c.</strong></span> <span class='ocrx_word' id='word_1_925' title='bbox 1183 2881 1240 2919; x_wconf 53' lang='grc' dir='ltr'><strong>ης</strong></span> <span class='ocrx_word' id='word_1_926' title='bbox 1258 2882 1300 2916; x_wconf 74' lang='lat' dir='ltr'><strong>ili,</strong></span> <span class='ocrx_word' id='word_1_927' title='bbox 1313 2890 1338 2918; x_wconf 87' lang='lat' dir='ltr'><strong>p.</strong></span> <span class='ocrx_word' id='word_1_928' title='bbox 1352 2881 1390 2917; x_wconf 79' lang='grc'><strong>5).</strong></span> 
     </span>
    </p>
   </div>
  </div>
