1863 3064
200 155 255 188 787

782 158 916 188 ΡΗΟΤΙῙ
930 159 1186 189 PATRIARCIIAS
1199 160 1254 190 ΟΡ.

1782 163 1828 195 783

202 223 267 244 mox
295 223 360 243 vero
383 215 452 243 illud
480 215 584 251 abiecit
599 220 627 243 et
639 215 784 252 deposuit;
810 217 885 245 verbi
902 218 988 253 gratia

1081 227 1100 253 9;
1112 218 1228 246 τοιοῦτοι
1246 218 1302 255 (1⁸2)
1323 219 1457 252 διαθέσεις
1474 219 1548 256 ἔχειν
1568 220 1705 255 λέγονται·
1725 221 1824 258 διετέθη

202 268 275 293 eum.
293 260 339 295 qui
352 265 462 295 propter
476 259 648 287 iracundiam
666 260 777 288 erubuit.
791 261 833 288 vel
850 269 904 295 prae
916 267 988 288 metu

202 306 312 342 palluit;
339 306 406 333 tales
423 306 498 333 enim
509 306 716 341 dispositionem
731 307 832 334 habere
844 307 988 340 dicuntur;

201 351 351 386 dispositus
367 359 485 385 namque
501 350 553 378 fuit
567 351 788 387 eorumquilibet
803 352 836 379 ad
851 352 989 379 modicum

202 399 307 429 tempus
325 395 475 422 secundum
488 396 616 423 ruborem
632 396 674 423 vel
695 397 845 431 pallorem;
861 405 915 424 non
928 404 992 424 vero

202 441 285 467 ullius
310 441 406 467 harum
423 441 586 475 qualitatum
609 441 732 469 habitum
756 442 889 477 suscepit.
913 441 992 470 Patet

201 491 292 512 autem
307 494 370 512 eum
386 486 432 521 qui
445 487 567 514 habitqu
582 488 672 520 habet,
692 488 768 522 prius
779 489 990 523 dispositionem

202 532 349 562 habuisse:
368 533 445 567 prius
473 534 545 560 enim
560 533 622 560 talis
637 534 789 561 secundum
811 535 885 562 illam
901 534 992 570 quali-

201 582 286 605 tatem
317 579 468 614 dispositus
492 584 560 612 erat,
591 580 690 608 deinde
713 581 754 608 sic
781 581 841 616 ejus
868 581 991 609 habitum

201 624 333 658 suscepit.
373 625 462 660 Atque
493 626 551 654 haec
578 626 689 661 quidem
713 625 747 654 de
779 627 868 661 prima
899 627 992 662 specie

202 669 357 704 qualitatis.

236 715 264 742 2.
285 715 376 743 Altera
394 724 460 743 vero
474 717 615 752 qualitatis
628 718 735 753 species
752 723 794 746 est
827 719 950 754 potentia
966 723 993 746 et

201 759 375 795 impotentia.
395 762 458 789 Haec
472 771 538 790 vero
551 771 606 790 non
618 769 763 796 suntactu,
778 764 826 792 sed
842 772 888 799 per
905 764 991 792 solam

202 805 372 833 habilitatem
393 808 594 841 producuntur.
612 808 658 835 Est
674 816 737 835 vero
753 809 874 843 potentia
890 809 992 836 habili-

202 851 269 878 tatis
289 859 461 886 progressus.
479 853 640 888 impotentia
670 858 759 881 autem
780 854 926 882 difﬁcultas
950 854 992 882 vel

1041 264 1092 300 μὲν
1104 265 1159 301 γὰρ
1170 265 1286 298 ἕκαστος
1298 267 1401 293 τούτων
1416 267 1484 302 πρὸς
1496 267 1586 302 ὀλίγον
1597 267 1669 295 κατὰ
1679 267 1731 304 τὴν
1746 268 1825 304 ὠχρό-

1040 311 1137 346 τηταῆ
1155 312 1326 348 ἐρυθρότητα
1337 320 1344 328 ·
1363 313 1414 340 οὺκ
1429 313 1538 347 ἐγένετο
1557 313 1587 340 δὲ
1606 313 1694 345 οὐδεὶς
1702 314 1825 350 οὐδεμιᾶς

1041 358 1151 390 ἐκτικδς
1164 359 1267 386 τούτων
1279 360 1346 395 (15).
1359 359 1445 395 Δῆλον
1454 359 1524 387 δ’ὅτι
1532 361 1546 387 ὁ
1557 360 1626 396 ἔχων
1639 360 1691 396 τὴν
1700 360 1758 393 ἕξιν
1766 361 1825 395 πρό-

1040 412 1119 439 τερον
1132 404 1195 440 ἔσχε
1209 406 1260 440 τὴν
1271 405 1391 432 διάθεσιν
1407 406 1473 442 (1.1)⁵
1492 406 1599 441 διετέθη
1616 405 1672 441 γὰρ
1693 406 1800 438 πρῶτον
1814 407 1825 432 ό

1041 451 1162 482 τοιοῦτος
1176 451 1246 479 κατὰ
1259 451 1309 487 τὴν
1325 451 1468 487 ποιότητα,
1488 450 1539 479 εἷθ’
1553 452 1639 484 οὕτως
1656 451 1761 487 ταύτης
1776 452 1825 483 (15)

1042 497 1148 529 ἐκτικὺς
1162 498 1283 532 ἐγένετο.
1302 497 1358 525 Καὶ
1372 497 1444 525 οὕτω
1460 497 1509 533 μὲν
1523 497 1588 534 περὶ
1601 497 1649 525 τοῦ
1666 497 1777 534 πρώτου
1791 498 1825 524 εἴ-

1041 544 1103 577 δους
1113 545 1163 580 τῆς
1177 544 1329 581 ποιότητος.
1441 538 1450 546 ’

1078 714 1112 750 β’.
1127 714 1258 749 Δεύτερον
1270 714 1300 741 δὲ
1320 713 1388 746 εἶδος
1404 713 1548 749 ποιότητος
1567 713 1685 749 δύναμις
1705 713 1754 740 καὶ
1771 713 1815 740 ἀδυ

1042 754 1146 795 ναμια·
1163 760 1251 787 ταῦτα
1266 760 1294 787 δὲ
1309 761 1360 787 οὐκ
1376 761 1431 787 sic).
1445 760 1518 787 κατὰ
1532 761 1584 795 τὴν
1600 761 1743 796 ἐνέργειαν
1760 760 1826 796 (16).

1043 807 1112 834 ἀλλὰ
1137 807 1198 833 κατ’
1220 806 1426 842 ἐπιτηδειότητα
1456 807 1540 842 μόνην
1572 806 1753 842 προάγονται.
1779 807 1827 832 Καὶ

1043 854 1101 880 ἐστι
1120 853 1175 889 (17)
1188 853 1303 888 δύναμις
1322 853 1373 888 μὲν
1389 852 1607 887 ἐπιτηδειότητος
1621 852 1759 887 προκοπὴ,
1771 851 1826 878 ἀδυ-

201 897 307 924 excisio
324 897 487 925 habilitatis.
505 898 628 933 Exempli
651 900 738 934 gratia
767 901 924 935 praestantis
951 901 988 928 in-

1081 900 1131 935 μια
1146 900 1174 926 δὲ
1185 898 1314 926 δυσκολία
1327 898 1344 934 ἢ
1360 898 1465 934 ἐκκοπὴ
1479 898 1709 933 ἐπιτηδειότητος·
1721 895 1776 924 οἷον
1788 897 1826 923 τὸν

205 943 277 977 genii
299 950 411 977 puerum
430 945 580 978 potentiam
604 945 704 972 habere
730 945 858 977 dicimus,
877 951 906 973 ut
930 953 995 981 geo-

205 989 336 1015 metricus
349 989 405 1022 fiat,
428 990 578 1017 hebetioris
595 998 659 1018 vero
677 990 780 1026 ingenii
796 999 910 1026 puerum
941 991 994 1019 im-

204 1034 365 1068 potentiam.
383 1034 484 1062 Eodem
503 1036 584 1062 modo
613 1036 668 1071 apti
698 1037 731 1064 ad
762 1044 875 1064 cursum
902 1041 931 1064 et
960 1036 995 1064 ad

204 1081 357 1115 pugilatum
386 1081 516 1109 dicuntur
534 1090 588 1109 non
605 1083 716 1117 quidem
732 1088 874 1110 currentes
887 1088 915 1110 et
943 1090 995 1118 pu-

205 1127 321 1161 gilantes
340 1127 377 1162 (hi
394 1128 466 1154 enim
486 1133 617 1155 vocantur
630 1136 756 1156 cursores
771 1133 798 1155 ιιι
806 1129 933 1164 pugiles).
948 1129 995 1157 sed

205 1173 253 1207 qui
272 1173 451 1207 aptitudinem
468 1174 694 1210 habilitatemque
717 1175 820 1202 habent
832 1176 865 1202 ad
881 1182 994 1202 cursum

205 1221 248 1246 vel
269 1221 303 1246 ad
320 1221 488 1255 pugilatum;
520 1225 547 1248 et
561 1221 687 1249 salubres
714 1221 844 1249 dicuntur
873 1229 926 1248 non
951 1221 998 1257 qui

206 1266 275 1294 bona
293 1266 422 1294 fruuntur
438 1268 594 1295 valetudine
610 1268 648 1303 (hi
665 1268 738 1295 enim
757 1271 890 1295 vocantur
912 1268 998 1303 sani),

205 1313 253 1340 sed
270 1313 315 1348 qui
334 1314 481 1348 potentiam
498 1315 600 1342 [tabent
625 1315 692 1341 nihil
711 1314 791 1341 facile
817 1314 851 1341 ab
870 1314 998 1342 acciden-

206 1358 280 1386 tibus
295 1359 415 1393 patiendi
440 1360 566 1395 (morbidi
589 1367 652 1388 vero
669 1360 709 1387 vel
730 1360 825 1395 a‘groti
858 1359 999 1391 dicuntur,

1044 945 1132 980 εὐφυῆ
1148 945 1230 972 παῖδα
1243 944 1358 979 δύναμιν
1375 943 1448 978 ἔχειν
1462 943 1554 979 φαμὲν
1565 942 1612 970 τοῦ
1627 943 1756 977 γενέσθαι
1768 951 1827 976 γεω-

1046 991 1186 1026 μετρικὸν,
1204 990 1250 1017 τὸν
1265 989 1294 1016 δέ
1306 988 1380 1023 ἀφυῆ
1398 988 1560 1023 ἀδυναμίαν·
1573 987 1618 1015 τὸν
1631 987 1716 1015 αὐτὸν
1729 987 1757 1014 δὲ
1771 987 1827 1022 τρό-

1045 1045 1096 1063 πον
1108 1036 1156 1062 xui
1172 1034 1299 1071 δρομικοὶ
1312 1034 1437 1069 λέγονται
1447 1033 1495 1060 καὶ
1508 1032 1636 1059 πυκτικοὶ
1645 1052 1652 1062 .
1668 1032 1721 1067 οὐχ
1733 1031 1758 1058 οι
1771 1031 1826 1066 τρέ-

1044 1092 1138 1120 χοντες
1149 1083 1166 1118 ἦ
1181 1082 1363 1113 πυκτεύοντες
1375 1078 1465 1115 (οὗτοι
1483 1079 1538 1115 γὰρ
1553 1079 1663 1115 δρομεῖς
1674 1079 1724 1105 καὶ
1735 1077 1827 1105 πύκται

1045 1129 1212 1164 καλοῦνται).
1227 1128 1284 1155 ἀλλ’
1297 1128 1321 1154 οἱ
1338 1126 1445 1162 ἔχοντες
1459 1125 1620 1160 ἐπιτηδείως
1634 1124 1704 1160 πρὸς
1718 1124 1763 1151 τὸν
1774 1123 1827 1159 δρό‹

1046 1184 1096 1211 μον
1116 1175 1162 1202 καὶ
1184 1174 1240 1209 (18)
1257 1173 1307 1208 τὴν
1326 1172 1456 1207 πυγμήν·
1473 1171 1521 1198 καὶ
1537 1171 1649 1205 ὑγιεινοὶ
1666 1170 1718 1205 οὐχ
1741 1170 1765 1196 οἰ
1779 1169 1826 1204 (19)

1046 1221 1216 1256 ὑγιαίνοντες
1242 1217 1332 1253 (οὗτοι
1357 1219 1412 1254 γὰρ
1436 1218 1524 1252 ὑγιεῖς
1547 1217 1715 1251 λέγονται),
1733 1216 1788 1243 ἁλλ’
1807 1216 1827 1242 οἱ

1045 1268 1153 1303 ἔχοντες
1164 1266 1279 1300 δύναμιν
1291 1264 1338 1292 τοῦ
1352 1264 1435 1300 μηδὲν
1447 1263 1561 1299 πάσχειν
1569 1262 1622 1290 ὑπὸ
1632 1262 1688 1288 τῶν
1701 1261 1828 1297 τυχόντων

1046 1313 1165 1345 εὐκόλως
1180 1312 1248 1348 (20).
1261 1311 1356 1338 Ταῦτα
1369 1310 1401 1347 δὴ
1416 1309 1483 1346 περὶ
1495 1309 1545 1345 τῆς
1555 1309 1700 1344 δυνάμεως
1713 1308 1762 1336 καὶ
1774 1307 1829 1334 ἁδυ-

1046 1359 1158 1395 ναμὶας.

204 1405 252 1440 qui
267 1405 419 1433 naturalem
445 1406 547 1434 habent
564 1406 753 1442 impotentiam
770 1406 839 1434 nihil
858 1405 940 1434 facile
954 1405 1076 1441 patiendi
1091 1406 1126 1434 ab
1139 1405 1353 1441 accidentibus).
1386 1405 1450 1434 Haec
1485 1405 1520 1434 de
1549 1403 1671 1441 potentia
1690 1408 1719 1430 et
1750 1402 1829 1435 impo-

205 1453 289 1481 tentia
302 1453 373 1481 dicta
389 1458 481 1482 sunto.

242 1503 269 1530 5.
288 1501 381 1529 Tertia
406 1503 547 1537 qualitatis
576 1504 682 1538 species
706 1504 814 1539 passiva
846 1502 1031 1540 (patibilis)C

205 1548 324 1583 qualitas
338 1552 366 1575 et
379 1549 482 1582 passio.
500 1549 548 1576 Est
565 1555 657 1577 autem
673 1551 784 1585 passiva
799 1551 918 1586 qualitas
933 1558 997 1586 pas-

205 1594 276 1622 sioui
298 1594 407 1622 cuidam
437 1595 482 1622 diu
503 1595 661 1630 conjuncta.
696 1596 788 1630 passio
801 1604 865 1624 vero
891 1596 934 1623 via
962 1596 997 1624 ad

206 1640 365 1674 qualitatem
396 1641 542 1675 passivam.
572 1641 729 1676 Tripliciter
758 1642 859 1670 dicitur
887 1643 997 1677 passiva

206 1686 326 1720 qualitas
343 1695 350 1713 :
365 1687 404 1713 vel
419 1686 491 1714 enim
507 1695 522 1713 a
542 1686 671 1721 passione
687 1692 777 1715 ortum
791 1688 898 1720 habuit,
915 1688 997 1715 veluti

166 1733 170 1737 '
206 1732 242 1759 ab
255 1732 398 1767 irregulari
415 1740 447 1760 ac
465 1737 570 1760 naturae
590 1741 644 1761 non
665 1738 851 1762 consentanea
867 1735 942 1761 circa
950 1742 998 1761 cor

208 1778 315 1806 fervore
333 1779 428 1811 febris,
445 1784 472 1807 et
487 1780 643 1813 passionem
675 1781 821 1815 quamdam
855 1780 926 1808 circa
955 1785 996 1807 ta.

206 1829 281 1852 ctum
300 1824 398 1859 edicit;
414 1825 538 1853 calefacit
549 1826 622 1853 enim
638 1833 702 1854 eum
729 1827 776 1861 qui
797 1826 863 1853 illud
892 1825 997 1861 tangit;

207 1871 249 1898 vel
265 1879 279 1898 a
293 1872 421 1906 passione
432 1872 541 1907 quidem
557 1877 616 1900 orta
631 1880 685 1899 non
697 1877 750 1904 est,
763 1872 918 1907 passionem
934 1879 999 1899 vero

208 1918 300 1948 infert.
315 1923 344 1945 ut
365 1918 435 1954 ignis
449 1919 542 1950 calor:
558 1919 634 1946 calor
648 1919 720 1946 enim
744 1926 759 1946 a
792 1918 927 1953 principio
944 1917 999 1954 igni

208 1962 280 1991 inest
295 1967 323 1990 et
338 1963 371 1990 ad
387 1963 613 1990 constitutionem
634 1963 797 1991 substantiae
821 1963 909 1997 ipsius
932 1970 998 1991 con-

209 2008 280 2040 fert;
298 2007 443 2035 manifeste
453 2009 536 2043 igitur
551 2017 565 2036 a
581 2009 710 2044 passione
727 2013 818 2036 ortum
836 2017 890 2035 non
907 2008 998 2041 habet,

210 2053 368 2088 passionem
383 2058 473 2081 tamen
494 2054 593 2088 eflicit;
622 2054 750 2082 similiter
778 2059 806 2082 et
825 2055 915 2082 mellis
939 2055 1000 2082 dul-

208 2098 305 2126 cedoa
323 2098 449 2133 passione
470 2105 528 2127 orta
557 2108 611 2127 non
645 2106 696 2133 est,
725 2101 880 2135 passionem
909 2106 998 2128 autem

208 2145 283 2172 circa
297 2145 417 2180 linguam
436 2145 519 2180 facit;
534 2147 575 2174 vel
585 2154 694 2174 rursum
712 2154 726 2173 a
745 2147 875 2181 passione
888 2146 998 2182 quidem

209 2196 270 2218 orta
285 2195 337 2223 est,
353 2199 406 2219 non
423 2200 488 2220 vero
513 2193 669 2227 passionem
683 2192 759 2224 facit,
775 2193 859 2219 veluti
881 2193 1000 2228 qualita-

209 2243 261 2271 tes.
279 2245 341 2272 qua:
355 2238 426 2266 circa
437 2238 556 2266 animam
570 2239 716 2270 exsistunt,
725 2238 800 2266 verbi
809 2239 893 2274 gratia
908 2247 1002 2267 amen-

209 2285 259 2317 tia.
280 2285 320 2312 ira
338 2290 365 2312 et
390 2286 442 2314 alia
469 2286 494 2313 id
524 2293 630 2321 genus;
660 2285 719 2319 ipsa
738 2285 811 2312 enim
840 2293 856 2312 a
871 2286 999 2320 passione

208 2335 268 2358 orta
285 2336 338 2365 est,
353 2339 408 2359 non
427 2339 492 2359 vero
508 2331 536 2358 in
549 2330 736 2365 conspiciente
750 2330 792 2358 vel
815 2332 941 2366 tangente
957 2330 999 2358 ef-

1083 1502 1118 1538 7'.
1129 1502 1227 1538 Τρίτον
1238 1502 1266 1529 δέ
1276 1499 1347 1533 εἶδος
1358 1500 1502 1535 ποιότητος
1514 1496 1654 1533 παθητικὴ
1669 1496 1781 1530 ποιότης
1790 1493 1830 1520 καὶ

1048 1549 1145 1581 πάθος.
1162 1548 1242 1576 Ἔστι
1254 1548 1276 1574 δ’
1287 1548 1304 1582 ἡ
1316 1546 1373 1582 (2|)
1386 1545 1436 1581 μὲν
1448 1543 1587 1579 παθητικὴ
1600 1543 1714 1577 ποιότης
1728 1542 1745 1576 ἡ
1759 1539 1830 1566 πάθει

1046 1596 1100 1623 τινὶ
1108 1595 1197 1631 χρόνῳ
1207 1590 1263 1630 (Ξὲ)
1274 1592 1477 1627 συνεζευγμένη
1490 1590 1556 1626 (23),
1569 1589 1654 1620 πάθος
1664 1588 1694 1615 δὲ
1706 1589 1723 1622 ἡ
1731 1587 1771 1619 εἱς
1782 1585 1830 1621 (21)

1047 1642 1098 1677 τὴν
1115 1641 1270 1676 παθητικὴν
1287 1639 1418 1673 ποιότητα
1436 1637 1505 1669 ὁδός.
1526 1636 1634 1672 Τριχῶς
1649 1634 1679 1661 δὲ
1697 1634 1803 1668 λέγεται
1817 1633 1831 1665 ἡ

1048 1687 1186 1722 παθητικὴ
1210 1685 1335 1721 ποιότης·
1352 1685 1369 1719 ἢ
1383 1683 1438 1720 γὰρ
1459 1683 1514 1710 ἀπὸ
1531 1682 1634 1712 πάθους
1650 1679 1760 1715 ἐγένετο
1772 1678 1830 1713 (251.

1047 1731 1103 1760 οἷον
1118 1732 1155 1765 ὡς
1168 1732 1223 1760 ἁπδ
1234 1731 1285 1767 τῆς
1299 1729 1444 1766 ἀνωμάλου
1460 1729 1508 1755 καὶ
1524 1727 1598 1763 παρὰ
1613 1726 1696 1761 φύσιν
1712 1725 1776 1760 περὶ
1790 1722 1832 1756 τὴν

1048 1779 1163 1814 καρδίαν
1179 1778 1281 1811 ζέσεως
1296 1778 1311 1804 ό
1326 1776 1460 1812 πυρετὸς,
1483 1775 1530 1802 καὶ
1551 1773 1638 1805 πάθος
1659 1781 1687 1800 τι
1701 1770 1775 1819 πατὰ
1789 1768 1832 1819 si?!

1048 1826 1120 1860 ἁφὴν
1142 1825 1214 1851 ποιεί
1231 1823 1287 1860 (2‘5)
1299 1832 1306 1839 ·
1323 1822 1467 1857 θερμαίνει
1491 1821 1546 1856 γὰρ
1566 1819 1613 1846 τὸν
1635 1817 1831 1852 ἁπτόμενον-ἡ

1048 1872 1102 1899 ἀπὸ
1118 1871 1223 1903 πάθους
1240 1871 1290 1906 μὲν
1307 1870 1358 1897 οὐκ
1373 1869 1484 1903 ἐγένετο
1494 1888 1501 1900 ,
1516 1867 1602 1899 πάθος
1617 1866 1646 1892 δὲ
1661 1864 1787 1900 ἐμποιεῖ,
1801 1861 1832 1892 ὡς

1047 1920 1064 1955 ὴ
1080 1919 1128 1946 τοῦ
1140 1919 1226 1955 πυρδς
1236 1917 1383 1955 θερμότης·
1399 1916 1469 1951 αὕτη
1481 1915 1536 1951 γὰρ
1551 1913 1670 1951 ἀρχῆθεν
1685 1913 1744 1947 (27)
1759 1910 1833 1959 ὕπάρζ

1048 1975 1134 2002 χουσα
1151 1966 1190 2001 τῷ
1205 1965 1274 2001 πυρὶ
1285 1964 1334 1992 καὶ
1351 1963 1515 1991 συντελοῦσα
1531 1961 1599 1997 πρὸς
1618 1959 1749 1987 σύστασιν
1760 1957 1833 1985 αὑτοῦ

1048 2013 1098 2048 τῆς
1104 2011 1199 2042 οὐσίας
1210 2011 1266 2038 ἀπὸ
1275 2010 1379 2042 πάθους
1388 2009 1439 2045 μὲν
1449 2009 1528 2044 δῆλον
1543 2008 1585 2034 ὃτι
1596 2006 1648 2034 οὐκ
1658 2005 1777 2052 ἐγένετο,
1790 2002 1834 2052 πάξ

1050 2057 1095 2088 θος
1109 2057 1137 2084 δὲ
1158 2058 1269 2093 ἐμποιεί
1283 2056 1339 2092 (211)
1350 2065 1358 2072 ·
1373 2055 1474 2090 ὁμοίως
1494 2054 1523 2081 δὲ
1544 2053 1592 2080 καὶ
1607 2053 1625 2087 ἡ
1641 2051 1779 2087 γλυκύτης
1792 2051 1833 2075 τοῦ

1052 2103 1159 2138 μέλιτος
1175 2103 1228 2130 ἀπὸ
1244 2102 1346 2133 πάθους
1368 2102 1418 2137 μὲν
1438 2101 1494 2136 (29)
1509 2100 1561 2127 οὐκ
1576 2099 1696 2133 ἐγένετο,
1716 2096 1798 2126 πάθος
1809 2092 1834 2119 δὲ

1051 2150 1118 2185 περ).
1137 2149 1187 2185 τὴν
1207 2148 1333 2183 γλῶτταν
1348 2149 1437 2174 ποιεῖ·
1454 2147 1471 2183 ἧ
1496 2146 1577 2174 πάλιν
1593 2144 1647 2172 ἀπὸ
1666 2143 1771 2173 πάθους
1791 2139 1834 2185 μὲν

1016 2184 1039 2212 D
1054 2183 1174 2230 ἐγένετοξ
1197 2194 1283 2227 πάθος
1301 2194 1331 2221 δὲ
1347 2193 1377 2220 οὺ
1395 2194 1485 2224 ποιεῖ.
1500 2191 1539 2223 ὡς
1552 2191 1580 2218 αἱ
1595 2189 1660 2223 περὶ
1684 2187 1735 2224 τὴν
1755 2183 1833 2221 ψυχὴν

1054 2241 1236 2276 ὑφιστάμεναι
1255 2241 1409 2275 ποιότητες·
1427 2236 1484 2266 οἷον
1503 2238 1521 2273 ἢ
1542 2245 1573 2264 τε
1594 2235 1697 2271 μανικὴ
1716 2233 1834 2260 ἔκστασις

1052 2289 1100 2316 καὶ
1111 2290 1128 2324 ἡ
1143 2289 1213 2325 ὀργὴ
1229 2289 1277 2316 καὶ
1297 2288 1333 2315 τὰ
1345 2287 1458 2315 τοιαῦτα
1481 2286 1547 2322 (50)·
1564 2284 1634 2320 αὕτη
1651 2283 1703 2320 μὲν
1717 2283 1771 2318 γὰρ
1788 2278 1834 2307 ἀπὺ

1052 2335 1154 2368 πάθους
1173 2335 1230 2372 (51)
1246 2335 1372 2369 ἐγένετο,
1394 2334 1480 2365 πάθος
1495 2332 1525 2359 δέ
1541 2331 1592 2359 οὐκ
1607 2331 1719 2367 ἐμποιεῖ
1738 2329 1777 2358 εἰς
1795 2325 1833 2353 τὸν

961 2376 1078 2408 NOTAE.

245 2422 302 2456 (12)
318 2422 392 2451 Mon.
403 2423 506 2454 πάντες
522 2419 595 2449 οὗτοι
614 2421 746 2448 διάθεσιν.

246 2456 303 2492 (15)
321 2458 394 2487 Mon.
408 2459 459 2486 οὒκ
474 2457 583 2492 ἐγένετο
594 2457 624 2484 δὲ
638 2457 766 2492 οὐδεμίαν
781 2457 839 2490 ἕξιν
858 2456 938 2492 ἔχων,
956 2458 1002 2484 ἐκ·

208 2493 285 2525 me;
294 2493 407 2521 τούτων.
625 2505 627 2507 ·

247 2528 305 2560 (14)
321 2528 398 2564 Μοη.
413 2529 464 2564 τὴν
475 2527 545 2556 διάθ.
562 2528 635 2564 ἐσχε.

247 2563 304 2599 (15)
319 2563 392 2599 Mon.
409 2562 459 2590 εἷθ’
470 2563 557 2594 οὓτως
574 2562 676 2599 ταύτην
687 2563 743 2596 ἕξιν
759 2562 828 2599 ἔχων
841 2563 899 2591 ἐκτ.
914 2564 956 2599 ἐγ.

263 2598 305 2634 16)
322 2598 396 2634 Mon.
416 2598 476 2626 κατ’
494 2599 644 2634 ἐνέργειαν.

262 2633 304 2661 17)
320 2633 392 2661 Μοη.
410 2634 505 2661 ἔστιδὲ
520 2633 544 2661 δέ

261 2668 304 2706 18)
317 2669 387 2706 510n-
405 2670 507 2706 ﬂwbs
521 2670 660 2706 ’Ξ-Ετυγήν-

321 2703 510 2742 suasmet;
522 2704 570 2742 [οἵ]
588 2703 657 2731 εἰοιν

259 2739 304 2775 20)
322 2739 415 2775 Suppl.
428 2739 461 2768 ei
477 2739 584 2768 Monac.
612 2741 739 2773 νοσώδεις
759 2740 787 2767 δὲ
804 2740 829 2766 οἱ
848 2739 1001 2775 ἀδυναμίαν

213 2775 332 2835 gfx.qu
348 2775 455 2812 ἔχοντες
468 2776 515 2803 τοῦ
532 2776 650 2811 πάσχειν
663 2776 714 2803 ὑπὸ
727 2776 781 2803 τῶν
809 2775 944 2810 τυχόντων
956 2776 1002 2802 εὐ-

263 2818 311 2835 ως.

263 2818 311 2842 ως.

249 2845 305 2881 (21)
321 2845 394 2874 Mon.
409 2846 507 2874 ἔστιδὲ
523 2846 590 2874 παθ.
607 2846 656 2881 μὲν
670 2854 700 2874 π.

250 2881 308 2912 (22)
319 2881 392 2909 Mon.
408 2882 534 2917 χρονίους,

1089 2426 1145 2462 (25)
1161 2425 1235 2462 Μοη.
1254 2424 1419 2462 συνεζευγμ.
1433 2424 1559 2460 ὠχρότης
1571 2422 1589 2458 ἢ
1600 2422 1688 2454 νόσος.

1098 2461 1317 2499 ἰῇέίοηί-πρὺς
1332 2469 1358 2487 τ.
1380 2469 1410 2499 π.
1426 2469 1456 2486 π.
1498 2494 1505 2499 _
1567 2493 1593 2499 η
1654 2492 1661 2499 _
1707 2491 1714 2499 Ι
1770 2488 1782 2499 ν,

1100 2486 1448 2533 >1Ῑιίπθ1οιἶξᾏοηιι1ιιιις
1462 2494 1511 2521 καὶ
1538 2493 1626 2533 «eeo;
1652 2491 1750 2533 ἐποίει,

1050 2523 1179 2569 mpii!»
1191 2531 1336 2569 ἄνθρωπον
1349 2523 1481 2569 γινομένη
1494 2530 1574 2569 παρὰ
1591 2523 1673 2569 φύξιν
1688 2523 1818 2569 θερμαξῇ

1048 2559 1119 2602 αὕτη
1134 2567 1188 2603 γὰρ
1215 2559 1261 2594 καὶ
1286 2566 1340 2593 ἀπὸ
1355 2559 1481 2596 ’πάθως’
1492 2559 1604 2599 ἐγένετο
1620 2562 1670 2598 τῆς
1697 2559 1831 2595 ἁνὼμάλου

1049 2603 1148 2630 deinde
1159 2607 1186 2628 ιιι
1200 2609 1293 2630 supra.

1067 2609 1148 2630 etnue
1159 2609 1186 2628 σιι
1200 2609 1293 2630 supra.

1086 2609 1148 2630 inde
1159 2609 1186 2628 ςιι
1200 2609 1293 2637 supra.

1084 2638 1140 2673 (‘26)
1160 2637 1231 2673 Mon.
1244 2637 1316 2663 ποιεῖ
1329 2636 1401 2664 κατὰ
1416 2635 1465 2672 τὴν
1476 2635 1559 2673 ἁφήν.
1613 2668 1626 2673 _
1697 2669 1703 2673 _
1811 2665 1818 2672 _

1086 2668 1143 2708 (27)
1157 2672 1231 2700 Μοιι,
1248 2674 1310 2707 ἁρχ.
1333 2673 1382 2708 μὲν
1396 2668 1581 2708 πρόᾳεγένετο
1591 2668 1631 2704 τῷ
1641 2669 1719 2705 πυρὶ,
1735 2668 1831 2695 συντελι

1049 2708 1078 2735 δὲ
1088 2706 1138 2743 πρζ
1154 2707 1232 2743 cost.
1261 2706 1311 2742 τῆς
1327 2706 1424 2735 τούτου
1439 2706 1545 2738 οὺσιας.

1092 2742 1150 2779 ('28)
1169 2742 1249 2779 Mon._
1255 2743 1338 2769 ποιεῖ.

1091 2773 1149 2812 (29)
1169 2778 1220 2812 μέν
1234 2777 1311 2805 deest
1322 2778 1349 2804 in
1365 2778 1452 2810 Mon.,
1467 2777 1539 2805 sicut
1552 2782 1669 2810 sequens
1682 2773 1770 2802 πάλιν.

1091 2813 1148 2848 (30)
1161 2813 1233 2840 Mon.
1248 2812 1287 2848 τὰν
1296 2813 1386 2848 ὅμοια.

1092 2815 1137 2848 (30
1161 2815 1233 2840 Mon.
1248 2815 1282 2840 τὰ
1296 2815 1386 2848 ὅμοια.

1092 2815 1150 2884 (51)
1168 2847 1240 2876 Mdu.
1257 2847 1327 2884 αὕτη
1338 2849 1393 2884 γὰρ
1408 2847 1462 2875 ἀπὺ
1471 2856 1501 2875 π.
1519 2847 1570 2883 μὲν
1579 2847 1619 2880 ἐγ.
