1863 3064
47 135 100 168 793

547 135 598 165 AD
614 132 913 164 AMPHILOCHIUM
934 132 1109 169 QUIESTIO
1133 135 1233 166 CXLI.

1626 137 1680 168 794

47 194 92 221 λον
113 194 163 221 καὶ
182 191 276 230 ἦττον·
295 192 320 220 ει
343 192 393 228 μὲν
416 191 471 227 γὰρ
487 191 644 226 συγκρίνεις
662 189 693 216 τὸ
707 189 841 225 τρίγωνον

934 190 1028 218 alitate
1042 191 1148 224 atl‘ecta,
1162 199 1217 218 non
1229 195 1294 219 sunt
1304 191 1393 227 magis
1409 195 1437 219 et
1447 191 1550 220 minus.
1567 191 1595 219 Si
1606 193 1680 221 enim

47 241 116 276 πρὸς
127 241 160 267 τὸ
175 240 365 276 τετράγωνον,
379 238 410 265 οὐ
432 238 541 272 λέγεται
560 236 660 272 μᾶλλον
673 235 722 262 καὶ
737 232 819 270 ἦττον
830 242 839 252 ·

46 286 100 312 οὐδ’
115 286 186 318 ὅλως
204 287 260 321 γὰρ
272 285 360 312 ταῦτα
377 283 446 311 καθὸ
460 283 593 319 τρίγωνον
609 281 657 309 καὶ
670 280 841 317 τετράγωνόν

45 332 116 364 ἐστι,
125 332 313 368 συγκρίνεται·
324 330 372 357 τοῦ
382 329 437 365 γὰρ
449 329 532 356 αὐτοῦ
541 328 582 355 δεῖ
592 328 627 355 τὰ
639 328 841 363 συγκρινόμενα

47 377 176 412 μετέχειν
197 376 344 412 ὀνόματος·
359 376 385 402 εἰ
401 375 431 402 δὲ
444 373 602 408 συγκρίνεις
623 372 757 408 τρίγωνον
771 371 841 407 πρὸς

44 422 190 457 τρίγωνον,
201 421 219 457 ’1)
230 421 403 457 τετράγωνον
413 419 483 455 πρὸς
497 418 679 454 τετράγωνον,
688 418 743 445 οὐδ’
754 417 841 450 οὕτως

47 467 164 502 θάτερον
180 467 294 502 θατέρου
312 466 413 502 μᾶλλον
434 465 451 499 ἢ
468 462 551 501 ἦττον
571 463 753 499 λεχθήσεται⁹
774 471 841 498 συγ-

46 513 172 548 κρίνεται
188 512 238 548 μὲν
252 512 308 548 γὰρ
320 512 418 543 ταῦτα,
429 511 488 538 ἀλλ’
501 510 562 537 ἐπεὶ
573 509 714 546 όμοτίμως
724 509 771 536 τοῦ
784 509 842 536 ὀνό-

49 567 135 593 ματος
146 557 195 585 καὶ
209 557 255 585 τοῦ
266 556 381 593 ὁρισμοῦ
393 557 485 583 αὐτῶν
496 555 532 583 τά
544 565 573 582 τε
585 556 744 592 τετράγωνα
758 563 842 590 μετα-

46 603 218 639 λαμϐάνουσι
233 603 281 629 καὶ
295 603 378 629 πάλιν
392 602 426 629 τὰ
441 601 574 638 τρίγωνα,
590 601 635 628 διὰ
650 601 731 627 τοῦτο
746 601 776 628 οὐ
795 600 842 627 δύ-

47 657 128 676 ναται
148 647 278 682 λέγεσθαι
298 648 473 683 τετράγωνον
489 646 661 682 τετραγώνου
678 647 780 682 μᾶλλον
797 655 842 673 τε-

45 694 191 729 τράγωνον
214 693 230 728 ἢ
253 692 345 730 ἦττον,
372 693 430 720 ἀλλ’
452 692 514 720 οὐδὲ
538 693 673 728 τριγώνου
695 693 840 728 τρίγωνον.

47 740 148 776 Τρίτον
168 739 231 766 [διον
245 740 295 775 τῆς
311 739 466 776 ποιότητος,
484 739 515 765 τδ
536 740 630 775 ὅμοιον
650 739 698 765 καὶ
713 739 842 774 ἀνόμοιον

46 786 193 820 λέγεσθαι·
206 785 323 812 τοῦτοδὲ
335 785 384 812 καὶ
397 785 452 820 (67)
477 785 578 821 κυρίως
598 785 680 811 ῐδιον·
703 785 763 811 κατ’
778 784 843 811 ἄλλο

45 832 103 867 γὰρ
122 831 199 858 οὐδέν
221 840 248 859 τι
270 831 326 858 τῶν
353 831 508 866 εἰρημένων
538 830 595 866 (68)
615 831 708 866 ὅμοιον
721 831 841 865 λέγεται,

45 879 109 906 ἀλλ’
123 880 140 913 ἢ
157 878 230 906 κατὰ
248 877 297 914 τὴν
308 877 452 912 ποιότητα.
682 880 690 885 ’

84 1007 122 1039 ζ’.
143 1008 190 1042 Ast
209 1007 238 1034 δὶ
261 1007 379 1040 ειδέναι,
398 1007 442 1034 ὄτι
461 1007 490 1034 at
508 1006 681 1034 εἰδικώταται
700 1007 843 1042 ποιότητες

45 1053 137 1080 πᾶσαι
150 1052 205 1078 ὑπὸ
218 1051 268 1088 τὴν
285 1052 419 1088 ποιότητα
442 1052 607 1086 ἀνάγονται,
622 1052 640 1087 ἥ
663 1060 693 1078 τε
710 1059 843 1087 γραμμα-

43 1098 123 1133 τικὴ,
136 1097 209 1132 φημὶ
219 1097 287 1132 (69),
302 1097 349 1124 καὶ
356 1098 373 1132 ὴ
383 1096 541 1132 δικαιοσύνη
551 1097 599 1124 καὶ
612 1097 640 1124 αι
652 1097 744 1124 λοιπαὶ
752 1096 843 1123 ὠσαὺέ

44 1151 120 1175 τως·
138 1143 168 1169 αι
190 1142 219 1169 δὲ
240 1143 423 1178 γενικώτεραι
438 1142 495 1178 (70)
513 1143 562 1169 καὶ
576 1142 630 1169 ὑπὸ
653 1143 688 1169 τὰ
711 1143 779 1178 πρός
803 1149 841 1169 τι·

43 1190 64 1224 ἦ
76 1197 108 1216 τι
123 1189 178 1225 γὰρ
195 1189 335 1225 ἐπιστήμη
350 1189 406 1215 τῶν
421 1189 490 1224 πρός
505 1189 531 1215 τί
543 1189 603 1216 ἐστι
619 1189 701 1225 (πρὸς
713 1189 768 1224 γὰρ
780 1189 842 1215 ἑπι-

45 1233 148 1270 στητὸν
163 1233 219 1270 (71)
231 1235 340 1269 λέγεται
353 1235 493 1269 ἐπιστήμη
500 1234 522 1268 ),
537 1235 585 1261 καὶ
598 1235 614 1270 ἡ
625 1235 682 1267 ἕεις
697 1234 777 1271 (πρὸς
787 1234 843 1270 γὰρ

44 1280 130 1307 ἑκτὸν
143 1280 252 1315 λέγεται
266 1280 323 1313 ἒξις
335 1279 416 1316 [72]).
428 1279 523 1308 Ταῦτα
537 1280 587 1316 μὲν
595 1278 642 1308 οὖν
655 1281 722 1316 περὶ
736 1281 845 1316 ποιότη-

44 1334 93 1358 τος
113 1325 184 1362 (75)-

306 1395 475 1423 Epo'rnztz
495 1394 584 1422 PMA’.
642 1386 645 1388 ’

297 1441 368 1476 Περὶ
385 1440 447 1468 τῶν
463 1441 539 1475 πρός
556 1448 595 1467 τι.

892 235 1060 271 triangulum
1070 243 1133 264 cum
1145 236 1336 272 quadrangulo
1346 244 1503 272 comparas,
1514 245 1570 266 non
1583 238 1685 266 dicitur

891 283 981 318 magis
999 287 1027 310 et
1051 283 1164 316 minus;
1183 283 1242 311 haec
1263 284 1335 319 enim
1359 284 1435 312 nullo
1459 292 1573 319 prorsus
1592 289 1684 319 pacto,

892 333 1030 364 quatenus
1042 333 1108 360 sunt
1123 329 1292 364 triangulum
1306 335 1334 357 et
1344 330 1575 365 quadrangulum.
1593 332 1626 358 ad
1641 331 1683 358 in-

890 375 978 402 vicem
1001 375 1157 409 comparari
1180 379 1314 410 possunt;
1336 375 1461 410 ejusdem
1481 376 1553 403 enim
1570 383 1601 404 ea
1621 383 1683 411 qua:

891 425 1088 455 comparantur
1115 419 1237 448 nominis
1265 421 1410 456 participia
1429 421 1484 448 sint
1510 425 1626 456 oportet.
1653 421 1682 448 Si

892 474 958 494 vero
969 474 1111 501 comparas
1124 466 1292 502 triangulum
1309 474 1370 494 cum
1388 466 1524 501 triangula
1536 486 1544 498 .
1560 467 1602 493 vel
1615 475 1682 502 qua-

891 513 1057 549 drangulum
1082 521 1144 541 cum
1164 513 1371 548 quadrangulo,
1390 521 1480 546 neque
1506 513 1547 539 sic
1565 514 1683 540 alterum

893 558 980 585 altero
995 558 1082 594 magis
1099 558 1141 585 vel
1156 557 1246 584 minus
1261 558 1378 585 dicetur.
1400 557 1604 591 Comparantur
1620 557 1684 592 qni—

893 605 954 632 dem
970 605 1033 636 ista,
1055 604 1101 632 scd
1117 604 1181 638 quia
1200 603 1258 638 pari
1279 603 1363 630 modo
1377 607 1434 630 tum
1453 603 1479 630 in
1497 603 1609 630 nomine
1625 607 1683 630 tum

894 651 920 678 in
934 650 1094 678 dctinitione
1109 657 1204 677 eorum
1220 649 1391 677 consortium
1417 649 1520 676 habent
1543 653 1600 675 tum
1617 657 1686 683 quae

895 696 1041 731 drangula,
1059 700 1116 723 tum
1132 703 1231 723 rursus
1255 695 1409 729 triangula,
1431 694 1536 722 idcirco
1548 695 1687 730 quadram

894 743 988 778 gulum
1001 741 1192 776 quadrangulo
1207 741 1294 777 magis
1305 741 1348 769 vel
1360 741 1451 768 minus
1465 741 1685 776 quadrangulum

893 789 947 816 dici
968 788 1080 822 nequit,
1102 787 1150 815 sed
1166 795 1253 822 neque
1269 787 1437 822 triangulum
1455 787 1601 821 triangulo.
1623 787 1686 813 Ter-

894 835 932 861 tia
943 835 1098 869 proprietas
1109 833 1250 868 qualitatis
1261 837 1313 865 est,
1325 833 1416 860 simile
1432 836 1459 860 et
1474 831 1608 859 dissimile
1619 831 1684 859 dici.

856 867 881 897 Β
897 879 960 907 Haec
982 886 1048 906 vero
1068 867 1178 914 proprie
1194 883 1236 906 est
1259 878 1412 913 proprietas
1426 885 1434 910 ;
1449 877 1600 904 secundum
1613 876 1686 904 enim

895 925 968 952 aliud
980 945 987 956 ,
1002 931 1086 959 quam
1104 923 1268 958 qualitatem
1285 923 1362 958 (nihil
1377 922 1572 958 pradictorum
1595 921 1686 950 simile

894 971 1007 998 dicitur.

929 1016 958 1043 7.
973 1015 1051 1043 Scire
1071 1020 1162 1042 autem
1179 1019 1286 1050 oportet
1310 1013 1523 1049 specialissimas
1539 1013 1686 1048 qualitates

896 1069 994 1091 omnes
1010 1062 1105 1089 reduci
1122 1061 1156 1088 ad
1174 1061 1347 1096 qualitatem.
1365 1060 1588 1096 grammaticam.
1601 1059 1686 1094 justi-

897 1108 982 1141 tiam,
998 1108 1124 1142 aliasque
1150 1107 1294 1139 similiter;
1320 1106 1507 1142 generaliores
1534 1107 1688 1141 (universa-

896 1153 993 1189 liores)
1014 1161 1079 1181 vero
1094 1154 1177 1181 etiam
1200 1153 1233 1180 ad
1252 1153 1359 1185 relata;
1378 1153 1490 1180 scientia
1507 1152 1580 1180 enim
1599 1156 1641 1179 est
1654 1160 1688 1179 ex

895 1200 990 1228 relatis
1004 1200 1038 1227 ad
1054 1199 1158 1234 aliquid
1176 1199 1223 1234 (ad
1238 1198 1335 1226 scibile
1346 1198 1419 1225 enim
1433 1198 1533 1225 dicitur
1559 1198 1688 1233 scientia)

898 1246 938 1274 sic
948 1251 976 1274 et
987 1246 1099 1273 habitus
1112 1245 1158 1275 (ad
1170 1245 1197 1272 id
1213 1245 1287 1280 quod
1305 1245 1423 1272 habetur
1435 1244 1536 1272 dicitur
1551 1244 1686 1278 habitus).

897 1293 987 1328 Atque
1005 1293 1063 1320 haec
1079 1291 1114 1319 de
1129 1291 1263 1327 qualitate
1277 1291 1351 1318 dicta
1368 1291 1424 1318 sint

1005 1391 1171 1426 QUESTIO
1190 1391 1284 1419 CXLI.
1305 1391 1401 1427 [CaisL
1418 1389 1558 1418 CLXXV”
1574 1389 1583 1425 j

1132 1438 1169 1465 De
1188 1438 1280 1465 relatis
1299 1437 1333 1464 ad
1351 1437 1464 1472 aliquid.

575 1496 647 1521 Nunc
667 1495 775 1527 primum
789 1496 857 1520 edita
874 1503 888 1521 a
902 1496 932 1521 D.
945 1495 1161 1533 Hergenroether.

82 1553 122 1578 α’.
141 1549 215 1585 Πρός
230 1549 257 1576 τί
275 1549 350 1577 ἐστιν
367 1548 425 1584 (74)
437 1568 445 1582 ,
466 1546 506 1580 οἷς
520 1548 551 1575 τὸ
572 1546 643 1575 εἶναι
668 1547 766 1574 ταυτόν
787 1548 846 1574 ἐστι

934 1547 960 1574 1.
976 1548 1104 1575 Relatum
1121 1548 1156 1575 ad
1173 1547 1276 1583 aliquid
1301 1552 1364 1581 est,
1382 1547 1460 1582 cujus
1483 1553 1544 1574 esse
1564 1546 1634 1573 idem
1648 1550 1692 1573 est

44 1596 89 1632 τῷ
105 1595 162 1632 (75)
184 1595 254 1631 πρός
271 1595 298 1622 τί
316 1604 374 1627 πως
395 1595 477 1630 ἔχειν·
495 1594 634 1621 τουτέστιν
645 1591 683 1621 ὧν
694 1595 711 1629 ἠ
729 1594 846 1629 ὖπαρξις

47 1643 79 1668 ἐν
92 1642 130 1675 τῇ
146 1641 215 1676 πρὸς
228 1641 322 1676 ἕτερον
333 1640 426 1676 σχέσει
441 1641 526 1667 ἐστίν·
543 1638 599 1667 οἷον
614 1640 651 1672 ὡς
662 1640 692 1666 τὸ
703 1638 846 1666 διπλάσιον

47 1688 98 1714 καὶ
115 1687 173 1722 (76)
190 1686 221 1713 τὸ
236 1687 334 1722 ἥμισυ·
351 1687 381 1713 τὸ
400 1685 454 1721 γὰρ
473 1685 615 1712 διπλάσιον
636 1686 665 1711 ὲν
678 1686 712 1720 τῇ
730 1685 800 1720 πρὸς
816 1682 847 1710 τὸ

46 1734 138 1768 ἣμισυ
153 1732 245 1767 σχέσει
266 1732 298 1758 τὸ
315 1730 385 1759 εἶναι
403 1732 460 1768 ἔχει
477 1731 545 1767 (77),
563 1731 610 1758 καὶ
625 1731 655 1757 τὺ
667 1731 754 1766 ἥμισυ
770 1731 798 1756 ἐν
813 1731 846 1764 τῇ

48 1779 122 1814 πρὸς
146 1779 178 1804 τὸ
198 1777 340 1804 διπλάσιον
355 1778 424 1813 (78)”
446 1777 577 1808 ὡσαύτως
597 1777 626 1803 δὲ
650 1777 698 1803 καὶ
724 1777 770 1803 ἐπὶ
792 1776 847 1802 τῶν

47 1825 152 1851 ἄλλων.
181 1823 354 1859 ’Υποϐέὸηκε
375 1824 404 1849 δὲ
417 1824 474 1854 τοῖς
498 1823 566 1858 πρὸς
586 1822 614 1848 τί
636 1831 697 1848 τινα
713 1823 782 1858 (79),
809 1818 847 1848 ὦν

46 1871 85 1897 τὰ
104 1870 164 1905 (80)
191 1869 241 1904 μὲν
266 1870 337 1896 κατὰ
358 1869 512 1904 ταυτότητα
530 1869 658 1903 λέγεται,
679 1867 715 1894 τὰ
737 1867 765 1894 δὲ
787 1867 847 1894 κατ’

46 1917 217 1951 ἀνισότητα,
241 1915 276 1942 τὰ
299 1915 328 1942 δὲ
349 1915 422 1942 κατὰ
444 1915 573 1950 γέννησιν
587 1914 660 1950 (81),
684 1913 718 1940 τὰ
733 1913 761 1940 δὲ
777 1912 848 1940 κατὰ

49 1961 175 1997 μέθεξιν,
190 1961 226 1988 τὰ
245 1961 274 1988 δὲ
294 1956 366 1988 Ξιατὰ
378 1961 485 1995 ὕφεσιν,
509 1961 545 1986 τὰ
558 1960 587 1986 δὲ
604 1959 678 1987 κατὰ
693 1958 779 1990 πάθος
789 1979 797 1991 ,
813 1957 848 1985 τὰ

46 2009 79 2035 δὲ
101 2008 176 2036 κατὰ
195 2008 299 2043 κρίσιν,
319 2007 353 2034 τὰ
367 2007 396 2034 δὲ
409 2005 480 2034 κατὰ
495 1998 581 2039 θέσιν,
601 2006 635 2035 τὰ
654 2005 683 2032 δὲ
709 2005 780 2031 κατὰ
799 2003 848 2039 τὴν

47 2054 121 2090 πρὸς
149 2053 180 2080 τὺ
200 2053 291 2087 ,γένος
311 2053 461 2088 ἀναφοράν·
487 2051 698 2087 παραδείγματα
721 2050 777 2086 (82)
801 2049 848 2076 τοῦ

49 2101 104 2135 μὲν
119 2099 193 2126 κατὰ
216 2099 387 2134 ταυτότητα,
405 2095 461 2124 οἷον
482 2097 538 2133 (85)
558 2097 636 2132 φίλος
659 2097 735 2131 φίλου
754 2096 848 2131 φίλος,

48 2148 99 2174 καί
123 2146 223 2182 ἐχθρὸς
246 2144 344 2180 ἐχθροῦ
368 2144 476 2180 ἐχθρὸς,
507 2144 554 2170 καὶ
579 2143 610 2169 τὸ
637 2143 731 2178 ὅμοιον
762 2142 848 2178 ὁμοίῳ

47 2194 156 2228 ὅμοιον·
169 2191 218 2218 τοῦ
232 2191 261 2218 δὲ
274 2191 335 2217 κατ’
349 2190 499 2225 ἀνισότητα
510 2189 549 2222 ὡς
560 2189 590 2216 τδ
604 2188 696 2224 μεῖζον
707 2188 850 2220 ἐλάττονος

898 1601 930 1621 ac
946 1598 1023 1621 certo
1040 1594 1160 1629 quodam
1180 1594 1262 1621 modo
1284 1593 1319 1620 ad
1332 1593 1437 1628 aliquid
1454 1600 1484 1620 se
1500 1592 1600 1619 habere
1611 1613 1619 1625 ,
1638 1592 1690 1619 hoc

897 1645 951 1673 est,
971 1641 1051 1675 cujus
1065 1641 1225 1668 exsistentia
1242 1641 1268 1667 in
1282 1640 1441 1667 habitudine
1460 1641 1493 1666 ad
1508 1639 1582 1666 aliud
1598 1639 1691 1666 consi-

898 1687 966 1720 slit;
985 1687 1068 1714 veluti
1090 1687 1202 1721 duplutn
1219 1692 1246 1714 et
1261 1687 1406 1714 dimidium
1421 1695 1428 1719 ;
1448 1693 1510 1712 nam
1525 1685 1639 1719 duplum
1662 1684 1689 1711 in

898 1733 1059 1760 habitudine
1077 1733 1110 1760 ad
1131 1732 1274 1759 dimidium
1297 1732 1487 1759 exsistentiam
1510 1731 1591 1758 habet
1609 1736 1635 1758 et
1650 1731 1692 1757 di-

899 1780 1012 1807 midium
1031 1780 1059 1813 i_n
1077 1780 1237 1807 habitudine
1260 1780 1293 1806 ad
1316 1779 1451 1814 duplum;
1469 1778 1564 1812 sicque
1588 1778 1692 1812 pariter

899 1830 927 1853 et
942 1826 968 1852 in
984 1825 1102 1853 caeteris.
1115 1825 1296 1853 Reducuntur
1306 1829 1397 1852 autem
1411 1825 1443 1852 ad
1455 1825 1539 1852 relata
1552 1824 1691 1859 quadam.

899 1879 1015 1906 quorum
1032 1871 1086 1898 alia
1101 1871 1253 1898 secundum
1281 1871 1451 1899 identitatem
1471 1871 1600 1898 dicuntur
1614 1890 1621 1901 ,
1637 1870 1691 1897 alia

899 1918 1051 1945 secundum
1076 1917 1309 1952 inaequalitatem,
1333 1918 1386 1944 alia
1406 1917 1558 1945 secundum
1574 1924 1690 1952 genera-

899 1965 1013 1997 tionem,
1029 1964 1082 1991 alia
1096 1966 1248 1992 secundum
1263 1964 1513 1999 participationem,
1526 1963 1578 1989 alia
1592 1969 1693 1989 secun-

899 2011 965 2038 dum
982 2010 1193 2046 subjectionem,
1208 2010 1262 2037 alia
1281 2010 1433 2037 secundant
1446 2008 1602 2044 passionem
1615 2027 1623 2040 ,
1638 2007 1692 2034 alia

899 2056 1051 2083 secundum
1061 2055 1272 2091 judicationem,
1282 2054 1335 2082 alia
1350 2055 1500 2082 secundum
1515 2053 1692 2089 positionem,

902 2102 955 2129 alia
968 2101 1120 2129 secundum
1136 2101 1243 2136 generis
1254 2101 1427 2129 relationem.
1442 2100 1571 2135 Exempla
1582 2106 1692 2132 eorum,

900 2155 966 2184 qua:
984 2146 1137 2175 secundum
1154 2146 1324 2179 identitatem
1336 2145 1477 2175 dicuntur,
1495 2144 1600 2171 amicus
1611 2142 1693 2170 amici

901 2193 1009 2221 amicus
1025 2197 1053 2221 et
1066 2193 1195 2220 inimicus
1214 2191 1318 2219 inimici
1337 2190 1477 2222 inimicus,
1497 2193 1526 2217 et
1546 2189 1637 2216 simile
1656 2188 1695 2214 si-

50 2239 149 2274 μεῖζον
165 2238 214 2264 καὶ
226 2237 259 2264 τδ
271 2236 414 2263 διπλάσιον
427 2236 552 2271 ἡμίσεως
568 2235 720 2262 διπλάσιον·
741 2233 768 2271 [ἢ
787 2234 847 2262 κατ’

933 2237 961 2264 ili
972 2237 1082 2270 simile;
1096 2236 1157 2271 ejus
1166 2235 1240 2271 quod
1248 2240 1290 2264 est
1300 2234 1451 2263 secundum
1462 2233 1692 2268 inaequalitatem:

51 2285 168 2319 ἰσότητα
182 2284 223 2314 ὡς
245 2282 277 2310 τὺ
291 2280 352 2309 ἶσόν
365 2290 431 2314 τινι,
454 2282 536 2318 ἴσον-1
555 2281 603 2308 τοῦ
623 2281 652 2308 δὲ
667 2281 739 2308 κατὰ
754 2281 849 2316 γέννη-

52 2339 96 2360 σιν
108 2332 168 2369 (ει)
180 2331 221 2364 ὡς
234 2331 327 2367 πατὴρ
340 2329 400 2358 υἱοῦ
419 2331 526 2366 πατήρ·
538 2330 585 2357 τοῦ
601 2329 631 2358 δὲ
640 2329 711 2357 κατὰ
727 2329 849 2366 μέθεξιν,

903 2282 994 2318 majus
1013 2282 1116 2309 minori
1143 2282 1234 2316 majus
1250 2286 1278 2308 et
1302 2280 1416 2312 duplum
1450 2277 1557 2306 dimidii
1578 2277 1692 2311 duplum

909 2328 983 2365 [ejus
995 2328 1067 2364 quod
1089 2327 1242 2357 secundum
1260 2326 1462 2362 aequalitatem,
1476 2329 1507 2352 ut
1526 2324 1630 2359 squale
1642 2322 1695 2350 ali-

828 2406 943 2435 ΝΟΤΛΕ.

90 2503 148 2539 (67)
161 2502 210 2530 και
227 2502 305 2539 deest
320 2502 348 2529 in
364 2501 437 2531 Mon.
450 2501 497 2538 qui
522 2508 537 2529 a
561 2499 653 2528 verbis
674 2499 738 2527 illis.
753 2497 851 2535 Τρίτον

54 2537 122 2566 mira
136 2537 232 2566 eadem
243 2537 336 2564 habet.

71 2546 122 2566 διον
152 2546 232 2565 auem
243 2546 336 2564 nanet.

71 2546 151 2626 1(68?
163 2573 240 2600 Mon.
253 2572 313 2599 κατ’
329 2571 394 2599 ἄλλο
409 2571 464 2606 γάρ
485 2579 512 2598 τι
540 2570 596 2598 τῶν
623 2569 777 2605 εἰρημένων
804 2570 849 2597 οὗ·

88 2619 109 2636 ν.

89 2644 147 2680 (69)
165 2644 240 2679 φημί
256 2643 348 2670 omitl.
358 2641 434 2680 _Mon.
449 2650 537 2680 γραμἶ
548 2640 724 2680 καὶλδικαιοσ.

90 2676 149 2714 (70)
167 2676 242 2706 non.
254 2678 363 2712 γενικαί
374 2686 380 2694 ·
396 2676 475 2712 sequ.
491 2676 542 2714 καί·
553 2676 642 2714 omitt.

103 2711 147 2749 7t)
160 2714 236 2741 Mon.
251 2711 298 2740 ttat
307 2714 362 2748 γὰρ
372 2711 520 2748 ἐπιστητοῦ
535 2711 561 2739 λ.
575 2711 592 2746 ἠ
606 2712 650 2737 ἐπ.

161 2749 236 2810 rion.
256 2749 357 2810 ηέξις.

190 2792 236 2810 on.
281 2802 289 2810 .
307 2792 337 2810 u..
354 2792 357 2807 ι

93 2782 149 2817 (73)
162 2784 236 2811 lion.
256 2782 289 2810 T.
306 2792 337 2818 μ.
354 2782 402 2810 οὖν
416 2783 444 2809 ὲν
458 2782 573 2813 τούτοις.

92 2812 147 2881 (⁵74)
164 2820 243 2847 Μοιι.
256 2818 275 2846 ί.
294 2812 330 2846 ΞΩ
343 2826 370 2846 a.
391 2818 450 2845 ἐστι
465 2815 627 2852 κατηγορία,
643 2812 684 2847 οἷς
708 2814 750 2843 Cf.
763 2814 847 2842 Arist.

51 2861 83 2882 σ.
92 2861 119 2881 υ.

953 2497 998 2532 '15)
1012 2497 1087 2532 (Mon.
1102 2497 1141 2524 τό.

951 2533 996 2568 76)
1010 2531 1081 2559 Μοη.
1098 2533 1115 2568 ἢ
1129 2531 1159 2559 τδ
1172 2531 1224 2567 ἥμ.

942 2564 999 2603 (77)
1014 2568 1086 2594 Μοη.
1102 2564 1145 2603 σχ.
1163 2564 1220 2602 εχει
1231 2567 1260 2593 τὸ
1271 2564 1353 2599 εἶναι,
1368 2566 1469 2602 ὁμοίως
1484 2575 1512 2593 κ.

941 2603 997 2638 (78)
1012 2603 1105 2637 σχέσει
1117 2603 1179 2630 add.
1194 2603 1267 2638 Μοιι.

939 2633 996 2674 (79)
1013 2633 1075 2674 τινά
1087 2639 1164 2665 deest
1179 2639 1207 2664 in
1231 2637 1304 2665 Mon.
1320 2646 1327 2671 ;
1345 2637 1408 2674 Vat.
1424 2633 1462 2664 ὧν
1479 2636 1529 2672 μὲν
1551 2635 1586 2662 τὰ
1604 2635 1653 2672 μὲν
1668 2644 1696 2662 κ.

940 2674 996 2709 (80)
1014 2673 1086 2709 Mon.
1102 2673 1146 2700 hic
1158 2679 1185 2700 et
1200 2674 1227 2700 in
1241 2681 1319 2709 sequ.
1332 2673 1372 2699 τό.

927 2707 997 2744 ’(81)
1022 2708 1097 2736 Μοη.
1122 2707 1288 2744 generalius
1308 2708 1473 2736 vocabulum
1505 2707 1588 2735 habet
1620 2707 1698 2742 γένε-

904 2753 955 2771 σιν.

938 2779 994 2813 (82)
1005 2778 1078 2806 Men.
1090 2778 1279 2814 παράδειγμα.

942 2815 997 2850 (as)
1013 2814 1086 2850 non.
1100 2814 1147 2846 ὡς.

941 2849 997 2885 (δέ)
1011 2849 1074 2878 Haec
1089 2849 1167 2878 uncis
1181 2849 1288 2878 inclusa
1303 2849 1378 2878 solus
1397 2849 1478 2878 habet
1494 2849 1567 2878 Non.
