1863 3064
194 127 248 160 795

775 129 908 160 PHOTll
924 127 1179 159 PATRIARCH/E
1196 127 1252 158 (ΖΡ.

1783 127 1834 158 799

194 187 239 214 cui
259 185 393 222 aequale];
417 185 476 220 ejus
496 185 570 221 quod
594 185 747 214 secundum
768 187 972 221 generationem

1055 194 1077 217 ›ς
1103 185 1135 212 τὺ
1153 185 1268 220 μετέχον
1288 183 1471 219 μετεχομένου
1494 186 1623 219 μετεχειθ
1649 183 1698 210 τοῦ
1716 183 1745 210 δὲ
1765 185 1834 211 κατὰ

195 235 228 259 ut
243 237 319 267 pater
334 232 381 259 lilii
403 237 501 267 pater;
524 232 585 267 ejus
608 232 681 267 quod
703 233 855 260 secundum
876 233 987 267 partici-

195 277 332 313 pationem
350 277 546 313 sparticipans
563 277 623 312 ejus
638 278 711 312 quod
733 278 926 313 participatur,
944 282 987 305 est

193 325 349 360 particeps;
366 325 426 359 ejus
442 325 514 360 quod
530 325 681 351 secundum
696 323 903 358 subjectionem,
914 323 988 351 velut

193 371 322 398 dominus
355 371 426 398 servi
460 370 606 402 dominus;
639 370 699 404 ejus
726 369 798 404 quod
833 368 986 397 secundum

193 416 368 450 passionem,
385 415 469 443 veluti
496 415 652 450 percutiens
669 423 733 442 eutn
756 415 802 450 qui
827 415 986 450 percutitur

193 461 322 496 percutit,
342 465 368 488 et
383 468 531 495 percussus
546 469 560 487 a
575 461 743 495 percutiente
765 468 913 496 percussus
925 465 986 492 est;

192 506 253 541 ejus
266 507 340 542 quod
355 507 508 534 secundum
529 506 725 542 judicationem
741 507 856 534 scientia
878 506 985 534 scibilis

192 552 295 580 dicitur
310 552 424 580 scientia
439 562 446 586 ;
467 553 528 588 ejus
543 553 614 588 qunti
631 553 783 580 Secundum
797 553 963 587 positionem
977 562 983 579 :

194 598 339 625 dexterum
354 598 458 625 sinistri
472 598 614 625 dexterum
629 606 637 631 ;
651 598 710 633 ejus
723 605 787 625 vero
798 597 871 632 quod
884 605 983 625 secun-

192 643 257 671 dum
272 644 432 672 relationem
448 644 481 672 ad
503 653 600 680 genus,
623 649 652 672 ut
666 645 861 679 grammatica.
881 644 986 672 musica

191 690 306 725 aliteque
319 690 344 718 id
361 698 448 726 genus
465 690 638 726 disciplinae;
655 691 786 725 quaelibet
801 690 874 717 enim
889 698 984 717 earutn

191 734 342 762 secundum
364 735 484 769 seipsam
505 742 559 761 non
578 739 725 762 revocatur
739 735 771 762 ad
785 742 827 765 ea.
845 742 906 769 qua:
921 738 985 762 sunt

191 779 278 807 relata
295 779 329 806 ad
351 779 454 814 aliquid
468 788 475 812 ;
489 779 644 807 secundum
666 779 856 806 habitudinem
871 786 936 806 vero
949 779 984 806 ad

1039 230 1145 265 ὕφεσιν,
1161 230 1199 263 ὠς
1221 229 1355 265 δεσπότης
1373 229 1466 257 δούλου
1489 229 1633 264 δεσπότης·
1648 229 1696 256 τοῦ
1718 230 1747 256 δὲ
1766 231 1835 258 κατὰ

1038 277 1123 312 πῆσιν
1134 277 1191 312 (85)
1205 276 1291 312 ῆγουν
1302 275 1375 303 κατὰ
1388 275 1520 311 πάθησιν,
1535 276 1573 308 ὡς
1583 276 1598 302 ό
1612 275 1724 302 τύπτων
1739 277 1835 302 τυπτέ-

1041 329 1122 357 μενον
1141 321 1240 348 τύπτει
1255 321 1302 348 καὶ
1321 322 1336 348 ὁ
1356 321 1526 356 τυπτόμενος
1547 321 1600 347 ὑπὸ
1620 321 1771 353 τύπτον-τος
1788 322 1834 348 τύ-

1040 376 1148 395 πτεται·
1162 367 1209 395 τοῦ
1223 367 1252 395 δὲ
1263 368 1335 395 κατὰ
1348 367 1440 403 κρίσιν
1454 367 1492 399 ὠς
1504 369 1520 402 ἡ
1534 368 1675 403 ἐπιστήμη
1687 367 1831 403 ἐπιστητοῦ

1039 414 1192 449 ἑπιστήμηο
1205 413 1251 440 τοῦ
1268 413 1297 440 δὲ
1314 413 1386 440 κατὰ
1395 413 1482 445 θέσιν,
1496 413 1534 444 ὡς
1547 413 1578 439 τὸ
1591 413 1677 447 δεξιὸν
1689 413 1832 449 ἀριστεροῦ

1039 459 1136 491 δεξιόν·
1148 458 1193 486 τοῦ
1211 458 1240 485 δὲ
1258 459 1328 486 κατὰ
1341 459 1391 494 τὴν
1410 459 1480 495 πρὸς
1495 459 1526 485 τὺ
1539 459 1618 493 γένος
1634 459 1785 494 ἀναφορὰν,
1798 459 1832 491 ὡς

1039 505 1056 540 ἠ
1082 504 1265 540 γραμματικὴ
1286 505 1334 531 καὶ
1352 505 1370 540 ἡ
1397 505 1516 541 μουσικὴ
1539 506 1587 533 καὶ
1599 505 1655 541 (86)
1679 507 1707 533 αἱ
1727 507 1830 542 ὅμοιον

1038 549 1143 577 τούτων
1164 550 1220 585 γὰρ
1241 550 1344 586 ἑκάστη
1366 550 1429 577 καθ’
1444 551 1544 586 ἑαυτὴν
1565 551 1616 585 μὲν
1634 552 1684 578 οὐκ
1701 552 1830 585 ἀνάγεται

1039 596 1092 622 ὑπὸ
1104 595 1138 622 τὰ
1151 595 1220 631 πρός
1231 604 1266 622 τι·
1288 596 1360 623 κατὰ
1372 596 1401 622 δὲ
1413 595 1463 632 τήν
1477 597 1547 632 πρὸς
1560 596 1591 623 τὸ
1605 597 1684 630 γένος
1694 598 1830 632 ἀναφορὰν

1036 641 1168 677 ἀναχθείη
1192 641 1258 673 ἴσως
1279 641 1333 668 ἄν·
1361 641 1440 675 γένος
1460 641 1510 676 μὲν
1534 642 1588 676 γὰρ
1609 642 1713 668 τούτων
1732 644 1749 677 ἠ
1774 644 1830 669 ἑπι-

1036 688 1138 722 στήμη’
1156 687 1225 722 αὓτη
1241 695 1270 713 τε
1287 688 1339 714 ὑπὸ
1353 688 1387 714 τὰ
1402 687 1469 724 πρός
1483 696 1522 714 τι·
1538 688 1609 715 ὥστε
1626 689 1673 714 καὶ
1688 689 1775 715 ταῦτα
1788 688 1830 714 διὰ

1035 732 1065 758 τὺ
1080 733 1157 766 γένος
1170 733 1222 759 ὑπδ
1238 733 1273 760 τὰ
1287 734 1356 768 πρός
1368 742 1406 760 τι.
1434 733 1515 760 ’Δλλὰ
1527 734 1591 769 περ).
1607 734 1656 769 μὲν
1672 734 1769 761 τούτου
1785 734 1829 761 τοῦ

1035 779 1214 814 θεωρήματος
1231 781 1260 807 ἐν
1277 780 1367 812 ἄλλοις
1383 779 1563 815 πλατύτερον.

190 833 278 862 genus
295 826 412 853 fortasse
427 826 459 853 ad
479 826 530 854 ista
543 825 696 853 revocanda
712 830 777 852 sunt
791 834 797 856 ;
812 832 898 860 genus
926 826 995 852 enitr
1039 826 1081 854 his
1112 831 1155 854 cst
1172 826 1287 854 scientia
1302 834 1309 859 ;
1325 827 1383 854 haec
1396 833 1462 853 vero
1483 830 1526 854 est
1547 827 1599 853 sub
1621 826 1713 854 relatis
1731 828 1766 854 ad
1780 827 1829 854 ali~

190 873 256 908 qttid
270 881 278 906 ;
296 880 381 907 quare
402 877 514 907 propter
533 879 619 906 genus
642 874 670 898 et
686 871 738 898 illa:
752 871 786 898 ad
803 871 889 898 relata
905 876 1079 898 revot-antur.
1096 871 1197 899 Verum
1212 871 1245 899 de
1260 872 1310 899 hoc
1330 871 1498 898 theoremate
1514 870 1604 898 l’usius
1622 871 1699 899 alibi.

224 920 252 947 Ξ.
272 919 399 947 Deﬁnitio
422 927 437 946 ιι
462 918 599 954 principio
621 919 700 946 allata
715 925 810 946 eorum
839 925 900 952 quae
923 920 1024 949 sunt];

189 967 274 993 relata
291 965 326 993 ad
343 965 446 1001 aliquid
458 985 465 997 ,
482 964 594 1000 proprie
614 969 721 992 natura:
745 964 894 991 relatorum
916 970 983 990 con-

190 1013 282 1046 venit;
298 1020 382 1048 quam
402 1019 468 1039 vero
483 1019 557 1039 nunc
574 1012 732 1044 aﬂ‘cremus,
752 1019 784 1038 ea
797 1011 876 1046 quasi
891 1009 982 1037 corol-

189 1061 287 1088 larium
299 1059 438 1095 quoddam
450 1058 543 1094 potius
555 1062 679 1094 apparet.
695 1057 743 1085 Est
754 1064 817 1084 vero
828 1056 980 1092 ejusmodi:

188 1106 284 1133 Relata
301 1109 374 1138 sunt.
393 1113 455 1141 qua:
471 1105 529 1140 ipsa
546 1103 678 1139 quidquid
698 1107 774 1135 sunt.
788 1102 904 1130 aliorum
920 1109 982 1130 esse

187 1150 317 1178 dicuntur
335 1150 391 1178 sive
415 1149 469 1177 alio
489 1156 654 1185 quocunque
674 1148 756 1176 modo
776 1149 810 1175 ad
829 1147 905 1174 aliud
938 1155 978 1174 re-

187 1195 323 1223 feruntur.
344 1194 473 1222 Dicebam
485 1201 562 1227 vero,
583 1201 640 1221 non
653 1201 714 1221 esse
731 1192 867 1228 ejusmodi
884 1191 981 1219 delini-

187 1242 289 1270 tionem
304 1241 503 1269 declarativam
525 1245 631 1268 natura:
645 1247 754 1271 eorum,
774 1246 836 1273 qua:
851 1241 917 1265 sunt
933 1244 978 1265 re-

187 1287 253 1320 lata,
270 1287 335 1323 quia
362 1294 416 1314 non
438 1293 610 1321 quaecunque
631 1285 748 1312 aliorum
760 1291 822 1312 esse
838 1283 978 1316 dicuntur,

186 1334 282 1362 eadem
300 1340 411 1368 quoque
426 1333 511 1360 relata
535 1337 618 1364 sunt;
635 1339 734 1359 manus
746 1331 820 1358 enim
836 1330 978 1365 cujusdam

189 1379 290 1406 dicitur
303 1385 401 1405 manus
414 1381 441 1405 et
460 1381 543 1412 caput
560 1377 703 1411 cujusdam
719 1381 811 1412 caput,
826 1383 859 1404 ac
873 1375 978 1410 reliqua

186 1423 310 1451 membra
337 1423 473 1450 similiter.
499 1421 575 1450 Scire
599 1429 667 1449 vero
694 1425 804 1457 oportet
829 1421 978 1448 relatorum

186 1470 220 1497 ad
242 1469 344 1504 aliquid
366 1469 418 1496 alia
437 1477 486 1504 per
501 1468 649 1503 genitivum
665 1468 776 1502 eﬂ‘erri;
800 1467 902 1496 veluti:
929 1468 979 1495 do-

187 1515 281 1543 minus
306 1515 378 1543 servi
404 1514 552 1547 dominus;
577 1513 631 1540 alia
657 1520 705 1548 per
730 1513 870 1546 dativum;
893 1511 978 1540 veluti

187 1558 281 1586 scibilc
298 1558 420 1586 scientia:
440 1559 536 1586 scihile
549 1579 556 1590 ,
575 1558 628 1585 alia
646 1565 693 1594 per
712 1557 912 1590 accusativum,
929 1564 977 1583 ve-

1074 917 1108 953 β’.
1129 917 1208 944 Ἔστι
1234 917 1262 944 δὲ
1280 918 1295 944 ό
1319 917 1349 944 ὲν
1367 917 1438 954 ἀρχῇ
1457 918 1513 953 (87)
1529 917 1675 953 εἰρημένος
1693 918 1749 944 τῶν
1765 918 1828 953 πρός

1032 972 1059 990 τι
1083 963 1163 997 λόγος
1185 963 1289 999 κυρίως
1307 963 1364 998 (88)
1386 963 1436 999 τῆς
1459 963 1569 999 φύσεως
1589 963 1646 991 τῶν
1666 964 1738 1000 πρὸς
1751 973 1788 991 τι·
1801 965 1828 992 ὃν

1032 1009 1061 1036 δὲ
1083 1008 1130 1036 νῦν
1154 1009 1272 1045 ἐροῦμεν
1289 1009 1346 1045 (89)
1371 1009 1409 1042 ὡς
1430 1010 1667 1046 παρακολούθημά
1689 1020 1714 1038 τι
1731 1012 1828 1047 μᾶλλον

1033 1055 1180 1090 φαίνεται·
1201 1055 1302 1082 ἔστιδὲ
1317 1053 1405 1088 οὖτοςο
1427 1056 1497 1092 πρός
1517 1057 1545 1084 τι
1567 1057 1652 1089 ἐστιν.
1677 1058 1728 1085 ὅσα
1747 1059 1826 1090 αὐτὰ,

1034 1103 1107 1137 ἅπερ
1131 1101 1215 1134 ἐστὶν,
1240 1101 1341 1137 ἑτέρων
1364 1100 1434 1129 εἶναι
1465 1102 1575 1137 λέγεται
1601 1103 1617 1138 ἢ
1642 1104 1770 1131 ὁπωσοῦν
1783 1104 1827 1131 ἆλ-

1032 1146 1086 1178 λως
1099 1147 1169 1182 πρὸς
1182 1147 1275 1182 ἕτερον
1288 1147 1354 1182 (90)·
1365 1147 1434 1182 ἔφην
1445 1147 1473 1174 δὲ
1487 1148 1524 1184 μὴ
1537 1146 1607 1175 εἶναι
1618 1149 1769 1184 δηλωτικὸν
1782 1150 1827 1184 τῆς

1032 1191 1141 1229 φύσεως
1159 1191 1214 1219 τῶν
1231 1192 1301 1227 πρός
1313 1200 1340 1219 τι
1360 1192 1406 1219 τδν
1417 1192 1539 1220 τοιοῦτον
1553 1193 1643 1228 λόγον·
1668 1195 1764 1230 ἐπειδὴ
1781 1195 1826 1230 οὐχ

1030 1236 1081 1262 ὅσα
1107 1236 1209 1272 ἐτέρων
1229 1234 1299 1264 εῖναι
1319 1237 1429 1271 λέγεται
1448 1238 1516 1274 (91),
1540 1238 1628 1266 ταῦτα
1648 1240 1697 1266 καὶ
1719 1240 1788 1276 πρός
1802 1241 1826 1266 τι

1031 1282 1117 1308 ἔστιν’
1132 1283 1149 1316 ἡ
1162 1283 1217 1316 γὰρ
1228 1283 1290 1318 χεὶρ
1303 1304 1310 1315 ,
1326 1283 1400 1315 τινὸς
1416 1284 1465 1319 μὲν
1477 1284 1589 1319 λέγεται
1604 1285 1675 1320 χεὶρ,
1691 1286 1769 1322 καὶὴ
1786 1295 1827 1313 κε-

1031 1327 1102 1362 φαλὴ
1113 1347 1120 1359 ,
1141 1327 1214 1359 τινος
1230 1328 1341 1362 λέγεται
1355 1329 1411 1364 (92)
1429 1329 1551 1365 κεφαλὴ,
1564 1331 1611 1357 καὶ
1634 1331 1668 1357 τὰ
1682 1331 1753 1358 ἄλλα
1775 1332 1826 1358 τῶν

1031 1373 1124 1408 μερῶν
1139 1373 1250 1409 ὁμοίως
1266 1374 1323 1401 ἀλλ’
1339 1375 1390 1401 οὐκ
1405 1375 1458 1401 εισι
1471 1375 1558 1403 ταῦτα
1571 1376 1627 1404 τῶν
1642 1377 1710 1412 πρός
1723 1386 1752 1404 τι
1763 1387 1770 1393 ·
1783 1377 1826 1403 οὺ-

1031 1419 1088 1446 σίαι
1102 1419 1167 1456 γὰρ,
1182 1419 1298 1456 οὐδεμία
1313 1420 1342 1447 δὲ
1353 1421 1433 1448 οὐσία
1447 1421 1501 1448 τῶν
1515 1422 1584 1457 πρός
1595 1431 1621 1449 τι
1635 1422 1702 1458 (95).
1721 1423 1826 1450 Είδέναι

1031 1464 1123 1500 μέντοι
1140 1465 1196 1499 (94)
1215 1465 1282 1502 χρὴ,
1298 1466 1339 1493 ὅτι
1352 1466 1407 1493 τῶν
1424 1467 1492 1502 πρός
1510 1476 1536 1494 τι
1552 1468 1586 1495 τὰ
1602 1468 1652 1504 μὲν
1667 1469 1742 1496 κατὰ
1758 1478 1826 1504 γενι-

1029 1511 1080 1545 κὴν
1097 1511 1153 1547 (95)
1173 1512 1321 1547 ἐκφέρεται
1337 1512 1406 1549 (96),
1421 1509 1476 1539 οἷον
1498 1513 1535 1545 ὡς
1551 1514 1565 1540 ὁ
1583 1514 1718 1550 δεσπότης
1734 1515 1825 1542 δούλου

1028 1557 1180 1593 δεσπότης,
1200 1558 1235 1585 τὰ
1255 1558 1284 1585 δὲ
1299 1560 1371 1586 κατὰ
1383 1559 1504 1593 δοτικὴν,
1525 1559 1564 1592 ὡς
1583 1560 1613 1587 τὸ
1630 1561 1779 1596 ἐπιστητὸν
1795 1563 1825 1596 τῇ

186 1605 236 1632 lttti
252 1605 408 1640 percutietts
428 1613 490 1632 eutn
506 1605 554 1640 qul
567 1604 721 1640 percutitur
737 1603 863 1639 percutit.
881 1603 972 1631 Corol-

1055 1604 1172 1640 ιιστήμῃ
1195 1604 1352 1638 ἐπιστητὸν,
1374 1605 1410 1632 τὰ
1432 1605 1460 1632 δὲ
1485 1607 1556 1633 κατὰ
1571 1606 1741 1641 αἰτιατικὴν,
1759 1607 1796 1639 ὡς
1812 1607 1825 1633 ὁ

186 1651 285 1679 larium
300 1651 394 1686 igitur,
406 1652 444 1683 id,
459 1653 533 1687 quod
549 1652 652 1678 dictum
664 1656 715 1683 est.
729 1650 831 1678 idcirco
844 1650 878 1678 ad
891 1651 974 1678 verba

186 1697 232 1725 illa
245 1697 361 1724 aliorum
372 1706 428 1725 esse
448 1697 573 1724 dicuntur
588 1697 692 1725 addidit
709 1697 763 1724 sive
783 1697 837 1724 alio
855 1704 975 1732 quocun-

184 1750 234 1777 que
247 1743 343 1774 modo,
366 1747 396 1769 ut
419 1750 467 1777 per
488 1742 572 1769 verba
595 1741 710 1769 aliorum
729 1750 785 1769 esse
803 1742 930 1768 dicuntur
943 1749 975 1769 ea

185 1795 244 1822 qum:
257 1796 305 1823 per
320 1787 472 1823 genitivum
485 1787 665 1822 proferuntur
681 1787 812 1820 declaret,
829 1794 878 1822 per
892 1786 975 1814 verba

184 1836 274 1859 autem
294 1833 348 1859 sive
366 1832 420 1858 alio
439 1839 594 1867 quocunque
609 1830 686 1858 modo
701 1839 733 1859 ea
749 1839 810 1867 qua:
826 1831 976 1859 eﬂ'eruntur

183 1887 233 1914 per
248 1878 435 1906 accusativum
452 1882 479 1905 et
493 1878 629 1906 dativum.

219 1925 248 1951 ὅ.
262 1925 368 1952 llabettt
384 1925 470 1952 relata
485 1925 517 1952 ad
533 1924 638 1960 aliquid
650 1924 830 1960 proprietates
847 1929 975 1959 quattuor.

184 1970 306 2004 Quarum
331 1971 418 2005 prima
436 1976 479 1998 est
492 1991 499 2003 ,
516 1979 577 1998 esse
601 1971 627 1998 in
650 1971 717 2006 ipsis
737 1971 976 2004 contrarietatem;

183 2017 305 2044 scientiae
320 2017 394 2044 cnitn
408 2017 577 2044 contrarium
589 2021 641 2050 est,
655 2017 716 2046 scil.
735 2017 899 2052 ignorantia.
913 2017 977 2044 llarc

182 2070 249 2089 vero
267 2063 421 2098 proprietas
437 2070 488 2090 nec
499 2063 630 2090 omnibus
646 2070 696 2090 nec
710 2063 776 2090 solis
792 2062 918 2089 convenit
929 2069 973 2090 re-

183 2108 266 2142 latis;
293 2115 345 2136 non
370 2108 496 2136 omnibus
512 2109 639 2143 quidem,
663 2109 728 2144 quia
751 2108 835 2143 duplo
849 2108 917 2135 nihil
931 2112 974 2136 est

1026 1649 1138 1676 τύπτων
1153 1650 1326 1685 τυπτόμενον
1338 1650 1446 1678 τύπτει·
1463 1651 1494 1678 τὸ
1511 1651 1558 1679 οὖν
1574 1652 1821 1688 παρακολούθημα.

1027 1695 1097 1730 ὅπερ
1110 1695 1234 1731 εἴρηται,
1252 1695 1297 1723 διὰ
1308 1696 1389 1723 τοῦτο
1408 1697 1464 1731 (97)
1481 1697 1551 1732 μετὰ
1563 1697 1611 1725 τοῦ
1623 1697 1737 1732 ἑτέρων
1751 1696 1825 1726 εἶναι

1028 1741 1150 1777 λέγεται
1166 1741 1323 1777 προσέθηκε
1336 1742 1394 1778 (98)
1409 1743 1439 1769 τὸ
1452 1743 1470 1778 ἣ
1489 1743 1633 1771 ὁπωσοῦν
1644 1744 1750 1778 ἄλλως
1762 1745 1824 1780 (99),

1027 1788 1071 1815 ῐνα
1086 1788 1130 1816 διὰ
1145 1789 1196 1823 μὲν
1214 1789 1260 1815 τοῦ
1275 1788 1385 1823 ἑτέρων
1404 1787 1482 1816 εἶναι
1500 1789 1622 1825 λέγεται
1637 1790 1671 1817 τὰ
1691 1792 1763 1826 πρὸς
1781 1799 1824 1825 γε·

1027 1833 1106 1876 νικῂν
1129 1834 1259 1869 δηλώσειε
1279 1835 1426 1870 λεγόμενα,
1451 1836 1495 1863 διὰ
1518 1836 1547 1863 δὲ
1566 1836 1614 1863 τοῦ
1637 1836 1656 1871 ἢ
1678 1838 1822 1865 ὁπωσοῦν

1026 1879 1129 1913 ἄλλως
1144 1881 1178 1908 τά
1201 1889 1232 1908 τε
1245 1882 1312 1917 πρὸς
1332 1883 1486 1918 αἰτιατικὴν
1511 1883 1558 1909 καὶ
1575 1883 1697 1918 δοτικήν.

1062 1924 1097 1961 γ’.
1121 1927 1198 1962 Ἔχει
1212 1927 1241 1954 δὲ
1256 1927 1290 1954 τὰ
1306 1927 1375 1963 πρός
1394 1937 1421 1954 τι
1439 1928 1492 1955 ἴδια
1509 1928 1641 1964 τέσσαρα·
1665 1923 1777 1964 πρῶτον
1787 1929 1821 1964 (ί)

1025 1971 1055 1999 τδ
1068 1971 1204 2008 ὑπάρχειν
1216 1972 1245 1998 ἐν
1261 1972 1353 2004 αὐτοῖς
1370 1972 1563 2008 ἐναντιότητα·
1579 1973 1627 1999 καὶ
1640 1973 1696 2010 γὰρ
1714 1976 1749 2010 τῇ
1765 1975 1824 2000 ἐπι-

1027 2018 1120 2054 στήμῃ
1137 2018 1213 2044 ἐστὶν
1230 2017 1351 2045 ἐναντίον
1369 2017 1408 2054 (2)
1424 2018 1441 2053 ἡ
1458 2018 1565 2052 ἄγνοια·
1579 2017 1658 2045 τοῦτο
1669 2019 1698 2046 δὲ
1713 2020 1746 2046 τὸ
1761 2019 1823 2046 ἴδιον

1026 2064 1074 2090 καὶ
1095 2063 1125 2090 οὐ
1144 2063 1212 2090 πᾶσι
1236 2065 1294 2096 τοῖς
1315 2064 1386 2100 πρός
1407 2073 1434 2091 τι
1461 2065 1510 2091 καὶ
1525 2065 1557 2091 οὐ
1582 2064 1674 2100 μόνοις
1696 2065 1820 2101 ἁρμόζει·

1027 2109 1058 2136 οὑ
1075 2109 1113 2145 (5)
1141 2109 1210 2136 πᾶσι
1226 2108 1287 2144 μὲν,
1311 2109 1407 2145 ἐπειδὴ
1429 2109 1469 2144 τῷ
1490 2109 1627 2146 διπλασίῳ
1650 2110 1730 2137 οὐδέν
1751 2111 1821 2137 ἐστιν

183 2154 364 2188 contrarium,
389 2163 442 2183 non
465 2155 532 2184 solis
550 2158 637 2190 vero‘,
662 2154 728 2190 quia
746 2154 830 2183 etiam
849 2155 972 2191 qualitati

1058 2155 1161 2190 αντίον,
1177 2155 1207 2182 οὺ
1224 2155 1316 2192 μόνοις
1341 2155 1386 2190 δὲ,
1410 2156 1505 2192 Επειδὴ
1519 2157 1568 2184 καὶ
1585 2157 1624 2192 (4)
1646 2158 1682 2193 τῇ
1698 2156 1819 2192 ποιότητι

945 2254 1068 2284 NOTAE.

182 2361 196 2389 ο
218 2324 275 2362 (85)
296 2324 342 2353 Sic
353 2325 415 2353 Vat.
431 2330 458 2353 et
471 2325 575 2358 Catii.;
594 2324 670 2353 Mon.
697 2325 746 2353 τοῦ
770 2326 799 2353 δὲ
822 2325 895 2353 κατὰ
919 2326 973 2354 πά-

198 2370 237 2389 ος.

198 2370 273 2433 Ῠῗὲδ)
287 2405 314 2433 κς
325 2397 355 2433 et
365 2396 412 2432 ὅμ.
424 2400 455 2433 et
475 2400 575 2433 caetera
587 2403 674 2431 usque
685 2397 720 2425 ad
733 2397 780 2424 tln.
802 2396 816 2431 §
834 2396 934 2424 desunt
945 2397 972 2424 in

181 2430 268 2465 Motu,
286 2431 330 2458 ubi
344 2430 402 2458 haec
413 2430 547 2459 duntaxat
570 2430 697 2467 leguntur
714 2440 741 2459 κ.
771 2433 788 2467 ὴ
806 2430 894 2467 potia.
907 2432 974 2459 ἀνά-

181 2475 275 2501 γεται·
291 2467 339 2502 καὶ
351 2467 405 2502 γὰρ
422 2467 470 2502 καὶ
492 2467 596 2493 τούτων
617 2467 737 2502 ἑκάστης
768 2467 908 2502 ἐπιστήμη
922 2467 970 2501 γέ-

181 2500 243 2564 ξος·
258 2501 344 2528 ταῦτα
362 2500 411 2536 μὲν
425 2500 472 2529 οὖν
485 2502 520 2529 τὰ
535 2502 588 2529 ὑπὸ
612 2504 646 2529 τὰ
666 2500 735 2539 πρός
751 2511 777 2529 τι
794 2502 832 2534 ὡς
846 2500 907 2538 eiad
923 2500 968 2530 τε·

197 2546 289 2564 ουντα.

197 2546 227 2564 θ’)
230 2546 278 2564 ντα
281 2556 289 2563 ο

229 2573 275 2611 ξξζ)
292 2571 366 2611 Mori.
382 2571 410 2611 ὲν
422 2571 556 2611 ᾲρχῇηὉ
569 2572 620 2608 μὲν
632 2570 678 2600 οὖν
693 2573 847 2611 εἰρημένος.

231 2608 275 2642 88)
290 2606 364 2634 Mon.
377 2606 449 2635 addl
461 2606 529 2635 ιᾱτί.

221 2642 275 2678 (89)
292 2642 322 2668 ὃν
336 2642 365 2669 δι
375 2642 490 2678 λέξομεν
508 2643 581 2671 Mon.

228 2678 272 2712 90)
289 2677 349 2705 ἄλλ.
366 2678 434 2714 πρὸς
442 2677 486 2706 ἔτ.
500 2679 576 2707 deest
587 2680 614 2708 in
623 2679 696 2707 Mon.
710 2678 774 2707 Haec
786 2679 910 2708 deﬁnitio
925 2684 968 2708 est

181 2721 215 2741 ex
230 2714 313 2741 Arist.
331 2721 355 2741 c.
371 2713 386 2740 7
409 2714 468 2742 ittit.

218 2749 282 2787 (9|)
292 2748 365 2787 lion.
381 2750 448 2787 tijt'A'.
461 2750 500 2787 ὡς
512 2750 636 2787 εἴπομεν,
648 2751 700 2787 ὄτιῗ
710 2750 760 2778 οὐκ
785 2750 842 2787 ἔστι
858 2749 973 2787 δηλωτι-

181 2783 252 2828 ubst}
265 2783 354 2828 ’λόγος
377 2783 454 2828 οὗτος
470 2785 519 2820 τῆς
539 2783 648 2820 φύσεως
667 2786 722 2814 τῶν
739 2786 807 2822 πρός
835 2794 872 2814 τι·
917 2785 972 2821 γὰρ

181 2821 252 2856 χεὶρ.
268 2821 341 2852 τινὸς
351 2821 412 2856 χεὶρ
425 2821 544 2855 λέγεται.

219 2856 274 2893 (92)
286 2856 394 2891 λέγεται
408 2856 485 2884 deest
499 2856 526 2884 itt
544 2856 630 2885 Μοη..

1058 2325 1171 2368 (93)(Ξῇ
1190 2326 1276 2354 Arist.
1297 2325 1362 2359 c.7,
1379 2325 1394 2362 ξ
1411 2326 1516 2362 penult.
1531 2325 1569 2362 (c.
1586 2326 1614 2359 5,
1625 2334 1653 2362 p.
1667 2327 1711 2361 l2.
1729 2328 1763 2356 13
1777 2328 1816 2356 ed.

1022 2362 1124 2398 Paris.)

1060 2397 1359 2442 ςὲἑὶὲίίξει-δὲλρήο..
1441 2435 1449 2442 .
1553 2435 1560 2442 .

1060 2434 1116 2470 (95)
1132 2435 1198 2462 Scil.
1216 2434 1320 2463 πτῶσιν
1334 2435 1408 2464 Μοιι.
1425 2435 1455 2462 τὸ
1468 2435 1577 2470 γενικόν
1587 2441 1596 2450 ⁸
1613 2435 1653 2463 sic
1665 2439 1693 2464 et
1718 2434 1746 2462 in
1761 2441 1815 2469 seq.

1023 2469 1055 2496 τὸ
1068 2469 1136 2502 δοτ.,
1152 2471 1182 2497 τὸ
1195 2471 1250 2498 αὶτ.
1475 2469 1479 2470 ν

1059 2504 1115 2541 (96)
1131 2505 1204 2541 Moti.
1222 2506 1390 2541 προφέρεται
1402 2513 1410 2522 ·
1427 2513 1505 2541 sequ.
1524 2505 1561 2537 ὡς
1574 2506 1662 2533 deest.

1062 2538 1118 2576 (97)
1129 2541 1157 2567 ltt
1171 2538 1298 2568 Μοηίδτᾶ
1311 2538 1391 2568 τοῦτο
1405 2538 1480 2568 deest
1493 2545 1520 2568 et
1537 2542 1671 2576 sequitur.
1687 2539 1758 2576 μετὰ
1769 2538 1815 2566 τοῦ

1025 2575 1102 2602 αὐτὰ
1116 2575 1192 2609 ἅπερ
1208 2575 1305 2607 ἐστὶν,
1320 2575 1439 2609 ἐτέρων,
1456 2585 1484 2603 κ.
1501 2583 1527 2603 τ.
1538 2575 1564 2603 λ.

1073 2611 1117 2645 98)
1135 2611 1182 2637 καί
1194 2611 1258 2639 add.
1277 2611 1349 2639 Men.

1053 2643 1113 2681 (99)
1122 2645 1196 2686 Mpn.
1211 2646 1228 2681 ἢ
1238 2681 1243 2686 _
1255 2646 1381 2686 ὁπωσοῦν
1390 2654 1398 2662 '
1415 2646 1472 2686 ἀλλ’
1489 2646 1527 2686 ὡς
1541 2645 1650 2686 (ἄλλως)
1661 2645 1699 2686 τά
1708 2653 1738 2672 τε

1019 2681 1172 2742 ἓὶἓιατικὸν
1201 2681 1249 2708 καὶ
1276 2682 1345 2717 πρὸς
1367 2682 1483 2709 δοτικὸν.
1508 2680 1645 2717 Sequitur
1661 2680 1815 2709 immediate

1021 2715 1035 2750 ᾗ
1105 2750 1217 2795 πρῶτον¹
1229 2752 1306 2795 puti}.
1321 2751 1394 2780 Mon.

1069 2786 1098 2822 2)
1116 2786 1170 2814 οἷον
1185 2787 1248 2814 add.
1264 2787 1338 2822 Man.

1071 2823 1098 2855 ὃ)
1113 2822 1160 2849 καὶ
1173 2822 1204 2848 οὺ
1219 2830 1250 2850 π.
1267 2821 1340 2849 Mon.

1060 2857 1098 2892 (At)
1115 2857 1160 2884 και
1175 2857 1252 2886 deest
1266 2858 1292 2886 itt
1309 2857 1381 2886 Mon.

1208 2575 1305 2607 ἐστὶν,
1320 2575 1409 2611 ἑτέρω
