1863 3064
173 151 226 184 799

765 137 894 170 PHOTII
912 132 1164 166 PATBIARCH/‘E
1180 130 1236 160 (ΣΡ.

1763 118 1817 150 800

177 174 225 184 ..ιν

175 208 249 236 deus
264 208 308 233 est
321 202 434 231 minime
447 205 632 229 concessuros
645 218 652 231 ,
667 201 792 232 tempore
804 194 918 223 omnino
930 194 972 220 vel

1095 189 1190 225 :95le
1211 183 1415 222 προῦφεστάναι
1437 181 1455 217 ἢ
1477 179 1513 207 τὰ
1529 177 1649 213 στοιχεῖα
1663 174 1817 236 sonam“

175 252 311 279 elementa
335 245 503 274 animalibus
522 244 566 271 vel
586 248 661 270 astra
681 241 802 269 scientiae
825 238 967 275 pracxsti-

178 298 260 328 tisse,
277 294 324 322 sed
347 293 436 320 solum
458 291 567 319 ratione
579 293 662 324 atque
678 287 818 314 intellectu
834 283 968 320 simplicia

1018 220 1202 272 ήιιτὰ”ἆστρα
1223 220 1272 272 τῆς
1294 229 1452 265 ἐπιστήμης
1468 225 1689 272 συγχωρῄσουσιο
1701 221 1776 272 λόγω
1789 220 1818 246 δὲ

1022 267 1095 318 μόνῳ
1109 282 1156 309 καὶ
1167 267 1271 315 ίῦεωρίᾷ¹
1288 277 1324 304 τὰ
1347 275 1423 303 ἁπλᾶ
1435 274 1491 301 τῶν
1513 271 1648 318 συνβὲτων
1659 267 1819 318 προτιθέναι

178 312 244 325 “asc
278 312 324 322 δι...
347 312 436 320 ,τυ-ι...-
460 312 564 319 ......,..-
579 312 606 316 κ.
631 312 661 315 ρ-
889 312 896 320 _

177 316 338 375 compositis
355 336 476 372 praeponi
492 312 686 362 arbitratdros.
704 331 887 365 Quamobrem
903 337 970 356 om-

1095 327 1227 353 ώσουσιν·
1244 324 1315 352 ὥστε
1339 321 1408 347 πᾶσι
1438 319 1495 349 τοῖς
1517 315 1586 351 πρός
1604 324 1632 342 τι
1650 313 1772 349 ὑπάρχει
1788 312 1819 338 τὺ

1129 374 1138 375 κ
1187 371 1193 375 ι
1261 369 1268 375 -
1302 368 1309 375 -
1433 363 1505 375 usa»
1532 361 1689 375 L--.-.'.....,.-
1714 358 1817 375 ein“-..

179 386 260 412 nibus
276 383 371 410 relatis
383 382 416 409 ad
433 381 537 416 aliquid
549 379 687 411 convenit,
702 377 784 405 simul
797 384 859 404 cum
872 380 971 403 natura

177 433 321 460 exsistere.
339 428 393 456 Sed
405 428 461 462 jam
478 427 545 454 salis
560 426 665 453 dictum
681 428 723 452 est
736 424 770 451 de
789 422 893 450 relatis.

432 482 598 516 QUIESTIO
611 481 716 509 CXLII.

377 530 413 557 De
433 538 479 557 sea:
495 529 602 563 reliquis
621 527 772 563 calcgoriis.

1024 375 1084 409 ἅμα
1108 374 1143 407 τῇ
1160 371 1240 406 φύσει
1257 368 1403 404 ὑπάρχειν.
1433 363 1505 391 Ἀλλ’
1531 361 1689 398 ἀρκούντως
1714 358 1819 394 εἴρηται

1025 420 1074 448 καὶ
1095 420 1160 455 περὶ
1180 417 1234 444 τῶν
1257 415 1323 451 πρός
1339 422 1376 440 τι.

1167 458 1171 465 ’
1290 469 1457 498 avorum
1476 467 1563 495 PMB'.

1127 519 1196 553 Περὶ
1211 517 1271 544 τῶν
1295 514 1472 544 ὑπολοίπων
1481 513 1516 546 ἐξ
1531 509 1725 547 κατηγοριῶν.

719 583 791 608 Nunc
808 581 914 614 primum
929 579 996 605 edita
1005 586 1019 603 a
1029 579 1060 604 D.
1072 574 1288 608 Hergenroether.

220 645 391 675 Aristoteles,
411 646 508 677 utpote
522 648 577 668 non
589 640 693 668 docens
708 639 836 670 fortasse,
859 637 906 665 sed
931 636 980 664 do-

185 693 302 719 ctrinam
331 689 455 716 indicans
481 686 524 714 vel
549 691 692 714 ostentans
715 684 860 720 (siquidem
886 689 980 710 verum

187 741 240 769 est,
253 735 326 770 quod
343 735 377 762 de
396 733 474 761 libris
491 733 550 761 suis
566 732 668 760 dixerit
685 740 692 759 ε
718 730 793 757 Editi
810 734 872 756 sunt
888 734 912 755 et
930 735 982 754 non

1073 631 1103 658 '0
1120 629 1170 666 μὲν
1193 625 1384 664 Ἀριστοτέλης
1395 624 1465 661 (16),
1481 623 1528 650 ita
1548 621 1586 657 μὴ
1601 620 1735 648 διδάσκων
1748 618 1825 649 ἴσως,

1031 678 1082 714 τὴν
1105 665 1133 703 δὲ
1155 673 1328 703 διδασκαλίαν
1355 669 1580 705 ἐνδεικνύμενος,
1602 667 1682 702 εἴπερ
1763 673 1828 691 κατ-

1034 711 1162 759 έψευσται
1171 720 1254 748 αὑτοῦ
1267 719 1323 755 (Π)
1334 718 1366 745 τὸ
1373 716 1528 744 ὲκδέδοται
1536 714 1586 741 καί
1597 714 1654 741 οὐκ
1663 711 1829 742 ἐκδέδοται,

187 757 240 769 η..
254 757 259 761 .
274 757 326 762 ..η
344 757 376 762 ,ν
438 757 474 760 ..-
492 757 549 761 -___
686 757 691 759 Ἴ

187 757 274 814 editi):
291 784 350 806 tum
366 779 399 806 de
412 778 484 810 aliis,
503 782 560 804 tum
573 777 607 804 de
621 784 667 805 sex
683 775 821 811 (reliquis)
833 773 981 809 categoriis

1095 770 1100 796 ί
1119 778 1148 796 τε
1162 768 1216 795 τῶν
1231 767 1323 795 ἄλλων
1337 765 1385 792 καὶ
1401 763 1465 799 περὶ
1479 763 1532 790 τῶν
1550 761 1581 793 ἓξ
1598 758 1772 795 κατηγοριῶν
1791 757 1831 783 ἔτι

1095 816 1099 819 δ
1272 812 1279 819 ’
1451 809 1574 819 ,μμ-μ..
1591 808 1673 819 .ι..-τ-
1687 805 1714 819 ῃ.
1736 805 1787 819 ,ιη
1801 812 1830 819 ,,

190 827 276 853 multo
294 824 386 851 adhuc
403 822 508 849 arctius
528 821 671 848 disseruit.
687 819 742 847 Nos
758 826 835 851 vero,
852 817 898 853 qui
913 824 982 852 qua-

192 877 255 899 tuor
277 869 489 906 praedicamenta
506 868 596 895 iusius
613 871 640 894 et
651 866 749 894 utivrei
765 869 983 893 consentaneum

192 921 253 944 erat
264 915 494 951 pertractavimus
506 918 534 941 et
547 913 689 948 discipulis
701 911 891 947 exposuimus,
906 917 985 937 eum-

193 963 256 990 dem
275 960 469 997 explicationis
490 960 602 988 modum
617 959 700 986 etiam
717 958 807 993 quoad
823 965 869 985 sex
882 957 986 991 reliqua

195 1008 362 1037 servandum
383 1007 462 1034 vobis
475 1014 536 1034 esse
551 1005 721 1034 censuimus.
736 1004 841 1032 Idcirco
858 1003 986 1034 dicimus,

196 1058 259 1080 ante
275 1052 368 1080 omnia
386 1050 454 1078 illud
466 1049 537 1078 scitu
552 1048 740 1077 necessarium
754 1055 826 1081 esse,
837 1046 988 1082 quamlibet

195 1098 418 1133 categoriarum,
442 1096 475 1123 de
491 1096 592 1131 quibus
615 1102 688 1122 nunc
713 1101 814 1126 sermo,
837 1093 988 1128 simplicem

196 1141 401 1178 quodammodo
417 1149 489 1168 esse.
514 1139 648 1173 Quamvis
665 1139 738 1166 enim
753 1146 786 1166 ex
808 1139 916 1166 duobus
929 1137 989 1173 qui-

198 1187 322 1222 liuspiam
338 1185 504 1213 combinatis
525 1184 658 1212 eﬂiciatur
673 1183 800 1218 qumlibct
824 1183 919 1210 harum
942 1190 988 1210 sex

197 1232 398 1267 categoriarum
411 1252 419 1264 ,
443 1235 563 1258 attamen
586 1235 661 1265 patet
686 1238 739 1258 non
758 1229 815 1264 ipsa
834 1230 990 1256 combinala

199 1277 251 1304 ista
266 1283 316 1303 nos
331 1275 423 1303 dicere
440 1274 619 1309 categoriam,
635 1274 672 1300 ita
690 1278 720 1300 ut
732 1273 791 1300 illas
804 1273 865 1300 inde
875 1278 902 1300 et
914 1280 990 1300 com-

201 1323 303 1358 pesitio
327 1326 532 1356 consequatur;
556 1328 645 1354 neque
659 1320 733 1346 enim
757 1325 786 1346 ut
808 1324 899 1354 partes
920 1319 992 1346 illius

202 1370 259 1395 lucc
274 1368 431 1395 combiuata
447 1366 635 1400 accipiuntur,
651 1373 739 1400 neque
752 1371 782 1393 ut
793 1365 907 1392 materia
918 1373 993 1400 qua:-

201 1416 264 1443 dam
290 1414 433 1448 subjecta,
455 1420 545 1448 neque
573 1416 603 1440 ut
623 1412 750 1447 quaedam
776 1411 923 1446 compositi
939 1411 994 1438 elc-

1038 805 1138 852 μᾶλλον
1160 812 1365 849 συντομώτερον
1381 809 1557 846 περιείληφεν
1568 816 1574 822 ·
1591 808 1673 842 ἡμεῖς
1686 805 1715 832 δὲ
1736 805 1787 852 τας
1801 812 1831 830 τε

1034 850 1091 889 τῶν
1113 859 1287 895 κατηγοριῶν
1310 857 1446 892 τέσσαρας
1471 856 1500 881 ὲν
1516 853 1613 881 πλάτει
1629 860 1659 878 τε
1679 850 1832 886 συμμέτρῳ

1036 908 1084 936 καὶ
1102 908 1137 943 τῇ
1163 904 1316 939 διδασκάλῳ
1339 902 1521 935 διεξελθόντες
1545 897 1681 934 σαφηνείᾳ
1698 897 1748 924 καὶ
1769 896 1834 931 περὶ

1037 954 1092 982 τῶν
1112 942 1266 980 δπολοίπων
1286 949 1317 983 ἐξ
1336 949 1382 977 τὸν
1397 947 1479 975 αὑτὸν
1497 947 1562 982 ὑμῖν
1577 944 1708 972 διασῶσαι
1722 943 1774 978 τῆς
1795 942 1833 968 δι-

1037 998 1187 1030 δασκαλίας
1204 995 1406 1030 ἐδικαιώσαμεν
1428 992 1523 1020 τύπον.
1545 991 1593 1018 Διό
1610 997 1711 1024 φαμεν,
1726 988 1767 1020 ὡς
1784 986 1835 1023 πρό

1042 1055 1075 1082 γε
1089 1046 1199 1073 πάντων
1213 1045 1303 1071 ἱκεῖνο
1315 1042 1414 1069 ειδέναι
1427 1040 1499 1076 χρὴ,
1516 1040 1558 1067 ὅτι
1575 1038 1678 1072 ἑκάστη
1698 1036 1754 1063 τῶν
1770 1043 1837 1063 κατ-

1043 1091 1175 1128 ηγοριῶν,
1201 1090 1267 1125 nsp‘t
1287 1085 1325 1116 ὧν
1340 1089 1355 1115 ὁ
1375 1087 1466 1121 λόγος,
1483 1085 1556 1120 ἁπλῆ
1577 1084 1620 1116 τίς
1639 1084 1723 1110 ἐστιν·
1739 1082 1764 1108 εί
1783 1082 1837 1117 γὰρ

1039 1137 1088 1164 καὶ
1109 1136 1156 1162 δύο
1178 1135 1259 1162 τινῶν
1284 1132 1509 1167 συνδυαζομένων
1533 1130 1707 1157 ἀποτελεῖται
1730 1127 1836 1160 ἑκάστη

1039 1181 1094 1209 τῶν
1116 1181 1146 1214 ἐξ
1166 1177 1352 1214 κατηγοριῶν,
1375 1176 1432 1203 ἀλλ’
1452 1175 1500 1202 οὖν
1522 1175 1613 1210 δῆλον,
1636 1174 1678 1200 ὅτι
1692 1173 1744 1198 οὐκ
1768 1172 1839 1198 αὐτὰ

1040 1229 1076 1255 τὰ
1091 1224 1294 1260 συνδυαζόμενά
1319 1231 1410 1258 φαμεν
1430 1219 1507 1248 ἐἶναι
1527 1219 1706 1254 κατηγορίαν,
1728 1218 1772 1244 ινα
1794 1216 1840 1243 καὶ

1041 1273 1072 1300 τὸ
1087 1272 1214 1299 σύνθετον
1226 1271 1322 1301 αὑταῖς
1334 1267 1552 1303 ὲπακολουθήσῃ·
1568 1265 1630 1292 οὒτε
1643 1265 1697 1300 γὰρ
1710 1264 1749 1296 ὡς
1766 1263 1839 1299 μέρη

1042 1319 1128 1354 αὐτῆς
1147 1318 1241 1344 ἐκεῖνα
1252 1314 1508 1352 παραλαμϐάνεται,
1525 1311 1586 1339 οὔτε
1603 1311 1640 1342 ὡς
1654 1310 1705 1345 ὓλη
1716 1318 1759 1341 τις
1772 1310 1841 1336 ὑπο-

1044 1352 1158 1398 κειμένη
1173 1383 1180 1394 ,
1199 1361 1257 1389 ἀλλ’
1274 1360 1328 1387 οὐδ’
1344 1360 1380 1390 ὥς
1396 1367 1458 1385 τινα
1473 1356 1601 1384 συνθέτου
1622 1355 1759 1390 στοιχεῖα,
1783 1352 1842 1380 ἀλλ’

1044 1409 1138 1444 ὥσπερ
1152 1409 1168 1444 ή
1185 1408 1261 1443 φιλία
1283 1406 1330 1433 δύο
1346 1406 1396 1440 μέν
1411 1404 1493 1431 τινών
1507 1404 1581 1430 ἐστιν
1600 1402 1715 1433 ἓνωσις,
1732 1400 1841 1427 οὐδέτε-

203 1465 316 1493 menta;
343 1467 437 1495 verum
466 1457 698 1493 quemadmodum
722 1457 844 1485 amicitia
875 1457 982 1484 duorun

1109 1455 1166 1490 (l8)
1187 1454 1217 1480 δὲ
1242 1454 1296 1480 τῶν
1319 1451 1467 1487 φιλούντων
1491 1449 1577 1481 ἐστὶν,
1601 1449 1655 1475 οὐδ’
1681 1449 1714 1474 ὲκ
1738 1447 1844 1474 τούτων

204 1508 347 1535 hominum
372 1510 510 1533 certorum
527 1504 685 1539 coniunctio
704 1508 764 1536 est,
789 1509 916 1531 neutrum
932 1511 995 1531 vero

204 1554 357 1580 amicorum
372 1548 425 1583 est,
447 1558 535 1586 neque
548 1558 581 1578 ex
598 1550 641 1577 bis
656 1549 863 1585 quomodolibct
879 1549 996 1577 conﬂata

205 1605 233 1626 et
245 1599 415 1633 composita,
434 1597 548 1624 omnino
564 1604 630 1623 vero
652 1596 765 1630 simplex
783 1600 844 1629 est;
858 1601 884 1623 et
901 1603 997 1631 quem-

206 1645 355 1674 admodum
373 1643 525 1671 dominatio
543 1650 576 1669 ex
595 1642 761 1670 combinatis
776 1642 941 1677 quibusdam
955 1642 998 1670 ef-

208 1691 298 1719 ﬁcitur
320 1694 348 1717 et
365 1689 570 1720 manifestatur.
589 1688 703 1716 omnino
726 1696 791 1716 vero
809 1695 851 1716 cst
865 1689 997 1724 simplex:

209 1737 336 1765 eumdem
351 1743 461 1770 quoque
479 1735 504 1761 in
518 1733 629 1761 modum
645 1734 773 1768 quaelibet
790 1742 835 1762 sex
847 1735 999 1770 categoria-

211 1791 270 1809 rnm
289 1782 399 1808 duobus
422 1779 532 1814 quidem
550 1779 778 1805 convenientibus
795 1779 906 1814 prodit,
934 1787 1000 1806 neu-

209 1831 283 1854 trum
301 1833 368 1852 vero
383 1823 604 1851 convenientium
626 1829 680 1857 est,
700 1831 789 1858 neque
817 1824 871 1850 ullo
888 1821 1001 1859 prorsus

210 1870 293 1897 modo
308 1876 342 1896 ex
358 1868 461 1895 iisdem
486 1867 674 1901 componitur.
702 1867 748 1895 Sic
769 1875 820 1903 ego
838 1873 865 1895 ct
887 1867 1000 1903 reliquas

212 1915 254 1942 lue
270 1918 368 1949 praeter
387 1915 508 1946 quatuor
524 1911 585 1938 illas
606 1911 760 1946 categorias
774 1912 913 1949 simplices
927 1916 1002 1945 sunt,

210 1957 444 1995 quemadmodum
473 1961 501 1984 ct
522 1957 584 1984 illaz.
602 1956 690 1991 Atque
703 1956 864 1991 simplicitas
877 1957 928 1984 ista
943 1964 1003 1984 om-

214 2005 296 2032 nibus
314 2003 461 2037 catcgoriis
480 2002 634 2030 communis
647 2007 690 2030 est
703 2011 710 2036 ;
727 2003 801 2036 quod
812 2010 877 2030 vero
889 2011 921 2030 ex
936 2003 1005 2030 duo-

216 2050 269 2077 bus
283 2047 447 2083 quibusdam
468 2046 629 2074 coeuntibus
645 2046 804 2074 eﬂiciuntur
817 2051 844 2073 et
858 2046 1004 2081 prodeunt,

1047 1499 1172 1527 ὁπωσοῦν
1183 1498 1361 1533 συγκειμένη.
1373 1497 1462 1531 πάντη
1470 1495 1498 1522 δὲ
1507 1496 1580 1522 ἐστιν
1591 1494 1675 1529 ἁπλῆ,
1687 1493 1736 1521 καὶ
1747 1493 1845 1527 ὥσπερ

1048 1547 1065 1581 ὴ
1087 1545 1231 1572 δεσποτεία
1253 1542 1479 1578 συνδυαζομένων
1500 1541 1550 1576 μέν
1572 1548 1653 1567 τινων
1669 1539 1846 1567 ἀποτελεῖται

1050 1591 1098 1618 καὶ
1116 1590 1306 1625 ἀναφαίνεται,
1333 1591 1422 1624 πάντη
1446 1588 1474 1615 δέ
1498 1589 1571 1614 ἐστιν
1593 1586 1683 1622 ἁπλῆ,
1705 1586 1778 1613 κατὰ
1803 1586 1847 1612 τὸν

1051 1638 1131 1664 αὑτὸν
1156 1637 1256 1672 τρόπον
1274 1636 1322 1663 καὶ
1343 1635 1446 1670 ἑκάστη
1473 1634 1528 1662 τῶν
1552 1633 1583 1666 ἐξ
1604 1633 1781 1668 κατηγοριῶν
1804 1633 1848 1659 δύο

1056 1684 1107 1719 μέν
1126 1692 1208 1710 τινων
1225 1682 1369 1709 συνιόντων
1387 1680 1576 1715 ἀναφαίνεται,
1594 1679 1736 1714 οὐδέτερον
1751 1678 1782 1705 δὲ
1798 1678 1849 1705 τῶν

1054 1730 1199 1756 συνιόντων
1218 1729 1302 1761 ἐστὶν,
1324 1727 1379 1754 οὐδ’
1400 1726 1526 1754 ὁπωσοῦν
1540 1726 1569 1758 ἐξ
1582 1725 1674 1753 αὐτῶν
1690 1726 1848 1757 σύγκειται·

1053 1775 1140 1810 ταύτῃ
1157 1774 1213 1809 (l9)
1223 1775 1277 1809 ἄρα
1290 1773 1338 1800 καὶ
1352 1773 1445 1807 ἕτεραι
1460 1771 1543 1799 ἔνεισι
1558 1771 1634 1806 παρὰ
1648 1770 1698 1801 τὰς
1711 1770 1851 1805 τέσσαρας

1055 1817 1152 1853 αὗται,
1167 1820 1252 1848 ἁπλαῖ
1266 1819 1294 1846 δὲ
1308 1819 1402 1854 ὥσπερ
1415 1818 1552 1846 κάκεῖναι·
1573 1819 1620 1844 καὶ
1635 1817 1666 1843 τὸ
1689 1816 1740 1851 μὲν
1760 1816 1851 1846 ἁπλᾶς

1056 1863 1126 1893 εἶναι
1140 1865 1228 1904 κοινρν
1241 1865 1373 1896 ἁπάσαις,
1387 1863 1417 1891 τὸ
1431 1863 1461 1890 δὲ
1473 1863 1520 1890 δύο
1533 1862 1614 1890 τινῶν
1628 1861 1852 1897 συνεληλυθότων

1056 1909 1259 1944 ἀπογεννᾶσθαι
1281 1909 1329 1936 καὶ
1348 1908 1545 1943 ἀναφαίνεσθαι
1567 1907 1685 1942 μάλιστα
1710 1906 1779 1932 ῐδιον
1801 1906 1852 1932 τῶν

1057 1955 1097 1989 ἓξ.
1123 1954 1251 1986 Εἱπόντες
1281 1953 1328 1980 οὖν
1343 1954 1377 1980 τὰ.
1399 1953 1497 1985 κοινῶς
1512 1953 1701 1988 ἐνυπάρχοντα
1721 1953 1785 1983 ταῖς
1804 1951 1853 1984 ἒξ,

1057 2001 1106 2029 καὶ
1120 2001 1185 2037 περὶ
1197 2001 1261 2036 μιᾶς
1276 2000 1395 2035 ἑκάστης
1409 2000 1498 2026 αὐτῶν
1511 1999 1565 2035 ἰδίᾳ
1581 1998 1787 2034 θεωρήσωμεν·
1807 1998 1854 2024 καὶ

1058 2047 1192 2082 πρότερόν
1207 2055 1240 2082 γε
1259 2047 1326 2082 περὶ
1339 2046 1385 2074 τοῦ
1398 2046 1455 2082 (20)
1468 2047 1566 2078 ποιεῖν,
1578 2046 1630 2081 τήν
1643 2053 1673 2071 τε
1688 2045 1855 2080 ὑπογραφὴν

217 2094 244 2122 id
263 2093 382 2120 maxime
400 2099 447 2119 sex
473 2092 534 2119 istis
555 2091 707 2126 proprium.
741 2091 810 2118 Cum
831 2090 914 2126 igitur
930 2091 982 2118 (“XI

1097 2092 1143 2119 τοῦ
1160 2093 1363 2124 ὑποτυποῦντες
1374 2093 1422 2120 καὶ
1432 2092 1466 2120 τὰ
1485 2093 1543 2128 εἴδη
1558 2091 1604 2119 καὶ
1625 2092 1660 2119 τὰ
1674 2090 1741 2118 (ista:
1763 2100 1856 2125 παρα-

215 2140 304 2167 rimus
325 2138 359 2166 de
383 2137 417 2165 iis
438 2145 500 2172 qua:
522 2138 709 2165 communiter
735 2137 830 2164 insunt
855 2137 915 2165 istis
947 2145 982 2165 se:

1097 2138 1182 2174 ησίως
1194 2139 1222 2166 δὲ
1233 2139 1282 2166 καὶ
1292 2139 1339 2165 ἐπὶ
1355 2138 1410 2165 τῶν
1422 2139 1520 2166 ἄλλων.

217 2186 299 2213 etiam
328 2184 362 2212 de
386 2184 502 2219 singulis
528 2191 624 2211 earum
651 2182 767 2211 seorsim
790 2182 1010 2218 disquisitionem
1048 2185 1194 2213 instituere
1227 2186 1373 2220 volumus;
1396 2193 1429 2213 ac
1446 2186 1536 2221 primo
1554 2185 1664 2221 quidem
1680 2186 1715 2213 de
1735 2184 1855 2213 actione,

221 2233 302 2270 cujus
324 2231 549 2266 descriptionem,
569 2231 675 2265 species
694 2238 727 2258 ac
745 2231 925 2265 proprietates
940 2232 1138 2261 delineabimus
1151 2241 1160 2264 ;
1174 2233 1302 2262 similiter
1317 2241 1381 2262 vero
1400 2234 1482 2261 etiam
1499 2234 1533 2261 de
1544 2234 1662 2262 caeteris.

369 2287 535 2322 QUAESTIO
548 2287 650 2315 cxuu
667 2277 856 2324 [CLXXVllL]

525 2333 564 2361 De
584 2334 698 2360 actione.

1316 2291 1485 2318 ΕΡΩΤΗΣΙΣ
1502 2291 1592 2319 PMI”.

1322 2337 1394 2372 Περὶ
1414 2336 1468 2364 τοῦ
1487 2337 1595 2365 ποιεῖν.

754 2388 826 2414 Nunc
840 2389 946 2421 primum
959 2390 1026 2416 edita
1036 2398 1050 2416 a
1062 2391 1092 2417 D.
1105 2392 1312 2424 Hergenroether

256 2448 282 2475 ιι.
299 2447 387 2482 Agere
400 2450 442 2473 est
453 2444 593 2480 quomodo
608 2444 675 2472 libet
685 2445 806 2480 operari.
820 2445 908 2473 Habet
922 2450 1012 2474 autem

222 2494 327 2529 primas
355 2491 460 2527 species
482 2491 574 2518 duas:
591 2491 620 2518 in
639 2490 714 2518 aliud
729 2491 848 2526 operari,
865 2496 892 2518 et
906 2499 961 2519 non
984 2492 1012 2519 in

222 2540 297 2568 aliud
328 2538 457 2574 operari;
478 2537 634 2573 exemplum
666 2538 836 2573 operationis
864 2538 893 2566 in
917 2539 1012 2567 aliud:

1105 2447 1140 2474 α’.
1161 2448 1252 2475 Ποιεῖν
1268 2448 1358 2475 τοίνυν
1373 2449 1447 2476 ἔστιν
1465 2457 1497 2476 το
1508 2449 1632 2477 οπωσοῦν
1648 2450 1773 2486 ἐνεργεῖν
1791 2450 1858 2486 (21).

1070 2493 1148 2528 Ἔχει
1159 2493 1188 2519 δὲ
1203 2494 1299 2529 πρῶτα
1308 2494 1367 2530 είδη
1378 2495 1434 2521 δύο·
1443 2495 1475 2522 τό
1488 2504 1518 2522 τε
1533 2496 1572 2528 είς
1583 2495 1647 2522 ἄλλο
1661 2496 1797 2531 ἐνεργεῖν,
1814 2496 1860 2522 καὶ

1068 2539 1099 2566 τὸ
1112 2539 1150 2576 μὴ
1160 2540 1200 2572 εἰς
1210 2540 1285 2568 ἄλλο·
1299 2542 1478 2578 παράδειγμα
1490 2542 1537 2570 τοῦ
1548 2542 1598 2578 μὲν
1609 2543 1648 2575 εις
1655 2542 1721 2570 ἄλλο
1735 2544 1861 2579 ἐνεργεῖν

977 2638 1093 2668 ΝΟΤιΕ.

261 2711 318 2752 (l6)
332 2716 422 2753 Pauca
435 2717 581 2745 admodum
597 2717 631 2745 de
642 2724 690 2753 se;
700 2716 814 2753 reliquis
822 2718 1017 2753 praedicamen—

227 2751 262 2779 tis
273 2751 354 2780 habet
374 2752 534 2780 Aristoteles
561 2760 587 2780 c.
614 2753 640 2780 9.
670 2752 700 2780 ln
717 2752 790 2781 Mon.
809 2751 885 2786 cod.,
897 2761 958 2788 qua:
971 2753 1016 2780 hic

225 2793 383 2821 occurrunt,
400 2788 472 2815 haud
484 2787 621 2821 leguntur.

257 2823 315 2858 (l7)
334 2823 379 2850 Sic
392 2823 474 2858 Catii.
484 2831 490 2854 ς
502 2822 573 2858 γνιιι.
586 2822 684 2850 αὑτοῦ.

255 2857 315 2893 (18)
334 2858 394 2886 Vat.
415 2857 558 2893 οὐδετέρου
571 2857 653 2886 Catil.
668 2857 723 2885 οὐδ’
744 2857 839 2894 ἕτερον
858 2857 923 2887 Vide
936 2865 1012 2895 sequ.

1178 2721 1232 2764 ista
1244 2721 1331 2764 rauim
1349 2737 1384 2743 —-
1400 2723 1526 2750 κάκεῖναι
1538 2724 1638 2751 desunt
1658 2730 1704 2758 ap.
1721 2723 1769 2751 lat.
1786 2722 1828 2750 Cf.

1106 2756 1161 2791 (ΞΟ)
1172 2756 1236 2791 Ῠῦοί.
1248 2756 1356 2785 τούτου.

1099 2791 1158 2828 (2i)
1171 2790 1199 2818 In
1214 2792 1331 2819 Coislin.
1349 2793 1457 2821 videtur
1483 2793 1556 2822 addi.
1584 2794 1615 2820 τὸ
1630 2793 1756 2828 τύπτειν,
1774 2793 1862 2820 ααίειν

1066 2831 1094 2855 et
1113 2827 1168 2855 alia
1187 2827 1322 2862 quaedam,
1338 2833 1368 2856 ut
1381 2836 1414 2857 ex
1429 2828 1639 2858 Montefalconio
1650 2834 1735 2864 patet.
