1863 3064
55 118 96 150 ειη
464 117 514 146 AD
525 110 826 146 AMPHILOCHIUM
839 109 1013 149 QU/ESTIO
1026 109 1159 143 CXLIII.

1613 109 1667 148 802

56 176 80 202 τὸ
97 174 206 207 τύπτειν,
230 174 328 206 καίειν,
345 173 482 200 διδάσκειν
498 173 545 199 καὶ
568 173 603 199 τὰ
629 171 823 207 παραπλήσια·

918 173 1029 202 ἐιιιει-ε,
1043 169 1169 199 adurere.
1185 168 1294 202 docere,
1324 173 1351 196 et
1363 168 1481 202 similia;
1498 169 1668 205 operationis

55 221 92 248 τοῦ
103 220 127 247 δὲ
139 220 255 255 ἐνεργεῖν
266 219 316 254 μὲν
330 218 368 254 μὴ
381 220 421 250 εἰς
446 218 510 245 ἄλλο
526 219 554 245 δέ
567 227 594 245 τι
608 218 645 249 ὡς
659 217 690 244 τὸ
701 217 825 252 θεωρεῖν,

55 265 185 301 κιθαρίζειν
207 266 254 292 καὶ
274 265 311 291 ετὰ
333 265 416 299 ὃμοια
431 272 437 279 ·
457 265 590 299 ἑκάτερον
604 264 631 290 δὲ
653 263 755 290 τούτων
770 262 826 297 ἔχει

54 311 166 347 διαῳορὰς
186 311 331 346 τέσσαρας·
347 311 364 346 ἥ
390 311 445 345 γὰρ
462 310 542 345 φύσει
567 312 655 342 ποιεῖ,
668 309 706 340 ὼς
726 309 756 336 τὸ
771 308 826 344 πῦρ

55 358 192 393 θερμαίνειν
203 357 311 392 λέγεται
324 358 371 384 καὶ
382 358 412 384 τὸ
425 357 494 389 ζῶον
503 358 614 392 φωνεῖν·
626 356 641 391 ἦ
656 356 826 391 προαιρέσει,

53 405 84 434 ὡς
95 404 120 430 τὺ
131 404 290 436 πλουτίζειν,
306 405 430 430 ἐπαινεῖν
445 404 492 430 καὶ
501 402 623 436 δοξάζειν
633 409 639 416 ’
653 402 669 437 ἢ
682 402 774 438 τέχνῃ,
789 401 827 433 ὡς

53 451 77 476 τὸ
88 450 228 484 οἰκοδομεῖν
253 450 342 476 οὶκίαν
362 449 409 476 καὶ
429 450 463 475 τὰ
486 450 584 484 ὃμοια⁶
601 449 618 484 ἢ
634 448 714 484 τύχῃ,
738 448 775 479 ὡς
796 447 827 474 τὸ

53 496 112 522 λίθον
126 496 237 522 πεσόντα
250 495 352 530 πλῆξαί
361 504 424 522 τινα
441 495 457 530 ἢ
472 494 591 526 πατάξαι
605 494 622 529 ἢ
635 494 744 528 ἀφεῖναι
757 492 826 528 ἠχώ.

55 542 103 567 Ἔτι
114 541 157 567 τοῦ
175 543 261 568 ποιεῖν
283 540 331 567 τοῦ
356 541 405 576 μὲν
430 540 607 567 ὑπολείπεται
628 539 735 574 ποίημα
759 539 827 574 μετὰ

52 587 91 621 τὴν
103 587 215 621 ποίησιν,
237 584 305 618 οἷον,
331 586 369 618 ὼς
386 586 460 622 μετὰ
475 585 507 612 τὸ
531 585 683 620 οἰκοδομεῖν
699 585 715 619 ὴ
736 585 825 617 οίκία,

52 633 87 659 τοῦ
97 633 122 659 δὲ
138 633 224 660 οὐδέν’
244 634 313 669 μετὰ
325 634 380 668 γὰρ
400 633 431 659 τὸ
450 632 605 668 κιθαρίζειν
627 631 705 658 οὐδὲν
719 631 828 666 ποίημα

52 679 93 705 ἀπὸ
105 679 147 705 τοῦ
161 679 312 715 κιθαρίζειν
327 679 517 706 ὑπολείπεται.
535 676 601 704 Ἔτι
612 677 643 705 τὸ
654 678 753 709 ποιεῖν,
769 674 786 712 ἢ
798 677 827 702 ὲν

53 725 168 760 δώματιῆ
184 726 213 751 ἐν
231 725 316 761 ψυχῇ,
332 725 350 760 ἢ
367 726 396 752 ἐν
408 724 447 760 τῷ
464 723 662 759 συναμφοτέρῳ
675 723 692 758 ἢ
711 723 775 758 περὶ
794 722 828 748 τὰ

52 771 124 802 ituri,”
136 773 162 798 ἐν
176 771 252 806 ψυχῇ
268 772 329 806 μὲν,
343 771 380 803 ὡς
390 771 420 797 τὺ
433 769 596 805 διδάσκειν-ἢ
613 769 713 801 ἐθίζειν
727 768 828 803 ἀρετήν

50 825 98 843 τινα
117 817 131 851 ἢ
146 817 257 844 κακίαν·
272 818 301 843 ὲν
314 816 422 852 σώματι
443 817 483 849 δὲ,
494 817 532 847 ὡς
546 816 577 842 τὸ
596 815 695 847 καίειν,
707 815 826 850 τέμνειν·

50 863 72 888 ἐν
82 863 115 897 τῷ
126 863 323 898 συναμφοτέρῳ
339 863 379 893 δὲ,
390 863 429 894 ὼς
440 863 471 889 τὸ
485 860 620 896 ὑγιάζειν
633 860 681 887 τοῦ
694 860 827 894 συνάμφω

50 909 93 942 γὰρ
105 908 179 935 τοῦτο
191 909 240 935 καὶ
253 908 316 935 οὕτε
326 908 375 942 τῆς
384 908 475 943 ψυχῆς
487 907 549 935 οὔτε
563 907 618 942 ίδίᾳ
627 905 674 933 τοῦ
688 903 825 940 ιιώμςῖιτοις⁹

51 955 103 988 περὶ
115 955 140 981 δὲ
160 955 196 982 τὰ
219 955 298 986 ἐκτὸς
310 975 317 987 ,
339 954 378 986 ὡς
400 954 431 981 τὸ
444 953 599 984 πλουτίζειν
616 953 662 979 καὶ
677 952 712 979 τὰ
734 952 826 987 ὃμοια.

51 1001 100 1026 Ἔτι
113 1001 142 1027 τὸ
156 1002 246 1028 ποιεῖν
260 1001 277 1036 ἢ
294 1000 468 1027 τελειωτικόν
483 1001 558 1027 ἐστιν
575 999 592 1035 ἦ
606 998 767 1033 φθαρτικόν·
782 1006 827 1024 τε·

50 1044 174 1073 λειωτικὺν
189 1047 251 1081 μὲν,
267 1046 305 1078 ὡς
320 1047 351 1072 τδ
368 1045 494 1080 ὑγιάζειν
507 1053 513 1060 '
527 1044 677 1079 φθαρτικὸν
694 1042 734 1074 δὲ,
747 1042 787 1074 ὡς
797 1041 829 1068 τὸ

50 1093 144 1128 νοσερὸν
165 1093 392 1128 παρασκευάζειν
412 1091 444 1119 τὸ
464 1092 555 1127 σῶμα.
573 1090 632 1116 ΙΈτι
654 1089 684 1116 τὺ
702 1090 790 1115 ποιεῖν
810 1087 827 1124 ἢ

50 1138 155 1165 τοιοῦτον
170 1139 315 1171 ἀποτελεῖ,
330 1137 441 1173 οἷόνπερ
456 1138 531 1164 ἐστιν
544 1137 649 1168 ἐκεῖνο,
663 1134 701 1166 ὡς
721 1134 752 1160 τὸ
766 1133 829 1168 Θερ-

52 1185 131 1217 μαῖνον
145 1184 246 1220 θερμὺν
256 1184 273 1219 ἢ
286 1185 316 1210 οὐ
327 1183 460 1215 τοιοῦτον,
474 1182 570 1217 ὥσπερ
584 1181 615 1207 τδ
623 1180 721 1216 τέμνον
731 1179 827 1214 τομήνο

50 1230 69 1254 εί
80 1230 104 1256 δὲ
115 1230 202 1261 τοῦτο,
220 1231 361 1265 σύστοιχον
375 1229 404 1256 δέ
421 1228 531 1264 ἐστιτῷ
544 1227 667 1254 ποιοῦντι
682 1226 713 1253 τὸ
731 1226 827 1256 ποιεῖν,

50 1276 126 1303 καὶτὸ
143 1278 232 1304 ποιεῖν
243 1276 298 1311 ἄρα
312 1276 442 1310 τοιαύτην
456 1274 513 1309 ἕξει.
526 1273 671 1308 διαφοράν.

878 223 955 247 νει-ο,
973 223 1034 249 qua:
1056 222 1110 241 non
1135 213 1165 241 ﬁt
1186 214 1213 241 in
1229 214 1314 248 aliud,
1339 215 1532 250 contemplari,
1563 216 1669 243 cithara

879 268 991 293 canere,
1003 266 1029 288 et
1043 261 1096 288 alia
1122 260 1291 295 huiusmodi.
1318 261 1472 296 Utrumque
1488 268 1555 289 vero
1571 261 1669 289 horum

879 307 960 335 habet
971 308 1142 335 diﬂ'ercntias
1156 313 1274 342 quatuor
1285 317 1293 342 ;
1304 308 1346 335 vel
1357 309 1430 335 enim
1444 313 1542 336 natura
1555 308 1622 344 agit.
1640 313 1671 336 ut

878 353 950 388 ignis
961 354 1112 382 calefacere
1128 354 1231 381 dicitur
1246 359 1273 382 et
1296 355 1397 382 animal
1414 362 1512 382 sonum
1531 355 1668 388 emittere,

879 400 920 426 vel
933 400 1058 431 arbitrio,
1075 401 1224 429 ntdivitem
1233 401 1334 434 facere,
1345 401 1458 428 laudare
1472 406 1499 428 et
1509 401 1667 435 celebrare;

878 445 920 472 vel
935 450 1003 478 arte,
1025 451 1053 473 ut
1072 447 1183 474 domum
1199 447 1346 480 aedificare,
1362 452 1389 474 et
1403 447 1522 481 similia;
1540 447 1581 474 vel
1604 455 1671 475 casu

879 498 927 518 seu
943 491 1064 524 fortuito.
1079 498 1108 519 ut
1122 493 1240 528 lapidem
1255 494 1396 521 cadentem
1410 493 1556 520 verberare
1574 501 1671 529 quem-

878 537 942 563 dam
960 538 1002 564 vel
1017 537 1146 572 plaudere
1158 538 1286 566 manibus
1306 538 1348 566 vel
1365 539 1434 566 echo
1448 539 1583 567 emittere.
1596 538 1670 567 Prte-

879 584 951 609 terea
969 583 1043 610 aliud
1060 588 1103 611 est
1118 591 1210 619 agere,
1224 585 1299 619 quod
1315 585 1448 621 relinquit
1461 590 1523 620 post
1533 586 1671 613 actionem

878 627 1016 661 cﬁ‘eetum,
1034 630 1118 656 veluti
1132 635 1193 664 post
1204 630 1413 659 aediﬁcationem
1425 631 1523 659 domus
1534 636 1671 667 superest.

879 673 951 700 aliud
985 675 1058 708 quod
1087 675 1192 702 nullum
1209 676 1337 703 elIeetnm
1364 681 1425 711 post
1454 684 1485 704 se
1515 677 1670 713 relinquit;

879 723 1024 753 postquam
1040 720 1114 747 enim
1129 721 1235 748 cithara
1267 723 1432 754 cecinimus.
1449 723 1542 751 nullus
1558 723 1672 752 eﬂ‘ectns

880 764 962 799 hujus
976 767 1142 800 operationis
1167 767 1343 803 relinquitur.
1360 769 1457 797 Adhuc
1472 777 1553 805 agere
1571 771 1614 798 vel
1630 774 1673 798 est

880 809 906 837 in
923 818 1038 846 corpore
1055 814 1096 839 vel
1109 812 1135 839 in
1148 814 1239 840 anima
1258 814 1299 841 vel
1315 814 1341 841 in
1359 815 1505 850 utriusque
1531 817 1672 844 consortio

881 857 923 884 vel
938 857 1010 884 circa
1037 866 1068 885 ea
1092 866 1154 894 quae
1176 864 1241 887 sunt
1256 861 1289 887 ad
1307 865 1384 888 extra
1398 869 1406 888 :
1419 861 1446 888 in
1475 862 1580 893 aninta.
1598 863 1674 891 velut

882 903 980 930 docere
993 903 1033 930 vel
1047 903 1191 932 instituere
1209 905 1329 940 aliquem
1352 907 1453 934 virtute
1483 907 1524 934 vel
1539 908 1606 935 vitio
1620 917 1628 941 ;
1645 908 1673 936 in

887 956 1015 984 corpore,
1034 950 1246 983 utcomburere,
1265 959 1378 984 secare:
1402 953 1429 980 in
1447 953 1592 989 Utriusque
1604 962 1674 982 cou-

884 994 989 1024 sortio,
1006 999 1035 1020 ut
1059 1002 1159 1023 sanare
1175 996 1239 1030 (hoc
1259 997 1332 1024 enim
1349 999 1382 1024 ad
1399 1002 1546 1034 utrumque
1556 1004 1672 1034 spectat,

883 1046 972 1073 neque
990 1039 1105 1066 scorsim
1126 1041 1226 1068 animas
1254 1048 1305 1076 est,
1329 1051 1418 1078 neque
1429 1045 1565 1080 corporis)
1579 1053 1587 1078 ;
1600 1045 1673 1073 circa

882 1091 913 1111 ea
928 1092 989 1119 quae
1011 1086 1045 1112 ad
1058 1091 1148 1119 extra,
1165 1092 1194 1114 ut
1206 1088 1317 1116 divitem
1328 1089 1417 1118 facere
1429 1095 1456 1118 et
1470 1091 1583 1119 similia.
1601 1091 1674 1119 Rur-

882 1136 944 1157 sum
965 1138 1046 1165 agerc
1071 1131 1114 1158 vel
1132 1132 1312 1167 perfectivutn
1341 1139 1383 1163 est
1408 1137 1450 1164 vel
1473 1138 1672 1172 corruptivum,

883 1176 1075 1211 perfectivum,
1091 1178 1176 1206 veluti
1202 1187 1322 1214 sanare;
1352 1183 1554 1217 corruptivum,-
1589 1183 1673 1211 veluti

883 1227 1014 1258 aegrotum
1030 1223 1146 1252 reddere
1161 1233 1273 1261 corpus.
1293 1227 1418 1264 Denique
1437 1237 1518 1264 agere
1531 1230 1572 1258 vel
1588 1231 1668 1259 talent

886 1268 1013 1296 eﬂ'ectuin
1028 1269 1120 1304 efﬁcit,
1136 1271 1217 1306 quale
1234 1272 1301 1300 illud
1325 1273 1416 1308 ipsum
1444 1281 1497 1309 est,
1518 1281 1547 1303 ut
1571 1276 1674 1304 calefad

50 1325 113 1354 ciens
131 1326 196 1354 facit
211 1326 345 1358 calidum,
363 1326 404 1353 vel
420 1333 474 1352 non
504 1325 599 1356 talem,
613 1324 685 1351 sieut
709 1329 808 1350 secans
827 1320 996 1352 sectionem;
1017 1318 1040 1345 si
1052 1327 1116 1346 vero
1130 1320 1167 1347 ila
1181 1325 1235 1352 est,
1247 1321 1417 1356 respondens
1433 1330 1498 1350 vero
1527 1328 1571 1351 est
1603 1329 1676 1352 actio

50 1374 138 1407 agenti,
164 1382 232 1410 ergo
248 1381 331 1409 agere
342 1381 453 1408 quoque
478 1373 602 1400 eamdem
628 1371 808 1399 diﬂ'erentiatn
830 1367 950 1395 habebit.

81 1419 110 1455 β’.
131 1422 303 1456 Ἐπιδέχεται
328 1421 357 1447 δὲ
380 1421 412 1447 τὸ
438 1421 525 1447 ποιεῖν
546 1419 578 1446 τὸ
605 1419 705 1454 μᾶλλον
728 1417 775 1445 καὶ
799 1416 829 1443 ’τὸ

50 1463 133 1500 ἥττον’
152 1465 313 1501 θερμαίνειν
329 1465 382 1500 γὰρ
398 1465 455 1491 ἐστι
473 1464 574 1500 μᾶλλον
591 1464 639 1491 καὶ
661 1461 743 1498 ἦττον
754 1471 761 1477 ·
782 1462 829 1488 καὶ

50 1511 132 1546 ψύχειν
153 1512 287 1543 ὡσαύτως
298 1520 304 1526 ·
320 1512 371 1538 οὐκ
384 1511 431 1538 ἐπὶ
448 1512 515 1537 πᾶσι
529 1510 559 1537 δὲ
572 1510 651 1536 τοῦτο
665 1508 807 1544 συμϐαίνει
821 1517 827 1522 ·

50 1558 91 1582 οὐκ
103 1558 157 1584 ἐστι
173 1559 230 1593 γὰρ
246 1557 397 1593 οἰκοδομεῖν
419 1557 519 1592 μᾶλλον
545 1556 591 1583 καὶ
613 1554 706 1592 ἦττον,
724 1555 829 1590 βέλτιον

53 1605 130 1638 μέντοι
146 1606 162 1640 ἢ
179 1607 273 1640 χεῖρον
290 1605 363 1631 ἐστιν
385 1605 549 1639 οἰκοδομεῖν,
568 1603 700 1639 Δεύτερον
720 1602 748 1629 δὲ
764 1602 829 1628 ίδιον

51 1649 89 1675 τοῦ
102 1652 184 1677 ποιεῖν
196 1651 230 1677 τὴ
245 1649 316 1685 ἔχειν
329 1650 506 1683 ἐναντιότητα
515 1657 522 1664 ·
544 1648 593 1675 καὶ
605 1648 659 1683 γὰρ
672 1648 702 1674 τὺ
715 1647 829 1683 θερμαί-

52 1705 97 1723 νειν
123 1698 246 1726 ἐναντίον
271 1697 330 1723 ἐστὶ
356 1697 394 1732 τῷ
418 1696 525 1731 ψύχειν,
546 1696 594 1722 καὶ
624 1695 655 1721 τὸ
682 1694 776 1721 λυπεῖν
790 1693 830 1729 τῷ

53 1742 144 1776 ἡδύνειν
155 1753 161 1759 ·
171 1744 224 1770 οὐκ
241 1744 288 1769 ἐπὶ
303 1742 411 1769 πολλῶν
425 1742 454 1768 δὲ
470 1741 550 1768 τοῦτο
561 1750 592 1767 συ
598 1740 711 1776 μϐαῖνον
727 1739 776 1766 ἴδοι
788 1748 830 1770 τις

53 1788 92 1813 ἄν’
107 1790 144 1825 τῷ
157 1790 212 1826 γὰρ
235 1789 346 1823 τέμνειν
365 1788 381 1823 ἢ
398 1787 485 1814 καίειν
500 1787 516 1823 ἢ
537 1788 593 1819 τοῖς
609 1786 741 1816 τοιούτοις
754 1785 831 1811 οὐδέν

52 1834 113 1861 ἐστιν
125 1836 259 1864 ἐναντίον.
276 1835 372 1871 Τρίτον
389 1835 453 1861 ἴδιον
468 1835 497 1860 τὸ
512 1833 613 1869 ὁμοίως
633 1832 763 1867 λέγεσθαι
783 1831 832 1857 καὶ

51 1879 188 1914 ἀνομοίως·
207 1881 309 1917 ὁμοίως
328 1881 382 1916 γὰρ
397 1879 556 1915 θερμαίνειν
573 1879 690 1913 λέγομεν
717 1877 764 1903 καὶ
781 1876 831 1902 ἀν-

52 1925 153 1959 ιμοίως,
170 1926 218 1953 καὶ
236 1925 359 1959 ὑγιάζειν
385 1924 485 1960 ὁμοίιος
502 1923 548 1950 καὶ
560 1921 705 1958 ἀνομοίως,
735 1920 780 1946 καὶ
792 1920 833 1946 οἰ-

52 1971 162 2005 κοδομεῖν
177 1973 282 2007 ὁμοίως
297 1971 343 1997 καὶ
357 1970 494 2005 ἀνομοίως
524 1969 571 1996 καὶ
583 1967 677 2003 σχεδὸν
693 1966 776 1993 παντὶ
794 1964 834 2000 τῷ

52 2019 125 2043 ποιεῖν
142 2018 296 2053 ἐφαρμόζει
320 2017 399 2043 τοῦτο
417 2017 446 2042 τὸ
465 2016 530 2042 ἴδιον
541 2023 547 2030 ·
566 2015 590 2041 εἰ
620 2015 667 2040 καὶ
685 2012 723 2048 μὴ
739 2012 812 2047 μόνῳ
824 2017 832 2026 ⁸

54 2062 156 2097 ἁρμόζει
180 2065 239 2099 γὰρ
257 2064 304 2090 καὶ
320 2063 359 2097 τῲ
375 2065 500 2097 πάσχειν.
520 2061 655 2095 Τέταρτον
671 2059 736 2085 ἴδιον
750 2057 779 2084 τὺ
796 2057 835 2092 μὴ

53 2109 104 2134 καθ’
118 2110 164 2136 Eva.
176 2110 280 2145 τρόπον
295 2108 446 2142 ἀνάγεσθαι
459 2108 492 2134 τὰ
509 2107 554 2133 ὑπ’
567 2105 652 2141 αὐτὴν
668 2105 833 2139 ἀναγόμενα·

53 2155 76 2181 τὸ
98 2156 145 2190 μὲν
164 2157 222 2190 γὰρ
249 2155 422 2189 θερμαίνειν,
433 2153 548 2189 πρώτως
574 2152 706 2186 ἀνάγεται
730 2150 783 2177 ὑπὸ
805 2149 837 2176 τὺ

53 2203 128 2228 ποιεῖν
143 2203 191 2228 καὶ
206 2202 266 2228 ἔστι
282 2201 313 2236 δὴ
338 2200 442 2236 κυρίως
469 2199 573 2225 ποιεῖν·
599 2197 630 2224 τὸ
644 2197 673 2224 δὲ
689 2197 835 2232 θερμαῖνον

51 2247 189 2282 ἀνάγεσθαι
203 2247 315 2281 λέγεται
329 2247 382 2273 ὑπὸ
396 2245 427 2272 τὸ
441 2246 541 2276 ποιεῖν,
553 2244 594 2270 ὅτι
609 2243 725 2279 πρώτως
738 2243 790 2270 ὑπὸ
804 2243 834 2269 τὺ

918 1416 945 1442 '2.
968 1416 1093 1444 Admittit
1107 1420 1196 1443 autem
1213 1422 1294 1451 agere
1316 1417 1403 1451 magis
1415 1421 1442 1444 ct
1460 1417 1572 1452 minus;
1603 1420 1677 1448 rale-

883 1460 974 1489 facere
987 1463 1060 1490 enim
1075 1463 1179 1497 aliquid
1193 1467 1282 1496 potest
1304 1463 1391 1498 magis
1404 1464 1445 1491 vel
1470 1465 1573 1498 minus,
1594 1471 1621 1493 et
1637 1466 1676 1494 si-

884 1508 984 1535 militer
1001 1508 1172 1544 refrigerare.
1189 1508 1248 1537 Non
1265 1517 1332 1536 vero
1349 1509 1376 1536 in
1389 1511 1519 1539 omnibus
1544 1512 1596 1540 hoc
1610 1521 1675 1541 eve-

885 1554 943 1587 nit;
957 1563 1018 1582 nam
1033 1555 1105 1582 haud
1121 1560 1210 1590 potest
1221 1555 1283 1590 quis
1302 1555 1441 1584 aedificare
1458 1557 1571 1585 domum
1589 1560 1676 1595 magis

882 1605 908 1627 et
930 1601 1031 1633 minus,
1051 1602 1150 1629 melius
1167 1607 1256 1629 tamen
1274 1606 1301 1629 et
1327 1602 1405 1636 pejus
1418 1603 1553 1632 aediﬁcare
1572 1611 1674 1640 potest.

879 1647 971 1674 Altera
985 1649 1137 1682 proprietas
1151 1647 1268 1675 actionis
1278 1652 1331 1678 est.
1344 1649 1417 1683 quod
1430 1649 1674 1679 habetcontrarie-

880 1698 961 1720 latent
975 1702 983 1727 ;
999 1702 1062 1720 nam
1075 1694 1223 1722 calefacere
1237 1700 1261 1721 ct
1280 1694 1440 1730 frigefacere
1448 1696 1587 1723 contraria
1598 1689 1675 1729 sunt.

881 1746 913 1766 ac
931 1740 1031 1772 pariter
1043 1740 1202 1767 contristari
1217 1745 1244 1767 et
1270 1740 1436 1768 exhilarare.
1453 1740 1512 1768 Non
1526 1742 1553 1768 in
1582 1743 1676 1771 multis

883 1791 950 1811 vero
966 1784 990 1811 id
1008 1786 1119 1812 evenire
1129 1786 1191 1820 quis
1206 1790 1302 1813 cernet
1316 1794 1324 1818 ;
1341 1794 1404 1813 nam
1422 1794 1516 1814 secare
1537 1789 1578 1816 vel
1595 1797 1676 1818 urere

883 1829 926 1856 vel
945 1829 1044 1856 similia
1059 1830 1125 1857 nihil
1142 1831 1242 1858 habent
1253 1831 1434 1858 contrarium.
1452 1831 1543 1861 Tertia
1553 1836 1676 1869 proprie-

885 1880 927 1902 tas
943 1875 1060 1902 actionis
1082 1880 1135 1909 est,
1152 1877 1226 1912 quod
1245 1877 1329 1904 simili
1355 1881 1382 1904 et
1397 1877 1525 1906 dissimili
1540 1881 1621 1908 modo
1634 1881 1676 1908 di-

886 1921 957 1949 citur
971 1930 978 1954 ;
1006 1922 1134 1949 similiter
1157 1923 1231 1950 enim
1248 1922 1400 1951 calefacere
1418 1924 1536 1953 dicitnus
1552 1930 1580 1953 et
1594 1927 1676 1954 dissi-

885 1967 999 2000 militer,
1016 1972 1042 1995 et
1063 1976 1162 1996 sanum
1181 1970 1296 1996 reddere
1312 1970 1439 1998 similiter
1450 1975 1477 1998 ct
1493 1971 1685 2006 dissimiliter,,

885 2019 912 2041 et
926 2014 1037 2041 domum
1050 2015 1186 2043 aedificare
1201 2015 1328 2044 similiter
1336 2021 1364 2043 et
1378 2017 1565 2050 dissimiliter;
1583 2023 1609 2046 et
1621 2019 1678 2047 fere

886 2061 960 2088 omni
975 2062 1077 2088 actioni
1094 2061 1152 2089 hazc
1163 2062 1318 2097 proprietas
1326 2064 1466 2095 convenit.
1480 2064 1531 2091 etsi
1548 2072 1603 2092 non
1615 2066 1677 2098 soli;

887 2115 951 2134 nam
972 2108 1100 2135 convenit
1119 2116 1231 2144 quoque
1251 2109 1384 2144 passioni.
1402 2109 1506 2143 Quarta
1521 2112 1677 2146 proprietas

887 2159 939 2185 est,
959 2155 1032 2189 quod
1048 2163 1101 2181 non
1114 2156 1264 2183 secundum
1280 2163 1364 2182 unum
1374 2156 1485 2183 modum
1499 2157 1532 2184 ad
1544 2158 1678 2186 actionem

888 2200 1047 2228 referuntur
1061 2209 1092 2228 ea
1107 2210 1168 2237 quae
1190 2202 1224 2230 ad
1241 2202 1314 2229 illam
1327 2202 1508 2230 reducttntur.
1524 2203 1680 2232 Calefacere

890 2246 964 2273 enim
977 2248 1109 2281 primario
1119 2248 1170 2275 sub
1178 2247 1312 2276 actionem
1325 2248 1466 2275 reducitur
1476 2254 1505 2275 et
1517 2254 1558 2276 est
1573 2251 1681 2284 proprie

51 2293 135 2320 ποιοῦν
157 2295 293 2328 ἀνάγεται
308 2313 315 2326 ,
332 2293 402 2327 ὅπερ
417 2292 476 2318 ἐστὶ
498 2290 640 2325 σύστοιχον
656 2289 704 2316 τοῦ
724 2290 812 2316 ποιεῖν

918 2301 987 2327 me;
1005 2294 1170 2322 calefaciens
1179 2302 1246 2322 vero
1261 2295 1293 2322 ad
1305 2295 1442 2323 actionem
1459 2295 1552 2323 reduci
1568 2297 1680 2329 dicitur,

53 2338 173 2371 ὼςαύτως
187 2340 218 2367 δὲ
231 2340 279 2366 καὶ
294 2339 324 2366 τὸ
339 2338 479 2374 θερμῆναν
490 2336 546 2373 (22)
560 2336 707 2371 ἀνάγεσθαι
728 2336 837 2370 λέγεται

52 2385 95 2411 ὑπὸ
109 2387 138 2413 τὸ
153 2388 261 2419 ποιεῖν,
279 2387 320 2413 ὅτι
337 2386 389 2412 ὑπὸ
413 2385 444 2412 τὺ
470 2385 587 2419 ποιῆσαν
603 2383 719 2419 πρώτως
733 2383 835 2417 ἀνάγε-

51 2439 98 2464 ται,
113 2433 126 2459 ὃ
141 2433 191 2459 καὶ
208 2432 276 2459 αὐτὸ
301 2431 443 2466 σύστοιχόν
457 2431 516 2456 ἐστι
533 2429 580 2456 τοῦ
605 2430 693 2456 ποιεῖν
703 2437 709 2444 ·
724 2429 771 2456 καὶ
788 2429 835 2455 ἐπὶ

51 2476 95 2503 τῶν
119 2478 209 2505 ἄλλων
237 2477 385 2509 ὡσαύτωςο
407 2477 454 2503 καὶ
476 2476 549 2511 ἔχεις
565 2475 690 2502 ἐντεῦθεν
710 2475 739 2501 ὲν
754 2474 835 2508 πορί-

53 2531 144 2558 vitam;
176 2525 274 2560 μοίρᾳ,
301 2525 342 2551 ὅτι
372 2523 403 2550 οὑ
425 2521 643 2557 κατηγοροῦνται
669 2521 777 2552 πάντως
807 2521 834 2547 al

52 2571 207 2605 κατηγορίαι
233 2569 271 2601 ὡς
293 2569 328 2596 τὰ
346 2569 412 2604 γένη
428 2569 475 2595 καὶ
491 2568 526 2594 τὰ
548 2567 621 2601 εῐδη·
640 2566 701 2592 ἐπεὶ
723 2566 782 2597 πῶς
800 2565 834 2592 ἂν

52 2613 100 2642 οἶόν
113 2625 141 2643 τε
154 2615 172 2654 ᾖ
186 2617 279 2650 λέγειν
294 2616 324 2643 τὸ
349 2615 496 2650 θερμαῖνον
511 2613 559 2640 καὶ
573 2613 603 2640 τὸ
625 2611 767 2647 θερμῆναν
781 2611 833 2638 ὑπὸ

52 2659 77 2686 τὸ
90 2664 173 2688 ποιεῖν
189 2661 361 2695 ἀνάγεσθαι;
383 2661 425 2686 ὅτι
439 2660 468 2686 δὲ
483 2659 535 2685 ὑπὸ
556 2657 660 2693 ταύτην
684 2658 832 2692 ἀνάγονται

52 2707 93 2740 τὴν
114 2708 285 2743 κατηγορίαν
318 2707 352 2734 τὰ
377 2706 511 2742 εἰρημένα
525 2725 532 2737 ,
556 2705 636 2740 δῆλον
658 2704 834 2739 προχειριζο-

54 2755 116 2789 ιιίνῳ
131 2756 181 2786 τὰς
198 2755 283 2786 ἄλλας
295 2753 463 2789 κατηγορίας
476 2760 482 2766 ·
500 2752 531 2778 τὸ
543 2751 597 2787 γὰρ
613 2751 759 2787 θερμαῖνον
770 2749 832 2777 οὔτε

890 2339 955 2373 quia
979 2339 1072 2374 primo
1097 2339 1132 2367 ad
1147 2347 1231 2376 agens
1249 2340 1377 2374 refertur,
1409 2340 1482 2375 quod
1508 2341 1611 2368 actioni
1637 2346 1682 2368 est

887 2385 1057 2420 respondens
1086 2385 1171 2421 (quod
1199 2387 1303 2420 pariter
1337 2388 1364 2414 in
1389 2387 1485 2414 eodem
1511 2391 1554 2415 est
1579 2395 1680 2422 genere

889 2435 971 2466 atque
986 2431 1070 2466 actio)
1087 2441 1094 2459 :
1109 2433 1150 2460 sic
1170 2433 1272 2467 pariter
1292 2433 1320 2461 id
1338 2433 1412 2468 quod
1434 2432 1558 2461 calefecit
1580 2433 1678 2460 referri

887 2477 989 2503 dicitur
1003 2477 1037 2504 ad
1055 2485 1147 2512 agere,
1163 2478 1230 2513 quia
1247 2479 1384 2513 primario
1398 2478 1433 2506 ad
1449 2479 1476 2506 id
1488 2478 1558 2514 quod
1574 2479 1628 2514 egit
1639 2487 1681 2507 re-

889 2522 984 2554 fertur,
1004 2523 1078 2558 quod
1094 2528 1122 2551 et
1150 2523 1240 2559 ipsttm
1257 2525 1428 2560 respondens
1442 2529 1485 2552 est
1495 2524 1530 2552 ad
1538 2532 1637 2560 agerc;
1655 2530 1683 2552 et

889 2568 930 2596 sic
942 2569 1044 2603 pariter
1063 2569 1091 2596 in
1103 2570 1223 2599 eaateris.
1238 2570 1358 2599 'Exinde
1377 2572 1464 2598 habes
1482 2571 1570 2598 instar
1584 2571 1676 2598 corol-

888 2612 961 2646 larii,
978 2615 1050 2650 quod
1066 2615 1139 2643 haud
1155 2616 1340 2651 praedicantur
1360 2617 1477 2644 omnino
1490 2617 1638 2652 categorias
1652 2621 1683 2644 ut

888 2667 987 2695 genera
1001 2667 1028 2690 et
1041 2663 1158 2697 species;
1168 2663 1390 2698 quandoquidem
1404 2663 1545 2698 quomodo
1554 2663 1683 2691 tunc~dici

887 2711 990 2741 posset,
1022 2708 1047 2735 id
1065 2710 1136 2744 quod
1157 2708 1282 2738 calefacit
1293 2710 1334 2736 vel
1344 2709 1469 2738 calefecit
1485 2710 1518 2738 ad
1543 2718 1622 2746 agere
1638 2717 1683 2737 re-
1729 2744 1736 2748 _

887 2750 966 2781 ferri?
980 2755 1052 2790 quod
1062 2763 1125 2783 vero
1138 2755 1170 2784 ad
1183 2755 1254 2784 hanc
1261 2757 1426 2792 categoriam
1443 2756 1600 2784 referuntur
1614 2764 1682 2792 prae-

588 2804 602 2819 “
805 2807 911 2837 ΝΟΤΑΕ
916 2829 923 2838 .

84 2848 135 2883 (i2)
155 2847 217 2876 Vat.
238 2847 385 2884 θερμᾶναν.
410 2849 458 2882 Ap.
473 2847 620 2882 Οερίιῆναν.

217 2897 353 2928 Ριιτιιοι..
372 2897 431 2926 Gn.
457 2896 505 2926 Cl.

1469 2892 1506 2924 26
