1863 3064
60 114 99 146 805
468 111 516 142 AD
533 112 830 143 AMPIIILOCHIUM
848 113 1022 148 QUIESTIO
1038 115 1160 150 CXLIV,
1179 114 1287 145 CXLV.

1602 110 1655 146 806

60 169 79 194 δὲ
89 166 185 202 πρώτως
195 166 231 198 εἰς
243 165 301 202 εἴδη
318 165 360 199 ἓξ,
369 166 408 198 εἵς
424 175 454 193 τε
470 167 499 193 τὸ
512 168 567 194 ἄνω
579 165 650 194 εἶναι
666 168 714 195 καὶ
725 169 812 202 κάτω,

909 171 1015 205 species
1031 178 1089 204 sex,
1100 170 1227 198 videlicet
1237 171 1264 197 iu
1277 177 1360 205 supra
1380 178 1442 198 esse
1455 175 1483 198 et
1496 170 1567 198 infra
1583 177 1655 203 esse,

58 212 113 249 δεξιᾷ
131 221 156 238 τε
177 213 220 239 καὶ
245 212 398 247 ἀριστερᾷ,
427 212 580 248 ἔμπροσοεν
608 214 654 240 καὶ
676 213 787 240 ὄπισθεν
801 223 808 229 ·

58 258 147 284 ἕκαστον
158 257 183 284 δὲ
198 257 297 284 τούτων
313 258 329 293 ἥ
346 259 441 293 πόρρω
462 259 535 284 ἐστὶν
553 259 568 294 ἢ
585 259 684 293 ἐγγύς·
701 260 740 286 ἔτι
754 260 810 294 δὲῆ

57 306 77 331 ἐν
87 304 170 339 πρώτῳ
185 304 199 339 ἢ
215 305 242 330 ἐν
257 303 375 339 δευτέρῳ
386 312 393 319 ·
410 304 483 338 λέγω
503 304 531 331 δὲ
544 306 572 331 ἐν
590 305 690 340 πρώτῳ
709 306 759 340 μὲν
773 304 813 333 εἶ-

57 358 88 375 ναι
100 349 125 375 τὺ
139 349 219 383 σῶμα,
238 349 302 375 ὅταν
323 350 352 375 ἐν
369 350 418 385 ἴσῳ
432 351 507 385 τόπῳ
525 350 608 377 αὐτοῦ
624 350 652 387 ᾗ,
671 352 716 377 καὶ
733 352 770 387 μὴ
783 353 812 379 ἐν

57 394 136 429 μείζονι
151 395 355 430 περιεχόμενον·
382 396 411 422 ἐν
429 395 548 432 δευτέρῳ
569 397 607 430 δὲ,
624 398 689 424 ὅταν
706 399 734 425 ἐν
751 399 812 434 μεί-

56 441 111 472 ζονι·
127 441 185 467 καθό
206 449 295 476 φαμεν
313 441 336 467 εἰ
352 441 429 476 τύχοι
444 442 489 468 τὸν
507 443 657 478 Σωκράτην
673 445 702 470 ἐν
718 445 751 480 τῇ
771 446 812 471 οξ-

57 486 91 521 κίᾳ
103 484 160 512 εἶναι
174 487 188 522 ἢ
209 488 236 513 ἐν
257 488 289 522 τῇ
313 487 399 514 πόλει.
418 488 478 514 Ἐτι
495 488 542 514 τοῦ
559 489 611 516 ποῦ
635 489 727 522 ἰδικῶς
741 491 813 526 λαμ-

56 532 177 567 εινομένου
202 533 231 559 τὸ
258 533 309 568 μὲν
337 533 420 560 αὑτοῦ
447 534 528 568 φύσει
550 534 672 570 λέγεται,
693 537 761 572 ὅπερ
782 538 813 564 τὸ

57 578 105 604 αὐτὸ
119 579 156 605 ἀεὶ
170 580 278 610 νοεῖται,
300 577 356 606 οἷον
379 579 408 606 τὸ
425 580 470 606 τὸν
491 581 605 616 οὐρανὸν
622 582 678 609 ἄνω
699 582 768 610 εἶναι
789 585 813 619 (6

56 625 95 659 γὰρ
105 627 174 657 τόπος
186 626 268 653 αὑτοῦ
278 627 344 662 πρὸς
358 627 388 653 ἓν
403 628 436 661 γέ
450 637 476 654 τι
491 629 658 664 τεταγμένος
673 630 729 665 (26)
739 631 814 658 κάτω

55 670 140 704 λέγεται
156 673 241 707 μόνον,
259 674 332 707 λέγω
346 673 378 708 δὴ
394 674 462 708 πρὸς
474 673 521 700 τὸν
537 674 588 708 τῆς
605 676 657 710 γῆς
673 676 754 711 μόνον
766 677 812 704 τό-

55 717 142 753 πιν)·ἢ
162 718 189 744 οὐ
213 719 294 753 φύσει
307 739 314 751 ,
331 719 400 745 ἀλλὰ
415 719 487 746 κατὰ
511 720 697 756 συμὸεϐηκὸς,
723 722 760 754 ὡς
783 722 814 749 τὸ

54 762 105 792 ζῶον
125 765 174 791 ἄνω
188 764 313 799 λέγεσθαι
329 766 399 792 κατὰ
418 766 468 801 τὴν
484 766 530 793 τοῦ
545 767 620 793 οἴκου
635 767 752 804 ὀροφήν·
769 768 814 794 δύ-

53 815 112 833 urat
128 808 177 844 γὰρ
192 810 278 836 ταῦτα
293 810 350 846 (27)
367 811 414 837 καὶ
426 811 482 838 ἄνω
496 811 626 846 λέγεσθαι
651 813 700 839 καὶ
727 813 811 845 κάτω,

52 853 102 887 πρὸς
113 854 168 880 ἄλλο
181 856 274 890 μέντοι
290 857 339 883 καὶ
357 857 421 884 ἄλλο
436 857 642 893 λαμϐανόμενα.

865 215 898 242 ad
910 215 1049 243 dexteram
1064 221 1090 243 et
1101 215 1134 242 ad
1147 215 1253 248 laevam,
1273 219 1334 243 ante
1343 220 1369 242 et
1381 221 1455 243 retro
1468 215 1542 255 (ante
1554 213 1657 251 aliquid

865 266 921 291 eta
938 267 1013 297 tergo
1037 262 1187 298 alicujus);
1217 261 1432 298 unumquoque
1467 264 1533 290 vero
1563 264 1659 289 eorum

866 312 914 335 aut
925 308 1021 343 procul
1036 308 1166 344 (eminus)
1181 312 1229 335 aut
1247 315 1331 343 prope
1345 307 1493 343 (cominus)
1509 313 1561 336 est.
1585 302 1658 335 Prte-

866 358 941 382 terea
955 360 997 382 est
1012 355 1054 382 Vel
1074 355 1101 382 in
1117 355 1207 389 primo
1219 355 1262 382 vel
1285 355 1312 381 in
1328 355 1448 382 secundo
1467 363 1473 387 ς
1492 354 1554 382 dico
1565 359 1657 381 autem

866 401 894 428 in
912 401 1002 436 primo
1027 409 1088 428 esse
1114 409 1225 436 corpus,
1255 401 1368 435 quando
1397 401 1424 428 in
1449 401 1510 428 loco
1534 406 1576 428 est
1606 401 1658 436 ipsi

867 447 976 482 aequali,
991 455 1041 474 nec
1057 448 1083 474 iu
1111 446 1209 481 majori
1236 454 1263 474 et
1287 447 1414 481 ampliori
1436 452 1593 474 conuentum
1608 455 1615 480 ;
1630 448 1658 475 in

867 494 988 520 secundo
1007 501 1082 525 vero,
1098 493 1207 528 quando
1229 493 1255 520 in
1264 494 1401 528 ampliori,
1417 494 1568 520 secundum
1585 493 1659 528 quod

867 539 997 571 dicimus,
1010 540 1126 574 exempli
1138 540 1236 574 gratia,
1252 540 1393 567 Socratem
1407 540 1434 567 in
1452 540 1535 567 domo
1545 547 1606 567 esse
1616 540 1658 567 vel

868 585 895 612 in
925 586 1002 613 urbe.
1026 586 1123 613 Adhuc
1148 585 1192 612 ubi
1218 586 1329 621 proprie
1357 591 1384 613 et
1409 587 1524 613 seorsim
1554 594 1603 621 per
1631 594 1661 613 se

867 636 1006 665 stnnptnm
1016 631 1057 658 vel
1068 632 1219 659 secundum
1229 637 1354 659 naturam
1362 632 1472 665 dicitur,
1483 633 1555 667 quod
1564 633 1661 660 eodem

867 684 976 711 semper
994 677 1076 703 modo
1113 677 1284 710 intelligitur,
1309 678 1384 704 velut
1405 677 1428 704 si
1444 678 1531 709 dicas.
1559 679 1661 705 cadum

868 730 928 748 esse
949 730 1049 757 supra;
1073 722 1150 749 locus
1173 723 1245 749 enim
1258 722 1317 756 ejus
1331 723 1365 750 ad
1387 731 1472 750 unum
1489 723 1599 757 quidem
1615 723 1662 750 ali-

869 768 933 802 quid
957 769 1108 796 ordinatus
1138 768 1211 796 infra
1227 769 1360 796 duntaxat
1380 769 1482 797 dicitur
1498 778 1580 802 esse;
1599 770 1661 797 dico

871 821 962 842 autem
984 815 1018 842 ad
1037 818 1116 842 terrae
1129 815 1217 842 solum
1242 815 1351 848 locum;
1367 815 1409 842 vel
1428 823 1482 842 non
1507 815 1662 842 secundum

829 858 850 885 Β
866 867 1005 895 naturam,
1024 869 1119 889 verum
1134 862 1286 889 secundum
1306 862 1456 896 accidens;
1473 871 1500 889 v.
1519 870 1545 897 ε.
1559 860 1663 889 animal

51 903 114 934 supra
127 909 182 929 esse
198 903 298 930 dicitur
307 904 371 939 quia
380 909 421 932 est
438 905 464 932 in
487 910 558 933 tecto
575 906 812 935 domus.Possunt
829 909 903 936 enim
921 910 979 937 haec
996 914 1023 937 et
1037 917 1120 944 supra
1143 913 1170 936 et
1190 909 1260 936 infra
1284 917 1346 936 esse
1365 909 1430 941 dici,
1463 910 1497 936 ad
1514 909 1587 936 aliud
1622 915 1663 936 ta-

50 953 95 973 men
102 952 124 974 et
137 949 203 976 aliud
218 956 338 985 sumpta.

75 995 101 1030 β’.
118 997 189 1024 Ἐστι
215 998 244 1025 δὲ
270 999 324 1025 ἴδια
341 1000 388 1026 τοῦ
407 1000 460 1026 ποῦ
485 1000 530 1026 τὸν
552 1000 670 1037 ἀριθμὸν
689 1003 769 1038 ’τρία⁸
787 1003 817 1030 ἓν

54 1040 89 1074 μὲν
105 1042 130 1068 τὸ
144 1044 358 1080 προσσημαινειν
375 1045 432 1080 (28)
445 1046 542 1073 τόπον·
558 1047 588 1073 τὸ
602 1047 656 1083 γὰρ
673 1048 729 1075 ἄνω
744 1046 816 1076 εἶναι

51 1086 94 1112 ἐστὶ
107 1088 150 1122 μὲν
163 1090 264 1125 κυρίως
287 1090 333 1117 τοῦ
352 1091 408 1126 (29}
434 1091 486 1118 ποῦ
504 1089 588 1125 εἶναι,
614 1095 816 1129 προσσημαίνει

51 1132 70 1159 Et
79 1135 148 1161 τόπον
159 1137 227 1169 τινὰ,
240 1137 313 1172 λέγω
331 1137 363 1172 δὴ
377 1138 424 1165 τὸν
442 1138 499 1166 ἄνω
515 1139 598 1165 τόπον
609 1147 617 1154 ·
638 1141 719 1166 παντὶ
731 1139 759 1166 δὲ
777 1140 817 1175 τῷ

50 1179 98 1206 εἴδει
120 1182 231 1218 ὑπάρχει
250 1184 329 1211 τοῦτο
354 1185 385 1211 τὸ
403 1184 468 1212 ἴδιον
478 1194 485 1200 ·
500 1185 628 1221 δεύτερον
642 1185 670 1212 δὲ
684 1185 715 1212 τὸ
730 1195 817 1221 προσ-

52 1228 170 1261 σημαῖνειν
185 1231 281 1265 σχέσιν
297 1231 431 1267 τοπικήν·
459 1231 535 1267 διττὴ
552 1231 580 1258 δὲ
595 1234 610 1267 ὴ
627 1233 726 1268 τοπικὴ
752 1233 814 1268 σχέ-

50 1275 119 1310 σις’ῆ
135 1284 161 1302 τε
177 1277 230 1312 γὰρ
243 1278 397 1313 ὲμπεριοχὴ
412 1278 469 1312 (50)
486 1277 533 1304 τοῦ
549 1277 685 1312 σώματος,
704 1278 766 1305 καθ’
782 1279 816 1314 ἣν

50 1318 237 1357 ἐμπεριέχεσθαι
250 1324 371 1358 λέγεται,
386 1324 479 1359 σχέσις
494 1325 527 1351 ἂν
540 1324 583 1360 εἴη
601 1324 701 1361 τοπικὴ
711 1347 718 1357 ,
736 1326 784 1352 καὶ
798 1326 815 1361 ἡ

50 1368 141 1402 περιοχὴ
158 1369 203 1395 τοῦ
227 1370 323 1402 τόπου,
349 1370 411 1398 καθ’
435 1371 469 1407 ῆν
494 1371 634 1406 περιέχειν
655 1371 764 1405 λέγεται
785 1372 816 1398 τὸ

49 1410 119 1446 σῶμα,
130 1414 226 1449 ὁμοίως
236 1425 242 1431 ·
259 1416 351 1451 διττῆς
363 1414 421 1449 οὖν,
437 1416 475 1448 ὡς
492 1416 613 1452 εἴρηται,
637 1417 688 1452 τῆς
700 1417 816 1452 τοπικῆς

48 1455 233 1497 λαμϐανομένης
257 1462 377 1496 σχέσεως
399 1462 545 1498 ἀμφότερα
562 1462 611 1497 μὲν
626 1462 713 1489 ταῦτα
728 1471 815 1498 προσ-

48 1504 204 1537 ῆμαίνονται
219 1508 274 1534 ὑπὸ
286 1508 335 1542 τῆς
351 1507 424 1544 [τοῦ]
439 1507 491 1535 ποῦ
510 1509 694 1544 κατηγορίας’
715 1507 816 1543 μᾶλλον

48 1548 68 1575 δὲ
86 1551 127 1586 τὴν
152 1553 320 1591 ὲμπεριοχὴν
352 1555 572 1590 προσσημαίνειν
605 1555 693 1582 ἔοικεν
721 1555 738 1591 ἢ
765 1555 815 1590 τὴν

48 1599 170 1634 περιοχὴν·
187 1600 307 1636 πρώτως
322 1601 377 1637 γὰρ
391 1601 441 1635 τὴν
454 1601 624 1637 ἐμπεριοχὴν
639 1600 816 1636 προσ-σημαί-

903 1003 931 1030 2.
948 1000 1036 1030 [labet
1058 1006 1148 1029 autem
1172 1000 1218 1028 ubi
1243 1000 1424 1035 proprietates
1452 1007 1569 1027 numero
1593 1005 1660 1029 tres.

868 1049 991 1083 Quarum
1007 1048 1093 1083 prima
1116 1052 1169 1080 est,
1185 1047 1257 1081 quod
1267 1046 1358 1074 locum
1373 1046 1547 1081 adsignificat
1562 1055 1569 1079 ;
1598 1050 1661 1074 nan:

868 1103 950 1131 supra
967 1102 1028 1122 esse
1040 1093 1151 1129 proprie
1167 1099 1209 1120 est
1221 1091 1322 1120 alicubi
1336 1098 1407 1125 esse,
1426 1092 1459 1119 ad
1476 1093 1525 1119 l’lii
1536 1099 1660 1127 spectat;

867 1142 1040 1177 adsigniﬁcat
1052 1148 1146 1168 verum
1167 1140 1256 1167 locum
1288 1138 1448 1174 quemdam,
1475 1138 1602 1166 videlicet
1621 1139 1662 1166 10-

867 1196 929 1215 curn
950 1195 1110 1222 supernum.
1129 1185 1207 1212 Omni
1226 1193 1289 1212 vero
1315 1185 1375 1220 ejus
1397 1185 1496 1219 speciei
1514 1185 1570 1212 lucc
1597 1193 1661 1220 prn-

867 1234 971 1269 prietas
992 1233 1131 1262 convenit.
1152 1232 1245 1259 Altera
1263 1231 1415 1266 proprietas
1433 1236 1486 1263 est,
1502 1231 1576 1266 quod
1593 1239 1661 1259 con-

867 1279 1004 1315 signilicat
1033 1277 1222 1305 habitudinem
1243 1276 1370 1304 localem.
1401 1275 1506 1311 Duplex
1528 1283 1593 1303 vero
1619 1275 1662 1304 est

868 1324 1000 1353 habitudo
1021 1323 1138 1353 localis:
1157 1331 1220 1351 nam
1247 1328 1274 1350 et
1300 1323 1441 1350 exstensio
1469 1323 1595 1358 corporis
1618 1331 1661 1350 sc-

867 1371 987 1398 cundnm
1004 1377 1087 1405 quam
1104 1377 1205 1404 corpus
1225 1369 1360 1396 contineri
1377 1373 1404 1396 et
1429 1367 1531 1396 includi
1560 1377 1574 1395 a
1598 1369 1660 1396 loco

866 1417 979 1451 dicitur,
1008 1416 1140 1444 habitudo
1158 1416 1254 1443 localis
1282 1410 1374 1448 fuerit,
1399 1419 1425 1442 et
1453 1415 1581 1442 similiter
1607 1415 1660 1442 loci

867 1464 986 1491 ambitus
1005 1463 1157 1491 secundum
1173 1470 1255 1496 quem
1273 1461 1373 1489 dicitur
1388 1468 1487 1496 corpus
1506 1460 1659 1488 continere.

866 1510 937 1538 Cum
965 1510 1060 1545 igitur,
1092 1511 1122 1536 ut
1151 1508 1254 1536 dictum
1279 1512 1331 1540 est,
1357 1506 1503 1542 dupliciter
1528 1506 1661 1534 habitudo

868 1556 962 1584 localis
976 1559 1112 1588 sumatur,
1132 1560 1281 1589 utrumque
1300 1553 1353 1581 hoc
1368 1561 1417 1589 per
1431 1553 1599 1588 categoriam
1612 1554 1659 1580 τοῦ
1684 1550 1685 1553 “

867 1602 911 1629 ubi
929 1601 1115 1636 signiﬁcatur;
1135 1600 1221 1635 magis
1237 1607 1302 1627 vero
1313 1599 1468 1635 significare
1493 1599 1600 1626 videtur
1613 1607 1662 1626 ex-

49 1651 88 1668 νεγ
108 1648 317 1682 συσσημαίνεται
342 1648 371 1674 δὲ
393 1647 481 1684 ταύτῃ
505 1646 553 1673 καὶ
577 1648 593 1682 ἡ
612 1647 744 1682 περιοχή·
768 1647 814 1674 καὶ

903 1647 1023 1673 nsionem
1046 1649 1204 1672 contentam
1226 1653 1307 1680 quam
1319 1645 1452 1671 ambitum
1462 1646 1659 1672 eontincntcni.

48 1689 145 1718 τοῦτοδὲ
160 1693 189 1719 τὺ
205 1694 274 1720 ἴδιον
289 1694 370 1720 παντὶ
383 1693 502 1729 ὑπάρχει
519 1693 557 1728 τῷ
572 1693 623 1720 ποῦ
639 1693 686 1719 καὶ
701 1693 816 1728 οὐδεμιᾷ

48 1737 98 1775 ὕλῃ
112 1740 160 1768 τῶν
180 1741 286 1769 λοιπῶν
310 1742 389 1768 ἐννέα
407 1741 581 1777 κατηγοριῶν
606 1741 682 1775 παρὰ
701 1740 814 1774 ταύτην.

48 1784 124 1819 Τρίτον
140 1788 201 1817 ἴδιον
211 1790 242 1816 τὸ
259 1788 334 1815 θέσιν
347 1788 408 1814 τινὰ
421 1788 586 1823 ἀχωρίστως
601 1786 816 1822 παρακολουθεῖν

47 1831 119 1866 αὐτῷ·
132 1835 168 1870 τῷ
185 1836 240 1870 γὰρ
264 1835 320 1861 ὖντι
345 1834 397 1860 ποῦ
413 1834 522 1865 πάντως
542 1833 640 1859 Enecat
660 1832 735 1863 Οὲσις
755 1838 813 1864 τις;

47 1875 88 1904 οἷον
99 1880 132 1915 τῷ
144 1881 198 1908 δντι
214 1883 274 1909 ἄνω
286 1882 303 1916 ἢ
319 1880 376 1916 «51)
391 1880 440 1907 ὡδὶ
458 1880 531 1915 ἔχειν
544 1879 594 1915 τὴν
608 1879 682 1905 θέσιν
695 1878 749 1905 τῶν
766 1886 816 1913 μο-

48 1923 97 1957 ρίων
117 1928 133 1962 ἦ
155 1929 202 1955 καὶ
228 1928 277 1956 τοῦ
302 1928 364 1955 ὅλου
392 1927 409 1963 ἢ
434 1926 499 1954 ὡδί·
526 1925 575 1952 καὶ
599 1925 638 1960 τῷ
660 1924 716 1951 ὅντι
741 1924 816 1950 κάτω

46 1970 143 2005 ὁμοίως·
175 1975 376 2011 παραπλησίως
389 1974 417 2000 δὲ
431 1974 478 2000 καὶ
492 1972 540 1999 ἐπὶ
554 1972 606 1999 τῶν
621 1972 707 1998 ἄλλων
717 1978 723 1985 ”
745 1970 816 1996 ὥστε

47 2018 77 2052 εἴη
88 2019 116 2045 ἆν
129 2021 354 2057 παρακολουθοῦν
373 2021 455 2047 παντὶ
474 2019 513 2055 τῷ
532 2019 582 2045 ποῦ
603 2018 682 2045 τοῦτο
696 2017 725 2044 τὸ
739 2017 814 2044 ἴδιον.

47 2061 158 2099 Τέταρτον
182 2067 248 2093 ἴδιον
271 2066 302 2092 τὸ
325 2064 394 2092 εἶναι
418 2064 485 2091 αὐτὸ
502 2063 676 2098 ἀποτέλεσμα
692 2063 817 2097 σώματος

47 2108 81 2133 καὶ
92 2110 169 2136 τόπου
185 2111 234 2138 τοῦ
252 2111 426 2146 περιέχοντος
440 2109 505 2136 αὐτό
515 2117 522 2124 ·
533 2109 594 2135 τότε
608 2108 663 2143 γὰρ
678 2108 733 2135 ἅνω
747 2105 817 2133 εἶναι

46 2155 192 2192 απετελέσθη
209 2158 265 2184 ἀπὸ
278 2166 308 2183 τε
324 2157 372 2183 τοῦ
395 2157 451 2183 ἅνω
465 2155 549 2182 τόπου
567 2155 615 2181 καὶ
631 2153 677 2180 τοῦ
695 2154 724 2180 ὲν
742 2152 817 2187 αὐτῷ

48 2197 166 2234 σώματος·
184 2204 232 2230 καὶ
249 2203 281 2229 τὸ
304 2202 380 2229 κάτω
400 2201 548 2232 ὡσαύτως·
567 2199 768 2235 παραπλησίως
787 2197 816 2224 δὲ

45 2246 79 2270 7.1".
92 2247 199 2276 ἐπὶτῶν
215 2250 316 2277 ἄλλων,
331 2249 376 2284 Μὴ
391 2248 546 2275 λανθανέτω
561 2247 589 2274 δὲ
605 2248 679 2282 ἡμᾶς
694 2246 761 2281 (52),
775 2245 816 2272 ὅτι

46 2291 81 2317 τοῦ
95 2293 146 2320 ἄνω
159 2295 189 2322 τὸ
208 2296 258 2330 μὲν
272 2296 317 2321 ἐπὶ
330 2295 376 2321 τοῦ
393 2295 476 2321 τόπου
491 2295 572 2330 μὸνου
587 2293 756 2328 λαμῦάνεται
770 2294 816 2319 καὶ

46 2337 88 2364 in:
101 2341 150 2367 τῶν
169 2343 238 2377 πρός
255 2350 297 2368 τι·
314 2342 344 2368 τὸ
368 2342 396 2368 δὲ
413 2343 441 2367 τὶ
457 2342 486 2367 ἐν
503 2341 590 2376 τόπῳ,
607 2341 654 2367 καὶ
672 2340 746 2366 ἔστιν
766 2339 818 2365 ὑπὸ

45 2383 80 2418 τὴν
93 2384 158 2423 [τοῦ]
175 2388 228 2415 ποῦ
246 2388 414 2423 κατηγορίαν
424 2394 432 2402 ⁶
447 2387 526 2414 τοῦτο
543 2386 572 2414 δὲ
584 2387 630 2414 καὶ
645 2385 816 2421 πλατύτερον

45 2428 186 2464 hmines
196 2443 203 2450 -
223 2435 273 2461 καὶ
289 2434 319 2461 τὸ
337 2434 382 2461 νῦν
396 2434 424 2460 δὲ
439 2434 504 2460 ἴδιον
518 2433 601 2460 παντὶ
617 2433 656 2468 τῷ
679 2432 745 2459 εῖδει
764 2433 817 2459 ὺπ-

46 2474 106 2511 ἀρχει
120 2481 164 2506 καὶ
183 2481 260 2515 μόνῳ
277 2481 324 2507 καὶ
339 2480 393 2512 ἀεὶ,
410 2478 450 2506 διὸ
464 2480 511 2506 καὶ
523 2479 710 2514 ἀντιστρέφει·
726 2478 817 2504 πλειό-

47 2529 85 2548 νων
97 2524 122 2550 δὲ
137 2525 222 2553 ιντων
235 2526 291 2552 τῶν
307 2526 377 2553 κατὰ
388 2525 527 2560 ἀπόφασιν
540 2524 625 2557 ἰδίων,
637 2523 710 2558 λέγω
724 2523 756 2559 δὴ
769 2522 815 2550 τοῦ

47 2566 74 2602 μὴ
87 2570 259 2607 ἐπιδέχεσθαι
275 2570 452 2607 ἐναντιότητα
468 2573 514 2598 καὶ
532 2570 578 2598 τοῦ
596 2572 632 2607 μὴ
650 2572 722 2607 ἔχειν
738 2572 816 2598 ἐναν-

45 2613 97 2646 τίον,
114 2619 159 2643 καὶ
175 2619 225 2645 τοῦ
243 2618 280 2654 μὴ
303 2617 476 2653 ἐπιδέχεσθαι
491 2617 521 2644 τὸ
545 2617 644 2652 μᾶλλον
660 2618 706 2644 καὶ
722 2618 752 2644 τὺ
767 2615 816 2653 ἦτ-

868 1689 1006 1719 Primario
1022 1692 1094 1718 enirn
1118 1690 1307 1718 extensionem
1321 1694 1476 1718 contentam
1503 1691 1660 1726 signiﬁcat;

866 1736 1093 1771 consiguilicatur
1108 1742 1199 1763 autem
1218 1743 1271 1762 una
1284 1743 1347 1763 cum
1367 1737 1414 1763 illa
1438 1737 1522 1763 etiam
1538 1735 1659 1763 ambitus

867 1784 1020 1810 continens.
1056 1781 1119 1809 Haec
1130 1790 1195 1810 vero
1210 1782 1365 1818 proprietas
1381 1783 1455 1810 omni
1475 1783 1603 1810 convenit
1619 1783 1660 1818 τῷ

868 1829 913 1857 ubi
933 1834 960 1856 et
979 1833 1078 1863 praeter
1104 1828 1175 1855 hanc
1189 1827 1257 1855 nulli
1286 1827 1364 1855 alteri
1380 1836 1412 1856 ex
1429 1829 1543 1864 reliquis
1561 1837 1659 1856 novem

867 1876 1023 1911 catcgoriis.
1045 1873 1136 1901 Tertia
1152 1875 1305 1910 proprietas
1320 1879 1372 1908 est,
1406 1875 1479 1910 quod
1506 1875 1594 1910 ipsum
1611 1884 1660 1910 po-

868 1922 931 1949 sitio
958 1922 1082 1956 qtuedam
1099 1929 1147 1948 seu
1164 1921 1235 1949 situs
1259 1920 1480 1957 inseparabiliter
1508 1923 1658 1958 sequitur;

868 1970 981 1997 omnino
996 1969 1068 1997 enim
1087 1968 1112 1996 id
1138 1968 1211 2003 quod
1227 1976 1290 1995 vere
1307 1973 1349 1995 est
1368 1966 1469 1995 alicubi
1496 1968 1552 2002 ubi,
1569 1969 1661 2004 sequi-

868 2020 912 2044 tnr
927 2016 1050 2051 qumdam
1072 2016 1193 2050 positio;
1209 2014 1291 2042 Veluti
1320 2015 1346 2042 id
1378 2015 1450 2050 quod
1475 2017 1602 2050 superius
1619 2021 1661 2044 est

868 2063 910 2091 vel
927 2064 980 2091 hoc
995 2063 1036 2091 vel
1050 2063 1104 2090 alio
1123 2063 1204 2090 modo
1221 2063 1322 2090 habere
1346 2062 1511 2097 positionem
1539 2063 1658 2099 partium

870 2110 912 2136 vel
944 2109 1027 2136 etiam
1061 2109 1169 2142 totius;
1186 2109 1280 2144 sicque
1310 2109 1412 2143 pariter
1426 2114 1453 2136 et
1471 2110 1497 2136 id
1519 2110 1592 2145 quod
1619 2117 1661 2137 est

869 2156 984 2183 inferius
1001 2165 1008 2189 ;
1027 2155 1154 2183 similiter
1180 2161 1271 2183 autent
1292 2155 1319 2182 iu
1346 2156 1463 2183 caeteris.
1479 2155 1557 2183 Unde
1580 2165 1661 2184 omne

870 2203 914 2230 ubi
933 2203 1069 2237 ejusmodi
1087 2203 1242 2237 proprietas
1265 2202 1455 2238 consequitur.
1475 2202 1577 2236 Quarta
1594 2211 1661 2237 pro-

870 2248 972 2282 prietas
1003 2253 1054 2281 est,
1084 2248 1156 2283 quod
1178 2253 1216 2275 est
1241 2247 1330 2282 ipsum
1348 2247 1461 2274 effectus
1481 2248 1606 2282 corporis
1633 2252 1661 2274 et

871 2294 923 2321 luei
939 2302 1038 2328 corpus
1056 2294 1223 2321 continentis
1235 2302 1242 2327 ;
1256 2302 1318 2320 uatn
1332 2294 1460 2328 superius
1470 2301 1530 2321 esse
1545 2293 1660 2321 edicitur

871 2348 904 2368 ac
915 2341 1029 2368 resultat
1043 2348 1074 2368 ex
1099 2341 1158 2368 loco
1173 2340 1308 2375 superiori
1334 2345 1362 2368 et
1387 2349 1419 2368 ex
1446 2348 1562 2376 corpore
1587 2342 1659 2376 quod

870 2387 898 2415 in
913 2394 946 2415 eo
962 2392 1023 2420 est;
1041 2387 1169 2414 similiter
1191 2394 1302 2422 quoque
1330 2394 1391 2414 esse
1421 2387 1555 2419 inferius;
1587 2387 1659 2414 idem

870 2433 976 2460 dicatur
991 2433 1024 2460 de
1038 2432 1160 2467 reliquis.
1190 2431 1230 2459 Ne
1240 2440 1306 2460 vero
1331 2440 1382 2460 nos
1402 2433 1494 2464 lateat,
1514 2441 1593 2467 supra
1611 2441 1660 2461 su—

871 2478 963 2512 perius
979 2477 1088 2512 quidem
1103 2476 1177 2504 aliud
1199 2477 1271 2504 sumi
1294 2477 1328 2504 de
1356 2477 1415 2505 loco
1434 2478 1493 2505 solo
1509 2482 1536 2505 et
1561 2486 1594 2505 ex
1617 2487 1659 2506 re-

869 2524 934 2551 latis
948 2524 981 2551 ad
1000 2520 1103 2558 aliquid
1121 2531 1193 2556 esse,
1208 2523 1282 2550 aliud
1298 2528 1389 2550 autem
1412 2524 1437 2550 in
1450 2524 1510 2551 loco
1523 2524 1659 2552 eteadere

870 2571 923 2598 sub
939 2571 1106 2604 categoriam
1122 2569 1169 2597 τοῦ
1185 2571 1242 2598 ubi.
1262 2570 1319 2598 lloc
1332 2579 1396 2598 vero
1404 2570 1461 2605 jam
1475 2570 1563 2598 iusius
1581 2572 1659 2598 audi-

870 2618 960 2645 vistis.
981 2617 1044 2645 Hmc
1072 2625 1147 2649 rere,
1167 2617 1200 2644 de
1212 2625 1265 2652 qua
1288 2625 1359 2644 nunc
1374 2617 1492 2652 agimus,
1505 2618 1658 2653 proprietas

784 2674 898 2702 NOTAE.

74 2730 119 2769 [26)
133 2733 200 2761 Cod.
217 2735 394 2769 τεταγμέναι.

72 2767 119 2800 1'17)
134 2769 208 2796 Fort.
228 2767 339 2796 ’τὰαῦτᾶ
359 2779 382 2798 s.
397 2771 491 2798 ταύτά.

71 2802 204 2837 (ἓ8)Ροινι.
224 2806 432 2840 προσημαίνειν,
447 2806 664 2842 consignilicarc,
691 2806 812 2842 adsigni—

46 2832 120 2870 ﬁcnre,
135 2847 188 2867 non
204 2832 425 2876 przcsigiiiticarc.

904 2737 958 2771 (‘29)
976 2736 1036 2763 Vat.
1053 2738 1092 2762 τό.

905 2773 962 2805 (51))
980 2771 1059 2798 Catii”.
1081 2773 1111 2798 ὲν
1127 2773 1251 2806 περιοχῇ.

905 2807 1162 2841 (51)(,2ιιιίἷ.Ᾱρ.ή.

907 2838 962 2876 (32)
980 2838 1052 2869 Fort.
1073 2838 1155 2876 ὑίιῦςζ
1173 2847 1203 2870 ut
1219 2842 1282 2870 alibi
1298 2847 1325 2870 et
1338 2842 1363 2869 in
1378 2843 1570 2875 sequentibus.
