1863 3064
196 165 247 196 807

772 156 902 187 ΡΗΟΤΙΙ
918 153 1174 186 ’PATRIARCHIE
1191 153 1244 183 (ΣΡ.

1770 148 1815 180 808

195 226 270 254 omni
287 223 387 259 speciei
412 221 542 250 convenit
562 224 590 248 et
614 218 664 247 soli
679 223 706 245 et
730 225 839 252 semper
854 224 862 248 ;
876 215 948 242 unde
957 218 984 241 et
999 241 1000 244 η

1079 223 1091 245 ι,
1113 211 1222 238 καὶτοῦ
1240 209 1277 246 μὴ
1293 209 1386 244 ὅμοιον
1399 208 1446 236 καὶ
1460 207 1588 243 ἀνόμοιον
1609 205 1757 241 λέγεσθαι,
1775 208 1816 233 καὶ

195 271 373 301 convertitur.
392 269 460 296 Cum
490 274 555 294 vero
580 266 672 301 plures
695 264 750 292 sint
766 262 887 298 ejusdem
903 268 987 296 nega-

197 321 258 346 tivae,
278 316 470 353 proprietates,
498 313 626 340 videlicet
640 311 712 346 quod
730 318 784 337 non
806 308 905 343 recipit
918 315 988 335 con—

195 364 362 392 trarietatem
385 365 413 388 et
436 367 490 389 non
518 359 601 386 habet
621 355 806 388 contrarium,
829 353 902 389 quod
931 360 985 379 non

1038 258 1127 285 ἄλλων
1143 257 1281 292 ἀπείρων·
1307 256 1364 287 τοῖς
1388 254 1585 288 καταφατικως
1604 252 1711 288 ῥηθεῖσι
1729 261 1758 279 τε
1777 254 1817 280 καὶ

1039 303 1222 340 ἐΞευρεθεῖσιν
1238 301 1384 337 ἀρκεῖσθαι
1397 300 1488 336 δεήσει
1503 300 1534 326 τὸ
1548 299 1714 335 ἁφιλόσοφόν
1731 307 1760 325 τε
1777 299 1817 326 καὶ

1040 351 1168 385 περιττὸν
1183 349 1404 376 ὑπεκκλίνουσιν.

195 409 314 436 admittit
331 407 420 442 magis
439 410 466 433 et
484 406 587 437 minus,
620 402 692 437 quod
715 409 769 442 non
793 401 894 428 dicitur
931 398 1021 426 simile
1040 402 1067 425 et
1094 396 1241 428 dissimile,
1267 396 1384 430 aliaeque
1405 393 1531 426 inﬁnitae,
1558 393 1633 421 hisce
1648 392 1818 424 aﬂirmativis,

195 463 256 489 qua:
272 455 351 480 dicta:
382 457 409 479 et
440 456 555 486 repet-tm
582 453 656 482 sunt,
678 439 857 482 acquiescere
884 442 1022 479 oportebit
1041 450 1090 470 eos
1105 442 1151 477 qui
1180 442 1273 468 minus
1301 439 1492 475 philosophica
1508 446 1541 466 ac
1569 439 1709 474 superﬂua
1727 439 1821 466 evitare

196 503 315 529 student.

304 545 468 581 ρυιεδτιο
489 543 594 572 CXLVI
609 541 705 579 [CoisL
723 538 879 574 CLXXXI].

391 594 428 620 De
440 601 469 620 eo
486 592 556 627 quod
575 596 612 618 est
630 590 712 617 situm
726 596 792 615 esse.

1289 533 1458 560 ΕΡΩΤΗΣΙΣ
1485 533 1584 566 FMG”.

1284 579 1353 614 Περὶ
1378 579 1432 606 τοῦ
1455 578 1585 606 κεῖσθαι.

745 659 815 684 Nunc
829 656 934 689 primum
946 655 1014 680 edita
1027 660 1041 678 a
1057 653 1086 678 D.
1098 651 1313 684 Hergenroelher.

235 735 263 761 ll.
284 732 372 758 Situm
388 737 450 757 esse
469 733 509 755 est
522 728 548 754 in
565 734 609 759 eo,
628 725 701 761 quod
717 729 808 759 partes
824 723 857 749 ad
872 721 988 748 invicem

200 780 283 807 situm
316 777 437 810 aliquem
477 773 656 808 (positionem
686 768 848 806 quamdam)
876 767 990 794 habent.

317 799 437 810 ..ην-η.
696 799 703 806 _
839 799 845 804 ι

201 825 277 851 Situs
299 828 365 849 vero
379 821 449 847 alius
472 826 526 846 non
543 820 587 845 est
609 815 790 850 compositus,
819 813 867 848 qui
881 810 992 847 proprie
1009 799 1031 827 Β

201 870 283 897 etiam
304 872 392 895 status
421 864 527 900 (statio)
557 862 719 897 appellatur,
736 860 806 887 alius
823 865 888 886 vero
904 865 936 884 ex
948 856 991 883 di-

203 916 291 943 versis
302 918 354 947 est,
370 911 454 940 veluti
482 909 624 938 reclinatio
640 913 666 935 et
681 907 789 940 sessio;
809 906 832 933 si
851 912 915 932 vero
929 904 992 934 hoc,

202 962 284 990 etiam
298 961 378 988 situm
391 967 446 986 esse
461 957 502 985 vcl
516 965 549 984 ex
565 957 618 984 situ
632 955 703 983 haud
720 951 877 987 composito
889 950 930 977 vel
958 956 992 976 ex

203 1006 358 1041 composito
377 1004 507 1031 eiIectum
530 1007 583 1030 est.
612 1000 749 1028 Praeterea
765 999 835 1026 situs
860 997 931 1024 alius
946 1002 993 1023 so-

203 1054 291 1081 larutn
309 1051 427 1086 partium
446 1054 488 1076 cst
506 1053 531 1076 et
550 1055 603 1075 non
630 1047 725 1079 totius,
745 1045 820 1072 velut
839 1043 938 1070 raritas
967 1045 995 1068 et

204 1097 392 1127 cendensatio,
407 1095 540 1130 asperitas
554 1097 581 1120 et
596 1091 699 1119 laevitas
712 1099 719 1122 ;
736 1090 807 1117 alius
827 1094 892 1115 vero
911 1085 995 1113 totius

204 1147 347 1176 duntaxat,
371 1146 401 1169 ut
421 1139 564 1167 reclinatio
575 1143 601 1166 et
623 1137 710 1165 sessio
722 1135 823 1171 (neque
835 1133 909 1161 enim
930 1138 996 1167 pars

205 1191 305 1219 dicitur
319 1189 415 1217 sedere
427 1186 469 1214 vel
480 1186 610 1213 rcciinata
626 1191 699 1214 esse,
722 1182 770 1210 sed
791 1181 907 1214 totum);
925 1179 997 1206 alius

205 1243 316 1264 rursum
329 1238 356 1262 et
373 1232 457 1261 totius
466 1235 493 1259 et
507 1229 626 1265 partium
639 1227 781 1261 est,Veluti
794 1224 876 1252 statio
887 1223 997 1258 proprie

205 1284 289 1315 dicta,
303 1288 364 1316 qua:
380 1283 420 1307 est
439 1277 578 1306 rectitudo
597 1283 628 1302 ac
643 1279 718 1302 recta
735 1272 836 1308 positio
853 1276 910 1298 tum
935 1276 998 1304 par-

206 1330 274 1356 tium
291 1314 347 1354 tum
375 1324 467 1352 totius.
488 1323 615 1350 Attamen
636 1321 662 1348 id
681 1319 755 1355 quod
772 1318 857 1346 situm
885 1320 929 1344 est
954 1314 998 1342 vel

206 1374 320 1402 omnino
347 1376 470 1400 erectum
497 1373 540 1396 est
568 1372 595 1395 ct
621 1366 722 1393 dicitur
751 1369 835 1397 stare,
874 1362 918 1389 vel
947 1361 998 1388 hac

207 1425 341 1448 erecmm.
363 1417 408 1444 illa
430 1423 495 1442 vero
510 1418 588 1449 parte
603 1412 776 1442 reclinatum,
791 1415 818 1437 et
841 1409 942 1436 dicitur
957 1415 999 1435 se-

207 1467 294 1498 di-re;
310 1464 369 1491 haec
385 1469 451 1497 ergo
462 1461 567 1496 species
580 1458 682 1485 fuerint
695 1458 756 1491 ejus
774 1457 845 1491 quod
863 1460 905 1482 est
916 1456 998 1482 situm

208 1520 292 1540 csse:
311 1510 473 1538 reclinatum
503 1514 575 1538 esse,
597 1510 670 1533 stare
698 1510 780 1539 atque
807 1503 912 1534 sedere,
928 1505 1000 1529 alta-

210 1566 272 1585 men
285 1564 339 1583 non
365 1555 422 1582 haec
438 1557 556 1584 tantum,
582 1558 676 1578 verum
695 1549 777 1577 etiam
797 1548 851 1575 alia
877 1546 999 1579 inﬁnita;

210 1603 346 1640 protinus.
362 1609 388 1628 ν.
406 1607 459 1636 δικ,
480 1605 573 1625 rarum
586 1602 613 1624 et
632 1597 749 1624 densum
773 1600 800 1622 et
813 1593 924 1625 similia,
940 1600 1002 1628 qua:

211 1651 263 1677 sita
275 1655 335 1675 esse
345 1646 486 1678 dicuntur,
507 1650 595 1678 neque
610 1646 683 1670 stare
695 1648 783 1675 neque
799 1639 931 1667 reclinata
943 1646 1003 1666 esse

211 1695 254 1723 vel
275 1695 370 1722 sedere
385 1693 531 1724 dicuntur,
558 1694 679 1716 attamen
706 1693 733 1715 et
764 1687 822 1714 haec
846 1685 899 1714 sub
927 1685 1002 1712 illam

212 1742 331 1777 speciem
347 1739 430 1774 hujus
455 1735 600 1771 categoriae
612 1735 710 1762 cadere
731 1733 870 1765 videntur,
893 1738 954 1765 qua:
967 1730 1004 1758 si-

212 1793 269 1816 tum
279 1786 396 1822 partium
412 1785 445 1812 ad
456 1784 584 1815 invicem.
596 1790 650 1809 non
664 1787 729 1808 vero
745 1780 827 1807 totius
841 1779 1004 1814 positi0nem

212 1834 342 1862 ostendit.
367 1831 446 1866 Quod
462 1835 554 1858 autem
565 1829 666 1856 raritas
679 1832 706 1855 et
721 1826 901 1854 condensatio
915 1832 947 1852 ac
963 1824 1005 1852 si-

213 1879 288 1908 milia
300 1878 372 1906 haud
385 1878 439 1905 sint
459 1877 543 1904 totius
564 1874 767 1910 positi0ues,ex
781 1879 814 1900 eo
824 1871 917 1906 liquet,
932 1870 1006 1905 quod

213 1926 296 1953 unius
309 1924 488 1960 ejusdemque
503 1921 587 1949 totius
601 1921 657 1948 duo
672 1919 741 1947 situs
758 1918 840 1946 statui
854 1917 926 1944 haud
944 1924 1006 1952 pos-

213 1976 278 2000 sunt
290 1980 298 2005 ;
312 1971 341 1998 in
359 1978 413 1997 uno
427 1976 493 1996 vero
504 1968 656 2001 eodemque
671 1969 727 1992 tum
741 1965 840 1991 raritas
851 1968 908 1990 tum
925 1962 1008 1990 statio

215 2012 647 2052 reperiuntur.Quemadmodum
654 2018 719 2039 vero
732 2017 828 2037 onines
835 2013 926 2043 partes
941 2015 1007 2042 pru-

214 2064 304 2099 priam
318 2067 435 2098 possunt
456 2061 557 2087 habere
580 2059 698 2094 liguram
711 2060 809 2091 praeter
830 2062 901 2087 eam,
923 2061 1007 2088 quam

1083 716 1116 744 α’.
1130 715 1244 743 Κεῑσθαι
1260 715 1288 742 δέ
1303 715 1360 742 ἐστι
1373 714 1404 741 τὸ
1417 713 1492 740 θέσιν
1502 713 1563 741 τινὰ
1572 713 1640 749 πρὸς
1649 713 1752 748 ἄλληλα
1761 713 1824 748 ἔχειν

1044 762 1079 789 τὰ
1092 763 1176 798 μόρια
1185 770 1192 777 ·
1207 761 1294 797 τῆςδὲ
1309 761 1411 789 θέσεως
1423 762 1439 796 ὴ
1457 760 1507 796 μέν
1521 760 1596 786 ἐστιν
1607 759 1823 795 ἀσύνθετος,ἧτις

1045 810 1147 845 κυρίως
1165 807 1339 843 λέγεταικαὶ
1353 807 1460 840 στάσις,
1476 806 1533 843 ἡδὲ
1549 807 1580 833 ὲκ
1597 806 1745 842 διαφόρων,
1766 806 1823 841 ὼςή

1042 856 1188 887 ἀνάκλισις
1205 855 1254 882 καὶ
1267 855 1283 890 ή
1298 853 1433 890 καθέδρα·
1457 853 1481 880 ει
1498 852 1527 879 δὲ
1551 852 1634 879 τοῦτο
1646 873 1653 884 ,
1670 851 1760 879 καὶτὸ
1775 852 1824 878 κεῖ·

1044 903 1104 929 σθαι
1122 902 1176 938 ἄρα
1191 901 1208 937 ἢ
1224 900 1374 927 ἀσυνθέτου
1393 899 1495 930 θέσεως
1511 898 1686 933 ἀπετελέσθη
1703 898 1762 934 ἢὲχ
1775 906 1826 924 συν-

1042 948 1214 983 τεθειμένης.
1232 947 1293 973 Ἔτι
1310 946 1338 972 δὲ
1355 946 1405 980 τῆς
1419 945 1522 976 θέσεως
1541 945 1558 980 ἠ
1576 945 1628 979 μέν
1640 945 1700 971 ἐστι
1714 943 1766 970 τῶν
1783 951 1825 978 με-

1046 994 1100 1030 ρῶν
1116 994 1206 1029 μόνων
1221 993 1269 1020 καὶ
1293 992 1323 1019 οὐ
1346 991 1394 1018 τοῦ
1417 991 1478 1018 ὅλου
1489 1011 1496 1023 ,
1512 990 1550 1023 ὡς
1572 991 1590 1025 ἡ
1615 990 1737 1025 μάνωσις
1753 989 1795 1016 καὶ
1811 988 1825 1022 ἡ

1045 1039 1196 1071 πύκνωσις,
1208 1039 1266 1074 ἥτε
1288 1038 1429 1073 τραχύτης
1447 1037 1495 1064 καὶ
1510 1038 1528 1072 ὴ
1550 1036 1656 1072 λειότης
1668 1045 1676 1051 -
1702 1037 1719 1073 ἠ
1741 1036 1767 1062 δὲ
1785 1034 1825 1062 τοῦ

1045 1087 1107 1113 ὃλου
1125 1085 1217 1121 μόνου,
1230 1085 1269 1117 ὡς
1283 1085 1300 1121 ἡ
1315 1084 1457 1116 ἀνάκλισις
1471 1084 1519 1110 καὶ
1531 1084 1547 1118 ἡ
1559 1083 1682 1118 καθέδρα
1691 1082 1731 1119 (οὐ
1744 1081 1827 1118 γὰρτὸ

1048 1133 1132 1169 μέρος
1146 1133 1255 1167 λέγεται
1270 1131 1436 1164 καθέζεσθαι
1459 1131 1476 1167 ἢ
1495 1131 1706 1162 ἀνακεκλίσθαι,
1726 1130 1789 1158 ἀλλὰ
1802 1129 1827 1155 τὸ

1046 1179 1108 1206 ὅλον
1117 1181 1136 1214 ⁸)
1146 1180 1163 1214 ὴ
1180 1179 1208 1205 δὲ
1222 1177 1271 1205 τοῦ
1285 1187 1315 1204 τε
1328 1179 1389 1204 ὅλου
1403 1178 1451 1204 καὶ
1463 1177 1518 1204 τῶν
1531 1177 1634 1214 μερῶν,
1649 1177 1690 1209 ὡς
1706 1177 1724 1212 ἡ
1738 1175 1827 1211 κυρίως

1047 1225 1181 1261 λεγομένη
1195 1225 1301 1256 στάσις.
1321 1224 1383 1259 ἥτις
1398 1224 1474 1250 ἐστὶν
1485 1223 1602 1259 ὀρθότης
1613 1223 1660 1250 καὶ
1677 1222 1732 1250 τῶν
1748 1221 1827 1258 μερῶν

1047 1273 1096 1300 καὶ
1118 1271 1166 1299 τοῦ
1179 1271 1257 1298 ὅλου·
1275 1271 1323 1298 καὶ
1340 1271 1435 1306 μέντοι
1449 1269 1481 1297 τδ
1502 1269 1660 1306 κείμενονῆ
1679 1270 1766 1304 πάντη
1783 1267 1828 1303 ὤρ-

1049 1319 1134 1346 θωται
1148 1318 1196 1345 καὶ
1210 1317 1319 1352 λέγεται
1333 1317 1470 1350 ἵστασθαι,
1486 1316 1502 1353 ἢ
1524 1316 1564 1351 πῆ
1581 1316 1631 1351 μὲν
1643 1315 1779 1352 ὤρθωται,
1798 1314 1829 1348 πῆ

1048 1365 1077 1392 δὲ
1094 1365 1237 1396 κέκλιται,
1257 1364 1305 1390 καὶ
1319 1364 1429 1398 λέγεται
1442 1362 1599 1398 καθῆσθαι·
1617 1362 1665 1390 καὶ
1680 1362 1723 1396 εἴη
1739 1361 1770 1388 ἂν
1781 1360 1830 1394 εἴδη

1049 1411 1138 1439 ταῦτα
1149 1411 1196 1438 τοῦ
1209 1411 1318 1438 κεῖσθαι
1329 1419 1336 1426 ·
1350 1409 1381 1437 τδ
1395 1409 1608 1442 ἀνακεκλῑσθαι,
1623 1410 1655 1436 τὸ
1672 1407 1831 1436 ἑστάναικαὶ

1014 1473 1036 1502 C
1051 1459 1081 1484 τὺ
1102 1457 1256 1493 καθῆσθαι*
1278 1457 1308 1484 οὺ
1335 1457 1418 1492 μόνον
1443 1455 1573 1483 δὲταῦτα
1595 1456 1629 1483 ἂν
1651 1456 1696 1492 εἴη
1716 1455 1770 1490 εἴδη
1792 1452 1833 1479 τοῦ

1052 1503 1172 1536 κεῖσθαι,
1187 1503 1256 1530 ἀλλὰ
1270 1503 1318 1530 καὶ
1334 1502 1403 1530 ἄλλα
1417 1502 1534 1538 ἄπειρα·
1550 1502 1651 1529 αὐτίκα
1667 1502 1734 1536 γοῦν
1748 1501 1776 1528 τὸ
1790 1509 1833 1536 μα.-

1052 1550 1099 1577 νδν
1116 1551 1164 1577 καὶ
1178 1549 1282 1576 πυκνὸν
1300 1549 1348 1576 καὶ
1360 1549 1395 1575 τὰ
1410 1549 1492 1584 ὃμοια
1509 1548 1618 1575 κεῖσθαι
1632 1548 1767 1583 λεγόμενα
1780 1545 1833 1573 οὒτε

1054 1596 1181 1622 ἵστασθαι
1195 1595 1332 1629 λέγονται,
1347 1594 1412 1621 οὗτε
1426 1594 1624 1621 ἁνακεκλίσθαι
1637 1594 1654 1630 ἢ
1668 1592 1832 1626 καθέζεσθαι·

1054 1642 1097 1676 εἴη
1119 1643 1142 1669 δ’
1163 1642 1196 1669 ἂν
1220 1641 1308 1668 ταῦτα
1324 1641 1370 1668 ὑπ’
1384 1642 1475 1668 ἐκεῖνο
1492 1640 1540 1668 τοῦ
1557 1640 1679 1673 χεῖσθαι,
1695 1640 1711 1668 δ
1724 1640 1771 1676 τὴν
1788 1638 1834 1664 τῶν

1057 1688 1148 1723 μερῶν
1170 1688 1252 1723 μόνον
1276 1687 1343 1723 πρὸς
1365 1686 1468 1723 ἄλληλα
1479 1707 1486 1720 ,
1503 1686 1560 1714 ἀλλ’
1575 1687 1635 1722 οὐχὶ
1652 1687 1704 1723 τὴν
1720 1685 1765 1712 τοῦ
1783 1685 1835 1712 ὅλου

1056 1734 1130 1761 θέσιν
1145 1734 1309 1769 ὑποφαίνει·
1333 1734 1374 1761 ὅτι
1393 1734 1421 1760 δὲ
1436 1734 1453 1769 ἡ
1470 1734 1590 1769 μάνωσις
1604 1733 1650 1760 καὶ
1671 1733 1688 1767 ὴ
1710 1732 1836 1761 πύκνωσις

1056 1781 1104 1808 καὶ
1119 1780 1154 1807 τὰ
1168 1781 1250 1816 ὃμοια
1262 1781 1313 1807 οὐκ
1333 1781 1388 1807 εἱσι
1400 1780 1449 1806 τοῦ
1465 1779 1526 1806 ὅλου
1544 1778 1645 1811 θέσεις,
1660 1779 1740 1815 δῆλον
1753 1779 1783 1805 ἐκ
1794 1775 1836 1802 τοῦ

1059 1827 1097 1862 μὴ
1111 1826 1266 1862 ἐνδέχεσθαι
1288 1827 1335 1853 δύο
1352 1826 1442 1858 θέσεις
1464 1823 1537 1853 εἶναι
1554 1825 1603 1852 τοῦ
1625 1825 1711 1852 αὐτοῦ
1729 1825 1774 1852 καὶ
1788 1822 1838 1853 ἐνὸς

1057 1874 1131 1906 ὂλου,
1158 1873 1335 1909 εὑρίσκεσθαι
1359 1873 1388 1900 δὲ
1411 1873 1440 1899 ὲν
1465 1873 1505 1899 ἑνὶ
1520 1873 1568 1899 καὶ
1587 1871 1627 1907 τῷ
1651 1872 1729 1908 αύτῷ
1751 1872 1797 1906 τήν
1813 1877 1837 1895 τε

1060 1920 1182 1956 μάνωσιν
1197 1920 1245 1946 καὶ
1257 1918 1288 1945 τὺ
1305 1920 1433 1947 ἑστάναι·
1451 1918 1547 1954 ὥσπερ
1559 1919 1588 1945 δὲ
1600 1918 1740 1954 ἐνδέχεται
1760 1917 1838 1944 πάντα

1059 1966 1094 1992 τὰ
1110 1965 1180 2001 μέρη
1198 1966 1271 2000 ἔχειν
1286 1965 1353 1992 ἴδιον
1369 1965 1463 2001 σχῆμα
1478 1966 1555 2000 παρὰ
1571 1964 1602 1992 τὸ
1618 1964 1666 1991 τοῦ
1684 1962 1838 1995 ὄλου,οὒτω;

1059 2012 1201 2047 ἐνδέχεται
1216 2011 1289 2046 ἔχειν
1313 2011 1383 2038 αὐτὰ
1405 2011 1455 2038 καὶ
1471 2011 1540 2038 ἰδίαν
1556 2011 1631 2038 θέσιν
1646 2011 1723 2046 παρὰ
1737 2010 1784 2045 τὴν
1797 2007 1838 2035 τοῦ

1060 2058 1123 2084 ὅλου
1134 2066 1141 2072 ·
1156 2057 1210 2084 τῶν
1225 2057 1253 2083 δὲ
1271 2057 1410 2092 κειμένων
1423 2056 1458 2083 τὰ
1485 2057 1535 2092 μὲν
1557 2056 1638 2090 φύσει
1656 2056 1723 2091 ἕσχε
1741 2054 1770 2081 τὺ
1791 2054 1838 2079 κεί·

217 2110 299 2137 habet
314 2112 411 2140 totum,
424 2106 472 2140 ,ita
489 2105 591 2133 eaedem
609 2109 636 2131 et
651 2102 791 2138 proprium
812 2101 895 2128 situm
908 2100 1000 2127 haberi

1081 2103 1136 2134 θαι,
1151 2103 1189 2135 ὡς
1203 2103 1233 2129 τὸ
1247 2103 1331 2138 μανὸν
1347 2104 1396 2130 καὶ
1410 2102 1441 2130 τὸ
1461 2103 1563 2129 πυκνόν
1575 2103 1583 2129 ι
1595 2102 1629 2129 τὰ
1645 2102 1675 2128 δὲ
1695 2099 1838 2138 προαιρέσει

217 2160 345 2192 possunt,
362 2159 460 2190 praeter
488 2161 550 2181 eum
577 2159 659 2187 quem
674 2151 755 2177 habet
778 2154 876 2177 totum.
905 2149 1000 2176 l‘iorun

1079 2158 1103 2182 ›ς
1117 2150 1148 2177 τὺ
1161 2149 1207 2177 τὸν
1224 2150 1368 2185 ἄνθρωπον
1382 2149 1549 2182 καθέζεσθαι
1559 2157 1566 2164 ”
1579 2149 1651 2176 τάδι
1663 2149 1758 2184 τέχνῃ,
1770 2146 1804 2178 ὡς
1815 2144 1840 2170 τδ

218 2210 283 2231 vero
304 2209 365 2237 quae
387 2202 470 2229 situm
484 2199 595 2229 habent,
613 2197 667 2224 alia
693 2200 791 2223 natura
805 2195 931 2223 eumdem
950 2202 1013 2222 sor-

219 2249 268 2276 tita
283 2252 358 2280 sunt,
382 2246 465 2274 veluti
489 2251 582 2272 rarum
601 2247 630 2270 et
656 2243 771 2269 densum
790 2248 798 2274 ;
814 2240 865 2267 alia
884 2240 1013 2273 arbitrio.

1061 2195 1108 2222 τὸν
1131 2195 1279 2231 ἀνδριάντα
1299 2195 1428 2222 ἵστασθαι
1440 2203 1448 2211 ⁸
1465 2195 1500 2222 τὰ
1513 2194 1541 2222 δὲ
1561 2194 1632 2231 τύχῃ
1642 2215 1650 2228 ,
1666 2194 1704 2226 ὼς
1717 2192 1787 2220 τόνδε
1801 2190 1839 2217 τὸν

1061 2241 1138 2269 λίθον
1151 2242 1269 2269 πεσόντα
1283 2241 1332 2268 ὡδὶ
1345 2241 1463 2269 κεῖσθαι.

218 2303 244 2322 0-
264 2302 319 2328 μιν
333 2292 471 2320 hominem
487 2289 601 2322 “de”;
619 2287 673 2315 alia
691 2291 760 2320 πιθι
774 2293 800 2314 θ·
822 2293 882 2322 8νά
894 2290 1015 2315 statuam
1035 2292 1110 2316 stare
1123 2297 1131 2322 ;
1143 2289 1197 2316 alia
1211 2289 1322 2316 fortuna
1337 2296 1385 2316 seu
1401 2295 1478 2321 easu,
1500 2295 1526 2315 e.
1560 2295 1614 2323 gr.,
1634 2287 1717 2314 talem
1736 2284 1840 2320 lapidem

218 2341 361 2375 delapsum
376 2338 428 2365 hac
444 2336 550 2364 ratione
560 2335 664 2370 jacere.

254 2386 284 2414 2.
299 2384 445 2419 Proprium
466 2389 532 2410 vero
549 2385 591 2409 est
608 2381 678 2416 ejus.
706 2379 781 2414 quod
794 2379 878 2407 situm
893 2383 949 2412 est,
964 2381 1013 2407 de-

220 2431 391 2461 uominative
417 2436 433 2456 a
461 2428 516 2456 situ
544 2427 608 2462 (seu
635 2424 784 2461 positione)
815 2424 880 2453 dici.
905 2425 929 2452 Α
954 2433 1013 2453 ses-

221 2480 299 2508 sione
313 2477 388 2505 enim
402 2475 502 2503 dicitur
517 2474 622 2506 sedere,
641 2477 667 2501 et
690 2480 706 2500 a
719 2472 838 2500 statione
850 2476 935 2505 stare,
953 2476 980 2498 et
999 2479 1014 2498 a

222 2523 404 2554 reclinatioue
422 2521 584 2549 reclinatum
598 2527 670 2552 esse,
695 2524 778 2554 atque
793 2518 821 2546 in
838 2519 900 2546 aliis
916 2518 1014 2546 simili«

223 2580 274 2601 ter.
287 2571 377 2605 Quare
385 2574 411 2597 et
423 2570 449 2597 in
460 2569 560 2605 quibus
571 2568 737 2603 positionum
750 2574 803 2593 non
818 2570 881 2593 sunt
892 2566 1015 2598 nomina,

224 2627 314 2654 neque
347 2617 502 2652 specierum
529 2614 638 2650 jacendi
666 2621 766 2641 nomen
795 2613 882 2640 adest.
906 2611 1014 2640 Etenim

225 2667 290 2694 huic
312 2665 360 2693 tali
385 2662 609 2700 conligurationi,
625 2660 698 2688 verbi
725 2660 812 2696 gratia
836 2659 957 2687 cornicis
969 2664 1017 2686 aut

225 2710 338 2738 alterius
353 2709 516 2744 cujusquam
529 2706 587 2734 avis
604 2705 710 2732 nullum
726 2708 816 2732 exstat
832 2711 943 2737 nomen,
953 2704 1017 2738 quia

226 2765 277 2785 nec
292 2757 355 2784 huic
378 2756 425 2784 tali
440 2753 572 2791 positioni
595 2756 684 2780 exstat
707 2757 830 2783 nomen;
856 2757 909 2785 qua
939 2750 966 2776 in
989 2757 1018 2776 re

227 2812 279 2832 nec
295 2802 419 2839 auspices
430 2801 509 2828 nobis
523 2797 747 2832 reiragabuntur.
767 2795 869 2822 Dautes
889 2795 961 2822 enim
977 2794 1018 2822 ni-

229 2849 283 2875 mio
312 2848 403 2876 studio
431 2845 526 2882 ﬁguris
552 2841 713 2870 animalium
739 2840 853 2868 nomina
879 2841 923 2868 vel
936 2841 1020 2868 etiam

228 2895 394 2930 positionum
424 2892 536 2921 immitia
561 2889 637 2925 prius
661 2887 814 2923 assignant,
843 2887 884 2916 vel
905 2895 920 2915 a
940 2887 1020 2915 nobis

1100 2379 1137 2415 β’.
1160 2379 1239 2405 Ἔστι
1253 2377 1282 2406 δὲ
1298 2378 1364 2405 [διον
1377 2377 1424 2405 τοῦ
1439 2377 1548 2404 κεῖσθαι
1562 2384 1593 2404 το
1609 2375 1782 2412 παρωνύμως
1796 2371 1841 2399 ἀπὺ

1061 2426 1113 2462 τῆς
1131 2426 1232 2457 θέσεως
1246 2425 1375 2460 λέγεσθαι
1385 2432 1392 2440 ⁸
1407 2424 1462 2452 ἀπό
1481 2433 1512 2451 τε
1533 2424 1588 2460 γὰρ
1608 2424 1658 2458 τῆς
1672 2422 1802 2458 καθέδρας
1817 2417 1842 2444 τδ

1064 2471 1229 2504 καθέζεσθαι
1247 2471 1358 2506 λέγεται
1370 2490 1378 2503 ,
1393 2471 1440 2497 καὶ
1453 2470 1508 2497 ἀπὸ
1528 2470 1580 2505 τῆς
1598 2469 1720 2501 στάσεως
1734 2467 1763 2495 τὸ
1775 2467 1842 2493 ἵστα·

1066 2518 1139 2550 σθαι,
1155 2518 1203 2545 καὶ
1214 2517 1268 2544 ἀπὸ
1279 2517 1330 2552 τῆς
1346 2516 1518 2548 ἁναχλίσεως
1533 2516 1564 2543 τὸ
1580 2514 1774 2543 ἀνακεκλίσθαι
1784 2521 1791 2528 ”
1803 2509 1844 2537 καὶ

1069 2564 1115 2591 ἐπὶ
1130 2564 1184 2591 τῶν
1203 2563 1291 2591 ἄλλων
1302 2562 1452 2594 ὡσαύτως·
1467 2562 1508 2589 διὸ
1524 2562 1573 2589 καὶ
1590 2563 1619 2589 ὲν
1634 2559 1676 2593 οἷς
1692 2560 1744 2588 τῶν
1757 2559 1845 2586 θέσεων

1072 2611 1109 2646 μή
1127 2611 1202 2637 ὲστιν
1217 2610 1351 2645 ὀνόματα,
1362 2609 1424 2637 οὐδὲ
1438 2610 1493 2637 τῶν
1509 2610 1590 2636 εἰδῶν
1604 2608 1652 2636 τοῦ
1665 2607 1769 2636 κεῖσθαέ
1781 2607 1845 2632 ἐστιν

1070 2658 1172 2691 ὖνομα·
1191 2657 1239 2684 καὶ
1255 2657 1309 2691 γὰρ
1321 2656 1360 2692 τῷ
1378 2656 1473 2691 τοιῷδε
1490 2655 1676 2692 σχηματισμῷ
1690 2656 1714 2681 εξ
1729 2654 1793 2688 τύχῃ
1805 2650 1845 2682 τῆς

1071 2704 1195 2740 κορώνης
1210 2705 1228 2740 ἦ
1243 2704 1325 2731 ἄλλου
1340 2703 1414 2735 τινὸς
1430 2703 1482 2730 οὐκ
1496 2703 1571 2730 ἐστιν
1586 2702 1672 2739 ὗνομα
1684 2701 1729 2728 διὰ
1745 2700 1773 2727 τὸ
1788 2695 1845 2733 μηδὲ

1073 2751 1122 2786 τῆς
1137 2750 1267 2786 τοιαύτης
1283 2749 1385 2781 θέσεως
1399 2749 1486 2785 ὄνομα
1509 2746 1580 2776 εἶναι
1597 2750 1645 2776 καὶ
1670 2745 1845 2775 οἰωνοσκόπων

1073 2798 1139 2832 ἡμῖν
1162 2796 1192 2823 ού
1216 2795 1434 2832 διενεχθήσονται
1462 2796 1575 2827 παῖδες·
1601 2795 1717 2825 διδόντες
1745 2791 1795 2827 γὰρ
1819 2790 1845 2813 ἐκ

1074 2841 1175 2878 πολλῆς
1192 2841 1349 2876 φιλοτιμίας
1362 2842 1417 2873 τοῖς
1439 2841 1562 2878 σχήμασι
1578 2841 1632 2868 τῶν
1650 2841 1724 2874 ζώων
1739 2839 1845 2872 ὀνόματα

1073 2889 1090 2922 ἢ
1109 2890 1156 2916 καὶ
1170 2889 1225 2916 τῶν
1241 2888 1344 2916 θέσεων
1368 2888 1573 2925 προδεδώκασιν
1587 2890 1604 2925 ἢ
1620 2889 1711 2916 λαὸεῐν
1725 2885 1775 2913 εισι
1790 2879 1845 2915 παρ’
