1863 3064
60 190 105 221 809
421 190 472 220 AD
490 187 787 220 AMPZIILOCHIUM
815 186 988 222 QUIESTIO
1001 187 1124 218 CXLVI,
1149 187 1289 217 CXLVII‘

1613 187 1666 218 810

60 245 128 280 ἡμῶν
139 243 223 279 ἔνοχοι
236 251 244 260 ·
255 243 324 270 ἀλλὰ
342 244 406 278 περὶ
423 243 473 278 μὲν
488 242 591 270 τούτοιν
605 243 635 269 ὲν
649 241 751 272 ἄλλοις.
762 239 824 267 Δεύ-

916 241 1001 268 utuari
1015 244 1159 276 coguntur.
1189 240 1289 268 Verum
1320 241 1353 268 de
1382 241 1423 269 his
1442 241 1516 268 alibi.
1542 241 1667 269 Secunda

58 298 126 326 τερον
138 289 165 316 δὲ
179 289 242 316 ῐδιον
254 289 301 316 τοῦ
317 289 425 316 χεῖσθαι
447 289 478 315 τὸ
501 289 603 324 ὁμοίως
627 288 754 322 λέγεσθαι
769 287 830 314 κατ’

58 336 128 364 αὐτό⁴
141 336 240 371 ὁμοίως
255 335 310 371 γὰρ
330 335 468 371 καθῆσθαι
480 335 598 370 λέγομεν
615 335 660 361 καὶ
683 334 829 369 ἀνομοίως,

58 382 98 408 καὶ
112 381 302 408 ἁνακεκλίσθαι
317 381 417 416 ὁμοίως
432 382 480 407 καὶ
496 381 642 416 ἀνομοίως.
655 380 752 414 Τρίτον
765 379 830 406 ι’ὄιον

57 426 83 453 τὸ
105 426 136 452 τὰ
160 426 316 460 ἀναγόμενα
345 425 392 452 ὑπ’
413 425 498 461 αὐτὴν
521 425 559 461 μὴ
584 426 655 452 κατὰ
677 425 724 452 τὸν
748 424 831 452 αὐτὸν

57 471 190 505 ἀνάγεσθαι
215 471 333 507 τρόπον’
359 471 390 498 τὸ
409 471 460 506 μὲν
482 471 537 507 γὰρ
559 471 694 506 καθῆσθαι
711 471 829 507 πρώτως

57 517 172 550 ἀνάγεται
187 517 240 544 ὑπὸ
254 517 285 543 τὺ
299 517 407 544 κεῖσθαι
435 517 482 544 καὶ
502 517 561 544 ἔστι
578 518 682 553 κυρίως
703 518 828 545 κεῖσθαι”

55 562 81 588 τὸ
99 562 124 589 δὲ
145 562 327 598 καθεζόμενον
347 563 400 590 ὑπὸ
420 564 451 590 τὸ
475 564 582 590 χεῖσθαι
607 563 715 598 λέγεται
730 564 830 598 ἀνάγε-

57 607 118 640 σθαι,
140 608 180 634 ὃτι
194 608 247 635 ὑπὸ
259 609 291 635 τὸ
306 609 433 644 κείμενον
455 609 586 643 ἀνάγεται
609 609 736 645 πρώτως,
760 610 828 645 ὅπερ

55 653 104 680 ἐστὶ
128 654 268 689 σύστοιχον
291 654 331 690 τῷ
363 655 489 682 κεῖσθσιο
509 655 642 687 ὡσαύτως
665 656 692 682 δὲ
721 656 770 683 καὶ
798 655 829 682 τὸ

56 699 186 734 ἱστάμενον
199 700 248 726 καὶ
262 699 293 726 τὸ
307 700 524 735 ἀνακεκλιμένον
544 700 597 727 ὑπὸ
613 701 644 727 τὸ
659 701 767 728 χεῖσθαι
785 701 829 729 λέ-

55 753 135 779 γονται
158 745 330 780 ἀνάγεσθαι,
354 747 395 774 ὄτι
423 746 477 774 ὑπὸ
510 746 541 774 τὸ
572 747 714 783 σύστοιχον
745 747 827 775 αὑτοῦ

55 791 156 828 πρώτως
184 793 348 826 ἀνάγονται⁸
379 793 428 820 καὶ
455 793 535 830 δῆλον
561 794 721 828 κάντεῦθεν,
745 795 759 821 ὃ
782 795 829 822 καὶ

54 839 215 874 προείρηται,
235 840 277 866 ὅτι
301 839 329 866 al
344 839 506 876 κατηγορίαι
528 840 560 867 οὐ
574 841 683 873 πάντως
707 849 828 877 κατηγο-

54 883 149 917 ροῦνται
171 884 210 915 ὡς
224 886 259 910 τὰ
274 884 352 920 γένη.
369 884 506 920 Τέταρτον
533 885 599 912 ἴδιον
613 885 661 912 τοῦ
675 886 783 913 κεῖσθαι
796 886 828 912 τὸ

55 929 217 966 ἀποτέλεσμα
232 928 303 957 εἶναι
321 931 387 957 αὐτὸ
401 930 451 965 τῆς
472 931 573 963 θέσεως
600 932 647 958 καὶ
668 930 699 959 οὗ
720 933 793 959 ἐστιν
811 933 825 967 ἡ

53 974 132 1007 θέσις·
150 977 197 1002 καὶ
212 976 257 1011 εἴη
270 977 303 1004 ἂν
319 977 423 1012 κυρίως
439 977 504 1004 ἴδιον
518 977 558 1003 ὅτι
574 978 621 1004 καὶ
635 979 825 1014 ἀντιστρέφειι

52 1021 110 1058 ὅπερ
123 1023 174 1059 γάρ
190 1023 251 1050 ἐστι
268 1024 392 1056 κεῖσθαι,
418 1024 473 1051 ἀπό
496 1032 526 1050 τε
548 1025 600 1060 τῆς
620 1024 719 1057 θέσεως
735 1024 828 1054 κα).τοῦ

52 1068 114 1094 ἔστιν
134 1070 150 1104 ἠ
170 1069 248 1101 Θέσις
272 1069 457 1105 amanuen-
485 1071 532 1097 καὶ
556 1071 626 1106 ὅπερ
643 1072 702 1098 ἐστὶ
729 1073 826 1104 ταῦτα,

53 1114 145 1141 κεῖσθαί
159 1116 230 1142 ἐστι.
244 1116 298 1142 Καὶ
312 1116 376 1152 περὶ
391 1117 441 1151 μὲν
455 1117 502 1152 τῆς
519 1117 620 1150 θέσεως
632 1118 719 1145 ταῦτα
730 1127 737 1134 ·
752 1119 788 1146 τὰ
799 1119 828 1145 δὲ

53 1160 112 1186 κατὰ
128 1160 267 1194 ἀπόφασιν
291 1160 345 1187 ἴδια
369 1160 484 1199 πλεῖστά
499 1169 531 1195 γε
548 1161 614 1188 ὄντα
637 1162 685 1188 καὶ
708 1162 758 1188 οὐκ
782 1163 830 1188 ἐπὶ

54 1205 110 1231 πολὺ
124 1206 249 1241 χρήσιμα
263 1227 271 1238 ,
289 1206 377 1237 ἄλλως
393 1215 423 1233 τε
437 1206 466 1234 δὲ
482 1208 530 1234 καὶ
548 1207 699 1243 εὐπόριστα
712 1208 828 1235 κάνθάδε

53 1251 259 1287 παραλελείφθω.

301 1319 470 1346 ΕΡΩΤΗΣΙΣ
487 1320 574 1346 ΡΜΖ’.

314 1376 385 1403 Ilsol
398 1375 452 1403 τοῦ
469 1384 504 1402 :Ic
511 1377 551 1403 τέ.

882 287 1035 321 proprietas
1050 295 1057 313 :
1072 287 1201 314 similiter
1223 287 1275 314 dici
1293 294 1326 314 ac
1344 287 1528 315 dissimiliter.
1544 287 1669 316 Dicimus

880 333 954 360 enim
970 333 1095 360 similiter
1105 333 1199 361 sedere
1209 341 1241 360 ac
1255 333 1437 365 dissimiliter,
1452 338 1480 361 et
1492 333 1669 362 discumbere

881 380 1008 408 similiter
1043 385 1127 415 atque
1161 380 1342 408 dissimiliter.
1383 379 1474 407 Tertia
1502 381 1667 415 proprietas,

881 427 954 461 quod
970 434 1031 462 qua
1056 426 1091 453 ad
1115 426 1188 454 istud
1216 426 1458 461 [medicamentum
1486 427 1668 460 reducuntur,

881 479 935 498 non
981 471 1076 499 eodem
1113 472 1284 499 reducuntur
1322 471 1415 499 modo.
1457 471 1557 500 Sedere
1593 473 1667 500 enim

879 518 968 554 primo
988 518 1128 546 reducitur
1144 517 1179 545 ad
1194 517 1279 545 silum
1305 525 1367 545 esse
1383 522 1478 553 estque
1502 518 1610 553 proprie
1625 518 1667 553 ja-

880 572 952 597 cere,
964 572 1012 592 seu
1025 564 1107 591 situm
1119 571 1178 591 esse
1191 564 1306 594 :sedens
1320 571 1385 591 vero
1412 563 1445 590 ad
1460 563 1552 598 jacere
1567 562 1667 591 dicitur

880 610 984 643 reduci,
1004 610 1069 645 quia
1096 609 1226 645 adjacens
1253 610 1341 644 primo
1364 609 1517 641 reducitur,
1540 609 1613 645 quod
1641 610 1668 636 in

879 657 975 685 eadem
990 662 1032 684 est
1046 657 1129 688 serie,
1140 664 1194 691 qua
1209 660 1236 684 et
1247 657 1359 690 jacere;
1386 656 1423 683 ita
1437 661 1464 683 ct
1479 662 1554 684 stans
1569 661 1596 683 et
1611 657 1668 684 dis—

879 704 1013 732 cutuhens
1029 703 1062 730 ad
1074 703 1167 738 jacere
1187 703 1316 730 dicuntur
1332 701 1436 734 reduci,
1456 702 1520 737 quia
1538 702 1572 729 ad
1590 702 1668 728 aliine

879 750 940 785 ejus
955 750 1045 785 primo
1060 749 1248 781 reducuntur;
1278 752 1361 782 atque
1387 747 1451 774 hinc
1472 747 1554 774 ctiam
1578 747 1666 773 mani-

881 795 980 823 festum
1008 795 1047 829 tit,
1074 795 1145 830 quod
1174 799 1202 822 et
1232 798 1313 821 antea
1329 793 1434 820 dictum
1451 792 1514 825 fuit,
1531 792 1665 827 przcdica-

879 847 972 869 menta
997 850 1051 869 non
1075 841 1188 868 omnino
1212 839 1355 875 prmdieari
1382 844 1409 866 ut
1437 846 1548 874 genera.
1564 838 1667 871 Quarta

881 889 1046 924 proprietas,
1076 888 1166 923 ipsum
1181 895 1243 915 esse
1257 887 1383 915 eﬁ'cctum
1399 886 1481 918 situs,
1497 890 1522 913 et
1538 885 1596 920 ejus
1621 892 1669 911 cu-

878 936 925 972 jus
941 936 1012 964 situs
1026 940 1088 968 est;
1103 934 1176 971 quod
1201 935 1284 961 etiam
1311 941 1375 961 vere
1404 932 1489 960 fuerit
1508 932 1668 967 proprium;

881 992 946 1012 nam
963 989 991 1012 et
1009 984 1189 1012 convertitur.
1205 981 1283 1015 Quod
1297 980 1369 1008 enim
1378 979 1528 1014 estjacere,
1543 983 1570 1005 ct
1583 986 1598 1004 ο
1615 977 1668 1004 situ

879 1036 907 1057 et
918 1029 952 1056 ab
963 1036 1007 1062 eo,
1037 1028 1118 1063 cujus
1141 1032 1183 1055 est
1201 1027 1282 1058 situs.
1309 1025 1436 1053 cﬂectum
1464 1029 1518 1055 est,
1542 1028 1570 1050 et
1594 1023 1666 1057 quod

879 1076 937 1104 haec
956 1075 1046 1108 habet,
1057 1075 1149 1110 jacere
1165 1078 1220 1102 est.
1244 1073 1334 1108 Atque
1352 1073 1408 1099 haec
1425 1072 1458 1099 de
1472 1071 1537 1098 situ.
1554 1068 1667 1104 Propria

879 1127 970 1150 autem
1000 1121 1135 1155 negativa,
1167 1127 1229 1147 cum
1263 1118 1387 1154 plurimae
1415 1117 1471 1143 sint
1502 1123 1551 1142 nec
1577 1114 1669 1141 multa:

879 1167 1017 1200 utilitatis,
1032 1171 1060 1194 et
1075 1166 1245 1200 czeteroquin
1263 1164 1343 1192 facile
1363 1163 1452 1198 colligi
1478 1166 1590 1196 queant,
1616 1160 1668 1187 hoc

877 1212 959 1239 etiam
976 1212 1037 1238 loco
1050 1210 1214 1237 ornittimus.

966 1319 1132 1354 QUzESTIO
1150 1318 1268 1347 CXLVII
1288 1317 1385 1353 [CoisL
1401 1314 1564 1350 CLXXXII].

984 1378 1021 1405 De
1038 1378 1143 1404 auando
1155 1385 1201 1404 seu
1226 1378 1258 1403 de
1272 1376 1405 1404 cateaoria
1423 1375 1556 1407 temporis.

561 1453 632 1479 Nunc
645 1454 749 1486 primum
761 1456 825 1481 edita
838 1464 852 1481 a
866 1458 893 1482 D.
911 1457 1124 1488 llergenroether.

81 1518 149 1546 Ποτὲ
163 1519 193 1546 δέ
211 1519 271 1546 ἐστι
286 1519 317 1545 τὸ
330 1519 360 1545 ὲν
375 1519 465 1554 χρόνῳ
488 1517 570 1546 εἶναι.
592 1519 658 1555 Εῑδη
683 1520 713 1546 δὲ
742 1520 825 1547 αὐτοῦ

51 1565 154 1593 τοσαῦτα
164 1586 172 1598 ,
189 1566 242 1592 ὃσα
258 1564 419 1592 ὑποτίθεταί
442 1573 484 1597 τις
498 1563 570 1592 εἶναι
585 1566 632 1592 καὶ
647 1567 693 1592 τοῦ
710 1566 806 1602 χρόνου
818 1575 825 1582 ⁸

52 1611 72 1636 εἰ
84 1611 127 1646 μὲν
147 1612 202 1648 γὰρ
224 1611 389 1647 συναριθμεῖ
399 1620 441 1643 τις
455 1612 502 1638 καὶ
513 1611 543 1638 τὸ
557 1611 616 1644 νῦν,
629 1613 689 1639 ἐστὶ
701 1613 766 1648 τρία
777 1621 785 1628 '
801 1614 827 1640 εἰ

52 1656 127 1692 tum,
141 1659 210 1694 ὅπερ
229 1659 277 1685 καὶ
291 1658 459 1693 ἀληθὲς,δύο
469 1666 476 1674 ’
493 1658 523 1685 τό
534 1667 564 1685 τε
581 1659 609 1685 ὲν
627 1659 827 1694 παρεληλυθότι

53 1700 111 1729 εἶναι
125 1705 170 1730 καὶ
183 1705 216 1730 ὲν
243 1702 379 1739 μέλλοντι.
394 1704 456 1730 Ἔτι
473 1704 503 1731 τὸ
518 1705 547 1730 ὲν
558 1704 647 1740 χρόνῳ
661 1701 731 1732 εἶναι
748 1705 826 1740 λεγό-

55 1755 121 1781 μενον
133 1749 147 1785 ἦ
159 1750 188 1776 ὲν
207 1750 311 1784 πρώτῳ
325 1746 396 1776 εἷναι
419 1749 531 1784 λέγεται
546 1751 563 1786 ῆ
577 1750 605 1777 ἐν
619 1751 739 1787 δευτέρῳ
750 1760 757 1766 ·
779 1753 826 1778 καὶ

53 1795 76 1820 ὲν
87 1797 188 1833 πρώτῳ,
203 1798 270 1824 ὅταν
282 1798 296 1824 ό
310 1798 406 1833 χρόνος
420 1798 458 1833 μή
471 1799 530 1825 ἐστι
549 1799 650 1834 μείζων
666 1800 735 1834 μήτε
749 1799 827 1825 ἐλάτ-

53 1847 96 1868 των
107 1843 151 1878 τῆς
165 1845 302 1879 κινήσεως
321 1843 370 1870 τοῦ
385 1843 534 1878 λεγομένου
549 1845 579 1871 ἐν
591 1845 666 1880 αὐτῷ
688 1843 758 1872 εἶναι
769 1852 776 1860 ο
796 1847 826 1872 ὲν

52 1887 155 1924 δευτέρῳ
175 1890 215 1922 δὲ,
241 1891 307 1917 ὅταν
371 1889 473 1925 μείζων
493 1891 541 1917 καὶ
565 1890 826 1926 ὑπερεκτεινόμενος

51 1933 92 1967 τῆς
113 1935 262 1971 κινήσεως·
289 1935 356 1962 καθό
378 1944 469 1971 φαμεν
491 1937 516 1963 εί
542 1935 621 1971 τύχοι
649 1937 678 1964 ὲν
701 1939 734 1972 τῇ
762 1938 825 1972 χθὲς

53 1980 130 2017 ἡμέρᾳ
142 1982 218 2009 τόνδε
233 1982 425 2018 γεγεννῆσθαι,
436 1983 474 2018 μὴ
487 1982 551 2018 ὅλης
567 1983 619 2018 τῆς
635 1983 699 2018 χθὲς
716 1985 825 2019 ἡμέρας

52 2025 245 2061 παραταθείσης
272 2027 305 2062 τῇ
328 2027 455 2062 γεννήσει
479 2027 584 2061 αὑτοῦ,
612 2028 682 2055 ἀλλὰ
711 2029 825 2064 βραχέος

53 2070 93 2102 μέν
114 2079 183 2104 τινος
205 2072 390 2107 διαστήματος
413 2073 482 2108 αὐτῇ
500 2074 756 2109 συμμετρηθέντος,
776 2075 824 2102 τοῦ

52 2114 73 2141 δὲ
83 2115 156 2144 ἄλλου
174 2117 273 2153 χρόνου
292 2119 501 2154 ὑπερταθέντος.
512 2119 574 2146 Ἔτι
588 2120 635 2146 τοῦ
651 2120 717 2147 ποτὲ
730 2122 761 2147 τὸ
775 2121 825 2156 μέν

51 2160 112 2189 ἔστιν
132 2163 298 2199 ὡρισμένον,
321 2165 352 2191 τὸ
376 2165 404 2191 δὲ
424 2164 455 2191 οὗ
467 2173 475 2180 '
492 2165 645 2201 ὡρισμένον
661 2167 721 2201 μὲν,
735 2167 772 2198 ὡς
792 2167 824 2193 τὸ

52 2206 112 2241 χθὲς,
128 2210 259 2244 σήμερον,
278 2209 383 2246 αὔριον.
395 2210 506 2246 πέρυσι,
522 2211 570 2237 καὶ
581 2211 616 2238 τὰ
628 2212 709 2246 ὃμοια
719 2220 725 2226 ·
747 2212 824 2248 ἀόρι-

916 1522 1029 1554 Quando
1046 1521 1126 1549 estin
1146 1525 1267 1556 tempore
1283 1527 1354 1547 esse.
1378 1518 1490 1553 Species
1506 1524 1588 1552 porro
1607 1515 1668 1551 cius

854 1598 861 1605 ‘
881 1572 1001 1599 tutsuut.
1014 1567 1151 1603 quotquis
1159 1567 1287 1602 supponit
1297 1571 1323 1592 ct
1337 1564 1467 1599 temporis
1477 1571 1538 1592 esse
1550 1562 1667 1598 species.

881 1613 910 1640 Si
935 1615 997 1649 quis
1025 1614 1098 1642 enim
1112 1618 1139 1641 et
1153 1621 1274 1648 pra‘sens
1293 1615 1462 1639 momentum
1477 1613 1666 1640 connunteret,

878 1665 959 1687 erunt
973 1665 1027 1687 tres
1045 1669 1052 1693 ;
1068 1661 1110 1687 sin
1124 1665 1227 1692 autem,
1242 1658 1314 1694 quod
1333 1663 1360 1685 et
1375 1664 1479 1689 verum,
1497 1656 1558 1683 duae
1573 1665 1579 1682 :
1597 1664 1666 1690 pra:-

878 1707 988 1734 teritum
1012 1711 1039 1734 et
1059 1707 1191 1733 futurum.
1228 1705 1292 1732 Item
1316 1704 1387 1739 quod
1411 1704 1438 1730 in
1459 1708 1582 1737 tempore
1607 1709 1668 1729 esse

877 1754 989 1783 dicitur,
1007 1758 1054 1780 aut
1069 1754 1095 1779 in
1109 1752 1199 1787 primo
1212 1757 1261 1778 aut
1282 1751 1309 1777 in
1327 1750 1450 1778 secundo
1467 1757 1529 1776 esse
1545 1748 1666 1780 dicitur;

877 1799 905 1826 in
923 1799 1023 1833 primo,
1040 1799 1152 1832 quando
1169 1803 1278 1832 tempus
1307 1804 1358 1824 nec
1388 1796 1478 1831 majus
1491 1800 1534 1823 est
1548 1803 1598 1822 nec
1612 1795 1665 1822 mi-

877 1854 930 1874 nus
947 1851 1019 1872 motu
1033 1846 1104 1880 ejus,
1119 1845 1192 1880 quod
1208 1844 1310 1872 dicitur
1326 1843 1352 1870 in
1368 1843 1414 1869 illo
1429 1851 1508 1875 esse;
1528 1843 1555 1868 in
1567 1849 1666 1869 sccun-

876 1891 923 1923 do,
940 1891 1050 1925 quando
1074 1890 1163 1924 majus
1188 1889 1225 1916 sit
1245 1888 1388 1924 magisque
1400 1892 1556 1918 extensum,
1582 1893 1665 1921 quam

877 1940 978 1964 motus.
995 1935 1056 1968 Quo
1073 1942 1156 1962 sensu
1180 1933 1309 1964 dicimus,
1341 1941 1367 1960 e.
1398 1940 1453 1968 δικ,
1469 1932 1600 1959 hesterno
1621 1931 1666 1958 die

877 1982 951 2009 hunc
975 1981 1116 2008 hominem
1146 1984 1239 2006 natum
1263 1987 1336 2012 esse,
1360 1986 1423 2006 cum
1445 1985 1499 2004 non
1523 1981 1595 2004 totus
1607 1977 1666 2004 dies

876 2033 1039 2056 coextensus
1069 2027 1151 2054 fuerit
1178 2026 1239 2061 ejus
1267 2025 1414 2057 nativitati,
1434 2025 1481 2052 sed
1500 2024 1581 2051 breve
1601 2031 1666 2058 spa-

878 2074 944 2100 tium
961 2073 998 2100 illi
1025 2079 1213 2099 conuncnsutn
1228 2071 1273 2103 sit,
1307 2069 1444 2104 reliquum
1475 2076 1540 2096 vero
1559 2073 1665 2102 tempus

876 2124 1115 2154 superextensum.
1130 2118 1243 2152 Insuper
1253 2116 1363 2152 quando
1375 2116 1448 2143 aliud
1457 2120 1500 2143 est
1509 2115 1663 2147 deﬁnitum,

876 2165 950 2192 aliud
964 2172 1029 2192 vero
1048 2173 1120 2192 non:
1136 2164 1289 2196 deﬁnitum,
1319 2169 1349 2191 ut
1367 2162 1436 2196 heri,
1468 2162 1560 2194 hodie,
1591 2169 1664 2194 cras,

877 2219 949 2239 anno
959 2211 1104 2246 superiori,
1114 2215 1142 2239 et
1157 2211 1198 2238 his
1212 2211 1329 2242 similia;
1346 2210 1530 2241 indeﬁnitum.
1547 2215 1575 2237 ut
1586 2208 1663 2242 olint,

52 2259 103 2280 στθν
123 2255 150 2282 δὲ
170 2256 208 2287 ὡς
224 2256 254 2282 τὸ
269 2255 365 2288 πάλαι,
383 2256 538 2291 πρόπαλαι,
557 2257 633 2292 ἄρτι1
653 2257 722 2293 μετὰ
739 2258 820 2284 τάδε·

916 2256 1048 2291 Itpl‘ldelll,
1070 2263 1167 2290 nuper,
1191 2255 1376 2290 postmodum.
1405 2254 1536 2290 Spectant
1551 2255 1616 2281 item
1630 2254 1664 2281 ad

51 2303 85 2337 είη
98 2302 119 2329 δ’
133 2303 165 2330 ἂν
180 2303 229 2330 καὶ
241 2303 328 2330 ταῦτα
346 2303 393 2330 τοῦ
408 2303 485 2336 ποτὲ,
497 2303 570 2338 λέγω
581 2304 614 2339 δὴ
630 2304 660 2331 τὸ
674 2305 718 2331 ὅτε
734 2305 781 2331 καὶ
793 2306 825 2331 τὸ

51 2348 100 2374 τότε
113 2349 160 2375 καὶ
176 2350 207 2376 τὺ
219 2349 352 2385 πρότερον
367 2350 415 2377 καὶ
426 2349 550 2386 ὕστερον,
573 2351 621 2378 καὶ
638 2351 696 2386 ἅμα
711 2352 758 2378 καὶ
772 2351 824 2386 ήδη

53 2394 90 2420 καὶ
103 2394 184 2430 βραδὺ
208 2396 257 2423 καὶ
272 2395 352 2431 ταχύ.
377 2396 483 2423 Εἱδέναι
502 2396 530 2423 δὲ
546 2396 620 2432 χρὴ,
642 2397 682 2423 ὅτι
698 2396 729 2423 τὸ
748 2396 822 2431 χθὲς,

54 2439 169 2475 σήμερον,
179 2441 286 2476 αὔριον,
297 2442 344 2468 καὶ
351 2441 386 2468 τὰ
396 2442 488 2476 ὅμοια,
501 2441 634 2476 ὸμώνυμά
642 2442 710 2472 ἐστι⁹
722 2441 760 2476 πῆ
773 2442 823 2477 μὲν

52 2486 96 2520 γὰρ
109 2488 203 2522 χρόνον
217 2488 298 2523 μόνον
309 2488 436 2523 σημαίνει
460 2488 507 2514 καὶ
533 2487 608 2514 ἐστιν
621 2487 678 2523 εῐδη
694 2487 743 2514 τοῦ
759 2487 824 2522 χρό-

53 2539 98 2565 νον,
110 2534 146 2569 πῆ
158 2534 188 2561 δὲ
201 2534 232 2560 τὸ
249 2535 278 2561 ὲν
297 2533 385 2569 χρόνῳ
405 2532 474 2560 εἷναί
493 2542 520 2560 τι
541 2532 590 2559 καὶ
605 2533 679 2559 ἐστιν
702 2533 760 2568 εῐδη
776 2533 824 2560 τοῦ

53 2579 118 2606 πἠὶ·
143 2581 191 2606 καὶ
215 2579 310 2615 λέληθε
336 2579 415 2605 τοῦτο
435 2580 483 2605 καὶ
506 2578 561 2605 τῶν
583 2578 667 2605 πάλαι
689 2577 823 2610 δοξάντων

54 2624 220 2661 φιλοσοφῆσαι
233 2626 283 2653 οὐκ
299 2625 417 2659 ὀλίγους.
441 2624 576 2659 ’Υπάρχει
591 2617 619 2650 δὲ
632 2624 671 2659 τῷ
689 2623 754 2651 ποτὲ
773 2624 824 2659 μά-

53 2671 118 2700 λιστα
132 2674 161 2700 τὺ
175 2673 392 2708 προσσημαίνειν
407 2671 520 2707 χρόνον·
539 2671 578 2697 ἔτι
601 2670 629 2697 δὲ
654 2671 718 2697 ἴδιον
739 2670 823 2696 αὐτοῦ

53 2717 78 2743 τὸ
89 2719 259 2755 ἀποτέλεσμα
273 2719 344 2746 εἶναι
359 2719 456 2754 χρόνου
471 2717 586 2745 καὶτῶν
601 2717 654 2743 ὑπὸ
671 2716 777 2752 χρόνον·
794 2717 823 2743 ὲν

53 2765 80 2798 τῇ
92 2766 154 2799 πρὸς
169 2765 238 2793 ἄλλα
253 2765 330 2800 (γὰρ
343 2764 467 2799 τούτων)
493 2764 558 2798 ποιᾷ
573 2763 665 2797 σχέσει
688 2762 822 2797 λαμϐάνει

53 2809 92 2843 τὴν
102 2809 229 2846 ὓπαρξιν·
247 2811 290 2846 εἴη
305 2810 328 2836 δ’
339 2810 373 2837 ἃν
385 2809 459 2844 αὐτῷ
478 2809 596 2843 μάλιστα
611 2807 689 2835 τοῦτο
704 2807 734 2834 τὺ
747 2807 821 2834 ἴδιον·

55 2854 117 2890 μόνῳ
131 2864 160 2882 τε
176 2856 232 2892 γὰρ
248 2855 367 2891 ὑπάρχει
380 2855 428 2882 καὶ
449 2853 717 2888 ἀντικατηγορεϊται.
740 2852 821 2879 Ἀλλὰ

55 2907 92 2926 ιιι
118 2902 181 2938 περὶ
207 2901 253 2929 τοῦ
277 2901 344 2929 ποτὲ
366 2900 484 2928 τοσαῦτα
511 2898 590 2926 τοῦτο
612 2899 643 2926 τὸ
670 2897 819 2932 κάνταῦθα,

876 2303 987 2338 quando
997 2307 1025 2330 et
1037 2302 1112 2336 hinc;
1127 2302 1196 2329 dum
1213 2307 1295 2336 atque
1311 2307 1368 2329 tum
1379 2306 1406 2329 et
1422 2301 1510 2336 prius,
1527 2305 1554 2328 et
1571 2305 1663 2335 poste-

877 2348 945 2382 rius,
957 2353 986 2376 et
1000 2349 1095 2381 simul,
1110 2353 1137 2376 et
1146 2348 1215 2383 jam,
1229 2354 1254 2375 et
1267 2349 1426 2380 tandem,et
1435 2348 1498 2375 cito.
1514 2347 1662 2374 Sciendum

876 2402 970 2430 porro,
994 2395 1124 2423 adverbia
1148 2395 1200 2422 ista
1218 2395 1287 2427 heri,
1313 2395 1405 2428 hodie,
1431 2402 1493 2422 cras
1507 2398 1534 2421 et
1549 2393 1662 2425 similia,

875 2441 1015 2476 aequivoca
1031 2449 1110 2474 esse;
1130 2441 1211 2468 modo
1230 2441 1303 2468 enim
1322 2447 1429 2476 tempus
1443 2440 1531 2468 solum
1557 2440 1663 2474 signiti-

875 2493 948 2520 cant,
965 2493 1084 2522 suntque
1107 2487 1238 2522 temporis
1249 2487 1374 2522 species;
1404 2487 1485 2514 tnodo
1509 2486 1664 2521 signiﬁcant

875 2534 980 2569 aliquid
1005 2542 1067 2562 esse
1085 2535 1111 2560 in
1126 2538 1259 2568 tempore,
1277 2538 1395 2567 suntque
1412 2533 1517 2567 species
1532 2532 1663 2567 praedica-

875 2581 958 2608 meuti
981 2580 1103 2616 quando.
1114 2579 1203 2614 Atque
1217 2579 1269 2606 hoc
1280 2578 1361 2606 latuit
1374 2583 1494 2606 veterum
1509 2586 1562 2605 non
1575 2577 1661 2606 inﬁmi

876 2627 994 2655 nominis
1022 2627 1248 2661 philosophorum
1273 2625 1347 2653 haud
1373 2632 1486 2660 paucos.
1504 2624 1552 2652 Est
1567 2629 1660 2652 autem

875 2673 939 2701 huic
954 2673 1163 2708 praedicamento
1181 2672 1321 2706 proprium
1338 2671 1457 2699 maxime
1470 2671 1661 2706 adsigniﬁcare

874 2725 1002 2754 tempus;
1036 2719 1100 2745 item
1124 2717 1250 2745 eﬁ'ectum
1283 2725 1344 2745 esse
1372 2717 1502 2752 temporis
1524 2722 1660 2744 eteorum

873 2773 934 2800 quae
947 2764 1062 2800 tempori
1078 2764 1206 2791 subsunt.
1225 2763 1337 2799 Hocque
1350 2763 1376 2790 in
1390 2769 1465 2791 certa
1480 2763 1598 2798 quadam
1612 2763 1660 2790 ha-

873 2811 997 2838 hitudine
1010 2810 1043 2837 ad
1064 2810 1116 2837 alia
1133 2809 1268 2842 consistit,
1281 2814 1378 2845 estque
1398 2810 1449 2844 ipsi
1465 2810 1583 2836 maxime
1597 2817 1661 2843 pro-

872 2854 1060 2890 prium:Soli
1090 2854 1189 2881 etenim
1208 2854 1278 2881 inest
1304 2859 1331 2881 et
1364 2859 1459 2880 mutuo
1485 2853 1656 2888 praedicatur.

875 2900 975 2930 Verum
995 2905 1022 2929 et
1037 2900 1070 2928 dc
1093 2900 1197 2935 quando
1224 2900 1280 2928 haec
1299 2900 1366 2928 satis
1378 2920 1385 2933 ,
1400 2900 1511 2928 omissis
1527 2900 1656 2928 nimirum
