1863 3064
182 157 233 194 811
759 163 887 194 ΡΗΟΊἪ
906 165 917 194 I

1070 166 1158 196 (ΖΗΕ
1172 166 1226 196 CP.
1751 163 1805 196 812

183 217 445 252 παραλελειμμένων
461 217 516 244 τῶν
531 219 602 245 κατὰ
618 219 755 253 ἀπόφασιν
779 220 852 247 ίδίων
880 220 913 247 δι’

1070 230 1075 249 :
1091 230 1201 257 quoque
1216 221 1349 257 negativis
1365 220 1574 257 proprietatibus
1590 220 1625 248 ob
1637 228 1737 251 causas
1747 221 1805 256 jam

182 264 270 295 αἰτίας
288 263 447 300 προέφημεν
468 264 534 300 (55).

382 273 447 300 ημεν
468 264 534 300 (55).
1020 266 1117 293 dictas.

828 333 993 366 QUIESTIO
1008 332 1146 361 CXLVIII.

705 418 948 457 EDITOBIS
997 417 1260 457 MONITUM-

212 513 332 546 Quzeslio
350 513 406 540 haec
419 513 510 541 locum
519 514 594 542 Pauli
608 514 734 547 δαισιν.
745 516 777 543 15
788 516 926 551 explanat,
940 515 1077 547 eumdem,
1088 523 1169 550 quem
1181 515 1237 550 jam
1251 515 1478 551 quinquagesima
1493 521 1591 551 quarta
1606 520 1806 552 pertractatum

177 561 307 588 vidimus.
327 561 362 588 Ea
375 569 425 588 nec
443 562 470 588 in
484 562 652 590 Coisliniano
668 571 717 590 nec
734 564 759 590 in
775 563 938 590 Taurinensi
953 563 1048 590 codice
1069 563 1219 590 invenitur.
1238 563 1324 595 Quam
1348 571 1411 590 cum
1433 563 1459 590 in
1478 562 1554 590 Italia
1572 563 1625 590 iter
1639 567 1806 598 peragenta-s

178 610 271 640 utpote
285 607 398 634 minoris
412 607 490 642 pretii
507 608 567 635 aliis
582 610 701 636 nondum
717 609 797 636 editis
816 609 1030 644 postponendam
1046 609 1206 636 duxerimus
1221 613 1248 636 et
1264 609 1291 636 in
1309 608 1458 644 propitiora
1481 614 1603 643 tempora
1625 609 1806 644 rejecerimus

179 653 424 684 lranscribendam,
441 654 567 680 ineditam
585 655 674 681 adhuc
689 655 841 690 relinquere
858 654 944 681 coacti
963 662 1070 682 sumus.

213 698 322 726 Initium
342 699 464 734 ejusdem
483 706 525 728 est
544 701 570 728 in
590 700 720 729 Vaticano
743 703 836 729 codice
859 701 877 729 f.
896 701 945 728 ISI

1087 702 1101 727 ὁ
1129 701 1232 732 Παῦλος
1243 721 1250 733 ,
1269 699 1299 727 οὗ
1323 701 1340 735 ἡ
1364 701 1477 734 γλῶσσα
1489 700 1536 727 τοῦ
1550 702 1629 735 ἁγίου
1645 699 1804 734 Πνεύματος

175 746 292 782 ὄργανον
324 745 430 779 (Diceris
448 746 559 780 Paulus,
578 749 653 783 cujus
672 749 762 784 lingua
790 750 875 776 sancti
893 748 910 775 S

1073 747 1259 781 Numenium);
1288 748 1349 775 linis
1377 755 1441 774 vero
1459 756 1465 774 :
1487 748 1522 774 τὰ
1536 748 1565 774 δὲ
1591 747 1690 782 βιϐλία,
1704 747 1742 778 ὡς
1758 747 1808 772 καὶ

175 793 192 827 ἡ
215 792 247 825 σὴ
262 793 442 829 ἀρχιερατικὴ
464 795 601 828 τελειότης
630 795 837 826 συνεπίσταται,
859 795 929 829 μετὰ
958 794 1013 821 τῶν
1035 794 1135 825 ἄλλων,
1160 793 1190 827 ἐξ
1206 790 1244 820 ὧν
1261 793 1374 820 δυνατὸν
1391 793 1451 829 ζῇν,
1465 794 1482 829 ἡ
1495 793 1669 829 αἰχμαλωσία
1684 793 1808 827 λάφυρον

176 838 253 865 ἔθετο
268 839 359 873 (libros
379 847 448 872 vero,
464 840 531 866 sicut
547 845 572 866 et
589 844 635 868 tua
648 841 718 867 novit
732 840 893 876 pontiﬁcalis
907 839 1042 874 perfectio,
1057 848 1110 867 una
1122 847 1181 866 cum
1197 839 1269 872 aliis,
1287 848 1301 866 e
1315 839 1410 874 quibus
1426 839 1508 867 vitam
1522 847 1598 875 agere
1614 839 1807 873 potuissemus,

176 887 316 921 captivitas
334 890 385 917 sibi
399 889 517 925 praedam
534 890 647 924 rapuit).

680 956 842 990 QUESTIO
862 956 967 984 CXLIX
984 955 1077 992 [CoisL
1105 954 1188 982 Tuur.
1212 949 1292 990 CIII].

863 1013 899 1041 De
916 1014 976 1041 vitte
997 1013 1118 1040 termino.

525 1070 597 1095 Edita
609 1078 622 1096 a
635 1070 698 1095 Maio
710 1070 795 1102 (Nom
806 1070 910 1095 Collect.
923 1069 1020 1100 torno],
1033 1076 1058 1100 p.
1071 1069 1117 1093 285
1127 1075 1192 1100 seq.;
1213 1068 1244 1098 II,
1258 1076 1283 1100 p.
1294 1068 1340 1093 683
1352 1069 1392 1094 ed.
1401 1068 1482 1099 1825.)

422 1134 518 1162 Exstat
534 1135 605 1169 inter
620 1143 700 1170 opera
714 1134 744 1162 S.
760 1133 899 1168 Germani,
925 1134 1009 1169 hujus
1032 1133 1170 1169 Patrolog.
1190 1140 1211 1162 t.
1229 1133 1346 1167 XCVIII,
1370 1135 1422 1162 col.
1441 1135 1556 1163 90423.

969 1228 1005 1236 ρ-ι

240 1282 403 1317 QUESTIO
421 1283 464 1310 ιιι
477 1282 573 1319 [CoisL
588 1283 667 1311 CLX.
693 1284 776 1312 Taur.
792 1284 894 1322 CLIX].

801 1284 894 1322 ILIX].
974 1283 998 1312 B
1281 1285 1448 1313 ΕΡΩΤίίΣίΣ
1473 1286 1536 1313 PN'.

394 1329 464 1362 Quot
488 1329 585 1364 fuerint
606 1329 741 1364 Sibyllw?

1195 1330 1290 1358 Πόσαι
1306 1332 1449 1358 Σιϐύλλαι
1467 1332 1607 1367 γεγόνασι
1617 1339 1627 1363 ;

603 1377 674 1402 Edita
688 1384 701 1401 a
716 1378 743 1402 Βι
760 1378 792 1402 de
810 1378 965 1407 Montfaucon
978 1385 1104 1417 (Biblioth.
1118 1387 1243 1419 Coisl.,p.
1255 1388 1376 1419 517,548.

211 1416 320 1453 Sibylla;
335 1417 411 1445 fuere
421 1417 526 1450 decem,
542 1426 658 1453 quarum
680 1419 775 1454 primm
791 1428 891 1450 nomen
903 1431 946 1450 era

1072 1429 1176 1456 ιϐύλλαι
1200 1416 1252 1465 μὲν
1281 1416 1410 1464 γεγόνασι
1438 1429 1515 1461 δέκα,
1538 1425 1576 1455 ὧν
1603 1427 1698 1464 πρώτη
1717 1427 1807 1464 bona

174 1464 343 1492 Sambethe:
370 1471 430 1492 eam
458 1472 523 1492 vero
548 1464 702 1493 Chaldmam
734 1466 821 1494 fuisse
850 1476 909 1496 nari

1070 1474 1157 1510 .ϐήθη,
1174 1464 1309 1502 Χαλδαίαν
1321 1475 1348 1502 δέ
1364 1483 1445 1510 φασιν
1457 1475 1542 1511 αὐτὴν
1555 1475 1579 1501 οἱ
1592 1474 1701 1500 παλαιοὶ
1717 1474 1805 1508 λόγοι,

172 1516 297 1544 veteres;
314 1510 360 1538 alii
379 1510 469 1545 potius
493 1509 648 1544 Ilebraeam,
664 1519 725 1546 quae
736 1513 819 1541 unius
839 1522 872 1541 ex
898 1514 907 1542 I

1071 1522 1079 1547 ὲ
1096 1509 1196 1556 μᾶλλον
1221 1509 1432 1556 Ἐϐραίαν-νκαὶ
1450 1520 1481 1555 δὴ
1496 1509 1544 1547 καὶ
1567 1520 1607 1546 ἑνὶ
1631 1519 1733 1546 παίδων
1755 1520 1806 1546 τοῦ

173 1556 230 1583 Noe
250 1564 320 1584 uxor
333 1556 385 1583 fuit
399 1561 481 1591 atque
495 1564 549 1583 una
564 1564 627 1584 cum
642 1557 689 1584 illo
704 1563 731 1584 et
746 1559 808 1586 aliis
824 1559 850 1586 in
866 1567 959 1588 arcam

174 1603 298 1637 ingressa
317 1602 363 1630 sit.
380 1601 457 1630 Hanc
470 1610 534 1630 vero
553 1610 596 1634 ea,
617 1611 677 1638 qute
690 1604 724 1631 ad
739 1605 822 1633 turris
840 1606 959 1634 :edilica-

174 1648 276 1674 tionem
308 1647 481 1682 spectabant,
505 1648 685 1675 vaticinataln
717 1649 822 1682 dicunt,
854 1659 961 1679 necnon

173 1701 216 1726 ea,
232 1701 293 1728 quae
322 1693 481 1721 acciderunt
496 1693 528 1720 iis
543 1693 590 1728 qui
617 1693 642 1720 in
661 1694 713 1721 tale
743 1702 840 1722 ausum
857 1704 957 1730 proru-

173 1747 256 1775 pere;
275 1739 387 1767 oracula
400 1739 581 1771 veroi'udisse
594 1738 727 1768 Hebraica
742 1741 846 1776 lingua,
866 1747 958 1777 utpote

173 1794 234 1821 qure
248 1790 311 1813 ante
324 1785 486 1813 divisionem
515 1786 670 1821 linguarum
687 1786 769 1814 fuerit
785 1796 792 1821 ;
809 1788 960 1822 quinetiam

172 1832 318 1860 Alexandri
333 1832 488 1859 Macedonis
497 1837 572 1867 gesta
582 1833 752 1867 praedixisse,
761 1834 841 1869 cujus
852 1843 963 1870 quoque

172 1878 339 1906 mentionem
353 1877 418 1905 facit
433 1876 566 1910 Nicanor,
583 1878 607 1905 is
624 1878 672 1913 qui
700 1879 848 1907 Alexandri
875 1883 959 1909 vitam

173 1923 293 1958 scripsit.
320 1922 447 1950 Secunda
459 1930 524 1950 vero
548 1922 675 1959 Libyssa,
694 1923 774 1958 cujus
791 1925 915 1952 meminit
933 1926 960 1952 in

173 1969 273 1997 Lamia:
289 1969 403 2004 prologo
415 1968 557 2002 Euripides
572 1977 579 1995 :
596 1976 696 1996 nomen
711 1973 804 1997 autem
823 1971 883 2005 ejus
904 1978 960 1998 non

171 2017 251 2052 plane
279 2015 430 2042 declarant.
447 2015 539 2042 Tertia
568 2014 678 2050 Delphis
699 2019 763 2042 nata
794 2020 846 2047 est,
881 2017 960 2051 cujus

1013 1566 1076 1593 Νῶε
1088 1567 1128 1598 είς
1142 1567 1259 1600 γυναῖκα
1275 1565 1446 1601 ἁρμοσθῆναι
1459 1565 1506 1592 καὶ
1531 1564 1711 1591 συνεισελθεῖν
1728 1565 1808 1600 αὐτῷ

1013 1621 1044 1639 τε
1061 1612 1109 1640 καὶ
1122 1613 1179 1644 τοῖς
1194 1612 1284 1644 ἄλλοις
1295 1613 1325 1638 ὲν
1334 1613 1365 1648 τῇ
1381 1611 1500 1647 κιϐωτῷ.
1513 1611 1622 1647 Ταύτην
1632 1611 1724 1638 καὶτὰ
1738 1612 1808 1646 περὶ

1013 1658 1065 1693 τῆς
1076 1657 1271 1693 Ιπυργοποιίας
1293 1657 1488 1693 χρησμῳδῆσαί
1510 1666 1587 1692 φασι,
1605 1657 1653 1684 καὶ
1679 1657 1728 1684 ὅσα
1747 1658 1808 1690 τοῖς

1012 1703 1092 1730 τοῦτο
1106 1703 1205 1737 συνέϐη
1219 1703 1387 1738 τολμήσασι·
1404 1703 1603 1740 χρησμῳδῆσαι
1618 1702 1647 1729 δὲ
1672 1702 1726 1738 πρὸ
1753 1703 1807 1737 τῆς

1013 1748 1173 1784 διαιρέσεως
1188 1749 1243 1776 τῶν
1261 1748 1390 1783 γλωσσῶν
1407 1749 1596 1784 γεγενημένην
1611 1748 1722 1784 γλώσσῃ
1735 1749 1806 1783 φασὶ

1013 1794 1047 1820 τὰ
1062 1794 1295 1831 χρησμῳδηθέντα
1305 1795 1338 1830 τῇ
1361 1794 1483 1830 Ἐϐραΐδι
1499 1802 1506 1810 ’
1516 1795 1547 1821 οὐ
1562 1795 1615 1830 μὴν
1628 1794 1666 1826 δὲ,
1678 1794 1746 1821 ἀλλὰ
1755 1795 1807 1821 καὶ

1011 1840 1046 1867 τὰ
1059 1840 1131 1867 κατὰ
1155 1841 1201 1867 τδν
1223 1840 1398 1875 Ἀλέξανδρον
1418 1840 1464 1867 τὸν
1489 1841 1634 1868 Μακεδόνα
1649 1842 1806 1877 προειπεῖν,

1011 1885 1045 1923 ἧς
1072 1886 1120 1914 καὶ
1150 1887 1261 1922 μνήμην
1287 1887 1415 1922 Νικάνωρ
1437 1888 1451 1913 ὁ
1475 1886 1522 1913 τὸν
1543 1886 1718 1922 Ἀλεξάνδρου
1745 1887 1807 1922 βίον

1012 1933 1175 1969 ἀναγράψας
1188 1933 1348 1968 πεποίηκεν.
1369 1933 1487 1968 Δευτέρα
1499 1932 1527 1960 δὲ
1538 1932 1670 1965 Λίϐυσσα,
1685 1931 1720 1968 ἧς
1735 1934 1807 1968 μνή-

1015 1989 1068 2016 μην
1083 1980 1230 2015 ἑποιήσατο
1245 1980 1274 2006 ὲν
1288 1978 1327 2014 τῷ
1338 1979 1387 2013 τῆς
1406 1980 1522 2014 Δαμίης
1536 1980 1662 2015 προλόγῳ
1687 1979 1806 2014 Εὐριπί-

1013 2025 1060 2059 δης
1080 2025 1165 2060 δνομα
1188 2025 1218 2051 δὲ
1235 2024 1320 2059 αὐτῆς
1346 2025 1376 2051 οὐ
1399 2025 1470 2051 πάνυ
1487 2025 1692 2059 σαφηνίζουσιν.
1715 2025 1805 2062 Τρίτη

171 2062 318 2090 historiam
345 2061 506 2088 memoravit
524 2061 704 2096 Chrysippus.
731 2061 832 2094 Quarta
857 2061 903 2089 Ital

1067 2070 1148 2105 :pl;,'q
1170 2070 1199 2095 ὲν
1222 2069 1333 2103 Δελφοῖς
1359 2069 1494 2104 τεχθείσα,
1520 2069 1584 2104 περὶ
1609 2067 1644 2106 ἦς
1671 2070 1802 2106 ἱστόρησε

171 2117 233 2144 quae
250 2109 278 2136 in
305 2108 452 2136 solitudine
470 2107 554 2135 Italia;
590 2112 759 2135 commorata
785 2114 836 2136 est.
862 2109 960 2142 Quinta

173 2154 324 2190 Erythraea,
344 2161 404 2188 qua:
419 2153 482 2181 belli
499 2153 612 2189 Trojani
641 2159 739 2181 eventa
757 2155 958 2188 praenuntiavit,

170 2200 204 2227 de
216 2208 270 2235 qua
292 2200 413 2234 loquitur
425 2199 609 2234 Apollodorus
623 2198 792 2234 Erythraeus.
820 2199 901 2227 Sexta
917 2206 961 2228 est

171 2247 274 2278 Samia,
291 2246 370 2281 cujus
386 2254 486 2275 nomen
504 2245 645 2281 proprium
664 2246 741 2273 aiunt
765 2254 825 2274 esse
851 2247 956 2283 Pytho.

171 2293 291 2329 Septima
310 2294 418 2329 Cymaea
447 2293 490 2319 vel
502 2291 614 2319 Cumzea
622 2299 732 2326 genere,
748 2293 858 2320 nomine
869 2299 959 2320 autem

168 2340 313 2367 Amalthea
330 2347 338 2372 ;
357 2338 403 2365 alii
420 2337 578 2373 Eropliilam
598 2342 708 2370 vocant,
723 2339 795 2373 apud
822 2338 957 2374 quosdam

168 2394 234 2413 vero
250 2386 321 2413 hanc
343 2384 551 2419 appellationem
577 2383 675 2411 Sortita
704 2388 746 2411 est
770 2383 957 2412 Taruxandra.

171 2432 302 2467 Virgilius
329 2438 412 2466 porro
427 2436 507 2465 poeta
531 2429 672 2457 Romanus
700 2428 858 2465 Deiphoben
896 2437 956 2458 eam

168 2482 321 2512 nuncupat.
339 2476 441 2504 Octava
467 2481 508 2504 est
534 2475 730 2510 Ilellespontia,
759 2483 820 2511 quae
848 2476 874 2503 in
895 2477 958 2504 vico

168 2523 299 2551 Marmiso
314 2527 373 2550 orta
387 2527 439 2555 est,
454 2530 537 2557 prope
549 2522 676 2557 oppidum
693 2521 896 2558 Gergetionem.
909 2524 958 2558 qui

168 2570 247 2597 vicus
263 2568 328 2596 olim
346 2568 372 2594 in
387 2569 506 2596 termino
533 2568 622 2603 Troja:
640 2568 701 2596 fuit.
736 2568 812 2596 Nona
825 2569 955 2605 Phrygia.

170 2616 281 2642 Decima
303 2613 427 2649 Tigurtia
443 2622 552 2650 genere,
569 2614 681 2642 nomine
697 2619 790 2642 autem
819 2615 953 2643 Abumea.

168 2661 223 2689 Has
237 2661 331 2688 dicunt
348 2662 447 2688 mentis
465 2661 581 2696 impotes
592 2660 684 2688 futura
699 2661 861 2689 vaticinatus
871 2670 932 2689 esse
948 2671 956 2696 ;

168 2715 229 2734 cum
246 2712 338 2734 autem
352 2714 446 2734 earum
467 2706 579 2735 oracula
595 2706 766 2741 excipientes
783 2707 886 2741 scripto
901 2711 957 2734 tra-

1012 2116 1182 2151 Χρύσιππος.
1194 2115 1318 2150 Τετάρτη
1332 2114 1485 2150 Ἰταλικὴ,ἠ
1504 2116 1532 2141 ὲν
1545 2116 1647 2151 ἐρημίᾳ
1666 2116 1716 2149 τῆς
1733 2116 1802 2142 Ἰτα-

1011 2161 1070 2193 λῖας
1086 2161 1135 2196 τὴν
1147 2161 1289 2197 διατριϐὴν
1305 2160 1444 2196 [λαχοῦσα.
1469 2161 1585 2196 Πέμπτη
1602 2162 1618 2197 η
1640 2161 1800 2196 Ἐρυθραία,

1012 2208 1072 2243 ἥτις
1088 2208 1133 2235 καὶ
1147 2207 1182 2234 τὰ
1195 2208 1266 2234 κατὰ
1279 2207 1325 2234 τὸν
1337 2207 1458 2241 Τρωϊκὸν
1473 2208 1590 2242 πόλεμον
1605 2207 1801 2243 συνενεχθέντα

1011 2254 1224 2290 προηγόρευσεν,
1247 2254 1311 2289 περὶ
1333 2251 1367 2290 ἧς
1389 2253 1588 2289 Ἀπολλόδωρος
1608 2254 1622 2280 ό
1639 2253 1801 2289 Ἐρυθραῖος

1009 2299 1188 2335 διεξέρχεται.
1212 2299 1334 2335 Ἕκτηή
1358 2299 1460 2334 Σιμία,
1486 2296 1520 2335 ἦς
1543 2299 1574 2326 τὸ
1597 2299 1691 2334 κύριον
1713 2299 1799 2334 δνθμα

1009 2345 1086 2372 Φυτὼ
1100 2354 1192 2380 φασιν.
1212 2345 1329 2380 Ἑϐδόμη
1344 2346 1360 2380 ὴ
1380 2345 1493 2379 Κυμαία
1508 2345 1558 2380 μὲν
1568 2345 1656 2380 γένος,
1672 2345 1759 2380 δνομα
1771 2345 1799 2371 δὲ

1017 2391 1184 2425 Ἀμάλθεια·
1204 2392 1228 2418 οἰ
1256 2391 1284 2418 δὲ
1316 2391 1468 2427 Ἐρωφίλην
1494 2391 1578 2426 φασί·
1598 2391 1674 2427 παρά
1697 2400 1754 2418 τισι
1770 2391 1801 2418 δὲ

1010 2439 1106 2473 κλῆσιν
1115 2438 1250 2473 ἠνέγκατο
1272 2437 1472 2471 Ταραξάνδρα.
1488 2438 1623 2473 Βιργίλιος
1647 2438 1676 2464 δὲ
1704 2438 1719 2464 ὁ
1737 2438 1801 2464 Ῥω·

1011 2483 1098 2518 μαίων
1111 2482 1225 2518 ποιητὴς
1239 2483 1376 2519 Δηιφόϐην
1398 2483 1483 2519 αὐτὴν
1508 2483 1646 2518 ὀνομάζει.
1671 2483 1767 2518 Ὀγδόη
1782 2483 1799 2517 ἡ

1015 2529 1235 2563 Ἑλλησποντεία,
1254 2529 1315 2565 ἥτις
1329 2530 1358 2556 ἐν
1372 2529 1453 2566 κώμῃ
1467 2529 1606 2565 Μαρμισὼ
1627 2530 1676 2564 τὴν
1688 2530 1800 2563 γένεσιν

1008 2575 1087 2610 ἔσχεν
1100 2575 1164 2610 περὶ
1177 2575 1225 2610 τὴν
1241 2576 1371 2611 πολίχνην
1397 2576 1576 2611 Γεργετιόνα·
1608 2577 1660 2603 ὑπὸ
1677 2576 1729 2612 τὴν
1753 2578 1799 2603 ὲν-

1008 2622 1085 2656 ορίαν
1097 2621 1125 2647 δὲ
1140 2621 1210 2656 αὕτη
1225 2621 1287 2647 ποτὲ
1306 2622 1355 2656 τῆς
1376 2622 1475 2657 Τροίας
1495 2622 1651 2657 ἐτύγχανεν.
1669 2623 1767 2659 Ἐνάτη
1781 2625 1798 2659 ἡ

1008 2667 1122 2702 Φρυγία.
1143 2667 1205 2693 Ἐπὶ
1220 2668 1287 2694 πᾶσι
1312 2668 1425 2703 δεκάτη,
1443 2668 1459 2703 ἡ
1475 2668 1623 2703 Τιγουρτὶα
1639 2668 1690 2703 μὲν
1706 2669 1798 2702 γένος,

1008 2712 1092 2747 δνομα
1119 2712 1147 2739 δὲ
1164 2712 1317 2740 Ἀϐουναία.
1335 2713 1442 2746 Ταύτας
1469 2714 1535 2748 φασὶ
1558 2715 1612 2742 τῶν
1630 2716 1738 2750 φρενῶν
1756 2716 1800 2749 ἐξ·

168 2753 277 2785 debant.
291 2761 354 2781 cum
368 2761 423 2781 non
452 2759 565 2789 possent
581 2753 626 2780 illa
646 2752 735 2788 perite
749 2756 777 2780 et
801 2753 862 2780 sine
876 2752 900 2779 la

1062 2758 1159 2792 λιμένας
1170 2759 1203 2785 τὰ
1217 2758 1347 2794 μέλλοντα
1360 2760 1532 2795 χρησμῳδεῖν
1542 2768 1549 2776 ·
1565 2760 1619 2786 τῶν
1635 2761 1797 2796 ὑπολαμϐα-

918 2811 1035 2840 NOTAE.

203 2859 259 2899 (ἰῇ)
278 2857 590 2899 Βεχείεξςιῃ-ἰαιιιιῃῃρτ
605 2863 665 2892 quae
683 2860 724 2884 est
739 2864 769 2883 το
787 2855 869 2892 ἔχειν,
884 2858 951 2887 nihil
968 2859 1050 2895 liabet
1081 2862 1202 2898 I‘liotius.
1229 2862 1417 2891 Pcrtractatur
1447 2863 1518 2899 apud
1545 2864 1628 2892 Arist.
1657 2872 1682 2892 ι’.
1698 2865 1750 2894 ult.
1766 2867 1800 2894 I3

166 2892 254 2936 μ)λῖ
268 2903 294 2932 p.
310 2895 345 2922 21
360 2892 403 2922 ed.
415 2894 492 2922 Paris
510 2892 599 2928 I848).
