1863 3064
51 176 97 208 813

477 177 528 206 AD
544 177 842 207 AMPHILOGHIUM
861 176 1033 212 QUt’ESTIO
1050 175 1283 206 CXLVIII-CLI.

1625 171 1676 204 Siti

51 237 141 262 νόντων
153 234 182 261 δὲ
196 236 290 270 γραφῇ
304 234 369 266 τοὺς
386 235 539 269 χρησμοὺς,
549 235 598 262 οὐκ
610 235 726 270 ἐχόντων
740 233 819 268 σοφία

910 234 1052 264 ascribere,
1066 240 1185 267 cumque
1201 232 1270 259 alias
1284 231 1421 259 velocitati
1440 230 1580 258 dictorum
1597 238 1678 265 pares

50 283 79 307 τὶ
90 281 324 316 χρησμιρδούμενα
342 280 459 316 γράφειν
478 281 644 313 ἀπταίστως;
662 281 750 312 ἄλλως
765 289 794 307 τε
807 280 835 306 δὲ

49 329 92 354 καὶ
108 327 145 362 τῷ
157 327 234 361 τάχει
250 327 299 361 τῆς
314 327 400 362 φορᾶς
417 327 472 353 τῶν
489 327 576 362 λόγων
593 328 642 353 οὐκ
659 327 776 362 ἑχόντων
788 335 837 353 κα-

50 373 287 408 θυπηρετουμένας
305 373 355 403 τὰς
377 373 481 407 χεῖρας,
498 373 633 407 συμὸἧναι
656 373 770 404 πολλοὺς
783 372 838 398 τῶν

49 419 176 454 χρησμῶν
194 420 234 451 εἰς
249 419 424 454 χωλιάμὸους
445 419 586 446 διαπεσεῖν
604 419 650 446 καὶ¹
669 419 767 454 μηκέτι
786 427 833 445 τυ-

49 466 103 499 χεῖν
117 464 295 500 διορθώσεως.
319 465 384 491 ’Ἃτε
401 465 433 500 δὴ
455 465 509 491 τῶν
533 465 583 499 μὲν
600 465 774 500 χρησμῳδῶν
785 473 835 497 γυ-

49 511 127 537 ναίων
142 512 170 536 ἐν
182 511 311 538 ἐκστάσει
325 510 506 537 καθεστώτων
516 511 644 538 ’ἐπειδὰν
659 511 708 546 τὴν
723 510 839 546 ὕπαρξιν

50 556 233 591 προηγόρευον
253 557 306 582 τῶν
331 556 499 591 μελλόντων·
534 557 717 591 πεπαυμένων
743 556 771 583 δὲ
791 555 840 582 τοῦ

50 602 243 636 χρησμολογεῖν
259 602 393 636 μηδαμῶς
422 602 548 637 αἴσθησιν
567 602 683 637 ἑχόντων
709 603 777 637 μήτε
802 598 840 628 ὧν

49 647 147 681 ἔλεγον,
165 647 236 682 μήτε
250 647 276 672 τί
288 647 321 674 ἂν
336 647 476 682 βούλοιντο
489 648 522 674 τὰ
537 645 802 682 κεχρησμῳδημένα.

286 703 454 729 ΕΡΩΊἪΣΙΣ
466 703 553 728 PNA'.

49 751 117 785 Περὶ
136 750 197 778 τῶν
209 750 350 785 χρήσεων
365 750 427 776 τῶν
440 749 547 785 ἕξομέν
564 748 601 783 τῇ
623 749 751 784 ἡμετέρᾳ
762 750 836 784 Ppu-

287 785 330 820 φῇ
344 784 579 820 εὑρισκομένων.

887 287 942 307 non
959 280 1090 306 haberem
1105 286 1214 310 manus,
1231 278 1295 305 hinc
1311 277 1454 310 accidisse,
1468 282 1498 303 ut
1512 277 1598 304 multa
1613 285 1677 304 ora—

887 328 947 355 cula
966 328 991 353 in
1011 327 1181 354 choliambos
1208 326 1394 357 deﬂecterent,
1424 332 1474 352 nec
1504 328 1617 360 possent
1639 324 1680 349 ul-

889 374 975 401 terius
998 373 1148 400 emendari.
1168 372 1237 405 Quia
1253 372 1382 398 nimirum
1405 379 1467 398 cum
1483 371 1612 397 mulieres
1626 370 1679 396 illm

889 420 1069 447 vaticinantes
1091 419 1118 446 in
1144 418 1361 454 prmnuntiandis
1376 417 1477 444 futuris
1501 417 1604 444 mentis
1625 424 1679 441 non

889 472 1029 501 computos
1046 470 1147 498 essent,
1166 470 1312 500 postquam
1331 463 1496 491 vaticinandi
1515 463 1594 489 tinem
1609 461 1681 488 [ecc-

892 517 963 543 rant.
990 512 1095 538 nullum
1121 519 1217 538 eorum
1234 519 1295 545 quas
1315 510 1443 537 dixerant
1459 516 1571 538 sensum
1596 508 1680 535 halic-

892 559 968 590 bant.
987 567 1076 594 neque
1086 559 1151 594 quid
1168 559 1220 587 sibi
1234 559 1335 586 vellent
1348 559 1460 586 oracula
1474 557 1612 585 sciebam.

892 703 1055 737 QUIESTIO
1069 704 1123 732 CLl
1140 703 1235 741 [CoisL
1249 703 1412 736 CLXXXIII,
1432 703 1513 730 Taur.
1540 702 1683 738 CLXXII}.

893 749 930 776 De
949 750 1123 785 profanorum
1140 756 1277 777 auctorum
1299 750 1454 777 testimoniis
1472 758 1531 777 alia:
1552 749 1578 776 in
1598 751 1682 776 sacri:

1141 785 1249 813 Litteris
1264 786 1424 820 allegantur.

553 843 624 869 Edita
636 851 649 869 a
660 844 721 869 Maio
735 845 809 877 (Nov.
828 844 901 875 (7011.,
918 847 937 870 t.
950 844 990 874 IX,
1005 852 1028 876 p.
1043 845 1098 875 101,
1112 844 1166 869 102.

90 888 187 920 Ἰούδας
204 888 253 923 μὲν
266 888 312 915 οὖν
324 889 338 914 ὁ
350 887 500 918 ἀπόστολος
513 888 541 913 ὲν
552 888 584 922 τῇ
598 887 682 913 αὑτοῦ
692 887 837 922 Ἐπιστολῇ

47 936 144 963 ἐκτῶν
180 935 335 970 λεγομένων
374 934 542 969 ἁποκρύφων
568 934 706 964 Μωῦσέως
735 933 839 967 ταύτην

928 887 1012 915 Judas
1027 888 1137 922 quidem
1149 887 1302 921 apostolus,
1314 887 1339 913 iu
1359 895 1408 914 sua
1421 886 1594 921 Epistola,cx
1611 885 1686 915 libris

892 935 1057 970 apocryphis
1084 935 1170 970 Moysi
1198 934 1339 962 attributis
1372 934 1446 961 hunc
1470 933 1548 960 alfcrt
1574 936 1684 961 locum:

48 982 164 1017 προάγει
192 980 241 1016 τὴν
266 979 361 1015 χρείαν
374 987 382 995 '
419 979 449 1006 '0
460 979 488 1006 δὲ
505 979 616 1014 Μιχαὴλ
637 979 651 1005 ὁ
667 978 819 1014 ἀρχάγγελο

920 981 1035 1008 Michael
1051 980 1233 1015 archangelus
1245 988 1306 1007 cum
1322 979 1431 1007 diabolo
1448 979 1591 1014 disputans
1606 979 1691 1005 altera

48 1030 91 1055 ὅτε
111 1028 148 1063 τῷ
171 1027 289 1061 διαϐόλῳ
315 1027 521 1061 διακρινόμενος
549 1025 686 1059 διελέγετο
713 1024 840 1060 περὶτοῦ

48 1074 189 1105 Μωῦσέως
204 1072 341 1108 σώματος,
356 1072 406 1099 οὐκ
421 1072 556 1107 ἐτόλμησε
572 1071 662 1107 κρίσιν
682 1071 841 1106 ἐπενεγκεῖν

51 1120 236 1154 βλασλσημὶας,
248 1119 312 1145 ἀλλ’
322 1117 407 1145 εἶπεν·
425 1128 434 1144 ι
456 1119 634 1154 Ἐπιτιμήσαι
649 1127 690 1145 σοι
700 1119 812 1154 Κύριος.
829 1128 838 1144 ι

57 1167 100 1192 Ἐν
113 1166 141 1192 δὲ
152 1167 185 1200 τῇ
196 1166 265 1200 αὐτῇ
279 1164 424 1200 Ἐπιστολῇ
437 1164 491 1191 τῶν
503 1165 589 1200 Ἑνὼχ
600 1165 769 1200 ἀποκρύφων
783 1164 842 1191 ἑτέ-

51 1219 101 1246 ρας
119 1209 284 1245 μνημονεύει
293 1209 446 1245 τοιαύτη;·‹
458 1210 523 1237 Ἰδοὺ
530 1208 596 1246 ἦλθε
604 1210 706 1245 Κύριος
716 1211 745 1235 ἐν
756 1209 843 1243 ἁγίοις

52 1258 181 1292 μυριάσιν
196 1258 280 1283 αὑτοῦ
302 1257 416 1291 ποιῆσαι
444 1256 536 1291 κρίσιν
561 1258 633 1283 κατὰ
659 1256 779 1289 πάντων,
797 1257 843 1283 καὶ

51 1304 160 1337 ἐλέγξαι
191 1303 295 1334 πάντας
325 1303 389 1335 τοὺς
404 1303 516 1335 ἀσεϐεῖς
542 1304 607 1337 περὶ
621 1303 729 1329 πάντων
755 1302 843 1337 ἔργων

50 1348 179 1379 ἀσεϐείας
193 1347 286 1374 αὐτῶν
299 1343 336 1374 ὧν
356 1347 508 1382 ἠσέϐησαν,
525 1347 649 1383 καὶπερὶ
664 1348 774 1373 πάντων
789 1347 844 1373 τῶν

52 1394 179 1430 σκληρῶν
194 1391 232 1420 ὧν
251 1394 385 1428 ἐλάλησαν
401 1393 462 1420 κατ’
495 1393 578 1420 αὐτοῦ
604 1393 762 1428 ἁμαρτωλοὶ
778 1395 845 1420 ἀσε-

52 1443 120 1474 6εἰς.
137 1450 147 1467 ι
159 1441 266 1471 Λουκᾶς
284 1440 312 1466 δὲ
329 1441 358 1466 ὲν
376 1441 437 1471 ταῖς
459 1440 616 1466 ἀποστόλων
636 1439 773 1474 Πράξεσιν
799 1439 845 1466 τὸν

54 1488 190 1523 μακάριον
206 1487 312 1520 εἰσάγει
322 1486 429 1513 Παῦλον
445 1487 477 1513 ἐκ
487 1486 542 1512 τῶν
564 1486 611 1512 τοῦ
633 1486 746 1522 Ἀράτου
761 1487 845 1522 ἡρωϊ-

53 1534 109 1559 κῶν
134 1532 234 1567 στίχων
252 1532 334 1567 μέρος
358 1540 384 1557 τι
407 1531 475 1567 πρὸς
491 1531 554 1562 τοὺς
578 1530 736 1565 Ἀθηναίους
753 1532 782 1557 ὲν
807 1531 846 1566 τῷ

52 1579 225 1613 διαλέγεσθαι
257 1577 459 1613 προκομίζοντα
491 1578 520 1604 ἐν
539 1574 579 1608 οἷς
599 1585 693 1611 φησιν,
712 1586 721 1602 ί
743 1577 786 1608 Ὡς
800 1576 846 1603 καί

52 1634 126 1657 τινες
153 1625 208 1651 τῶν
233 1624 295 1651 καθ’
317 1624 389 1659 ὑμᾶς
419 1623 540 1658 ποιητῶν
569 1624 715 1658 εἰρήκασι·
730 1623 778 1649 τοῦ
793 1624 848 1659 γὰρ

895 1026 1046 1054 careturdc
1060 1026 1143 1061 Moysi
1160 1034 1274 1061 corpore
1285 1045 1293 1057 ,
1310 1033 1364 1053 n0n
1388 1030 1430 1053 est
1449 1033 1533 1053 ausus
1549 1025 1686 1060 judicium

895 1072 997 1100 inferre
1028 1072 1221 1108 blasphemim,
1252 1071 1300 1099 sed
1323 1072 1411 1099 dicit:
1440 1071 1556 1106 Imperet
1574 1070 1620 1098 tibi
1636 1070 1688 1097 Do-

897 1118 999 1145 minus.
1016 1127 1026 1144 )
1050 1117 1077 1144 ln
1099 1119 1195 1145 eadem
1211 1117 1332 1152 Epistula
1344 1137 1351 1150 ,
1368 1125 1401 1144 ex
1426 1117 1503 1144 libris
1525 1116 1689 1152 apocryphis

868 1168 872 1171 ”
896 1164 988 1193 Enoch
1003 1185 1010 1196 .
1026 1165 1108 1191 alium
1128 1163 1286 1198 hujusmodi
1304 1164 1394 1191 locum
1412 1167 1548 1190 memorat
1565 1172 1571 1190 :
1597 1172 1605 1188 ι
1621 1163 1689 1190 Ecce

896 1212 971 1239 venit
985 1211 1120 1238 Dominus
1142 1210 1167 1237 in
1185 1210 1288 1238 sanctis
1301 1210 1422 1238 millibus
1437 1210 1495 1237 suis
1512 1209 1688 1244 facerejudi-

897 1259 970 1286 cium
994 1262 1088 1285 contra
1114 1265 1210 1285 omnes
1231 1261 1258 1284 et
1280 1264 1395 1293 arguere
1416 1264 1511 1284 omnes
1534 1256 1632 1291 impios
1656 1256 1691 1283 de

897 1304 1025 1331 omnibus
1045 1303 1177 1339 operibus
1203 1303 1350 1337 impietatis
1366 1310 1462 1330 eorum
1486 1302 1586 1338 quibus
1608 1301 1691 1336 impie

897 1356 1021 1386 egerunt,
1032 1350 1098 1377 etde
1111 1349 1240 1376 omnibus
1254 1349 1331 1376 duris
1342 1356 1404 1384 qua:
1420 1349 1503 1375 locuti
1515 1352 1581 1375 sunt
1596 1351 1690 1375 contra

899 1398 984 1424 Deum
1000 1397 1084 1431 impii]
1095 1400 1262 1431 peccatores.
1282 1406 1290 1422 ι
1306 1395 1396 1423 Lucas
1416 1400 1518 1429 autem,
1532 1395 1559 1422 in
1578 1394 1694 1422 Actibus

900 1442 1099 1478 apostolorum,
1114 1442 1225 1469 beatum
1249 1441 1358 1468 adducit
1377 1441 1493 1467 Paulum
1517 1447 1550 1468 ex
1574 1440 1693 1468 heroicis

901 1488 1026 1516 versibus
1047 1488 1123 1515 Arati
1139 1488 1230 1515 locum
1249 1486 1396 1522 quemdam
1418 1487 1452 1514 ad
1467 1486 1649 1514 Athenienses
1664 1486 1691 1513 in

901 1541 1026 1562 sermone
1036 1534 1204 1565 atl'erentem.
1225 1533 1251 1560 in
1265 1533 1439 1568 quibusdicit
1452 1543 1459 1560 :
1475 1542 1483 1558 ι
1499 1532 1577 1560 Sicut
1589 1537 1617 1560 et
1630 1533 1694 1568 qui-

901 1579 962 1605 dam
976 1583 1118 1613 poetarum
1135 1582 1290 1606 vestrorum
1307 1578 1452 1611 dixerunt;
1465 1578 1554 1613 Ipsius
1566 1583 1593 1606 et
1608 1587 1694 1614 genus

902 1632 1007 1652 sumus.
1016 1634 1025 1649 ι
1040 1623 1139 1651 Beatus
1148 1628 1238 1651 autem
1252 1623 1365 1655 Paulus,
1384 1623 1410 1650 in
1421 1623 1541 1657 Epistola
1552 1624 1585 1651 ad
1597 1623 1697 1651 Corin-

54 1673 102 1698 καὶ
128 1672 207 1706 γένος
219 1670 314 1705 ἐσμέν.
330 1680 339 1696 ι
364 1669 393 1696 '0
413 1669 440 1696 δὲ
475 1669 609 1704 μακάριος
636 1668 742 1700 Παῦλος
766 1670 795 1695 ἐν
813 1678 819 1687 ι

910 1669 976 1696 ,hios
999 1677 1031 1695 ex
1047 1669 1124 1696 libris
1141 1669 1304 1704 apocryphis
1321 1669 1461 1703 propheta:
1477 1669 1542 1696 Elite
1557 1669 1696 1697 attributis

56 1717 123 1751 πρὸς
151 1716 314 1752 Κορινθίους
329 1715 473 1751 Ἐπιστολῇ
499 1716 532 1742 ἐκ
559 1715 614 1741 τῶν
628 1715 783 1750 λεγομένων
798 1715 846 1741 τοῦ

55 1763 309 1799 προφήτουᾞλίου
353 1762 523 1796 ἀποκρύφων
554 1761 655 1794 ταύτης
684 1761 849 1796 μνημονεύει

56 1810 104 1844 τῆς
135 1810 240 1844 φωνῆς’
257 1818 266 1835 ι
285 1809 319 1835 Ἀ
334 1808 475 1843 ὀφθαλμὸς
490 1808 540 1834 οὐκ
564 1805 628 1838 εἶδε,
658 1807 704 1833 καὶ
730 1804 776 1838 οὖς
799 1807 849 1832 οὐκ

55 1858 168 1891 ἢκουσε,
194 1856 242 1882 καὶ
269 1856 315 1882 ἐπὶ
333 1855 448 1890 καρδίαν
471 1855 617 1890 ἀνθρώπου
637 1854 687 1880 οὐκ
712 1854 806 1888 ἀνέϐη,
831 1853 850 1880 ἃ

54 1903 204 1937 ἡτοίμασεν
217 1903 231 1928 ὁ
245 1901 311 1932 θεὸς
323 1901 378 1932 τοῖς
391 1900 535 1934 ἀγαπῶσιν
546 1899 635 1926 αὐτόν.
643 1908 652 1925 ι
663 1899 708 1925 Ἐν
715 1898 744 1924 δὲ
753 1899 785 1933 τῇ
799 1898 850 1924 αὺ-

53 1950 87 1983 τῇ
101 1947 246 1983 δημώδους
264 1947 337 1978 τινὸς
348 1946 504 1980 λακωνικῆς
532 1945 668 1980 μέμνηται
688 1944 848 1979 παροιμίας,

54 1994 88 2027 ἦν
105 1994 153 2021 καὶ
168 1991 313 2027 προλαϐὼν
334 1991 446 2022 Ἡσαΐας
463 1991 476 2016 ὁ
494 1990 636 2025 προφήτης
653 1990 682 2016 ὲν
705 1990 760 2020 τοῖς
785 1989 850 2015 ἑαυ-

53 2039 102 2066 τοῦ
116 2039 281 2066 κατατάττει
307 2037 407 2072 λόγοις
425 2046 435 2062 ‹
448 2037 581 2070 Φάγωμεν
598 2035 646 2062 καὶ
662 2035 778 2070 πίωμεν⁸
801 2035 851 2062 αὖ-

55 2093 112 2119 ρεον
123 2085 181 2118 γὰρ
196 2083 506 2119 ἁποθνήσκομεν.»Ἔτι
519 2082 547 2108 δὲ
561 2083 589 2107 ὲν
602 2083 634 2117 τῇ
652 2082 720 2116 αὐτῇ
738 2082 850 2108 ἐπιστο-

54 2133 98 2167 λῇ,
116 2131 277 2166 Μενάνδρου
292 2129 338 2156 τοῦ
355 2129 489 2164 κωμικοῦ,
507 2128 619 2162 γνώμας
634 2128 662 2154 δὲ
676 2127 756 2160 αὐτὸς
783 2129 850 2154 ἁνα-

53 2178 192 2212 γράφεται
214 2176 336 2211 ἀρχαίων
363 2175 455 2207 τινῶν,
472 2175 609 2209 μέμνηται
635 2173 722 2208 λέγων
751 2174 848 2204 οὕτως·

57 2233 65 2248 ι
81 2223 247 2258 Φθείρουσιν
262 2221 315 2257 ἤθη
330 2220 436 2257 χρηστὰ
451 2220 555 2255 ὁμιλίαι
571 2219 682 2245 κακαίῚ
701 2219 749 2245 καὶ
775 2219 848 2253 ἑξῆςο

53 2269 108 2297 Καὶ
137 2268 194 2304 μὴν
207 2267 255 2294 καὶ
280 2267 309 2293 ἐν
326 2268 358 2302 τῇ
375 2266 444 2302 πρὸς
460 2266 582 2297 Γαλάτας
598 2266 631 2292 ἐκ
645 2265 698 2292 τῶν
710 2266 850 2297 Μωῦσέως

52 2314 229 2349 ἁποκρύφων
247 2312 381 2348 κέχρηται
397 2314 431 2348 τῇ
445 2311 564 2348 λεγούσῃ
578 2312 666 2347 φωνῇ-
689 2321 697 2337 ι
713 2311 782 2338 Οὔτε
800 2320 849 2337 πε-

902 1716 973 1742 hunc
982 1715 1069 1742 locum
1082 1719 1218 1742 memorat
1231 1724 1237 1742 :
1251 1725 1260 1741 ι
1278 1715 1378 1742 Oculus
1390 1722 1442 1742 non
1457 1715 1537 1748 vidit,
1554 1723 1604 1742 nec
1621 1715 1697 1744 auris

901 1761 1017 1792 audivit,
1033 1768 1083 1788 nec
1103 1761 1129 1787 in
1143 1769 1192 1788 cor
1206 1760 1328 1787 hominis
1344 1761 1468 1788 ascendit
1482 1769 1544 1795 quae
1558 1769 1696 1796 praepara-

901 1807 938 1833 vit
955 1806 1025 1833 Deus
1039 1806 1092 1833 illis
1101 1807 1272 1841 quidiligunt
1287 1806 1389 1833 illum.»
1408 1807 1437 1832 lu
1451 1805 1545 1833 eadem
1562 1806 1695 1841 Epistola,

902 1852 1012 1887 aliquod
1024 1852 1137 1886 vulgare
1151 1856 1177 1879 et
1190 1852 1350 1880 laconicum
1365 1852 1540 1886 proverbium
1554 1856 1696 1886 memorat,

901 1899 974 1933 quod
990 1903 1017 1926 et
1043 1897 1185 1933 proferens
1201 1898 1284 1926 Isaias
1302 1899 1433 1933 propheta
1459 1898 1485 1925 in
1509 1898 1567 1925 suis
1592 1907 1697 1926 sermo-

901 1946 982 1973 nibus
1003 1945 1146 1980 disponit:
1164 1955 1173 1971 ι
1194 1944 1389 1973 Mandncemus
1402 1949 1428 1972 et
1458 1945 1587 1972 bibamus
1600 1965 1607 1976 ,
1636 1953 1698 1972 cras

900 1991 973 2019 cnim
996 1991 1173 2019 moriemur.)
1192 1990 1220 2018 In
1238 1992 1333 2018 eadem
1347 1991 1428 2019 etiam
1445 1990 1697 2025 Epistolachnan-

901 2037 980 2064 drum
998 2037 1135 2064 comicum
1161 2038 1208 2072 qui
1237 2038 1346 2072 quidem
1377 2039 1525 2066 sententias
1543 2038 1698 2072 aliquomm

902 2089 1025 2111 veterum
1050 2084 1204 2119 consignat,
1220 2089 1356 2111 memorat
1372 2085 1412 2112 sic
1433 2084 1570 2119 loquendo
1585 2093 1591 2111 :
1609 2094 1617 2109 ‹
1631 2083 1698 2111 Cor-

901 2135 1032 2165 rumpunt
1050 2138 1140 2158 mores
1152 2131 1239 2157 bonos
1257 2131 1489 2165 eolloquiamala,
1511 2141 1520 2156 ι
1541 2136 1569 2158 et
1587 2136 1696 2158 caetera.

902 2177 935 2203 Et
952 2177 1061 2211 quidem
1079 2177 1106 2204 in
1122 2176 1246 2211 Epistola
1261 2178 1293 2204 ad
1308 2177 1429 2209 Galatas,
1443 2185 1474 2205 ex
1492 2178 1569 2204 libris
1585 2185 1699 2213 apocry-

901 2222 962 2256 phis
977 2222 1086 2257 Moyses
1098 2222 1182 2249 utitur
1198 2222 1241 2249 his
1259 2222 1351 2250 verbis
1365 2232 1372 2250 :
1386 2231 1395 2248 ε
1413 2223 1506 2258 Neque
1525 2224 1699 2251 circumcisio

901 2268 1004 2303 aliquid
1022 2269 1102 2301 valet,
1119 2277 1207 2303 neque
1223 2269 1400 2304 praeputium,
1417 2269 1465 2296 sed
1478 2277 1547 2296 nova
1556 2275 1697 2309 creatura;

901 2319 929 2343 et
946 2316 1102 2351 quicunque
1118 2316 1188 2343 hanc
1207 2316 1329 2350 regulam
1345 2316 1432 2343 secuti
1449 2315 1571 2348 fuerint,
1585 2324 1637 2350 pax
1651 2324 1700 2343 su—

53 2361 157 2396 ριτομή
184 2369 211 2387 τι
236 2360 323 2395 ἰσχύει
339 2380 346 2391 ,
368 2359 429 2386 οὔτε
459 2358 627 2394 ἀκροϐυστία
643 2378 650 2391 ,
676 2358 744 2384 ἀλλὰ
770 2367 815 2385 και

910 2369 951 2389 )er
969 2361 1029 2389 illos
1041 2365 1068 2388 et
1082 2360 1271 2388 misericordia
1281 2366 1308 2389 et
1322 2369 1404 2395 super
1415 2361 1500 2389 Israel
1516 2361 1590 2389 Deiu
1606 2361 1658 2389 Sed
1674 2367 1701 2388 ot

51 2409 157 2439 κτίσις·
193 2407 242 2435 καὶ
273 2406 330 2432 ὅσοι
363 2406 402 2440 τῷ
431 2405 524 2432 κανόνι
548 2404 636 2440 τούτῳ
654 2405 851 2440 στοιχήσουσιν,

51 2455 152 2490 εἰρήνη
182 2452 226 2479 επ*
256 2452 355 2483 αὐτοὺς
370 2452 416 2478 καὶ
444 2452 518 2483 ἕλεος
533 2451 579 2478 καὶ
603 2452 649 2477 ἐπὶ
678 2451 724 2477 τὸν
745 2451 854 2488 Ἰσραὴλ

51 2501 98 2527 τοῦ
122 2499 207 2527 Θεοῦ.
228 2508 237 2525 ι
263 2498 343 2524 Ἀλλὰ
359 2498 406 2525 καὶ
420 2499 449 2524 ἐν
465 2499 498 2532 τῇ
513 2497 581 2532 πρὸς
601 2497 740 2531 Ἐφεσίους
755 2498 786 2524 ἐκ
799 2498 853 2524 τῶν

51 2546 217 2581 λεγομένων
224 2543 356 2579 Ἰερεμίου
373 2543 549 2578 ἀποκρύφων·
561 2543 714 2578 (Ἔγειραῑ,
730 2543 743 2569 ὁ
752 2542 851 2569 καθεύ-

52 2592 117 2623 δων,
137 2591 188 2617 καὶ
204 2590 311 2617 ἀνάστα
324 2590 356 2616 ἐκ
368 2589 423 2616 τῶν
448 2588 553 2624 νεκρῶν
568 2590 615 2615 καὶ
634 2588 780 2623 ἐπιφαύσει
811 2598 853 2616 σοι

51 2638 206 2673 Χριστός.)
227 2635 282 2662 Καὶ
296 2636 326 2662 ὲν
342 2636 375 2671 τῇ
393 2635 461 2669 πρὸς
475 2636 555 2661 Τῖτον
569 2635 598 2661 δὲ
616 2634 762 2670 Ἐπιστολῇ
778 2634 855 2661 Ἐπι-

53 2684 185 2718 μενιδους
198 2691 230 2709 τε
245 2681 291 2708 τοῦ
309 2681 431 2718 μάντεως
449 2681 551 2717 κρητοῦ
568 2681 715 2715 καταλέγει
728 2681 773 2709 τὸν
786 2690 854 2717 χρη-

52 2731 137 2765 σμὸν,
172 2727 205 2757 οὗ
235 2728 284 2755 καὶ
312 2728 488 2764 Καλλίμαχος
514 2729 650 2764 μέμνηται
680 2729 708 2754 ὲν
734 2729 767 2762 τῇ
800 2728 852 2763 ἰδίᾳ

907 2407 934 2434 in
945 2406 1067 2442 Epistola
1085 2407 1118 2435 ad
1137 2407 1281 2442 Ephesios,
1298 2415 1332 2434 ex
1349 2407 1427 2435 libris
1444 2408 1610 2442 apocryphis
1623 2407 1700 2435 Jere-

904 2453 965 2480 mia:
980 2463 986 2480 :
1006 2462 1016 2478 ι
1030 2452 1126 2488 Surge,
1145 2454 1192 2488 qui
1207 2453 1322 2484 dormis,
1334 2457 1362 2480 et
1371 2461 1491 2488 exsurge
1507 2461 1522 2480 a
1535 2454 1651 2481 mortuis
1674 2459 1702 2481 et

905 2498 1070 2526 illuminabit
1085 2503 1110 2526 te
1123 2498 1260 2527 Christus.
1279 2508 1288 2523 ι
1307 2498 1339 2525 Ει
1352 2498 1378 2525 in
1393 2498 1515 2533 Epistola
1533 2499 1566 2526 ad
1585 2497 1680 2525 Titum
1691 2518 1699 2528 ,

904 2542 1081 2579 Epimenidaa,
1092 2544 1163 2572 vatis
1175 2545 1325 2579 Cretensis,
1344 2544 1516 2579 prophetiam
1540 2549 1649 2577 narrat,
1667 2545 1702 2572 de

909 2599 964 2626 qua
981 2591 1239 2618 etiam'mentionem
1255 2591 1321 2618 facit
1337 2590 1523 2617 Callimachus
1535 2590 1562 2616 in
1570 2597 1622 2617 suo
1637 2597 1702 2624 poc-

909 2641 992 2664 male.
1003 2635 1077 2663 Dixit
1091 2636 1203 2671 quidam
1220 2643 1253 2663 ex
1271 2636 1325 2663 illis
1346 2636 1475 2670 proprius
1493 2636 1617 2671 ipsorum
1638 2644 1704 2670 pro—

906 2682 987 2717 pheta
1004 2691 1011 2709 :
1029 2692 1038 2708 ι
1051 2683 1196 2710 Cretenses
1209 2689 1317 2717 semper
1332 2683 1488 2714 mendaces,
1502 2683 1580 2710 mala’.
1591 2683 1685 2710 bestia:
1695 2715 1702 2726 '

907 2734 1016 2758 ventres
1030 2730 1119 2766 pigri;
1137 2729 1325 2758 testimonium
1344 2729 1387 2756 hic
1400 2736 1494 2756 verum
1511 2734 1563 2756 est.
1583 2740 1593 2755 ι

52 2779 181 2812 ποιήσει·
199 2773 284 2803 Εἶπέν
305 2784 348 2807 τις
377 2776 406 2809 ἐξ
439 2776 528 2803 αὐτῶν
559 2776 712 2811 προφήτης·
742 2775 848 2810 Κρῆτες
870 2775 913 2802 ἀεὶ
945 2776 1072 2811 ψεῦσται,
1093 2777 1176 2804 κακὰ.
1202 2775 1294 2812 θηρία,
1311 2775 1444 2812 γαστέρες
1469 2776 1562 2811 ἀργαί·
1584 2777 1615 2804 'H
1633 2786 1703 2813 μαρ-

51 2826 137 2865 τδρέα
159 2824 233 2859 αὕτη
249 2824 323 2851 ἐστὶν
339 2823 450 2859 ἀληθής.
