1863 3064
37 169 73 201 811
427 171 478 201 AD
489 171 786 203 AMPHILOCHIUM
806 173 978 209 QUIESTIO
996 174 1084 206 CLII,
1101 175 1206 205 CLIII.

1567 177 1623 211 818

37 227 73 261 σῆς
83 225 231 261 ὁνομοθέτης
244 225 376 261 κάλυμμα
392 225 489 262 ἔφερεν
499 226 546 252 ἐπὶ
560 226 607 253 τοῦ
619 226 769 262 προσώπου

887 228 922 256 da
939 235 1025 256 causa
1041 233 1097 262 est,
1131 229 1195 263 quia
1213 236 1275 256 eum
1310 227 1400 258 Moses
1417 230 1557 266 legislator
1575 239 1622 259 re-

36 273 144 307 ἀναλόγως
166 272 260 299 καὶτὰ
288 271 507 307 νομοθετούμενα
532 270 576 298 οἷα
593 272 627 307 δὴ
648 273 784 308 κάλυμμα

35 318 70 353 τὴν
79 318 192 352 ἀσάφειαν
207 318 375 352 συνεπέφερε
384 324 393 332 ⁸
409 318 457 344 καὶ
470 317 612 353 οὐδέτερον
631 318 681 353 μὲν
693 317 784 344 αὐτῶν

35 363 176 398 τὺὲγκλημα,
190 363 241 389 τῶν
256 363 278 389 δ’
292 362 435 398 ἀκροατῶν
451 363 468 398 ὴ
483 363 609 389 ἀσθένεια
628 363 678 398 τὴν
693 363 785 390 αἰτίαν

35 409 89 443 ἔχει·
101 409 199 444 καὶγὰρ
213 409 336 443 Μωῡσῆς
347 408 378 435 τὸ
390 409 522 444 κάλυμμα
532 429 539 439 ,
564 409 632 436 διότι
647 411 697 436 οὐκ
718 409 784 445 ἡδύ-

36 463 92 481 νιντο
110 455 190 490 φέρειν
212 456 261 490 τὴν
290 455 383 493 δόξαν.
398 454 445 482 τοῦ
463 454 610 490 προσώπου
635 455 719 483 αὑτοῦ
747 456 784 491 μὴ

34 500 214 536 κεκαλυμμένον,
231 501 403 536 περιετίθετο
415 509 422 516 ⁸
436 502 483 528 καὶ
494 503 508 528 ὸ
518 501 600 536 νόμος
611 502 639 528 δὲ
657 503 719 528 ἀντὶ
733 502 781 528 τοῦ

34 546 228 582 προκαλύμματος
242 548 276 574 δι’
288 548 355 574 αὐτὸ
374 547 453 574 τοῦτο
470 547 519 583 τὴν
535 548 672 582 ἀσάφειαν
700 557 785 583 περι-

34 590 147 626 εὖέΰλητο·
158 592 390 628 ὲναπετίθετογὰρ
405 593 433 618 ἐν
445 593 562 625 ἐκείνοις
575 592 619 620 οἷα
630 593 662 630 δὴ
679 593 784 629 θησαυ-

34 637 82 670 ροῖς,
93 637 121 664 τὰ
130 638 280 675 τελειότερα
291 639 339 666 καὶ
353 639 509 674 ὑψηλότερα
522 640 676 675 δογμάτων,
700 639 718 667 ἃ
737 640 784 667 τδν

33 682 122 716 Χριστόν
133 693 199 720 φημι
209 686 257 712 καὶ
273 686 323 720 τὴν
331 686 415 712 αὑτοῦ
426 686 566 722 Διαθήκην
577 687 784 722 προκατήγγελ-

32 728 77 754 λενν
93 729 141 756 ἀλλ’
154 731 265 763 ἐκεινοις
289 731 341 766 μὲν
365 731 396 758 τὸ
418 732 513 763 ἀτελὲς
532 732 581 758 καὶ
602 732 786 768 ὴρρωστηκὺς

32 775 66 808 τῆς
76 775 173 811 γνώμης
189 777 257 812 πρὸς
267 779 297 804 τὸ
316 778 422 805 ἐκεῖθεν
434 778 528 813 κέρδος
537 778 662 813 ἐμποδὼν
673 778 766 805 ἵστατο
776 787 783 794 ·

31 819 78 853 ἡμῖν
96 820 120 846 δὲ
144 821 373 857 θησαυριζόμενον
400 822 576 857 ἐφυλάττετο,
593 822 636 849 ἵνα.
666 822 785 858 Χριστοῦ

32 867 228 900 παραγεγονότος,
263 867 306 894 διὰ
335 868 386 903 τῆς
404 869 474 904 πρὸς
497 868 579 895 αὐτὸν
615 868 785 904 ἐπιστροφῆς

837 273 891 300 lum
907 273 934 300 in
950 273 1019 300 facie
1031 273 1165 309 gesserit,
1186 278 1367 307 congruenter
1380 275 1463 301 etiam
1478 275 1552 309 leges
1569 276 1622 302 veli

835 319 922 346 instar
946 320 1141 347 obscuritatem
1169 319 1379 346 contrahebant.
1405 319 1499 347 Neutri
1523 328 1556 348 ex
1580 321 1622 348 his

835 365 914 399 culpa
930 365 1087 399 imputanda
1106 370 1170 398 est,
1191 372 1274 400 quam
1299 365 1452 392 auditorum
1477 365 1622 393 inﬁrmitas

835 411 962 438 sustinet.
985 410 1053 437 Nam
1074 415 1102 438 et
1124 405 1214 438 Moses
1232 410 1336 438 idcirco
1350 416 1433 445 caput
1453 411 1622 445 obnubebat,

835 457 900 491 quia
923 456 1036 491 gloriam
1054 456 1145 484 vultus
1165 457 1226 491 ejus
1241 455 1364 491 perferre
1386 464 1469 484 nemo
1492 461 1598 492 poterat
1614 465 1622 484 :

835 502 941 538 legique
954 502 1028 535 item,
1041 502 1094 529 veli
1109 502 1180 534 loco,
1195 503 1231 530 ob
1249 501 1375 529 eamdem
1396 509 1507 529 causam
1523 503 1624 530 obscu-

834 549 902 577 ritas
918 549 1005 577 oll'usa
1020 549 1082 576 fuit.
1098 548 1203 576 Etenim
1218 549 1246 576 in
1262 556 1296 576 eo
1308 549 1392 576 veluti
1410 549 1540 576 thesauro
1555 556 1624 576 con-
1647 579 1649 582 1

835 595 969 622 debentur
975 594 1135 630 perfectiora
1145 595 1315 628 eelsioraque
1325 593 1464 628 dogmata,
1477 601 1538 629 quae
1548 593 1626 621 Chri-
1647 593 1649 630 ξ

835 645 909 668 stum
931 624 1036 667 scilicet
1060 639 1173 674 ejusque
1187 624 1393 666 Testamentum
1414 624 1624 673 portendebant.
1648 624 1651 634 ι

837 687 889 715 Sed
904 687 977 715 enim
992 687 1170 714 Hebraeorum
1185 686 1356 721 imperfectio
1374 691 1403 714 et
1420 686 1529 713 inﬁrma
1546 694 1625 713 mens

835 733 984 768 quominus
1001 733 1064 760 inde
1084 733 1191 760 lucrum
1207 732 1257 767 ipsi
1277 733 1450 767 perciperent
1462 752 1469 764 ,
1490 732 1624 766 impedie-

836 779 882 806 bat
898 787 905 807 :
921 779 1001 806 nobis
1017 783 1109 806 autem
1131 786 1163 806 ea
1183 786 1226 806 res
1245 778 1386 806 recondita
1404 779 1576 810 servabatur,
1596 782 1626 805 ut

836 825 946 853 Christo
961 830 1103 861 praesente,
1118 832 1165 859 per
1179 824 1388 852 conversionem
1408 823 1441 850 ad
1453 831 1527 856 eum,
1549 830 1627 849 rem.

837 872 940 898 laretur
953 871 1110 898 thesaurus.
1123 870 1185 897 Jam
1198 878 1306 899 mecum
1318 869 1529 898 consideratein
1540 876 1628 903 quan-

31 910 179 948 ὰνακαλυφθῇ
191 913 221 939 τὸ
236 913 486 949 θησαυριξόμενον⁸
500 914 548 940 καὶ
565 913 646 948 ὁρᾶτε
662 914 701 945 εἰς
721 914 766 949 ὅση

890 927 894 944 ι
911 925 962 944 nos
982 917 1142 952 dignitatem
1159 916 1269 943 Domini
1289 917 1432 951 praesentia
1449 915 1625 943 subvexerit:

30 954 83 988 ἡμᾶς
96 956 166 989 ἀξίαν
195 960 211 993 ἡ
229 959 277 984 τοῦ
300 959 436 985 Aac-mirae
454 959 591 994 παρουσία
614 959 784 994 συνήγαγεν·

32 999 59 1029 εἷς
69 1000 114 1035 γὰρ
128 1001 174 1037 τὴν
187 1003 234 1028 τοῦ
255 1003 396 1033 Μωῡσέως
418 1002 494 1035 τάξιν
511 1003 724 1038 ἐγκατέστησεν·
738 1002 786 1029 ἄλ-

29 1043 65 1076 λως
77 1055 101 1072 τε
112 1047 137 1073 δὲ
154 1049 200 1074 καὶ
213 1049 268 1075 τῶν
284 1049 434 1083 μελλόντων
449 1049 467 1083 ὴ
484 1049 645 1084 προφητεία,
667 1048 718 1075 κᾶν
733 1057 787 1084 μη-

29 1089 117 1125 δαμόθεν
126 1093 232 1121 ἄλλοθεν
251 1095 450 1131 συνενρέλκηται
463 1094 493 1121 τὸ
504 1094 702 1131 δυσθεώρητον,
716 1095 787 1130 πλὴν

28 1135 62 1171 εὖχ
70 1138 144 1170 οὕτως
160 1141 216 1166 ἐστὶ
231 1140 318 1175 σαφὴς
328 1140 366 1172 ὼς
382 1142 399 1175 ή
414 1140 470 1167 τῶν
483 1140 625 1177 παρόντων
640 1141 767 1176 διήγησις
778 1149 786 1156 ·

29 1181 135 1211 λαϐόντων
145 1185 171 1212 δὲ
185 1187 270 1222 πέρας
282 1186 335 1213 τῶν
349 1187 603 1222 προφητευθέντων,
619 1186 667 1213 καὶ
675 1186 705 1213 τὸ
719 1188 789 1213 ἀσα-

28 1227 62 1259 φὲς
71 1230 278 1264 συμμεθίσταται
292 1231 362 1266 πρὸς
374 1232 541 1266 σαφήνειαν·
561 1231 609 1256 καὶ
624 1230 681 1264 γὰρ
694 1231 741 1256 καὶ
759 1231 789 1255 τδ

30 1272 124 1300 eiurare
135 1274 179 1301 τὸν
192 1275 255 1301 ναὸν
268 1275 362 1301 τοῦτον
372 1275 419 1302 καὶ
435 1276 464 1301 ὲν
475 1275 566 1310 τρισὶν
573 1275 690 1310 ἡμέραις
700 1275 745 1308 ὲγε
752 1274 789 1308 ρῶ

27 1317 96 1351 αὑτὸν,
110 1328 119 1344 ι
131 1320 176 1346 τοῦ
191 1321 320 1356 Σωτῆρος
329 1320 597 1355 προαγορεύσαντος,
607 1320 636 1346 οὐ
647 1320 728 1355 μόνον
736 1319 790 1344 τῶν

27 1363 92 1390 ἄλλων
110 1365 242 1393 Ἰουδαίων
267 1367 298 1392 τὺ
313 1366 426 1397 ἀπειθὲς
443 1367 491 1392 καὶ
520 1366 738 1400 ἀπονενοημένον
759 1365 790 1391 τὸ

27 1411 188 1445 προςητευθὲν
199 1413 230 1438 οὐ
249 1412 414 1448 κατενόησεν
439 1412 500 1439 οὐδὲ
514 1412 642 1447 συνῆκεν,
658 1411 716 1438 ἀλλ’
736 1412 789 1438 οὐδ’

25 1452 71 1480 δῖον
86 1457 110 1481 ὲν
132 1457 224 1489 αὐτοῖς
266 1457 451 1493 συνετώτερον
481 1458 528 1484 καὶ
551 1459 601 1493 τῆς
620 1457 790 1492 Δεσποτικῆς

25 1497 173 1533 διδασκαλίας
200 1503 385 1535 ἀπολαύοντες
411 1503 466 1529 τῶν
494 1504 625 1538 μαθητῶν
654 1504 668 1530 ὁ
699 1504 789 1539 χορδς,

25 1545 64 1571 οὐδ’
79 1549 146 1574 αὐτοὶ
161 1550 300 1581 συνίεσαν,
313 1549 381 1576 ἀλλὰ
395 1550 444 1584 τῆς
472 1549 517 1576 διὰ
541 1549 594 1575 τῶν
617 1550 791 1584 πραγμάτων

25 1591 148 1627 ἐδεήθησαν
161 1596 230 1631 πρὸς
241 1596 292 1631 τὴν
305 1596 468 1631 κατανόησιν
482 1596 529 1622 τοῦ
545 1595 790 1632 προφητευθέντος,
806 1589 827 1617 c

26 1638 150 1673 ἐκϐάσεως.
160 1643 264 1678 Διόπερ
279 1642 332 1669 οὐδ’
343 1642 435 1678 ἔνοχός
446 1644 522 1669 ἐστιν
535 1642 624 1674 αἰτίας
637 1643 652 1669 ὁ
664 1642 792 1674 Ἰουδαῖος

25 1684 60 1716 τὰς
73 1688 129 1722 περὶ
153 1689 276 1725 Χριστοῦ
304 1689 475 1724 προφητείας
499 1689 554 1724 πρὸ
576 1689 626 1724 τῆς
643 1689 727 1715 αὐτοῦ
756 1688 794 1724 μὴ

27 1733 105 1764 συνιεὶς
121 1736 275 1770 παρουσίας
286 1744 293 1751 ο
308 1735 396 1771 ταύτῃ
411 1743 452 1761 τοι
468 1735 515 1761 καὶ
532 1736 546 1761 ὁ
560 1735 656 1770 Σωτὴρ
679 1735 773 1768 ἔλεγεν
787 1742 793 1749 ·

29 1778 75 1829 (rm
91 1780 124 1816 μὴ
143 1779 227 1816 ἦλθον
248 1782 298 1809 καὶ
311 1782 433 1816 ἐλάλησα
448 1781 551 1813 αὐτοῖς,
577 1781 716 1816 ἁμαρτίαν
745 1781 795 1806 οὐκ

26 1826 105 1857 εἰχον.»
119 1827 172 1854 Καὶ
187 1829 244 1864 γὰρ
264 1828 288 1854 εἰ
304 1829 351 1854 καὶ
364 1828 398 1854 τὰ
413 1827 494 1862 λόγια
506 1826 600 1853 τοῦτον
628 1826 796 1862 ἐχρησμολό-

24 1877 66 1902 γει,
80 1871 131 1899 ἀλλ’
143 1874 329 1906 ὲπεσκιάζετο
359 1875 393 1909 τῇ
412 1873 531 1909 ἀπουσίᾳ
547 1873 593 1900 τοῦ
619 1872 794 1908 κηρυσσομέ-

25 1922 74 1941 νου⁵
103 1920 237 1955 παρόντος
260 1920 299 1952 δὲ,
328 1919 476 1955 οὐδαμόθεν
492 1919 586 1946 λοιπὸν
611 1919 722 1946 ἂλλοθεν
745 1919 796 1944 ἐπ-

25 1964 155 1998 ξσκιάζετο,
172 1967 244 2003 μόνῃ
259 1967 287 1993 δὲ
303 1967 336 2002 τῇ
351 1966 489 2002 μοχθηρία
505 1967 554 1993 καὶ
571 1965 726 2001 κακουργίᾳ
742 1965 797 1992 τῶν

26 2010 53 2045 μὴ
68 2012 232 2049 βουλομένων
248 2013 417 2041 ἐκαλύπτετο
432 2014 645 2049 παραδέχεσθαι.
656 2014 720 2040 Ἐπὶ
735 2013 798 2040 τού-

25 2064 67 2088 τοις
77 2059 102 2085 δὲ
125 2060 175 2095 τῆς
201 2060 340 2095 ἀσαφείας
365 2061 439 2087 ἐστὶν
455 2060 531 2087 αἰτία
549 2060 579 2086 τὸ
603 2059 652 2095 μὴκ
663 2061 740 2094 φωνῇ
763 2061 797 2095 τῇ

29 2100 116 2132 Ἐλλάδι
128 2107 178 2142 τὴν
195 2106 324 2134 Παλαιὰν
341 2105 549 2141 ἀπαγγελθῆναι
559 2105 680 2141 Γραφὴν,
697 2105 754 2132 ἀλλ’
767 2107 800 2132 ἐκ

25 2149 61 2184 ῖῆς
81 2151 219 2189 Ἐσραΐδος
245 2155 287 2185 εις
310 2154 414 2189 ταύτην
438 2153 620 2188 μεταπεσεῖν·
637 2153 744 2187 πέφυκε
769 2152 799 2179 δὲ

26 2198 82 2224 :iu
94 2200 206 2233 γλῶσσα
221 2202 265 2232 εἰς
280 2200 396 2235 ἔκφυλον
414 2199 624 2235 μετατιθεμένη,
644 2198 674 2225 τὸ
694 2199 800 2233 ἀσαφὲς

26 2243 59 2269 καὶ
81 2245 302 2282 δυσκατανόητον
319 2246 550 2281 συνεφέλκεσθαι·
565 2247 597 2281 τῇ
619 2245 741 2280 Ἐϐραΐδι
770 2245 799 2271 δὲ

25 2291 69 2315 741'
94 2293 179 2328 ἀρχὰς
214 2294 370 2330 ἐρρέθησαν
400 2294 429 2320 αἱ
444 2292 593 2319 Μωσαῐκαὶ
619 2291 797 2326 νομοθεσίαι-

25 2334 74 2363 δῖάτι
93 2340 169 2373 μόνον
194 2339 328 2376 τηνικάδε
354 2339 385 2366 τὺ
415 2339 550 2365 Ἰουδαίων
572 2337 648 2368 ἔθνος
674 2339 707 2373 τῇ
739 2337 799 2363 θεο-

25 2386 108 2422 Τιωσίᾳ
129 2389 317 2422 προσανεῖχε·
345 2388 380 2413 τὰ
403 2386 431 2413 δὲ
450 2385 531 2412 λοιπὰ
556 2384 624 2419 πρὸς
653 2383 702 2418 τὴν
725 2382 801 2409 είδωα

25 2428 85 2466 ὶικὴν
99 2434 309 2470 ἁπετεθηρίωτο
335 2433 445 2468 μανίαν.
470 2432 547 2458 Ἐπεὶ
573 2431 602 2457 δὲ
619 2430 737 2465 Χριστὸς
751 2429 801 2464 ἥγ-

26 2474 70 2507 Τίξε
83 2478 300 2514 παραγενέαθαι,
313 2478 361 2504 καὶ
374 2478 442 2512 πρὸς
454 2477 551 2503 ἑαυτὸν
566 2476 616 2510 τὴν
632 2474 798 2509 οἰκουμένην

26 2521 107 2556 καλεῖν,
123 2527 140 2559 ἡ
171 2525 299 2560 Ἑλληνὶς
326 2524 354 2551 δὲ
371 2523 483 2558 γλῶσσα
508 2522 563 2549 τῶν
590 2521 678 2548 ἄλλων
700 2520 802 2555 μᾶλλον

26 2568 67 2599 τοῖς
77 2569 179 2598 ἔθνεσιν
191 2569 518 2605 ἑπεπόλαξε,τηνικαῦτα
529 2567 660 2604 καὶὴτῶν
668 2566 803 2602 Ἑὸραίων

26 2614 86 2650 φωνὴ
98 2617 164 2651 πρὸς
175 2616 229 2651 τὴν
246 2616 382 2651 Ἑλλήνων
395 2613 586 2650 μετεϐέϐλητο,
595 2613 662 2646 πρὸς
671 2611 804 2638 ἐνιαυτῶν

25 2658 47 2683 0‘3
61 2661 134 2690 πλέον
153 2663 260 2689 ὲκατδν
273 2662 323 2697 τῆς
336 2660 382 2687 τοῦ
400 2660 527 2694 Σωτῆρος
539 2657 706 2693 παρουσίας,
720 2657 803 2683 αὑτοῦ

840 969 959 996 namque
971 961 998 988 in
1015 961 1075 996 ipso
1095 969 1144 988 nos
1155 959 1239 987 Mosis
1256 959 1354 988 ordine
1370 960 1521 987 collocavit.
1538 959 1625 986 Caete-

841 1006 947 1040 teroqui
964 1004 1118 1032 futurarum
1133 1012 1224 1032 rerum
1240 1004 1410 1036 vaticinium,
1431 1003 1539 1030 etiamsi
1556 1002 1627 1030 forte

841 1051 942 1079 nullam
954 1051 1027 1078 aliud
1037 1051 1128 1078 trahat
1140 1050 1344 1083 obscuritatem,
1355 1050 1535 1077 nihilominus
1554 1058 1626 1076 nun-

841 1105 922 1132 quam
938 1103 1016 1131 aeque
1028 1099 1070 1123 est
1080 1095 1204 1127 evidens,
1218 1100 1247 1122 ut
1260 1094 1434 1129 praesentium
1455 1101 1547 1121 rerum
1564 1101 1628 1120 nar-

840 1144 921 1171 ratio.
941 1142 1049 1175 Verum,
1064 1142 1111 1169 ubi
1132 1142 1281 1177 prophetia:
1303 1141 1337 1168 ad
1363 1142 1465 1169 exitum
1491 1140 1629 1176 perductae

842 1189 942 1217 fuerint
954 1209 961 1220 ,
979 1193 1038 1215 tum
1061 1188 1171 1216 demum
1193 1187 1348 1215 obscuritas
1364 1187 1391 1213 in
1410 1187 1498 1214 lucem
1513 1193 1630 1213 conver-

842 1238 917 1263 titur.
927 1234 994 1261 Nam
1006 1238 1108 1262 etcum
1124 1233 1205 1260 verba
1217 1232 1398 1266 illa,tSolvite
1416 1231 1550 1266 templum
1565 1232 1628 1265 hoc,

842 1287 868 1308 et
880 1289 930 1317 ego
950 1281 1037 1309 tribus
1050 1280 1147 1308 diebus
1158 1279 1284 1307 excitabo
1303 1278 1370 1306 illud
1382 1278 1404 1312 ι,
1421 1288 1430 1304 ι
1450 1286 1466 1306 a
1482 1277 1631 1305 Servatore

843 1329 913 1356 dicta
933 1327 1062 1359 fuerunt,
1095 1334 1150 1354 non
1168 1325 1258 1354 solum
1283 1331 1446 1353 czeterorum
1469 1324 1631 1352 Judaeorum

843 1382 906 1410 pars
921 1373 1060 1400 incredula
1083 1376 1111 1399 et
1127 1379 1224 1399 vecors
1246 1371 1421 1406 prophetiam
1441 1377 1531 1404 neque
1548 1368 1634 1396 Sensit

844 1428 932 1454 neque
948 1418 1092 1450 intellexit,
1112 1418 1160 1446 sed
1181 1425 1215 1444 ne
1238 1417 1277 1444 illi
1300 1417 1410 1452 quidem
1436 1415 1483 1451 qui
1499 1415 1569 1442 inter
1584 1422 1633 1441 eos

843 1465 1035 1502 prudentiores
1050 1468 1141 1497 erant,
1159 1468 1187 1491 et
1203 1462 1352 1490 Dominica:
1373 1461 1505 1489 doctrinae
1524 1459 1634 1487 audito-

844 1521 899 1545 res,
917 1512 1116 1547 discipulorum
1138 1518 1236 1545 nempe
1253 1512 1341 1537 cactus
1354 1528 1361 1541 ,
1383 1507 1534 1543 quidquam
1553 1505 1634 1532 intel-

845 1560 982 1592 lexerunt,
1001 1558 1048 1586 sed
1064 1564 1157 1584 rerum
1172 1556 1246 1583 exitu
1271 1555 1447 1590 indiguerunt
1463 1559 1490 1580 ut
1512 1550 1635 1580 vaticinii

845 1614 955 1634 sensum
978 1605 1159 1640 perciperent.
1185 1603 1276 1636 Quare
1293 1610 1343 1629 nec
1362 1608 1426 1629 reus
1448 1599 1636 1628 traducendus

843 1656 885 1679 est
898 1651 1010 1678 Judmus
1024 1672 1031 1684 ,
1051 1650 1117 1685 quia
1131 1648 1261 1675 vaticinia
1284 1647 1317 1674 de
1335 1647 1446 1674 Christo
1471 1651 1535 1673 ante
1552 1645 1634 1680 hujus

845 1697 989 1724 adventum
1016 1703 1070 1722 non
1108 1693 1283 1722 intellexerit.
1308 1693 1425 1727 Ideoque
1455 1696 1483 1719 et
1508 1691 1638 1718 Servator

845 1743 935 1770 aiebat
951 1751 958 1768 :
977 1751 986 1767 ι
1002 1740 1059 1768 Nisi
1077 1747 1128 1774 ego
1144 1739 1280 1767 venissem
1294 1738 1400 1772 illlsque
1412 1737 1522 1764 locutus
1535 1743 1636 1768 essem,

846 1793 986 1823 peccatum
1003 1794 1057 1814 non
1075 1785 1257 1813 haberent'.»
1274 1784 1330 1811 Etsi
1340 1783 1414 1810 enim
1429 1782 1542 1809 oracula
1555 1780 1638 1808 Chri-

845 1840 918 1863 stum
933 1833 1128 1869 praedicabant,
1142 1832 1200 1859 haec
1216 1836 1305 1857 tamen
1323 1829 1543 1857 obscurabuntur
1575 1835 1638 1862 pro-

847 1887 905 1916 pter
917 1879 977 1915 ejus
992 1879 1039 1914 qui
1049 1877 1243 1913 designabatur
1258 1876 1411 1912 absentiam
1428 1885 1435 1902 :
1455 1881 1510 1910 quo
1527 1874 1638 1901 demum

846 1931 992 1962 praesente,
1005 1925 1061 1961 jam
1076 1924 1234 1960 neutiquam
1261 1922 1381 1957 tegmine
1404 1920 1615 1948 obnubebantur
1630 1927 1639 1946 :

848 1974 906 2002 sola
915 1978 1006 2001 autem
1028 1971 1188 2007 improbitas
1196 1969 1381 2004 vecordiaque
1401 1967 1638 2000 refractariorum,

849 2020 999 2057 quominus
1015 2019 1039 2047 is
1052 2018 1219 2054 reciperetur
1229 2038 1237 2050 ,
1252 2016 1394 2044 obstabat.
1412 2014 1526 2043 Accedit
1542 2014 1575 2042 ad
1590 2014 1641 2041 ob-

849 2066 991 2095 scuritatis
1015 2072 1116 2092 causas
1138 2063 1211 2099 quod
1236 2067 1318 2089 vetus
1345 2061 1491 2096 Scriptura
1515 2067 1642 2088 sermone

850 2113 946 2141 Graeco
961 2119 1016 2139 non
1033 2111 1086 2138 fuit
1099 2114 1243 2145 concepta,
1257 2109 1305 2136 sed
1318 2116 1350 2136 ex
1365 2107 1500 2135 llebraico
1518 2107 1552 2142 in;
1565 2106 1641 2134 illum

851 2159 982 2186 manavit.
1000 2157 1049 2184 Est
1064 2162 1153 2184 autem
1171 2159 1270 2182 natura
1291 2159 1481 2189 comparatum
1507 2156 1535 2179 ut
1551 2152 1643 2179 omnis

852 2207 961 2240 lingua,
980 2211 1042 2239 quae
1060 2204 1090 2230 in
1109 2202 1280 2238 peregrinam
1302 2200 1497 2237 convertitur,
1515 2198 1642 2226 obscuri-

853 2256 934 2279 tatem
953 2249 1213 2282 abstrnsionemque
1235 2246 1392 2274 contrahat.
1415 2244 1475 2272 Jam
1493 2251 1558 2271 vero
1568 2243 1642 2278 prin-

851 2298 922 2332 cipio
937 2295 1065 2323 Mosaicae
1079 2295 1151 2328 leges
1170 2293 1311 2320 Hebraieaa
1334 2291 1432 2327 lingua:
1445 2290 1642 2317 commendata:

851 2343 984 2371 luerunt:
1006 2349 1093 2377 quare
1114 2345 1141 2367 et
1155 2344 1220 2367 tunc
1238 2338 1324 2366 Judaei
1343 2338 1394 2365 soli
1412 2336 1507 2364 notitia
1527 2335 1573 2362 Dei
1592 2342 1641 2370 po-

852 2390 989 2417 tiebantur
1002 2397 1009 2421 ;
1026 2387 1138 2422 reliqure
1149 2390 1245 2421 gentes
1261 2385 1362 2412 idolica
1377 2383 1482 2411 insania
1496 2382 1642 2417 iactaban-

852 2442 905 2466 tur.
931 2435 984 2463 Sed
1002 2434 1075 2462 enim
1089 2433 1193 2461 Christi
1211 2440 1273 2460 cum
1288 2431 1523 2467 appropinquaret
1541 2429 1643 2456 adven-

855 2487 909 2513 tus,
923 2479 1073 2514 mundique
1088 2477 1120 2504 ad
1134 2485 1196 2504 eum
1215 2476 1322 2503 voeatio
1335 2485 1342 2509 ;
1356 2482 1475 2509 cumque
1485 2473 1540 2509 jam
1552 2472 1645 2500 Grieca

856 2526 948 2560 lingua
958 2532 1013 2559 prm
1024 2523 1130 2550 caeteris
1142 2522 1169 2548 in
1184 2529 1264 2548 usum
1276 2520 1397 2555 gentium
1413 2523 1520 2552 recepta
1539 2518 1645 2550 fuisset,

856 2574 922 2596 tunc
934 2567 1054 2595 Hebraeae
1071 2566 1182 2593 Littera:
1200 2566 1226 2592 in
1244 2564 1353 2592 Graecas
1367 2571 1508 2591 conversae
1522 2562 1645 2593 luerunt,

857 2620 930 2640 anno
948 2616 1011 2639 ante
1024 2610 1126 2638 Christi
1143 2610 1288 2636 adventum
1308 2609 1352 2635 vix
1366 2607 1518 2635 centesimo
1530 2626 1537 2637 ,
1554 2605 1647 2632 Ptole-

860 2666 928 2686 ιιιωο
945 2657 1002 2692 (39)
1017 2657 1044 2683 in
1059 2655 1176 2691 Egypto
1191 2659 1333 2690 regnante.
1351 2653 1458 2688 Quippe
1477 2652 1602 2684 decebat,
1617 2655 1647 2678 ut

51 2730 60 2747 ‘
74 2731 93 2761 ιι
106 2733 170 2762 Cor.
190 2742 238 2765 ιιι,
261 2732 304 2760 15.
342 2734 353 2749 ⁸
365 2732 444 2760 Joan.
464 2740 494 2764 ιι,
512 2731 555 2758 l9.
594 2731 604 2746 ⁵
621 2728 701 2756 Joan.
717 2736 762 2762 xv,
775 2727 880 2760 22,24.

773 2786 891 2815 NOTJE.

52 2834 101 2870 (59)
114 2837 175 2871 Quo
188 2836 360 2864 Ptolemato?
373 2835 440 2863 Nam
450 2835 656 2870 Philadelphum
672 2834 734 2871 (sub
746 2841 801 2871 quo

27 2870 133 2900 Creditur
142 2877 243 2900 curata
270 2872 468 2908 interpretatio)
484 2879 539 2899 non
551 2870 658 2899 videtur
687 2870 801 2897 Photius

855 2832 1017 2867 intelligere,
1035 2831 1105 2858 inter
1120 2830 1200 2867 cujus
1215 2837 1330 2867 regnum
1345 2828 1504 2863 Christique
1517 2826 1645 2854 nativita-

857 2873 909 2896 tem
929 2865 1175 2895 iritcrceduutanui
1190 2865 1316 2893 trecenti.
