1863 3064
206 138 258 170 827
786 136 885 166 PHOT
887 136 941 166 ΙΙ]

1109 136 1187 166 SHE
1206 136 1261 166 ΟΡ.
1798 134 1844 166 8°18

209 194 293 221 animi
307 194 394 220 denuo
411 197 571 220 renavatur.
599 191 764 219 Perfunctus
792 191 829 218 ita
856 199 939 219 senex

1109 191 1216 226 56611;;
1234 190 1285 226 τὴν
1311 190 1352 221 εις
1379 189 1410 217 τὸ
1427 190 1505 226 Θεῖον
1533 189 1700 224 δοξολογίαν,
1718 191 1844 226 τρέπετιι

208 246 264 268 ster
282 239 367 266 divini
386 238 513 266 Numinis
535 238 674 269 laudibus,
692 238 809 273 denique
824 246 854 265 se
869 238 902 265 ad
918 238 943 265 bt

1107 239 1146 265 τὸν
1163 238 1210 265 ἐπὶ
1221 238 1271 273 τὴν
1286 236 1413 272 εὐλογίαν
1438 236 1492 263 τῶν
1519 236 1711 271 ἀναγαγόντων
1727 236 1758 263 τὸ
1785 237 1842 272 βρέ-

207 286 354 313 dictionem
387 284 509 317 illorum,
539 285 586 320 qui
609 283 741 311 infantem
756 284 914 317 attulerant,
932 291 942 311 t

1109 305 1113 312 .
1131 282 1198 312 Εἶτα
1220 284 1326 310 ἐκεῖθεν
1342 283 1412 319 πρὸς
1428 283 1512 319 μόνην
1526 283 1575 318 τὴν
1593 283 1699 319 μητέρα
1714 283 1844 319 ἀποστρέ-

207 331 297 359 vertit.
326 331 397 359 lliuc
417 338 484 359 vero
506 331 540 358 ad
566 335 683 358 matrem
706 331 792 358 solam
818 330 900 357 verba
923 330 942 357 ft

1115 332 1172 367 (56)
1201 331 1248 358 τὸν
1259 331 1349 364 λόγον.
1379 331 1459 357 (Καὶ
1490 329 1639 365 εὐλόγησεν
1664 330 1719 366 γὰρ
1752 331 1845 362 αὐτοὺς

210 388 219 404 ι
241 378 383 405 Beuedixit
400 378 474 405 enim
490 378 544 405 illis
559 378 694 413 Syuieon,
712 381 739 404 et
757 377 791 404 ad
805 376 929 410 Mariam,
944 385 945 388 η

1107 378 1177 411 ιεὼν,
1197 378 1245 404 καὶ
1259 375 1321 404 εἷπε
1330 377 1399 412 πρὸς
1412 377 1529 412 Μαριὰμ
1541 377 1590 412 τὴν
1607 377 1713 412 μητέρα
1726 377 1819 404 αὑτοῦ.
1835 389 1842 404 ι

207 429 276 452 trem
294 424 364 459 ejus,
390 423 508 451 dixit“.
531 433 539 450 ι
559 424 599 451 Ad
620 423 743 455 Mariam,
760 423 859 458 inquit,
875 428 942 450 matr

1115 433 1126 455 ;
1140 423 1268 459 Μαριὰμ,
1287 423 1364 458 φησὶ,
1379 423 1428 458 τὴν
1455 423 1571 458 μητέρα,
1584 423 1645 458 οὐχὶ
1657 424 1726 458 πρὸς
1750 424 1846 458 Ἰωσὴφ

208 478 261 498 non
276 471 310 498 ad
324 470 485 505 Josephum,
499 475 602 504 patrem
619 469 692 504 ejus.
709 467 897 496 Nihilominus
911 473 943 496 t:u

1117 470 1223 506 πατέρα
1242 469 1336 497 αὐτοῦ.
1361 469 1442 496 Ἀλλὰ
1455 469 1506 504 τῆς
1523 470 1572 505 μὲν
1590 470 1718 504 εὐλογίας
1750 471 1847 505 ὰμιμῖν

209 517 332 551 utrisque
346 517 565 544 benedictionem
588 515 755 551 impertitur,
787 516 913 551 quamvis
933 523 944 542 a

1110 516 1230 543 αδιδωσι.
1244 515 1300 552 Τὴν
1310 515 1339 542 δὲ
1353 516 1506 551 πρόσρησιν
1534 515 1588 542 τῶν
1618 517 1845 552 ἀποῤῥητοτὲρων

208 563 357 596 cntionem,
373 563 407 591 de
420 564 503 590 rebus
517 563 642 598 inprimis
658 563 874 594 sublimioribus,
892 562 925 589 ad
942 570 943 588 1

1111 563 1190 598 μητρὶ
1209 562 1344 597 προσάγει
1374 562 1453 598 μόνῃ,
1480 562 1524 588 ἵνα
1548 561 1592 588 διὰ
1614 562 1664 596 μὲν
1691 563 1742 597 τῆς
1760 564 1846 598 κοινῆς

209 613 278 636 trem
294 609 380 637 solam
398 609 524 636 instituat
541 618 548 636 :
568 613 597 635 ut
615 609 723 636 Scilicet
747 607 887 636 communi
918 608 944 635 bt‘

1113 608 1184 643 rft'ac
1196 607 1244 634 τοῦ
1263 608 1403 643 σχήματος
1427 607 1482 634 τῶν
1504 608 1674 642 γεννητόρων
1693 608 1732 643 μὴ
1753 608 1848 642 ἀπογυ-

208 655 425 690 dictionejacta
465 654 614 690 Josephnm
660 655 782 690 parentis
815 654 910 682 habitu

1113 664 1150 691 ισῃ
1168 654 1213 681 τὸν
1233 654 1346 690 Ἰωσὴφ,
1359 654 1404 680 διὰ
1420 654 1448 680 δὲ
1463 654 1518 680 τῶν
1536 655 1603 689 πρὸς
1618 655 1668 689 τὴν
1686 655 1795 689 μητέρα
1810 655 1848 681 λό-

209 709 322 736 prorsus
336 701 444 736 privet;
473 701 555 728 simul
580 705 670 728 tamen
687 700 777 727 verbis
803 700 872 732 suis,
895 699 929 726 ad

1128 701 1177 736 τὴν
1195 701 1335 736 Παρθένον
1349 700 1454 727 ἐκείνου
1468 700 1634 732 διαστείλας,
1652 701 1703 734 τὴν
1731 700 1770 732 ὡς
1786 701 1848 736 ἁλη-

209 754 278 774 trem
291 747 432 782 speciatim
445 747 566 781 perlatis,
581 746 714 782 virginem
732 748 766 773 ab
778 754 811 773 eo
822 746 941 781 distingu

1126 747 1287 783 ἁνακηρύξῃ
1301 746 1417 782 μητέρα.
1435 744 1502 773 Εἶτα
1518 747 1565 773 καὶ
1577 747 1603 772 τι
1619 746 1847 782 διαλιέγεταιπρὸς

208 802 269 822 eam
286 801 350 821 vere
365 798 479 820 matrem
495 793 555 828 ejus
582 793 755 828 proﬁteatur.
785 791 855 825 Quid
884 800 943 819 verc

1120 793 1228 828 μητέρα
1239 790 1353 826 ςιΟὗτος
1364 795 1453 819 κεῖται
1467 794 1508 825 εἰς
1522 793 1628 819 πτῶσιν
1646 795 1691 819 καὶ
1703 793 1848 820 ἀνάστασιν

209 844 324 867 matrem
340 839 485 874 loquitur?
501 849 511 864 ‹
531 839 579 866 Hic
596 839 669 874 jacet
684 839 711 865 in
737 838 844 873 lapsum
868 843 895 865 et
912 846 941 865 re

1112 839 1163 866 λῶν
1177 840 1205 866 ὲν
1219 840 1257 876 τῷ
1281 839 1401 876 Ἰσραὴλ,
1418 840 1466 866 καὶ
1477 841 1516 871 εἰς
1534 841 1647 874 σημεῖον
1672 840 1847 874 ἀντιλεγόμε-

210 887 361 913 rectionem
387 886 533 912 multorum
560 885 587 912 in
613 885 707 916 Israel,
733 889 759 912 et
781 884 808 911 in
824 884 943 920 signum,

1120 896 1129 912 ι
1141 887 1234 922 Ὁρᾷς,
1243 871 1326 918 ,ὃπως
1336 871 1400 923 ὅλτιν
1410 886 1458 913 τοῦ
1472 871 1622 922 μυστημίου
1633 886 1682 921 τὴν
1693 871 1847 921 οἰκονομίαν

209 930 451 958 condradicitur“.
473 940 482 957 ι
494 930 588 961 Vides,
604 937 667 958 eum
684 934 767 957 totam
783 930 906 965 mysterii
921 930 944 956 hi

1113 933 1231 965 σπτικῶς
1249 934 1317 968 πρὸς
1330 933 1379 969 τὴν
1399 933 1538 968 Παρθένον
1567 934 1708 968 ἀναφέρει,
1737 933 1848 967 κάκείνη

209 977 394 1005 conditionem
409 977 569 1005 summatim
586 976 692 1012 Virgini
709 976 828 1012 aperire,
849 976 924 1002 illam
938 984 944 1001 ι

1113 981 1176 1006 εἷται
1191 979 1240 1015 τὴν
1261 979 1356 1006 τούτου
1379 980 1516 1015 διήγησιν.
1538 979 1609 1006 Εἰὸέ
1633 988 1675 1006 σοι
1699 979 1779 1014 φίλον
1807 979 1848 1006 καὶ

208 1023 269 1058 ejus
284 1024 487 1051 enarrationem
504 1028 598 1058 postea
615 1023 770 1050 instituere.
785 1022 864 1056 Quod
885 1022 908 1050 si
928 1022 943 1049 ii

1113 1035 1126 1059 ς
1136 1026 1170 1054 τὰ
1183 1026 1319 1054 ἀκόλουθα
1339 1026 1479 1062 μετελθεῖν
1494 1027 1599 1062 ἀνδρῶν
1612 1027 1691 1063 ἱερῶν
1720 1027 1847 1062 σεμνολο-

208 1075 272 1098 cuta
300 1075 460 1098 sanctorum
488 1070 609 1097 virorum
633 1070 744 1097 oracula
762 1068 889 1096 conferre
906 1068 943 1096 tib

1116 1082 1168 1100 ατα
1180 1073 1251 1109 (57).
1268 1073 1375 1100 τελείαν
1395 1082 1437 1100 σοι
1449 1073 1503 1100 τῶν
1520 1073 1696 1110 ζητουμένων
1713 1075 1730 1109 ὴ
1745 1074 1848 1109 ἱστορία

209 1116 282 1148 beat,
302 1116 426 1144 historiae
439 1116 524 1144 series
542 1116 722 1152 quaesitorum
753 1121 863 1143 tuorum
888 1115 944 1143 solu

721 1138 722 1141 η
753 1121 863 1143 tuorum
888 1115 1004 1143 solutio-
1055 1118 1104 1154 τὴν
1117 1117 1194 1145 λύσιν
1209 1118 1456 1154 ἐπιδαψιλεύσοιτο.

208 1170 270 1190 nem
284 1163 393 1190 abunde
409 1162 637 1198 suppeditaverit.

261 1221 426 1255 QUESTIO
441 1221 532 1250 CLVII
558 1220 841 1258 [CoisLCLXXXVlL
854 1220 939 1248 Taur.

860 1220 939 1248 Taur.
1317 1228 1485 1256 ΕΡΩἸῊΣΙΣ
1513 1228 1595 1256 PNZ'.

386 1269 516 1298 CLXXVI
532 1273 558 1298 et
570 1269 713 1298 CLxxvu
733 1269 829 1305 (ss-)1.

208 1317 282 1349 Quid
297 1316 430 1351 signiﬁcat
445 1316 513 1343 illud
531 1323 540 1343 :
561 1325 570 1341 ‹
592 1315 643 1342 llic
660 1315 734 1350 jacet
752 1317 779 1342 in
792 1316 898 1342 ruinam
924 1324 943 1343 et

1115 1320 1203 1345 ἐστιν·
1222 1328 1231 1344 ι
1251 1317 1345 1351 Οὗτος
1360 1319 1454 1346 κεῖται
1472 1320 1515 1351 εις
1525 1318 1642 1345 πτῶσιν
1653 1318 1701 1344 καὶ
1717 1318 1850 1344 ἀνάστα-

244 1353 449 1388 surrectionent
468 1351 614 1388 multorum
640 1352 667 1378 in
688 1351 786 1384 Israel,
807 1356 837 1388 et
846 1352 874 1378 in
900 1352 977 1387 signa

1115 1363 1145 1380 ιν
1164 1353 1288 1381 πολλῶν
1298 1355 1332 1381 ἐν
1348 1354 1388 1387 τῷ
1423 1354 1560 1388 Ἰσραὴλ,
1585 1354 1633 1380 καὶ
1655 1355 1700 1386 εἰς
1724 1353 1847 1388 amisit»

246 1387 290 1414 cui
301 1387 515 1414 contradicitur?
537 1397 546 1413 ι
834 1386 837 1390 ’
928 1386 931 1387 ⁷

834 1386 837 1390 ’
928 1386 931 1387 ν
1091 1390 1334 1423 ἀντιλεγόμενον,
1351 1398 1378 1416 κ.
1393 1390 1426 1421 ἐξ

491 1444 620 1470 Edim-um
630 1451 644 1469 a
662 1443 752 1469 Wolllo
768 1444 890 1477 vigesima
904 1444 931 1475 (Ι.
945 1452 978 1474 c.,
994 1452 1020 1476 p.
1038 1446 1151 1472 778-78ι.
1171 1447 1226 1473 (Ball.

836 1444 890 1470 iima
904 1444 931 1475 (Ι.
945 1452 978 1474 c.,
994 1452 1020 1476 p.
1038 1446 1151 1472 778-78ι.
1171 1447 1291 1477 Galland.,
1305 1454 1329 1479 p.
1344 1447 1400 1477 739,
1412 1447 1467 1477 777,
1479 1454 1505 1471 rt.
1521 1446 1571 1478 56).

248 1499 384 1533 Quoniam
397 1504 424 1527 et
439 1499 612 1534 sequentium
630 1499 794 1527 solutionem
816 1499 907 1527 statim
924 1507 939 1527 a
960 1509 983 1527 nt

1117 1502 1212 1538 Επειδὴ
1226 1501 1341 1528 καὶτῶν
1365 1500 1519 1527 ὑπολοίπων
1537 1500 1585 1535 τὴν
1608 1499 1685 1525 λύσιν
1704 1499 1792 1534 τάχος
1809 1500 1852 1525 ἐτε-

210 1547 252 1574 bis
268 1546 449 1582 requisivisti,
478 1553 539 1574 eam
565 1545 625 1579 tibi,
647 1545 741 1573 divina
757 1553 809 1581 ope
827 1547 895 1578 nixi,
912 1547 942 1574 iti

1116 1555 1211 1582 τησας,
1230 1547 1312 1582 ἡμεῖς
1340 1555 1381 1573 σοι
1396 1546 1444 1572 καὶ
1467 1545 1579 1580 ταύτην,
1606 1544 1666 1580 Θεῷ
1680 1545 1851 1576 πεποιθότες,

211 1592 458 1628 suppeditabimus.
487 1591 611 1627 Lapsum
640 1591 686 1619 hic
717 1592 771 1620 illis
784 1592 890 1623 tribuit.
909 1600 944 1628 qu

1119 1593 1225 1627 έξομεν.
1239 1592 1345 1619 Πτῶσιν
1361 1592 1411 1627 μὲν
1431 1591 1550 1618 ἐνταῦθα
1564 1591 1618 1618 τῶν
1633 1592 1853 1618 ἐκπεπτωκότων

209 1638 264 1666 ﬁde
275 1638 302 1665 in
330 1638 407 1666 illum
430 1641 456 1665 et
472 1638 572 1673 pietate
586 1637 755 1670 exeiderant,
773 1639 944 1666 resurrectioi

1119 1639 1158 1670 εἰς
1177 1638 1259 1665 αὐτὸν
1275 1639 1395 1669 πίστεως
1411 1639 1457 1665 καὶ
1476 1638 1621 1669 εὐσεϐείας
1634 1637 1721 1671 λέγει,
1738 1639 1852 1665 ἀνάστα-

210 1691 276 1711 vero
287 1684 351 1717 illis,
367 1683 415 1719 qui
431 1682 617 1716 Servatorem,
648 1683 676 1710 in
705 1691 788 1711 carne
814 1688 945 1719 apparent

1118 1684 1145 1711 δὲ
1153 1685 1208 1711 τῶν
1223 1685 1420 1719 ὲπεγνωκότων
1435 1684 1647 1720 παραγεγονότα
1656 1683 1703 1710 τὸν
1723 1684 1853 1719 Σωτῆρα.

211 1730 404 1766 agnoscebant.
430 1730 488 1758 Hoc
512 1730 601 1764 ipsum
635 1728 720 1757 lsaias
744 1738 854 1765 quoque
878 1738 946 1765 prati

1119 1740 1145 1758 το
1161 1733 1208 1758 καὶ
1225 1732 1239 1758 ὸ
1269 1731 1382 1763 Ἡσαΐας
1404 1730 1605 1766 προανεφώνει,
1632 1730 1733 1764 λέγων·
1755 1740 1765 1756 ι
1795 1731 1854 1757 Ὶόοϋ

210 1777 299 1808 tiavit,
330 1777 451 1805 dicens:
484 1786 493 1802 ‹
514 1775 584 1804 Ecce
611 1783 683 1811 pono
720 1776 747 1803 in
779 1775 846 1804 Sion
886 1776 945 1811 [apii

1119 1787 1155 1813 pi
1180 1779 1210 1804 ὲν
1224 1777 1294 1804 Σιὼν
1319 1777 1393 1804 λίθον
1415 1777 1640 1813 προσκόμματος,
1673 1777 1721 1803 καὶ
1751 1778 1854 1812 πέτραν

210 1822 378 1855 otl'endiculi,
395 1827 422 1850 et
439 1827 543 1858 petram
560 1822 682 1850 scandali
699 1826 747 1850 :et
762 1823 864 1855 omnis,
883 1822 930 1858 qui

1117 1824 1210 1851 νδάλου
1220 1832 1228 1840 ·
1246 1824 1294 1850 καὶ
1305 1824 1359 1854 πᾶς
1378 1824 1393 1849 ὁ
1409 1823 1546 1850 πιστεύων
1563 1823 1606 1850 ἐπ’
1620 1823 1701 1850 αὐτὸν
1710 1823 1744 1850 οὑ
1762 1833 1852 1850 καται-

209 1870 250 1897 dit
264 1870 291 1897 in
305 1869 393 1902 illum,
406 1877 459 1896 non
473 1868 632 1904 pudeiiet".
653 1879 662 1896 ι
676 1869 771 1904 Itaque
781 1869 879 1897 cadere
895 1877 943 1896 nec

1117 1870 1250 1906 νθήσεται.
1270 1879 1279 1896 ι
1298 1870 1429 1896 Πὶπτοιεν
1439 1869 1461 1895 δ’
1477 1869 1511 1896 ἂν
1538 1870 1562 1895 οἱ
1577 1870 1615 1905 μὴ
1632 1871 1852 1900 πεπιστευκότες

209 1921 252 1944 est
278 1916 350 1948 illos,
385 1915 432 1951 qui
461 1923 516 1942 non
553 1915 670 1943 credunt
693 1916 720 1943 in
744 1916 846 1950 ipsum.
863 1915 905 1942 Ab
917 1916 942 1942 al

1119 1915 1206 1942 ιὺτόν.
1222 1915 1278 1942 Καὶ
1296 1916 1364 1951 πρὸς
1387 1915 1436 1951 τὴν
1462 1916 1492 1942 ὲν
1505 1915 1579 1950 ψυχῇ
1599 1915 1754 1941 ἀνάστασιν
1782 1924 1854 1950 χειρ‹

210 1968 286 1997 parte
301 1962 336 1989 ad
353 1961 597 1994 resurrectionem,
616 1962 710 1988 animo
724 1961 933 1993 instituendam,

1122 1963 1233 1996 γοῦνται
1248 1963 1273 1990 οἱ
1290 1964 1342 1997 τῆς
1356 1963 1509 1998 εἰδωλικῆς,
1524 1963 1572 1989 καὶ
1587 1962 1636 1996 τῆς
1663 1961 1762 1998 ἄλλης,
1793 1964 1822 1989 ἐν

210 2008 400 2040 nudueuntur,
425 2008 471 2042 qui
497 2008 532 2034 ab
563 2008 697 2035 idolorum
712 2008 786 2035 cultu
802 2013 829 2035 et
842 2008 915 2041 aliis,
934 2016 945 2042 ς

1107 2009 1233 2045 ηρέζοντο
1248 2009 1392 2045 πρότερον,
1408 2009 1513 2044 πλάνης
1534 2009 1592 2043 (58)
1614 2009 1840 2039 ἐκπεπτωκότες.

211 2058 289 2080 antea
307 2052 448 2088 praefracte
466 2053 606 2084 tenebant.
626 2054 766 2081 erroribus
781 2053 966 2081 discedebant.
1054 2084 1062 2091 ἡ

247 2097 364 2126 Causam
379 2106 455 2130 vero,
475 2106 524 2126 cur
538 2103 566 2126 et
582 2099 676 2134 lapsus
692 2102 720 2126 et
735 2099 902 2126 resurrectio
921 2107 982 2126 ever

1119 2101 1149 2135 ὴν
1164 2100 1265 2131 αἰτίαν,
1278 2099 1311 2126 δι’
1326 2100 1359 2135 ἢν
1375 2100 1391 2134 ἡ
1407 2099 1520 2132 πτῶσις,
1543 2099 1617 2134 καὶῆ
1635 2099 1788 2132 ἀνάστασις
1810 2100 1854 2125 ἒπ-

212 2151 274 2174 tura
299 2146 345 2178 sit,
364 2145 446 2173 simul
469 2147 567 2181 aperit.
586 2146 723 2179 Quoniam
747 2147 820 2173 enim
844 2154 947 2174 mronm

1122 2165 1128 2176 .
1150 2145 1312 2181 παραδηλοῖ.
1334 2145 1411 2171 Ἐπεὶ
1425 2146 1479 2180 γὰρ
1505 2145 1539 2172 τὰ
1555 2145 1601 2171 ἐπὶ
1617 2145 1666 2179 τῆς
1695 2145 1854 2180 οἰκονομίας

213 2191 341 2226 gratiosa:
368 2191 576 2224 contradicitur,
595 2191 758 2227 mysterium
777 2191 829 2219 hoc
844 2193 945 2220 omnci

1120 2193 1229 2226 λέγεται
1242 2193 1299 2223 τοῖς
1314 2193 1363 2227 μὲν
1388 2192 1627 2227 κατατιθεμένοις,
1657 2193 1811 2224 ἀνάστασις
1829 2191 1855 2217 :t

212 2239 258 2273 qui
274 2238 475 2271 assentiuntur,
490 2238 723 2271 resurrectionis;
752 2239 807 2265 illis
821 2246 897 2270 vero,
916 2247 947 2274 qr

1119 2239 1210 2273 τὴριον
1218 2238 1334 2272 γίνεται,
1351 2239 1407 2270 τοῖς
1422 2239 1450 2265 δὲ
1465 2239 1730 2274 ἀντιφθεγγομένοις
1749 2240 1854 2269 πτῶσις

212 2287 364 2319 opponunt,
393 2283 488 2318 lapsus
501 2288 527 2310 et
553 2283 679 2310 interitus
695 2291 777 2310 causa
792 2284 909 2311 exsistit.
925 2283 947 2317 Q

1121 2284 1255 2311 ἀπώλεια.
1274 2284 1341 2311 Τίνα
1355 2284 1384 2311 δέ
1399 2286 1457 2311 ἐστι
1472 2285 1507 2312 τὰ
1519 2285 1732 2320 ἀντιλεγόμενα;
1747 2287 1781 2312 Οἱ
1810 2286 1855 2320 μὲν

213 2339 276 2358 nam
307 2337 372 2358 vero
386 2335 451 2358 sunt
469 2330 526 2361 illa,
551 2329 653 2364 quibus
671 2330 888 2357 contradicitur?
902 2329 948 2357 Ret

1120 2329 1228 2360 πάντες
1240 2329 1467 2361 πεπιστεύκασιν,
1491 2331 1532 2357 ὅτι
1545 2330 1682 2365 Ιιαρθένος
1697 2330 1795 2358 ἔτεκεν
1811 2331 1855 2358 καὶ

213 2383 307 2413 gentes
321 2378 359 2404 illi
373 2376 560 2408 crediderunt,
579 2376 653 2411 quod
667 2376 744 2410 virgo
757 2377 873 2412 peperit,
890 2382 917 2404 et
929 2385 944 2402 v

1122 2375 1197 2407 θένος
1214 2375 1322 2410 ἔμεινεν
1336 2383 1344 2391 ο
1360 2377 1386 2403 οι
1399 2376 1428 2402 δὲ
1444 2377 1644 2403 καταπεσόντες
1660 2378 1699 2408 εἰς
1717 2379 1784 2409 τοὺς
1802 2379 1856 2404 ὑλι-

213 2423 335 2451 mausit:
355 2423 393 2449 illi
410 2430 485 2455 vero,
498 2423 544 2456 qui
562 2422 589 2448 in
607 2423 744 2449 crassiora
754 2423 870 2456 cogitata
884 2422 948 2456 prol:

1121 2430 1124 2451 ε
1139 2422 1298 2456 λογισμοὺς,
1316 2422 1364 2448 καὶ
1377 2422 1453 2449 οὐδὲν
1481 2423 1538 2449 τῶν
1562 2423 1632 2458 ὑπὲρ
1648 2424 1730 2457 ιφύσιν
1754 2425 1856 2451 εἰδέναι

214 2476 290 2502 sunt,
317 2469 451 2504 nihilque,
481 2469 554 2504 quod
579 2473 705 2496 naturam
722 2468 910 2501 transcendat,
926 2477 949 2495 nt

1123 2476 1193 2500 ντες,
1211 2468 1240 2494 οὺ
1256 2467 1397 2495 πείθονται
1425 2468 1629 2503 συνομολογεῖν,
1644 2469 1682 2500 ὼς
1709 2470 1722 2495 ὁ
1749 2471 1857 2501 πλάσας

214 2518 348 2552 cupiunt,
382 2515 480 2543 adduci
522 2523 576 2543 non
618 2521 732 2550 possunt
774 2520 805 2542 ut
831 2515 949 2550 protiteat

1121 2514 1123 2521 '
1143 2512 1211 2544 ὅλως
1224 2510 1307 2539 οὖσαν
1325 2513 1473 2549 Παρθένον,
1498 2513 1611 2541 δύναται
1628 2514 1674 2540 καὶ
1698 2515 1856 2541 omnis“

214 2564 298 2598 quod,
315 2563 361 2597 qui
380 2562 512 2597 virginem
537 2562 669 2595 condidit,
685 2570 748 2590 cum
774 2562 896 2590 nondum
924 2569 949 2590 es

1122 2559 1198 2586 θένον
1216 2560 1373 2594 φυλάττειν,
1401 2560 1521 2595 μάλιστά
1547 2569 1580 2595 γε
1597 2560 1649 2596 τὴν
1677 2561 1810 2596 γέννησιν
1834 2561 1857 2587 εἰ

215 2610 349 2642 eamdem,
359 2609 415 2644 jam
426 2609 614 2641 exsistentem,
634 2609 768 2644 virginem
782 2616 893 2637 servare
911 2616 950 2643 po:

1122 2616 1142 2638 ›;
1158 2607 1173 2634 ὁ
1189 2606 1296 2638 πλάσας
1322 2607 1480 2642 ἀναδέχοιτο
1492 2614 1500 2621 ·
1518 2607 1688 2641 ἀντιλέγοιτο
1705 2607 1727 2633 δ’
1739 2607 1774 2633 ἂν
1804 2608 1857 2633 τῶν

261 2697 283 2715 ⁵³
298 2697 365 2725 Luc.
382 2706 412 2731 tt,
427 2698 472 2726 55.
511 2697 534 2714 ³·
556 2698 623 2724 ibid.
639 2697 684 2725 54.
724 2697 746 2713 ⁸³
763 2697 818 2724 lsa.
832 2705 891 2729 Vill,
908 2696 952 2724 Η.

973 2756 1092 2784 NOT/E.

252 2803 317 2839 (55')
339 2803 473 2831 Nimirum
501 2804 527 2832 in
547 2803 630 2832 Taur.
661 2805 719 2832 haec
746 2804 863 2840 quaestio
887 2805 915 2830 in
939 2803 1008 2832 duas
1064 2805 1188 2840 στρέφει.

218 2840 305 2869 divisa
321 2846 372 2867 est.
755 2838 763 2840 ”
882 2874 885 2875 ν

1100 2838 1156 2875 (57)
1174 2840 1408 2875 Σεμνολογήματα
1427 2839 1517 2867 scribo
1542 2846 1590 2873 pro
1615 2838 1821 2874 σεμνολόγημα.

253 2876 308 2912 (56;
325 2875 381 2903 Hoc
400 2875 548 2903 Colbcrtint
569 2875 659 2903 malim
677 2883 724 2910 pro
745 2875 792 2903 illo
810 2874 923 2903 alterius
938 2875 1004 2902 ἀνα-
1098 2876 1154 2912 (ξι8)
1174 2874 1265 2903 (Iudex
1282 2876 1363 2903 habet
1381 2876 1419 2911 μὴ
1433 2877 1463 2902 ὲκ
1477 2875 1712 2902 ineouvcnicnter.
