1863 3064
53 132 91 163 829
487 130 535 159 AD
551 127 849 159 AMPHILOCHIUM
863 127 1036 163 QUESTIO
1059 127 1170 157 CLVII.

1593 127 1645 160 830

53 187 100 222 περὶ
112 185 250 221 οἰκονομίαν
265 186 311 211 καὶ
324 184 392 212 ἄλλα
404 185 506 219 σημεῖα
518 193 524 199 ·
542 181 599 211 οἷον
608 184 662 211 τῶν
677 184 726 220 μὲν
737 185 803 210 ἀνα-

894 181 981 210 )Γὶιιιὶε
1002 182 1048 209 ubi
1060 181 1191 210 Conditor
1206 182 1264 216 ipse
1277 181 1410 210 nascitur.
1425 182 1494 210 Sunt
1509 188 1599 210 tamen
1618 191 1645 212 et

52 234 145 260 στάντων
154 232 214 258 Θεὸν
223 231 328 267 ἀληθῶς
342 232 389 258 καὶ
404 231 550 265 ἄνθρωπον
563 231 609 258 τὸν
633 239 747 266 γεγεννη
753 230 802 266 μέ-

51 287 83 305 νον
95 278 214 313 ὑπερφυὲς
226 277 395 312 ποιουμένων
413 276 538 312 μάθημα.
555 277 616 303 Τῶν
629 276 657 303 δὲ
673 277 741 311 πρὸς
752 276 802 311 τὴν

49 324 191 359 ἀνθρωπίνην
206 323 346 350 ἀσθένειαν
369 323 569 358 ἀναφορώντων
592 323 649 359 (59)
665 323 714 350 καὶ
740 322 802 358 μηδ’

50 370 99 400 ὅλως
108 369 197 405 ταύτης
207 369 261 403 (60)
277 369 443 405 ὑψηλότερον
452 370 605 406 ἐπαρθῆναι
620 370 800 405 βουλομένων,

49 416 69 442 τὺ
81 416 111 450 μὴ
125 417 304 452 συνομολογεῖν
319 416 365 443 τὸν
375 415 457 442 αὑτὸν
471 416 538 443 Θεόν
553 425 582 443 τε
593 414 674 450 εἶναι,
690 417 737 444 καὶ
754 417 802 444 ἇν-

49 461 141 495 Θρωπον.

73 547 143 574 Πολλὰ
155 547 180 574 δὲ
194 547 238 574 καὶ
252 548 320 575 ἄλλα
335 549 437 584 σημεῖα
451 549 500 582 τῆς
517 548 657 584 ἁφρὰστου
674 549 721 575 τοῦ
745 550 802 575 Σω-

46 594 108 627 τῆρος
119 594 257 629 ἐπιδημίας
272 596 310 626 εἰς
327 596 485 629 ἀντιλογίαν
509 595 629 631 κατέστη
639 605 645 611 ·
658 595 802 628 διεξελθὼν

45 639 64 664 δὲ
77 639 131 675 πρὸς
143 640 188 675 τὴν
205 641 342 676 Παρθένον
358 643 371 668 ό
387 643 457 676 ίερὺς
472 642 587 676 Συμεὼν
607 643 640 668 τὰ
655 643 800 678 είρημένα,

46 685 187 718 ἁκροτελευτὶ
197 687 288 719 αὐτοῖς
302 687 457 722 ἐπιτίθησιν
467 688 514 714 κα).
525 688 555 714 τὺ
566 688 650 722 αὐτῆς
664 689 712 723 τῆς
728 689 802 724 Παρ-

45 729 101 755 θένου
112 731 137 762 ἐξ
146 731 287 767 ἀχθηδόνος
300 732 399 763 πάθος,
427 733 473 759 καί
491 741 591 768 φησιν’
609 743 617 758 ι
635 735 688 760 Καὶ
707 735 753 760 σοῦ
774 735 801 761 δὲ

46 775 107 810 αὐτῆς
118 778 160 812 τὴν
169 778 254 814 ψυχὴν
266 779 432 805 διελεύσεται
450 780 583 814 ῥομφαία,
598 780 671 810 ὅπως
688 780 720 806 ἂν
736 780 803 807 ἀπο-

44 821 187 856 καλυφθῶσιν
202 825 233 850 ἐκ
252 825 358 851 πολλῶν
378 825 498 860 καρδιῶν
512 825 692 861 διαλογισμοί.
711 836 719 852 ι
751 826 801 852 Σοῦ

856 227 908 254 alia
922 228 994 255 circa
1010 228 1193 255 oeconomiam
1210 228 1358 255 salutarem
1382 228 1527 262 miracula,
1544 230 1645 264 quibus

856 273 1007 301 contradici
1023 273 1121 308 possit.
1139 273 1204 301 Tale
1229 279 1280 306 est,
1304 275 1376 309 quod
1398 280 1574 310 resurgentes
1595 283 1645 309 pro

855 318 980 346 doctrina
1003 318 1205 354 supernaturali
1233 319 1342 351 habent,
1370 324 1463 346 natum
1492 319 1567 347 illum
1583 327 1645 347 vere

856 364 942 392 Deum
957 370 984 392 et
1002 356 1142 392 hominem
1173 372 1254 398 esse;
1282 370 1376 392 contra
1393 373 1457 392 vero
1471 365 1521 398 illi,
1534 365 1580 400 qui
1595 366 1646 392 bu-

856 418 965 438 manam
991 415 1096 438 tantum
1114 410 1300 437 infirmitatem
1334 410 1495 445 respiciunt,
1521 415 1548 438 et
1561 418 1644 446 supra

855 465 915 484 eam
934 457 1010 485 evehi
1029 465 1141 492 prorsus
1153 457 1258 490 nolunt,
1274 457 1398 485 eumdem
1413 462 1440 485 et
1456 457 1542 485 Deum
1557 462 1585 485 et
1596 457 1646 485 ho-

855 503 956 530 minem
974 511 1034 530 esse
1048 503 1187 530 inticiantu
1193 511 1214 530 r.

891 548 993 575 Praeter
1011 549 1069 575 haec
1085 556 1149 576 vero
1159 555 1186 576 et
1197 549 1248 576 alia
1264 549 1341 583 plura
1357 549 1502 577 inell‘abilis
1518 549 1644 577 Servato-

857 594 894 622 ris
911 595 1046 622 adventus
1070 595 1147 629 signa
1175 595 1385 622 contradictioni
1411 596 1530 623 obnoxia
1556 599 1644 623 erant.

857 641 974 668 Sanctus
989 649 1054 668 vero
1071 642 1199 677 Symeon,
1213 642 1284 669 dir-ta
1301 643 1359 670 haec
1372 642 1476 677 Virgini
1493 650 1645 677 exponens,

856 687 953 714 ultimo
972 687 1031 714 loco
1054 687 1140 722 ipsius
1163 687 1282 722 Virginis
1308 689 1431 716 dolorem
1454 693 1481 716 et
1507 689 1645 716 tristitiam

856 733 990 768 adjungit,
1000 733 1094 760 dicens
1108 743 1114 760 :
1133 743 1141 758 ι
1155 733 1188 760 Ει
1209 738 1281 760 tuam
1295 742 1406 769 quoque
1420 734 1506 768 ipsius
1522 736 1645 762 animam

855 779 962 814 gladius
983 779 1121 812 transibit,
1136 783 1167 805 ut
1183 787 1216 806 ex
1231 779 1378 806 multorum
1394 780 1522 807 cordibus
1541 781 1644 815 cogita-

857 826 945 853 tiones
964 826 1169 860 detcgantur“.
1187 835 1196 851 ι
1215 825 1301 853 Tuam
1323 827 1408 861 ipsius
1421 847 1428 859 ,
1448 827 1556 862 inquit,
1584 835 1645 862 qua:

43 868 114 903 αὐτῆς,
129 867 180 896 οἷον
195 872 244 906 τῆς
257 872 345 898 πάντα
369 872 491 907 ἀκριϐῶς
522 872 556 898 τὰ
573 873 621 899 τοῦ
651 873 801 909 μυστηρίου

894 872 946 899 mia
976 873 1097 907 mysterii
1127 872 1210 907 hujus
1237 873 1325 907 capita
1355 878 1483 900 accurate
1505 879 1645 907 perspecta

43 913 282 951 ἐξακριϐωςαμένης,
293 917 353 943 οὐδέ
366 926 413 943 σου
428 917 552 951 φείσεται
566 917 621 953 (61)
641 918 671 944 τὸ
686 919 740 945 ἀπὸ
755 919 803 946 λύ-

42 967 80 993 πης
93 960 167 993 πάθος
180 970 187 978 ·
206 963 252 989 καὶ
269 964 322 999 γὰρ
345 963 383 994 ὼς
405 963 535 998 ἀσπόρως
553 964 708 997 συνέλαϐεν,
726 966 773 991 καὶ
788 966 803 992 ὁ

42 1005 100 1036 τόκος
112 1007 225 1044 ἄσπορος
239 1009 361 1044 γέγονεν,
377 1009 425 1035 καὶ
445 1010 461 1044 ὴ
478 1009 578 1044 κύησις
590 1010 729 1043 ἁνώδινος,
755 1012 803 1039 καὶ.

41 1052 109 1078 τὲτοῦ
125 1054 240 1091 Γαϐριὴλ
255 1056 414 1090 εὐαγγέλια,
431 1055 485 1082 τῶν
504 1056 643 1091 ποιμένων
659 1057 693 1084 τὰ
705 1057 803 1093 διηγή-

41 1105 103 1130 ματα,
118 1101 161 1127 καὶ
173 1102 206 1129 τὰ
221 1102 307 1138 μυρία
327 1103 395 1130 ἄλλα
412 1102 467 1129 τῶν
490 1104 638 1139 θαυμάτων
653 1105 701 1131 καὶ
727 1104 802 1137 ἐξαί-

41 1151 96 1176 ρετα,
111 1146 193 1179 οὐδεὶς
218 1148 252 1175 ἄν
268 1157 315 1175 σου
343 1150 443 1184 μᾶλλον
460 1151 643 1186 ἐπιστάμενος
665 1151 708 1185 εἴη
721 1159 728 1166 ·
745 1149 803 1179 ἀλλ’

39 1189 139 1225 οὗμίνον
152 1194 238 1222 ταῦτα
255 1195 381 1230 λέγουσιν
401 1197 469 1231 (62),
496 1198 521 1224 οἱ
540 1198 590 1233 τῆς
614 1198 720 1233 πλάνης
737 1198 802 1233 ἐρα-

39 1238 85 1263 σταὶ
94 1241 135 1266 καὶ
147 1241 195 1276 τῆς
210 1242 342 1277 ἀληθείας
357 1244 517 1279 κατήγοροι,
531 1244 600 1271 ἀλλὰ
621 1244 670 1271 καὶ
687 1243 804 1278 σεαυτὴν

37 1281 71 1307 ἐπί
81 1291 106 1309 τε
119 1286 148 1320 τῇ
179 1286 311 1323 συλλήψει
339 1287 385 1314 καὶ
404 1288 476 1323 τόκῳ
500 1289 767 1324 συκοφαντήσουσιν·
786 1289 802 1323 ἡ

39 1330 181 1361 συκοφαντία
196 1332 337 1367 ῥομφαίας
363 1333 414 1359 οὐκ
431 1332 540 1360 ἔλαττον
564 1333 614 1369 τὴν
643 1333 691 1368 σὴν
715 1333 804 1369 ψυχὴν

37 1370 147 1401 δάκνουσά
164 1385 194 1403 τε
211 1379 261 1404 καὶ
276 1379 535 1414 κατατιτρώσκουσα
548 1378 714 1406 διελεύσεται
727 1387 734 1394 ·
746 1378 804 1406 ἀλλ’

37 1418 123 1447 ἐπειδάν
136 1431 164 1449 σε
177 1425 284 1457 τούτοις
304 1426 468 1461 ὲνυϐρίσωσι
484 1426 550 1461 (65),
578 1426 640 1452 τότε
658 1426 758 1460 μᾶλλον
773 1427 806 1453 ἐκ

36 1465 120 1495 πολλῶν
130 1471 248 1506 καρδιῶν
275 1472 548 1508 ἀποκαλυφθήσονται
564 1473 611 1499 καὶ
629 1472 805 1508 διαλυθήσον-

35 1519 66 1539 ται
81 1513 257 1552 διαλογισμοί.
282 1518 342 1549 Πῶς
353 1518 396 1552 δὴ,
409 1519 457 1545 καὶ
466 1518 527 1544 τινα
539 1519 657 1554 τρόπον;
681 1518 736 1546 τῶν
755 1518 804 1554 μὲν

36 1562 190 1594 συκοφαντῶν
202 1564 255 1590 οὐκ
272 1564 429 1591 ἐνδιδόντων
441 1565 500 1595 ταῖς
518 1564 726 1599 συκοφαντίαις¹
748 1565 803 1592 τῶν

34 1602 54 1629 δὲ
66 1613 221 1641 συκοφαντου
226 1609 317 1644 μένων
332 1610 378 1636 ἐπὶ
393 1610 443 1646 τὴν
455 1609 574 1636 παλαιὰν
583 1609 630 1637 τοῦ
642 1610 724 1645 νόμου
752 1618 804 1637 κα-

35 1654 202 1687 ταφευγόντων
214 1656 354 1692 διάκρισίν
366 1665 395 1682 τε
414 1657 461 1683 καὶ
474 1657 576 1691 κρίσιν.
608 1657 656 1689 Τίς
684 1658 713 1685 δὲ
734 1657 805 1694 αὕτη

35 1695 90 1723 ἐστὶν
101 1699 116 1735 ἢ
127 1701 192 1736 ἡδιὰ
209 1703 260 1729 τοῦ
276 1702 370 1734 ὕδατος
384 1703 432 1737 τῆς
444 1703 576 1737 ὲλέγξεως
591 1703 738 1739 γινομένῃ
757 1704 805 1731 καὶ

36 1741 76 1777 γὰρ
84 1745 153 1779 λόγος
165 1748 339 1784 διεφοίτησεν
353 1748 478 1780 παλαιὸς,
494 1749 532 1781 ὡς
547 1750 805 1785 συκοφαντουμένης

35 1789 71 1823 τῆς
78 1793 253 1829 ἀειπαρθένου
272 1795 381 1831 Μαρίας
395 1796 526 1831 ἠνέσχετο
541 1798 695 1832 παρασχεῖν
705 1796 805 1832 ἑαυτὴν

33 1836 57 1870 τῇ
67 1839 145 1872 κρίσει
158 1841 205 1867 τοῦ
231 1841 340 1874 ὕδατος,
359 1843 406 1868 καὶ
432 1842 463 1868 τὸ
490 1842 612 1876 καθαρὸν
640 1842 726 1876 αὐτῆς
757 1842 805 1868 καὶ

34 1882 127 1912 ἄσπιλον
139 1887 279 1924 λαμπρῶς
303 1888 521 1922 ἐπιδειξαμένου,
538 1888 584 1914 καὶ
604 1888 804 1923 ἀποφήναντος,

33 1930 128 1968 αἱτχύνῃ
139 1934 186 1968 μὲν
199 1935 385 1969 δοθῆναι-τοὺς
404 1933 576 1968 συκοφάντας
592 1941 600 1949 ο
613 1933 677 1965 τοὺς
693 1933 722 1959 δὲ
740 1934 805 1969 πρὶν

33 1972 188 2010 ὀιοτὰζοντας
201 1980 255 2015 τὴν
273 1979 440 2014 παρθενείαν
455 1980 501 2006 καὶ
523 1979 570 2005 τὸν
585 1978 703 2014 ἄφθορον
728 1978 806 2005 τόκον

33 2020 222 2061 ἀναντιρρήτοις
237 2026 405 2062 μαρτυρίαις
415 2025 607 2061 βεϐαιωθῆναι,
621 2026 667 2052 καὶ
676 2025 725 2061 τὴν
733 2027 808 2060 Παρ-

34 2065 92 2096 θένον
103 2071 298 2108 ἀπαλλαγῆναι
313 2072 362 2107 τῆς
376 2072 424 2099 ἐπὶ
437 2073 471 2108 τῇ
487 2072 656 2108 συκοφαντίᾳ
671 2072 719 2099 καὶ
746 2072 807 2102 ταῖς

33 2112 148 2150 διαϐολαῖς
168 2119 326 2154 δυσθυμίας
340 2118 397 2153 (64)
409 2127 438 2145 τε
451 2119 498 2145 καὶ.
507 2118 596 2153 λύπης
607 2119 656 2144 “to
682 2118 807 2153 μέντοιγε

32 2157 68 2192 τῆς
82 2161 211 2197 ἐλέγξεως
224 2164 300 2200 ὕδωρ
329 2163 434 2199 ἱστορίᾳ
458 2163 667 2199 παρειλήφαμεν
680 2163 745 2199 περὶ
777 2164 808 2190 τὸ

855 918 950 950 habes,
961 919 1013 946 hoc
1025 923 1079 951 est,
1092 918 1137 946 tibi
1148 918 1197 953 ipsi
1214 926 1267 945 non
1282 925 1374 954 parcet
1390 919 1507 947 tristitia:
1520 919 1644 947 allectus.

854 965 932 998 Quod
948 966 1022 992 enim
1045 966 1105 994 sine
1129 965 1234 993 semine
1250 967 1408 1001 conceperis
1423 987 1430 999 ,
1447 966 1572 1002 fetusque
1585 967 1645 994 sine

854 1012 959 1039 semine
977 1011 1111 1040 formatus
1128 1014 1174 1045 sit,
1191 1013 1318 1048 quodque
1339 1013 1398 1040 sine
1421 1013 1515 1040 dolore
1537 1017 1644 1040 uterum

855 1057 988 1092 ges-laris;
1017 1065 1076 1092 quaa
1100 1065 1184 1092 porro
1203 1057 1313 1085 Gabriel
1328 1058 1388 1085 laeta
1411 1058 1563 1091 nuntiarit;
1584 1066 1645 1093 qua:

854 1106 981 1137 pastores
998 1102 1153 1136 retulerint,
1171 1111 1288 1138 qumque
1307 1104 1360 1131 alia
1385 1104 1455 1132 mira
1477 1109 1505 1132 et
1525 1105 1644 1140 insignia

855 1148 1031 1183 contigerint,
1048 1156 1129 1176 nemo
1143 1153 1169 1176 te
1185 1150 1288 1177 rectius
1309 1150 1425 1178 noverit.
1449 1149 1503 1178 Sed
1524 1151 1569 1178 illa
1584 1158 1644 1178 om-

855 1194 901 1222 nia
919 1195 1021 1222 erroris
1045 1201 1169 1223 amantes
1199 1201 1227 1223 et
1254 1196 1377 1224 veritatis
1407 1197 1557 1224 adversarii
1588 1204 1643 1224 non

855 1243 944 1270 solum
962 1250 1016 1270 non
1036 1243 1246 1278 proﬁtebuntur,
1269 1243 1315 1270 sed
1334 1248 1361 1271 et
1377 1248 1403 1271 te
1420 1244 1507 1279 ipsam
1521 1251 1554 1272 ex
1577 1251 1644 1271 cou-

854 1290 978 1323 ceplione
1003 1295 1031 1317 et
1055 1293 1132 1326 partu
1145 1289 1407 1317 ealumniabuntur:
1426 1294 1507 1325 atque
1525 1290 1582 1318 haac
1600 1297 1645 1317 ca-

855 1337 959 1364 lumnia
971 1357 979 1369 ,
996 1345 1050 1364 non
1069 1336 1159 1364 minus
1179 1343 1260 1370 quam
1275 1337 1382 1371 gladius
1394 1358 1402 1370 ,
1424 1337 1545 1364 animum
1567 1341 1644 1364 tuum

857 1383 986 1410 mordens
1003 1386 1028 1410 et
1044 1383 1190 1410 vulnerans
1205 1382 1344 1410 transibit.
1357 1382 1472 1415 Quando
1485 1390 1549 1410 vero
1562 1383 1604 1410 his
1619 1387 1645 1410 te

857 1428 968 1463 injuriis
983 1428 1109 1461 allicient,
1129 1432 1194 1456 tunc
1208 1428 1317 1463 quidem
1333 1429 1512 1464 cogitationes
1524 1436 1559 1456 ex
1575 1429 1647 1456 mul-

858 1479 948 1502 torum
960 1475 1090 1502 cordibus
1105 1474 1267 1509 detrgentur
1281 1479 1308 1502 et
1319 1475 1485 1510 aperientur.
1503 1473 1646 1507 Quomodo

858 1528 942 1553 vero,
957 1525 984 1548 et
1001 1527 1053 1555 qua
1069 1520 1195 1548 ratione?
1216 1520 1436 1548 Calumniatores
1460 1520 1565 1548 scilicet
1591 1527 1645 1547 non

856 1567 989 1594 desistant
999 1567 1033 1594 ab
1048 1566 1176 1601 injuriis;
1194 1567 1231 1593 illi
1246 1574 1321 1598 vero,
1336 1567 1383 1602 qui
1397 1566 1535 1594 calumnia
1548 1574 1646 1594 onera-

855 1611 977 1644 huntur,
995 1611 1029 1639 ad
1048 1612 1227 1639 constitutum
1251 1611 1317 1638 olim
1338 1619 1386 1646 per
1402 1611 1489 1646 legent
1511 1611 1645 1646 judicium

855 1661 883 1684 et
900 1656 1116 1692 explorationem
1146 1656 1316 1691 confugient.
1343 1656 1409 1689 Quae
1433 1663 1499 1684 vero
1525 1657 1569 1683 illa
1592 1657 1646 1684 alia

856 1710 918 1730 esse
932 1702 1030 1737 possit,
1051 1709 1134 1737 quam
1150 1709 1212 1736 qua)
1232 1709 1279 1736 per
1305 1709 1405 1736 aquam
1436 1702 1646 1736 exploratricem

856 1748 1028 1776 instituitur?
1041 1746 1123 1776 Vetus
1139 1748 1211 1775 enim
1227 1747 1511 1782 percrebuittraditio,
1532 1747 1644 1774 Mariam

856 1800 964 1828 semper
972 1793 1116 1828 virginem,
1131 1793 1270 1821 calumnia
1284 1793 1330 1820 illa
1346 1796 1498 1826 oneratam,
1509 1799 1538 1820 se
1558 1793 1646 1827 ipsam

857 1839 1040 1874 explorationi
1072 1847 1120 1874 per
1145 1846 1244 1874 aquam
1268 1838 1430 1873 subjecisse,
1460 1846 1521 1872 quae
1549 1846 1646 1873 puram

857 1893 935 1914 suam
955 1890 983 1913 et
1004 1885 1210 1913 immaculatam
1225 1885 1416 1920 graviditalem
1434 1884 1587 1912 clarissime
1600 1885 1648 1912 dc-

858 1931 1020 1959 monstrarit
1031 1936 1058 1959 et
1074 1930 1247 1959 manifestam
1260 1930 1356 1958 fecerit
1370 1939 1376 1957 :
1393 1938 1448 1966 quo
1462 1929 1534 1958 facto
1545 1931 1648 1958 calqu-

858 1977 966 2004 niantes
978 1976 1087 2011 quidem
1108 1976 1212 2011 pudore
1226 1976 1282 2003 sint
1298 1976 1405 2008 sull‘usi,
1434 1975 1473 2002 illi
1486 1983 1568 2009 vero,
1598 1977 1646 2011 qui

858 2024 892 2051 de
904 2024 1061 2058 virginitate
1073 2023 1132 2058 ejus
1144 2027 1170 2050 et
1190 2028 1269 2058 partu
1284 2023 1458 2050 immaculato
1475 2027 1554 2050 antea
1568 2023 1648 2050 dubi-

860 2070 953 2102 tarint,
968 2069 1138 2105 argumentis
1155 2069 1315 2103 exceptione
1342 2068 1501 2102 majoribus,
1529 2069 1647 2096 convicti

859 2118 924 2148 sint,
945 2115 1054 2150 Virgine
1070 2115 1178 2143 interim
1194 2116 1228 2142 ab
1241 2115 1405 2150 aegritudine
1421 2123 1470 2143 sua
1485 2120 1511 2142 et
1527 2116 1645 2148 tristitia,

859 2171 892 2190 ex
902 2162 1040 2190 calumnia
1048 2161 1092 2188 illa
1101 2164 1127 2188 et
1140 2161 1274 2189 conviciis
1281 2161 1389 2192 oborta.
1398 2162 1508 2196 penitus
1520 2162 1646 2189 liberata.

32 2203 99 2242 Γαῦὴ,
115 2209 336 2237 Παλαιστιναίων
353 2209 382 2237 δὲ
390 2210 420 2236 τὸ
430 2209 504 2245 ὅρος,
526 2209 575 2241 τὰς
594 2210 685 2244 πηγὰς
713 2210 803 2236 ἀναδι-

894 2209 1022 2236 Lhistoria
1034 2208 1105 2235 enim
1116 2207 1284 2242 accepimus,
1296 2215 1394 2241 aquam
1405 2207 1476 2234 illam
1487 2208 1647 2242 explorati-i-

31 2250 96 2286 εόναι,
108 2254 121 2281 ὃ
129 2257 278 2291 κριτήριον
286 2256 334 2282 καὶ
345 2256 359 2282 ὁ
371 2255 486 2286 παλαιὸς
495 2255 639 2282 ἐπίσταται
648 2256 728 2291 νόμος
739 2255 807 2291 (65),

32 2297 72 2323 τῶν
78 2308 105 2325 τε
116 2301 164 2337 τὴν
175 2302 359 2337 σωφροσύνην
369 2302 399 2327 οὐ
410 2301 645 2337 διαφθειρομένων
658 2302 807 2335 γυναικῶν,

32 2345 66 2371 καὶ
77 2347 128 2374 τῶν
142 2349 305 2383 ἀλλοτρίαις
315 2348 436 2382 ὁμιλίαις
445 2349 495 2384 τὴν
508 2348 590 2383 νηδὺν
600 2347 807 2383 ἐνυϐριζόντων.

36 2389 102 2419 Λλλά
113 2394 194 2421 τοῦτο
206 2395 260 2430 μὲν
276 2394 340 2426 ἴσως
354 2395 513 2430 ἀφαιρεῖται
529 2393 579 2428 τὴν
602 2393 704 2426 πίστιν,
723 2395 764 2421 ὅτι
779 2403 809 2420 τε

32 2439 154 2471 προελθεῖν
162 2443 212 2469 ἐπὶ
223 2444 259 2477 τῇ
274 2441 402 2477 παρθένῳ
416 2442 446 2468 τὸ
459 2441 510 2476 τῆς
519 2440 650 2475 ἐλέγξεως
660 2440 730 2475 ὕδωρ
745 2441 809 2468 ἁνα-

31 2484 178 2520 Υέγραπται,
199 2487 282 2515 οὔπω
303 2489 350 2515 τοῦ
373 2488 489 2524 βρέφους
506 2487 646 2521 φανέντος,
667 2487 747 2522 ἡνίκα
761 2488 807 2514 καὶ

31 2528 41 2553 ΰ
52 2531 136 2567 καιρὸς
148 2534 200 2569 τὴν
217 2533 386 2567 ἀμφιϐολίαν
399 2533 510 2566 εὒλογον
523 2532 577 2568 (66)
589 2533 711 2568 παρεῖχε,
730 2533 776 2558 καὶ
789 2533 805 2568 ὴ

860 2263 918 2283 cem
931 2255 1008 2290 juxta
1023 2254 1107 2285 Gabe,
1123 2254 1170 2289 qui
1183 2254 1334 2281 Palaestina:
1345 2261 1425 2281 mons
1436 2257 1488 2284 est,
1510 2261 1646 2286 manasse,

860 2300 932 2336 quod
944 2299 1103 2335 explorandi
1127 2306 1213 2334 genus
1230 2299 1257 2326 in
1272 2299 1393 2332 feminis,
1406 2307 1467 2334 qua:
1480 2299 1522 2326 vel
1535 2300 1648 2327 castita-
1671 2319 1674 2323 ι

862 2351 914 2374 tem
930 2346 1061 2373 illibatam
1078 2345 1225 2378 servarint,
1243 2345 1286 2373 vel
1302 2345 1412 2373 furtivis
1426 2346 1566 2372 amoribus
1585 2353 1647 2371 cor-

860 2401 911 2429 pus
927 2393 1098 2426 macularint,
1126 2392 1278 2420 adhibitum
1297 2392 1383 2419 fuisse
1396 2411 1404 2425 ,
1424 2400 1473 2419 nec
1500 2396 1576 2419 vetus
1604 2392 1648 2418 lex

859 2440 977 2475 ignorat.
994 2439 1121 2466 Fortasse
1137 2443 1228 2467 tamen
1246 2438 1397 2466 narrationi
1420 2439 1483 2466 huic
1506 2438 1573 2465 fides
1599 2439 1648 2465 lia-

861 2488 918 2514 beri
935 2495 988 2514 non
1005 2488 1101 2522 possit,
1113 2487 1185 2522 quod
1199 2494 1269 2521 aqua
1286 2487 1329 2513 illa
1346 2485 1529 2520 exploratoria
1548 2485 1646 2520 virgini

860 2533 969 2560 admota
985 2541 1046 2561 esse
1060 2534 1168 2568 legitur,
1186 2533 1240 2561 fetu
1259 2532 1382 2560 nondum
1396 2532 1480 2564 edito,
1496 2532 1605 2567 quando
1621 2536 1648 2558 et

772 2621 890 2650 ΝΟΤΕ.

57 2713 187 2750 (ῥωεοιι).
205 2723 261 2750 pro
279 2715 482 2750 ἀναφερόντων.

57 2747 107 2786 (Ψ)
127 2747 214 2777 ldem'
221 2758 274 2784 pro
289 2747 400 2786 ταύτην.

57 2783 105 2821 (ἕξ)
124 2783 246 2821 Codex}
271 2783 395 2821 φήσετοίι.

57 2817 106 2855 (62)
120 2819 192 2848 Ante
205 2817 333 2854 λέγουὲιν
343 2821 475 2848 excidisse
486 2821 516 2847 οὺ
531 2819 664 2855 suspicor.

57 2852 105 2889 (63)
118 2855 200 2883 Culb.
213 2852 267 2890 pro
284 2857 443 2892 ὲμϋρίσωσι.

900 2711 954 2746 (64)
971 2714 1049 2741 Colh.
1068 2721 1115 2748 pro
1130 2712 1295 2748 δυσφημίας.

899 2748 956 2783 (65)
971 2749 1082 2776 Numer.
1104 2757 1130 2780 ν,
1151 2749 1194 2778 l7.
1213 2758 1289 2783 seqq.

898 2783 954 2823 (liti)
974 2784 1010 2811 Ita
1022 2784 1102 2823 _t‘.ol|).
1116 2792 1166 2819 pro
1180 2785 1284 2819 ἄλογον.
1297 2784 1430 2812 Caeterum
1443 2793 1497 2813 non
1510 2786 1576 2813 satis
1592 2785 1648 2813 iure

861 2820 952 2847 omnia
968 2820 1058 2854 capio.
