1863 3064
215 142 268 176 831

795 132 926 164 ΡΗΟΤΙῙ
944 127 1197 162 PATRIARCH/E
1207 127 1263 158 (ΞΓ.

1790 120 1836 152 832

217 204 328 233 tempus
340 195 428 231 ipsum
441 193 567 221 idoneam
577 190 721 220 dubitandi
732 197 843 218 causam
856 187 1010 219 exhibebat,

1095 185 1156 215 ιίσις
1170 185 1221 210 οὐκ
1231 184 1270 214 εἰς
1284 181 1313 209 τὸ
1328 180 1483 217 παράλογον
1497 178 1658 213 ὑπεσὺρετο,
1668 176 1715 203 τοῦ
1726 176 1754 203 δὲ
1766 176 1836 203 τὸχηυ

1132 230 1177 233 λ..
1302 229 1308 233 .
1354 227 1398 233 ,Α
1421 227 1430 233 1
1514 225 1521 232 I
1629 223 1636 233 1
1659 231 1684 233 λη
1717 222 1764 233 __:
1784 231 1814 233 .._

218 250 249 272 et
262 242 397 279 judicium
425 247 481 268 non
503 240 596 274 inepte
622 237 838 270 instituebatur;
864 235 921 262 letu
946 241 1011 261 vero

216 289 362 326 jamediw,
374 293 402 316 et
415 291 494 323 partu
512 286 619 322 agnito,
635 291 706 320 aqua
724 282 906 318 exploratoria
920 281 1009 308 locum

221 345 270 365 nor
291 335 418 363 habebat.
439 333 625 361 Nihilominus
652 335 743 358 tamen
769 330 796 357 in
821 328 936 357 historia
952 328 1011 355 haec

219 382 376 410 traduntur.

255 428 370 456 Constat
386 425 454 454 mihi
478 425 566 458 alias,
593 423 695 451 multos
712 426 873 450 sanctorum
898 421 1009 448 Patrum

220 480 351 506 statuere,
367 472 487 509 gladium
521 471 597 498 illum
624 470 716 497 Marite
760 476 869 503 semper
895 467 1010 503 virginis

220 522 345 549 animum
370 520 430 554 ipso
445 517 576 546 salutaris
599 516 783 552 perpessionis
803 519 927 549 tempore
950 522 1013 541 ver-

219 567 344 598 berasse,
359 565 473 600 quando
489 564 534 590 illa
547 563 669 590 dolorem
693 569 774 589 suum
793 561 826 588 de
847 561 918 587 Filio
934 567 1012 587 acer-

222 612 366 640 bissimum
379 615 406 638 et
422 611 613 638 vehementem
640 609 808 643 insitamque
822 607 874 635 sibi
889 607 968 633 matri
985 605 1012 632 in

221 657 306 684 ﬁlium
327 655 597 684 commiserationem
613 658 671 681 tum
690 654 799 682 tristitia
819 660 937 684 summa,
954 656 1012 679 tum

221 703 341 730 violento
356 703 494 729 viscerum
507 705 584 728 motu
603 705 731 728 testatam
748 699 855 727 fecerit.
869 698 926 725 lloc
938 698 1012 725 enim

221 750 320 777 matris
337 749 431 777 dolore
448 748 552 776 factum
573 755 644 780 esse,
659 752 689 774 ut
703 746 883 781 cogitationes
894 752 927 772 ex
942 743 1014 771 mul-

223 803 314 824 torum
328 795 457 824 cordibus
470 795 675 830 detegerentur,
691 797 718 821 et
730 797 786 820 tum
801 792 852 825 illi,
864 792 910 827 qui
922 791 1013 826 ipsum

223 843 373 870 Dominum
396 846 521 869 nostrutn
548 847 658 868 carnem
683 844 790 866 tantutn
821 840 911 874 specie
932 842 1013 865 tenus

222 888 425 917 circumtulisse
442 888 533 922 inepte
548 887 697 923 ﬁngebant,
718 891 774 914 tum
791 885 841 919 illi,
865 893 936 921 quos
958 893 1011 912 non

222 945 256 964 ex
272 935 394 971 Virgine,
409 935 456 962 sed
466 942 498 962 ex
509 934 590 965 coelo,
606 941 718 961 carnem
733 933 805 960 illam
822 937 944 967 repetere
959 939 1012 958 noti

222 982 364 1018 pudebat,
388 980 633 1009 confuttderetitur.
654 979 733 1012 Quod
758 979 781 1006 si
805 986 871 1006 vero
893 978 1012 1014 gladium

223 1029 301 1056 illum
313 1027 437 1063 Virginis
456 1027 579 1054 animum
595 1026 678 1053 etiam
691 1031 757 1054 tunc
770 1025 928 1053 confodisse
939 1024 1015 1052 dicao

223 1083 296 1107 mus,
323 1074 435 1110 quando
463 1077 590 1108 parentes
609 1072 709 1099 Filium
736 1075 798 1107 post
823 1078 853 1099 se
876 1070 1014 1102 relictum,

223 1121 347 1149 confecta
361 1121 419 1155 jam
434 1119 515 1154 longa
529 1118 582 1151 via,
596 1125 651 1145 non
672 1118 845 1149 invenerunt,
862 1116 917 1143 imo
932 1117 1014 1143 etiam

223 1166 338 1196 reversi.
363 1170 492 1200 tanquam
509 1164 668 1192 thesaurum
683 1163 866 1198 deperditum,
881 1161 1016 1197 quaesive-

224 1217 298 1244 runt,
314 1211 382 1238 nihil
398 1211 577 1239 statuerimus
604 1209 677 1245 quod
699 1213 779 1236 rectae
793 1208 895 1236 rationi
918 1208 1016 1236 adver-

227 1262 316 1285 setur.
334 1256 403 1284 Nam
415 1257 495 1284 etiam
514 1262 578 1284 tunc
592 1264 624 1283 ex
639 1255 788 1282 multorum
800 1255 928 1282 cordibus
941 1254 1017 1289 cogi-

226 1305 347 1331 tationes
360 1303 576 1338 detegebantur;
606 1301 716 1337 Virgine
743 1301 849 1329 scilicet
869 1301 902 1327 ad
918 1300 1017 1327 Filium

225 1350 333 1377 dicente
348 1358 357 1377 :
374 1359 383 1374 ι
399 1349 456 1383 Ego
473 1353 501 1376 et
513 1353 589 1383 pater
608 1353 671 1375 tuus
689 1355 752 1374 cum
772 1347 867 1374 dolore
880 1350 906 1374 te
917 1346 1019 1382 quaesi-

226 1395 363 1428 vimus“;
378 1404 387 1420 ι
398 1394 488 1422 Verbo
504 1399 594 1421 autem
610 1393 783 1428 hypostatico
791 1397 818 1420 et
831 1399 914 1420 carne
924 1392 1020 1419 induto

227 1439 411 1474 respondente
426 1449 432 1466 :
450 1448 460 1465 ι
477 1439 550 1472 Quid
573 1443 636 1471 est,
657 1438 730 1473 quod
755 1445 799 1465 me
813 1437 1021 1472 quaesiveritis?

227 1493 319 1513 nonne
337 1485 466 1513 scicbatis
492 1492 536 1512 me
549 1492 611 1512 esse
627 1484 727 1511 debere
745 1483 773 1510 in
797 1483 830 1510 iis
856 1490 917 1517 qua:
933 1482 1021 1510 Patris

1061 230 1252 266 προελθόντος,
1266 227 1368 255 καὶτοῦ
1385 227 1500 263 βρέφους
1513 223 1697 259 ἐγνωσμένου,
1715 222 1766 248 ποῦ
1783 231 1837 249 και-

1062 277 1109 312 ρὸν
1124 275 1195 310 εἶχεν
1212 275 1242 302 τὸ
1272 274 1345 309 ὕδωρ
1361 273 1410 307 τῆς
1435 270 1582 304 ἐλέγξεωςς
1605 268 1674 295 ἀλλὰ
1696 267 1774 294 τοῦτο
1796 267 1837 303 μὲν

1061 322 1134 348 κατὰ
1145 321 1193 357 τὴν
1204 320 1326 355 ἱστορίαν
1335 319 1410 353 ὅμως
1430 317 1550 352 εἴρηται.

1100 417 1164 445 Οἶδα
1177 418 1217 449 δὲ,
1234 417 1350 448 πολλοὺς
1364 416 1419 442 τῶν
1442 415 1523 449 ἱερῶν
1538 414 1618 450 ἡμῶν
1634 413 1764 448 Πατέρων
1782 414 1838 448 ῥομ-

1063 465 1146 500 φαίαν
1157 464 1334 499 ὲξειληφότας
1344 462 1458 489 διελθεῖν
1473 462 1524 498 τὴν
1534 461 1624 496 ψυχὴν
1640 461 1691 495 τῆς
1707 459 1838 494 ἁειπαρθὲ-

1062 522 1109 541 νου
1120 512 1240 547 Μαρίας,
1259 510 1329 538 κατά
1345 510 1390 536 τὸν
1409 509 1507 544 καιρὸν
1521 508 1568 535 τοῦ
1595 506 1732 542 σωτηρίου
1750 505 1840 536 πάθους

1063 559 1148 595 αὐτὴν
1161 559 1209 593 τὴν
1225 556 1415 592 κατασχοῦσαν
1433 555 1536 590 πικρὰν
1551 555 1599 581 καὶ
1611 552 1744 588 ὀδυνηρὰν
1758 552 1800 577 ἐπὶ
1809 551 1840 586 τῷ

1063 607 1153 640 τέκνῳ
1164 605 1309 639 ἀλγηδόνα,
1334 604 1381 630 καὶ
1409 602 1449 638 τῷ
1463 600 1659 636 ἀνυπερϐλήτῳ
1677 599 1727 632 τῆς
1754 597 1840 631 λύπης,

1063 652 1162 687 καὶτῷ
1181 651 1342 687 ὲξῃρημένῳ
1360 649 1517 685 σπαραγμῷ
1542 647 1596 674 τῶν
1614 645 1776 680 σπλάγχνων
1801 644 1841 678 τῆν

1065 702 1184 737 ἔμφυτον
1202 700 1269 735 πρὸς
1284 700 1330 726 τὸν
1353 699 1417 726 Υἱὺν
1449 696 1586 733 μητρικὴν
1604 694 1775 730 συμπάθειαν
1792 694 1843 719 ὲπι-

1064 746 1163 779 δεῖξαι.
1181 745 1236 772 Καὶ
1253 743 1298 770 διὰ
1310 744 1361 779 τῆς
1377 744 1514 778 μητρικῆς
1541 741 1645 776 ταύτης
1671 738 1842 775 συμπαθείας,

1065 794 1097 819 ἐκ
1120 792 1225 819 πολλῶν
1246 790 1366 826 καρδιῶν
1382 790 1528 824 λογισμοὺς
1556 786 1789 820 ἀποκαλυφθῆναι,
1806 784 1844 810 καὶ

1065 838 1254 873 διελεγχθῆναι
1265 836 1328 868 τούς
1343 844 1371 862 τε
1387 834 1460 862 κατὰ
1474 834 1627 869 φαντασίαν
1642 832 1690 867 τὴν
1705 832 1792 864 σάρκα
1806 837 1844 863 ’,εο-

1067 885 1156 920 ρέσαι,
1172 885 1219 910 καὶ
1236 883 1282 910 τὸν
1297 882 1400 917 Κύριον
1422 880 1501 916 ἡμῶν
1524 878 1629 915 Ἰησοῦν
1640 877 1758 913 Χριστὸν
1773 884 1845 911 τερα-

1064 930 1255 965 τολογοῦντας,
1273 929 1320 956 καὶ
1337 928 1400 960 τοὺς
1418 927 1468 954 οὐκ
1484 928 1516 954 ὲκ
1530 927 1580 961 τῆς
1595 924 1745 960 Παρθένου,
1771 922 1798 956 ἐξ
1807 922 1845 948 οὐ-

1066 976 1146 1013 ρανοῦ
1162 976 1191 1003 δὲ
1200 975 1304 1011 ταύτην
1318 974 1486 1008 καταγαγεῖν
1500 968 1794 1006 ἀπακλαισχυντοῦντας.
1820 967 1845 993 Ei

1065 1024 1094 1051 δὲ
1109 1024 1156 1051 καὶ
1165 1022 1318 1058 τηνικαῦτα
1333 1019 1491 1057 διελήλυθεν
1505 1019 1555 1054 τῆς
1571 1017 1711 1052 Παρθένου
1736 1016 1783 1050 τὴν
1795 1013 1845 1048 ,ψυ-

1065 1070 1116 1106 χὴν
1134 1069 1269 1106 ῥομφαία,
1283 1068 1367 1104 ἡνίκα
1379 1067 1538 1098 λελοιπότες
1556 1065 1603 1092 τὸν
1622 1063 1715 1095 παῖδα,
1739 1061 1804 1098 μετὰ
1822 1060 1847 1106 ἢ

1067 1104 1174 1152 πολλὴν
1191 1115 1249 1142 ὁδὸν
1272 1113 1408 1147 διανύσαι,
1431 1113 1468 1149 μὴ
1494 1109 1572 1147 εὗρον
1597 1109 1702 1140 τοῦτον,
1729 1106 1794 1134 ἀλλά
1809 1104 1847 1132 καὶ

1067 1160 1290 1197 ὑποστρέψαντες
1299 1160 1462 1195 ἐπεζήτουν,
1473 1159 1512 1189 ὠς
1526 1158 1577 1193 ’ήδη
1595 1156 1640 1183 τὸν
1657 1154 1794 1189 θησαυρὸν
1804 1154 1847 1178 ἁπ-

1067 1208 1229 1240 λωλεκότες,
1241 1207 1319 1234 οὐδὲν
1339 1207 1372 1233 ἂν
1399 1206 1442 1241 εἴη
1465 1204 1541 1240 παρὰ
1555 1204 1601 1230 τὸν
1616 1201 1695 1237 ὀρθὸν
1725 1200 1848 1232 διανενοη-

1070 1255 1151 1292 μένον
1176 1254 1267 1289 λάγον.
1300 1253 1355 1280 Καὶ
1381 1252 1436 1287 γὰρ
1451 1251 1498 1278 καὶ
1527 1248 1677 1286 τηνικαῦτα
1697 1248 1731 1274 ὲκ
1756 1244 1847 1271 πολλῶν

1068 1301 1190 1337 καρδιῶν
1207 1299 1442 1334 ἁπεκαλὺφθησαν
1452 1296 1632 1331 διαλογισμοὶ,
1647 1294 1697 1329 τῆς
1721 1293 1770 1328 μὲν
1785 1292 1850 1324 [Iope

1071 1347 1148 1374 θένου
1165 1346 1234 1382 πρὸς
1250 1346 1297 1372 τδν
1312 1345 1399 1372 Παῖδα
1423 1343 1566 1378 λεγούσης·
1586 1352 1595 1367 ι
1620 1340 1691 1374 Ἐγὼ
1709 1339 1756 1366 καὶ
1773 1339 1785 1364 6
1807 1346 1851 1363 πα-

1070 1394 1123 1428 τήρ
1144 1401 1190 1419 σου
1205 1393 1371 1428 ὀδυνώμενοι
1384 1389 1536 1425 ἐζητοῦμεν
1560 1397 1601 1414 σε.
1621 1397 1630 1413 ι
1646 1386 1700 1413 Τοῦ
1716 1385 1745 1411 δὲ
1765 1385 1851 1411 ὲνυπγα

1074 1440 1172 1466 στάτου
1188 1439 1276 1471 Λόγου
1296 1437 1344 1465 καὶ
1367 1437 1458 1472 σάρκα
1472 1434 1637 1470 φορέσαντος
1661 1432 1851 1465 ἁνταποκρινο-

1075 1485 1167 1520 μένου,
1184 1493 1193 1510 ‹
1211 1484 1253 1515 Τί,
1266 1484 1308 1510 ὅτι
1326 1482 1448 1516 ἐζητεῖτὲ
1464 1489 1513 1517 με;
1530 1481 1581 1507 οὐκ
1597 1479 1697 1515 ᾔδειτε,
1709 1478 1751 1505 ὅτι
1762 1478 1789 1504 ὲν
1806 1476 1852 1506 rei;

228 1530 282 1557 mei
299 1535 363 1558 sunt
373 1531 396 1546 ⁸⁸
408 1530 419 1557 '3
433 1539 442 1556 ι
461 1531 513 1557 hoc
526 1530 585 1565 ipso
600 1537 665 1557 vero
684 1529 818 1556 illustrem
839 1529 914 1556 illttm
934 1537 1014 1564 popu-

1095 1531 1119 1557 δῦ
1131 1530 1240 1566 Πατρός
1259 1538 1310 1565 μου
1325 1529 1365 1555 δεῖ
1377 1525 1448 1554 εἶναι
1467 1535 1517 1562 tta;
1542 1537 1550 1553 I
1568 1526 1616 1553 καὶ
1645 1525 1790 1560 δηλοῦντος
1816 1523 1852 1548 τὸν

228 1577 286 1604 lum
313 1576 460 1609 indicante,
485 1577 531 1611 qui
557 1580 584 1603 et
605 1575 736 1610 templum
765 1579 792 1602 et
812 1576 911 1603 domus
932 1575 1022 1602 Patris

229 1623 430 1659 appellabatur.
452 1621 521 1649 Dum
535 1622 609 1649 enim
628 1621 713 1648 Filius
735 1620 844 1648 Patrem
869 1629 949 1648 suum
967 1621 1023 1648 cla-

229 1669 341 1697 rissime
352 1668 542 1704 proﬁtebatur,
559 1667 632 1695 clare
647 1668 729 1694 etiam
739 1667 919 1702 cogitationes
927 1674 1023 1694 eorum

229 1715 438 1751 detegebantur,
455 1713 502 1748 qui
519 1721 582 1740 eum
598 1712 729 1740 dicebant
752 1719 806 1738 non
831 1711 901 1739 fabri
925 1712 1023 1744 ﬁlium,

232 1769 284 1789 nec
300 1761 420 1788 hominis
436 1760 550 1788 alterius
566 1759 707 1791 sobolem,
723 1758 770 1786 sed
784 1758 858 1785 illius
879 1765 940 1785 esse
953 1777 960 1790 .
977 1758 1023 1792 qui

231 1810 295 1833 ante
321 1805 419 1833 saecula
438 1805 575 1840 genuerit.
597 1804 674 1838 Quod
699 1811 763 1831 vero
781 1803 901 1831 nonnulli
918 1802 1023 1833 dicunt.

233 1852 354 1887 gladium
381 1851 457 1878 illum
484 1851 608 1878 animum
637 1849 697 1885 ejus
727 1849 902 1885 pervasisse.
929 1849 1025 1876 oborta

233 1898 415 1930 dubitatione,
424 1906 459 1925 an
470 1897 621 1925 cruciﬁxus
638 1897 683 1924 ille
697 1896 814 1924 fortasse
823 1903 878 1923 non
892 1895 928 1922 sit
942 1895 1024 1926 Deus,

233 1947 261 1974 id
278 1953 414 1981 nunquam
430 1952 481 1980 ego
494 1944 609 1972 dixerint
622 1965 629 1977 ,
648 1943 774 1978 quamvis
792 1951 806 1970 ιι
831 1942 970 1970 nonnullis
991 1943 1027 1969 sit

235 1994 349 2021 dictum.

276 2062 285 2078 ‹
298 2052 330 2079 Ει
347 2056 423 2086 erat,
444 2051 553 2086 inquit,
577 2050 657 2078 Anna
674 2049 858 2085 prophetissa,
879 2046 1027 2075 Phanuelis

236 2098 302 2131 ﬁlia,
316 2107 348 2125 ex
364 2097 436 2125 tribu
448 2098 544 2129 Aser,»
563 2101 615 2124 etc.
639 2105 649 2121 ‹
665 2096 697 2123 Et
710 2096 755 2122 illa
772 2094 852 2122 vidua
866 2099 926 2121 erat
941 2101 1028 2121 anno-

237 2153 296 2171 rum
316 2144 426 2172 circiter
443 2148 563 2178 quatuor
584 2146 612 2169 et
635 2141 774 2176 octoginta
785 2140 818 2167 ⁸⁸.
835 2151 845 2165 ι
871 2139 949 2166 Atina
966 2146 1028 2173 pro-

237 2190 369 2226 phetissa.
384 2187 533 2216 Phanuelis
555 2187 609 2214 ﬁlia
622 2207 629 2220 ,
653 2187 696 2214 his
718 2185 877 2213 diﬁ'erentite
894 2184 1028 2220 capitibus

1075 1576 1248 1612 περιώνυμον
1262 1575 1337 1607 λαδν,
1351 1574 1379 1606 ὃς
1400 1573 1445 1600 τοῦ
1464 1572 1571 1609 Πατρδς
1586 1571 1655 1603 νεώς
1672 1579 1701 1597 τε
1722 1570 1769 1596 καὶ
1793 1567 1855 1597 οἶκος

1073 1621 1277 1656 ἐπωνομάζετο.
1292 1621 1347 1647 Καὶ
1358 1620 1412 1654 γὰρ
1427 1619 1473 1645 τὸν
1483 1619 1549 1645 ἴδιον
1563 1617 1677 1652 Πατέρα
1687 1615 1784 1650 σαφῶς
1799 1614 1855 1640 ἀνα-

1075 1668 1246 1704 κηρύξαντος
1260 1667 1309 1694 τοῦ
1323 1665 1389 1693 Υἰοῢ
1402 1665 1496 1700 σαφῶς
1514 1663 1755 1698 ἁπεκαλύφθησαν
1773 1662 1796 1687 oi
1809 1661 1856 1687 δια-

1075 1714 1201 1750 λογισμοὶ
1211 1715 1266 1740 τῶν
1279 1713 1411 1748 λεγόντων
1423 1712 1507 1739 αὑτὸν
1528 1711 1578 1738 οὐκ
1597 1710 1654 1746 (67)
1670 1708 1743 1736 εἶναι
1756 1708 1801 1735 τοῦ
1821 1707 1857 1733 τέ-

1075 1770 1168 1793 κτονος
1183 1761 1249 1793 υἱδν,
1265 1760 1319 1787 οὐδ’
1335 1759 1418 1794 ἄλλης
1435 1758 1508 1789 τινὸς
1531 1757 1653 1791 ἐπιγείου
1667 1757 1785 1790 σπορᾶς,
1797 1753 1855 1781 ἀλλὰ

1075 1808 1123 1836 τοῦ
1137 1809 1190 1844 πρὸ
1203 1807 1301 1839 αἰῶνος
1312 1806 1510 1841 γεγεννηκότος
1529 1805 1622 1832 αὐτόν.
1636 1803 1688 1830 Τὸν
1718 1803 1810 1838 μέντοι
1823 1800 1857 1826 λό-

1076 1865 1135 1891 γον,
1149 1856 1196 1882 τὸν
1213 1855 1338 1889 λέγοντα,
1355 1853 1495 1889 ῥομφαίαν
1508 1852 1593 1886 αὐτῆς
1608 1851 1657 1885 τὴν
1674 1850 1767 1885 ψυχὴν
1775 1849 1803 1882 ἐξ
1814 1848 1859 1883 ἀμ’

1077 1902 1201 1938 φιόολίας
1217 1900 1343 1932 διελθεῖν,
1361 1900 1399 1931 ὡς
1418 1899 1519 1934 μήποτ’
1546 1898 1596 1924 οὐκ
1615 1897 1656 1931 εἴη
1672 1897 1742 1928 Θεὸς
1757 1897 1772 1922 ὁ
1794 1903 1859 1921 οταν⁴

1079 1949 1255 1985 ρούμενος,εἱ
1271 1947 1399 1974 καίτισιν
1415 1945 1534 1982 ἐρρήθη,
1553 1944 1611 1971 ἀλλ’
1627 1943 1677 1970 οὐκ
1692 1942 1729 1969 ἂν
1747 1942 1806 1978 ἐμοὶ
1821 1941 1859 1975 ρη-

1080 1995 1150 2030 θείη.

1117 2050 1126 2066 ι
1141 2041 1195 2067 Καὶ
1204 2037 1248 2075 ἦν,
1260 2030 1441 2073 φησὶν,”Ᾱννα
1451 2037 1585 2074 προφῆτις
1595 2036 1732 2070 θυγάτηρ,
1742 2032 1859 2067 Φανουὴλ,

1078 2088 1111 2114 ἐκ
1127 2086 1213 2121 φυλῆς
1236 2086 1332 2121 Ἀσὴρ,
1349 2085 1401 2116 ἕως
1415 2081 1457 2116 οἵ),
1481 2093 1490 2109 t
1504 2083 1560 2110 Καὶ
1573 2082 1642 2116 αὓτη
1658 2084 1740 2116 χεῖρα
1755 2081 1792 2110 ὡς
1806 2077 1859 2105 ἐτῶν

1079 2133 1244 2167 ὁγδοήκοντα
1267 2131 1418 2165 τεσσάρων.
1446 2139 1456 2156 )
1483 2130 1567 2155 ’Λννα
1587 2127 1735 2161 προφῆτις,
1754 2125 1859 2159 θυγάτηρ

1080 2178 1211 2213 Φανουὴλ,
1226 2177 1339 2208 ταύταις
1360 2175 1546 2203 διαστέλλεται
1560 2175 1620 2205 ταῖς
1638 2173 1783 2208 διαφοραῖς
1805 2169 1859 2203 αὕτη

238 2215 350 2226 r“""‘*
364 2215 369 2220 π
623 2215 629 2220 ι
928 2215 936 2220 .

238 2236 416 2271 distinguitur
432 2243 448 2262 a
463 2239 551 2262 matre
566 2232 706 2268 Virginis;
724 2232 818 2259 eadem
840 2238 904 2258 vero
919 2229 1014 2265 egregi

1095 2224 1148 2259 τρδς
1169 2224 1219 2258 τὴν
1240 2223 1290 2258 τῆς
1311 2221 1450 2256 Παρθένου
1467 2219 1593 2255 μητέρα·
1611 2218 1748 2253 διέλαμπε
1766 2217 1794 2243 δὲ
1815 2215 1859 2244 ταῖς

237 2282 370 2310 virtutum
385 2281 507 2308 omnium
527 2279 620 2307 studio
634 2286 690 2313 pm
703 2277 808 2304 caeteris
821 2276 967 2303 eminebat.
987 2275 1028 2302 Ex

238 2336 271 2356 co
293 2328 365 2356 enim
379 2347 387 2360 ,
414 2326 487 2362 quod
507 2334 523 2352 a
543 2325 644 2359 templo
661 2331 714 2351 tton
735 2322 894 2353 recedebat,
919 2321 1030 2356 jejttniis

239 2385 304 2404 vero
320 2381 348 2404 et
359 2375 487 2410 precibus
500 2377 583 2400 noctu
594 2377 621 2399 et
633 2371 750 2399 interdiu
763 2369 890 2400 vacabat,
906 2373 1028 2402 apparet,

239 2422 363 2450 eamdem
374 2421 542 2456 reliquarum
557 2419 639 2446 etiam
648 2418 779 2445 virtutum
791 2424 894 2443 corona
907 2419 1030 2442 ornatam

241 2470 338 2497 fuisse.
357 2467 406 2495 His
433 2474 499 2494 vero
523 2466 569 2493 illa
591 2464 738 2492 virtutibus
753 2463 827 2498 quod
852 2462 885 2490 ad
908 2461 1031 2489 animum

242 2516 374 2544 mundata
389 2535 397 2546 ,
424 2520 452 2541 et
481 2512 650 2541 sanctissimi
673 2511 791 2546 Spiritus
816 2509 925 2536 ol'licina
949 2508 1032 2541 facta,

241 2563 421 2598 ejusdemque
441 2560 569 2595 alloquiis
591 2559 696 2591 ditata,
718 2557 813 2585 eadem
842 2556 910 2583 hora
939 2560 1034 2582 astans

245 2607 437 2639 conﬁtebatur,
453 2612 480 2634 et
497 2604 663 2640 loquebatur
679 2603 713 2630 de
731 2610 765 2629 eo
785 2601 818 2628 ad
841 2601 904 2628 illos
926 2608 1033 2632 omnes,

244 2655 291 2689 qui
309 2653 499 2680 liberationem
520 2649 717 2685 Hierosolymis
732 2646 938 2682 exspectabant.
964 2655 973 2671 ι
986 2645 1039 2672 Ea-

244 2700 317 2732 dem,
335 2699 435 2734 inquit,
450 2698 518 2725 hora
535 2700 639 2724 astans.
656 2704 666 2720 ι
685 2694 744 2727 Qua
759 2700 824 2720 vero
839 2692 906 2719 illa?
918 2691 966 2718 illa
980 2697 1039 2718 om-

280 2756 302 2772 "
315 2755 381 2783 Luc.
399 2763 430 2788 tt,
447 2754 493 2782 55.

1082 2271 1193 2306 ἀρεταῖς
1219 2270 1350 2300 ἁπάσαις.
1375 2268 1423 2294 Ἐκ
1445 2267 1499 2302 γάρ
1523 2265 1570 2292 τοῦ
1586 2265 1624 2300 μὴ
1646 2263 1814 2298 ἀφίστασθαι
1827 2259 1859 2286 τοί

1084 2315 1169 2350 ἱεροῦ,
1188 2316 1235 2341 καὶ
1251 2313 1400 2349 νηστείαις,
1415 2312 1461 2338 καὶ
1480 2312 1604 2346 δεήσεσιν
1626 2310 1772 2345 λατρεύειν
1793 2308 1859 2334 νυκτί

1083 2363 1131 2389 καὶ
1148 2361 1265 2397 ἡμέραν,
1281 2360 1369 2395 δῆλον,
1389 2359 1427 2390 ὡς
1438 2358 1485 2385 καὶ
1501 2359 1515 2384 ὁ
1528 2357 1618 2388 λοιπὸς
1639 2356 1708 2392 αὐτῇ
1723 2356 1778 2382 τῶν
1791 2354 1859 2381 ἄλλων

1084 2408 1189 2444 ἀρετῶν
1206 2407 1353 2442 συμπαρῆν
1369 2405 1459 2440 χορός.
1484 2404 1547 2439 Ὑφ’
1568 2401 1604 2430 ὧν
1622 2402 1817 2438 κεκαθαρμένη
1829 2398 1859 2424 τὸν

1086 2455 1159 2486 νοῦν,
1182 2455 1228 2481 καὶ
1243 2454 1289 2480 τοῦ
1316 2453 1450 2487 παναγίου
1469 2451 1628 2485 Πνεύματος
1643 2447 1815 2483 γεγενημένη
1831 2445 1859 2470 δἰι

1086 2504 1169 2538 χεῑον,
1183 2501 1230 2528 καὶ
1242 2501 1290 2532 τὰς
1313 2500 1379 2534 παρ’
1397 2498 1479 2524 αὑτοῦ
1493 2496 1626 2531 δεχομένη
1651 2495 1797 2530 ἐμφάσεις,
1810 2490 1859 2523 αὐτῆ

1087 2537 1119 2584 τῇ
1133 2548 1192 2583 ὥρᾳ
1213 2546 1349 2574 ἐπιστᾶσα
1370 2544 1589 2578 ἀνθωμολογεῖτο
1606 2540 1662 2576 (68)
1682 2540 1728 2566 καὶ
1745 2537 1830 2565 ἐλάλει
1842 2544 1859 2561 τι

1088 2595 1153 2630 περὶ
1168 2594 1250 2621 αὑτοῦ
1272 2593 1340 2620 πᾶσι
1356 2593 1414 2623 τοῖς
1442 2588 1669 2626 προσδεχομένοις
1695 2587 1829 2622 λύτρωσιν
1848 2583 1855 2607 ἐ

1091 2628 1296 2676 Ἰερουσαλήμ(
1306 2639 1380 2674 Λὺτῇ
1390 2639 1423 2672 τῇ
1434 2636 1494 2672 ὥρᾳ.
1506 2635 1668 2664 ἐπιστᾶσα.»
1688 2632 1782 2667 φησίν.
1794 2628 1859 2661 Ain?)

1091 2675 1177 2724 ποῖιμ
1200 2687 1233 2714 'H
1248 2685 1309 2712 καθ’
1324 2685 1358 2720 ἦν
1376 2684 1407 2710 τὸ
1420 2682 1531 2710 Παιδίον
1546 2682 1563 2717 ὴ
1574 2681 1675 2716 Μήτηρ
1688 2680 1736 2706 καὶ
1746 2679 1760 2704 ὁ
1780 2675 1859 2708 Ὶωπὴε

546 2753 569 2769 ⁸⁵
589 2752 656 2780 ibid.
685 2750 720 2779 48
736 2757 795 2785 seq.
833 2749 857 2766 ⁸⁵
872 2747 968 2775 Matth.
986 2747 1104 2780 xm,55.

990 2804 1106 2833 ΝΟΤᾸΞ.

285 2871 344 2908 (67)
359 2871 409 2897 οὐκ
423 2869 524 2903 addidi,
541 2867 614 2904 quod
631 2874 728 2895 sensus
748 2864 860 2893 omnino
877 2861 1006 2899 postulat.

1128 2860 1184 2895 (68)
1198 2859 1275 2888 Colb.
1291 2865 1340 2894 pro
1356 2856 1536 2891 ἀνθολογεῖτο.
