1863 3064
188 164 244 197 835

771 163 902 193 PHOTII
925 163 1176 194 PATBIARCHIE
1191 164 1246 193 ΕΡ.

1773 164 1823 196 836

188 225 249 250 vine
262 223 343 251 liuent
367 222 458 250 divelli
479 221 609 250 noluerit.
641 220 718 250 Sicut
747 229 843 258 porro,
876 223 975 257 inquit,

1072 223 1167 258 pBévo'b
1207 222 1253 249 καὶ
1283 222 1476 256 εὐαγγελιστοῦ
1516 222 1640 249 Ἰωάννου
1656 222 1735 258 (71').
1761 224 1823 250 Ὠσ-

188 272 296 305 Ριειιηιε,
325 271 513 305 apostolorum
531 270 646 305 primus,
670 278 767 298 nomen
779 278 859 298 suum
876 279 908 297 cx
926 271 978 298 lide

187 317 309 348 immota,
324 324 406 351 quam
428 317 455 344 in
470 317 610 344 Christum
635 321 737 352 petram
754 317 895 352 probabat,
928 325 975 345 ac-

187 363 274 397 cepit;
290 363 326 389 ita
340 363 385 390 illa
396 371 517 398 quoque,
533 368 662 398 tanquam
673 363 867 398 discipularum
878 363 976 398 prima,

147 436 154 442 _
184 414 296 443 propter
318 409 466 444 puritatem
496 417 574 436 suam
597 413 624 436 et
649 409 834 440 desiderium,
867 417 922 443 quo
949 409 976 436 in

186 453 262 481 illum
286 453 435 487 ferebatur,
465 461 481 480 a
511 453 656 481 Servatore
675 455 782 486 eodem,
803 462 858 489 quo
879 454 976 484 Mater,

188 501 300 528 noniine
316 505 358 527 est
387 500 526 535 insignita.
556 500 791 534 Quemadmodum
818 501 910 534 itaque
937 500 978 527 di-

187 545 357 580 scipulorum
385 545 486 573 chorus
513 535 846 580 Dominnm'sequebatur,
865 545 902 572 ita
917 553 978 572 mu-

186 590 295 621 lierum,
327 589 431 617 Domini
448 590 621 625 disciplinam
641 591 843 624 recipientium,
875 597 976 617 corona

185 637 272 675 nostri
301 635 406 662 Domini
427 635 540 663 Matrem
563 636 786 663 consectabatur.
808 635 978 663 Mirabantur

182 682 266 714 enirn,
278 681 377 716 inquit,
391 681 538 716 aliquando
549 681 689 716 discipuli,
701 682 773 716 quod
790 689 852 709 cum
865 681 979 708 muliere

186 728 388 763 loquebatur“.
422 727 461 754 Ex
481 736 536 763 quo
559 728 735 755 manifestum
769 733 812 755 est
831 728 976 763 Dominum

186 772 212 798 id
229 773 338 807 quidem
356 780 406 799 usu
422 777 560 808 receptum
574 780 627 799 non
643 773 780 800 imbuisse.
807 772 875 799 Curti
887 772 979 806 itaque

184 817 269 845 Mater
293 818 399 845 Domini
417 817 555 853 Evangelii
576 825 688 845 cursum
713 826 766 845 una
781 825 842 845 eum
868 817 938 845 Filio
953 822 979 844 et

184 871 276 891 rerum
292 864 440 891 Conditore
461 865 635 899 proveheret.
661 864 802 896 mulieres,
833 871 895 898 quae
917 871 978 891 eam

1030 278 1094 304 περ,
1120 270 1213 304 φησὶν,
1233 268 1375 303 ήὰπαρχὴ
1397 267 1452 294 τῶν
1474 268 1630 296 ἀποστόλων
1641 269 1743 304 Πέτρος
1759 269 1823 296 ὠνο-

1031 315 1122 349 μάσθη
1148 315 1191 341 διὰ
1219 314 1268 349 τὴν
1295 314 1444 341 ἀσάλευτον
1473 315 1584 346 πίστιν,
1615 316 1648 350 ἣν
1675 313 1749 351 εἶχεν
1779 317 1823 344 ἐπὶ

1029 360 1146 395 Χριστὸν
1171 359 1220 395 τὴν
1239 360 1343 396 πέτραν
1355 369 1362 375 ⁸
1379 360 1450 387 οὕτω
1474 361 1520 386 καὶ
1535 361 1616 395 αὑτὴ,
1634 361 1756 396 ἀρχηγὸς
1768 362 1820 388 τῶν

1034 406 1194 442 μαθητριῶν
1210 407 1355 442 γενομένη,
1369 406 1413 433 διὰ
1427 406 1477 442 τὴν
1488 407 1660 442 καθαρότητα
1677 407 1764 442 αὐτῆς
1777 409 1820 434 καὶ

1029 451 1075 479 τὸν
1091 453 1182 485 πόθον,
1197 453 1226 479 ὃν
1241 451 1314 488 εἶχεν
1332 454 1371 485 εἰς
1394 453 1486 484 αὑτὸν,
1512 452 1606 488 Μαρία
1621 453 1776 488 ὁμωνύμως
1790 454 1820 488 τῇ

1029 499 1122 534 Μητρὶ
1135 499 1211 534 παρὰ
1223 498 1269 525 τοῦ
1285 499 1410 534 Σωτῆρος
1422 499 1641 534 προσηγόρευται
1653 507 1661 515 ’
1677 498 1773 533 ὥσπερ

1030 544 1155 580 Δεσπότῃ
1167 543 1222 570 τῶν
1234 543 1365 579 μαθητῶν
1388 542 1531 578 ἠκολούθει
1559 544 1575 569 ὁ
1591 543 1681 578 χορὸς,
1703 542 1776 569 οὕτω
1789 544 1820 578 τῇ

1029 588 1164 624 Δεσποίνῃ
1179 589 1226 615 καὶ
1244 589 1337 622 Μητρὶ
1352 587 1398 613 τοῦ
1411 587 1515 622 Κυρίου
1531 587 1581 613 τῶν
1593 587 1823 622 μαθητευομένων

1029 633 1166 668 γυναικῶν
1189 633 1204 659 ό
1229 632 1320 668 χορός.
1343 631 1513 667 Ἐοαύμαζον
1528 631 1592 667 γὰρ,
1610 633 1703 666 φησὶν,
1721 632 1787 658 ποτὲ
1799 632 1822 657 οἱ

1031 678 1163 714 μαθηταὶ,
1179 679 1220 706 ὅτι
1250 678 1319 713 μετὰ.
1341 677 1467 712 γυναικὸς
1487 678 1588 705 ἐλάλει.
1604 678 1700 713 Δῆλον,
1725 678 1763 709 ὡς
1777 678 1822 704 οὐκ

1030 724 1112 759 οὔσης
1127 725 1254 759 τοιαύτης
1271 723 1419 758 συνηθείας
1434 723 1473 757 τῷ
1485 723 1591 758 Κυρίῳ,
1603 722 1671 749 ἀλλὰ
1680 722 1726 748 τὸν
1741 723 1821 756 εὐαγ-

1030 769 1139 804 γελικὴν
1159 769 1260 804 δρόμον
1283 769 1331 803 τῆς
1353 768 1466 804 Μητρὸς
1494 767 1542 794 τοῦ
1570 768 1708 794 Δεσπότου
1731 767 1823 798 συνεξ-

1029 815 1164 850 ανυούσης
1177 815 1216 851 τῷ
1231 815 1287 851 Υἰῷ
1301 815 1348 842 καὶ
1362 813 1535 850 Δημιουργῷ,
1552 814 1599 841 καὶ
1611 814 1692 841 αὐταὶ
1707 822 1823 840 συνακο-

1029 861 1174 888 λουθοῦσαι
1190 861 1260 897 αὐτῇ
1276 861 1314 896 τῷ
1325 860 1408 896 κοινῷ
1419 860 1545 897 Δεσπότῃ
1562 862 1594 887 ὲκ
1612 860 1667 887 τῶν
1685 860 1823 895 ὑπαρχόν-

183 909 397 942 comitabantur,
414 910 554 937 communi
565 909 682 937 Domino
698 910 813 945 ejusque
830 909 974 945 discipulis

1070 917 1080 934 ν
1110 909 1205 940 αὑταξς
1230 908 1410 942 ἀναγκαίοις,
1442 908 1489 935 καὶ
1513 909 1571 939 τοῖς
1602 907 1738 942 μαθηταῖς
1768 906 1824 940 διη-

182 963 215 981 ex
230 954 407 983 facultatibus
423 957 481 984 suis
499 956 704 983 ministrabant.

183 1031 346 1065 QUIESTIO
361 1033 440 1061 CLIX
451 1033 543 1069 [Cois].
556 1032 724 1065 CLXXXIX,
737 1032 977 1068 Taur.CLXXlX_|.

184 1122 253 1154 Quid
267 1122 400 1157 signi/ica!
418 1122 485 1149 illud
501 1131 510 1148 :
540 1123 599 1149 tEa:
614 1131 653 1149 me
667 1123 723 1157 ipso
736 1130 786 1149 non
803 1122 926 1157 loquor“o
940 1123 972 1148 ἲ)

1033 955 1138 982 κόνουν.

1286 1031 1456 1060 ΕΡΩΤΗΣΙΣ
1486 1030 1570 1058 ΡΝΘ’.

1078 1122 1108 1149 Τι’
1126 1121 1192 1149 ἐστι
1209 1122 1244 1148 τό
1252 1130 1259 1137 ·
1278 1130 1287 1147 ι
1303 1121 1379 1156 Ἐγὼ
1391 1121 1442 1149 ἀπ’
1456 1121 1587 1157 ἐμαυτοῦ
1600 1122 1637 1149 οὐ
1651 1121 1758 1154 Julii);
1778 1129 1788 1147 ι

382 1212 510 1238 Edilarum
521 1220 535 1237 a
547 1212 635 1237 Wolﬁo
646 1211 765 1244 vigesima
776 1213 884 1238 secunda
897 1214 927 1245 (l.
938 1219 972 1244 c.,
984 1220 1007 1244 p.
1020 1212 1133 1238 786-789.
1148 1212 1260 1238 Galland.
1275 1213 1292 1236 l.
1307 1219 1320 1237 c
1333 1231 1340 1244 ,
1351 1219 1376 1244 p.
1388 1211 1494 1238 ’ΖΗ-743
1506 1218 1530 1236 n.
1542 1198 1594 1244 38).

221 1300 441 1327 Pseudomessim
455 1306 488 1326 ex
504 1307 533 1327 se
546 1299 614 1334 ipsis
625 1299 820 1334 loquebantur,
837 1307 892 1327 non
911 1307 975 1327 vero

182 1354 216 1374 ex
232 1346 300 1381 lege,
320 1352 370 1372 nec
395 1352 427 1372 ex
451 1345 603 1380 prophetis,
619 1345 666 1372 sed
690 1353 723 1372 ex
737 1353 786 1373 sua
796 1346 928 1373 sententia
950 1350 977 1372 et

183 1391 307 1418 arbitrio.
343 1390 443 1417 Contra
467 1389 596 1418 Servatur
629 1399 644 1417 a
665 1390 724 1426 lege
747 1398 799 1418 non
822 1391 975 1422 recedebat,

183 1444 238 1464 non
269 1436 412 1463 omittebat
433 1436 590 1471 prophetas,
621 1436 669 1464 sed
684 1437 803 1469 dicebat,
829 1444 904 1464 nunc
916 1436 976 1470 qui~

182 1483 266 1510 dein':
285 1482 386 1510 «Recte
412 1482 481 1509 dixit
493 1482 577 1509 Isaias
587 1483 608 1498 θ’
621 1491 629 1515 ;
641 1491 650 1508 ›
668 1490 741 1509 nunc
758 1489 824 1509 vero
839 1492 845 1509 :
861 1491 870 1508 ι
881 1481 978 1509 Nonne

184 1529 210 1554 in
240 1528 297 1562 lege
315 1532 407 1554 vestra
423 1527 554 1562 scriptum
575 1527 663 1560 est",
679 1537 688 1553 ι
713 1531 741 1554 et
768 1527 886 1562 plurima
902 1528 976 1562 ejus-

184 1574 257 1601 modi
283 1573 346 1601 alia.
385 1573 520 1607 Quoniam
551 1573 645 1608 igitur,
672 1574 718 1608 qui
746 1578 809 1602 ante
835 1573 976 1601 Christum

1066 1300 1097 1326 Ol
1109 1299 1298 1335 ψευδόχριστοι
1309 1299 1355 1334 ἀφ’
1370 1299 1475 1326 ἑαυτῶν
1491 1299 1614 1333 ἐλάλουν,
1624 1300 1674 1327 οὐκ
1685 1301 1718 1327 ὲκ
1728 1302 1825 1337 νόμου,

1030 1347 1080 1372 οὐκ
1095 1346 1128 1372 ὲκ
1147 1346 1308 1381 προφητῶν,
1337 1347 1396 1373 ἀλλ’
1409 1347 1463 1373 ἀπὸ
1485 1347 1535 1382 τῆς
1549 1347 1619 1379 ιδίας
1635 1347 1753 1383 γνώμης
1781 1349 1828 1376 καὶ

1030 1391 1119 1427 ὁρμῆς
1132 1398 1139 1405 ⁸
1155 1391 1169 1416 ὁ
1185 1391 1214 1417 δὲ
1226 1391 1321 1427 Σωτὴρ
1335 1392 1385 1418 οὐκ
1398 1392 1506 1428 ἀπέστη
1522 1392 1617 1427 νόμου,
1634 1393 1684 1419 οὐκ
1707 1394 1828 1428 ἐγκατα-

1030 1437 1155 1463 λέλοιπεν
1182 1438 1336 1474 προψήτας,
1363 1437 1422 1464 ἀλλ’
1439 1438 1517 1472 ἔλεγε
1539 1438 1587 1465 νῦν
1609 1438 1668 1473 μὲν,
1689 1448 1698 1464 ι
1726 1439 1827 1470 Καλῶς

1030 1481 1107 1509 εἶπεν
1129 1483 1254 1514 Ἰἰσαῖα;’
1273 1483 1320 1510 νῦν
1335 1483 1373 1516 δὲ,
1392 1492 1401 1509 ι
1420 1484 1458 1510 Οὑ
1471 1484 1628 1520 γέγραπται
1645 1487 1675 1512 ὲν
1695 1485 1735 1520 τῷ
1755 1486 1832 1521 νόμῳ

1031 1529 1117 1563 ὑμῶν,
1131 1538 1140 1554 ι
1153 1529 1200 1555 καὶ
1214 1529 1300 1565 μυρία
1315 1529 1438 1556 τοιαῦτα.
1448 1530 1525 1557 Ἐπεὶ
1535 1530 1582 1558 οὖν
1594 1531 1618 1557 οἱ
1631 1530 1760 1564 ἐλθόντες
1777 1532 1831 1567 πρὸ

1030 1575 1159 1610 Χριστοῦ,
1177 1577 1224 1602 καὶ
1239 1575 1268 1602 τὸ
1280 1575 1386 1602 ἐκείνου
1400 1576 1560 1612 περιθέντες
1574 1578 1682 1608 ἑαυτοῖς
1703 1578 1830 1612 κακούρο

183 1620 341 1652 veniebant,
370 1619 487 1654 ejusque
513 1626 612 1646 nomen
641 1619 709 1646 male
732 1619 785 1647 sibi
808 1619 975 1652 tribuebant,

1073 1630 1084 1652 ;
1098 1621 1196 1655 ὄνομα,
1212 1622 1262 1648 οὐκ
1278 1622 1332 1649 ἀπὸ
1349 1623 1404 1649 τῶν
1419 1623 1500 1658 ἱερῶν
1515 1623 1641 1659 Γραφῶν,
1654 1623 1712 1650 ἀλλ’
1730 1625 1768 1651 ὲκ
1783 1625 1832 1659 τῆς

183 1673 238 1692 non
257 1672 289 1692 ex
306 1665 393 1692 sacris
416 1664 537 1697 Litteris.
551 1664 597 1692 sed
618 1672 650 1692 ex
669 1672 718 1692 sua
734 1665 853 1692 amentia
869 1672 978 1692 errores

184 1711 325 1743 serebant;
341 1710 404 1737 ideo
435 1709 567 1737 Servator
585 1714 678 1737 noster
700 1710 738 1737 ait
757 1719 764 1737 ι
782 1719 792 1736 ι
809 1710 865 1745 Ego
883 1717 917 1737 ex
934 1717 978 1737 me

184 1754 244 1788 ipso
264 1761 319 1782 non
334 1754 444 1788 loquor.
460 1754 532 1781 sicut
543 1754 610 1781 illi.»
638 1754 677 1781 Ex
689 1762 718 1781 se
735 1754 792 1789 ipso
811 1755 883 1782 enim
902 1755 977 1790 loqui

184 1799 255 1827 idem
281 1804 333 1832 est,
361 1803 443 1834 atque
462 1804 560 1834 praeter
584 1799 754 1834 Seripturam
768 1807 874 1828 sacrant
890 1800 975 1835 loqui.

185 1846 263 1878 Quod
303 1853 368 1873 vero
398 1845 667 1880 pseudomessiarum
700 1851 726 1873 et
755 1846 976 1881 pseudoprophe-

185 1895 275 1919 tarum
300 1890 347 1923 sit,
377 1898 386 1915 ι
399 1897 433 1917 ex
447 1897 477 1917 se
489 1890 556 1925 ipsis
572 1890 677 1925 loqui,»
698 1891 726 1918 id
760 1889 833 1918 Deus
855 1891 914 1926 ipse
929 1898 978 1926 per

185 1935 346 1971 prophetam
361 1933 531 1962 Ezechielem
555 1938 730 1967 testatusest,
756 1934 852 1962 dicens
871 1943 879 1961 ;
903 1933 976 1960 «Non

184 1981 250 2009 misi
271 1987 319 2008 eos
335 1989 343 2013 ;
357 1987 391 2008 ex
420 1987 451 2007 se
478 1980 545 2015 ipsis
569 1984 634 2008 sunt
657 1980 758 2014 locuti;
784 1988 818 2007 ex
830 1980 912 2007 corde
926 1987 977 2007 suo

185 2028 370 2062 loquuntur.»
403 2026 538 2059 Quoniam
567 2026 660 2062 itaque
684 2026 931 2061 pseudopropheta:
944 2033 977 2053 ex

185 2081 215 2101 se
231 2072 298 2107 ipsis
312 2072 506 2107 loquebantur,
533 2072 605 2099 hanc
630 2072 778 2099 amentiam
795 2079 811 2098 a
829 2079 859 2099 se
882 2071 978 2099 amoli-

185 2125 240 2146 tur.
263 2117 389 2153 Improba
403 2118 476 2145 enim
494 2117 653 2145 Judazorum
677 2125 743 2153 gens
757 2125 883 2145 erronem
899 2117 976 2145 illum

185 2172 267 2197 esse,
306 2168 333 2192 et
375 2164 508 2192 mundum
542 2167 698 2198 pervertere
748 2163 977 2192 calumniabatur.

185 2210 332 2244 Propterea
361 2211 454 2238 aiebat
470 2219 477 2237 :
506 2219 516 2236 ι
528 2209 584 2245 Ego
599 2217 632 2237 ex
647 2217 690 2237 me
703 2210 763 2245 ipso
777 2218 830 2238 non
844 2211 954 2246 loquor,
966 2220 975 2237 ι

185 2257 285 2284 δούλοις
306 2256 374 2292 lege,
407 2264 440 2284 ex
455 2256 597 2292 prophetis
616 2264 624 2283 :
647 2263 709 2290 (ιντο
721 2264 756 2283 ex
776 2256 856 2284 Patre
868 2257 894 2284 in
908 2257 975 2292 lege,

184 2307 213 2330 et
237 2302 264 2330 in
275 2302 424 2338 prophetis
448 2302 551 2330 audivi.
581 2301 680 2329 Habito
699 2310 765 2329 vero
779 2303 812 2329 ad
828 2303 974 2330 humanam
991 2296 1016 2326 Ι)

185 2355 262 2375 suam
275 2351 402 2375 naturam
425 2351 570 2382 respectu,
590 2351 618 2374 et
633 2346 667 2373 ad
686 2347 868 2375 amoliendam
897 2347 978 2375 mali-

185 2402 266 2430 gnam
278 2394 354 2422 illam
372 2394 406 2422 de
427 2400 457 2421 se
470 2393 666 2429 suspicionem,
694 2393 731 2421 ita
749 2394 880 2429 loquitur.
900 2404 909 2420 ι
925 2393 979 2423 Vos

184 2447 262 2474 vero,
273 2448 283 2465 ›
299 2439 384 2471 addit,
413 2447 423 2465 ι
437 2446 481 2472 ea,
495 2438 660 2474 (loquimini)
675 2447 735 2475 qua:
749 2447 781 2467 ex
795 2444 872 2475 patre
888 2446 979 2468 vestro

185 2485 310 2520 diabolo,
322 2485 479 2513 audivistis.
497 2494 507 2511 ι
528 2484 606 2513 Sicut
617 2485 701 2520 enim,
723 2493 784 2521 quae
796 2487 884 2521 patris
903 2491 978 2520 sunt,

185 2531 355 2559 [Hereditatis
371 2531 441 2559 loco
468 2531 532 2560 ﬁliis
542 2532 705 2568 obtingunt,
723 2532 760 2560 ita
776 2537 804 2560 et
825 2540 886 2568 qua:
904 2533 978 2562 illius

1031 1666 1100 1698 ἰδίας
1119 1667 1249 1699 ἀπονοίας
1259 1668 1294 1694 τὰ
1313 1668 1366 1704 τῆς
1392 1668 1498 1703 πλάνης
1519 1669 1736 1704 προυϐάλλοντο,
1755 1670 1832 1704 λέγει

1028 1713 1042 1739 ὁ
1053 1712 1149 1748 Σωτήρ
1165 1719 1172 1727 ·
1193 1723 1203 1739 ι
1225 1713 1295 1748 Ἐγὼ
1313 1715 1361 1741 ἀπ’
1376 1715 1499 1750 ἐμαυτοῦ
1513 1716 1543 1741 οὐ
1555 1715 1637 1747 λαλῶ.
1649 1715 1749 1752 ὥσπερ
1759 1718 1834 1744 ἐκεῖ·

1029 1766 1079 1785 νοι.
1099 1767 1109 1785 ι
1125 1759 1161 1785 Τὸ
1177 1758 1232 1795 γὰρ
1245 1760 1292 1794 ἀφ’
1312 1760 1412 1787 ἑαυτοῦ
1427 1760 1530 1793 λαλεῖν,
1546 1761 1577 1787 τὸ
1597 1760 1650 1792 ἔξω
1665 1760 1720 1788 τῶν
1748 1762 1832 1797 ἱερῶν

1028 1804 1145 1840 Γραφῶν
1165 1806 1223 1832 ἐστι
1248 1806 1349 1834 λαλεῖν.
1368 1807 1428 1834 Ὀτι
1443 1807 1471 1833 δὲ
1494 1807 1525 1834 τὺ
1542 1807 1589 1841 ἀφ’
1611 1807 1708 1834 ἑαυτοῦ
1737 1808 1833 1835 λαλεῖν

1029 1850 1231 1885 ψευδοχρίστων
1242 1852 1301 1878 ἐστὶ
1311 1852 1359 1879 καὶ
1372 1852 1616 1888 ψευδοπροφητῶν,
1630 1853 1705 1888 λέγει
1722 1854 1772 1881 διὰ
1784 1854 1832 1880 τοῦ

1029 1897 1170 1932 προφήτου
1180 1897 1227 1924 τοῦ
1247 1897 1371 1934 Ἐζεκιὴλ
1387 1898 1442 1933 (72)
1457 1900 1471 1925 ὁ
1482 1899 1548 1930 Θεός
1558 1907 1564 1914 ·
1582 1908 1591 1925 ι
1606 1900 1662 1926 Οὐκ
1676 1899 1833 1927 ἀπέστειλα

1029 1942 1138 1975 αὐτοὺς,
1150 1943 1197 1978 ἀφ’
1217 1943 1321 1970 ἑαυτῶν
1334 1944 1485 1980 ἐλάλησαν·
1498 1945 1529 1971 ὲκ
1539 1945 1589 1980 τῆς
1604 1945 1719 1981 καρδίας
1738 1946 1833 1973 αὐτῶν

1029 1988 1204 2023 φθέγγονται.
1225 1999 1234 2016 ι
1259 1990 1337 2017 Ἐπεὶ
1354 1988 1401 2017 οὖν
1412 1991 1437 2017 οἱ
1452 1991 1677 2026 ψευδοπροφῆται
1689 1992 1742 2027 ἀφ’
1765 1993 1831 2019 ἑαυ-

1028 2035 1083 2061 τῶν
1103 2035 1265 2071 ἐκήρυττον,
1285 2036 1389 2071 ταύτην
1403 2037 1589 2073 ἀποδυόμενος
1611 2038 1661 2073 τὴν
1694 2039 1831 2066 ἀπόνοιαν

1030 2081 1152 2117 (καὶγὰρ
1167 2081 1317 2118 ὲδυσφήμει
1333 2082 1400 2118 (72‘)
1417 2083 1448 2110 τὸ
1462 2084 1609 2119 ἀχάριστον
1619 2084 1672 2111 τῶν
1691 2085 1831 2112 Ἰουδαίων

1030 2126 1106 2158 ἔθνος
1128 2127 1229 2155 πλάνον
1256 2128 1336 2155 αὐτὸν
1352 2129 1411 2164 (73)
1434 2130 1481 2156 καὶ
1508 2129 1613 2166 πλανᾷν
1639 2130 1686 2157 τὸν
1706 2131 1828 2165 κόσμον)

1029 2172 1073 2199 διὰ
1084 2172 1164 2199 τοῦτο
1177 2173 1285 2208 ἔλεγεν·
1296 2184 1306 2200 ι
1318 2174 1389 2210 Ἐγὼ
1401 2176 1447 2202 ἀπ’
1462 2175 1583 2210 ἐμαυτοῦ
1595 2176 1626 2202 οὐ
1639 2175 1725 2209 λαλῶ,
1744 2187 1756 2203 ι
1771 2177 1830 2204 ἀλλ’

1029 2218 1084 2245 ἀπὸ
1100 2219 1197 2253 νόμου,
1214 2221 1269 2247 ἀπὸ
1293 2220 1347 2248 τῶν
1370 2222 1530 2257 προφητῶν,
1547 2222 1598 2249 ὅσα
1624 2223 1731 2257 ἤκουσα
1749 2223 1829 2259 παρὰ

1029 2265 1076 2291 τοῦ
1093 2266 1199 2301 Πατρὺς
1212 2266 1241 2293 ὲν
1255 2267 1339 2302 νόμῳ,
1355 2267 1384 2294 ἐν
1394 2269 1565 2303 προφήταις·
1584 2269 1616 2295 ἐκ
1631 2269 1786 2304 προσώπου
1803 2269 1831 2295 δὲ

1029 2311 1080 2345 τῆς
1093 2312 1194 2347 σαρκὸς
1207 2312 1293 2340 ταῦτα
1309 2313 1394 2347 λέγει,
1411 2314 1457 2341 καὶ
1468 2315 1508 2346 εἰς
1525 2314 1647 2341 διάλυσιν
1663 2315 1713 2350 τῆς
1729 2315 1831 2342 δυσσε-

1031 2357 1131 2393 ϐούσης
1140 2358 1279 2391 ὑπονοίαςθ
1294 2369 1303 2385 ι
1322 2359 1418 2395 Ὑμεῖς
1427 2361 1466 2393 δὲ,
1480 2361 1530 2388 ὅσα
1539 2360 1675 2396 ἠκούσατε
1690 2362 1772 2398 παρὰ
1781 2361 1830 2388 τοῦ

1031 2403 1135 2438 πατρὸς
1149 2404 1226 2439 ὑμῶν
1250 2405 1298 2432 τοῦ
1312 2405 1447 2434 διαϐόλου.
1472 2415 1482 2432 ι
1496 2407 1539 2433 Τὰ
1560 2407 1614 2442 γὰρ
1647 2406 1695 2433 τοῦ
1721 2409 1831 2443 πατρὸς

1031 2449 1132 2485 κλῆρος
1145 2449 1249 2484 γίνεται
1261 2453 1317 2484 τοῖς
1329 2452 1418 2484 παισὶ,
1435 2453 1483 2479 καὶ
1501 2452 1546 2479 διὰ
1571 2452 1650 2480 τοῦτο
1667 2453 1703 2480 τὰ
1718 2453 1829 2480 ἐκείνου

1031 2493 1138 2528 γίνεται
1157 2494 1212 2521 τῶν
1233 2494 1426 2531 κληρονόμων·
1440 2496 1477 2528 ὡς
1497 2496 1553 2523 ἴσον
1570 2496 1688 2523 ἐνταῦθα
1704 2497 1830 2533 καθορᾶ-

1033 2538 1106 2572 σθαι,
1122 2539 1169 2566 md.
1182 2541 1222 2572 εἰς
1235 2541 1333 2568 ταυτὸν
1349 2542 1470 2570 συνιέναι
1501 2543 1532 2570 τὸ
1547 2542 1577 2576 ἐξ
1597 2543 1702 2571 ἑαυτῶν
1719 2543 1829 2576 λαλεῖν,

220 2633 244 2650 ⁸³
260 2634 341 2662 Joan.
361 2642 398 2667 iv.
413 2634 460 2662 ‘27.
476 2635 499 2651 ὀ
519 2633 598 2663 Joau.
614 2641 671 2668 xiv,
682 2634 726 2662 Η).
743 2635 765 2650 ³³
800 2635 898 2664 Matth.
917 2644 963 2670 xv,

1070 2637 1181 2673 loan.,x,
1197 2640 1242 2667 56.

949 2727 1067 2757 NOTAE.

219 2805 288 2841 (7l‘)
309 2806 433 2833 Ἰωάννου
451 2805 538 2833 habeo
551 2814 585 2833 ex
599 2805 720 2841 golbert.

233 2839 282 2876 72)
293 2842 419 2870 Alludere
427 2841 536 2869 videtur
548 2841 581 2868 ad
598 2839 700 2876 Eaech.
715 2850 777 2875 xm,
789 2842 819 2870 6.

231 2877 287 2913 72')
306 2877 422 2905 Verbum
437 2876 588 2912 ὲδυσφήμει
613 2875 700 2906 debeo
721 2876 886 2911 Colbertino,
905 2879 977 2914 quod

1033 2809 1060 2836 in
1071 2809 1158 2838 altero
1169 2811 1271 2838 deerat.

1067 2845 1124 2880 (75)
1143 2845 1188 2883 Sic
1198 2846 1291 2883 scribo
1307 2854 1356 2882 pro
1369 2846 1469 2883 πλάνον
1477 2846 1562 2883 αὐτῷ,
1574 2847 1684 2882 quando
1697 2847 1826 2877 .Colbert.

1032 2880 1103 2908 idem
1122 2881 1191 2908 male
1207 2890 1214 2908 :
1231 2880 1339 2909 πλάνὼν
1354 2882 1445 2911 αὐτόν.
