1863 3064
151 164 205 195 833

736 162 869 193 ΡΗΟΤΙΙ
887 162 1141 192 PATRIARCH/E
1155 162 1211 192 ΟΡ.

1740 156 1794 190 ςιο

152 228 161 244 ι
179 218 311 252 Quamvis
333 217 430 250 multa,
464 217 564 253 inquit,
590 217 723 246 miracula
744 218 834 245 ederet
851 216 945 249 .lesus,

1054 217 1085 244 οὗ
1101 217 1228 252 θεότητα,
1245 215 1343 248 Πολλὰ,
1357 215 1434 251 φησὶ,
1448 214 1551 251 σημεῖα
1567 213 1731 248 ποιήσαντος
1745 212 1795 240 τοῦ

149 264 232 292 Judaei
250 268 341 291 tamen
357 271 411 291 non
425 264 583 297 credebant,
606 268 636 291 ut
658 264 817 298 impleretur
843 263 947 290 dictum

151 308 228 335 Isaia:
244 317 251 334 :
277 307 400 340 Domine,
419 308 482 343 quis
499 307 615 336 credidit
631 307 712 335 dictis
732 307 847 339 nostris,
861 312 888 334 et
900 306 946 334 cui

152 355 293 382 brachium
311 354 422 382 Domini
439 358 481 381 est
498 353 659 382 revelatum‘
673 354 685 381 ?
702 362 711 378 ι
727 353 787 388 Ipse
804 360 912 388 nempe,
922 357 949 380 et

148 400 254 436 justitia
272 400 343 435 ejus.
364 408 373 425 ι
391 400 482 434 Prope
498 400 570 427 enim
587 404 639 432 est,
656 404 685 427 ut
699 399 805 434 justitia
823 406 882 425 mea
898 398 949 428 ad-

152 445 251 473 veniat.
268 455 278 470 ι
293 445 353 479 lpse
366 445 460 480 itaque
485 450 512 472 et
537 445 668 473 Servator
681 448 735 476 est,
752 449 779 472 et
794 443 946 472 brachium.

152 490 300 526 Propterea
325 496 353 518 et
375 491 479 519 Paulus
504 491 598 519 omnia
627 491 797 525 complexus,
821 490 848 517 in
863 497 948 517 unum

153 536 270 568 confert,
283 535 395 563 dicens;
417 545 426 561 ι
443 535 496 569 Qui
520 535 609 564 factus
632 535 710 565 nobis
733 539 777 565 est
801 542 817 562 a
831 534 886 562 Deo
903 541 948 562 βαρ

155 582 269 617 pientia,
297 586 325 609 et
347 581 539 615 sanctificatio,
551 586 578 609 et
600 581 726 610 liberatio
741 581 762 608 '.
782 590 792 607 ›
818 579 869 609 Hic
882 580 948 608 oriri

155 628 236 655 nobis
245 628 309 656 fecit
323 633 413 657 ortum
426 627 623 663 justissimum.
640 638 648 654 ι
662 627 732 656 Ecce
746 628 831 659 enim,
848 626 948 661 inquit,

155 673 221 701 oriri
239 673 339 702 faciam
355 674 438 702 domo
461 673 572 701 Davidis
587 678 679 700 ortum
701 678 839 705 sanctum,
858 676 886 701 et
904 679 948 699 re-

155 719 248 754 gnabit
265 718 321 746 [lex
336 719 428 754 justus
442 720 463 746 ³.
477 729 486 745 ι
503 719 587 746 Ortus
601 718 694 753 itaque
708 725 782 746 unus
796 722 850 750 est,
867 716 946 744 multi

156 771 221 791 vero
249 764 373 798 eiusdem
399 764 479 792 radii.
509 763 587 791 Ratlii
618 764 725 793 scilicet
754 763 949 796 humanitatis,

156 810 309 838 sanationis
321 831 329 843 ,
349 811 426 845 pacis
450 819 457 838 :
485 810 555 838 radii
570 809 698 845 justitim,
717 809 894 844 pluriumque
908 809 948 836 si-

157 857 275 886 milium.
292 857 443 893 Propterea
458 858 541 887 etiam
558 857 642 885 David
651 857 817 886 vaticinatus
827 856 927 885 cecinit
940 865 947 885 :

1009 262 1095 297 Ἰησοῦ
1114 262 1170 297 (78)
1196 261 1247 288 οὐκ
1267 261 1433 287 ἐπίστευσαν
1454 260 1479 286 οί
1502 259 1635 291 Ἰουδαῖοι,
1662 258 1705 284 ἵνα
1723 258 1795 292 πλη-

1004 306 1077 342 ρωθῇ
1094 306 1125 332 τὸ
1138 306 1221 341 ῥηθὲν
1234 306 1286 332 ὑπὸ
1300 305 1349 332 τοῦ
1369 306 1482 332 Ἡσαΐου
1493 313 1501 321 ·
1528 313 1539 330 ί
1556 303 1653 340 Κύριε,
1671 303 1714 335 τίς
1732 304 1795 330 ἐπί-

1002 360 1115 379 στευσεν
1131 353 1164 387 τῇ
1180 352 1248 388 ἀκοῇ
1274 352 1364 388 ἡμῶν,
1385 352 1433 379 καὶ
1446 352 1461 378 ό
1484 350 1604 386 βραχίων
1620 349 1724 385 Κυρίου
1741 350 1795 379 τίνι

1001 397 1182 434 ἀπεκαλύφθη
1192 406 1216 429 ς»
1228 398 1309 430 αὐτὸς
1321 399 1412 425 τοίνυν
1421 397 1660 432 καὶδικαιοσύνη.ι
1673 396 1795 430 Ἐγγίζει

1002 444 1055 480 γὰρ
1068 446 1085 480 ἡ
1100 444 1258 479 δικαιοσύνη
1274 452 1325 480 μου
1334 442 1550 479 παραγενέσθαι.
1564 452 1574 470 ›
1585 442 1671 474 Δὺτδς
1679 442 1726 469 καὶ
1736 442 1795 468 Σω-

1001 491 1064 526 τὴρ,
1090 491 1172 522 αὐτὸς
1191 490 1237 517 καὶ
1259 490 1390 526 βραχίων.
1408 489 1458 516 Διά
1481 489 1562 516 τοῦτο
1587 489 1635 515 καὶ
1658 489 1673 515 ὁ
1690 487 1797 518 Παῦλος

1002 534 1160 572 περιλαϐὼν
1184 534 1292 563 ἅπαντα
1308 535 1347 566 εἰς
1360 534 1390 561 ἓν
1412 533 1554 568 ἀναφέρει,
1582 532 1689 567 λέγων
1710 541 1719 558 ι
1747 533 1798 564 ‘0;

1003 582 1135 617 ἐγεννήθη
1154 582 1221 618 ἡμίν
1247 581 1302 609 ἀπὸ
1322 581 1392 608 Θεοῦ
1416 580 1497 616 σοφία
1523 581 1569 607 καὶ
1595 579 1734 614 ἁγιασμὸς
1750 579 1798 606 καί¹

1001 627 1203 664 ἀπολύτρωσις.
1226 637 1237 655 ι
1255 625 1339 659 Οὗτος
1361 627 1429 662 ἡμῖν
1448 626 1586 654 ἀνέτειλεν
1602 625 1736 660 ἀνατολὴν
1756 625 1798 653 δι-

1003 674 1094 702 καίαν.
1112 684 1121 700 ι
1146 674 1213 702 Ἰδοὺ
1229 674 1296 710 γὰρ,
1318 673 1412 708 φησιν,
1428 672 1552 700 ἀνατελῶ
1578 671 1618 707 τῷ
1633 672 1702 706 οίκῳ
1714 671 1800 699 Amm

1002 719 1134 755 ἀνατολὴν
1141 719 1261 753 δικαίαν,
1273 719 1322 746 καὶ⁵
1332 718 1488 754 βασιλεύσει
1502 717 1630 753 βασιλεὺς
1650 717 1765 749 δίκαιος.
1783 726 1793 742 ι

1002 766 1060 792 Μία
1071 766 1120 801 μὲν
1134 763 1181 793 οὖν
1192 766 1210 801 ὴ
1225 765 1353 801 ἀνατολὴ,
1369 764 1465 791 πολλαὶ
1479 763 1507 791 δὶ
1521 764 1608 799 αὐτῆς
1622 765 1650 790 at
1667 764 1776 794 ἀκτῖνες
1791 771 1799 778 ·

1003 810 1111 843 ἀκτῖνες
1123 810 1340 846 φιλανθρωπίας,
1357 810 1465 842 ἰάσεως,
1475 810 1603 845 είρήνης·
1618 808 1797 843 δικαιοσύνης

1003 857 1124 890 ἀκτῖνες,
1138 857 1186 884 καὶ
1202 857 1310 892 μυρίων
1325 856 1424 884 ἄλλων.
1440 856 1486 882 Διὸ
1502 856 1549 882 καὶ
1562 856 1578 882 ὁ
1601 855 1684 882 Δασὶδ
1700 854 1802 890 προθε-

160 913 169 929 ι
191 901 220 930 lu
240 903 338 931 diebus
354 903 414 938 ejus
438 903 543 933 orietur
556 903 666 938 justitia
680 921 689 935 ,
715 907 743 930 et
762 903 839 938 pacis
861 901 945 937 copia,

1054 903 1107 935 ζων
1121 901 1204 940 ᾖδεν·
1234 912 1243 929 ι
1272 903 1410 933 ’Δνατελεῖ
1424 904 1454 930 ὲν
1475 903 1536 934 ταῖς
1565 902 1684 937 ἡμέραις
1713 900 1802 928 ag“;

156 948 246 976 donec
261 949 325 976 luna
341 949 513 977 aboleatur‘.
534 958 543 976 ι
561 949 611 978 Hic
636 948 718 983 igitur
740 953 818 978 ortus
840 956 874 976 ex
896 948 951 977 alto

156 1001 234 1029 aeque
248 998 331 1029 atque
346 1002 379 1024 ex
402 999 476 1024 terra
497 994 613 1029 conligit
629 1003 635 1020 :
662 1002 694 1022 ex
710 994 766 1025 alto
779 993 891 1029 quidem
908 1001 952 1021 se-

157 1040 277 1069 cundum
291 1040 426 1073 divinam,
443 1049 477 1069 ex
489 1045 562 1071 terra
578 1044 670 1070 autem
683 1040 833 1070 secundum
850 1041 951 1069 buma-

158 1091 221 1112 nam
240 1088 380 1112 naturam.

172 1169 337 1202 ουιεετιο
354 1170 433 1200 CLXI
450 1171 548 1210 [σοῖσι.
566 1171 657 1206 exet,
683 1171 766 1208 Itur.
782 1171 934 1208 CLXXXI].

159 1260 229 1294 Quid
250 1261 385 1297 signiﬁcat
397 1269 407 1288 :
426 1271 436 1288 ι
447 1262 524 1297 Quod
537 1268 563 1290 et
581 1263 640 1298 ipsa
654 1267 777 1291 creatura
792 1262 951 1292 liberabitur

424 1306 440 1324 α
457 1299 582 1325 servitute
592 1298 637 1326 '1'»
648 1303 700 1326 etc.

1004 949 1164 983 δικαιοσύνη
1179 948 1227 976 καὶ
1242 948 1346 984 πλῆθος
1362 949 1488 984 εἰρήνης,
1503 947 1557 978 ἕως
1570 945 1602 975 οὗ
1615 945 1802 981 ἀνταναιρεθῇ

1004 997 1020 1032 ὴ
1042 996 1153 1031 σελήνη.
1173 1004 1183 1023 υ
1196 995 1272 1030 Αὕτη
1296 994 1362 1030 γοῦν
1381 995 1398 1030 ἡ
1413 993 1531 1029 ἀνατολὴ
1544 993 1575 1026 ἐξ
1592 992 1676 1028 ὕψους
1693 992 1802 1019 ἀνέτει-

1004 1041 1060 1073 λεν.
1074 1042 1125 1070 καὶ
1135 1041 1190 1070 ἀπὸ
1202 1041 1252 1077 τῆς
1264 1041 1314 1076 γῆς
1323 1049 1330 1057 ·
1343 1040 1373 1073 ἐξ
1381 1040 1466 1076 ὕψους
1478 1041 1528 1076 μὲν
1536 1040 1608 1067 κατὰ
1615 1039 1665 1074 τὴν
1671 1038 1800 1073 θεότητα,

1005 1088 1059 1114 ἀπὸ
1075 1087 1126 1122 γῆς
1140 1087 1169 1114 δὲ
1181 1087 1253 1114 κατὰ
1268 1087 1317 1123 τὴν
1332 1087 1499 1122 οἰκονομίαν.

1263 1175 1430 1203 ΕΡΩΤΗΣΙΣ
1443 1174 1528 1204 ΡΞΔ’,

1005 1265 1036 1293 Τί
1046 1264 1161 1300 δηλοῖ,«
1179 1266 1240 1298 Ϊοτι
1255 1264 1394 1300 ualidum
1412 1264 1431 1298 ἠ
1449 1266 1549 1298 κτίσις
1560 1263 1803 1300 ἐλευθερωθήσε-

1148 1309 1194 1328 ται
1205 1300 1265 1329 ἀπὸ
1277 1299 1330 1335 τῆς
1349 1299 1500 1333 δουλείας,
1511 1309 1521 1328 ο
1533 1299 1581 1326 καί
1594 1299 1656 1331 ἐξ.;

262 1387 390 1413 Editarum
409 1394 422 1412 α
442 1388 532 1413 \Voll‘lo
541 1389 661 1420 vigesima
675 1392 762 1421 quarta
777 1390 806 1422 (l.
818 1396 852 1420 c.,
864 1396 890 1421 p.
903 1389 945 1415 79C

1054 1391 1154 1416 ialland.
1168 1398 1192 1422 ι).
1207 1391 1320 1422 743-7ι7,
1332 1399 1358 1418 n.
1371 1392 1455 1423 40).—
1467 1391 1494 1417 In
1508 1392 1580 1416 Rom.
1593 1397 1643 1421 vui,
1656 1391 1696 1416 2L

196 1462 338 1490 Serviebat
355 1468 485 1491 creatura
512 1463 636 1496 liomlni,
665 1471 718 1491 non
739 1468 769 1490 ut
797 1463 892 1499 digno,
915 1464 957 1492 sol

160 1509 276 1542 scilicet,
302 1514 330 1537 et
344 1509 419 1543 luna,
437 1514 465 1537 et
478 1515 562 1542 astra,
589 1514 617 1537 ct
630 1514 715 1542 terra,
729 1517 846 1545 quaeque
860 1510 887 1537 in
901 1511 955 1538 illis

162 1561 227 1585 sunt
241 1564 247 1582 :
261 1563 329 1587 non,
350 1555 477 1590 inquam,
494 1562 524 1585 ut
537 1555 631 1590 digno.
658 1555 728 1583 Nam
751 1561 778 1583 et
793 1556 956 1591 praevarica-

163 1607 208 1630 tus
234 1605 304 1630 erat.
321 1605 348 1628 et
375 1608 464 1636 poenae
490 1601 638 1631 obnoxius.
674 1600 816 1629 Serviebat
847 1602 958 1637 itaque,

164 1648 220 1676 Deo
235 1647 273 1675 ita
287 1647 413 1682 jubente,
432 1654 466 1674 ne
482 1647 574 1682 imago
589 1655 640 1675 sua
664 1647 776 1683 penitus
801 1647 961 1683 deturpare-

165 1699 221 1727 tur,
236 1694 363 1729 quamris
379 1693 552 1728 deliquisset.
581 1693 650 1721 Cum
665 1694 757 1729 itaque
772 1694 863 1722 omnis
879 1701 958 1721 crea-

165 1746 227 1768 tura
248 1740 380 1768 rebellem
409 1747 439 1768 se
464 1740 586 1773 sisteret,
614 1740 689 1768 Deus
702 1745 792 1768 tamen
806 1744 961 1768 creaturam

166 1787 315 1821 imperium
342 1793 396 1814 non
411 1786 566 1814 detrectare
587 1786 682 1821 jussit,
705 1786 752 1815 sed
768 1786 853 1814 solem
870 1776 962 1814 radios

167 1840 244 1865 suos,
262 1836 364 1859 terram
382 1831 486 1868 fruges,
499 1839 576 1860 mare
589 1832 690 1867 pisces,
705 1839 867 1868 mercesque
880 1833 961 1866 alias,

167 1882 196 1905 et
213 1878 326 1905 condita
343 1885 452 1913 quoque
465 1883 564 1906 caetera
591 1886 633 1911 ca,
662 1885 724 1914 qua
750 1878 813 1906 usui
837 1883 865 1906 et
884 1886 962 1906 com-

169 1924 252 1951 modo
279 1923 369 1951 l'oreut
396 1924 573 1957 hominibus,
608 1924 739 1952 exhibere
763 1925 857 1952 voluit.
886 1924 962 1952 Hanc

170 1972 336 1999 sententiam
354 1972 541 2008 explicaturus
555 1973 707 2008 Apostolus
722 1973 760 2000 ait
781 1983 788 2001 :
811 1982 820 1999 ι
840 1972 962 2000 Sollicita

169 2016 242 2043 enim
261 2018 430 2052 exspectatio
455 2023 592 2046 creatum
616 2018 815 2047 revelationcm
841 2018 962 2045 liliorum

169 2062 216 2090 Dei
231 2066 382 2096 exspectat.
402 2062 522 2091 Vanitati
550 2064 624 2092 enim
644 2070 770 2092 creatura
795 2072 850 2092 non
866 2068 962 2098 sponte

172 2106 223 2136 sua
252 2112 295 2136 est
318 2108 455 2143 subjecta,
483 2109 531 2137 sed
560 2115 671 2145 propter
696 2118 771 2143 eum,
784 2110 831 2145 qui
847 2110 899 2137 sub
915 2117 962 2145 spe

171 2154 289 2188 subjecit
303 2162 310 2181 :
326 2154 456 2189 quoniam
484 2159 511 2184 et
528 2153 586 2191 ipsa
602 2155 649 2183 illa
664 2158 790 2182 creatura
803 2154 962 2184 liberabitur

169 2208 186 2228 a
201 2200 334 2228 servitute
354 2200 539 2235 corruptionis
566 2200 594 2228 in
612 2201 764 2228 libertatem
782 2201 875 2236 gloria:
890 2201 962 2229 lilio-

1054 1464 1226 1492 Ἐδούλευσεν
1244 1466 1260 1500 ἡ
1275 1465 1365 1497 κτίσις
1384 1464 1424 1500 τῷ
1439 1464 1587 1501 ἀνθρώπῳ,
1600 1464 1650 1499 οὐχ
1663 1463 1702 1495 ὡς
1721 1464 1797 1500 ἀξίῳ

1009 1510 1084 1546 ἥλιος
1098 1511 1145 1537 καὶ
1160 1511 1271 1547 σελήνη,
1286 1511 1334 1537 καὶ
1351 1510 1439 1547 ἄστρα
1453 1512 1501 1538 καὶ
1514 1511 1563 1546 γῆ,
1583 1510 1632 1537 καὶ
1645 1510 1680 1538 τὰ
1696 1510 1726 1537 ὲν
1754 1511 1809 1538 αὐο

970 1576 992 1606 c
1008 1557 1082 1587 τοῖς·
1098 1556 1147 1591 οὐχ
1165 1556 1204 1588 ὡς
1218 1556 1285 1591 ἀξίῳ
1307 1556 1335 1583 δὲ
1353 1556 1412 1591 (καὶ
1436 1556 1491 1592 γὰρ
1512 1556 1674 1592 παραϐάτης
1693 1555 1729 1591 ἦν
1755 1557 1810 1583 καὶ

1011 1601 1160 1637 ὑπόδικος),
1173 1601 1242 1629 ἀλλὰ
1249 1602 1297 1629 τοῦ
1308 1603 1377 1629 Θεοῦ
1388 1603 1524 1629 δουλεύειν
1539 1602 1752 1638 προστάξαντος.
1765 1603 1810 1635 ὡς

1011 1648 1044 1675 ἂν
1065 1649 1103 1684 μὴ
1126 1648 1182 1684 (79)
1194 1648 1340 1684 ἑξυϐρισθῇ
1361 1648 1406 1675 διὰ
1425 1649 1536 1675 πάντων
1562 1649 1580 1685 ἡ
1603 1648 1697 1681 εἰκὼν,
1717 1649 1742 1674 εί
1757 1650 1811 1675 καὶ

1012 1695 1131 1731 παρέϐη.
1144 1695 1239 1730 Πάσης
1259 1696 1350 1723 τοίνυν
1364 1696 1415 1731 τῆς
1429 1695 1546 1727 κτίσεως
1562 1694 1778 1730 στασιαζούσης,
1796 1696 1813 1722 ὸ

1011 1741 1079 1773 Θεὸς
1093 1741 1199 1769 κελεύει
1213 1742 1246 1777 τῇ
1262 1741 1350 1768 κτίσει
1375 1741 1413 1777 μὴ
1430 1742 1561 1777 ἀφηνιᾷν,
1579 1741 1649 1768 ἀλλά
1671 1741 1813 1777 παρέχειν

1013 1787 1063 1823 μὲν
1075 1787 1120 1814 τὸν
1134 1788 1210 1823 ἥλιον
1222 1788 1272 1822 τὴν
1287 1787 1384 1814 ἑαυτοῦ
1396 1788 1505 1820 ἀκτῖνα,
1521 1788 1572 1824 τὴν
1588 1788 1640 1823 γῆν
1653 1788 1717 1819 τοὺς
1738 1797 1775 1814 κα
1781 1797 1812 1823 ρ-

1012 1835 1092 1867 ποὺς,
1104 1836 1153 1870 τὴν
1170 1834 1310 1862 θάλασσαν
1328 1835 1405 1870 ἰχθῦς
1435 1835 1483 1861 καὶ
1515 1834 1564 1866 τὰς
1582 1834 1720 1870 ἐμπορίας
1734 1842 1742 1849 ·
1759 1836 1813 1861 καὶ

1011 1880 1127 1907 ἕκαστον
1142 1879 1197 1906 τῶν
1214 1880 1384 1916 κτισμάτων,
1400 1879 1450 1916 τὴν
1469 1880 1498 1914 ἐξ
1517 1879 1624 1907 ἑαυτῶν
1645 1880 1743 1916 χρείαν
1758 1881 1813 1909 καὶ

1011 1925 1146 1961 ὠφέλειαν
1180 1926 1238 1958 τοῖς
1272 1926 1439 1961 ἀνθρώποις.
1466 1925 1577 1961 Ταύτην
1603 1927 1767 1961 ἑπιγυμνῶν
1798 1928 1814 1954 ὁ

1019 1971 1183 2004 ’Δπόστολος
1196 1972 1245 2007 τὴν
1259 1971 1365 1999 ἔννοιαν
1380 1972 1481 2006 φάσκει
1494 1980 1501 1988 ο
1517 1982 1526 1998 ι
1547 1972 1580 1999 Ἦ
1593 1973 1648 2009 γὰρ
1662 1973 1813 2009 ἀποκαρα-

1012 2017 1089 2044 δοκία
1117 2017 1166 2052 τῆς
1186 2017 1302 2049 κτίσεως
1322 2017 1372 2052 τὴν
1388 2017 1562 2053 ἀποκάλυψιν
1585 2018 1641 2045 τῶν
1668 2018 1736 2045 υἱῶν
1760 2019 1813 2046 τοῦ

1012 2063 1080 2091 Θεοῦ
1094 2064 1287 2100 ἀπεκδέχεται·
1305 2064 1337 2100 τῇ
1352 2063 1408 2099 γὰρ
1429 2063 1593 2099 ματαιότητι
1609 2064 1625 2099 ἡ
1642 2064 1732 2096 κτίσις
1758 2065 1814 2091 ὐπ-

1012 2109 1098 2144 ετάγη
1107 2110 1156 2145 οὐχ
1168 2110 1278 2143 ἑκοῦσα,
1288 2110 1356 2138 ἀλλά
1365 2110 1409 2137 διὰ
1420 2109 1466 2136 τὸν
1475 2110 1646 2142 ὑποτάξαντα
1656 2111 1700 2137 ἐπ’
1709 2110 1812 2138 ἐλπίδι.

1012 2155 1053 2187 ὅτι
1065 2155 1111 2182 καὶ
1127 2155 1226 2192 αὐτὴή
1244 2155 1334 2188 κτίσις
1352 2155 1602 2192 ἐλευθερωθήσεται
1617 2155 1672 2183 ἀπὸ
1685 2157 1736 2192 τῆς
1747 2156 1812 2182 δου-

1011 2203 1086 2234 λείας
1102 2203 1151 2238 τῆς
1168 2202 1272 2238 φθορᾶς
1285 2203 1325 2233 είς
1343 2203 1392 2238 τὴν
1408 2201 1568 2237 ἐλευθερίαν
1583 2201 1632 2236 τῆς
1657 2201 1738 2236 δόξης
1752 2202 1814 2228 τῶν

170 2254 231 2273 rum
246 2245 293 2273 Dei
306 2245 328 2272 ⁸.
345 2254 355 2271 ›
369 2244 427 2273 lloc
440 2247 532 2281 itaque
544 2246 623 2274 dico:
637 2244 785 2280 Postquam
800 2246 867 2274 vidit
885 2247 945 2275 Deu:

1054 2257 1114 2274 :wov
1129 2248 1175 2274 τοῦ
1188 2247 1255 2274 Θεοῦ
1264 2256 1271 2262 ·
1288 2257 1297 2274 t
1314 2245 1369 2273 οἷόν
1381 2255 1407 2273 τι
1420 2246 1493 2280 λέγω
1503 2255 1509 2262 ·
1527 2247 1570 2278 Ὠς
1583 2244 1652 2273 εἷδεν
1662 2246 1676 2272 ὁ
1687 2246 1755 2278 Θεὸς
1765 2246 1814 2273 τὸν

173 2294 313 2321 hominem
332 2293 452 2329 lapsum,
478 2297 636 2324 creaturam
652 2300 716 2319 vero
730 2293 873 2320 servitium
888 2293 964 2328 lapso

174 2341 370 2376 denegantem,
386 2339 558 2374 compescuit
577 2339 651 2366 illam
664 2339 747 2366 etiam
764 2339 888 2372 invitam,
905 2347 963 2368 ser—

171 2386 284 2420 vireque
314 2392 375 2412 eam
401 2384 506 2420 jussit,
535 2384 607 2412 sicut
633 2383 710 2417 olim,
739 2384 848 2420 quando
871 2384 963 2418 homo,

173 2432 317 2468 prmceptis
331 2430 459 2463 audiens,
474 2430 579 2466 regiam
598 2430 860 2466 imperatoriamque
876 2431 965 2467 digni-

174 2483 257 2506 tatem
273 2482 376 2505 sartam
393 2481 548 2512 lectamque
565 2476 702 2505 servabat.
718 2476 876 2504 Creaturam
893 2477 964 2505 enim

173 2523 290 2559 pudebat
306 2530 380 2555 eum,
403 2523 451 2557 qui
465 2522 542 2557 lapsu
558 2523 696 2558 captivum
721 2530 751 2551 se
772 2523 885 2556 iecerat,
910 2522 966 2550 Do-

173 2570 279 2597 minum
308 2576 479 2603 agnoscere,
505 2569 585 2604 eique
614 2569 728 2603 servire,
754 2577 836 2605 quem
861 2570 965 2605 peccati

174 2622 282 2643 servum
309 2614 411 2643 factum
427 2623 488 2644 esse
511 2614 629 2646 videbat.
655 2615 787 2646 Conditor
800 2620 891 2646 autem
907 2623 963 2642 non

1016 2293 1160 2330 ἄνθρωπον
1182 2293 1347 2325 ἐκπεσόντα,
1374 2294 1423 2323 καὶ
1439 2293 1491 2327 τὴν
1506 2292 1596 2320 κτίσιν
1620 2293 1815 2320 ἁνανεὺουσαν

1017 2339 1085 2375 πρὸς
1099 2339 1253 2375 ὑπηρεσίαν
1266 2339 1314 2366 τοῦ
1324 2339 1527 2375 ἡμαρτηκότος,
1546 2338 1712 2373 ἐχαλίνωσεν
1724 2339 1815 2373 αὐτὴν

1017 2387 1064 2413 καὶ
1075 2386 1114 2422 μὴ
1129 2386 1272 2418 θέλουσαν,
1286 2385 1333 2412 καὶ
1347 2385 1492 2425 ἐκέλευσεν
1503 2384 1650 2419 ὑπηρετεῖν
1664 2383 1815 2419 πρότερον,

1018 2431 1100 2467 ἡνίκα
1117 2431 1147 2458 τὸ
1162 2431 1300 2466 βασιλικὸν
1316 2429 1406 2465 ἑαυτῷ
1424 2430 1471 2456 ttat
1496 2429 1610 2465 ἀρχικὺν
1630 2429 1681 2463 τὴν
1699 2428 1815 2463 ἐντολὴν

1018 2477 1161 2513 φυλάττων
1187 2476 1365 2509 συνδιέσωζεν
1376 2484 1384 2491 ·
1398 2475 1531 2511 ᾐσχύνετο
1546 2474 1600 2510 γὰρ
1615 2474 1632 2510 ἡ
1660 2474 1748 2506 κτίσις
1766 2475 1814 2501 τὸν

1020 2522 1194 2558 αίχμάλωτον
1207 2523 1242 2558 τῇ
1251 2521 1408 2557 παραϐάσει
1423 2520 1527 2556 Κύριον
1536 2519 1750 2555 ἐπιγράφεσθαι,
1761 2520 1814 2547 καὶ

1019 2569 1197 2604 ἐξυπηρετεῖν
1219 2567 1304 2603 αὐτῷ,
1322 2566 1372 2601 τῆς
1388 2565 1527 2602 ἁμαρτίας
1541 2565 1623 2593 αὑτὸν
1641 2565 1735 2601 ὁρῶσα
1749 2565 1814 2594 δοῦ-

1018 2615 1062 2642 λον
1077 2615 1222 2651 γενόμενον
1234 2623 1242 2629 ·
1260 2614 1317 2641 ἀλλ’
1342 2615 1484 2641 ἐκέλευσεν
1499 2616 1513 2641 ὸ
1532 2614 1653 2649 Κτίστης
1668 2613 1706 2649 μὴ
1732 2614 1815 2649 ἐξαρ-

211 2692 311 2729 fJuan.
327 2701 376 2727 xu,
391 2693 438 2729 57,
452 2693 504 2728 38;
521 2693 573 2722 lsa.
587 2702 646 2729 Llll,
665 2694 692 2725 1.
729 2695 740 2711 ¹
753 2693 834 2725 lCor.
851 2702 870 2726 ι.
887 2694 933 2722 30.

1057 2701 1094 2722 ιιι.
1111 2701 1191 2725 mu,
1211 2694 1237 2721 5.
1275 2694 1286 2709 ⁸
1305 2694 1374 2723 l‘sal.
1388 2703 1474 2727 LXIII,
1493 2694 1517 2720 7.
1555 2695 1566 2710 ⁵
1587 2693 1667 2722 Rom.
1688 2701 1749 2728 vm,
1764 2692 1811 2720 21.

176 2727 188 2745 ⁶
204 2727 285 2758 Rom.
302 2737 360 2763 \‘lll,
379 2728 430 2763 l9,
454 2727 500 2757 20.

915 2805 1030 2836 ΝΟΤιΕ.

209 2885 267 2922 (78)
281 2885 361 2915 Colb.
378 2893 427 2922 pro
440 2885 510 2914 υἱοῦ.

1057 2885 1113 2921 (19)
1129 2886 1166 2921 μή
1186 2885 1277 2914 addidi
1287 2893 1320 2913 ex
1331 2885 1408 2914 Colb.
