1863 3064
78 169 114 201 841

520 169 570 199 AD
585 168 883 199 AMPIIILOCHIUM
899 167 1073 204 QUIESTIO
1092 167 1189 198 CLXI.

1627 164 1687 196 842

76 225 156 252 νεῖσθαι
169 224 209 251 τὸν
221 224 393 260 παραϐάτην,
411 224 470 251 ἀλλ’
481 224 669 251 ἐπιδεικνύναι
683 223 729 251 τοῦ
743 232 811 251 κοινι

938 231 1025 258 tegare
1047 223 1114 258 legis
1126 223 1302 253 violatorem,
1318 222 1364 248 sed
1382 221 1474 256 potius
1488 221 1673 256 locupletissi-

75 270 184 297 Δεσπότου
196 269 243 304 τὴν
258 270 373 304 ἄφθονον
389 270 480 305 χάριν,
493 271 540 297 καὶ
556 271 588 297 τὸ
609 270 658 305 τῆς
676 270 838 306 εὐεργεσίας

74 316 226 352 ἀμετάθετον·
243 316 479 350 ἐπαγγειλάμενος
490 316 538 343 καὶ
554 317 587 352 τῇ
609 317 709 349 κτίσει,
739 317 837 351 ὅτιπερ

74 360 289 395 ἀνακαινιζομ-ένου
305 361 352 387 καὶ
368 358 600 396 ἐλευθερουμένου
615 360 662 387 τοῦ
680 361 831 396 φθαρέντος

73 406 110 432 καὶ
128 406 382 441 σίχμαλωτισθέντος
409 405 556 441 ἀνθρώπου
579 407 838 442 ἀνακαινισθήσεται

74 452 111 478 καὶ
122 452 190 486 αὺτή·
204 451 305 478 ὡσανεὶ
319 452 424 486 ἔλεγεν·
441 452 559 480 Ἐπισεν
574 453 591 489 ή
606 452 699 484 εἰκὼν,
716 454 762 480 καὶ
775 452 840 479 ὠλί-

74 497 154 532 σθησεν
174 498 214 525 διὰ
234 498 282 534 τὴν
311 498 480 534 παράϐασιν,
500 499 548 526 καὶ
568 499 711 534 φθείρεται
727 499 771 526 διὰ
788 499 839 535 τὴν

73 544 212 579 παρακοήν-
239 543 358 580 ἀνάσχου
388 544 530 572 δουλεῦσαι
553 546 587 581 τῇ
616 545 663 572 τοῦ
689 545 840 581 φθαρέντος

72 588 152 624 φθορᾷ,
171 589 211 615 ῖνα
225 589 290 616 ὅταν
305 590 387 616 αὑτὸν
400 590 568 623 ἀνακαινίζω
581 590 631 626 τὴν
645 591 715 626 ὲμὴν
735 591 838 623 εἰκόνα,

71 632 106 660 τὸν
118 634 245 669 φθαρέντα
264 635 418 671 ἄνθρωπον,
436 636 485 662 σὺν
505 633 581 671 αὐτῷ
599 637 648 663 καὶ
668 636 697 663 σὲ
710 636 759 672 τὴν
780 637 840 663 κτί-

71 688 104 706 σιν
128 681 297 715 ἀνακαινὲσω,
331 682 378 708 καὶ
405 682 552 718 σύνθρονον
576 683 660 711 αὐτοῦ
687 683 738 718 τῆς
763 683 841 718 δόξης

69 727 177 761 ποιήσω·
204 727 452 764 συγκατεσπάσθης
480 729 566 756 αὐτοῦ
593 731 627 765 τῇ
655 729 840 766 ταλαιπωρίᾳ,

70 774 242 808 σδναναστήσῃ
254 775 286 809 τῇ
303 774 375 810 δόξῃ.
392 775 424 801 Τί
441 775 471 802 δέ
485 776 544 802 ἐστι
563 776 596 803 τὸ
608 777 657 811 τὴν
671 776 760 802 κτίσιν
774 775 841 811 φεύ-

68 825 116 850 γειν
126 818 171 852 τὴν
186 819 232 845 τοῦ
248 818 393 853 ἀνθρώπου
402 820 583 854 δεσποτείαν;
598 821 679 855 Λέγει
692 821 757 856 γὰρ,
775 830 785 846 ι
801 822 841 857 Τῇ

69 862 236 898 ματαιότητιή
245 863 389 899 κτίσιςοὺχ
402 864 526 900 ὑπετάγη
537 886 544 893 .
559 875 568 891 ι
583 866 651 901 Ποία
665 865 836 900 ματαιότητι;

72 906 120 941 Ἀφ’
129 905 158 934 οὗ
172 909 204 935 ἂν
218 909 343 945 ἐκτραπῇ
356 911 369 936 ό
383 910 527 946 ἄνθρωπος
539 910 586 937 τοῦ
598 911 677 943 Θεοῦ,
691 911 840 947 ματαιότης

67 951 185 981 καλεῖται.
213 953 348 981 ’Δκουσον
372 954 518 990 ψάλλοντος
543 956 645 983 Δαϐίδ·
667 967 676 982 ‹
705 957 779 992 Πλὴν
807 957 842 984 τά

67 997 197 1031 σύμπαντα
227 1000 377 1036 ματαιότης
405 1001 460 1032 πᾶς
485 1000 630 1037 ἄνθρωπος
657 1001 722 1034 ζῶν.
750 1012 759 1028 ι
786 1003 842 1034 Πᾶς

65 1041 195 1077 ἄνθρωπος
209 1044 324 1079 μάταιός
339 1044 424 1078 ὲστιν,
440 1047 454 1073 ό
476 1046 522 1073 τὸν
542 1046 608 1073 Θεὸν
628 1048 843 1082 καταλιμπάνων

65 1088 104 1113 καὶ
117 1087 148 1115 τὰ
165 1089 268 1126 μάταια
285 1091 460 1125 μεταδιώκων
471 1100 477 1106 ·
496 1091 611 1128 ἔστησεν
635 1094 648 1120 ὁ
672 1093 738 1125 Θεὸς
754 1094 842 1128 ἀγγέ-

64 1132 116 1165 λους
131 1135 199 1162 κατά
210 1136 245 1162 τὰ
260 1136 381 1171 κλίματα
401 1137 457 1172 (80)
473 1139 522 1172 τῆς
534 1138 702 1174 οἰκουμένης
717 1139 766 1166 ἕνα
778 1139 844 1166 ἔκα-

55 1185 117 1214 ,στον
131 1179 331 1216 ἐπιτροπεύειν,
348 1182 386 1212 ὡς
409 1182 455 1209 καὶ
476 1183 579 1218 Μωσῆς
603 1183 677 1217 λέγει
698 1184 765 1220 (Si),
787 1184 846 1216 ἐνὸς

63 1223 167 1252 ἑκάστου
183 1224 294 1259 ἔθνους·
310 1225 408 1262 ἔστησε
433 1228 472 1260 δὲ,
496 1229 541 1256 ἵνα
563 1228 614 1264 τὴν
638 1229 741 1265 ἄψυχον
756 1230 846 1258 κτίσιν

63 1269 251 1302 χαλινώαωσιν.
264 1271 352 1308 ἣλιον,
367 1273 414 1299 καὶ
427 1273 553 1309 σελήνην,
567 1273 615 1301 καὶ
633 1273 784 1307 Θάλασσαν,
799 1275 846 1302 καὶ

62 1314 117 1348 γῆν,
133 1316 178 1342 καὶ⁸
193 1315 228 1343 τὰ
245 1318 275 1343 ὲν
290 1317 382 1349 αὐτοῖς
400 1318 548 1354 ὑπηρετεῖν
570 1319 604 1354 τῇ
627 1319 676 1346 τοῦ
700 1319 846 1354 ἀνθρώπου

62 1359 212 1390 ἀπολαύσει.
229 1362 316 1390 Πάλιν
331 1364 355 1390 οἰ
370 1363 482 1398 ἄγγελοι
495 1364 640 1400 ὲτρύχοντο
652 1365 845 1402 ὑπηρετούμε-

62 1414 97 1432 νοι
109 1407 228 1441 ἀναξίοις
246 1410 294 1436 καὶ
311 1410 390 1445 δίκης
413 1410 516 1446 ὲνόχοις
539 1410 711 1446 ἀνθρώποις·
726 1412 775 1438 καὶ
794 1408 848 1447 μά-

62 1451 131 1480 λιστα
159 1454 280 1489 ὁρῶντες
308 1455 407 1488 αὐτοὺς
431 1456 479 1492 τὴν
507 1457 675 1493 Δεσποτικὴν
698 1454 776 1490 ἀξίαν
792 1459 849 1490 τοῖς

62 1497 171 1531 εἰδώλοις
188 1501 364 1535 ἀνάπτοντας
384 1502 431 1529 καὶ
450 1503 627 1539 ἀνιεροῦντας
641 1513 647 1518 ·
662 1503 759 1540 ἔφερεν
782 1505 799 1540 ή
813 1504 848 1540 γῆ

61 1544 100 1570 τὸν
115 1543 198 1579 οἷκον,
211 1547 263 1574 καὶ
274 1548 298 1574 οἰ
313 1548 402 1583 βωμοὶ
425 1549 473 1580 τὰς
493 1549 610 1581 σπονδὰς
626 1550 749 1585 ἐδέχοντο
760 1559 768 1567 ·
786 1551 849 1582 τοὺς

61 1589 149 1623 ἄλλους
178 1594 308 1628 καρποὺς
325 1594 373 1620 καὶ
394 1595 450 1627 τοῖς
469 1595 589 1627 εἰδώλοις
603 1595 758 1623 ἀνετίθεντο
770 1604 777 1612 ·
804 1597 849 1624 διὰ

61 1636 131 1662 τοῦτο
157 1638 330 1675 ἐδυσφόρουν
351 1640 375 1666 οἰ
392 1640 505 1674 ἄγγελοι
521 1640 555 1668 τά
572 1641 609 1676 μὴ
639 1641 704 1669 ὄντα
731 1642 850 1678 ὁρῶντες

61 1681 115 1708 ἀντὶ
133 1683 180 1710 τοῦ
199 1684 281 1715 suo;
295 1684 456 1720 τιμώμενα·
479 1686 605 1713 ἐντεῦθεν
631 1686 743 1721 λέγεται
759 1689 805 1715 καὶ
821 1689 852 1715 τὸ

61 1727 145 1762 ἕτερον
158 1729 276 1765 ζήτημα
290 1730 320 1757 τὸ
347 1732 387 1762 εἰς
402 1730 449 1758 τὸν
473 1732 619 1768 προφήτην
635 1733 850 1769 ἀναφερόμενον.

63 1781 72 1796 ‹
88 1769 189 1800 Ἦλθεν
215 1774 289 1811 πρὸς
308 1776 401 1808 αὐτὸν,
425 1777 519 1811 φησὶν,
549 1777 564 1803 ὁ
590 1778 706 1812 ἅγγελος
718 1779 851 1814 Γαϐριὴλ,

62 1820 104 1845 καὶ
115 1819 190 1855 λέγει
207 1820 287 1856 αύτῷ
298 1830 305 1837 ·
321 1820 431 1858 Δανιὴλ,
452 1824 467 1849 ὁ
489 1823 582 1855 δοῦλος
597 1824 644 1851 τοῦ
656 1824 736 1856 Θεοῦ,
754 1825 801 1860 ἀφ’
817 1824 852 1862 ἦς

60 1864 160 1900 ἡμέρας
175 1866 300 1902 προέθου
320 1866 446 1895 κακῶσαι
460 1867 510 1904 τὴν
522 1868 611 1904 ψυχήν
625 1877 672 1896 σου
691 1869 781 1897 ἔναντι
795 1872 851 1898 Κυ-

60 1910 125 1945 ρίου,
140 1912 314 1949 εἰσηκούσθη
323 1914 340 1948 ή
351 1913 443 1948 δέησίς
456 1922 514 1948 σου,
530 1915 576 1941 καὶ
591 1914 748 1951 ἀπεστάλην
761 1917 854 1951 ἀπαγ-

59 1957 142 1990 γεῖλαί
156 1967 201 1986 σοι
221 1960 261 1986 τὰ
279 1960 391 1995 ῥήματα
403 1958 507 1987 ταῦτα·
523 1960 582 1987 ἀλλ’
599 1961 613 1987 ὁ
627 1961 720 1996 ἄρχων
735 1962 786 1997 τῆς
802 1963 852 1998 βα-

59 2003 156 2037 σιλείας
170 2005 294 2042 Περσῶν
303 2006 421 2041 ἀντέστη
437 2006 528 2042 μοιιεί
546 2006 585 2042 μὴ
600 2006 721 2044 Μιχαὴλ,
737 2009 751 2035 ὁ
762 2008 855 2044 ἄρχων

57 2049 101 2076 τοῦ
115 2050 213 2084 ἑθνους
228 2052 320 2088 ὑμῶν,
334 2049 418 2087 ἦλθεν
428 2053 468 2085 εἰς
481 2052 621 2088 βοήθειαν.
639 2062 649 2079 ι
676 2054 855 2090 ’Δπορήσειεν

57 2096 108 2132 γὰρ
124 2097 159 2125 ἄν
175 2108 232 2130 τις,
248 2099 274 2125 εἰ
289 2100 303 2125 ὁ
317 2097 368 2133 τῆς
383 2098 513 2135 Περσίδος
528 2099 718 2135 ἐπιτροπεύων
739 2100 855 2136 ἄγγελος

57 2144 127 2178 ταρὰ
138 2144 211 2171 Θεοῦ
227 2144 425 2182 ἐπιτροπεύειν
439 2146 581 2178 τέτακται,
597 2145 729 2179 ὡσαύτως
742 2147 771 2174 δὲ
787 2148 855 2175 καὶὸ

55 2190 186 2228 Γαϐριὴλ,
203 2184 386 2226 ἀνακομίσων
398 2192 453 2228 (8‘2)
467 2192 512 2218 τὸν
528 2192 637 2228 Ἰσραὴλ
651 2193 701 2228 τῆς
713 2194 855 2229 αἰχμαλω-

57 2238 114 2271 σίας
128 2240 211 2275 παρὰ
228 2237 301 2266 Θεοῦ
315 2238 495 2272 ἀπέσταλται,
515 2239 574 2271 πῶς
583 2239 659 2276 αὐτῷ
672 2241 728 2268 τῶν
743 2241 855 2277 Περσῶν

54 2284 170 2320 ὸᾰρχων
188 2285 370 2318 ἀνθίστατος-
382 2284 482 2321 Λυθείη
498 2285 521 2312 δ’
540 2285 574 2312 ἃν
588 2285 619 2312 τὸ
643 2286 856 2324 διαπορούμενον

52 2326 99 2358 ὦδε
112 2340 119 2348 ·
141 2331 172 2359 ’0
195 2332 305 2366 κόσμος
320 2331 545 2367 εἰδωλολατρείας
560 2333 751 2369 ἐπεπλήρωτο.
773 2335 805 2361 οι
827 2334 857 2362 δὲ

54 2378 175 2411 ἄγγελοι,
193 2379 223 2405 οἱ
244 2377 401 2411 ἐφεστῶτες
417 2377 472 2404 τῶν
482 2377 578 2412 ἐθνῶν,
594 2379 792 2414 ἠγανάκτησαν
809 2381 857 2407 καὶ

53 2421 207 2451 ἐθλίϐοντο·
224 2423 403 2458 αἰχμάλωτος
418 2422 446 2449 δὲ
459 2423 559 2458 Δανιὴλ
570 2424 610 2454 εἰς
624 2423 773 2451 Βαϐυλῶνα
787 2423 858 2460 μετὰ

53 2469 105 2496 τῶν
116 2468 277 2506 ὁμοφύλων
294 2470 429 2506 ἀπαχθεὶς
443 2470 493 2506 τὴν
508 2469 673 2504 θεογνωσίαν
686 2471 838 2506 ἐκήρυττεν
847 2479 856 2487 ⁸

52 2513 186 2546 ὡσαύτως
203 2509 260 2541 καὶ
275 2514 299 2540 οἱ
312 2516 386 2549 τρεῖς
401 2515 505 2547 παῖδες,
523 2513 569 2546 οὓς
586 2514 616 2541 τὸ
637 2514 692 2550 πῦρ
704 2515 744 2547 είς
760 2515 857 2551 ἱλαρὰς

54 2559 138 2596 αὔρας
160 2560 216 2596 τὴν
243 2559 398 2595 καυστικὴν
418 2560 533 2596 δύναμιν
555 2560 677 2596 ἀμεῖψαν
706 2560 856 2597 ἀνέψυχεν·

52 2604 89 2632 διὸ
102 2607 151 2633 καὶ
168 2602 298 2637 πολλοὺς
311 2606 360 2640 τῆς
383 2606 525 2642 εἰδωλικῆς
545 2607 767 2642 μεταστήσαντες
789 2607 858 2634 πλά-

86 2695 97 2710 ⁷
111 2695 191 2724 Psal.
219 2702 344 2729 xxxviii,
358 2695 384 2722 5.
423 2695 433 2710 ⁸
453 2695 518 2722 Dan.
536 2703 563 2727 ιι,
591 2695 626 2722 1?.
650 2703 718 2731 seqq

861 903 879 929 ll

766 2697 776 2712 τ’
794 2695 860 2723 Dan.

890 276 962 295 mam
980 268 1137 296 communis
1148 266 1255 294 Domini
1269 267 1397 302 gratiam,
1414 267 1682 302 beneiicentiamque

890 313 1088 341 immutabilem
1118 312 1310 340 demonstrare
1327 311 1401 339 illam
1425 311 1559 346 jubebat;
1591 312 1678 338 eidem

890 364 1022 387 creaturae
1035 359 1184 395 pollicitus,
1211 358 1269 386 [ore
1289 362 1328 390 ut,
1356 357 1403 385 ubi
1420 357 1502 384 homo
1517 358 1639 392 perditus
1655 362 1682 384 et

890 407 1014 443 captivus
1029 411 1185 439 renovatus,
1215 409 1242 433 ct
1258 405 1284 432 in
1302 405 1439 440 integrum
1455 405 1600 431 restitutus
1623 404 1689 431 tne--

891 453 937 486 rit,
955 453 1012 488 ipsa
1027 457 1137 487 quoque
1157 456 1320 484 renovetur;
1344 451 1423 486 quasi
1437 450 1540 478 diceret
1557 459 1563 477 :
1582 449 1683 478 cecidit

891 498 992 534 imago,
1010 504 1037 525 et
1055 502 1166 533 peccato
1192 504 1244 525 suo
1268 496 1378 528 defecit.
1405 504 1509 531 perque
1523 495 1682 523 inobedicn—

892 545 956 572 llam
973 551 1050 572 suam
1069 543 1200 579 perditur.
1233 543 1346 571 Sustine
1360 543 1453 578 itaque
1467 543 1570 570 servire
1583 542 1682 578 perditi

893 589 966 616 illius
994 589 1182 624 corruptioni,
1219 593 1259 620 ut,
1274 587 1386 623 quando
1411 588 1558 623 imaginem
1582 595 1682 620 meam,

892 635 1032 663 hominem
1048 635 1126 662 illum
1143 634 1291 669 perditum,
1309 640 1491 666 renovavero,
1506 638 1534 661 ct
1555 639 1590 666 te,
1608 641 1684 661 crea-

893 686 994 714 turam,
1011 689 1065 708 una
1100 689 1162 708 cum
1190 680 1250 715 ipso
1277 686 1416 711 renovem,
1447 680 1597 715 gloriaeque
1624 680 1684 715 ejus

896 731 1051 753 consortem
1069 725 1197 753 eiliciam.
1222 724 1264 752 Tu
1279 725 1403 760 quidem,
1430 733 1490 759 qua:
1504 732 1553 760 per
1569 725 1684 752 calamiv

895 777 977 800 tatem
992 772 1054 807 ejus
1071 771 1154 800 simul
1168 771 1300 806 depressa
1315 779 1356 802 es,
1383 771 1476 806 gloriae
1500 778 1610 806 quoque
1625 771 1684 805 ejus

895 819 1030 854 particeps
1050 826 1188 854 resurges.
1200 818 1272 851 Quid
1287 825 1354 845 vero
1369 817 1435 845 illud
1450 817 1501 845 sibi
1517 818 1584 851 vult,
1612 818 1687 853 quod

899 869 1026 893 creatura
1041 863 1160 892 hominis
1174 864 1328 891 dominium
1345 863 1486 897 refugiat?
1501 863 1546 891 Ait
1561 864 1685 892 scilicet:

899 920 908 936 ι
925 909 1056 937 Creatura
1071 909 1185 937 vanitati
1201 917 1254 936 non
1269 909 1455 944 estsubjecta.
1474 919 1483 936 ι
1511 910 1562 938 Cui
1578 911 1686 938 vanita-

894 956 912 984 ti
927 957 937 983 ?
953 956 1162 990 Quamprimum
1184 956 1268 983 homo
1293 963 1308 983 a
1327 955 1382 983 Deo
1396 963 1426 984 se
1440 957 1551 989 avertit,
1578 957 1686 984 vanitas

894 1009 1016 1031 vocatur.
1042 1003 1110 1030 Audi
1127 1002 1257 1030 Dat-idem
1282 1005 1445 1030 canentem:
1480 1012 1490 1028 ε
1524 1002 1576 1030 Sed
1593 1003 1687 1032 omnia

894 1049 1013 1081 vanitas,
1030 1048 1122 1076 omnis
1148 1048 1231 1075 homo
1247 1048 1341 1075 vivens
1358 1048 1394 1074 τ.»
1424 1047 1519 1075 Omnis
1534 1048 1615 1075 homo
1640 1055 1688 1074 va—

895 1102 948 1122 nus
975 1098 1027 1127 est,
1058 1093 1105 1129 qui
1128 1093 1212 1121 Deum
1235 1092 1346 1125 deserit,
1373 1097 1399 1120 et
1429 1100 1498 1120 vana
1516 1097 1688 1120 consectans.

897 1140 968 1167 Deus
982 1139 1094 1174 angelos
1111 1146 1159 1173 per
1173 1138 1264 1165 varias
1287 1137 1361 1165 orbis
1377 1141 1468 1172 partes
1483 1137 1630 1172 disposuit,
1659 1140 1690 1164 ut

896 1185 996 1221 singuli
1012 1192 1118 1217 eorum,
1131 1184 1204 1220 quod
1221 1188 1249 1211 et
1265 1183 1354 1211 Bloses
1369 1184 1417 1214 ait.
1433 1184 1549 1218 singulis
1563 1184 1690 1219 gentibus

897 1231 1017 1266 praesint.
1036 1229 1186 1258 Constituit
1202 1237 1266 1258 vero
1282 1229 1355 1262 ideo,
1384 1234 1414 1257 ut
1427 1235 1582 1258 creaturam
1602 1230 1691 1257 inani-

898 1281 998 1303 matam
1022 1279 1178 1308 coerceant,
1205 1275 1302 1308 solem,
1327 1280 1355 1302 et
1370 1274 1476 1308 lunam,
1508 1279 1535 1302 et
1551 1283 1637 1308 mare,
1664 1279 1691 1302 et

898 1327 1010 1355 terram,
1022 1327 1051 1350 ut
1061 1330 1122 1358 qua:
1135 1322 1162 1349 in
1177 1322 1230 1350 illis
1245 1327 1319 1354 sunt,
1334 1321 1477 1349 hominum
1491 1321 1588 1349 usibus
1603 1322 1692 1350 inser-

899 1369 983 1395 viant.
1009 1368 1050 1395 Ab
1063 1368 1148 1395 altera
1165 1372 1242 1403 parte
1254 1367 1384 1395 dolebant
1400 1367 1502 1402 angeli,
1532 1367 1692 1395 hominibus

900 1414 1019 1449 indignis
1044 1422 1185 1450 pronaque
1211 1414 1339 1442 obnoxiis
1367 1414 1535 1447 servientes,
1555 1413 1692 1449 inprimis

900 1468 962 1488 cum
976 1460 1110 1490 viderent.
1137 1466 1185 1488 eos
1209 1459 1317 1487 Domini
1343 1459 1504 1495 dignitatem
1530 1458 1694 1494 cultumque

901 1506 928 1533 in
947 1506 1019 1534 idola
1045 1505 1195 1533 transferre
1224 1509 1252 1533 et
1279 1510 1448 1533 convertere.
1479 1504 1564 1532 Terra
1588 1504 1696 1533 ferebat

901 1551 1007 1584 vinum,
1022 1551 1120 1579 altaria
1135 1558 1200 1578 vero
1222 1550 1396 1578 deastrorum
1418 1550 1550 1578 libamina
1577 1551 1696 1585 excipie-

902 1599 985 1628 bant;
1002 1597 1076 1625 sicut
1087 1603 1115 1625 et
1128 1597 1198 1625 alios
1214 1596 1322 1624 fructus
1337 1596 1419 1624 idolis
1433 1603 1528 1625 sacros
1541 1604 1602 1625 esse
1612 1597 1694 1632 jube-

902 1644 978 1672 bant.
986 1643 1070 1678 Aﬂgre
1084 1643 1176 1678 itaque
1185 1642 1309 1670 ferebant
1321 1641 1423 1677 angeli,
1438 1647 1470 1669 ea
1482 1649 1543 1677 quae
1552 1649 1606 1670 non
1620 1648 1695 1674 sum,

903 1698 953 1726 pro
966 1697 1009 1723 eo,
1026 1689 1073 1725 qui
1089 1693 1142 1722 est,
1171 1689 1224 1716 coli
1243 1688 1377 1716 videntes.
1402 1687 1473 1716 Hine
1485 1688 1651 1724 intelligitur
1669 1693 1696 1716 ct

903 1737 1018 1764 alterum
1034 1735 1101 1763 illud
1113 1735 1271 1770 quaesitum,
1293 1734 1367 1769 quod
1395 1734 1430 1762 ad
1446 1734 1606 1769 prophetam
1634 1741 1696 1768 spe-

903 1784 981 1808 ctat:
1001 1788 1011 1805 ι
1031 1779 1113 1807 Venit
1142 1779 1176 1806 ad
1193 1779 1282 1811 illum,
1310 1778 1412 1813 inquit,
1442 1778 1557 1814 angelus
1573 1778 1694 1810 Gabriel,

903 1826 1025 1860 dicitque
1040 1825 1078 1852 illi
1091 1835 1097 1853 :
1116 1824 1222 1858 Daniel,
1238 1831 1317 1852 serve
1329 1823 1386 1857 Dei,
1403 1831 1437 1852 ex
1448 1832 1504 1859 quo
1518 1824 1563 1851 die
1574 1824 1696 1851 animam

904 1877 980 1900 tuam
997 1879 1093 1900 coram
1124 1871 1239 1898 Domino
1274 1870 1397 1905 alliigere
1419 1871 1553 1903 statuisti,
1568 1871 1698 1898 exaudita

904 1924 946 1947 est
963 1918 1085 1953 precatio
1099 1921 1156 1951 tua,
1172 1925 1280 1953 egoque
1295 1917 1400 1945 missus
1414 1924 1488 1949 sum,
1502 1921 1533 1944 ut
1548 1917 1599 1945 tibi
1614 1917 1699 1945 verba

906 1966 964 1993 haec
992 1963 1158 1992 renuntiem.
1190 1963 1244 1991 Sed
1274 1971 1359 1998 regno
1385 1962 1532 1991 Persarum
1551 1964 1700 1998 praefectus

905 2011 1052 2039 restitisset
1078 2010 1158 2043 mihi,
1186 2010 1239 2038 nisi
1266 2009 1395 2043 Michael.
1423 2011 1471 2046 qui
1499 2011 1572 2045 genti
1601 2015 1699 2039 vestrae

906 2061 1016 2092 praeest,
1032 2056 1136 2084 auxilio
1151 2056 1272 2084 venisset
1283 2056 1322 2084 ⁸.»
1337 2055 1386 2083 llic
1397 2056 1564 2084 dubitaverit
1581 2057 1697 2092 aliquis,

907 2103 954 2139 qui
970 2102 1028 2130 lteri
1042 2102 1172 2137 potuerit,
1199 2102 1222 2130 si
1242 2101 1366 2137 angelus,
1389 2101 1491 2130 Persia!
1513 2102 1668 2138 praefectus,
1685 2111 1701 2130 a

908 2150 974 2182 Deo,
993 2154 1023 2176 ut
1035 2148 1073 2176 illi
1097 2153 1236 2183 praeesset,
1258 2148 1435 2182 constitutus,
1452 2149 1633 2184 similiterque
1648 2148 1701 2176 Ga-

908 2195 977 2223 briel
990 2195 1024 2223 ad
1042 2194 1172 2222 lsraelem
1197 2202 1230 2222 ex
1258 2194 1418 2229 captivitate
1431 2195 1616 2222 reducendum
1636 2195 1703 2222 mis-

873 2254 894 2282 ο
909 2248 957 2268 sus
971 2240 1068 2275 fuerit,
1093 2244 1125 2268 ut
1148 2240 1188 2268 illi
1203 2239 1349 2268 Persarum
1371 2239 1520 2274 priet‘ectus
1537 2239 1703 2267 resisteret?

911 2287 1058 2315 Enimvero
1082 2287 1172 2315 omnis
1189 2287 1247 2314 haee
1261 2285 1397 2313 dubitatio
1418 2285 1498 2313 facile
1521 2286 1562 2313 sic
1577 2286 1704 2318 expedie-

912 2339 966 2362 tur.
980 2333 1068 2362 Tolus
1081 2333 1156 2361 orbis
1182 2332 1336 2360 idololatria
1362 2332 1503 2360 scatebat:
1520 2332 1610 2367 angeli
1628 2340 1701 2366 vero,

911 2379 1038 2415 gentibus
1052 2378 1186 2414 praefecti,
1204 2377 1420 2412 indignabantur
1436 2382 1464 2406 et
1477 2385 1548 2413 aegre
1559 2385 1614 2405 rem
1629 2377 1702 2405 icrc-

911 2425 987 2452 hant.
1005 2424 1111 2452 Interea
1131 2422 1237 2456 Daniel,
1257 2430 1320 2450 cum
1335 2423 1446 2450 civibus
1460 2424 1519 2451 suis
1538 2422 1702 2458 Babylonem

911 2471 1035 2506 captivus
1047 2470 1146 2497 ductus
1162 2469 1248 2497 divini
1265 2468 1393 2497 Numinis
1408 2469 1593 2504 cognitionem
1611 2469 1702 2496 instil-

913 2516 993 2542 labat.
1010 2514 1082 2542 Idem
1097 2513 1236 2542 faciebant
1251 2517 1307 2540 tres
1324 2512 1411 2547 pueri,
1425 2520 1494 2548 quos
1509 2513 1590 2548 ignis,
1606 2513 1703 2540 urendi

912 2561 1070 2589 facultatem
1087 2567 1150 2587 cum
1163 2558 1289 2595 jucunda
1307 2566 1374 2586 aura
1394 2563 1566 2594 permutans,
1596 2566 1704 2587 recrea-

912 2608 959 2635 bat
973 2608 994 2633 “.
1013 2606 1069 2634 Hoc
1083 2605 1156 2635 facto
1171 2605 1253 2633 iidem
1265 2603 1428 2638 elIcccrunt,
1444 2609 1474 2633 ut
1488 2605 1578 2639 multi,
1590 2605 1626 2633 ab
1642 2605 1703 2634 ido-

891 2703 932 2729 m,
950 2696 985 2723 “25
1001 2704 1078 2732 seqq.

846 2784 960 2813 NOTAE.

83 2867 143 2901 (80)
161 2869 206 2903 Ita
230 2865 329 2903 scribo
349 2873 396 2903 pro
408 2865 545 2903 κλήματα,
704 2898 708 2903 1
735 2899 740 2903 ι

85 2903 144 2940 (8|)
159 2902 269 2932 Mosen
285 2900 310 2929 id
322 2901 432 2937 quidem
447 2900 539 2928 dicere
559 2908 612 2928 non
630 2900 752 2927 memini.

953 2864 1007 2901 (82)
1024 2865 1070 2893 Sic
1086 2863 1177 2893 scribo
1193 2871 1241 2899 pro
1256 2862 1427 2898 ἀνακομίσαι.
