1863 3064
165 182 218 215 8&3

165 240 283 268 lolatria:
311 246 402 266 errore
417 239 547 272 revocati,
582 238 666 266 Deum
696 246 790 266 verum
823 240 953 266 colerent.
970 246 989 270 Α

166 285 259 314 Persis
287 286 378 319 itaque
408 283 553 319 praefectus
578 284 693 318 angelus
722 284 867 318 gaudebat,
891 292 954 311 cum

169 333 272 359 videret
289 331 373 358 Deum
392 331 417 357 in
437 330 562 365 partibus
578 330 635 357 suis
663 330 724 357 loco
740 329 874 356 idolorum
890 329 954 356 coli.

169 375 283 403 Videbat
320 375 365 402 ille
401 374 699 402 Nahuchodonosorem
727 381 776 409 pro
804 381 857 406 eo,
883 374 957 409 quod

167 422 231 451 olim
257 421 309 448 diis
329 429 408 448 sacra
436 420 525 447 facere
549 420 680 456 cogehat,
715 425 742 447 ct
767 419 957 455 immorigeros

166 467 298 495 extremis
323 467 465 501 suppliciis
493 466 664 500 subjiciebat,
691 473 765 493 nunc
783 465 892 492 tandem
910 473 955 493 ve-

167 519 228 538 rum
244 511 328 538 Deum
345 511 463 538 maxime
475 510 614 538 celebrare
629 515 656 538 et
668 511 760 539 dicere
774 520 780 538 :
799 521 808 536 ι
825 510 958 543 Sedrach,

168 558 284 591 Misach,
302 558 459 593 Abdenago,
474 557 544 585 servi
563 557 610 584 Dei
625 558 725 585 excelsi
741 558 763 574 ¹⁰
776 567 782 591 ;
798 567 806 583 ι
821 561 847 585 ct
857 558 958 586 similia

167 604 259 638 plura.
280 604 415 637 Quoniam
436 604 529 638 itaque
552 604 633 631 divus
649 604 744 631 Daniel
763 604 845 631 Deum
864 612 958 639 preca-

169 651 262 681 batur,
288 655 318 677 ut
349 649 565 678 hebdomadibus
601 650 656 677 illis
685 650 868 686 septuaginta,
899 657 960 684 quae

171 697 322 732 captivitati
340 701 450 724 statutae
469 701 548 723 erant
559 696 632 731 ,jain
647 696 858 729 consummatis,
873 695 961 723 Israe-

171 744 233 771 litas
257 751 288 770 ex
306 751 416 770 carcere
436 743 581 777 educeret;
606 747 633 770 et
649 742 760 770 Gabriel
777 748 910 778 praeterea
928 742 961 769 ad

171 788 338 817 aliercndum
354 788 393 815 illi
408 789 546 821 nuntium,
571 789 672 816 missus
692 794 761 820 erat,
788 789 898 816 Persico
912 789 963 816 im-

171 836 247 870 perio
263 834 406 869 praefectus
421 834 540 862 Gabrieli
558 835 667 868 restitit,
681 835 860 863 contristatus
873 843 904 863 ex
918 843 962 869 co,

173 881 245 915 quod
260 885 343 912 terra,
360 880 404 907 cui
421 883 545 914 praeerat,
576 880 602 906 in
624 880 767 914 pristinam
787 880 953 914 impietatem

174 931 203 956 et
234 933 343 953 errores
379 931 508 958 veteres,
545 926 666 953 reductis
697 926 759 953 inde
787 926 843 952 veri
872 926 1001 962 cultusB

174 972 345 1004 doctoribus,
375 972 480 998 ruitura
496 971 643 998 videretur.
660 971 770 999 Restitit
793 979 877 1004 vero,
904 980 959 1000 non

174 1026 312 1054 pugnans,
340 1018 386 1046 sed
402 1018 438 1045 ita
461 1017 696 1052 causaajustitiam
710 1017 890 1046 edisserens:
909 1019 965 1046 Cur

175 1065 279 1094 reditus
293 1068 368 1091 tanto
378 1064 470 1092 studio
487 1063 618 1099 urgetur?
631 1063 726 1096 Quoad
742 1064 862 1099 populus
879 1064 965 1092 lsi-ac-

177 1110 270 1137 liticus
285 1114 386 1137 terram
404 1109 519 1144 patriam
539 1109 690 1141 habitabat,
720 1114 747 1136 et
757 1117 888 1144 prospere
904 1118 967 1145 age-

177 1154 232 1185 bat,
247 1161 317 1189 sa'pc
333 1154 359 1181 in
374 1153 555 1181 idololatriam
567 1154 691 1181 divertit:
704 1154 761 1189 jam
771 1162 834 1181 vero
847 1156 968 1190 peregri-

177 1207 239 1230 nam
258 1200 390 1231 incolens,
418 1208 485 1235 pure
509 1200 594 1228 Deum
621 1201 695 1234 colit,
724 1208 773 1228 nec
788 1201 853 1228 colit
868 1203 967 1235 solum,

177 1246 224 1274 sed
249 1251 275 1273 et
296 1253 345 1282 pro
371 1247 446 1273 cultu
474 1247 525 1274 hoc
551 1246 659 1274 fortiter
683 1251 796 1281 pugnat,
813 1248 969 1282 multosque

178 1293 329 1321 errantium
350 1292 382 1319 ad
398 1300 492 1319 verum
505 1291 590 1319 Deum
604 1291 725 1319 adducit.
741 1291 967 1327 Quandoquidem

178 1345 242 1373 ergo
261 1342 287 1366 et
302 1338 367 1371 illis,
391 1338 438 1372 qui
462 1339 577 1372 gratiam
606 1343 778 1372 receperunt,
805 1339 883 1370 nihil,
898 1338 968 1373 quod

179 1383 279 1410 animae
292 1383 441 1410 salutarius
459 1383 506 1415 sit,
524 1383 627 1416 evenit,
652 1387 679 1410 et
696 1383 769 1416 illos,
797 1385 844 1417 qui
862 1390 908 1417 per
923 1390 970 1410 eos

180 1436 274 1458 verum
292 1429 376 1455 Deum
402 1429 493 1456 colere
517 1429 696 1463 inceperunt,
729 1428 864 1464 impietas,
879 1434 972 1456 extre-

181 1482 257 1502 mum
274 1475 410 1502 malorum
426 1475 562 1508 omnium,
579 1474 632 1502 sibi
646 1475 746 1502 iterum
761 1475 896 1503 obnoxios
910 1475 971 1502 red-

181 1520 244 1553 dat;
269 1527 359 1547 nonne
384 1524 539 1555 praestaret,
565 1520 587 1548 si
609 1519 692 1548 Israel
710 1528 784 1548 nunc
799 1520 908 1555 quidem
938 1528 972 1548 ex

182 1565 339 1601 captivitate
356 1574 409 1594 non
425 1567 598 1601 educeretur,
626 1567 665 1594 illi
683 1575 757 1600 vero,
781 1567 828 1602 qui
844 1567 973 1595 salutaris

183 1612 231 1642 Dei
244 1612 408 1648 cognitionis
422 1612 511 1640 lucem
527 1613 582 1648 jam
595 1617 732 1648 spectant,
759 1613 787 1639 in
803 1613 898 1640 eadem
914 1612 972 1648 pie-
986 1603 1007 1632 θ

184 1662 240 1685 tate
255 1658 508 1686 conservarentur?
531 1658 571 1686 Tu
597 1658 707 1694 quidem
732 1659 846 1686 missum
871 1662 897 1686 te
922 1659 974 1690 ais,

185 1709 216 1732 ut
236 1705 366 1740 populum
393 1705 488 1740 patria:
517 1713 573 1733 suae
594 1705 735 1733 restituas.
763 1705 829 1738 Quae
854 1713 918 1733 vero
933 1711 976 1733 est

184 1752 230 1785 illa
242 1753 329 1787 patria
341 1753 352 1779 Ἰ
373 1752 410 1780 Ea
429 1752 522 1788 utique
535 1749 617 1788 quam
629 1752 784 1781 habitantes
806 1758 832 1780 et
845 1752 976 1781 daemoni-

185 1800 237 1831 bus
253 1807 331 1826 sacra
343 1798 473 1827 facientes
483 1818 492 1831 ,
506 1799 649 1827 nidoribus
663 1804 690 1827 et
701 1799 856 1827 idololatria
870 1799 977 1835 pollue-

186 1850 261 1875 runt.
278 1844 373 1872 Nonne
384 1845 481 1873 horum
498 1850 610 1873 accusat
633 1853 680 1873 eos
694 1844 828 1873 Jeremias
853 1845 948 1873 dicens
965 1853 972 1871 :

189 1901 199 1917 ι
215 1891 371 1919 Secundum
405 1900 549 1920 numerum
570 1892 679 1920 urbium
704 1897 814 1919 tuarum
836 1897 914 1919 erant
927 1891 976 1918 tibi

187 1938 236 1971 dii,
252 1945 269 1965 ο
287 1937 367 1972 .Iuda,
393 1944 420 1966 ct
435 1938 585 1966 secundum
605 1938 678 1966 bivia
696 1937 848 1965 Jerusalem
872 1937 978 1965 sacriﬁ-

188 1985 270 2015 cahas
296 1984 426 2012 Baali“?
445 1983 546 2012 )TUIIC
569 1985 681 2020 quidem
704 1991 719 2010 a
745 1983 802 2011 Deo
824 1984 977 2011 innumeris

187 2031 328 2064 beneﬂciis
348 2031 562 2063 inumlabantur,
588 2030 636 2058 sed
658 2030 702 2057 vel
728 2030 769 2058 sic
791 2038 806 2057 a
831 2031 935 2057 malitia
949 2034 977 2057 et

188 2076 328 2111 impietate
342 2084 391 2104 sua
407 2085 462 2104 non
480 2077 658 2104 dcsistebaut.
684 2075 745 2104 Jam
757 2084 823 2103 vero
836 2078 979 2104 innumera

188 2124 260 2150 mala
278 2123 476 2157 perpetiuntur,
496 2130 585 2157 neque
607 2127 697 2150 tamen
719 2130 735 2149 a
760 2123 815 2150 Deo
836 2122 977 2149 recedunt.

189 2169 257 2202 Quis
281 2168 364 2204 igitur
385 2168 488 2195 reditus
499 2167 604 2196 fructus
627 2168 698 2195 erit?
713 2167 807 2202 itaque
825 2167 979 2196 resistentia

189 2215 236 2242 hic
249 2217 308 2242 erat
321 2221 376 2241 non
390 2213 454 2240 mali
464 2213 598 2241 adversus
613 2213 726 2240 bonum.
740 2212 800 2239 Non
813 2211 886 2240 enim
901 2213 978 2245 dicit,

189 2260 338 2295 pugnabat,
355 2259 402 2288 sed
430 2260 585 2288 resistebat.
614 2259 690 2294 Saepe
714 2259 788 2285 enim
814 2258 896 2286 datur
912 2259 978 2286 ι·εεί-
995 2277 1016 2304 υ

190 2308 290 2336 stentia
304 2307 372 2342 justi
388 2307 522 2335 adversus
537 2307 651 2339 bonum,
677 2306 749 2333 sicut
764 2313 836 2341 saepe
849 2305 976 2333 humani-

189 2359 231 2382 tas
246 2354 338 2386 obstat
353 2354 417 2389 legi,
432 2358 459 2381 et
477 2353 519 2381 lex
533 2352 707 2380 humanitati.
733 2352 790 2379 Lex
804 2352 875 2379 enim
891 2351 977 2379 delin-

189 2404 318 2434 quentem
334 2400 432 2435 punit;
462 2403 491 2426 at
515 2399 659 2427 clementia
673 2399 745 2433 regis
759 2398 885 2426 eumdem
903 2405 975 2432 saepe

190 2446 347 2479 miseratur,
373 2450 401 2474 et
421 2453 436 2473 a
467 2453 549 2481 poena
572 2445 680 2472 liberat.
707 2444 800 2480 Pugna
825 2444 918 2479 itaque
934 2444 978 2472 hic

743 183 875 214 ΡΗΟΤΙΙ
893 184 1148 214 PATRIARCILE
1162 184 1216 214 CP.

1006 249 1055 275 νης
1070 240 1204 267 θεοσεϐεῖν
1221 238 1444 274 παρεσκεύασαν.
1467 238 1496 266 '0
1510 235 1557 266 οὖν
1580 237 1630 273 τῆς
1647 238 1735 274 ἀρχῆς
1746 238 1802 265 τῶν

1008 286 1121 321 Περσῶν
1144 284 1304 319 ἐφεστηκὼς
1320 284 1437 318 ἄγγελος
1458 284 1578 319 ἔχαιρεν,
1606 284 1678 319 ὁρῶν
1695 285 1725 310 ὲν
1742 285 1801 315 τοῖς

1008 330 1091 357 αὑτοῦ
1105 330 1199 365 μέρεσι
1213 330 1257 356 τὸν
1271 329 1338 356 Θεὸν
1353 330 1414 355 ἀντὶ
1426 328 1480 355 τῶν
1496 328 1615 355 εἰδώλων
1632 328 1802 363 λατρευόμε-

1008 385 1062 403 νον.
1080 376 1132 402 Τὸν
1151 375 1390 410 Ναϐουχοδονόσορ
1418 374 1490 410 ἑώρα
1508 375 1570 401 ἀντὶ
1594 374 1641 401 τοῦ
1659 383 1800 408 καταναγ-

1009 422 1102 454 κάζειν
1118 420 1194 448 Θύειν
1219 420 1349 452 εἰδώλοις,
1370 421 1418 447 καὶ
1434 420 1562 454 ἐσχάταις
1575 419 1638 451 τοὺς
1655 419 1691 454 μὴ
1708 418 1802 444 πειθο-

1010 467 1108 504 μένους
1125 466 1287 494 ὐποὸάλλειν
1301 465 1456 502 τιμωρίαις,
1472 465 1607 501 λαμπρῶς
1626 456 1803 497 θεολοχοῦντα

1010 513 1058 540 καὶ
1075 513 1197 548 λέγοντα,
1215 522 1224 538 ι
1246 512 1360 548 Σεδράχ,
1375 511 1479 544 Μισόικ,
1502 510 1684 545 Ἀὄδενναγὼ,
1700 511 1725 537 οἰ
1741 510 1803 537 δοῦ-

1010 559 1051 585 λοι
1081 558 1128 585 τοῦ
1155 558 1223 585 Θεοῦ
1245 557 1292 585 τοῦ
1317 557 1430 591 ὑψίστου
1444 566 1450 572 ·
1469 566 1478 582 ιι
1508 557 1555 583 καὶ
1572 556 1657 582 πολλὰ
1677 556 1804 583 τοιαῦτα.

1018 605 1094 632 Ἐπεὶ
1108 603 1154 632 οὖν
1164 606 1179 632 δ
1189 604 1322 640 μακάριος
1332 603 1430 639 Δανιὴλ
1440 604 1525 630 ἐδεῖτο
1537 603 1583 630 τοῦ
1599 602 1677 635 Θεοῦ,
1691 602 1746 638 πλη
1750 612 1806 638 ρω-

1014 651 1113 678 θέντων
1128 651 1182 678 τῶν
1208 650 1394 685 ἐϐδομήκοντα
1419 649 1497 682 ὲτῶν,
1516 649 1570 676 τῶν
1585 650 1631 675 ἐπὶ
1659 650 1693 684 τῇ
1720 649 1808 684 αἰχμ-

1013 698 1117 733 αλωσίᾳ
1141 696 1339 732 διορισθέντων,
1371 697 1520 730 ἀναγαγεῖν
1541 696 1589 731 τῆς
1616 695 1810 730 αἰχμαλωσίας

1013 744 1059 771 τὸν
1080 743 1199 779 Ἰσραὴλ,
1209 743 1348 778 ἀπεστάλη
1365 742 1393 768 δὲ
1407 742 1526 777 Γαϐριὴλ
1542 740 1662 777 μηνῦσαι
1673 741 1748 776 αὐτῷ
1761 741 1811 776 τὴν

1014 790 1176 825 ἀνάρρησιν,
1191 787 1351 816 ἀνθίσταται
1362 787 1401 823 τῷ
1415 786 1536 822 Γαὸριὴλ
1562 787 1576 813 ὁ
1597 787 1648 821 τῆς
1669 786 1810 821 Περσικῆς

1014 836 1102 871 ἀρχῆς
1113 835 1264 869 ἐπιστάτης
1276 833 1457 868 λυπούμενος,
1467 833 1508 859 ὅτι
1523 832 1604 859 πάλιν
1617 833 1633 867 ἠ
1645 831 1681 867 γῆ
1693 831 1764 867 (85),
1775 829 1812 867 ἧς

1017 881 1172 913 ἐπεστάτει,
1186 880 1241 908 τῶν
1269 880 1437 908 διδασκάλων
1457 879 1507 914 τῆς
1529 879 1671 910 εὐσεὸείας
1702 878 1812 905 ἐκεῖθεν

1016 927 1265 961 ἀνακομισθέντων,
1281 927 1322 958 εἰς
1338 926 1387 961 τὴν
1403 926 1544 961 προτέραν
1557 924 1725 960 ἀναστρέψει
1743 925 1812 951 ἀσέ-

1018 974 1094 1000 ϐειαν
1107 973 1155 1001 καὶ
1171 973 1275 1007 πλάνην
1288 981 1296 988 ·
1313 972 1458 999 ἀνθίστατο
1476 971 1503 998 δὲ
1519 972 1549 998 οὺ
1564 971 1729 1006 μαχόμενος,
1743 970 1814 997 ἀλλὰ

1016 1019 1278 1055 δικαιολογούμενος·
1294 1019 1342 1050 Τίς
1358 1019 1375 1053 ὴ
1392 1017 1504 1053 σπουδὴ,
1518 1017 1617 1051 λέγων,
1637 1017 1685 1051 τῆς
1700 1016 1813 1049 ἁνόδου;

1016 1067 1067 1102 τὴν
1082 1067 1185 1093 οἰκείαν
1202 1066 1285 1092 οἰκῶν
1316 1065 1435 1100 πατρίδα
1447 1065 1461 1091 ὁ
1482 1063 1592 1100 Ἰσραὴλ
1606 1064 1654 1092 καὶ
1680 1063 1812 1089 εὐπαθῶν

1018 1114 1058 1144 εἰς
1087 1111 1295 1146 εἰδωλολατρίαν
1322 1110 1453 1142 πολλάκις
1476 1108 1638 1141 ὲξώλισοεν·
1661 1107 1709 1135 νῦν
1728 1108 1757 1135 δὲ
1781 1108 1814 1134 οὗ

1019 1158 1148 1194 καθαρῶς
1171 1157 1281 1184 εὐσεϐεῖ
1303 1157 1394 1193 μόνον,
1423 1155 1491 1185 ἀλλὰ
1519 1155 1567 1182 καὶ
1594 1154 1745 1190 ὐπεραθλεῖ
1763 1156 1815 1190 τῆς

1020 1204 1172 1236 εὐσεϐείας,
1189 1203 1236 1230 καὶ
1252 1202 1357 1229 πολλῶν
1371 1201 1425 1228 τῶν
1440 1200 1658 1235 πεπλανημένων
1676 1199 1746 1234 πρὸς
1766 1198 1815 1224 τὸν

1020 1250 1147 1286 ἀληθινὸν
1168 1249 1362 1284 ἐπιστρέφουσι
1377 1249 1422 1274 τὸν
1449 1247 1526 1274 Θεόν.
1545 1246 1610 1272 Ὀτε
1629 1243 1676 1272 οὖν
1695 1245 1744 1271 καὶ
1758 1246 1817 1276 τοῖς

1020 1295 1070 1330 τὴν
1085 1294 1165 1330 χάριν
1181 1293 1341 1328 δεχομένοις
1350 1291 1425 1318 οὐδὲν
1440 1291 1511 1318 κατὰ
1523 1290 1613 1325 ψυχὴν
1625 1289 1817 1316 λυσιτελέστε-

1024 1350 1069 1377 ρον
1085 1340 1273 1372 ἐπακολουθεῖ,
1290 1339 1413 1370 καὶτοὺς
1427 1337 1548 1364 εὐσεϐεῖν
1564 1337 1597 1365 δι’
1615 1337 1715 1368 αὐτοὺς
1729 1335 1818 1371 ἀρξα-

1024 1387 1121 1422 μένους
1141 1385 1197 1420 (84)
1211 1385 1241 1412 τὸ
1268 1385 1383 1419 ἔσχατον
1408 1383 1503 1417 κακὸν,
1526 1384 1543 1418 ὴ
1563 1382 1717 1412 δυσσέϐεια,
1735 1382 1821 1408 πάλιν

1024 1431 1198 1468 ὑποχειρίους
1214 1432 1296 1463 ποιεῖ,
1309 1430 1391 1457 πόσον
1408 1427 1442 1465 ἦν
1456 1430 1570 1464 ἄμεινον
1587 1429 1633 1455 καὶ
1646 1428 1690 1454 τὸν
1707 1428 1822 1464 Ἰσραὴλ

1024 1479 1093 1510 τέως
1104 1478 1155 1511 τῆς
1171 1476 1361 1512 αἰχμαλωσίας
1378 1475 1416 1511 μὴ
1438 1476 1601 1510 ἀναγαγεῖν,
1616 1475 1664 1501 καὶ
1678 1475 1743 1506 τοὺς
1753 1474 1823 1509 ἄρτι

1025 1523 1095 1559 πρδς
1113 1523 1144 1550 τὸ
1171 1522 1230 1558 φῶς
1253 1521 1457 1556 ἀναϐλέψαντας
1482 1521 1533 1555 τῆς
1559 1519 1723 1554 θεογνωσίας
1740 1520 1769 1546 ἐν
1788 1521 1823 1555 τῇ

1025 1570 1094 1604 αὐτῇ
1106 1569 1249 1605 συντηρεῖν
1260 1567 1405 1603 εὐσεϐείᾳί
1421 1566 1601 1602 Ἀπεστάλην,
1618 1566 1681 1602 φὴς,
1695 1564 1740 1591 τὸν
1754 1564 1824 1592 λαὸν

1026 1617 1249 1651 ἀποκαταστῆσαι
1264 1618 1297 1652 τῇ
1318 1614 1442 1650 πατρίδι.
1458 1613 1527 1649 Ποία
1541 1613 1652 1649 πατρίδι
1670 1612 1727 1648 (85)
1741 1620 1749 1645 ;
1767 1612 1825 1638 Ἦν

1026 1663 1165 1695 οἰκοῦντες
1173 1663 1288 1698 ἐμίαναν
1301 1662 1419 1694 κνίσαις,
1431 1661 1540 1696 δαίμοσι
1550 1660 1670 1692 θύοντες,
1685 1658 1732 1685 καὶ
1745 1658 1827 1685 εἰδω-

1026 1708 1169 1743 λομανίαις
1181 1716 1188 1723 ’
1215 1708 1246 1734 οὺ
1275 1706 1363 1734 ταῦτα
1379 1706 1528 1741 κατηγορεῖ
1552 1704 1640 1738 λέγων
1659 1703 1803 1738 Ἱερεμίας
1816 1710 1824 1717 ο

1031 1765 1040 1782 ι
1061 1755 1129 1782 Κατ’
1150 1753 1267 1789 ἀριθμὸν
1290 1753 1345 1779 τῶν
1370 1751 1474 1778 πόλεών
1496 1759 1543 1777 σου
1563 1748 1634 1786 ἦσαν
1645 1750 1670 1776 οἱ
1684 1749 1741 1776 θεοί
1760 1757 1824 1782 σου,

1033 1800 1138 1828 Ἰούδα·
1155 1799 1203 1826 καὶ
1220 1798 1290 1826 κατὰ
1303 1797 1339 1824 τὰ
1360 1797 1481 1832 ἀμφόδια
1500 1795 1679 1831 Ἰερουσαλὴμ
1692 1794 1771 1826 ἔθυες
1788 1795 1823 1831 τῇ

1028 1847 1101 1874 Βαάλ
1118 1846 1185 1883 (86)·
1207 1855 1217 1873 ›
1238 1844 1346 1881 μυρίοις
1359 1844 1420 1871 τότε
1438 1843 1513 1879 παρὰ
1526 1841 1594 1869 Θεοῦ
1609 1841 1826 1877 περιεκλὺζοντο

1029 1894 1151 1929 ἀγαθοῖς,
1169 1893 1215 1920 καὶ
1241 1892 1292 1928 τῆς
1307 1891 1406 1923 κακίας
1427 1891 1475 1917 καὶ
1500 1889 1628 1920 ἀσεῦείας
1642 1889 1693 1915 οὐκ
1717 1884 1827 1923 ἀνεχώ-

1030 1949 1112 1978 ρουν·
1129 1940 1215 1976 μυρία
1243 1939 1291 1966 νῦν
1322 1938 1488 1974 ὑπομένουσι
1515 1935 1598 1969 κακὰ,
1621 1935 1669 1962 καὶ
1688 1934 1736 1961 τοῦ
1753 1934 1826 1961 Θεοῦ

1029 1988 1078 2015 οὐκ
1090 1987 1263 2023 ἀφίστανται.
1278 1985 1311 2012 Τί
1327 1985 1386 2014 ποτ’
1405 1982 1452 2011 οὖν
1479 1983 1555 2011 ἔσται
1573 1983 1604 2009 τὸ
1626 1982 1676 2017 τῆς
1689 1981 1827 2007 ἐπανόδου

1029 2033 1141 2069 κέρδοςς
1157 2031 1211 2059 Ἦν
1221 2031 1339 2066 τοίνυνὴ
1356 2030 1510 2062 ἀντίστασις
1524 2029 1555 2055 ού
1571 2027 1657 2056 κακοῦ
1671 2027 1741 2063 πρὸς
1755 2028 1828 2061 ἁγα-

1030 2078 1094 2105 θόν·
1110 2078 1141 2104 οὐ
1161 2077 1216 2112 γὰρ
1235 2073 1322 2109 εἶπεν,
1341 2075 1470 2111 ἐμάχετο,
1488 2074 1558 2107 ἀλλ’,
1574 2073 1724 2100 ἀνθίστατο
1738 2081 1745 2088 ·
1777 2073 1827 2100 καὶ

1030 2124 1085 2159 γὰρ
1095 2123 1153 2150 ἔστι
1168 2122 1298 2154 πολλάκις
1315 2121 1474 2153 ἀντίστασις
1489 2119 1594 2146 δικαίου
1611 2118 1679 2155 πρὺς
1708 2118 1826 2152 ἀγαθὸν,

1030 2169 1068 2201 ὡς
1099 2168 1259 2196 ἀνθίσταται
1287 2167 1416 2198 πολλάκις
1441 2165 1517 2201 νόμῳ
1545 2163 1751 2200 φιλανθρωπία,
1778 2164 1827 2190 καὶ

1031 2214 1222 2250 φιλανθρωπίᾳ
1238 2213 1331 2249 νόμος.
1344 2213 1373 2239 '0
1387 2212 1469 2248 νόμος
1481 2212 1527 2238 τὸν
1553 2211 1754 2248 ἁμαρτήσαντα
1776 2218 1826 2236 κο-

1030 2259 1118 2291 λάζει.
1136 2258 1328 2294 Φιλανθρωπία
1341 2257 1470 2289 πολλάκις
1486 2257 1621 2292 βασιλέως
1634 2256 1678 2285 τὸν
1695 2255 1827 2290 ἁμαρτή-

1032 2313 1115 2332 σαντα
1135 2305 1215 2338 ἐλεεῖ,
1229 2305 1277 2331 καὶ
1296 2303 1447 2340 ἐξαρπάζει
1468 2303 1517 2338 τῆς
1530 2302 1676 2338 τιμωρίας.
1688 2298 1749 2326 Ὧδ’
1775 2297 1825 2326 οὖν

1030 2352 1047 2386 ἡ
1064 2351 1138 2387 μάχη
1153 2351 1203 2378 οὐκ
1217 2351 1340 2378 ἐναντίου
1355 2351 1422 2386 πρὸς
1436 2349 1570 2381 ἐναντιον,
1587 2347 1656 2378 ἀλλὰ
1672 2346 1827 2381 συγγενοῦς

1031 2398 1099 2433 πρὸς
1113 2397 1253 2432 συγγενές.
1267 2397 1337 2424 Οὓτε
1350 2396 1404 2432 γὰρ
1419 2395 1562 2423 τὸδίκαιον
1577 2393 1629 2426 ἔξω
1641 2392 1825 2428 ἀγαθότητος,

1032 2444 1094 2471 οὔτε
1105 2444 1136 2470 τὸ
1150 2444 1251 2479 ἀγαθὸν
1265 2444 1318 2476 ἐξω
1335 2442 1508 2478 δικαιοσύνης
1522 2437 1692 2476 εὑρίσκεταιέ

190 2497 301 2520 estnon
330 2492 432 2520 inimici
459 2493 591 2520 adversus
616 2491 770 2524 inimicum,
801 2490 849 2519 sed
863 2491 972 2526 cognati
992 2491 1124 2519 adversus
1152 2495 1310 2526 cognatum.
1327 2489 1421 2524 Neque
1452 2488 1524 2517 enim
1540 2486 1646 2523 justilia
1662 2485 1721 2513 sine
1740 2483 1826 2512 boni—

191 2543 258 2572 tate,
273 2547 361 2574 neque
377 2539 485 2566 bonitas
497 2539 578 2566 datur
592 2538 652 2566 sine
667 2538 783 2574 justitia.

231 2642 251 2658 "
271 2640 339 2667 Dan.
355 2647 396 2673 ιιι,
411 2639 457 2666 28.
497 2639 516 2654 “
533 2637 633 2665 Jereni.
662 2647 692 2672 ιι,
716 2636 762 2664 28.

952 2726 1066 2762 κοῖαι.

232 2839 287 2874 (83)
301 2838 390 2866 Codex
408 2838 473 2872 ἡγῇ,
488 2836 569 2874 male,
586 2839 611 2863 et
631 2842 705 2866 mox,
720 2832 866 2867 ἐπεστάτῃ.

232 2872 285 2907 (Kl)
299 2874 376 2901 Colb.
394 2881 444 2907 pro
456 2872 632 2908 ἀρχομένουρ
653 2905 668 2908 __
724 2903 728 2906 _

233 2905 288 2947 (85)
303 2910 370 2946 Ποία
383 2905 598 2943 πατρίδιζιίειιεο
611 2905 788 2948 Coibcrtinoa

1034 2864 1044 2870 η
1057 2827 1124 2889 6(686)
1141 2827 1190 2856 Ubi
1206 2831 1296 2855 tamen
1315 2826 1395 2854 hodie
1425 2825 1522 2861 legitur
1542 2824 1608 2852 ικαὶ
1627 2823 1686 2859 μετ’
1707 2822 1823 2859 αριομδν

1034 2871 1054 2889 οι
1086 2871 1123 2889 ων

1031 2871 1123 2890 οιοοων
