1863 3064
79 157 124 189 845

540 165 590 194 AD
613 165 907 198 AMPHILOCHIUM
927 169 1099 205 QUESTIO
1116 172 1213 202 CLXI.

1646 176 1697 207 346

108 215 163 243 Ὅτι
179 217 227 252 τῆς
250 217 374 252 κτίσεως,
397 221 489 256 φησὶν,
505 222 542 254 ὡς
559 224 731 259 προείρηται,
749 225 843 252 διακει-

958 233 1099 257 ινοοῑυτοηῑ
1113 231 1161 263 ait,
1175 231 1249 266 quod
1258 236 1321 260 ante
1334 232 1437 260 dictum
1454 237 1514 266 est,
1528 233 1599 260 male
1627 234 1693 260 all'c-

79 262 151 298 μένης
166 263 213 290 καὶ
227 263 446 302 ἀγανακτούσης,
463 268 506 302 ἐφ’
521 265 544 303 ᾧ
560 270 608 296 καὶ
622 270 726 298 ἄκουσα
740 272 780 307 τῷ
797 281 852 299 πα-

78 311 171 347 ριϐἀτῃ
189 314 301 348 παρεῖχε
318 313 366 349 τὴν
379 315 484 349 χρείαν,
500 317 547 344 καὶ
560 317 733 353 ὲξυπηρέτει,
747 320 794 346 καὶ
804 320 853 355 ἀγ-

76 356 152 390 γέλων
169 358 326 393 ἀχθομένων
341 361 388 386 ἐπὶ
405 362 436 396 τῇ
455 361 502 388 τοῦ
518 362 749 399 εὑεργετουμένου
764 367 853 400 ἀγνω-

77 402 180 438 μοσύνῃ,
197 405 242 430 καὶ¹
260 404 321 431 ὅλου
343 407 513 439 κακωθέντος
540 409 588 435 τοῦ
612 409 716 445 κόσμου
740 411 784 438 διὰ
802 411 852 444 τὰς

76 449 247 492 παρανομίας.
261 459 270 476 ι
284 451 338 477 Καὶ
353 451 408 487 γὰρ
420 450 499 485 είδεν,
518 455 609 489 φησὶν,
623 456 636 481 ὸ
648 456 713 487 Θεὸς
723 456 772 492 τὴν
787 457 850 491 γῆν,

75 493 116 519 καὶ
132 490 164 529 ἦν
178 495 400 533 κατεφθαρμένῃ,
425 498 466 525 ὃτι
487 500 668 536 κατέφθειρεν
687 490 762 529 πᾶσα
784 490 851 539 σὰρξ

74 539 116 572 τὴν
126 539 181 565 ὁδον
194 540 289 576 αὐτῆς.
308 551 318 568 ι
333 542 389 569 Οὐκ
404 540 438 578 ἦν
457 544 473 578 ἡ
487 545 585 578 κτίσις,
613 546 673 573 οἵαν
699 547 852 583 ὑπέστησεν

73 584 155 615 αὐτοῖς
167 586 180 611 ὁ
195 585 262 617 Θεὸς
275 587 322 613 ἀπ’
339 588 426 624 ἀρχῆς
436 597 443 603 ·
457 590 507 617 οὐκ
527 588 560 626 ἦν
582 593 638 624 τοῖς
655 593 766 628 ἄστροις
782 595 795 620 ὁ
806 594 852 621 οὗ-

74 628 153 663 ρανὺς,
168 630 218 661 ,ὡς
245 631 274 657 τὸ
288 632 363 666 πρὶν,
374 633 437 660 ἄνευ
456 635 528 666 τινος
544 636 699 671 μιάσματος
710 638 851 674 καταλαμε

72 674 197 708 πιόμενος·
218 676 268 703 οὐκ
288 675 322 712 ἦν
341 679 357 713 ἠ
381 680 417 714 γῆ
442 681 506 712 τοὺς
524 682 648 717 καρποὺς
669 675 849 719 ἀμολύντους,

70 720 102 752 ὡς
113 722 139 748 τὸ
152 723 226 758 πρὶν,
252 725 414 754 ἀναδιδοῦσα
427 736 434 744 ι
449 729 480 754 οὐ
500 729 632 763 θάλασσα,
654 732 704 758 οὐκ
732 732 797 759 ἄλλο
823 742 850 761 τι

69 767 116 813 τῷν
141 768 170 794 ἐν
190 771 223 805 τῇ
247 771 344 800 κτίσει.
365 773 394 799 '0
421 774 476 810 γὰρ
502 777 665 813 παραὸἀτης
678 779 806 806 εἰσελθὼν
821 781 850 807 ὲν

69 812 138 848 αὐτῇ,
151 817 328 850 κατεμίανεν,
338 819 385 845 καὶ
394 820 561 848 ἀνεθόλωσεν
573 812 683 851 ἅπαντα
694 827 754 857 ταῖς
765 825 849 861 βλασ-

69 859 185 894 φημίαις.
207 863 269 894 ταῖς
291 863 438 900 θεομάχοις
457 867 505 894 καὶ
520 869 646 904 αἰσχραῖς
662 859 775 905 φωναῖς..
789 874 849 905 ταῖς

69 905 224 954 μισιφονίαις
229 907 278 954 τῂν
286 909 338 944 γῆν
345 910 402 946 (87)
412 913 467 944 τοῖς
477 916 621 949 πειραταῖς
628 916 673 942 καὶ
683 915 792 951 λῃσταῖς
799 918 849 954 τὴν
865 905 886 932 Β

68 948 194 979 θάλασσαν
204 961 212 968 '
223 953 273 985 τὰς
290 955 382 990 πηγὰς
399 958 446 984 καὶ
467 948 610 994 ποταμοὺς
633 963 693 994 ταῖς
703 948 847 990 ἔιδωλὸλοὶ-

67 994 155 1029 τρίαις,
177 998 310 1033 νύμφαις,
338 1002 386 1028 καὶ
416 1003 540 1038 δαίμοσιν
565 1005 732 1040 ἀνάπτοντες
759 1008 845 1036 αὑτά·

67 1043 132 1070 πᾶσα
161 1046 218 1076 τοῖς
244 1046 400 1081 ἀνθρώποις
416 1049 432 1084 ἡ
449 1050 537 1082 κτίσις
560 1053 600 1084 εἰς
616 1052 694 1085 θεοὺς
712 1054 847 1083 ἀνεπλάτ-

66 1096 119 1115 τετο
132 1096 138 1103 ·
155 1090 232 1117 οὐδὲν
243 1091 271 1118 δὲ
287 1092 374 1120 κτίσιν
396 1093 467 1122 οὕτω
494 1096 595 1130 μιαίνει
608 1098 655 1125 καὶ
679 1099 845 1135 κιϐδηλεύει,

66 1133 97 1181 ὡς
107 1134 134 1161 τὸ
154 1135 337 1165 θεοποιεῖσθαι
363 1139 459 1175 αὐτήν.
484 1141 616 1177 Εἰσῆλθεν
636 1145 650 1170 ὁ
677 1133 773 1181 Σωτὴρ
798 1147 845 1173 τοῦ

66 1179 159 1215 κέσμου
172 1181 218 1209 διὰ
236 1184 336 1218 σαρκὸς
351 1185 380 1211 ὲν
396 1186 476 1222 αὐτῇ,
489 1188 536 1214 καὶ
549 1188 652 1224 ταύτην
666 1190 720 1217 τῶν
740 1179 845 1227 μυρίων

66 1227 157 1254 τούτων
168 1228 329 1262 ἀπαλλάξας
344 1233 507 1267 μιασμάτων
522 1235 704 1269 ἀνεκαίνισεν,
715 1237 782 1264 πολὺ
795 1247 845 1273 χα-

65 1271 219 1319 λεπωτέρων
240 1275 257 1310 ἢ
283 1279 444 1313 σωματικῆς
476 1279 625 1316 διαφθορᾶς
656 1271 845 1319 ἐλευθερώσας

63 1318 138 1354 αὐτὴν
161 1321 312 1349 κακώσεων
339 1324 386 1351 καὶ
403 1325 510 1360 παθῶν,
536 1327 705 1361 ἀνακαινίζει
731 1318 774 1357 δίά
795 1331 845 1367 τῆς

64 1364 164 1401 πρώτης
174 1369 329 1402 παρουσίας
337 1369 387 1406 τὴν
404 1370 493 1398 κτίσιν
505 1380 512 1388 ·
531 1372 574 1399 ἵνα
591 1373 696 1409 μάθῃς,
708 1376 748 1402 ὅτι
761 1364 844 1409 αὐτος

66 1411 131 1460 έστιν
142 1415 156 1440 ό
175 1416 223 1441 καὶ
238 1416 285 1442 ἀπ’
308 1417 398 1452 ἀρχῆς
414 1418 500 1454 αὐτὴν
509 1420 715 1458 δημιουργήσας
728 1431 735 1439 ·
747 1423 777 1450 οὐ
789 1424 844 1460 γὰρ

63 1457 132 1485 ἄλλου
151 1460 199 1494 μὲν
215 1461 328 1494 κτίζειν,
349 1462 430 1490 ἄλλου
446 1463 474 1490 δὲ
491 1464 686 1500 διαφθαρεῖσαν
698 1457 841 1495 ἀνακαινίλ

65 1503 127 1534 ζειν·
141 1505 209 1533 ἀλλὰ
224 1507 272 1541 τῆς
296 1507 383 1543 αὐτῆς
401 1509 531 1545 ἑκάτερον
553 1511 650 1545 σοφίας
669 1513 716 1539 καὶ
734 1513 842 1550 τέχνης,

62 1550 238 1604 ἀνακαιηιίζειν
252 1554 301 1590 τὴν
314 1555 402 1604 κτίσιν
416 1557 487 1583 κατὰ
497 1558 545 1592 τὴν
558 1558 670 1594 πρώτην
681 1560 840 1595 ἐπιδημίαν,
856 1575 877 1604 c

62 1596 98 1623 ίνα
110 1598 228 1634 μηδεμία
240 1600 367 1636 σοι’χώρα
380 1602 550 1638 καταλειφθῇ
564 1604 694 1637 ἀπιστίας
704 1626 711 1638 ,
721 1605 758 1637 ὠς
769 1607 841 1634 κατὰ

61 1643 102 1678 τὴν
115 1644 245 1681 δευτέραν
270 1647 422 1683 παρουσίαν
442 1649 473 1676 οὐ
497 1649 720 1686 καινισθήτεται,
733 1652 782 1679 καὶ
808 1653 840 1680 σὺ

63 1690 108 1724 πρὸ
121 1691 207 1727 αὐτῆς
227 1693 266 1724 είς
279 1693 446 1729 ἀφθαρσίαν,
464 1695 504 1727 εις
520 1696 672 1729 ἀπάθειαν,
687 1698 728 1730 είς
738 1699 841 1734 ἀφατον

62 1735 191 1772 καλλονήν,
212 1738 243 1765 El
257 1738 312 1775 γὰρ
324 1739 368 1766 ὅτε
390 1738 425 1775 ἧν
440 1739 512 1768 ἑκὼν
537 1742 566 1768 ἐν
588 1741 716 1779 ἀσθενείᾳ
727 1745 840 1778 σαρκὸς,

62 1780 86 1806 tv
101 1782 219 1818 ἱδρῶσιν,
236 1785 265 1810 ὲν
281 1784 397 1813 πάθεσιν
413 1786 469 1822 (88)
483 1788 497 1814 ὁ
510 1787 642 1823 Χριστὸς,
656 1789 671 1816 ὅ
689 1797 718 1816 τε
741 1790 842 1824 πλάνος

63 1827 102 1853 καὶ
113 1827 286 1865 Σαμαρείτης
306 1831 526 1866 ἐσυκοφαντεῖτο,
542 1833 590 1869 τὴν
601 1833 689 1861 κτίσιν
704 1835 842 1872 ὲκάθαρεν

60 1872 104 1900 τῶν
116 1872 249 1902 τοσούτων
265 1876 313 1902 καὶ
325 1877 493 1912 τηλικούτων
516 1879 563 1906 καὶ
582 1880 841 1916 πολυχρονιωτάτων

62 1918 144 1946 παθῶν
151 1922 198 1948 καὶ
212 1922 385 1957 μιασμάτων·
397 1923 436 1951 ὅτ’
445 1924 477 1951 ἂν
485 1924 522 1957 ὡς
531 1926 627 1962 κριτὴς
636 1926 746 1959 ζώντων
753 1937 841 1966 παρα-

60 1964 157 2001 γένηται
171 1968 222 1994 καὶ
237 1969 342 2004 νεκρῶν
355 1989 362 2002 ,
379 1969 442 1997 ὅταν
467 1971 595 2006 μυριάσιν
617 1972 741 2008 ἀγγέλων
756 1964 835 2013 δορυ-

61 2012 218 2047 φορούμενος
237 2014 386 2049 ιιάγμασιν,
410 2016 474 2043 ὅταν
498 2017 607 2045 πάντων
630 2019 769 2052 δεσπόζων
792 2022 841 2050 καὶ

60 2054 158 2104 ίίύριος,
173 2059 240 2086 ὅταν
262 2061 350 2087 πάντα
369 2062 470 2099 φρίσσῃ
496 2063 543 2090 καὶ
560 2064 649 2103 τρέμῃ
668 2066 735 2101 (89),
750 2067 809 2100 πῶς
823 2069 840 2104 ἡ

60 2100 86 2149 ἔκ
101 2102 200 2139 φθορᾶς
222 2105 263 2136 είς
286 2105 440 2143 ἀφθαρσίαν
473 2109 609 2145 μεταϐολὴ
633 2100 663 2138 οὐ
689 2100 720 2139 τδ
743 2100 840 2149 ῥᾷστον

59 2145 147 2195 ἔχουσα
159 2149 327 2185 καθορᾶται;
347 2152 402 2179 Καὶ
426 2153 456 2180 τὺ
471 2153 629 2188 ἀκόλουθον,
650 2157 697 2183 καὶ
725 2145 840 2195 θεοπρε-

60 2191 112 2225 πὲς,
127 2195 168 2222 ὅτι
183 2196 391 2232 παραγίνεταιό
406 2199 512 2237 Σωτὴρ,
529 2203 775 2239 προκηρυττόντων
786 2191 840 2232 τῶν

907 279 977 301 ctam
1004 280 1031 302 et
1052 276 1221 312 indignatam
1248 285 1318 311 esse.
1338 278 1453 313 ideoque
1480 278 1562 305 etiam
1580 279 1693 307 invitatn

905 319 1073 355 delinquenti
1097 323 1251 350 necessaria
1266 323 1466 358 suppeditasse,
1480 329 1507 351 et
1524 324 1694 358 inserviisse,

906 367 1010 401 angelis
1024 375 1132 403 quoque
1156 369 1294 404 ingratum
1325 370 1458 398 adversus
1483 370 1613 398 benelicia
1631 371 1693 399 ani-

905 420 978 440 ntum
989 413 1103 441 moleste
1115 414 1275 448 ferentibus,
1289 419 1401 450 totoque
1418 416 1519 443 mundo
1530 424 1578 451 per
1591 416 1693 452 ﬂagitia

904 464 1043 493 corrupto.
1065 470 1073 485 ι
1093 461 1164 488 Deus
1178 462 1263 494 enim,
1280 462 1380 497 inquit,
1395 462 1573 490 viditterram
1595 471 1693 491 corru-

904 509 988 539 ptam,
1005 506 1077 540 quod
1092 514 1157 534 caro
1172 508 1263 536 omnis
1286 508 1355 535 viam
1372 517 1449 536 suam
1462 515 1621 545 corruperat
1633 511 1663 537 ".
1679 519 1689 537 ο

903 551 962 579 Non
976 557 1034 579 erat
1049 558 1174 581 creatura
1188 555 1296 589 qualem
1315 554 1388 581 illam
1405 554 1439 581 ab
1455 555 1534 582 initio
1560 556 1691 584 condide-

904 601 944 623 rat
960 597 1041 626 Deus.
1068 599 1173 626 (Icelum
1201 607 1276 631 non,
1311 604 1340 626 ut
1355 600 1431 632 olim,
1453 600 1514 627 sine
1525 600 1585 629 labe
1601 601 1691 636 aliqua

903 643 984 670 astris
1000 644 1118 671 micabat
1133 654 1139 672 :
1154 649 1226 672 terra
1241 653 1305 678 non,
1323 650 1353 672 ut
1367 645 1445 678 olim,
1464 639 1569 675 fructus
1581 647 1692 674 inteme-

902 685 977 716 ratas
1002 689 1136 718 inferebat
1150 699 1156 718 :
1189 699 1242 718 non
1259 699 1345 724 mare,
1372 699 1426 719 non
1440 691 1513 719 aliud
1527 693 1689 728 quidquam,

902 735 974 768 quod
989 735 1058 762 inter
1072 739 1213 763 creaturas
1236 737 1442 764 numerabatur.
1473 737 1603 765 Peccalor
1617 739 1689 766 enim

902 780 1042 815 ingressus
1067 789 1127 808 eam
1152 781 1309 816 polluebat.
1333 787 1360 810 et
1382 783 1474 810 omnia
1500 783 1690 819 blasphemiis,

902 827 1080 862 turpibusque
1093 831 1120 854 et
1136 827 1191 854 Deo
1208 828 1333 856 adversis
1346 829 1470 862 vocibus,
1487 829 1608 858 caedibus
1625 831 1688 858 item

902 876 1011 904 terram,
1026 872 1121 907 piratis
1147 877 1175 900 et
1189 873 1362 908 pradonibus
1375 882 1462 906 mare,
1481 875 1570 902 fontes
1593 881 1620 903 et
1638 876 1690 904 ﬂur

901 915 959 943 vios
984 915 1157 949 idololatriis,
1176 917 1209 944 ad
1240 919 1374 953 nymphas
1398 923 1427 946 et
1444 919 1583 948 daemonas
1598 922 1690 949 omnia

899 960 1054 994 referendo,
1070 962 1208 990 turbabat.
1226 963 1294 991 Tota
1309 969 1446 998 creatura,
1480 966 1516 993 ab
1531 967 1689 996 hominibus

899 1006 926 1032 in
959 1005 1084 1034 deastros
1097 1007 1318 1035 convertebatur.
1345 1008 1418 1036 Nihil
1442 1017 1506 1037 vero
1529 1015 1589 1044 est,
1617 1013 1689 1046 quod

897 1056 1050 1079 creaturam
1064 1052 1132 1081 adeo
1146 1054 1249 1088 polluat
1272 1059 1298 1082 et
1311 1055 1456 1088 adulteret,
1483 1064 1565 1090 quam
1590 1058 1613 1086 si
1640 1058 1688 1086 Dei

898 1097 958 1124 loco
969 1097 1111 1126 habeatur.
1127 1098 1257 1128 Senator
1271 1102 1346 1129 orbis
1359 1110 1408 1137 per
1421 1111 1530 1130 carnem
1547 1104 1688 1139 ingressus

896 1144 1151 1179 cam(ereaturam)
1174 1150 1228 1178 est,
1255 1154 1381 1182 eamque,
1408 1148 1512 1176 infinita
1539 1150 1601 1178 labe
1626 1159 1686 1184 sua,

896 1196 957 1223 quae
975 1189 1049 1216 omni
1066 1190 1241 1225 corruptione
1256 1199 1388 1227 corporea
1405 1194 1515 1227 gravior
1529 1199 1581 1228 est,
1614 1195 1685 1223 libe-

896 1239 984 1261 ratam
997 1235 1149 1269 renovavit,
1164 1237 1311 1272 multisque
1326 1239 1528 1268 calamitatibus
1553 1246 1581 1268 et
1608 1242 1688 1270 malis

895 1284 1014 1315 ereptam
1034 1288 1080 1315 per
1098 1281 1216 1316 primum
1230 1290 1310 1310 suum
1326 1283 1471 1312 adventum
1493 1287 1630 1320 restituit;
1657 1293 1688 1316 ut

896 1325 958 1353 inde
976 1327 1120 1361 intelligas,
1139 1328 1227 1362 ipsum
1243 1329 1318 1356 illmn
1334 1338 1405 1363 esse,
1423 1331 1543 1366 quieam
1561 1333 1595 1361 ab
1606 1334 1684 1363 initio

895 1372 1027 1399 condidit.
1042 1371 1137 1408 Neque
1152 1374 1225 1400 enim
1241 1373 1355 1402 alterius
1370 1379 1412 1402 est
1428 1377 1556 1410 condere,
1573 1378 1686 1405 alterius

896 1427 959 1447 vero
971 1425 1128 1454 corruptam
1144 1428 1277 1448 renovare
1293 1430 1299 1448 :
1333 1422 1379 1449 sed
1398 1427 1545 1458 utrumque
1561 1423 1684 1458 ejusdem

894 1469 936 1493 est
953 1465 1093 1500 sapientia:
1109 1470 1135 1494 et
1150 1466 1228 1498 artis,
1259 1467 1341 1494 utsic
1361 1473 1485 1495 creatura
1504 1476 1551 1503 per
1565 1469 1684 1504 prioretn

895 1511 1041 1539 adventum
1056 1516 1212 1545 renovetur,
1229 1519 1279 1540 nec
1295 1512 1367 1541 ullus
1390 1513 1574 1542 incredulitati
1601 1515 1681 1543 locus

895 1557 1077 1592 relinquatur,
1095 1558 1175 1592 quasi
1188 1556 1282 1585 cadent
1302 1558 1328 1585 in
1346 1559 1469 1586 secundo
1492 1559 1611 1587 adventu
1631 1568 1684 1588 non

894 1601 930 1629 sit
948 1602 1113 1635 renovanda,
1131 1607 1158 1630 et
1172 1607 1201 1630 tu
1223 1602 1280 1638 ipse
1294 1608 1357 1631 ante
1381 1604 1455 1631 illam
1473 1604 1500 1632 in
1517 1605 1683 1641 incorrupti-

892 1647 1035 1681 bilitatem,
1050 1647 1227 1686 indolentiam
1239 1653 1265 1676 et
1282 1649 1510 1684 pulchritudinem
1528 1657 1581 1677 non
1595 1654 1685 1678 trans-

893 1693 958 1720 ferri
988 1693 1098 1721 debeas.
1125 1694 1203 1727 Quod
1217 1695 1240 1723 si
1263 1695 1335 1722 enim
1348 1694 1484 1728 Christus,
1499 1695 1564 1723 dum
1579 1696 1605 1723 in
1626 1704 1685 1723 car-

893 1739 1117 1773 nisinﬁrmitate,
1133 1740 1292 1773 sudoribus,
1313 1746 1339 1769 et
1367 1741 1436 1768 varii
1464 1742 1573 1777 generis
1604 1743 1683 1769 malis

892 1790 989 1820 sponte
1002 1787 1176 1820 versabalur,
1194 1787 1258 1814 dum
1282 1787 1411 1815 seductor
1437 1792 1464 1815 et
1479 1787 1616 1815 Samarila
1636 1796 1684 1822 per

892 1830 1059 1858 calumniam
1093 1832 1254 1865 vocabatur,
1271 1836 1426 1860 creaturam
1447 1840 1463 1860 a
1480 1838 1519 1861 tot
1545 1834 1684 1868 tantisque

893 1881 1004 1913 tamque
1020 1877 1159 1906 diuturnis
1174 1879 1254 1906 malis
1279 1884 1306 1906 et
1321 1879 1525 1914 impuritatibus
1542 1880 1682 1914 liberavit;

893 1930 983 1950 nonne
994 1943 1002 1956 ,
1030 1923 1076 1951 ubi
1094 1923 1164 1951 idetn
1186 1929 1215 1951 ut
1228 1924 1311 1959 judex
1326 1925 1449 1952 vivorum
1465 1930 1490 1953 et
1499 1931 1682 1959 mortuorum,

894 1969 940 1997 ubi
953 1969 1106 1998 innumeris
1124 1970 1284 2005 angelorum
1310 1971 1453 2000 ordinibus
1484 1973 1611 2008 stipatus,
1637 1972 1682 1999 ubi

892 2020 923 2043 ut
945 2015 1093 2051 imperator
1117 2020 1144 2043 et
1168 2016 1301 2045 Dominus
1322 2018 1445 2046 omnium
1464 2019 1613 2052 advenerit,
1637 2019 1682 2046 ubi

892 2063 986 2090 omnia
1006 2063 1058 2090 sibi
1072 2062 1206 2090 timebunt
1219 2068 1245 2091 et
1263 2067 1392 2096 trement,
1409 2064 1552 2092 translatio
1568 2072 1602 2092 ex
1619 2072 1682 2092 eer-

892 2110 1017 2145 ruptioue
1048 2110 1074 2137 in
1100 2110 1395 2145 ineorruptibilitatem,
1426 2113 1456 2138 ut
1487 2119 1531 2138 res
1559 2111 1682 2138 omnium

892 2155 1030 2189 facillima,
1058 2156 1225 2190 apparebit?
1248 2155 1378 2189 Accedit,
1405 2157 1478 2192 quod
1505 2157 1570 2185 hinc
1584 2165 1682 2185 conse-

892 2200 995 2236 quitur,
1028 2200 1139 2236 Deoque
1160 2201 1286 2236 inprimis
1310 2202 1423 2238 dignum
1443 2207 1494 2236 est,
1522 2203 1594 2240 quod
1617 2211 1682 2238 pro-

60 2242 208 2286 προφητῶν,
224 2243 268 2270 ἵνα
287 2244 367 2282 μήτις
382 2246 490 2283 νομίσῃ,
503 2247 544 2273 ὅτι
557 2248 618 2275 καθ’
631 2249 660 2275 ὃν
676 2250 775 2285 τρόπον
791 2262 795 2278 ‹

946 2252 979 2275 ta:
1005 2248 1081 2276 illum
1106 2249 1260 2278 Servatoris
1286 2250 1432 2277 adventum
1450 2250 1679 2286 pragnuntiarunt.

59 2283 156 2333 θρωπος
181 2288 232 2324 τῆς
245 2290 381 2326 προτέρας
392 2291 551 2328 διαμαρτὼν
568 2283 699 2332 ἐπιϐολῆς
714 2297 761 2324 καὶ
772 2297 837 2333 βοη-

59 2329 124 2375 θείας
147 2334 193 2361 ἐπὶ
214 2335 343 2372 δευτέραν
366 2337 485 2373 ἔρχεται,
504 2339 574 2367 οὕτω
593 2341 640 2369 καὶ
657 2329 838 2375 ὀῘΘεόςίἽνα

58 2374 96 2403 οὖν
122 2381 157 2415 μή
187 2390 231 2413 τις
253 2382 391 2420 ὑπονοήσῃ
412 2385 500 2419 τοῦτο,
521 2386 625 2415 ἄνωθεν
645 2374 792 2425 προέλεγον
812 2392 836 2418 οἱ

58 2425 186 2461 προφῆται
210 2427 261 2463 τὴν
286 2431 439 2465 παρουσίαν
467 2433 549 2460 αὐτοῦ
563 2441 569 2448 ·
584 2434 628 2461 ἴνα
646 2434 780 2469 δείξωσιν,
795 2436 835 2463 ὅτι

59 2467 115 2516 θεὶς
139 2473 169 2498 οὐ
192 2474 378 2509 σκεπτόμενος
403 2477 526 2512 εὑρίσκει
550 2479 580 2505 τὺ
602 2467 836 2516 συμφέρονάλλ’

59 2514 98 2561 ἀπ’
110 2517 195 2554 ἀρχῆς
213 2520 324 2556 προῖδεν
343 2522 462 2550 ἄπαντα.
480 2525 576 2559 Ἡμεῖς
599 2514 649 2560 μὲν
669 2514 724 2561 γάρ
743 2528 767 2554 οἱ
788 2527 835 2554 ἅν-

58 2557 155 2608 θρωποι
170 2565 355 2600 σκεπτόμεθα,
375 2568 433 2600 καὶ,
447 2569 494 2595 ἐὰν
510 2557 692 2608 ἀποτύχωμεν
760 2571 851 2608 πρώ-⁴

58 2610 99 2639 της
112 2607 218 2643 πείρας,
240 2610 283 2644 ἐφ’
299 2610 396 2646 ἑτέραν
412 2613 612 2649 μεταϐαίνομεν
622 2624 628 2631 ·
643 2616 657 2641 ό
667 2616 695 2647 δὲ
708 2617 774 2650 Θεὸς
783 2607 832 2653 οὑχ

88 2696 107 2712 ¹¹
121 2697 188 2727 Gen.
206 2707 242 2734 vl,
259 2701 301 2728 I2.

892 2302 927 2321 ne
942 2294 1006 2329 quis
1035 2292 1141 2322 scilicet
1161 2296 1309 2329 existimet,
1338 2296 1423 2330 quod,
1449 2296 1680 2330 quemadmodum

893 2340 1028 2373 homines,
1042 2340 1120 2374 alias,
1139 2340 1237 2378 primis
1253 2341 1329 2369 ausis
1343 2346 1371 2368 et
1383 2341 1529 2369 conatibus
1545 2341 1680 2375 frustrati,

890 2387 943 2414 alia
958 2387 1000 2414 via
1015 2395 1072 2414 rem
1085 2387 1300 2422 aggrediuntur;
1319 2387 1355 2415 ita
1368 2395 1478 2423 quoque
1495 2387 1567 2416 Deus
1582 2389 1677 2423 egerit.

889 2431 929 2461 Ne
943 2433 1025 2468 quis,
1054 2433 1176 2468 inquam,
1203 2434 1240 2461 ita
1264 2434 1429 2469 suspicetur,
1456 2433 1594 2471 prophetm
1623 2434 1679 2469 jam

889 2478 955 2506 olim
980 2479 1126 2506 adventum
1148 2478 1208 2514 ejus
1234 2479 1463 2514 praenuntiarunt,
1480 2484 1510 2506 ut
1525 2478 1565 2507 sic
1584 2484 1678 2507 osten-

888 2525 991 2558 derent,
1010 2525 1095 2553 Deum
1123 2533 1177 2553 non
1193 2533 1241 2561 per
1260 2525 1468 2553 meditationem
1486 2525 1634 2560 quamdam
1651 2530 1679 2552 et

886 2572 1159 2608 circumspectionem
1173 2572 1211 2605 id,
1225 2571 1296 2607 quod
1312 2570 1443 2605 prodesse
1457 2571 1556 2606 possit,
1569 2571 1678 2598 tandem

886 2618 1031 2651 detexisse,
1057 2618 1103 2646 sed
1117 2618 1151 2646 ab
1168 2618 1245 2645 initio
1263 2617 1354 2653 potius
1372 2616 1465 2645 omnia
1476 2639 1479 2641 .
1490 2617 1674 2652 perspexiSSe.

800 2782 916 2812 NOT/E.

154 2857 203 2898 ἰὴν
217 2858 270 2898 χῆν’
285 2858 385 2898 addidi,
406 2866 488 2898 sensu
512 2861 546 2888 ita
559 2862 724 2898 postulante.

88 2890 139 2927 (8:4)
156 2890 202 2920 Sic
215 2890 290 2922 edn).
305 2902 355 2929 pro
371 2895 532 2930 ἐμπαθὲσιν.

923 2866 976 2901 (89)
991 2867 1036 2893 καὶ
1050 2866 1147 2903 τρέμῃ,
1161 2867 1245 2896 debeo
1256 2867 1424 2897 Golbertino.
