1863 3064
156 136 208 171 847

738 140 871 170 ΡΗΟΤῘΙ
889 140 1142 170 ΡΑἸῊΙΛΒΟΗᾸΞ
1158 141 1212 170 CP.

1741 135 1800 168 848

158 196 231 226 Deus
246 201 334 225 autem
355 205 409 225 non
427 198 463 225 ita
482 198 548 234 agit.
577 198 654 226 Dedit
678 199 723 226 ille
754 199 832 234 prius
850 199 967 233 legem,.

1061 207 1087 230 υς
1100 206 1106 213 ·
1124 197 1181 225 ἀλλ’
1194 197 1278 224 ἔδωκε
1294 196 1386 232 νόμον,
1395 197 1553 231 προφήτας,
1567 195 1615 222 καὶ
1628 195 1695 230 μετὰ
1705 195 1802 222 ταῦτα

105 267 109 271 .
157 242 213 270 Nos
233 243 305 271 enim
324 243 450 271 homines
475 244 716 280 circumspicimus
730 245 834 276 omnia,
860 249 887 272 et
904 244 949 272 ubi

158 290 247 324 primo
272 288 467 323 exciderimus,
498 297 599 316 novum
626 289 742 318 facimus
771 290 949 326 perieulum:

159 334 305 371 prophetas
317 339 345 363 et
360 340 454 370 postea
470 335 659 370 Evangelium,
677 344 731 364 non
747 344 809 364 cum
828 342 951 371 tempore

158 380 271 407 meliora
286 380 454 415 postliminio
473 381 599 414 edoctus,
632 381 681 409 sed
698 381 733 409 ab
751 382 830 409 initio
848 382 951 409 intelli-

159 433 236 461 gens.
251 430 417 460 creaturam,
433 431 459 454 et
483 426 626 462 speciatim
650 427 799 460 hominem,
828 435 883 454 non
898 428 951 455 alia

159 472 267 500 ratione
281 473 324 500 vel
346 472 438 506 condi,
465 473 507 500 vel
524 473 598 506 duci,
621 477 667 501 aut
683 474 952 508 incorruptibilitatis

161 518 263 547 donum
280 519 400 555 recipere
418 526 508 555 posse,
533 519 585 546 nisi
611 519 669 552 illa,
694 527 776 554 quam
807 519 953 548 ineffabilis

161 564 222 599 ejus
238 564 410 600 providentia
432 569 460 596 et
492 558 692 593 benevolentia
707 566 853 600 disposuit.
869 566 954 593 Aiunt

162 611 271 647 quidem
287 611 411 638 nonnulli
431 620 437 639 :
467 610 494 639 Si
522 610 594 639 Deus
615 612 749 639 Adamutn
776 618 952 647 peccaturum

164 664 224 685 esse
244 656 375 691 prmvidit,
402 665 488 693 quare
498 665 561 686 eum
576 657 716 685 condidit?
733 658 767 685 At
781 658 873 686 multa:
889 662 955 686 sunt

163 707 190 729 et
204 703 340 737 prazclarat
367 704 428 735 vite,
456 703 558 739 quibus
581 704 718 738 objectum
743 705 796 733 hoc
818 704 952 732 diluatur.

162 747 201 776 Ita
229 747 350 776 Joannes
379 749 617 785 Chrysostomus,
647 750 791 778 divinioris
820 750 955 778 doctrinae

162 795 355 830 gnarissimus,
366 795 404 822 ait
417 805 424 823 :
443 806 452 821 ι
470 795 528 823 Non
545 796 596 824 hoc
610 797 698 824 solum
711 797 784 830 dico,
799 798 871 831 quod
885 805 955 832 prat-

162 840 262 871 viderit
290 841 491 876 (lapsum),sed
515 843 589 877 quod
616 842 699 870 etiam
729 843 895 878 praeviderit,
925 850 956 871 se

163 886 270 926 lapsum
288 894 336 922 per
349 887 529 914 oeconomiam
545 888 693 917 salutarem
710 888 808 916 iterum
823 889 958 917 excitatu-

164 937 237 957 rum.
259 939 269 955 ›
295 929 390 966 Itaque
403 939 457 958 non
482 932 559 967 prius
583 932 650 959 vidit
672 932 791 968 lapsum,
817 941 899 968 qnam
924 933 958 961 de

166 974 335 1002 excitatione
362 975 501 1011 cogitavit.
515 975 634 1004 Noverat
656 984 718 1004 eum
745 977 900 1012 lapsurum,
928 983 958 1006 at

165 1019 339 1050 excitationis
353 1020 505 1048 remedium
520 1021 576 1055 jam
589 1026 652 1049 ante
667 1023 837 1050 instruxerat
851 1023 958 1051 :homi-

165 1072 228 1092 nem
243 1064 413 1100 experiundo
438 1065 544 1093 discere
558 1070 676 1094 mortem
691 1074 788 1102 passus
808 1072 860 1099 est,
875 1072 905 1094 ut
915 1067 957 1094 in-

167 1109 314 1145 telligeret,
329 1110 404 1144 hinc,
424 1111 488 1146 quid
503 1119 554 1139 suo
571 1112 624 1139 sibi
640 1111 776 1147 jumento,
803 1113 877 1147 hinc,
893 1114 962 1149 quid

167 1163 216 1195 per
224 1155 381 1184 Conditoris
393 1158 508 1192 gratiam
524 1158 576 1185 sibi
586 1158 622 1186 sit
631 1159 827 1188 accersiturus.
840 1159 960 1188 Noverat

167 1202 301 1229 Adamum
326 1207 514 1237 peccaturum,
545 1207 573 1230 at
600 1203 767 1238 prmvidebat
792 1211 912 1239 quoque,
927 1211 960 1232 ex

167 1247 262 1275 codem
283 1248 439 1283 prodituros
450 1256 511 1276 esse
522 1249 647 1281 Abelem,
656 1248 789 1283 Enosum,
805 1249 960 1282 Enochum,

167 1292 266 1326 Noam,
293 1293 392 1328 Eliam,
418 1294 576 1330 prophetas,
608 1296 749 1330 apostolos
773 1296 960 1329 admirandos,

168 1339 261 1366 nobile
276 1338 341 1366 illud
358 1345 455 1374 genus,
484 1347 535 1367 nec
551 1340 643 1368 minus
659 1346 811 1377 martyrum
830 1341 928 1374 nubes,
946 1350 961 1370 a

169 1383 226 1411 Deo
243 1385 389 1417 excitatas,
406 1389 433 1413 et
456 1387 585 1420 pietatem
613 1387 759 1415 stillantes.
785 1387 849 1416 Haec
863 1388 962 1423 praevi-

169 1430 252 1458 debat
266 1430 383 1460 Numen.
395 1430 580 1460 Pulchrumue
593 1433 854 1468 itaque,justumne,
874 1433 963 1462 Deove

169 1473 283 1509 dignum
299 1474 408 1508 fuisset,
427 1475 499 1507 ideo,
526 1476 600 1511 quod
615 1485 687 1504 unus
701 1477 784 1505 homo
800 1482 964 1512 peccaturus

169 1525 239 1552 erat.
255 1528 317 1547 eum
333 1528 366 1548 ex
392 1521 478 1548 nihilo
506 1529 561 1549 non
576 1514 706 1555 condere,
728 1527 755 1550 et
771 1523 866 1550 eadem
881 1531 963 1559 opera
976 1539 998 1571 ρ

171 1571 311 1599 tantorum
336 1567 479 1602 virorum,
515 1575 633 1603 quorum
658 1576 709 1597 nec
723 1576 778 1596 uno
802 1569 900 1604 dignus
922 1573 964 1597 est

172 1611 259 1643 orbis,
277 1616 442 1646 proventum
459 1611 617 1647 prohibere,
636 1616 692 1639 tam
707 1611 797 1640 laetam
808 1612 964 1648 pulchram-

172 1665 228 1692 que
242 1658 355 1685 humani
374 1651 482 1692 generis
504 1663 655 1686 sementem
678 1656 812 1686 radicitus
835 1659 963 1690 evellere.

173 1701 267 1737 illique
280 1703 419 1731 excidium
443 1707 471 1731 et
495 1703 564 1731 iram
578 1704 736 1737 immittere,
751 1704 832 1739 idque
845 1711 878 1732 eo
894 1708 963 1731 tem-

173 1756 250 1783 pore,
267 1756 323 1784 quo
340 1749 435 1783 homo,
461 1750 508 1786 qui
531 1755 626 1786 postea
656 1755 769 1786 peccato
795 1750 964 1786 indulgebat,

174 1800 225 1820 nec
241 1797 410 1828 peccaverat,
437 1801 525 1830 neque
549 1794 584 1822 de
611 1794 747 1830 patrando
761 1799 885 1830 peccato,
901 1802 965 1822 cum

173 1839 295 1867 nondum
311 1839 466 1874 exsisteret,
480 1841 669 1876 cogitaverat?
685 1841 713 1868 Si
726 1841 798 1872 enim
811 1841 966 1877 sapientum

173 1889 225 1918 est,
241 1885 276 1913 ab
292 1893 336 1918 eo,
349 1886 397 1921 qui
415 1894 528 1921 peccare
544 1886 654 1922 quidem
673 1891 789 1915 conatus
808 1892 858 1918 est,
879 1894 968 1922 neque

177 1936 271 1960 tamen
284 1940 347 1960 vere
373 1933 505 1968 peccavit,
523 1934 628 1968 peccati
642 1941 738 1968 poenas
752 1941 808 1961 non
824 1937 966 1969 repetere;

174 1978 312 2013 qu‘omodo
325 1977 411 2005 Deum
427 1978 559 2013 decuerit,
569 1986 643 2012 eum,
655 1979 702 2014 qui
715 1985 765 2005 nec
780 1985 893 2013 peccare
905 1983 969 2005 tunc

177 2024 346 2056 instituerat,
373 2024 543 2058 peccantium
567 2023 657 2058 poenis
672 2023 829 2058 subjicere?
843 2023 970 2057 Inprimis

174 2078 250 2102 cum,
269 2071 396 2105 quamvis
413 2075 555 2105 peceatum
571 2070 640 2097 adeo
665 2077 747 2104 grave
763 2073 853 2102 esset,
869 2067 972 2104 (nonne

176 2115 250 2147 enim
265 2123 347 2150 grave
364 2120 424 2143 erat
440 2119 605 2153 praeceptum
625 2115 735 2142 Domini
750 2114 884 2148 violare?)
899 2114 970 2141 idem

176 2165 268 2188 tamen
284 2159 494 2188 medicinam-ex
513 2159 819 2193 ineﬂabillConditoris,
832 2160 970 2187 hominem

1000 245 1030 270 τὸ
1045 244 1221 278 Εὐαγγέλιον,
1235 243 1265 270 οὐ
1278 244 1367 278 χρόνῳ
1388 243 1418 270 τὸ
1449 242 1589 278 συμφέρον
1615 242 1799 277 μεταμαθὼν,

1001 290 1048 318 ἀπ’
1061 289 1150 325 ἀρχῆς
1175 290 1203 316 δὲ
1225 289 1313 322 εἰδὼς,
1334 289 1373 321 ὡς
1396 289 1446 324 οὐχ
1469 285 1525 315 οἷόν
1540 296 1571 314 τε
1587 287 1676 319 ἄλλως
1694 285 1732 322 ἦν
1750 287 1802 323 τὴν

1002 336 1102 368 κτίσιν,
1118 336 1165 362 καὶ
1187 335 1234 361 τὸν
1254 335 1283 361 ἐν
1305 334 1373 369 αὐτῇ
1397 333 1542 369 ἄνθρωπον
1567 331 1629 360 οὔτε
1654 332 1800 366 γενέσθαι,

1002 380 1063 408 οὔτε
1073 380 1327 416 παιδαγωγηοῆναι,
1336 379 1399 406 οὗτε
1414 379 1445 405 τὺ
1459 380 1509 414 τῆς
1519 378 1676 414 ἀφθαρσίας
1684 378 1802 412 ἀξίωμα

1002 425 1147 453 ἀναλαϐεῖν
1157 433 1164 441 ο
1177 425 1202 451 εί
1220 424 1257 460 μὴ
1271 423 1332 451 καθ’
1344 424 1375 451 ὃν
1400 424 1502 458 τρόπον
1513 424 1530 459 ὴ
1548 423 1653 457 άφατος
1680 422 1801 457 πρόνοια

1003 471 1050 499 καὶ
1064 470 1254 506 φιλανθρωπία
1267 469 1534 506 ᾠκονόμησεν.”οτι.
1552 468 1645 503 φασὶν,
1662 469 1687 495 εἰ
1698 469 1800 503 προεῖ-

1003 516 1047 543 δεν
1067 517 1239 552 ἀμαρτήσειν
1268 515 1315 542 τὸν
1333 514 1419 549 ’Δδὰμ
1438 515 1453 540 ὸ
1471 513 1548 545 θεὸς,
1561 513 1588 540 τί
1602 514 1651 540 καὶ
1669 514 1803 549 προήγα-

1003 570 1052 597 γεν
1067 562 1167 595 αὐτόν;
1184 561 1239 588 Καὶ
1259 560 1357 587 πολλαὶ
1372 559 1422 595 μέν
1439 559 1492 586 εἰσι
1505 560 1554 586 καὶ.
1565 558 1704 592 πάγκαλοι
1718 557 1802 584 τοῦδε

1003 608 1051 635 τοῦ
1068 608 1245 643 ἀπορήματος
1275 605 1424 638 ὲπιλύσεις.
1440 605 1521 639 Λέγει
1542 604 1565 631 δ’
1578 602 1625 632 οὖν
1647 605 1695 631 καὶ
1707 605 1723 630 ὁ
1740 604 1803 630 θεό-

1005 661 1087 688 σοφος
1112 652 1239 687 Ἰωάννης
1262 653 1276 678 ὸ
1300 651 1510 687 Χρυσόστομος,
1533 651 1575 677 ὃτι
1602 658 1612 676 ι
1647 650 1686 676 Οὐ
1716 649 1803 676 τοῧτο

1007 699 1087 735 μόνον
1104 698 1186 733 φημὶ,
1199 698 1240 725 ὅτι
1252 697 1377 734 προῄδει,
1393 696 1449 723 ἀλλ’
1460 695 1508 723 ’ὅτι
1527 697 1575 722 καὶ
1596 695 1714 722 πεσόντα
1732 696 1804 722 ἀνα-

1007 743 1103 778 στήσει
1118 743 1199 770 αὐτὺν
1214 742 1257 769 διὰ
1272 742 1322 777 τῆς
1339 741 1496 777 οἰκονομίας
1506 741 1514 757 -'
1528 750 1537 767 ι
1560 741 1607 767 καὶ
1635 741 1666 767 οὐ
1689 740 1804 775 πρῶτον

1007 788 1077 816 εἶδεν
1091 789 1140 825 τὴν
1153 788 1269 821 πτῶσιν,
1289 789 1313 815 εί
1327 788 1364 824 μὴ
1382 787 1586 824 προεπενόησεν
1609 786 1659 821 τὴν
1678 786 1804 812 ἀνάστα-

1008 843 1050 862 σιν
1063 843 1069 851 ·
1085 835 1156 871 ᾔδει,
1187 835 1228 861 ὃτι
1252 835 1387 867 πεσεῖται,
1405 834 1473 860 ἀλλὰ
1482 832 1654 868 προαπέθετο
1668 832 1719 867 τῆς
1736 833 1806 859 ἀντ.-

1010 881 1131 912 στάσεως
1144 880 1300 916 φάρμακον,
1318 880 1364 907 καὶ
1380 879 1571 914 συνεχώρησεν
1585 879 1625 909 εἰς
1638 878 1741 912 πεῖραν
1760 877 1805 903 ιλ-

1009 927 1066 954 θεῖν
1088 927 1202 954 θανάτου
1228 926 1273 954 τὸν
1299 926 1454 961 ἄνθρωπον.
1472 925 1531 951 Ἵνα
1556 923 1639 959 μάθῃ,
1661 924 1738 954 τινος
1754 923 1806 957 μὲν

1009 972 1159 1001 ἀπολαύσει
1180 972 1213 999 δι’
1226 970 1342 998 ἑαυτόν*
1358 971 1430 1002 τίνος
1459 970 1488 997 δὲ
1514 971 1547 1005 τῇ
1571 968 1618 996 τοῦ
1645 968 1803 999 πλάσαντος

1009 1020 1101 1056 χάριτι
1114 1026 1120 1033 ·
1134 1018 1193 1054 ᾔδει
1221 1017 1391 1053 πεσούμενον
1412 1016 1458 1043 τὸν
1483 1015 1586 1050 ’Δδὰμ,
1610 1014 1668 1042 ἀλλ’
1687 1014 1806 1042 ἔϐλεπεν

1009 1065 1040 1097 ἐξ
1051 1064 1134 1091 αὑτοῦ
1151 1063 1384 1099 προελευσόμενοι]
1405 1061 1451 1088 τὸν
1470 1060 1563 1094 Ἅϐελ,
1580 1060 1627 1088 τὸν
1647 1059 1744 1091 Ἐνὼς,
1761 1060 1807 1086 τὸν

1016 1110 1114 1146 Ἑνὼχ,
1129 1110 1174 1137 τὸν
1188 1109 1261 1140 Νῶε,
1278 1109 1324 1135 τὸν
1341 1108 1447 1140 Ἠλίαν,
1471 1107 1536 1139 τοὺς
1559 1107 1722 1142 προφήτας,
1739 1106 1805 1136 τοὺς

1011 1156 1184 1192 θαυμαστοὺς
1207 1155 1386 1186 ἀποστόλους,
1404 1153 1453 1189 τὴν
1465 1153 1607 1188 εὐγένειαν
1619 1152 1669 1187 τῆς
1681 1151 1805 1186 φύσεως,

1011 1203 1046 1231 τὰ
1060 1203 1206 1238 θεοκίνητα
1220 1201 1275 1228 τῶν
1291 1200 1441 1236 μαρτύρων
1458 1200 1505 1227 καὶ
1530 1198 1664 1231 στάζοντα
1683 1199 1737 1232 τὴν
1760 1197 1805 1223 εὐ-

1012 1249 1122 1276 σέὁειαν
1141 1249 1209 1283 νέφη
1225 1257 1232 1264 ·
1251 1247 1350 1274 ἔϐλεπε
1371 1245 1470 1278 ταῦτα,
1493 1245 1542 1273 καὶ
1567 1244 1620 1271 ποῦ
1644 1241 1679 1280 ἦν
1709 1243 1806 1273 καλὸν,

1011 1295 1064 1322 ποῦ
1081 1295 1111 1323 δὲ
1120 1295 1235 1327 δίκαιον,
1245 1293 1298 1321 ποῦ
1312 1293 1341 1321 δὲ
1362 1292 1526 1327 θεοπρεπὲς,
1547 1291 1610 1322 ἵνα,
1633 1290 1703 1317 διότι
1726 1288 1808 1325 ἔμελ-

1012 1342 1058 1368 λεν
1075 1337 1115 1372 εἷς
1133 1339 1278 1376 ἄνθρωπος
1291 1338 1474 1375 ἁμαρτάνειν,
1486 1337 1581 1364 τοῦτον
1597 1337 1636 1372 μὴ
1653 1335 1808 1369 ἀναγαγεῖν

1013 1388 1045 1414 ὲκ
1058 1386 1097 1422 μὴ
1122 1386 1219 1419 ὀντων,
1235 1385 1283 1412 καὶ
1310 1384 1448 1412 τοσούτων
1468 1383 1586 1419 ἀνδρῶν,
1606 1378 1644 1409 ὧν
1668 1381 1732 1408 οὐδὲ
1746 1379 1808 1407 καθ’

1013 1435 1061 1461 ἕνα
1087 1433 1164 1467 ἄξιος
1191 1434 1205 1460 ό
1228 1432 1341 1467 κόσμος,
1366 1430 1453 1466 φορὰν
1469 1429 1617 1464 ἀνακόψαι,
1633 1427 1682 1454 καὶ
1697 1425 1810 1462 θερίσαι

1015 1479 1164 1516 πρόρριζον
1183 1479 1233 1513 τὴν
1242 1477 1381 1513 τοσαύτην
1396 1475 1445 1504 τοῦ
1467 1475 1564 1510 γένους
1590 1473 1740 1509 βλάστησιν
1760 1471 1809 1498 καὶ

1015 1523 1157 1560 καλλονὴν,
1178 1523 1225 1551 καὶ
1251 1523 1312 1551 κατ’
1326 1522 1412 1558 αὐτῆς
1436 1520 1585 1556 ἐπαφιέναι
1609 1518 1660 1554 τὴν
1684 1517 1810 1553 ἐκτομὴν

1016 1572 1062 1598 καὶ
1082 1570 1177 1606 ὀργὴν,
1190 1570 1237 1597 καὶ
1261 1569 1323 1596 τότε
1345 1568 1394 1595 τοῦ
1405 1567 1455 1604 τὴν
1464 1564 1605 1602 ἁμαρτίαν
1625 1564 1743 1600 ὕστερον
1754 1564 1812 1589 ἐλο-

1003 1618 1098 1654 ’μένου
1109 1616 1172 1644 οὔτε
1185 1615 1368 1653 ἀμαρτόντος,
1385 1613 1448 1642 οὔτε
1470 1613 1606 1648 ἁμαρτεῖν
1627 1609 1813 1647 μεμελετηκό-

1014 1672 1070 1695 τος.
1088 1663 1136 1690 ἅτε
1160 1656 1245 1699 μήπω
1271 1662 1334 1698 μηδ’
1345 1659 1503 1696 ὑφεστῶτος
1515 1667 1524 1692 ;
1537 1659 1568 1686 EI
1590 1657 1645 1693 γὰρ
1661 1655 1813 1692 σωφρόνων

1015 1709 1090 1735 ἐστὶν
1104 1708 1220 1744 ἀνδρῶν,
1235 1708 1267 1736 τδ
1290 1707 1480 1744 μελετήσαντα
1497 1704 1548 1741 μὲν
1569 1702 1744 1739 ἀμαρτῆσαι,
1777 1699 1814 1735 μὴ

1017 1755 1215 1791 ἀμαρτήσαντσ.
1239 1754 1279 1788 δὲ,
1310 1753 1348 1790 μὴ
1380 1752 1554 1788 εἰσπράττειν
1582 1749 1697 1780 εὐθύνας
1721 1747 1815 1783 ἀμαρ-

1016 1801 1146 1836 τημάτων
1154 1809 1161 1815 ·
1179 1800 1266 1826 εἵπου
1277 1807 1309 1834 γε
1320 1799 1354 1826 ἂν
1363 1799 1406 1834 εῐη
1417 1797 1485 1825 θεοῦ
1495 1817 1503 1830 ,
1529 1797 1576 1823 τὸν
1593 1815 1601 1828 ,
1628 1794 1697 1830 μηδὲ
1735 1791 1815 1828 μελε-

1018 1847 1141 1881 τήσαντα
1155 1844 1361 1881 ὲξαμαρτῆσαι,
1378 1843 1426 1875 τὰς
1439 1842 1495 1869 τῶν
1508 1839 1712 1877 ἡμαρτηκότων
1731 1838 1815 1865 ἀπαι-

1019 1893 1077 1918 τεῖν
1092 1891 1181 1924 δίκας,
1197 1891 1245 1918 καὶ
1260 1890 1322 1917 τότε
1341 1888 1462 1925 χαλεποῦ
1478 1887 1528 1922 μὲν
1544 1887 1622 1917 ὄντος
1647 1884 1695 1912 τοῦ
1722 1884 1816 1919 ἀμαρ-

1019 1938 1051 1973 τή
1057 1945 1141 1973 ματος
1165 1936 1236 1973 (πῶς
1250 1937 1306 1972 γάρ
1323 1935 1354 1962 οὐ
1374 1934 1492 1970 χαλεπὸν
1503 1932 1633 1968 ἀθέτησις
1644 1928 1816 1973 Δεσποτικῇς

1020 1971 1131 2017 ἐντολῆς
1143 1971 1174 2017 ;),
1186 1981 1238 2008 οὐκ
1263 1971 1373 2008 ἀνιάτου
1387 1980 1416 2007 δὲ
1431 1978 1562 2014 ἐσομένου
1585 1977 1619 2012 τῇ
1635 1975 1733 2009 ἁφάτῳ
1753 1971 1815 2007 cpti-

1021 2026 1165 2062 ανθρωπίᾳ
1192 2025 1240 2053 τοῦ
1267 2023 1495 2057 Πλάσαντος,κιὶ
1515 2021 1563 2049 τοῦ
1589 2019 1815 2057 πρωτοπλάστου,

1022 2072 1062 2103 εἰς
1079 2073 1129 2107 τὴν
1145 2071 1263 2107 ἀρχαίαν
1277 2069 1463 2105 ὲπανάγεσθαι
1488 2067 1633 2104 μέλλοντος
1656 2064 1797 2099 εὐγένειαν
1808 2069 1814 2076 ·

1023 2117 1095 2149 ὥστε
1120 2118 1145 2144 εί
1168 2117 1206 2153 μὴ
1228 2117 1361 2153 προῆκτο,
1376 2115 1445 2142 διότι
1459 2114 1573 2150 ἔμελλεν
1588 2111 1725 2148 ἁμαρτεῖν
1739 2111 1754 2137 ὁ
1768 2109 1812 2142 ἁρ-

1023 2161 1146 2197 χέγονος,
1167 2161 1305 2188 ἐδείκνυτο
1320 2160 1354 2188 ἂν
1369 2160 1401 2187 τὸ
1411 2159 1500 2191 Θεῖον,
1518 2158 1566 2185 τὸν
1587 2157 1625 2193 μὴ
1643 2154 1817 2191 ἁμαρτάνον-

179 2206 213 2234 ad
233 2206 377 2245 pristinam
392 2213 469 2234 suam
496 2206 657 2242 dignitatem
673 2206 825 2239 reducturi,
849 2205 967 2233 benevo-

1070 2205 1203 2240 κολάζων,
1217 2207 1265 2235 καὶ
1284 2207 1334 2242 τῆς
1350 2205 1465 2241 ὕστερον
1489 2203 1665 2237 ἀνακλήσεως
1694 2201 1751 2246 καὶ,
1767 2207 1816 2229 σω-

176 2253 263 2280 lentia
290 2253 455 2286 admitteret.
486 2252 565 2286 Quod
591 2253 615 2280 si
639 2252 732 2287 itaque
761 2251 889 2279 conditus
914 2259 967 2280 non

1062 2253 1123 2288 ρίας
1137 2252 1310 2288 ἀποστερῶν,
1331 2252 1380 2279 καὶ
1400 2250 1537 2278 τοσούτων
1559 2247 1665 2284 ἀνδρῶν
1681 2245 1773 2273 καλῶν
1787 2252 1815 2271 τε

176 2299 275 2327 luisset
304 2298 375 2332 ideo,
404 2299 478 2334 quod
505 2299 611 2334 primus
639 2298 685 2326 ille
709 2297 792 2326 homo
809 2303 971 2333 peccaturus

1025 2301 1073 2327 καὶ
1091 2299 1202 2334 ἀγαθῶν
1219 2299 1322 2335 ἔρημον
1332 2298 1383 2334 τὴν
1398 2297 1488 2324 κτίσιν
1512 2294 1681 2330 ἀποφαίνων.

178 2352 246 2381 erat,
263 2347 336 2376 Deus
357 2347 451 2382 utique
485 2341 548 2374 talis
582 2346 657 2374 visus
675 2350 758 2379 esset,
781 2346 828 2382 qui
847 2352 874 2374 et
887 2346 1036 2380 hominem,
1054 2347 1159 2383 peccati
1191 2347 1313 2375 nondum
1344 2353 1432 2378 reum,
1453 2343 1602 2380 puniisset,
1629 2345 1657 2368 et
1690 2343 1815 2367 secutura

179 2394 355 2422 revocatione
383 2401 414 2421 ac
432 2392 520 2421 salute
551 2393 683 2428 privaret,
699 2398 854 2422 creaturam
872 2392 991 2429 denique
1003 2397 1044 2424 tot
1070 2398 1098 2422 et
1112 2398 1165 2421 tam
1181 2393 1322 2430 praeclaris
1342 2392 1477 2426 bonisque
1486 2389 1644 2418 hominibus
1657 2386 1810 2422 spoliasset.

179 2453 343 2487 QUASSTIO
363 2452 454 2482 CLXII
475 2452 570 2490 [CoisL
585 2453 685 2489 CXCII,
707 2454 790 2482 Taur.
808 2453 975 2490 CLXXXII].

180 2509 252 2542 Quid
263 2510 410 2545 signiﬁcat,
426 2519 435 2537 ι
449 2510 645 2545 Primogem'lus
657 2511 741 2539 omnis
755 2517 884 2540 creatura:
894 2514 948 2540 ‘"?
963 2523 973 2540 ι

1280 2450 1449 2481 ΕΡΩΤΗΣΙΣ
1471 2450 1553 2477 ΡΞΒ’.

1092 2513 1122 2539 Τί
1135 2511 1201 2539 ἐστι
1210 2518 1217 2527 η
1234 2519 1242 2536 ι
1256 2509 1447 2544 Πρωτότοκος
1460 2506 1563 2540 πάσης
1578 2505 1722 2537 κτίσεως-ς
1737 2513 1748 2530 2

287 2569 415 2595 Editarum
426 2578 440 2596 a
450 2571 541 2597 Wolﬁo
557 2571 676 2604 vigesima
690 2572 777 2605 quinta
788 2574 816 2605 (l.
827 2581 861 2605 c.,
871 2582 895 2606 p.
907 2575 967 2600 800-

1061 2573 1167 2600 Galland.
1181 2578 1204 2603 p.
1220 2570 1276 2601 ἰι-ι,
1286 2569 1344 2601 οιε,
1357 2575 1382 2593 ιι.
1395 2568 1446 2598 te).
1459 2580 1490 2585 —
1501 2567 1528 2591 In
1540 2566 1631 2591 Coloss.
1643 2567 1660 2595 ν,
1673 2563 1713 2589 ιδ.

216 2621 330 2654 Quando
341 2622 443 2652 Paulus
458 2634 467 2651 ι
481 2626 693 2662 primogenitum
708 2628 799 2656 omnis
814 2633 948 2656 creaturae
958 2638 967 2656 ι

181 2667 299 2702 appellat
324 2668 504 2705 (Dominum),
521 2671 639 2699 hmrctici
659 2680 713 2700 non
727 2673 909 2708 recogitantes
938 2672 973 2701 de

219 2726 252 2742 "‘
264 2727 371 2765 Coloss.
386 2736 406 2762 ι,
430 2729 474 2757 I5.

1061 2627 1122 2653 ’Ὁτι
1130 2624 1177 2652 τοῦ
1189 2623 1262 2651 θείου
1273 2621 1379 2656 Παύλου
1389 2619 1535 2651 είπόντος,‹
1547 2618 1724 2654 Πρωτότοκος
1732 2616 1816 2649 πάσης

1025 2672 1152 2704 κτίσεως,
1165 2680 1174 2696 ι
1192 2670 1217 2697 oi.
1230 2667 1374 2705 αἰρετικοὶ,
1387 2665 1465 2701 φησὶ,
1478 2664 1534 2700 (90)
1547 2665 1585 2701 μὴ
1596 2664 1742 2700 νοήσαντες
1756 2659 1815 2696 περὶ

962 2764 1082 2793 NOTAE.

219 2821 320 2858 (θθῌιι
333 2830 384 2850 ms.
403 2831 478 2858 φασι,
491 2822 563 2857 quod
591 2827 678 2849 tamen
707 2822 742 2849 ob
775 2830 892 2858 sequens
907 2830 967 2849 κατι

1061 2830 1130 2855 ουσι,
1155 2822 1245 2851 locum
1265 2821 1366 2850 habere
1397 2828 1452 2850 non
1478 2822 1579 2855 potest.
1609 2817 1703 2851 Itaque
1723 2810 1811 2847 scripsi

184 2857 258 2894 enat.
276 2857 404 2887 Fortasse
419 2857 607 2894 Cbrysostomi
625 2857 681 2885 haec
698 2861 773 2885 sunt.
