1863 3064
46 129 85 161 8l9

45 186 103 216 mla;
114 183 218 215 κτίσεως
231 183 318 218 λέγει.
331 183 370 216 είς
388 183 493 220 κτίσμα
511 184 559 211 τὸν
574 184 639 212 Υίδν
649 185 674 211 ol
687 185 799 220 ἀνόητοι
814 189 836 217 Λ

45 229 223 262 καταϐιϐάζουσι
236 237 243 244 ·
265 228 342 264 διττὴ
358 228 413 264 δὲή
432 229 529 262 κτίσις·
543 231 560 265 ἡ
575 230 626 265 μὲν
644 231 700 266 γάρ
724 231 801 258 ἑστιν

44 275 219 311 ήγεγενημὲνη,
244 276 261 311 ἡ
276 275 333 310 δὲή
360 275 605 311 ἀνακαινιζομένη.
633 276 720 308 Αὐτὸς
745 277 801 313 γὰρ

44 322 123 352 Παῦλος
144 321 204 356 βοᾷ·
224 331 233 347 ι
253 321 328 352 Εἴτις
348 321 377 347 ὲν
404 321 534 356 Χριστῷ,
555 321 638 357 καινὴ
663 322 769 355 κτίσις·
789 332 798 349 ι

44 366 74 392 in
83 366 105 391 δὲ
119 364 244 400 λαμπρῶς
262 365 402 401 ἀποδείξῃ,
415 365 457 392 ὅτι
482 367 532 400 τῆς
558 367 802 403 ἀνακαινισθείσης

44 413 133 443 κτίσεως
139 412 208 446 λέγει
217 412 391 447 πρωτότοκον
397 412 441 439 τὸν
447 413 469 439 Χ
474 413 576 448 ριστὸν,
583 413 690 447 ἐπάγει·
700 423 710 439 ι
721 413 801 449 Πρω-

43 459 126 489 τότοκες
136 459 164 484 ἐκ
176 457 291 493 νεκρῶν,
308 458 353 485 ἵνα
363 458 476 493 γένηται
489 459 518 485 ὲν
529 459 598 485 πᾶσι
610 459 760 495 πρωτεύων
769 468 775 475 ·
789 468 799 485 ›

44 500 162 537 πρωτεύων
175 502 230 528 τῶν
244 502 443 537 ἁνακαινιζομέ
449 511 509 536 νων,
520 503 576 530 τῶν
592 504 633 536 είς
646 504 803 539 ἀφθαρσίαν

43 548 209 583 καλουμένων.
229 548 284 574 τῶν
316 548 348 574 ἐκ
376 547 480 584 νεκρῶν
506 549 705 584 ἐγειρομένων
727 558 803 585 πρω-

43 593 118 624 τεύων,
130 594 157 620 οὗ
185 593 258 620 κατὰ
280 593 329 629 τὴν
358 593 475 630 Θεότηεα
488 601 496 609 ·
512 595 604 629 ἄπαγε
615 603 622 611 ι
638 595 717 631 ὕϐρις
747 595 802 632 γὰρ

42 638 92 673 Θεῷ.
105 638 132 664 τὸ
145 638 283 665 καλεῖσθαι
304 637 414 674 πρῶτον
439 638 494 666 τῶν
524 640 694 674 κτισμάτων,
706 640 734 671 ὃς
752 640 802 676 άρ-

42 685 97 720 ρἠῳ
109 685 172 720 λόγῳ
187 685 236 712 καὶ
246 685 418 721 ἀνεπινοήτῳ
434 685 557 721 ὑπεροχῇ
573 686 665 720 πάσης
681 686 803 722 ὑπερήρ-

41 739 100 765 tnta:
114 732 156 758 καὶ
169 731 224 767 (91)
241 731 419 768 ὑπερίδρυται
433 731 542 767 φύσεως
557 739 564 746 ·
581 731 650 758 ἀλλὰ
668 731 803 767 πρωτεύει

42 777 93 802 κατὰ
108 786 136 811 γε
156 778 205 813 τὴν
219 777 430 814 άνθρωπότητα,
446 777 568 812 ἀρχηγὸς
591 778 670 813 ἡμῶν
684 777 804 813 γεγονὼς

40 823 76 855 τῆς
89 823 263 854 ἀναστάσεως,
277 824 326 850 καὶ
342 818 393 858 τῆς
409 824 443 850 ἐκ
465 823 569 858 φθορᾶς
589 824 628 855 εἰς
647 824 804 860 ἀφθαρσίαν

41 869 292 904 μεταστοιχειώσεως.
310 869 340 895 Ei
355 877 409 904 γαρ
433 870 447 896 ὁ
473 869 529 904 (92)
551 869 646 901 Ἠλίας
670 870 717 896 τὸν
748 870 806 896 υἱὸν
822 864 843 891 Β

40 914 75 948 τῆς
86 915 163 950 χήρας
177 916 284 950 ἤγειρε.
303 915 351 942 καὶ
371 915 523 946 Ἐλισσαῖος
536 915 582 942 τὸν
593 915 642 950 τῆς
651 915 805 951 Σωμανίτι-

39 959 80 991 δας.
93 961 134 987 καὶ
151 961 232 993 αὐτὸς
243 962 257 988 ὁ
273 961 369 996 Σωτὴρ
385 961 511 997 τεταρτον
526 961 590 988 τὸτα
606 961 733 997 Λάζαρον
749 971 809 990 συν-

40 1006 203 1042 εξιινέστησεν,
219 1008 276 1034 ἀλλ’
293 1007 382 1039 οὐδεὶς
403 1007 493 1035 αὐτῶν
519 1007 575 1042 (93)
596 1008 636 1039 είς
652 1008 808 1043 ἀφθαρσίαν

40 1052 73 1077 mi
85 1052 228 1079 ἀθανασίαν
239 1053 380 1088 ἐξανέστη.
395 1053 482 1080 Πάλιν
495 1053 551 1089 γὰρ
563 1053 656 1080 ἀὐτῶν
673 1054 728 1089 (94)
738 1055 752 1080 ό
761 1054 809 1081 Θά-

41 1105 99 1129 νατος
114 1098 279 1133 ἐκυρίευσεν.
297 1099 416 1134 Χριστὸς
427 1098 456 1126 δὲ
470 1099 589 1131 ἀναστὰς
601 1099 632 1125 ὲκ
641 1099 747 1136 νεκρῶν
758 1100 808 1126 οὐκ

39 1143 68 1169 ἔτι
83 1145 253 1181 ἀποθνήσκει,
278 1145 394 1178 θάνατος
419 1146 503 1173 αὐτοῦ
523 1147 574 1173 οὐκ
600 1146 641 1173 ἔτι
673 1145 808 1182 κυριεύει.

43 1189 98 1216 Ἀλλ’
107 1190 163 1218 οὐδὲ
190 1191 315 1225 ἐκείνων,
330 1192 377 1222 οὓς
401 1192 472 1219 κατὰ
494 1192 544 1228 τὴν
566 1193 696 1227 δευτέραν
726 1191 810 1219 αὑτοῦ

39 1237 167 1271 παρουσίαν
181 1237 344 1272 ἀναστήσει.
363 1238 395 1264 ’Ὠ
412 1237 501 1272 κακῆς
524 1237 571 1264 καὶ
595 1237 712 1272 ἄφρονος
732 1237 810 1273 ἡμῶν

39 1281 128 1316 γνώμης
141 1283 147 1309 l
165 1280 248 1318 ἦλθεν
260 1283 275 1309 ὁ
289 1282 405 1318 Χριστὸς
431 1283 500 1318 πρὸς
520 1283 594 1318 ἡμᾶς
604 1303 611 1316 ,
630 1283 730 1310 ἔδωκεν
744 1284 811 1319 ἡμῖν

39 1325 140 1352 τδαὺτοῦ
157 1326 272 1362 Πνεῦμα
290 1327 359 1362 (95),
384 1326 432 1354 καὶ
454 1327 588 1355 ἀνέλαϐεν
621 1328 652 1355 τδ
677 1329 812 1364 ἡμέτερον

39 1371 109 1405 σῶμα,
121 1372 166 1399 καὶ
175 1374 206 1399 τὺ
221 1372 399 1409 συνάλλαγμα
407 1373 542 1409 προῆλθεν
556 1383 563 1390 ·
575 1375 624 1401 καὶ
634 1374 725 1402 λαϐὼν
734 1374 812 1410 ἡμῶν

38 1417 60 1442 τὺ
82 1417 189 1454 φύραμα
213 1419 356 1454 άνύψωσεν
386 1419 464 1452 αὐτὸ,
478 1420 526 1446 καὶ
541 1420 669 1447 ἐκάθισεν
683 1421 713 1446 ἐν
737 1420 813 1456 δεξιᾷ

38 1462 74 1488 τοῦ
98 1463 218 1499 Πατρός·
239 1465 287 1491 καὶ
315 1465 334 1501 ἡ
363 1465 545 1501 ἀγνωμοσύνη
576 1466 627 1500 τὴν
654 1466 814 1500 εὐεργεσίαν

39 1507 289 1546 ὑϐρίζειθὲλάὸομεν
319 1511 348 1544 ἐξ
372 1511 456 1537 αὑτοῦ
470 1511 502 1538 τὸ
525 1511 651 1547 Πνεῦμα,
669 1512 715 1538 καὶ
737 1511 814 1548 669i-

40 1552 104 1589 ξομεν
127 1557 154 1583 ὲν
176 1557 311 1593 κτίσμασι
341 1558 389 1584 καὶ
417 1557 524 1589 δούλοις
551 1557 618 1584 αὐτὸ
646 1557 812 1592 καταλέγον-

38 1607 81 1631 τες.

39 1644 97 1675 hanc
109 1649 226 1684 injurius
249 1655 302 1678 est.
316 1650 445 1679 Naturam
459 1659 492 1678 ex
507 1651 588 1679 nobis
601 1651 800 1687 assumpsit,et
829 1659 846 1679 a

447 128 498 158 AD
517 128 812 159 AMPHILOCHIUM
825 127 999 174 QUIESTIO
1025 127 1141 165 CLXII,
1158 127 1290 158 CLXIII.

1597 126 1650 158 850

854 186 928 220 quali
942 190 1068 213 creatura
1078 184 1326 220 loquatur,Filium
1342 183 1502 220 insipientes
1525 185 1551 212 in
1574 193 1650 213 crea-

853 235 977 258 turarum
995 238 1140 258 numerum
1158 230 1318 258 detrttdunt.
1334 229 1393 258 Jam
1411 237 1476 258 vero
1492 229 1593 266 duplex
1607 236 1649 258 est
1696 232 1703 234 “

851 282 987 305 creaturae
1009 284 1120 312 genus:
1142 277 1196 304 alia
1215 281 1257 304 est
1279 276 1407 309 condita,
1431 276 1482 304 alia
1508 282 1649 305 renovata.

853 322 912 359 ipse
926 323 1000 351 enim
1026 321 1128 350 Paulus
1140 323 1259 350 clamat:
1277 331 1286 349 ι
1307 322 1335 350 Si
1349 321 1409 357 quis
1423 323 1449 350 in
1465 322 1576 351 Christo
1597 329 1650 356 est,

852 376 922 396 nova
934 373 978 397 est
995 373 1120 396 creatura
1136 368 1158 384 ¹³
1170 388 1177 395 .
1200 377 1210 394 ι
1230 367 1266 395 Ut
1285 375 1349 395 vero
1360 369 1433 396 clare
1448 369 1606 396 ostenderet
1621 377 1651 396 se

853 413 994 442 Christum
1019 414 1232 450 primogenitum
1256 413 1348 442 dicere
1360 434 1367 446 ,
1384 413 1478 442 habito
1493 413 1526 441 ad
1540 419 1650 442 creatu-

853 465 1079 488 ramrenovatam
1092 462 1229 495 respectu,
1247 459 1407 495 subiungit:
1423 468 1433 486 ι
1452 459 1651 495 Primogeuitus

852 514 885 536 ex
901 508 1028 540 mortuis,
1048 512 1078 534 ut
1095 507 1243 542 primatum
1257 507 1328 534 inter
1342 512 1437 535 omnes
1462 505 1626 535 obtineat“:
1639 517 1648 533 ν

853 555 1000 590 primatum
1033 553 1139 581 scilicet
1168 552 1240 582 inter
1268 560 1327 584 eos.
1355 553 1401 588 qui
1432 553 1556 580 renovati
1577 549 1670 586 sunt,!

854 589 901 635 qui
917 599 950 626 ad
967 598 1256 633 incorruptibilitatem
1276 597 1384 631 vocati,
1410 597 1456 633 qui
1479 605 1512 625 ex
1537 597 1652 625 mortuis
1669 589 1671 593 ’

854 644 981 677 excltati;
1006 643 1154 679 primatum
1180 639 1271 677 tenet,
1298 651 1351 671 non
1386 642 1538 671 secundum
1565 643 1654 671 deita-

853 695 908 720 tem
925 698 932 722 ;
954 689 1026 716 absit
1041 689 1093 718 hoc
1109 689 1115 716 l
1136 689 1267 724 injurium
1287 688 1360 716 enim
1376 687 1468 720 fuerit,
1487 687 1573 715 Deum
1594 688 1652 722 pri-

854 745 928 766 mum
943 744 1130 766 creaturarum
1152 736 1253 767 vocari.
1263 734 1309 771 qui
1330 735 1436 763 ratione
1450 735 1568 770 quadam
1583 733 1650 761 inef-

855 785 932 813 fabili
955 789 983 812 et
1001 783 1198 820 praerogativa,
1222 782 1360 809 intellectu
1387 789 1440 808 non
1469 780 1651 816 assequenda.

856 838 940 866 supra
956 838 1067 858 omnem
1086 833 1213 856 naturam
1229 828 1336 863 positus
1351 832 1379 855 et
1395 831 1507 855 evectus
1524 831 1575 854 est.
1600 827 1654 854 Sed

859 878 1006 914 primatum
1023 880 1095 904 tenet
1111 875 1262 903 secundum
1280 873 1490 905 humanitatem,
1502 873 1557 900 dux
1573 872 1654 900 nobis

858 924 947 952 factus
962 923 996 950 ad
1012 921 1251 950 resurrectionem.
1266 924 1293 947 et
1312 919 1345 947 ad
1362 918 1651 953 incorruptibililatem

857 977 890 997 ex
908 969 1086 1003 corruptione
1101 965 1330 1002 consequendam.
1343 964 1474 998 Quamvis
1490 964 1563 991 enim
1580 963 1656 990 Elias

858 1016 948 1043 viduae
970 1014 1057 1041 lilium
1082 1012 1222 1045 excitavit,
1239 1011 1369 1038 Elissteus
1385 1018 1450 1037 vero
1471 1010 1547 1037 illum
1564 1009 1655 1036 Suna-

859 1060 977 1092 mitidis,
1006 1058 1136 1087 Servatur
1161 1057 1280 1092 denique
1305 1061 1398 1084 noster
1426 1055 1578 1087 Lazarum,
1607 1062 1656 1089 per
1683 1077 1688 1081 .

859 1106 1036 1141 quatriduum
1059 1108 1211 1134 mortuum,
1232 1102 1258 1129 in
1284 1100 1368 1128 vitam
1393 1099 1550 1132 remeavit;
1574 1106 1656 1126 nemo

861 1156 952 1178 tamen
968 1156 1063 1177 eorum
1089 1148 1123 1175 ad
1141 1145 1428 1182 incorruptibilitatem
1445 1149 1471 1171 et
1493 1142 1656 1170 immortali-

861 1199 945 1222 tatem
965 1192 1126 1220 resurrexit.
1149 1190 1221 1218 Mors
1236 1190 1309 1218 enim
1333 1189 1361 1216 in
1377 1185 1437 1215 illbs
1454 1188 1552 1215 iterum
1568 1185 1657 1213 domi-

862 1244 927 1267 nata
943 1243 994 1266 est.
1012 1237 1140 1265 Christus
1163 1244 1240 1269 vero,
1257 1239 1402 1270 postquam
1429 1232 1598 1260 ex.mortuis
1613 1239 1657 1258 re-

861 1284 993 1316 surrexit,
1007 1291 1062 1311 non
1085 1282 1183 1309 iterum
1208 1281 1336 1311 moritur.
1361 1286 1437 1306 mors
1460 1278 1486 1304 in
1513 1277 1588 1304 illum
1603 1283 1656 1303 non

863 1330 981 1365 amplius
997 1329 1155 1356 dominatur
1169 1328 1204 1360 ιδ,
1221 1327 1293 1355 sicut
1319 1332 1369 1353 nec
1392 1324 1419 1352 in
1447 1331 1506 1356 eos,
1541 1329 1611 1357 quos
1630 1321 1658 1348 in

864 1375 986 1405 secundo
1000 1374 1119 1402 adventu
1133 1380 1183 1400 suo
1197 1371 1335 1400 excitabit.
1353 1371 1376 1398 Ο
1392 1369 1535 1398 sinistrum
1550 1373 1576 1395 et
1590 1368 1659 1395 insi-

863 1421 942 1456 piens
967 1423 1092 1446 n0strum
1115 1416 1272 1453 judicium!
1297 1415 1426 1444 Christus
1446 1414 1519 1441 venit
1535 1413 1569 1441 ad
1585 1419 1659 1439 nos:

865 1466 940 1494 dedit
952 1464 1033 1492 nobis
1049 1463 1183 1499 Spiritum
1198 1470 1279 1490 suum
1293 1471 1299 1489 :
1316 1460 1467 1496 assumpsit
1479 1467 1544 1487 vero
1560 1465 1661 1492 corpus

865 1514 991 1537 nostrum
1007 1517 1014 1535 :
1033 1508 1104 1535 facta
1119 1510 1161 1534 est
1178 1506 1343 1541 permutatio
1360 1513 1369 1532 :
1387 1511 1507 1532 massam
1524 1503 1597 1531 enim
1610 1509 1661 1530 no-

865 1561 950 1584 stram
961 1559 1130 1590 assumptam
1141 1553 1242 1586 evexit,
1258 1557 1286 1581 et
1297 1553 1330 1581 ad
1343 1552 1467 1580 dextram
1479 1551 1566 1579 Patris
1576 1550 1662 1578 collo-

865 1602 948 1630 cavit.
977 1601 1036 1629 Jam
1053 1609 1117 1629 vero
1140 1601 1263 1636 ingratus
1288 1600 1397 1628 animus
1411 1599 1439 1626 in
1454 1598 1663 1626 beneﬁcentiam

864 1650 968 1678 dextris
993 1649 1083 1677 Patris
1111 1648 1279 1677 collocavit:
1304 1656 1354 1676 nos
1381 1647 1416 1675 ab
1441 1647 1488 1675 illo
1505 1646 1662 1681 accepimus

40 1691 170 1732 5liiritum;
188 1701 218 1726 et
234 1698 274 1726 vel
300 1698 340 1726 sic
357 1698 458 1734 injuria
470 1699 605 1727 allicimus
631 1699 703 1726 inter
717 1703 857 1726 creaturas
872 1701 901 1725 et
917 1704 1012 1725 servos
1023 1696 1100 1723 illum
1119 1700 1303 1723 numerantes.

283 1788 452 1815 ΕΡΩΤΗΣΙΣ
469 1788 553 1816 ΡΞΓ.

174 1896 205 1922 Τί
215 1895 283 1922 ἐστι
295 1895 402 1929 δέησις
414 1896 464 1924 καὶ
484 1897 659 1932 προσευχή;

976 1784 1141 1818 QUAESTIO
1174 1783 1275 1811 CLxut
1309 1782 1403 1818 [(ξοίιί.
1437 1780 1557 1815 cxcui,

1133 1819 1215 1847 Tuur.
1230 1816 1409 1854 CLXXXIII].

1014 1899 1086 1934 Quid
1099 1904 1139 1927 est
1152 1899 1257 1933 δέησις
1270 1905 1295 1927 ει
1318 1899 1475 1934 προσευχή
1487 1899 1527 1926 "i

269 1980 399 2006 Editarum
411 1989 425 2006 a
439 1982 528 2007 Wolfio
540 1983 660 2014 vigesima
670 1986 743 2009 sexta
756 1985 785 2017 (1.
798 1991 831 2015 c.,
843 1986 938 2018 p.802,
949 1987 1005 2012 805.
1020 1988 1132 2013 Galland.
1151 1995 1176 2020 p.
1188 1987 1244 2019 747,
1254 1987 1310 2018 7i8,
1328 1994 1353 2012 n.
1369 1986 1419 2018 η).

66 2065 130 2097 Ὅτι.
138 2067 218 2103 φησὶ,
228 2067 284 2103 (96)
294 2067 386 2103 δέησις
394 2069 443 2104 μὲν
450 2068 571 2103 λέγεται,
578 2069 641 2097 ὅταν
649 2079 694 2102 τις
700 2070 745 2097 τὸν
753 2070 822 2098 Θεὸν

39 2110 96 2142 ἀξιοῖ
107 2114 146 2145 είς
161 2115 282 2149 πρᾶγμα
294 2123 302 2129 ·
316 2115 456 2150 προσευχὴ
467 2115 508 2147 δὲ,
523 2116 587 2142 ὅταν
596 2116 667 2152 ὑμνῇ
679 2117 725 2144 τὸν
736 2117 818 2144 Θεόν’

910 2075 1028 2110 Δέησις,
1054 2074 1159 2110 inquit.
1184 2074 1296 2106 dicitur,
1318 2073 1428 2108 quando
1443 2072 1505 2108 quis
1524 2071 1607 2099 Deum
1632 2072 1667 2099 ad

873 2127 918 2148 res
937 2127 1002 2148 suas
1021 2119 1205 2155 perﬁciendae
1221 2119 1335 2146 advocat
1351 2127 1357 2144 :
1382 2117 1535 2153 προσευχὴ.
1560 2117 1670 2152 quando

41 2156 188 2210 εὐχαριστία
199 2163 242 2191 δὲ,
256 2160 321 2187 ὅταν
337 2169 380 2192 τις
396 2161 466 2196 ὑπὲρ
477 2157 515 2189 ὧν
532 2161 644 2194 ἔπαθεν,
660 2162 741 2198 χάριν
756 2162 807 2189 ἀνθ

912 2173 958 2193 um
973 2165 1066 2193 laudat
1082 2174 1089 2192 :
1107 2164 1281 2200 εὐχαριστία,
1298 2163 1409 2199 quando
1426 2170 1476 2198 pro
1488 2161 1607 2197 acceptis
1623 2162 1672 2189 be-

40 2203 141 2240 ιμολογῇ
151 2205 192 2242 τῷ
210 2206 271 2242 Θεῷ
280 2215 288 2223 ι
305 2207 416 2242 ὲντυχία
426 2206 466 2242 δὲ,
482 2208 547 2235 ὅταν
558 2217 599 2238 τις
612 2209 683 2236 κατὰ
693 2208 749 2235 τῶν
764 2209 822 2236 eai-

40 2248 146 2279 κούντων
159 2252 317 2288 ἐντυγχάνῃ
328 2253 367 2288 τῷ
378 2253 439 2290 Θεῷ
450 2254 688 2290 προσκαλούμενος
700 2254 758 2291 (97)
771 2254 821 2281 αὐ-

40 2294 75 2320 τὸν
89 2297 127 2327 εις
138 2297 295 2332 ὲκδίκησιν.
312 2298 374 2325 Ὅτι
394 2299 421 2325 δὲ
435 2299 465 2326 τὺ
486 2300 662 2335 ἐντυγχάνειν
687 2301 737 2327 οὐκ
751 2300 821 2333 ἐστι,

42 2341 118 2375 νησὶν,
138 2342 287 2376 ἱκετεύειν,
312 2343 369 2370 ἀλλ’
389 2344 512 2379 ἐρωτᾷν,
536 2346 582 2372 καὶ
602 2346 764 2380 ἀπόκρισιν
774 2345 823 2372 δό-

41 2386 141 2419 χεσθαι,
156 2386 260 2421 λέγειό
274 2387 340 2419 Θεὸς
353 2389 423 2424 πρὸς
433 2390 478 2417 τὸν
496 2390 599 2417 Ἠλίαν·
613 2400 622 2416 ι
642 2390 674 2417 Τί
687 2392 721 2418 σὺ
731 2390 827 2418 ἐνταῦ-

68 2460 113 2489 ¹⁸ΙΙ
127 2465 194 2496 Cor.
211 2473 238 2499 ν,
255 2466 287 2493 Π
336 2466 470 2495 “Coloss.
488 2476 508 2500 ι,
521 2468 564 2496 i8.
602 2468 624 2485 "
639 2467 718 2497 Rom.
735 2476 772 2502 vt,
796 2467 823 2496 9.

875 2209 980 2236 neiiciis
995 2209 1098 2245 gratias
1113 2207 1167 2235 Deo
1179 2207 1234 2242 agit
1247 2216 1255 2234 :
1269 2207 1379 2242 ἐντυχία
1391 2214 1465 2239 vero,
1481 2206 1594 2240 quando
1608 2205 1670 2240 quis

876 2254 1009 2281 adversus
1025 2253 1142 2288 iujurios
1159 2252 1244 2280 Deum
1260 2252 1426 2287 interpellat,
1445 2258 1565 2286 eumque
1580 2250 1613 2277 ad
1630 2250 1672 2277 ul-

876 2300 978 2326 tionem
999 2299 1159 2327 sumendam
1184 2299 1295 2327 excltat.
1310 2298 1387 2332 Quod
1405 2304 1480 2329 vero,
1506 2295 1605 2331 inquit,
1629 2295 1673 2322 ένο

877 2344 1022 2379 τυγχάνειν
1050 2351 1102 2371 non
1118 2343 1188 2371 idem
1213 2343 1249 2371 sit
1262 2343 1335 2377 quod
1351 2341 1496 2374 ίκετένειν,
1521 2340 1569 2368 sed
1601 2339 1673 2366 idem

882 2389 975 2425 potius
991 2388 1065 2423 quod
1081 2388 1254 2423 interrogare,
1269 2390 1297 2414 ct
1310 2393 1464 2421 responsum
1479 2383 1608 2419 accipere,
1628 2389 1676 2414 ap.

863 2468 885 2485 “
899 2468 908 2495 Ι
923 2467 993 2496 Tim.
1008 2475 1037 2500 ιι,
1053 2467 1078 2494 l.

790 2557 896 2588 NOTAE
902 2577 909 2586 .

70 2644 119 2682 (Si!)
138 2646 333 2682 ὐπερήρτηται
347 2647 404 2679 καί,
419 2654 453 2675 ex
464 2647 582 2675 Colbert.

70 2680 122 2714 (92)
135 2682 184 2709 καὶ
196 2680 312 2714 "Hild;
329 2682 407 2709 Coll).

138 2717 220 2744 Colb.
237 2726 286 2753 pro
301 2718 392 2745 αὐτόν.

71 2751 123 2788 (οι)
143 2754 184 2788 [ta
202 2751 293 2780 scribo
315 2761 365 2788 pro
381 2752 474 2781 αὐτόν.

73 2786 126 2821 (95)
143 2787 276 2823 Eoriassr.
295 2786 439 2823 legendum
469 2794 511 2816 est
537 2790 630 2821 αὐτόν,
654 2794 684 2817 ut
700 2789 732 2816 ad
748 2789 830 2817 Citri-

43 2825 107 2849 sutm
122 2822 273 2858 referatur,
287 2822 399 2858 quando
427 2825 545 2856 nuncad
563 2824 685 2861 Πνεῦμα,
703 2825 828 2860 proxime

887 2649 1062 2680 antecedens,
1078 2652 1192 2683 spectat.

915 2685 972 2721 (96)
987 2678 1174 2721 Chryso'stomi
1189 2684 1245 2710 lucc
1260 2685 1335 2721 sunt,
1350 2687 1431 2721 quem
1440 2678 1544 2721 ‘Nostcr
1553 2685 1618 2721 tum;
1630 2686 1678 2717 np-

880 2714 974 2757 pel‘lat’,
986 2714 1064 2757 apud
1084 2726 1147 2746 eum
1160 2721 1251 2757 tamen
1264 2717 1309 2757 illa
1325 2714 1365 2744 ad?
1385 2716 1418 2757 h._
1429 2715 1460 2757 ¹1.
1480 2722 1534 2742 non
1551 2714 1676 2757 ngenio.

880 2749 893 2819 ὲ
916 2749 974 2818 (εἴη
986 2749 1064 2818 οριι).
1084 2761 1133 2789 μιεο
1149 2753 1382 2790 προκαλούμενος.
1407 2751 1483 2780 Idem
1495 2757 1561 2779 mox
1577 2749 1618 2776 ἔτι
1630 2755 1682 2784 μευ,

897 2800 927 2819 στ
943 2813 950 2819 .
963 2799 1006 2819 ma
1018 2798 1044 2818 c.

897 2798 950 2827 στι,
963 2798 1044 2819 matc.
