1863 3064
239 130 289 162 851

818 133 951 163 ΡΗΟΤΙΙ
966 133 1220 164 ΡΛΤΒΙΑΒΟΗίΕ
1240 135 1296 166 CP.
1816 136 1854 168 852

239 191 315 223 paret
329 194 361 214 ex
375 194 418 219 eo,
434 186 506 221 quod
519 185 591 214 Deus
611 187 643 214 ad
659 187 745 214 Eliam
757 189 795 214 ait
810 197 816 216 :
835 198 844 214 ι
862 188 932 221 Quid
943 193 970 216 tu
984 189 1013 216 hit

1088 192 1122 222 Ια,
1135 190 1229 222 Ἠλία;
1242 200 1251 216 ι
1263 190 1442 226 ἀποκρίνεται
1452 190 1620 226 ἐρωτηθεὶςὸ
1633 191 1802 226 προφήτης-ι
1814 194 1854 227 Ζη-

237 232 306 268 agis,
322 231 396 258 Elia?
420 240 430 257 ι
447 231 497 259 Hic
513 231 696 266 interrogatus
721 233 852 267 propheta
870 233 1030 268 respondet:

241 285 250 302 ι
266 275 328 302 Zelo
351 275 455 303 zclatus
473 283 535 302 sum
562 280 671 309 propter
693 275 836 303 Dominum
859 277 1032 311 omnipoten-

180 342 182 346 ι
237 327 301 353 tem,
317 321 381 356 quia
396 326 421 348 te
435 322 616 348 deseruerunt
638 321 684 348 lilii
711 322 827 349 lsrael”
843 342 850 354 ,
873 331 883 349 ι
898 328 950 350 etc.
975 322 1031 350 Hoc

235 368 295 395 loco
313 376 366 395 non
387 373 429 395 est
447 368 538 403 δέησις
556 368 718 402 (precatio),
737 368 784 396 sed
805 368 981 404 interrogatio
1005 373 1032 397 et

235 414 392 447 responsio.
422 412 461 440 Ex
485 418 603 448 utroque
630 419 721 440 autem
750 415 873 441 nascitur
900 415 1029 447 ἔντευξις.

235 456 314 486 Unde
339 465 402 485 vero
420 458 470 486 hoc
491 457 665 486 manifestum
692 459 752 486 est?
767 458 838 485 Audi
853 458 968 486 Paulum
992 460 1029 488 ita

235 505 393 539 loquentem
412 512 418 530 :
436 513 445 529 ι
464 503 561 531 Nonne
580 504 683 540 legistis
705 505 776 539 apud
802 505 888 531 Eliam
914 506 1030 539 prophe-

236 555 302 583 tam,
317 550 389 585 quod
404 549 469 576 dicit
492 548 646 585 Scriptura,
660 550 732 585 quod
749 550 928 584 interpellarit
942 550 1028 578 Deum

234 601 328 623 contra
344 596 520 624 lsraelem”?
537 606 546 622 ι
574 595 667 631 Itaque
681 595 791 631 ἐντυχία
811 604 865 624 non
891 597 960 623 idem
987 601 1029 623 est

233 640 305 674 quod
320 639 423 675 δέησις.
439 640 528 675 Atque
552 639 609 667 haec
631 639 740 674 quidem
759 639 842 666 habet
865 639 1028 675 Chrysosto-

234 693 304 713 mus.
320 685 401 713 Juvat
415 694 478 713 vero
498 687 656 713 accuratius
672 686 699 712 in
721 686 819 712 harum
835 693 932 712 vocum
950 686 1027 713 diﬂ‘e-

232 731 346 757 rentiam
367 731 519 766 inquirere,
547 739 579 758 ac
603 731 685 758 simul
701 731 861 763 ostendere,
883 731 956 766 quod
973 739 1026 759 non

231 777 320 804 solum
336 776 413 812 copia
428 784 476 804 sua
495 777 617 804 dicendae
636 777 692 804 sint
717 776 852 809 suﬂicere,
878 777 923 804 sed
942 777 1024 804 etiam

231 822 295 854 illis,
311 822 357 856 qui
374 830 420 849 cas
440 822 568 849 solertius
589 826 715 849 excutere
737 822 882 856 voluerint,
912 822 1026 849 interne-

231 871 298 894 τοίω
318 872 346 894 et
363 867 444 894 salvae
459 871 617 902 appareant.

231 954 392 989 QU/ESTIO
402 954 505 982 CLXIV
519 955 613 991 [CoisL
623 954 739 987 CXCIV,
753 955 834 983 Taur.
844 953 1021 991 CLXXXIV].

233 1053 243 1069 α
262 1042 351 1079 Neque
368 1044 437 1071 enim
465 1044 544 1079 pudet
572 1052 613 1071 me
637 1043 774 1079 Evangelii
796 1045 927 1078 :juuitia
954 1044 1024 1071 enim

521 1089 621 1121 θείην,
642 1099 651 1115 ν
673 1094 725 1116 etc.

1083 235 1137 262 λῶν
1166 235 1291 271 ἐζήλωκα
1320 237 1414 271 Κυρίῳ
1447 236 1854 272 παντοκράτορι,ὁτιὲγκατέλι-

1083 281 1133 308 πύν
1153 290 1182 308 σε
1195 283 1248 308 υἱοὶ
1261 282 1380 318 Ἰσραὴλ,
1399 291 1409 307 ι
1422 282 1469 309 καὶ
1479 282 1556 316 ὲξῆς.
1576 283 1632 309 Καὶ
1656 282 1706 309 οὐκ
1730 283 1801 310 ἔστιν
1820 286 1854 311 ἒν-

1082 325 1170 352 τὶιῦθα
1196 326 1298 361 δέησις,
1325 326 1383 353 ἀλλ’
1399 325 1535 362 ἐρώτησις
1559 327 1605 354 καὶ
1630 327 1785 362 ἀπόκρισις.
1812 330 1854 355 Καὶ

1082 372 1193 406 γέγονεν
1237 373 1266 399 τὸ
1303 373 1333 406 ἐξ
1379 374 1480 409 ἀμφοῖν
1523 373 1653 405 ἔντευξις.
1695 374 1750 400 Καὶ
1787 375 1854 402 πόθεν

1081 418 1177 454 δῆλον;
1210 420 1317 446 Παύλου
1355 419 1480 454 λέγοντος
1522 419 1658 446 ἄκουσον
1687 429 1696 446 ι
1725 421 1780 447 Οὐκ
1818 422 1854 448 ἀν-

1081 465 1182 499 έγνωτε
1198 466 1227 492 ὲν
1244 465 1323 500 Ἠλίᾳ
1337 465 1376 499 τῷ
1391 466 1530 501 προφήτῃ,
1546 466 1572 492 τί
1592 465 1668 499 λέγει
1683 466 1700 501 ἡ
1714 466 1813 502 Γραφὴ,
1825 468 1854 498 ὡ,

1081 513 1240 547 ἐντυγχάνει
1255 511 1293 547 τῷ
1306 511 1378 546 Θεῷ,
1389 512 1460 538 κατὰ
1473 511 1520 538 τοῦ
1541 512 1649 547 Ἰσραήλ
1660 521 1668 545 ;
1687 521 1696 537 ι
1713 512 1811 538 Οὐκοῦν
1822 514 1854 538 ὲνε

1080 558 1160 593 τυχία
1181 559 1231 584 οὐκ
1252 558 1310 584 ἐστι
1332 558 1435 592 δέησις.
1460 557 1540 584 Ἀλλὰ
1564 557 1652 584 ταῦτα
1670 557 1720 593 μὲν
1736 559 1750 585 ὸ
1765 558 1854 594 Χρυςό-

1080 613 1191 638 στομος.
1208 605 1254 630 Δεῖ
1265 604 1288 630 δ’
1298 601 1344 630 οὖν
1357 603 1398 630 ἔτι
1413 604 1667 639 λεπτομερέστερον
1681 604 1731 635 τὰς
1739 604 1854 638 διαφορὰς

1078 649 1134 676 τῶν
1150 650 1304 685 είρημένων
1317 649 1460 684 ὀνομάτων
1468 649 1679 683 ἐπισκέψασθαι,
1693 650 1740 675 καὶ
1754 649 1854 675 ἐπιθεω-

1081 695 1174 730 ρῆσαι,
1187 695 1228 722 ὅτι
1242 696 1279 730 μὴ
1292 694 1331 730 τῷ
1348 694 1446 729 πλήθει
1459 694 1540 729 μόνον
1556 694 1637 721 ἱκανὰ
1648 692 1718 721 εἶναι
1728 693 1851 728 λέγεσθαι,

1078 741 1147 769 ἀλλὰ
1162 741 1272 772 καὶτοῖς
1288 740 1440 776 δεινότερον
1450 739 1659 772 διακωδωνίζειν
1675 740 1762 768 ταῦτα
1773 741 1854 776 βουλο-

1080 787 1171 821 μένοις
1183 786 1310 813 ἀνάλωτα
1323 786 1370 813 καὶ¹
1384 785 1580 821 ἀνεπηρέαστα
1593 785 1745 821 διαμένειν.

1331 952 1499 980 ΕΡΩΤΗΣῙΣ
1529 953 1608 980 ΡΞΔ’.

1080 1052 1089 1069 ι
1114 1043 1156 1070 οὐ
1170 1043 1226 1078 γὰρ
1241 1039 1464 1077 ἐπαισχύνομαι
1482 1041 1515 1069 τὸ
1537 1041 1740 1076 Εὺαῖγέλιον·
1757 1041 1854 1069 δικαιοσ

1252 1088 1332 1121 σύνη
1348 1087 1403 1122 γὰρ
1414 1087 1500 1119 Θεοῦ,
1521 1096 1529 1113 ι
1547 1086 1595 1113 καὶ
1606 1085 1689 1119 ἑξῆς.

290 1166 416 1192 Editarum
428 1174 442 1192 a
456 1166 545 1192 Wolﬁo
559 1164 679 1198 vigesima
689 1165 794 1197 septima
820 1166 849 1198 (l.
863 1172 896 1196 c.,
907 1173 932 1197 p.
949 1165 1013 1191 805-!

1088 1165 1178 1190 ialland
1189 1171 1211 1195 p.
1225 1164 1339 1195 τιὸ-750,
1360 1171 1386 1189 ιι.
1408 1164 1458 1195 ιδ).
1472 1163 1544 1187 -Ιιι
1565 1163 1637 1187 Rom.
1659 1169 1675 1194 ι,
1700 1163 1741 1193 ιθ,
1768 1162 1803 1187 ιτ.

263 1255 364 1282 Paulus
381 1255 421 1282 ait
436 1264 442 1282 :
464 1264 473 1280 ι
493 1254 552 1281 Non
570 1255 652 1290 pudet
672 1262 716 1282 me
733 1253 871 1289 Evangelii
887 1262 894 1280 :
910 1253 1016 1288 iustitia

226 1301 299 1328 enim
318 1300 365 1327 Dei
381 1300 408 1327 in
425 1300 471 1327 illo
486 1301 633 1327 rcvelatur.
649 1309 659 1326 ι
676 1299 818 1334 Quomodo
833 1307 897 1327 vero
910 1299 1016 1333 justitia

227 1346 274 1373 Dei
294 1346 322 1373 in
346 1346 392 1373 illo
408 1346 559 1373 revelatur?
584 1346 743 1381 quomodo?
766 1347 887 1381 inquam.
913 1345 942 1372 ln
964 1353 1014 1378 eo,

227 1392 299 1426 quod
318 1392 359 1418 lex
380 1393 466 1426 prima
481 1391 582 1419 .Iudaais
599 1392 664 1420 solis
691 1392 754 1419 data
777 1395 829 1424 est,
854 1398 908 1418 non
925 1395 1016 1418 autem

227 1437 332 1465 caeteris
356 1437 525 1469 hominibus,
546 1438 672 1465 eumdem
697 1437 817 1472 alioquin
840 1435 1015 1464 Conditorem

226 1482 406 1517 eamdemque
431 1487 554 1510 naturam
574 1482 736 1510 habentibus
753 1491 760 1509 :
785 1487 881 1509 contra
898 1481 1019 1517 Evange-

227 1529 295 1556 lium
311 1529 439 1556 omnibus
452 1529 547 1556 eodem
562 1536 661 1564 genere
673 1529 740 1556 Ortis
755 1529 895 1563 aequaliter
909 1535 1020 1563 con-pe-

226 1575 269 1603 tit.
297 1575 326 1602 ln
348 1575 395 1602 illo
421 1583 486 1602 vero
509 1575 615 1610 justitia
643 1574 689 1602 Dei
709 1576 861 1608 revelatur,
893 1575 1020 1609 idemque

224 1620 336 1656 justitim
351 1621 526 1655 Evangelium
540 1626 661 1649 vocatur.
674 1621 702 1648 ln
719 1621 805 1649 Veteri
822 1622 913 1655 itaque
923 1620 1019 1647 Testa-

225 1672 318 1694 mento
331 1667 440 1694 vocatio
456 1676 509 1695 non
526 1673 584 1695 erat
605 1668 699 1702 justa;
719 1659 818 1702 'neque
832 1667 903 1694 enim
922 1674 1017 1694 omnes

224 1712 328 1747 pariter
343 1713 457 1740 vocabat
472 1718 519 1740 aut
534 1704 724 1746 illuminabat;
742 1712 789 1739 sed
805 1710 914 1740 Iudaeos
931 1711 1015 1740 solos.

224 1757 319 1794 Itaque
330 1766 383 1786 non
397 1759 547 1794 eratjusta,
563 1759 609 1786 sed
625 1758 804 1790 meonomica,
815 1765 930 1794 quaeque
943 1758 1015 1785 viam

222 1803 335 1839 iustitia:
344 1805 472 1832 muniret.
482 1805 570 1837 Absit,
581 1809 610 1832 ut
621 1805 693 1833 hanc
701 1806 813 1839 justam,
823 1806 896 1833 illam
905 1814 969 1833 vero
979 1806 1016 1833 in-

224 1850 335 1885 justam,
348 1851 490 1886 appellem!
502 1852 558 1879 lmo
571 1860 635 1879 vero
645 1853 715 1880 hanc
723 1853 794 1879 viam
804 1857 831 1879 et
841 1853 1016 1888 przeparatio-

224 1903 285 1922 nem
310 1896 343 1923 ad
358 1896 437 1923 istam
461 1904 522 1924 esse
536 1897 708 1932 stupicantes
720 1896 818 1930 Judzei,
833 1898 974 1932 putabam,
989 1903 1016 1925 et

224 1941 398 1975 Evangelium
414 1942 465 1968 sibi
475 1942 556 1969 etiam
569 1943 646 1972 solis.
656 1942 798 1969 sicutolim
808 1942 904 1976 legem,
921 1943 1014 1969 datum

223 1986 266 2014 iri.
280 1987 380 2015 Praeter
391 1996 466 2022 spem
481 1996 546 2015 vero
559 1989 727 2023 exspectatio
739 1988 795 2016 haec
808 1988 886 2016 aliter
905 1989 1013 2015 cecidit.

223 2032 368 2068 Propterea
380 2038 407 2060 et
416 2033 500 2060 David
513 2034 567 2060 ait:
579 2043 588 2060 ι
603 2034 838 2069 Exspectavimus,
848 2033 955 2066 oDeus,
966 2034 1014 2061 mi‘

223 2079 399 2107 sin-icordizun
417 2084 490 2106 tuam
507 2081 534 2107 in
551 2080 642 2107 medio
655 2080 745 2115 populi
764 2080 840 2107 tui“.
857 2089 866 2105 ι
883 2080 914 2107 Et
928 2088 1011 2108 mox:

1107 1252 1168 1279 Ὅτι
1182 1251 1270 1287 ’φησὶν
1292 1252 1307 1277 ὁ
1330 1249 1446 1282 Παῦλος,
1465 1259 1475 1276 ι
1491 1249 1528 1277 Οὐ
1543 1249 1597 1285 γὰρ
1611 1251 1809 1285 ἐπαισχύνομαι
1830 1250 1854 1275 τὸ

1075 1297 1248 1332 Ἐυαγγέλιον
1259 1306 1266 1314 ·
1282 1297 1440 1332 δικαιοσύνη
1460 1296 1514 1332 γὰρ
1539 1296 1607 1323 Θεοῦ
1624 1297 1653 1322 ἐν
1665 1296 1743 1330 αὐτῷ
1757 1297 1850 1322 ἀποκα-

1068 1343 1209 1371 λύπτεται.
1226 1353 1235 1370 ι
1255 1339 1317 1375 Πῶς
1341 1341 1387 1370 οὖν
1404 1342 1562 1377 δικαιοσύνη
1584 1342 1651 1369 Θεοῦ
1663 1344 1691 1368 ἐν
1701 1342 1778 1377 αὐτῷ
1795 1342 1853 1368 am-

1069 1390 1252 1423 καλύπτεται;
1281 1390 1344 1421 Πῶς
1366 1389 1439 1424 (98);
1477 1389 1585 1424 Ἐπειδὴ
1608 1390 1622 1416 ὁ
1649 1388 1760 1423 πρῶτος
1784 1389 1854 1422 νόμος

1076 1436 1215 1468 Ἰουδαίοις
1229 1437 1320 1472 μόνοις
1339 1435 1444 1462 ἐδέδοτο
1459 1435 1506 1461 καὶ
1523 1435 1578 1470 (99)
1589 1435 1620 1461 οὐ
1641 1434 1696 1461 τῶν
1712 1434 1802 1461 ἄλλων
1817 1435 1854 1460 ἀνα

1070 1481 1197 1516 θρὼπων,
1220 1482 1271 1517 τῆς
1287 1481 1373 1514 αὐτῆς
1404 1481 1584 1516 ὑπαρχόντων
1605 1481 1793 1516 δημιουργίας
1826 1489 1854 1506 at:

1070 1519 1187 1562 φύσεως,
1201 1527 1232 1554 τδ
1250 1527 1279 1554 δὲ
1296 1527 1464 1561 Εὑαγγέλιυν
1479 1527 1562 1554 πᾶσιν
1579 1527 1720 1562 ὀμοτίμως
1735 1528 1792 1559 τοῖς
1804 1527 1854 1561 ὀμο-

1070 1572 1166 1607 φυέσιν
1180 1573 1294 1604 εἰκότως
1308 1580 1315 1587 ·
1335 1572 1364 1599 ὲν
1394 1571 1468 1607 αὑτῷ
1492 1571 1650 1605 δικαιοσύνη
1669 1571 1741 1598 Θεοῦ
1759 1573 1854 1599 ἀποκα-

1069 1620 1199 1647 λύπτεται
1219 1620 1268 1656 (l),
1285 1619 1331 1647 καὶ
1349 1620 1471 1647 καλεῖται
1495 1620 1670 1655 δικαιοσύνης
1684 1621 1854 1655 Εὑαγγέλιον.

1074 1667 1119 1693 Ἐν
1133 1666 1222 1693 τοίνυν
1244 1667 1276 1702 τῇ
1290 1666 1398 1702 Παλαιᾷ
1419 1666 1543 1702 Διαθήκῃ
1557 1667 1608 1693 οὐκ
1626 1665 1660 1703 ἦν
1674 1667 1691 1702 ὴ
1711 1667 1810 1702 κλῆσις
1822 1667 1854 1692 δι-

1067 1711 1134 1738 καία
1147 1720 1155 1728 ο
1171 1711 1201 1738 οὐ
1212 1711 1267 1747 γὰρ
1290 1712 1391 1746 ὁμοίως
1408 1712 1513 1743 πάντας
1530 1711 1623 1739 ἐκάλει
1637 1712 1685 1738 καὶ
1706 1712 1854 1746 ἐφώτιζεν·

1066 1759 1123 1789 τοῖς
1145 1757 1280 1790 Ἰουδαίοις
1296 1757 1326 1784 δὲ
1342 1757 1432 1792 μόνοις
1450 1756 1499 1791 (2).
1513 1758 1570 1784 οὐκ
1582 1755 1616 1792 ἦν
1634 1756 1680 1783 οὖν
1691 1757 1796 1789 δικαία,
1808 1756 1854 1784 ἀλλ’

1066 1802 1237 1839 οἰκονομικὴ,
1250 1802 1556 1838 προπαρασκευάζουσα
1574 1802 1632 1828 ὁδὸν
1644 1803 1676 1837 τῇ
1691 1801 1854 1837 δικαιοσύνῃ·

1066 1851 1096 1877 οὺ
1120 1850 1191 1884 λέγω
1222 1850 1324 1886 ταύτην
1341 1850 1449 1876 δικαίαν
1466 1869 1473 1882 ,
1503 1849 1634 1885 κάκείνην
1660 1849 1766 1876 ἄδικον.
1794 1848 1854 1876 Ἃλλ¹

1066 1897 1173 1932 ἐκείνην
1198 1897 1258 1924 ὁδον
1285 1896 1387 1931 ταύτης
1419 1897 1467 1924 καὶ
1501 1896 1729 1930 προκατασκευὴν
1760 1896 1854 1929 ταύτης

1067 1943 1256 1978 ὑπελάμϐανον
1286 1943 1312 1970 οἱ
1342 1943 1481 1975 Ἰουδαῖοι,
1507 1943 1548 1969 ὅτι
1568 1943 1615 1969 καὶ
1642 1942 1672 1969 τὸ
1695 1941 1854 1976 Εὐαγγέλιιιν

1065 1990 1155 2021 αὐτοῖς
1177 1989 1321 2025 δοθήσεται
1342 1990 1389 2015 καὶ
1409 1989 1512 2024 μόνοις,
1537 1988 1630 2023 ὥσπερ
1653 1987 1701 2014 καὶ
1727 1988 1743 2014 ὀ
1759 1988 1852 2021 νόμος·

1064 2036 1145 2072 ἐξέϐη
1159 2037 1186 2062 δὲ
1207 2036 1272 2070 παρ’
1291 2035 1402 2068 ἐλπίδας
1424 2036 1441 2070 ἡ
1462 2034 1622 2070 προσδοκία·
1647 2034 1687 2060 διὸ
1714 2034 1764 2061 καὶ
1781 2032 1854 2059 Δαὸὶδ

1064 2082 1162 2116 λέγει-ι
1173 2081 1370 2116 ’Υπελάῦομεν,
1381 2081 1396 2107 ὀ
1408 2080 1523 2113 Θεὸς,τὺ
1536 2080 1610 2111 ἔλεός
1623 2089 1669 2106 σου
1682 2080 1710 2106 ὲν
1727 2080 1803 2115 μέσῳ
1814 2077 1854 2104 τοῦ

226 2135 236 2151 ι
253 2125 337 2153 Prout
361 2134 457 2153 nomen
475 2131 551 2153 tuum
577 2131 637 2159 est,
664 2126 753 2156 Deus.
773 2127 807 2153 ita
824 2126 906 2153 etiam
927 2126 1010 2161 gloria

1088 2126 1127 2153 ιοῦ
1141 2135 1187 2153 σου
1204 2134 1207 2136 ’
1219 2135 1227 2151 ι
1237 2124 1306 2158 εῐτα,
1325 2135 1334 2152 ι
1355 2125 1433 2152 Κατὰ
1444 2125 1475 2151 τὸ
1491 2125 1579 2159 δνομά
1597 2133 1656 2155 σου,
1669 2124 1683 2150 ὸ
1697 2123 1777 2155 Θεὸς,
1791 2123 1854 2150 οὕτω

223 2172 300 2198 tua“
317 2181 322 2198 :
341 2182 350 2197 ι
380 2179 433 2199 non
458 2173 546 2200 solum
569 2172 596 2199 in
619 2173 708 2199 medio
734 2173 826 2207 populi
843 2173 897 2205 tui,
913 2173 960 2200 sed
985 2177 1012 2200 et

222 2225 304 2252 super
321 2225 417 2245 omnes
433 2218 501 2246 lines
519 2217 789 2246 terra).Oslcnsurus
800 2223 889 2246 autem
899 2219 1013 2254 justitia‘.

221 2272 283 2292 csse
291 2265 415 2292 omnium
428 2269 507 2292 terrm
518 2265 613 2292 [inium
627 2265 762 2297 misereri,
777 2264 852 2292 addit
866 2275 872 2292 :
890 2274 898 2291 ι
912 2264 1011 2293 Dextra

221 2314 267 2336 tua
298 2310 376 2344 plena
403 2314 446 2337 est
476 2310 605 2344 justitim;
634 2309 765 2337 Dominus
809 2310 931 2344 regnavit
945 2310 978 2336 ²¹.
999 2318 1008 2335 ι

221 2352 364 2386 Quomodo
381 2361 445 2380 vero
459 2353 559 2381 dicitur
574 2362 581 2380 :
612 2362 621 2378 (
640 2353 762 2387 regnavit
777 2352 870 2380 Deus?
886 2362 895 2378 ι
915 2351 1012 2380 Nonne

221 2399 292 2432 idco,
305 2399 375 2434 quod
394 2399 496 2435 regiam
514 2399 587 2426 illam
600 2398 758 2433 dignitatem
779 2406 874 2426 recens
888 2398 1011 2433 accepit?

221 2441 249 2470 Si
265 2444 337 2470 enim
352 2442 466 2470 dixisset
480 2451 487 2469 :
510 2441 643 2470 Dominus
666 2446 779 2477 regnat,
802 2447 933 2470 mternum
949 2442 1009 2478 ejus

274 2532 295 2548 "
311 2531 320 2558 l
334 2530 400 2563 Reg.
416 2539 473 2562 xu,
488 2531 504 2557 9
516 2538 592 2565 seqq.
636 2530 658 2547 ¹⁸
673 2529 752 2558 Rom.
772 2537 803 2564 ιι,
816 2530 843 2558 2.

220 2575 280 2600 xcv,
297 2565 329 2599 9;
347 2574 419 2599 xcvr,
436 2566 464 2600 l;
478 2573 571 2599 xcvnt,
586 2565 612 2593 l.

891 2532 922 2548 "‘
940 2533 1021 2561 Rom.
1038 2541 1057 2567 ι,
1073 2533 1116 2561 16.
1159 2535 1179 2551 η
1195 2535 1266 2563 Psal.
1287 2543 1371 2568 xnvu,
1389 2535 1415 2563 9.
1458 2536 1480 2552 ²⁰
1497 2535 1568 2564 Psal.
1588 2542 1653 2568 χρη,
1669 2535 1694 2561 l.

1064 2173 1135 2208 καὶὴ
1150 2172 1252 2204 αἴνεσίς
1269 2180 1316 2198 σου
1327 2180 1334 2186 ·
1348 2171 1409 2207 οὐχὶ
1425 2172 1454 2198 ὲν
1468 2172 1542 2205 μέσῳ
1556 2169 1605 2197 τοῦ
1620 2170 1685 2197 λαοῦ
1699 2178 1748 2196 σου
1767 2170 1851 2205 μόνου,

1062 2218 1130 2246 ἀλλὰ
1145 2218 1192 2244 ἐπὶ
1213 2218 1246 2245 τὰ
1274 2218 1382 2253 πέρατα
1411 2217 1463 2252 τῆς
1489 2217 1541 2251 γῆς
1556 2224 1563 2231 ·
1582 2217 1628 2243 καὶ
1647 2216 1692 2243 ἵνα
1714 2216 1803 2252 δείξῃ,
1817 2216 1851 2242 ὃτι

1063 2264 1093 2291 τὺ
1109 2264 1219 2299 ἐλεῆσαι
1239 2265 1274 2291 τὰ
1294 2264 1400 2299 πέρατα
1424 2264 1474 2298 τῆς
1498 2263 1550 2298 γῆς
1570 2261 1746 2297 δικαιοσύνης
1773 2263 1852 2289 ἐστὶν.

1063 2310 1181 2344 ὲπάγει’
1205 2319 1214 2335 ι
1237 2310 1414 2344 Δικαιοσύνης
1426 2309 1563 2344 πλήρηςὴ
1582 2308 1658 2340 δεξιά
1678 2317 1737 2335 σου,
1761 2308 1790 2334 '0
1806 2307 1854 2333 Κύ-

1066 2362 1122 2390 ριος
1133 2354 1308 2381 ὲὸασίλευσεν
1324 2363 1330 2369 ·
1351 2364 1360 2380 ›
1377 2354 1444 2386 πῶς,
1458 2364 1467 2380 ι
1485 2355 1498 2380 ὁ
1515 2354 1617 2389 Κύριος
1633 2353 1827 2380 ὲῦασίλευσενς
1844 2361 1852 2376 ι

1063 2396 1110 2434 ἄρ’
1122 2399 1159 2431 ὡς
1175 2400 1329 2435 πρόσφατον
1345 2399 1434 2426 λαϐὼν
1449 2399 1546 2434 τὸτῆς
1563 2398 1704 2434 βασιλείας
1727 2398 1852 2432 ἀξίωμα;

1062 2445 1086 2471 εἰ
1101 2445 1151 2480 μὲν
1170 2445 1224 2481 γὰρ
1237 2443 1312 2472 εἶπεν
1327 2453 1334 2461 ·
1359 2445 1388 2472 '0
1405 2445 1508 2480 Κύριος
1533 2445 1680 2480 βασιλεύει,
1694 2445 1744 2481 τὴν
1773 2444 1854 2471 ἀΐδιον

1746 2535 1769 2549 ἰ
1782 2532 1852 2560 Psal.

974 2650 1089 2679 NOTIE.

257 2741 313 2776 (98)
330 2741 388 2774 πῶς
400 2740 447 2770 οὖν
466 2759 500 2764 -
515 2742 590 2777 πῶς;
607 2749 671 2772 sunt
686 2751 719 2772 ex
735 2744 854 2772 Colbcrt.

257 2777 356 2815 (99)ρὺ
371 2777 448 2815 C_o_lb.
480 2779 551 2815 male
581 2779 693 2806 omittit.
723 2780 880 2808 Memineris
899 2787 1010 2815 quoque

221 2812 264 2839 llic.
278 2812 536 2848 subintelligendum
549 2821 612 2841 esse
631 2816 697 2848 τοῖς,
716 2815 769 2843 hoc
787 2823 869 2844 sensu
886 2824 892 2842 :
909 2812 1008 2842 καῖὀὑ

221 2848 275 2880 τοῖς
286 2848 340 2876 τῶν
355 2848 443 2877 ἄλλων
457 2848 619 2885 ἀνθρώπων.

1099 2743 1138 2779 (l)
1155 2744 1380 2773 ἀποκαλύπτεται
1398 2744 1482 2772 debeo
1494 2743 1660 2772 Colberlinu.

1099 2777 1137 2817 (2)
1154 2779 1311 2817 [legendum
1327 2779 1417 2811 fuerit,
1439 2780 1508 2817 frob;
1542 2778 1686 2809 Ἰουδαίους
1704 2777 1731 2804 δὲ
1745 2777 1849 2817 ppu-73;.

1063 2810 1107 2876 .20.
1119 2810 1221 2847 ἔκάλῇ,
1235 2815 1288 2843 nisi
1304 2823 1337 2843 ex
1353 2810 1544 2850 superioribus
1575 2818 1697 2849 repetere
1717 2812 1782 2840 velis
1797 2810 1851 2837 ὲδέ-

1081 2857 1134 2877 οτο.
