1863 3064
213 134 267 164 855

790 131 923 162 ΡΗΟΤΙΙ
942 131 1195 162 ΡΑΤΒΙΑΒΟΗΛΕ
1207 131 1263 162 CP.

1797 130 1850 163 853

215 190 420 224 rectus,_supcr
438 189 528 224 capite
544 193 705 224 potestatem
728 187 831 216 habere
849 188 1002 224 oportebat,

1087 188 1172 224 φαλῆς
1195 187 1327 224 ἔχειντὴν
1346 186 1471 220 ἐξουσίαν
1496 187 1552 223 (10)
1567 187 1632 219 ἔδει,
1662 187 1708 214 καὶ
1731 184 1849 221 ειδέναι,

214 241 296 271 atque
312 234 375 262 inde
395 235 533 270 colligere,
548 235 633 270 quod,
645 234 771 270 quamvis
787 235 875 270 capite
895 234 1004 262 czeteris

215 283 344 314 emineat,
361 281 418 316 ipse
434 285 526 309 tamen
543 282 595 309 sub
618 281 717 315 capite,
741 281 882 309 communi
900 281 1005 308 scilicet

215 327 338 355 omnium
359 327 475 354 Domino
501 331 528 354 et
555 327 738 362 imperatore,
766 329 802 354 sit
826 327 1003 354 constitutus.

215 373 360 409 Imperium
373 373 448 404 enim
463 373 574 407 penitus
587 373 702 400 liberum
716 377 743 400 et
760 373 865 408 legibus
881 373 1002 401 solutum

215 427 297 454 grave
316 423 368 451 est,
382 423 409 446 et
422 418 489 446 ferri
503 419 548 446 vix
563 423 662 454 potest.
677 418 824 454 Propterea
838 424 865 447 et
881 419 908 446 in
929 418 1005 446 Novo

215 465 394 494 Testamento
413 464 461 496 illi,
482 464 530 499 qui
547 464 699 491 sacerdOtio
712 470 821 491 summo
836 463 1005 498 inauguran-

216 516 271 544 tur,
288 510 427 546 Evangelii
443 510 543 537 librum
562 509 643 544 capiti
667 509 827 544 impositum
848 509 959 541 habent,
977 512 1005 535 ιιι

216 556 306 584 oﬂicio
322 556 387 583 huic
403 555 527 583 initiatus
549 555 693 589 intelligat,
710 562 740 582 se
756 562 849 583 veram
866 554 1006 589 Evangelii

218 601 314 627 tiaram
328 600 478 635 accepisse,
494 607 588 634 seque,
604 599 712 627 etiamsi
731 599 848 626 aliorum
864 592 946 633 caput
962 605 1006 626 sa-

216 654 264 674 cro
288 647 341 673 ritu
370 646 405 673 sit
435 646 613 679 constitutus,
642 646 685 673 vel
709 646 749 673 sic
777 651 868 672 tamen
900 644 1005 680 legibus

217 692 312 720 iisdem
336 692 490 726 subjectum
513 699 585 724 esse.
602 690 722 726 aliisque
742 691 921 726 imperantem
937 690 1006 725 legis

216 737 332 772 ituperio
352 737 448 765 teneri.
465 737 560 772 Itaque
581 737 649 764 tiara
664 737 708 763 illa
724 740 883 771 potestatem
901 735 1007 770 signiti-

216 784 306 816 cabat,
322 787 390 815 tum,
414 790 496 817 quam
517 782 543 808 in
568 782 699 816 populum
724 781 853 813 habebat,
876 785 944 811 tum,
962 779 1006 807 cui

217 829 276 864 ipse
289 829 422 856 adversus
438 828 522 855 Deum
538 832 598 855 erat
621 827 773 862 subjectus.
795 827 882 853 Porro
897 827 1005 854 braetea

1054 234 1096 261 ὃτι
1111 235 1214 269 κεφαλῇ
1229 235 1283 260 τῶν
1297 233 1385 261 ἄλλων
1397 233 1617 268 προϐαλλόμενος
1635 232 1683 260 καὶ
1695 230 1779 265 αὐτὸς
1794 233 1848 259 ὑπὸ

1055 280 1176 316 κεφαλὴν
1190 282 1247 307 ἐστι
1259 280 1306 307 τὸν
1317 280 1407 307 κοινὸν
1420 279 1547 306 ἁπάντων
1556 279 1694 314 Δεσπότην
1702 279 1752 306 καὶ
1767 279 1849 312 ἐξου-

1056 327 1181 361 σιαστήν.
1202 325 1406 360 Ἀπολελυμένη
1415 324 1470 361 γὰρ
1478 325 1623 352 αὺθεντεία
1634 327 1682 352 καὶ
1695 326 1849 361 αὕτόνομος

1055 371 1257 407 ἀφόρητόςῌΙ)
1273 372 1347 398 ἐστιν
1358 372 1405 398 καὶ
1419 371 1536 406 χαλεπή.
1551 372 1600 398 Διὰ
1615 371 1693 398 τοῦτο
1707 371 1755 398 καὶ
1767 372 1798 398 ὲν
1815 373 1848 407 τῇ

1056 418 1148 452 χάριτι
1165 417 1189 444 οἱ
1209 417 1416 452 ἀρχιερατεύειν
1438 416 1607 451 τελούμενοι,
1626 417 1656 443 τὸ
1679 417 1849 451 Εὐαγγέλιον

1056 464 1104 490 ὲπὶ
1121 462 1242 498 κεφαλῆς
1255 463 1390 498 δέχονται,
1406 462 1449 488 ἵνα
1472 461 1547 498 μάθῃ
1560 462 1573 487 ὁ
1596 463 1848 498 χειροτονούμενος,

1055 510 1098 536 ὅτι
1113 510 1162 545 τὴν
1179 508 1307 545 ἀληθινὴν
1319 508 1365 535 τοῦ
1387 508 1553 542 Εὑαγγελίου
1574 510 1673 544 τιάραν
1696 509 1838 543 λαμσάνξι

1056 555 1103 581 καὶ
1113 555 1165 586 ὅτι,
1179 554 1203 581 εἰ
1218 554 1263 581 καὶ
1279 554 1334 581 τῶν
1353 553 1442 580 ἄλλων
1459 555 1640 589 ίερουργεῖται
1654 553 1761 590 κεφαλῇ
1775 555 1846 588 (12),

1056 599 1113 627 ἀλλ’
1129 598 1176 627 οὖν
1196 600 1244 626 καὶ
1263 600 1343 631 αὐτὸς
1360 599 1413 627 ὑπὸ
1436 599 1548 632 τούτους
1568 601 1624 636 (I3)
1648 601 1768 627 τελεῖται
1788 602 1849 633 τοὺς

1057 645 1168 680 νόμους,
1180 646 1228 672 καὶ
1243 645 1298 673 τῶν
1308 645 1396 672 ἄλλων
1410 646 1521 682 κρατῶν
1548 647 1690 682 κρατεῖται
1707 646 1747 678 τῷ
1762 647 1847 682 νόμῳ.

1063 691 1133 718 Ἀλλ’
1158 692 1174 726 ή
1202 691 1252 726 μὲν
1276 692 1358 727 τιάρα
1385 692 1436 728 τὴν
1461 692 1586 726 ἐξουσίαν
1616 692 1729 726 homo,
1755 693 1793 727 ἦν
1820 701 1849 719 τε

1058 737 1138 769 αὐτὸς
1165 735 1240 774 εἶχεν
1264 738 1310 765 τοῦ
1329 738 1405 771 λαοῦ,
1425 739 1472 766 καὶ
1492 739 1538 774 ὑφ’
1554 739 1587 774 ἢν
1608 739 1690 771 αὐτὸς
1701 739 1850 774 ἀνεφέρετο

1056 781 1104 808 τοῦ
1116 780 1184 808 Θεοῦ
1198 789 1204 796 ·
1217 781 1247 808 τὸ
1261 781 1290 808 δὲ
1307 781 1422 808 πέταλον
1436 781 1468 808 τὸ
1485 782 1612 817 χρυσοῦν,
1624 783 1653 809 ὲν
1669 779 1693 816 ᾧ
1714 782 1744 809 τδ
1762 782 1848 817 ὃνομα

1058 827 1226 855 ἑκεκόλαπτο
1245 827 1291 854 τοῦ
1315 827 1395 861 Θεοῦ,
1407 827 1534 854 ἐπέκειτο
1549 827 1600 862 μὲν
1614 827 1654 862 τῷ
1673 828 1780 864 στήθει,
1799 837 1849 862 φυ-

218 882 313 906 aurca,
344 873 387 901 cui
418 873 464 900 Dei
496 880 596 900 nomen
620 877 679 899 erat
706 871 881 906 insculptum,
905 870 1006 905 pectori

1086 872 1146 907 ικῆς
1169 873 1190 899 δ’
1201 874 1294 908 ἐπεῖχε
1310 873 1396 905 τύπον
1416 873 1471 900 τῶν
1495 875 1524 900 ἐν
1541 874 1639 910 καρδίᾳ
1660 874 1824 908 κινημάτων
1839 881 1845 888 ·

218 919 404 951 incumbebat.
430 918 582 954 eademque
606 926 689 954 opera
710 917 892 952 signiﬁcabat,
915 917 1008 944 cordis

218 964 332 992 all'ectus
350 965 433 999 probe
449 964 647 995 observandos.
662 964 828 998 eosdetnque
849 963 885 990 ad
905 964 1008 990 summi

218 1011 345 1038 Numinis
363 1016 457 1038 nutum
479 1018 540 1038 esse
559 1009 818 1037 accommodandos.
838 1008 865 1036 In
886 1008 1009 1036 humeris

218 1061 351 1091 prteterea
368 1056 504 1090 smaragdi
520 1055 586 1087 duo,
604 1063 652 1083 sex
667 1055 789 1082 tribuum
807 1055 916 1081 nomina
933 1054 1009 1086 hinc,

218 1102 295 1129 illinc
320 1109 386 1129 vero
409 1102 521 1129 totidem
552 1108 680 1136 expressa
709 1101 851 1128 habentes.
872 1100 914 1127 Illi
945 1107 1009 1128 vero

219 1142 372 1183 symbolum
384 1151 464 1174 erant
478 1146 694 1182 pulchritudinis
705 1153 753 1174 seu
766 1145 862 1173 formas
878 1145 1010 1173 sacerdo-

220 1199 274 1220 tem
301 1192 433 1220 decentis.
462 1192 630 1228 Smaragdus
654 1192 748 1225 enim,
775 1192 845 1228 lapis
868 1191 1007 1220 viriditate

218 1239 317 1267 decora
348 1243 375 1267 et
407 1239 542 1274 pellucida
568 1239 686 1275 puritate
710 1239 875 1273 instructus,
905 1239 1010 1275 speculi

219 1285 376 1313 facultatem
399 1285 564 1313 suhindicat.
590 1285 766 1314 Sacerdotem
782 1285 854 1313 enim
877 1283 1010 1312 virtutum

219 1330 350 1358 exercitio
361 1331 486 1366 vigilare.
499 1331 636 1366 vitamque
650 1339 730 1360 suam
744 1331 808 1363 illis.
822 1332 869 1366 qui
881 1331 933 1359 sibi
947 1335 1012 1359 sunt

219 1375 347 1410 subjecti,
371 1376 459 1404 inetar
482 1376 586 1411 speculi
613 1381 811 1411 repraesentare
838 1381 955 1411 oportet.
982 1376 1011 1404 ln

223 1421 341 1449 humero
358 1429 423 1449 vero
442 1422 563 1450 haerebat
583 1423 756 1457 smaragdus.
777 1423 907 1458 quoniam
930 1423 1013 1451 actio-

221 1466 266 1494 nis
277 1471 336 1494 erat
347 1467 489 1494 indicium.
501 1467 604 1503 Agendi
621 1468 694 1495 enim
709 1469 831 1503 potentia
845 1468 878 1495 ab
889 1468 1012 1496 humeris

221 1512 333 1547 pendet.
344 1513 493 1548 Propterea
502 1513 585 1540 etiam
600 1512 673 1541 Deus
687 1514 721 1541 ad
735 1512 888 1541 Jerusalem
905 1514 1010 1549 inquit:

225 1567 234 1584 ι
250 1558 303 1585 Cor
322 1563 398 1586 tuum
426 1559 548 1587 humeris
578 1558 632 1586 tuis
656 1559 776 1594 impone,
798 1559 1010 1587 honoratissima

221 1604 288 1637 ﬁlia,
302 1605 367 1640 quia
384 1605 517 1633 Dominus
532 1610 558 1633 te
573 1605 601 1632 in
617 1605 732 1632 salutent
747 1605 850 1633 creavit
861 1606 896 1633 “.
915 1615 925 1632 ι
941 1605 1010 1633 Nam

221 1655 249 1678 et
272 1651 369 1678 manus
389 1655 417 1678 et
441 1650 570 1678 humeros
592 1650 625 1678 de
646 1650 800 1678 actionibus
819 1651 919 1686 accipit
936 1650 1012 1679 Scri-

222 1700 312 1731 ptura,
327 1696 446 1732 quando,
460 1704 488 1724 v.
498 1704 536 1731 3.,
551 1695 585 1723 de
595 1695 696 1723 Davide
711 1696 765 1724 ait:
780 1705 789 1722 ι
805 1695 839 1723 Et
854 1695 882 1723 in
894 1696 1013 1731 pruden-

222 1742 260 1769 tia
277 1749 409 1769 tnanttum
425 1749 538 1769 suarum
555 1741 633 1769 duxit
656 1748 704 1769 eos
715 1742 751 1769 ’⁷.
770 1751 779 1768 ι
797 1741 914 1770 Oraculo
929 1749 1012 1777 porro

224 1788 276 1821 illi,
294 1788 368 1823 quod
387 1787 492 1823 pectori
514 1793 574 1815 erat
598 1791 731 1822 aptatum,
747 1786 890 1815 duodecim
908 1787 1013 1823 lapides

223 1835 300 1862 inlisi
325 1839 423 1868 erant,
449 1834 497 1869 qui
523 1833 668 1861 duodecim
698 1833 785 1861 tribus
811 1833 1012 1869 signiﬁcabant.

224 1881 276 1908 llic
288 1881 370 1908 velim
388 1880 529 1913 observes,
553 1887 637 1915 supra
656 1879 766 1915 quidem
788 1883 816 1906 et
842 1879 869 1906 itt
892 1879 1013 1907 humeris

225 1934 310 1955 unum
329 1927 443 1954 omnino
458 1926 586 1962 lapidem,
608 1926 783 1961 smaragdum
799 1925 922 1958 scilicet,
942 1925 1014 1953 infra

223 1975 317 1998 autem
345 1974 373 1997 et
399 1970 426 1998 in
454 1975 564 2005 pectore
588 1971 731 1998 duodecim
757 1969 853 1998 fuisse.
873 1969 930 1997 Hoc
949 1978 1015 1997 vero

225 2016 378 2048 subinnuit,
399 2023 450 2044 nos
469 2023 565 2043 omnes
580 2016 647 2043 olitn
662 2016 772 2051 quidem
797 2015 893 2043 eodem
915 2023 1014 2050 genere

225 2066 300 2088 ortos
321 2068 390 2094 esse,
421 2061 583 2095 procedente
606 2069 671 2089 vero
696 2067 818 2096 tempore
852 2060 880 2087 in
907 2060 1014 2088 diversa

227 2107 317 2135 studia
337 2107 450 2135 scissos.
475 2107 569 2142 Itaque
595 2107 669 2134 aliud
696 2107 788 2134 studio
810 2112 916 2140 nostro,
942 2107 1015 2135 aliud

227 2158 333 2181 natura:
355 2153 443 2181 fertur
470 2157 626 2188 acceptum.
656 2153 712 2181 Sub
732 2153 839 2181 limbria
865 2154 1015 2182 sacerdotis

228 2200 446 2234 conspiciebatur
464 2207 571 2235 margo,
587 2199 666 2234 λῶμα
680 2199 782 2232 dictus,
807 2206 840 2227 ex
854 2207 910 2235 quo
934 2199 1014 2228 ﬂores

227 2245 291 2272 mali
318 2245 420 2280 punici,
451 2245 522 2272 mala
546 2244 649 2280 punica
670 2251 753 2271 aurea
777 2249 804 2271 et
833 2243 1015 2271 tintinnabula

227 2291 392 2327 pendebant.
407 2290 550 2325 Quomodo
564 2298 630 2317 vero
642 2291 697 2317 haec
709 2289 764 2317 Deo
776 2297 822 2325 per
830 2297 860 2317 se
872 2293 899 2317 et
913 2290 1018 2317 ratione

228 2338 357 2374 praecipui
380 2337 487 2365 consilii
513 2336 556 2364 sui
580 2336 690 2371 placere
713 2335 855 2371 poterant?
875 2335 934 2362 lino
953 2341 1017 2362 Vero

230 2385 291 2420 ipso
303 2385 355 2412 hoc
368 2383 521 2412 sacerdotis
533 2382 627 2410 habitu
642 2382 755 2409 virtutes
768 2381 876 2416 depingi
889 2380 1016 2408 faciebat.

233 2430 284 2470 Qui
299 2429 369 2457 intra
382 2433 462 2457 erant
474 2428 555 2456 ﬂores
576 2433 603 2455 et
622 2427 738 2459 fructus,
760 2427 905 2462 praeclaras
937 2433 1021 2461 quas-

1060 920 1107 946 καὶ
1123 920 1160 952 ὡς
1183 920 1224 946 δεῖ
1238 919 1327 947 ταῦτα
1347 920 1582 956 καταῤῥυθμίζειν
1599 921 1656 956 (1.1)
1672 922 1706 956 τῇ
1726 920 1798 954 πρὸς
1821 921 1849 946 τδ

1059 966 1136 993 Θεῖον
1151 966 1240 993 νεύσει
1259 966 1305 993 καὶ
1321 967 1445 1002 ἀναφορᾷ
1462 974 1470 983 δ
1489 967 1535 993 ἐπὶ
1555 966 1583 994 δὲ
1605 967 1661 993 τῶν
1677 966 1764 1001 ὤμων
1779 975 1848 1002 epa-

1061 1011 1160 1047 ράγδου
1177 1010 1244 1038 λίθοι
1260 1012 1316 1045 δύο,
1329 1012 1438 1047 ἔχοντες
1448 1013 1496 1044 τὰς
1510 1012 1541 1045 ἓξ
1555 1012 1641 1046 φυλὰς
1655 1013 1791 1045 ἐντεῦθεν,
1805 1013 1848 1039 καὶ

1060 1057 1108 1088 τὰς
1123 1055 1153 1088 ἓξ
1168 1054 1304 1084 ἐντεῦθεν.
1318 1054 1398 1084 οὗτοι
1409 1056 1437 1083 δὲ
1454 1056 1590 1092 σύμϐολον
1603 1054 1674 1091 ἦσαν
1698 1056 1747 1090 τῆς
1762 1056 1847 1090 ὅψεως

1059 1102 1108 1137 τῆς
1123 1101 1319 1137 ἀρχιερατικῆς
1334 1110 1342 1118 ι
1360 1102 1417 1137 ἔχει
1428 1101 1483 1137 γὰρ
1493 1103 1510 1137 ἡ
1520 1101 1567 1128 τοῦ
1584 1101 1744 1137 σμαράγδου
1760 1102 1846 1137 ψῆφος

1060 1148 1108 1174 καὶ
1132 1147 1291 1183 χλωρότητα
1315 1148 1452 1182 εὐπρεπῆ,
1471 1147 1518 1175 καὶ
1539 1148 1717 1183 καθαρότητα
1737 1148 1845 1181 διαυγῆ,

1060 1193 1213 1228 κατόπτρου
1240 1192 1356 1228 δύναμιν
1379 1192 1577 1228 ὑποφαίνουσα.
1602 1193 1657 1220 Καὶ
1675 1194 1731 1229 γὰρ
1752 1193 1793 1220 δεῖ
1806 1193 1848 1220 τὸν

1062 1238 1138 1274 ἱερέα
1150 1239 1197 1266 καὶ
1207 1238 1323 1274 ἀσκήσει
1337 1238 1445 1274 νήφειν,
1458 1239 1505 1265 καὶ
1519 1238 1565 1265 τδν
1577 1238 1634 1274 βίον
1643 1240 1700 1270 τοῖς
1715 1239 1764 1265 ὑπ’
1773 1238 1848 1265 αὑτὸν

1061 1283 1156 1320 ὥσπερ
1170 1285 1324 1320 κάτοπτρον
1344 1284 1475 1320 παρέχειν
1486 1292 1494 1301 ⁸
1510 1285 1557 1311 ἐπ).
1569 1286 1616 1311 τὸν
1626 1283 1739 1320 ὣμονδι
1752 1286 1768 1319 ὴ
1782 1284 1848 1320 σμά-

1063 1330 1170 1366 ραγδος,
1204 1329 1299 1366 ἐπειδὴ
1323 1329 1450 1365 πράξεώς
1480 1330 1555 1357 ἐστιν
1587 1331 1724 1365 σημεῖον·
1757 1330 1775 1365 ἡ
1800 1329 1850 1364 γὰρ

1062 1377 1204 1413 πρακτικὴ
1226 1376 1341 1412 δύναμις
1367 1376 1421 1403 τῶν
1445 1375 1527 1411 ὤμων
1555 1376 1671 1411 ἤρτηται
1689 1387 1697 1391 -
1717 1376 1762 1403 διδ
1775 1376 1821 1402 καὶ
1837 1375 1850 1400 ὁ

1062 1422 1129 1454 Θεὸς
1151 1422 1220 1458 πρὸς
1240 1422 1290 1458 τὴν
1310 1421 1490 1458 Ἰερουσαλὴμ
1515 1421 1588 1456 λέγει
1607 1422 1676 1457 (15)’
1704 1431 1714 1447 ι
1739 1421 1792 1453 Θὲς
1807 1421 1850 1456 τὴν

1063 1468 1177 1504 καρδίαν
1206 1475 1253 1495 σου
1282 1468 1330 1494 ἐπὶ
1350 1467 1405 1495 τῶν
1430 1467 1514 1503 ὤμων
1536 1476 1596 1501 σου,
1623 1467 1745 1502 θύγατερ
1772 1468 1790 1502 ἡ
1815 1475 1850 1493 τι-

1066 1513 1190 1548 μωμένη,
1206 1512 1248 1539 ὅτι
1259 1513 1361 1548 Κύριος
1386 1512 1473 1545 κτίζει
1500 1521 1531 1539 σε
1552 1513 1592 1543 εἰς
1605 1513 1743 1548 σωτηρίαν
1756 1520 1764 1528 ·
1785 1522 1794 1538 ι
1809 1512 1849 1538 καὶ

1063 1558 1119 1594 γὰρ
1150 1558 1201 1590 τὰς
1225 1560 1320 1593 χεῖρας
1347 1559 1395 1586 καὶ
1426 1558 1489 1590 τοὺς
1513 1558 1606 1594 ὤμους
1632 1559 1672 1590 είς
1699 1558 1815 1594 πράξεις
1836 1558 1850 1591 ἡ

1064 1604 1161 1641 Γραφὴ
1190 1605 1324 1640 λαμϐάνει
1342 1625 1351 1638 ,
1384 1603 1422 1637 ὡς
1448 1605 1513 1632 ὅταν
1537 1605 1612 1639 λέγει
1635 1605 1701 1640 περὶ
1731 1605 1781 1631 τοῦ
1806 1607 1851 1630 Δα-

1066 1652 1108 1679 ϐίδ
1128 1661 1135 1668 ·
1163 1661 1172 1678 ι
1197 1652 1253 1680 Καὶ
1279 1653 1309 1680 ἒν
1335 1653 1394 1684 ταῖς
1413 1652 1539 1679 συνέσεσι
1558 1652 1614 1679 τῶν
1640 1652 1745 1687 χειρῶν
1769 1651 1851 1678 αὐτῶν

1065 1697 1206 1734 ὡδήγησεν
1230 1698 1339 1729 αὐτούς.
1363 1707 1373 1724 ι
1398 1697 1515 1733 Ἐνῆσαν
1530 1697 1559 1724 δὲ
1574 1697 1614 1734 τῷ
1634 1697 1730 1733 λογίῳ,
1746 1697 1786 1733 τῷ
1809 1696 1849 1723 ἐπ)

1065 1743 1113 1770 τοῦ
1127 1743 1243 1779 στήθους
1260 1744 1307 1770 καὶ
1320 1744 1346 1770 οἱ
1363 1744 1468 1771 δώδεκα
1484 1743 1554 1770 λίθοι
1582 1744 1796 1779 ἐνηρμοσμένοι,
1809 1743 1851 1773 τὰς

1066 1789 1170 1816 δώδεκα
1184 1789 1270 1824 φυλὰς
1287 1789 1494 1824 ὑποδηλοῦντες.
1508 1790 1563 1816 Καὶ
1577 1790 1628 1825 ὅρα
1642 1797 1648 1804 ·
1661 1789 1719 1816 ἄνω
1735 1789 1797 1825 μὶν,
1811 1788 1851 1815 καὶ

1068 1833 1179 1861 ἐπὶτῶν
1194 1835 1278 1870 ὤμων
1295 1835 1344 1870 μία
1360 1833 1395 1870 ἦν
1408 1834 1489 1870 φύσις
1500 1835 1554 1862 τῶν
1568 1835 1651 1862 λίθων
1661 1836 1675 1862 ὁ
1690 1835 1849 1871 σμάραγδος.

1067 1879 1143 1907 κάτω
1167 1880 1196 1906 δὲ
1227 1880 1275 1907 κα).
1297 1881 1344 1906 ἐπὶ
1372 1879 1420 1907 τοῦ
1447 1879 1562 1916 στήθους
1588 1881 1613 1907 οἱ
1636 1880 1850 1908 δώδεκα-αἰνιτ-

1067 1926 1181 1960 τομένου
1206 1924 1254 1953 τοῦ
1283 1925 1363 1960 λόγου
1380 1946 1389 1959 ,
1409 1926 1450 1953 ὃτι
1473 1926 1578 1953 ἀνωθεν
1608 1927 1657 1961 μὲν
1678 1926 1799 1958 ἅπαντες
1826 1926 1850 1951 sit

1070 1974 1133 2008 μιᾶς
1154 1972 1324 2008 προήλθομεν
1350 1972 1476 2007 φύσεως·
1502 1972 1643 2008 προϊόντος
1663 1973 1691 1999 δὲ
1720 1972 1771 2000 τοῦ
1793 1971 1848 2007 χρὸ-

1068 2027 1115 2045 νου
1142 2017 1280 2053 διαφόροις
1306 2018 1431 2053 γνώμαις
1452 2018 1637 2054 ἑμερίσθημεν
1667 2018 1745 2053 (16)·
1766 2019 1809 2045 καὶ
1825 2015 1849 2041 τδ

1070 2062 1119 2098 μὲν
1147 2061 1239 2089 δίδωσι
1265 2062 1298 2097 τῇ
1324 2062 1432 2098 γνώμῃ,
1451 2062 1481 2089 τὸ
1508 2063 1537 2089 δὲ
1565 2064 1599 2098 τῇ
1621 2062 1724 2098 φύσει·
1757 2063 1807 2090 ὑπὸ
1827 2060 1849 2086 δὲ

1069 2107 1221 2143 κράσπεδον
1244 2107 1292 2134 τοῦ
1312 2107 1409 2143 ἱερέως
1422 2127 1430 2140 ,
1452 2108 1482 2134 τὸ
1511 2107 1657 2143 λεγόμενον
1686 2105 1848 2144 λῶμα,ᾰνθη

1071 2154 1146 2189 ῥόας,
1157 2153 1203 2181 καὶ
1212 2153 1314 2189 ροῒσκοι
1323 2154 1429 2189 χρυσοῖ,
1441 2153 1488 2181 καὶ
1496 2153 1620 2186 κώδωνες
1630 2154 1804 2191 ἁτιῃὼρηντο·
1812 2152 1848 2178 καὶ

1035 2199 1130 2242 Ιγπῶς
1147 2198 1180 2226 ἂν
1201 2199 1243 2235 εἴη
1267 2199 1326 2235 Θεῷ
1349 2200 1436 2227 ταῦτα
1462 2201 1534 2228 κατὰ
1560 2201 1668 2237 πρῶτον
1698 2200 1778 2235 λόγον
1797 2197 1848 2233 ἀρέ-

1072 2252 1188 2276 σκοντα;
1214 2244 1272 2271 ἀλλ’
1301 2246 1331 2271 ὲν
1357 2245 1397 2281 τῷ
1413 2246 1532 2281 σχήματι
1561 2245 1608 2272 τοῦ
1636 2246 1734 2281 ἱερέως
1759 2244 1848 2279 ἐφῆκεν

1072 2289 1282 2322 ὲξεικονίζεσθαι
1303 2290 1352 2322 τὰς
1368 2291 1469 2327 ἀρετάς
1490 2300 1498 2306 ο
1517 2291 1592 2318 κάτω
1607 2291 1675 2326 ἄνθη
1692 2291 1742 2317 καὶ
1758 2287 1848 2324 καρποὶ

1070 2335 1105 2362 τὰ
1121 2335 1176 2361 τῶν
1192 2334 1297 2370 ἀρετῶν
1318 2335 1531 2371 κατορθώματα,
1555 2336 1634 2363 ἅτινά
1656 2336 1732 2362 ἐστιν
1745 2334 1847 2368 ἐλεημο-

1071 2381 1138 2416 σύνη
1165 2381 1213 2407 καὶ
1240 2381 1399 2416 δικαιοσύνη
1425 2382 1471 2409 καὶ
1494 2381 1697 2417 φιλανθρωπία,
1725 2380 1773 2407 καὶ
1798 2377 1843 2405 τῶν

1070 2425 1157 2453 ἄλλων
1178 2427 1192 2452 ὁ
1213 2425 1353 2462 σύστοιχος
1367 2426 1457 2462 χορός.

242 2483 296 2512 que
326 2477 452 2508 virtutes.
478 2475 573 2510 quales
594 2478 658 2502 sunt
684 2474 869 2509 eleemosyna,
895 2472 1011 2508 justitia,
1033 2472 1207 2506 humanitas,
1240 2478 1267 2500 ct
1295 2473 1461 2508 reliquarum
1486 2472 1539 2500 illis
1568 2471 1700 2500 similium
1732 2473 1847 2498 coronam

235 2522 476 2558 reprazsetttaltant.

267 2589 289 2606 “
300 2587 400 2616 Jerem.
414 2594 490 2620 xxxi,
507 2585 553 2614 22.
590 2588 612 2603 ’⁷
625 2587 696 2615 Psal.
714 2594 818 2620 Lxxvn,
834 2586 878 2614 78.

1007 2632 1123 2662 ΝΟΤίΕ.

283 2695 326 2729 10)
340 2694 437 2722 Phrasi
454 2694 540 2722 utitur
552 2692 664 2721 Paulina
679 2692 689 2719 I
703 2693 767 2721 Cor.
781 2700 821 2727 at,
837 2692 879 2720 l0.

1086 2691 1408 2729 nalisxsseééuoetute

284 2765 328 2799 η)
342 2765 432 2793 Malim
446 2765 564 2799 κεφαλή.

286 2798 329 2836 15)
346 2800 423 2830 Coll).
444 2798 492 2835 pro
505 2798 558 2826 ὑπὸ
572 2798 681 2836 αὐτούς.

283 2695 315 2723 10
340 2695 437 2722 Phrasi
454 2695 540 2722 utitur
552 2695 664 2721 Paulina
680 2695 689 2719 I
703 2695 719 2720 ε

283 2731 311 2758 lt
340 2730 385 2758 Sic
395 2729 485 2758 scribo
501 2737 551 2764 pro
564 2729 719 2765 ἀφόριστος.

284 2766 318 2793 η
342 2765 432 2793 Malim
446 2764 564 2826 κεφαλίὲ.

286 2802 329 2836 15)
346 2800 423 2838 Qolb.
444 2807 492 2838 pro
505 2799 543 2826 ὑπ
572 2798 681 2838 αὐτούς.
701 2834 711 2838 Δ

273 2833 330 2873 (tt)
348 2836 394 2865 Sic
410 2833 500 2865 scribo
530 2842 579 2869 pro
599 2833 823 2871 καθαριθμήζειν,
851 2834 904 2862 nisi
932 2833 1013 2862 scribi

1111 2701 1156 2720 HIS
1166 2701 1408 2729 καταρρυυμησαι.
1481 2701 1492 2711 ⁸

1111 2727 1168 2764 (15)
1187 2727 1238 2755 Ubi
1250 2733 1341 2756 tamen
1357 2727 1436 2756 hodie
1448 2727 1521 2764 apud
1533 2726 1596 2760 τοὺς
1609 2725 1680 2754 LXX
1697 2724 1789 2760 legitur
1810 2718 1844 2749 δὸς

1076 2763 1222 2834 Ιπῖίὲῗςίιο
1242 2798 1340 2835 scripsi
1351 2806 1400 2835 pro
1416 2798 1611 2835 ἐμερίσθησαν,
1635 2794 1733 2832 pendet
1743 2793 1809 2823 enim
1818 2787 1844 2815 Ib

1069 2832 1246 2863 antecedente
1260 2832 1444 2869 προήλθομεν.
